timestamp,recv_time,price,volume,aggressor_side,buyer,seller,trade_id
2026-07-04T21:00:00.100828,2026-07-04T21:00:00.088914+00:00,127.9,50,ask,DiligentDonuts,FlawlessFlatbreads,7481563
2026-07-04T21:00:00.729925,2026-07-04T21:00:00.741626+00:00,128.3,42,bid,CostlyCorianders,EarnestEspressos,7481576
2026-07-04T21:00:01.338344,2026-07-04T21:00:01.349564+00:00,128.2,45,bid,CostlyCorianders,DiligentDonuts,7481583
2026-07-04T21:00:02.157670,2026-07-04T21:00:02.169881+00:00,128.2,50,bid,FlawlessFlatbreads,DiligentDonuts,7481596
2026-07-04T21:00:02.388932,2026-07-04T21:00:02.401194+00:00,127.8,46,ask,EarnestEspressos,CostlyCorianders,7481598
2026-07-04T21:00:04.317798,2026-07-04T21:00:04.329668+00:00,127.9,50,ask,DiligentDonuts,FlawlessFlatbreads,7481637
2026-07-04T21:00:06.428366,2026-07-04T21:00:06.439761+00:00,127.9,50,ask,DiligentDonuts,FlawlessFlatbreads,7481672
2026-07-04T21:00:08.474915,2026-07-04T21:00:08.486651+00:00,128.1,43,bid,CostlyCorianders,DiligentDonuts,7481708
2026-07-04T21:00:08.533425,2026-07-04T21:00:08.545014+00:00,127.8,50,ask,EarnestEspressos,FlawlessFlatbreads,7481710
2026-07-04T21:00:10.472609,2026-07-04T21:00:10.484562+00:00,127.5,47,ask,EarnestEspressos,CostlyCorianders,7481744
2026-07-04T21:00:10.589307,2026-07-04T21:00:10.599236+00:00,128.0,50,bid,FlawlessFlatbreads,EarnestEspressos,7481748
2026-07-04T21:00:11.522097,2026-07-04T21:00:11.534171+00:00,128.0,42,bid,CostlyCorianders,EarnestEspressos,7481770
2026-07-04T21:00:11.995450,2026-07-04T21:00:12.007425+00:00,128.0,44,bid,CostlyCorianders,EarnestEspressos,7481782
2026-07-04T21:00:12.695249,2026-07-04T21:00:12.702484+00:00,128.0,14,bid,FlawlessFlatbreads,EarnestEspressos,7481795
2026-07-04T21:00:12.695249,2026-07-04T21:00:12.707480+00:00,128.2,36,bid,FlawlessFlatbreads,DiligentDonuts,7481796
2026-07-04T21:00:13.514616,2026-07-04T21:00:13.528071+00:00,127.8,47,ask,EarnestEspressos,CostlyCorianders,7481808
2026-07-04T21:00:14.085752,2026-07-04T21:00:14.097433+00:00,128.1,41,bid,CostlyCorianders,DiligentDonuts,7481816
2026-07-04T21:00:15.745529,2026-07-04T21:00:15.751613+00:00,127.8,44,ask,EarnestEspressos,CostlyCorianders,7481842
2026-07-04T21:00:16.905248,2026-07-04T21:00:16.915759+00:00,128.1,50,bid,FlawlessFlatbreads,EarnestEspressos,7481860
2026-07-04T21:00:18.362997,2026-07-04T21:00:18.373386+00:00,128.0,44,ask,DiligentDonuts,CostlyCorianders,7481892
2026-07-04T21:00:19.011746,2026-07-04T21:00:19.023720+00:00,128.1,50,bid,FlawlessFlatbreads,EarnestEspressos,7481896
2026-07-04T21:00:21.122315,2026-07-04T21:00:21.131641+00:00,128.4,50,bid,FlawlessFlatbreads,DiligentDonuts,7481924
2026-07-04T21:00:23.231416,2026-07-04T21:00:23.243012+00:00,128.4,50,bid,FlawlessFlatbreads,EarnestEspressos,7481958
2026-07-04T21:00:24.586385,2026-07-04T21:00:24.594154+00:00,128.4,45,bid,CostlyCorianders,EarnestEspressos,7481974
2026-07-04T21:00:25.339152,2026-07-04T21:00:25.351101+00:00,128.4,50,bid,FlawlessFlatbreads,EarnestEspressos,7481990
2026-07-04T21:00:25.530263,2026-07-04T21:00:25.537765+00:00,128.6,100,bid,EarnestEspressos,DiligentDonuts,7481991
2026-07-04T21:00:25.595499,2026-07-04T21:00:25.634521+00:00,128.6,34,ask,EarnestEspressos,Xuanyu Liu,7481992
2026-07-04T21:00:27.457144,2026-07-04T21:00:27.469076+00:00,128.6,16,ask,EarnestEspressos,CostlyCorianders,7482022
2026-07-04T21:00:27.457144,2026-07-04T21:00:27.469076+00:00,128.4,25,ask,DiligentDonuts,CostlyCorianders,7482023
2026-07-04T21:00:31.734345,2026-07-04T21:00:31.743197+00:00,128.4,50,ask,DiligentDonuts,FlawlessFlatbreads,7482078
2026-07-04T21:00:33.409427,2026-07-04T21:00:33.420771+00:00,128.6,48,bid,CostlyCorianders,EarnestEspressos,7482096
2026-07-04T21:00:33.841301,2026-07-04T21:00:33.853147+00:00,128.2,50,ask,DiligentDonuts,FlawlessFlatbreads,7482102
2026-07-04T21:00:34.981373,2026-07-04T21:00:34.989067+00:00,128.2,45,ask,DiligentDonuts,CostlyCorianders,7482121
2026-07-04T21:00:35.925200,2026-07-04T21:00:35.938921+00:00,128.5,11,bid,Xuanyu Liu,DiligentDonuts,7482133
2026-07-04T21:00:35.980340,2026-07-04T21:00:35.992523+00:00,128.3,50,ask,EarnestEspressos,FlawlessFlatbreads,7482137
2026-07-04T21:00:38.088677,2026-07-04T21:00:38.100389+00:00,128.3,50,ask,EarnestEspressos,FlawlessFlatbreads,7482165
2026-07-04T21:00:38.425211,2026-07-04T21:00:38.433726+00:00,128.0,43,ask,DiligentDonuts,CostlyCorianders,7482175
2026-07-04T21:00:39.368760,2026-07-04T21:00:39.377679+00:00,128.1,23,bid,Xuanyu Liu,DiligentDonuts,7482195
2026-07-04T21:00:40.166646,2026-07-04T21:00:40.174509+00:00,128.1,50,bid,FlawlessFlatbreads,DiligentDonuts,7482201
2026-07-04T21:00:42.265371,2026-07-04T21:00:42.277186+00:00,128.3,41,bid,CostlyCorianders,EarnestEspressos,7482240
2026-07-04T21:00:42.277204,2026-07-04T21:00:42.287642+00:00,128.3,50,bid,FlawlessFlatbreads,EarnestEspressos,7482242
2026-07-04T21:00:43.299105,2026-07-04T21:00:43.307169+00:00,128.3,11,bid,Xuanyu Liu,EarnestEspressos,7482256
2026-07-04T21:00:44.532060,2026-07-04T21:00:44.543820+00:00,128.4,100,bid,EarnestEspressos,DiligentDonuts,7482279
2026-07-04T21:00:44.615871,2026-07-04T21:00:44.625192+00:00,128.5,11,ask,EarnestEspressos,Xuanyu Liu,7482280
2026-07-04T21:00:45.664304,2026-07-04T21:00:45.671510+00:00,128.5,11,ask,EarnestEspressos,Xuanyu Liu,7482286
2026-07-04T21:00:46.544295,2026-07-04T21:00:46.556323+00:00,128.5,28,ask,EarnestEspressos,FlawlessFlatbreads,7482303
2026-07-04T21:00:46.544295,2026-07-04T21:00:46.556323+00:00,128.5,22,ask,DiligentDonuts,FlawlessFlatbreads,7482304
2026-07-04T21:00:47.749224,2026-07-04T21:00:47.755933+00:00,128.5,78,ask,DiligentDonuts,EarnestEspressos,7482315
2026-07-04T21:00:47.759551,2026-07-04T21:00:47.769002+00:00,128.3,11,bid,Xuanyu Liu,EarnestEspressos,7482316
2026-07-04T21:00:48.684108,2026-07-04T21:00:48.695233+00:00,128.2,50,ask,DiligentDonuts,FlawlessFlatbreads,7482331
2026-07-04T21:00:50.701624,2026-07-04T21:00:50.709603+00:00,128.2,48,ask,DiligentDonuts,CostlyCorianders,7482356
2026-07-04T21:00:50.790621,2026-07-04T21:00:50.802788+00:00,128.2,2,ask,DiligentDonuts,FlawlessFlatbreads,7482358
2026-07-04T21:00:50.790621,2026-07-04T21:00:50.802788+00:00,127.8,48,ask,EarnestEspressos,FlawlessFlatbreads,7482359
2026-07-04T21:00:51.592456,2026-07-04T21:00:51.603050+00:00,128.3,42,bid,CostlyCorianders,EarnestEspressos,7482371
2026-07-04T21:00:52.862446,2026-07-04T21:00:52.874435+00:00,128.1,50,bid,FlawlessFlatbreads,DiligentDonuts,7482385
2026-07-04T21:00:54.968366,2026-07-04T21:00:54.977591+00:00,128.0,50,bid,FlawlessFlatbreads,DiligentDonuts,7482423
2026-07-04T21:00:56.303887,2026-07-04T21:00:56.315830+00:00,128.0,42,bid,CostlyCorianders,DiligentDonuts,7482447
2026-07-04T21:00:57.086096,2026-07-04T21:00:57.094452+00:00,128.0,8,bid,Xuanyu Liu,DiligentDonuts,7482458
2026-07-04T21:00:57.479510,2026-07-04T21:00:57.491215+00:00,128.4,48,bid,CostlyCorianders,EarnestEspressos,7482465
2026-07-04T21:00:58.005650,2026-07-04T21:00:58.015606+00:00,128.1,48,ask,DiligentDonuts,CostlyCorianders,7482479
2026-07-04T21:00:59.120251,2026-07-04T21:00:59.132074+00:00,128.4,45,bid,CostlyCorianders,EarnestEspressos,7482487
2026-07-04T21:01:00.094483,2026-07-04T21:01:00.106258+00:00,128.1,42,ask,DiligentDonuts,CostlyCorianders,7482507
2026-07-04T21:01:00.353873,2026-07-04T21:01:00.362000+00:00,128.3,19,ask,EarnestEspressos,Xuanyu Liu,7482513
2026-07-04T21:01:01.164341,2026-07-04T21:01:01.175921+00:00,128.3,100,ask,EarnestEspressos,DiligentDonuts,7482522
2026-07-04T21:01:01.207629,2026-07-04T21:01:01.214620+00:00,128.3,31,ask,EarnestEspressos,CostlyCorianders,7482525
2026-07-04T21:01:01.207629,2026-07-04T21:01:01.220108+00:00,127.8,9,ask,DiligentDonuts,CostlyCorianders,7482526
2026-07-04T21:01:01.354068,2026-07-04T21:01:01.364017+00:00,127.8,50,ask,DiligentDonuts,FlawlessFlatbreads,7482529
2026-07-04T21:01:03.468017,2026-07-04T21:01:03.477768+00:00,127.8,41,ask,DiligentDonuts,FlawlessFlatbreads,7482568
2026-07-04T21:01:05.586011,2026-07-04T21:01:05.597118+00:00,128.1,50,ask,DiligentDonuts,FlawlessFlatbreads,7482607
2026-07-04T21:01:07.393163,2026-07-04T21:01:07.405550+00:00,128.2,11,bid,Xuanyu Liu,EarnestEspressos,7482642
2026-07-04T21:01:07.692824,2026-07-04T21:01:07.704673+00:00,128.1,50,ask,DiligentDonuts,FlawlessFlatbreads,7482645
2026-07-04T21:01:08.598264,2026-07-04T21:01:08.609474+00:00,128.2,49,bid,CostlyCorianders,EarnestEspressos,7482657
2026-07-04T21:01:09.559762,2026-07-04T21:01:09.568214+00:00,128.1,11,ask,DiligentDonuts,Xuanyu Liu,7482677
2026-07-04T21:01:09.587385,2026-07-04T21:01:09.593976+00:00,128.1,39,ask,DiligentDonuts,CostlyCorianders,7482681
2026-07-04T21:01:09.587385,2026-07-04T21:01:09.599470+00:00,127.7,10,ask,EarnestEspressos,CostlyCorianders,7482682
2026-07-04T21:01:09.914539,2026-07-04T21:01:09.922894+00:00,128.1,22,bid,Xuanyu Liu,EarnestEspressos,7482692
2026-07-04T21:01:11.129708,2026-07-04T21:01:11.141613+00:00,128.1,42,bid,CostlyCorianders,EarnestEspressos,7482720
2026-07-04T21:01:11.762589,2026-07-04T21:01:11.774342+00:00,128.1,43,bid,CostlyCorianders,EarnestEspressos,7482730
2026-07-04T21:01:11.933724,2026-07-04T21:01:11.963661+00:00,127.7,50,ask,DiligentDonuts,FlawlessFlatbreads,7482732
2026-07-04T21:01:12.762599,2026-07-04T21:01:12.774621+00:00,128.1,40,bid,CostlyCorianders,EarnestEspressos,7482743
2026-07-04T21:01:13.009852,2026-07-04T21:01:13.018651+00:00,128.2,100,bid,EarnestEspressos,DiligentDonuts,7482745
2026-07-04T21:01:13.072626,2026-07-04T21:01:13.081022+00:00,128.6,34,ask,EarnestEspressos,Xuanyu Liu,7482746
2026-07-04T21:01:13.475378,2026-07-04T21:01:13.482793+00:00,128.6,11,ask,EarnestEspressos,Xuanyu Liu,7482754
2026-07-04T21:01:13.820929,2026-07-04T21:01:13.839183+00:00,128.6,5,ask,EarnestEspressos,DiligentDonuts,7482762
2026-07-04T21:01:13.831028,2026-07-04T21:01:13.839183+00:00,128.1,34,bid,Xuanyu Liu,DiligentDonuts,7482763
2026-07-04T21:01:14.057099,2026-07-04T21:01:14.074412+00:00,127.6,50,ask,DiligentDonuts,FlawlessFlatbreads,7482771
2026-07-04T21:01:14.782209,2026-07-04T21:01:14.791560+00:00,128.1,11,bid,Xuanyu Liu,DiligentDonuts,7482787
2026-07-04T21:01:16.166236,2026-07-04T21:01:16.175905+00:00,127.6,50,ask,DiligentDonuts,FlawlessFlatbreads,7482802
2026-07-04T21:01:16.981708,2026-07-04T21:01:16.992636+00:00,127.9,100,ask,EarnestEspressos,DiligentDonuts,7482812
2026-07-04T21:01:18.286860,2026-07-04T21:01:18.296247+00:00,127.9,50,ask,EarnestEspressos,FlawlessFlatbreads,7482827
2026-07-04T21:01:19.394347,2026-07-04T21:01:19.403663+00:00,128.0,23,bid,Xuanyu Liu,EarnestEspressos,7482848
2026-07-04T21:01:20.015689,2026-07-04T21:01:20.023571+00:00,128.0,6,bid,Xuanyu Liu,EarnestEspressos,7482857
2026-07-04T21:01:20.094534,2026-07-04T21:01:20.103835+00:00,128.0,100,bid,DiligentDonuts,EarnestEspressos,7482860
2026-07-04T21:01:22.148349,2026-07-04T21:01:22.160426+00:00,127.5,47,ask,EarnestEspressos,CostlyCorianders,7482889
2026-07-04T21:01:22.445298,2026-07-04T21:01:22.458608+00:00,128.5,50,bid,FlawlessFlatbreads,DiligentDonuts,7482892
2026-07-04T21:01:23.847840,2026-07-04T21:01:23.863649+00:00,128.2,43,bid,CostlyCorianders,DiligentDonuts,7482917
2026-07-04T21:01:24.491796,2026-07-04T21:01:24.503488+00:00,127.9,47,ask,EarnestEspressos,CostlyCorianders,7482920
2026-07-04T21:01:24.552283,2026-07-04T21:01:24.564359+00:00,128.2,50,bid,FlawlessFlatbreads,DiligentDonuts,7482921
2026-07-04T21:01:26.342280,2026-07-04T21:01:26.348804+00:00,127.8,47,ask,EarnestEspressos,CostlyCorianders,7482936
2026-07-04T21:01:26.711390,2026-07-04T21:01:26.723104+00:00,128.2,50,ask,DiligentDonuts,FlawlessFlatbreads,7482943
2026-07-04T21:01:27.395929,2026-07-04T21:01:27.405001+00:00,128.3,43,bid,CostlyCorianders,EarnestEspressos,7482948
2026-07-04T21:01:28.054815,2026-07-04T21:01:28.062530+00:00,128.2,6,ask,DiligentDonuts,Xuanyu Liu,7482962
2026-07-04T21:01:28.767973,2026-07-04T21:01:28.776605+00:00,128.7,50,bid,FlawlessFlatbreads,DiligentDonuts,7482969
2026-07-04T21:01:29.001644,2026-07-04T21:01:29.011494+00:00,128.2,44,ask,DiligentDonuts,CostlyCorianders,7482971
2026-07-04T21:01:29.001644,2026-07-04T21:01:29.011494+00:00,127.8,2,ask,EarnestEspressos,CostlyCorianders,7482972
2026-07-04T21:01:30.874963,2026-07-04T21:01:30.883008+00:00,128.3,50,bid,FlawlessFlatbreads,EarnestEspressos,7482994
2026-07-04T21:01:31.674702,2026-07-04T21:01:31.683188+00:00,128.1,41,ask,DiligentDonuts,CostlyCorianders,7483018
2026-07-04T21:01:32.249953,2026-07-04T21:01:32.252378+00:00,128.4,48,bid,CostlyCorianders,EarnestEspressos,7483026
2026-07-04T21:01:32.838845,2026-07-04T21:01:32.846112+00:00,128.3,46,bid,CostlyCorianders,DiligentDonuts,7483031
2026-07-04T21:01:32.979694,2026-07-04T21:01:32.991276+00:00,128.3,50,bid,FlawlessFlatbreads,DiligentDonuts,7483036
2026-07-04T21:01:33.437715,2026-07-04T21:01:33.458573+00:00,127.9,45,ask,EarnestEspressos,CostlyCorianders,7483042
2026-07-04T21:01:35.088653,2026-07-04T21:01:35.099777+00:00,128.3,4,bid,FlawlessFlatbreads,DiligentDonuts,7483058
2026-07-04T21:01:37.194255,2026-07-04T21:01:37.206272+00:00,128.5,50,bid,FlawlessFlatbreads,EarnestEspressos,7483101
2026-07-04T21:01:37.647957,2026-07-04T21:01:37.654492+00:00,128.2,49,ask,DiligentDonuts,CostlyCorianders,7483109
2026-07-04T21:01:39.167353,2026-07-04T21:01:39.179361+00:00,128.7,40,bid,CostlyCorianders,EarnestEspressos,7483124
2026-07-04T21:01:39.302482,2026-07-04T21:01:39.314418+00:00,128.7,50,bid,FlawlessFlatbreads,EarnestEspressos,7483125
2026-07-04T21:01:41.411493,2026-07-04T21:01:41.422799+00:00,128.7,50,bid,FlawlessFlatbreads,EarnestEspressos,7483164
2026-07-04T21:01:41.472346,2026-07-04T21:01:41.484180+00:00,128.7,100,bid,EarnestEspressos,DiligentDonuts,7483165
2026-07-04T21:01:41.540773,2026-07-04T21:01:41.549087+00:00,128.9,50,ask,EarnestEspressos,Xuanyu Liu,7483166
2026-07-04T21:01:43.518297,2026-07-04T21:01:43.528430+00:00,129.0,50,bid,FlawlessFlatbreads,DiligentDonuts,7483198
2026-07-04T21:01:44.406064,2026-07-04T21:01:44.417756+00:00,128.5,42,ask,DiligentDonuts,CostlyCorianders,7483214
2026-07-04T21:01:44.687027,2026-07-04T21:01:44.694769+00:00,128.5,58,ask,DiligentDonuts,EarnestEspressos,7483217
2026-07-04T21:01:45.626861,2026-07-04T21:01:45.638620+00:00,128.5,50,bid,FlawlessFlatbreads,EarnestEspressos,7483228
2026-07-04T21:01:47.734414,2026-07-04T21:01:47.746085+00:00,128.5,42,bid,FlawlessFlatbreads,EarnestEspressos,7483260
2026-07-04T21:01:47.734414,2026-07-04T21:01:47.746085+00:00,128.6,8,bid,FlawlessFlatbreads,DiligentDonuts,7483261
2026-07-04T21:01:48.610377,2026-07-04T21:01:48.618015+00:00,128.4,100,ask,EarnestEspressos,DiligentDonuts,7483277
2026-07-04T21:01:49.215623,2026-07-04T21:01:49.227192+00:00,128.4,44,ask,EarnestEspressos,CostlyCorianders,7483288
2026-07-04T21:01:49.849349,2026-07-04T21:01:49.858588+00:00,128.9,50,bid,FlawlessFlatbreads,EarnestEspressos,7483298
2026-07-04T21:01:51.962239,2026-07-04T21:01:51.974199+00:00,128.6,50,bid,FlawlessFlatbreads,EarnestEspressos,7483333
2026-07-04T21:01:53.625348,2026-07-04T21:01:53.636509+00:00,128.6,49,bid,CostlyCorianders,EarnestEspressos,7483351
2026-07-04T21:01:54.070335,2026-07-04T21:01:54.078431+00:00,128.8,50,bid,FlawlessFlatbreads,DiligentDonuts,7483356
2026-07-04T21:01:55.268251,2026-07-04T21:01:55.279121+00:00,128.6,47,ask,DiligentDonuts,CostlyCorianders,7483377
2026-07-04T21:01:55.427109,2026-07-04T21:01:55.435069+00:00,128.6,30,ask,DiligentDonuts,Xuanyu Liu,7483383
2026-07-04T21:01:56.177568,2026-07-04T21:01:56.186218+00:00,128.9,50,bid,FlawlessFlatbreads,EarnestEspressos,7483396
2026-07-04T21:01:58.094493,2026-07-04T21:01:58.106185+00:00,128.6,100,ask,EarnestEspressos,DiligentDonuts,7483424
2026-07-04T21:01:58.285479,2026-07-04T21:01:58.292503+00:00,129.1,50,bid,FlawlessFlatbreads,EarnestEspressos,7483427
2026-07-04T21:02:02.501462,2026-07-04T21:02:02.513112+00:00,128.8,50,bid,FlawlessFlatbreads,EarnestEspressos,7483486
2026-07-04T21:02:02.875949,2026-07-04T21:02:02.887598+00:00,128.8,41,bid,CostlyCorianders,EarnestEspressos,7483494
2026-07-04T21:02:03.620694,2026-07-04T21:02:03.628732+00:00,128.8,11,ask,EarnestEspressos,Xuanyu Liu,7483508
2026-07-04T21:02:04.662867,2026-07-04T21:02:04.675130+00:00,128.8,50,ask,EarnestEspressos,FlawlessFlatbreads,7483525
2026-07-04T21:02:06.777722,2026-07-04T21:02:06.785174+00:00,128.5,50,ask,DiligentDonuts,FlawlessFlatbreads,7483558
2026-07-04T21:02:09.030226,2026-07-04T21:02:09.041838+00:00,128.8,41,bid,CostlyCorianders,DiligentDonuts,7483593
2026-07-04T21:02:10.218546,2026-07-04T21:02:10.230178+00:00,128.8,43,bid,CostlyCorianders,DiligentDonuts,7483608
2026-07-04T21:02:11.016540,2026-07-04T21:02:11.028006+00:00,128.7,50,ask,EarnestEspressos,FlawlessFlatbreads,7483618
2026-07-04T21:02:12.128875,2026-07-04T21:02:12.140505+00:00,128.7,47,ask,EarnestEspressos,CostlyCorianders,7483638
2026-07-04T21:02:13.123056,2026-07-04T21:02:13.134550+00:00,128.6,50,ask,DiligentDonuts,FlawlessFlatbreads,7483656
2026-07-04T21:02:14.404167,2026-07-04T21:02:14.415759+00:00,128.5,42,ask,EarnestEspressos,CostlyCorianders,7483680
2026-07-04T21:02:14.941781,2026-07-04T21:02:14.953713+00:00,129.0,48,bid,CostlyCorianders,EarnestEspressos,7483693
2026-07-04T21:02:15.234473,2026-07-04T21:02:15.246286+00:00,128.5,50,ask,EarnestEspressos,FlawlessFlatbreads,7483695
2026-07-04T21:02:16.340973,2026-07-04T21:02:16.349193+00:00,128.6,11,bid,Xuanyu Liu,EarnestEspressos,7483715
2026-07-04T21:02:16.458266,2026-07-04T21:02:16.482876+00:00,128.5,46,ask,DiligentDonuts,CostlyCorianders,7483719
2026-07-04T21:02:16.470388,2026-07-04T21:02:16.482876+00:00,128.6,12,bid,Xuanyu Liu,EarnestEspressos,7483721
2026-07-04T21:02:17.341019,2026-07-04T21:02:17.352999+00:00,128.2,50,ask,DiligentDonuts,FlawlessFlatbreads,7483733
2026-07-04T21:02:19.449166,2026-07-04T21:02:19.463924+00:00,128.3,50,ask,EarnestEspressos,FlawlessFlatbreads,7483760
2026-07-04T21:02:21.559640,2026-07-04T21:02:21.567352+00:00,128.3,50,ask,EarnestEspressos,FlawlessFlatbreads,7483788
2026-07-04T21:02:21.895809,2026-07-04T21:02:21.903988+00:00,128.8,40,bid,CostlyCorianders,EarnestEspressos,7483797
2026-07-04T21:02:22.493701,2026-07-04T21:02:22.505280+00:00,128.8,46,bid,CostlyCorianders,EarnestEspressos,7483799
2026-07-04T21:02:23.674222,2026-07-04T21:02:23.685839+00:00,128.2,50,ask,DiligentDonuts,FlawlessFlatbreads,7483814
2026-07-04T21:02:25.781235,2026-07-04T21:02:25.792817+00:00,128.2,50,ask,DiligentDonuts,FlawlessFlatbreads,7483842
2026-07-04T21:02:26.568225,2026-07-04T21:02:26.576841+00:00,128.4,11,bid,Xuanyu Liu,DiligentDonuts,7483851
2026-07-04T21:02:26.962096,2026-07-04T21:02:26.969529+00:00,128.4,12,bid,Xuanyu Liu,DiligentDonuts,7483858
2026-07-04T21:02:27.359797,2026-07-04T21:02:27.367245+00:00,128.4,11,bid,Xuanyu Liu,DiligentDonuts,7483863
2026-07-04T21:02:27.890464,2026-07-04T21:02:27.900499+00:00,128.1,50,ask,EarnestEspressos,FlawlessFlatbreads,7483871
2026-07-04T21:02:29.309144,2026-07-04T21:02:29.321212+00:00,128.1,47,ask,EarnestEspressos,CostlyCorianders,7483882
2026-07-04T21:02:29.774628,2026-07-04T21:02:29.786360+00:00,128.6,47,bid,CostlyCorianders,EarnestEspressos,7483891
2026-07-04T21:02:29.995668,2026-07-04T21:02:30.007315+00:00,128.2,50,ask,DiligentDonuts,FlawlessFlatbreads,7483892
2026-07-04T21:02:31.463982,2026-07-04T21:02:31.470950+00:00,128.2,45,ask,DiligentDonuts,CostlyCorianders,7483915
2026-07-04T21:02:32.103676,2026-07-04T21:02:32.111935+00:00,128.2,5,ask,DiligentDonuts,FlawlessFlatbreads,7483922
2026-07-04T21:02:32.103676,2026-07-04T21:02:32.111935+00:00,128.1,45,ask,EarnestEspressos,FlawlessFlatbreads,7483923
2026-07-04T21:02:34.159005,2026-07-04T21:02:34.170585+00:00,128.4,50,bid,FlawlessFlatbreads,DiligentDonuts,7483950
2026-07-04T21:02:36.317687,2026-07-04T21:02:36.329147+00:00,128.0,50,ask,DiligentDonuts,FlawlessFlatbreads,7483981
2026-07-04T21:02:36.389230,2026-07-04T21:02:36.396317+00:00,128.4,11,bid,Xuanyu Liu,EarnestEspressos,7483983
2026-07-04T21:02:38.373559,2026-07-04T21:02:38.385174+00:00,128.5,50,bid,FlawlessFlatbreads,DiligentDonuts,7484012
2026-07-04T21:02:38.798899,2026-07-04T21:02:38.810360+00:00,128.5,43,bid,CostlyCorianders,DiligentDonuts,7484017
2026-07-04T21:02:39.401980,2026-07-04T21:02:39.409978+00:00,128.6,41,bid,CostlyCorianders,EarnestEspressos,7484019
2026-07-04T21:02:40.480422,2026-07-04T21:02:40.492062+00:00,128.6,50,bid,FlawlessFlatbreads,EarnestEspressos,7484031
2026-07-04T21:02:42.587178,2026-07-04T21:02:42.599176+00:00,128.8,50,bid,FlawlessFlatbreads,DiligentDonuts,7484054
2026-07-04T21:02:44.501675,2026-07-04T21:02:44.508381+00:00,128.5,46,ask,EarnestEspressos,CostlyCorianders,7484075
2026-07-04T21:02:44.695716,2026-07-04T21:02:44.707421+00:00,128.8,50,bid,FlawlessFlatbreads,DiligentDonuts,7484077
2026-07-04T21:02:46.802177,2026-07-04T21:02:46.809780+00:00,128.9,50,bid,FlawlessFlatbreads,EarnestEspressos,7484103
2026-07-04T21:02:48.848222,2026-07-04T21:02:48.854598+00:00,128.8,42,ask,DiligentDonuts,CostlyCorianders,7484123
2026-07-04T21:02:48.908264,2026-07-04T21:02:48.920029+00:00,129.1,50,bid,FlawlessFlatbreads,EarnestEspressos,7484124
2026-07-04T21:02:50.341719,2026-07-04T21:02:50.348602+00:00,129.1,43,bid,CostlyCorianders,EarnestEspressos,7484153
2026-07-04T21:02:50.396245,2026-07-04T21:02:50.408640+00:00,128.8,49,ask,DiligentDonuts,CostlyCorianders,7484155
2026-07-04T21:02:50.976519,2026-07-04T21:02:50.984749+00:00,128.8,9,ask,DiligentDonuts,CostlyCorianders,7484164
2026-07-04T21:02:51.017027,2026-07-04T21:02:51.028801+00:00,129.3,50,bid,FlawlessFlatbreads,DiligentDonuts,7484165
2026-07-04T21:02:51.060254,2026-07-04T21:02:51.068254+00:00,129.0,22,ask,EarnestEspressos,Xuanyu Liu,7484167
2026-07-04T21:02:51.560383,2026-07-04T21:02:51.567976+00:00,129.0,12,ask,EarnestEspressos,Xuanyu Liu,7484178
2026-07-04T21:02:51.923240,2026-07-04T21:02:51.935011+00:00,129.1,46,bid,CostlyCorianders,DiligentDonuts,7484186
2026-07-04T21:02:51.979621,2026-07-04T21:02:51.991555+00:00,129.0,48,ask,EarnestEspressos,CostlyCorianders,7484188
2026-07-04T21:02:52.898139,2026-07-04T21:02:52.909699+00:00,129.0,40,ask,EarnestEspressos,CostlyCorianders,7484195
2026-07-04T21:02:53.122076,2026-07-04T21:02:53.129294+00:00,129.1,50,bid,FlawlessFlatbreads,DiligentDonuts,7484199
2026-07-04T21:02:54.977076,2026-07-04T21:02:54.988647+00:00,129.0,100,bid,DiligentDonuts,EarnestEspressos,7484232
2026-07-04T21:02:55.228355,2026-07-04T21:02:55.240226+00:00,129.0,50,bid,FlawlessFlatbreads,EarnestEspressos,7484234
2026-07-04T21:02:57.392762,2026-07-04T21:02:57.401049+00:00,129.1,11,ask,EarnestEspressos,Xuanyu Liu,7484279
2026-07-04T21:02:58.212613,2026-07-04T21:02:58.224334+00:00,129.1,100,ask,EarnestEspressos,DiligentDonuts,7484302
2026-07-04T21:02:58.576118,2026-07-04T21:02:58.583746+00:00,129.6,48,bid,CostlyCorianders,EarnestEspressos,7484307
2026-07-04T21:02:59.495018,2026-07-04T21:02:59.504414+00:00,129.1,39,ask,EarnestEspressos,FlawlessFlatbreads,7484324
2026-07-04T21:02:59.495018,2026-07-04T21:02:59.504414+00:00,128.6,11,ask,DiligentDonuts,FlawlessFlatbreads,7484325
2026-07-04T21:03:01.092376,2026-07-04T21:03:01.100183+00:00,129.2,49,bid,CostlyCorianders,EarnestEspressos,7484347
2026-07-04T21:03:01.602452,2026-07-04T21:03:01.614190+00:00,128.9,50,ask,DiligentDonuts,FlawlessFlatbreads,7484354
2026-07-04T21:03:03.709927,2026-07-04T21:03:03.722825+00:00,129.1,50,ask,EarnestEspressos,FlawlessFlatbreads,7484390
2026-07-04T21:03:04.598539,2026-07-04T21:03:04.610646+00:00,129.1,48,ask,EarnestEspressos,CostlyCorianders,7484401
2026-07-04T21:03:05.815931,2026-07-04T21:03:05.825827+00:00,129.1,50,ask,EarnestEspressos,FlawlessFlatbreads,7484421
2026-07-04T21:03:06.931195,2026-07-04T21:03:06.939746+00:00,129.0,11,bid,Xuanyu Liu,EarnestEspressos,7484435
2026-07-04T21:03:07.503132,2026-07-04T21:03:07.513926+00:00,129.0,49,bid,CostlyCorianders,EarnestEspressos,7484442
2026-07-04T21:03:07.924102,2026-07-04T21:03:07.935639+00:00,128.8,50,ask,DiligentDonuts,FlawlessFlatbreads,7484449
2026-07-04T21:03:08.487911,2026-07-04T21:03:08.495750+00:00,128.8,45,ask,DiligentDonuts,CostlyCorianders,7484460
2026-07-04T21:03:08.873260,2026-07-04T21:03:08.880799+00:00,129.0,23,bid,Xuanyu Liu,EarnestEspressos,7484466
2026-07-04T21:03:09.980080,2026-07-04T21:03:09.990477+00:00,129.3,50,bid,FlawlessFlatbreads,DiligentDonuts,7484484
2026-07-04T21:03:12.101674,2026-07-04T21:03:12.111693+00:00,129.3,50,bid,FlawlessFlatbreads,DiligentDonuts,7484507
2026-07-04T21:03:13.547555,2026-07-04T21:03:13.559317+00:00,129.3,43,bid,CostlyCorianders,DiligentDonuts,7484534
2026-07-04T21:03:14.207085,2026-07-04T21:03:14.219217+00:00,129.6,50,bid,FlawlessFlatbreads,EarnestEspressos,7484541
2026-07-04T21:03:15.529542,2026-07-04T21:03:15.541170+00:00,129.3,43,ask,DiligentDonuts,CostlyCorianders,7484562
2026-07-04T21:03:16.399418,2026-07-04T21:03:16.411401+00:00,129.3,50,ask,DiligentDonuts,FlawlessFlatbreads,7484573
2026-07-04T21:03:18.454814,2026-07-04T21:03:18.466479+00:00,129.7,50,bid,FlawlessFlatbreads,DiligentDonuts,7484612
2026-07-04T21:03:19.022146,2026-07-04T21:03:19.033750+00:00,129.3,45,ask,EarnestEspressos,CostlyCorianders,7484617
2026-07-04T21:03:20.636938,2026-07-04T21:03:20.648464+00:00,129.2,50,ask,EarnestEspressos,FlawlessFlatbreads,7484641
2026-07-04T21:03:22.085021,2026-07-04T21:03:22.096968+00:00,129.7,43,bid,CostlyCorianders,EarnestEspressos,7484663
2026-07-04T21:03:22.742761,2026-07-04T21:03:22.750362+00:00,129.3,50,ask,EarnestEspressos,FlawlessFlatbreads,7484674
2026-07-04T21:03:23.001730,2026-07-04T21:03:23.013012+00:00,129.7,41,bid,CostlyCorianders,DiligentDonuts,7484676
2026-07-04T21:03:24.858859,2026-07-04T21:03:24.870566+00:00,129.4,50,ask,DiligentDonuts,FlawlessFlatbreads,7484714
2026-07-04T21:03:25.058285,2026-07-04T21:03:25.069981+00:00,129.4,40,ask,DiligentDonuts,CostlyCorianders,7484715
2026-07-04T21:03:25.459476,2026-07-04T21:03:25.467634+00:00,129.4,10,ask,DiligentDonuts,Xuanyu Liu,7484724
2026-07-04T21:03:27.233397,2026-07-04T21:03:27.240577+00:00,129.4,21,bid,Xuanyu Liu,EarnestEspressos,7484755
2026-07-04T21:03:28.590400,2026-07-04T21:03:28.597664+00:00,129.4,48,bid,CostlyCorianders,EarnestEspressos,7484773
2026-07-04T21:03:31.125901,2026-07-04T21:03:31.137700+00:00,129.8,50,bid,FlawlessFlatbreads,DiligentDonuts,7484811
2026-07-04T21:03:31.164855,2026-07-04T21:03:31.172737+00:00,129.4,11,ask,EarnestEspressos,Xuanyu Liu,7484812
2026-07-04T21:03:31.475572,2026-07-04T21:03:31.490147+00:00,129.4,45,ask,EarnestEspressos,CostlyCorianders,7484815
2026-07-04T21:03:33.234661,2026-07-04T21:03:33.246393+00:00,129.5,50,bid,FlawlessFlatbreads,EarnestEspressos,7484833
2026-07-04T21:03:33.943559,2026-07-04T21:03:33.955393+00:00,129.3,40,ask,DiligentDonuts,CostlyCorianders,7484845
2026-07-04T21:03:35.343179,2026-07-04T21:03:35.349613+00:00,129.8,50,bid,FlawlessFlatbreads,DiligentDonuts,7484862
2026-07-04T21:03:36.015727,2026-07-04T21:03:36.027469+00:00,129.7,44,bid,CostlyCorianders,EarnestEspressos,7484876
2026-07-04T21:03:37.449291,2026-07-04T21:03:37.463646+00:00,129.7,50,bid,FlawlessFlatbreads,EarnestEspressos,7484897
2026-07-04T21:03:38.544540,2026-07-04T21:03:38.556468+00:00,129.7,100,bid,EarnestEspressos,DiligentDonuts,7484932
2026-07-04T21:03:38.612601,2026-07-04T21:03:38.620782+00:00,129.8,11,ask,EarnestEspressos,Xuanyu Liu,7484933
2026-07-04T21:03:38.781281,2026-07-04T21:03:38.789557+00:00,129.8,12,ask,EarnestEspressos,Xuanyu Liu,7484936
2026-07-04T21:03:39.573102,2026-07-04T21:03:39.581716+00:00,130.2,50,bid,FlawlessFlatbreads,DiligentDonuts,7484947
2026-07-04T21:03:39.994068,2026-07-04T21:03:40.002752+00:00,129.8,11,ask,EarnestEspressos,Xuanyu Liu,7484956
2026-07-04T21:03:40.335521,2026-07-04T21:03:40.345052+00:00,129.8,12,ask,EarnestEspressos,Xuanyu Liu,7484967
2026-07-04T21:03:41.682440,2026-07-04T21:03:41.694149+00:00,130.2,50,bid,FlawlessFlatbreads,DiligentDonuts,7484984
2026-07-04T21:03:41.764182,2026-07-04T21:03:41.797102+00:00,129.7,100,ask,DiligentDonuts,EarnestEspressos,7484985
2026-07-04T21:03:41.784163,2026-07-04T21:03:41.797102+00:00,129.5,12,bid,Xuanyu Liu,EarnestEspressos,7484987
2026-07-04T21:03:42.411543,2026-07-04T21:03:42.418672+00:00,129.5,11,bid,Xuanyu Liu,EarnestEspressos,7485000
2026-07-04T21:03:42.441475,2026-07-04T21:03:42.452890+00:00,129.5,27,bid,DiligentDonuts,EarnestEspressos,7485002
2026-07-04T21:03:43.814006,2026-07-04T21:03:43.825456+00:00,130.0,50,bid,FlawlessFlatbreads,DiligentDonuts,7485023
2026-07-04T21:03:44.044894,2026-07-04T21:03:44.058608+00:00,129.5,43,ask,DiligentDonuts,CostlyCorianders,7485028
2026-07-04T21:03:45.385003,2026-07-04T21:03:45.395431+00:00,130.0,44,bid,CostlyCorianders,DiligentDonuts,7485046
2026-07-04T21:03:45.920799,2026-07-04T21:03:45.929741+00:00,130.1,50,bid,FlawlessFlatbreads,EarnestEspressos,7485055
2026-07-04T21:03:48.034622,2026-07-04T21:03:48.055346+00:00,130.2,50,bid,FlawlessFlatbreads,DiligentDonuts,7485083
2026-07-04T21:03:48.047269,2026-07-04T21:03:48.055346+00:00,129.9,23,ask,EarnestEspressos,Xuanyu Liu,7485084
2026-07-04T21:03:48.244280,2026-07-04T21:03:48.255983+00:00,129.9,42,ask,EarnestEspressos,CostlyCorianders,7485088
2026-07-04T21:03:48.740375,2026-07-04T21:03:48.751962+00:00,129.9,42,ask,EarnestEspressos,CostlyCorianders,7485092
2026-07-04T21:03:49.977517,2026-07-04T21:03:49.989325+00:00,130.4,49,bid,CostlyCorianders,EarnestEspressos,7485107
2026-07-04T21:03:50.141521,2026-07-04T21:03:50.153098+00:00,130.4,50,bid,FlawlessFlatbreads,EarnestEspressos,7485109
2026-07-04T21:03:50.484933,2026-07-04T21:03:50.494942+00:00,130.4,45,bid,CostlyCorianders,EarnestEspressos,7485115
2026-07-04T21:03:51.073622,2026-07-04T21:03:51.085372+00:00,129.9,43,ask,EarnestEspressos,CostlyCorianders,7485126
2026-07-04T21:03:51.073622,2026-07-04T21:03:51.085372+00:00,129.9,1,ask,DiligentDonuts,CostlyCorianders,7485127
2026-07-04T21:03:52.249759,2026-07-04T21:03:52.252555+00:00,130.5,50,bid,FlawlessFlatbreads,EarnestEspressos,7485149
2026-07-04T21:03:54.356346,2026-07-04T21:03:54.358547+00:00,130.5,50,bid,FlawlessFlatbreads,DiligentDonuts,7485168
2026-07-04T21:03:54.372411,2026-07-04T21:03:54.380387+00:00,130.2,14,ask,EarnestEspressos,Xuanyu Liu,7485169
2026-07-04T21:03:58.618953,2026-07-04T21:03:58.630869+00:00,130.3,50,ask,EarnestEspressos,FlawlessFlatbreads,7485240
2026-07-04T21:04:00.563171,2026-07-04T21:04:00.571793+00:00,130.3,3,ask,EarnestEspressos,Xuanyu Liu,7485261
2026-07-04T21:04:00.767125,2026-07-04T21:04:00.778825+00:00,130.3,100,ask,DiligentDonuts,EarnestEspressos,7485264
2026-07-04T21:04:02.348858,2026-07-04T21:04:02.384399+00:00,130.1,3,bid,Xuanyu Liu,DiligentDonuts,7485289
2026-07-04T21:04:02.781918,2026-07-04T21:04:02.790774+00:00,130.1,50,bid,FlawlessFlatbreads,DiligentDonuts,7485303
2026-07-04T21:04:03.547767,2026-07-04T21:04:03.563796+00:00,129.7,45,ask,EarnestEspressos,CostlyCorianders,7485310
2026-07-04T21:04:04.941698,2026-07-04T21:04:04.953396+00:00,130.0,50,ask,EarnestEspressos,FlawlessFlatbreads,7485326
2026-07-04T21:04:05.791766,2026-07-04T21:04:05.803747+00:00,130.3,46,bid,CostlyCorianders,DiligentDonuts,7485341
2026-07-04T21:04:06.827264,2026-07-04T21:04:06.839237+00:00,130.3,46,bid,CostlyCorianders,DiligentDonuts,7485350
2026-07-04T21:04:07.062209,2026-07-04T21:04:07.074072+00:00,129.9,50,ask,EarnestEspressos,FlawlessFlatbreads,7485355
2026-07-04T21:04:07.345861,2026-07-04T21:04:07.357504+00:00,129.9,48,ask,EarnestEspressos,CostlyCorianders,7485358
2026-07-04T21:04:09.015904,2026-07-04T21:04:09.028968+00:00,130.3,3,ask,DiligentDonuts,Xuanyu Liu,7485384
2026-07-04T21:04:09.119390,2026-07-04T21:04:09.126447+00:00,130.4,50,bid,FlawlessFlatbreads,EarnestEspressos,7485395
2026-07-04T21:04:10.228387,2026-07-04T21:04:10.238939+00:00,130.3,23,ask,DiligentDonuts,Xuanyu Liu,7485407
2026-07-04T21:04:10.254402,2026-07-04T21:04:10.264927+00:00,130.3,74,ask,DiligentDonuts,EarnestEspressos,7485411
2026-07-04T21:04:10.266122,2026-07-04T21:04:10.275722+00:00,130.1,12,bid,Xuanyu Liu,EarnestEspressos,7485412
2026-07-04T21:04:10.801113,2026-07-04T21:04:10.808920+00:00,130.1,11,bid,Xuanyu Liu,EarnestEspressos,7485421
2026-07-04T21:04:11.224873,2026-07-04T21:04:11.233335+00:00,130.1,50,bid,FlawlessFlatbreads,EarnestEspressos,7485430
2026-07-04T21:04:12.632422,2026-07-04T21:04:12.640292+00:00,130.1,3,bid,Xuanyu Liu,EarnestEspressos,7485452
2026-07-04T21:04:13.087080,2026-07-04T21:04:13.096873+00:00,130.2,40,bid,CostlyCorianders,DiligentDonuts,7485466
2026-07-04T21:04:13.331034,2026-07-04T21:04:13.342967+00:00,130.2,50,bid,FlawlessFlatbreads,DiligentDonuts,7485469
2026-07-04T21:04:13.364527,2026-07-04T21:04:13.376399+00:00,130.2,10,bid,EarnestEspressos,DiligentDonuts,7485470
2026-07-04T21:04:15.069819,2026-07-04T21:04:15.078051+00:00,130.5,3,ask,EarnestEspressos,Xuanyu Liu,7485489
2026-07-04T21:04:15.488747,2026-07-04T21:04:15.496006+00:00,130.5,50,ask,EarnestEspressos,FlawlessFlatbreads,7485497
2026-07-04T21:04:19.180871,2026-07-04T21:04:19.190443+00:00,130.3,46,ask,DiligentDonuts,CostlyCorianders,7485554
2026-07-04T21:04:19.646986,2026-07-04T21:04:19.663669+00:00,130.8,50,bid,FlawlessFlatbreads,DiligentDonuts,7485564
2026-07-04T21:04:21.310064,2026-07-04T21:04:21.321758+00:00,130.3,47,ask,DiligentDonuts,CostlyCorianders,7485583
2026-07-04T21:04:22.828870,2026-07-04T21:04:22.840512+00:00,130.8,49,bid,CostlyCorianders,DiligentDonuts,7485611
2026-07-04T21:04:23.911625,2026-07-04T21:04:23.923351+00:00,130.5,50,ask,DiligentDonuts,FlawlessFlatbreads,7485619
2026-07-04T21:04:25.968929,2026-07-04T21:04:25.979738+00:00,130.8,50,bid,FlawlessFlatbreads,EarnestEspressos,7485644
2026-07-04T21:04:26.411590,2026-07-04T21:04:26.423300+00:00,130.5,43,ask,DiligentDonuts,CostlyCorianders,7485658
2026-07-04T21:04:28.074759,2026-07-04T21:04:28.086629+00:00,130.7,50,bid,FlawlessFlatbreads,DiligentDonuts,7485688
2026-07-04T21:04:29.048079,2026-07-04T21:04:29.058202+00:00,130.5,45,ask,EarnestEspressos,CostlyCorianders,7485707
2026-07-04T21:04:30.232931,2026-07-04T21:04:30.240321+00:00,130.3,50,ask,EarnestEspressos,FlawlessFlatbreads,7485717
2026-07-04T21:04:30.736038,2026-07-04T21:04:30.744058+00:00,130.8,42,bid,CostlyCorianders,EarnestEspressos,7485729
2026-07-04T21:04:31.867732,2026-07-04T21:04:31.879551+00:00,130.8,42,bid,CostlyCorianders,EarnestEspressos,7485753
2026-07-04T21:04:31.923610,2026-07-04T21:04:31.935331+00:00,130.3,46,ask,EarnestEspressos,CostlyCorianders,7485755
2026-07-04T21:04:34.442700,2026-07-04T21:04:34.448485+00:00,130.3,50,ask,DiligentDonuts,FlawlessFlatbreads,7485790
2026-07-04T21:04:35.552187,2026-07-04T21:04:35.564018+00:00,130.8,43,bid,CostlyCorianders,DiligentDonuts,7485805
2026-07-04T21:04:37.074549,2026-07-04T21:04:37.086358+00:00,130.3,46,ask,EarnestEspressos,CostlyCorianders,7485834
2026-07-04T21:04:38.605772,2026-07-04T21:04:38.614418+00:00,130.8,50,bid,FlawlessFlatbreads,EarnestEspressos,7485851
2026-07-04T21:04:40.410383,2026-07-04T21:04:40.422151+00:00,130.5,40,bid,CostlyCorianders,DiligentDonuts,7485874
2026-07-04T21:04:40.779457,2026-07-04T21:04:40.791178+00:00,130.1,50,ask,EarnestEspressos,FlawlessFlatbreads,7485890
2026-07-04T21:04:41.910014,2026-07-04T21:04:41.918122+00:00,130.3,3,bid,Xuanyu Liu,EarnestEspressos,7485903
2026-07-04T21:04:42.526520,2026-07-04T21:04:42.535393+00:00,130.3,100,bid,DiligentDonuts,EarnestEspressos,7485911
2026-07-04T21:04:42.886827,2026-07-04T21:04:42.898491+00:00,129.8,50,ask,EarnestEspressos,FlawlessFlatbreads,7485916
2026-07-04T21:04:45.520422,2026-07-04T21:04:45.529340+00:00,130.1,48,ask,EarnestEspressos,CostlyCorianders,7485967
2026-07-04T21:04:47.100790,2026-07-04T21:04:47.108285+00:00,130.1,50,ask,EarnestEspressos,FlawlessFlatbreads,7485983
2026-07-04T21:04:47.888338,2026-07-04T21:04:47.898574+00:00,130.4,47,bid,CostlyCorianders,DiligentDonuts,7485993
2026-07-04T21:04:49.207752,2026-07-04T21:04:49.219489+00:00,130.0,50,ask,DiligentDonuts,FlawlessFlatbreads,7486011
2026-07-04T21:04:50.841002,2026-07-04T21:04:50.847672+00:00,130.4,45,bid,CostlyCorianders,EarnestEspressos,7486026
2026-07-04T21:04:50.894840,2026-07-04T21:04:50.906759+00:00,130.0,43,ask,DiligentDonuts,CostlyCorianders,7486027
2026-07-04T21:04:51.314865,2026-07-04T21:04:51.326786+00:00,130.0,7,ask,DiligentDonuts,FlawlessFlatbreads,7486035
2026-07-04T21:04:51.495365,2026-07-04T21:04:51.505128+00:00,129.9,43,ask,EarnestEspressos,CostlyCorianders,7486036
2026-07-04T21:04:53.421394,2026-07-04T21:04:53.429293+00:00,129.9,50,ask,EarnestEspressos,FlawlessFlatbreads,7486050
2026-07-04T21:04:55.527318,2026-07-04T21:04:55.539337+00:00,129.9,50,ask,DiligentDonuts,FlawlessFlatbreads,7486075
2026-07-04T21:04:55.732860,2026-07-04T21:04:55.744417+00:00,130.1,44,bid,CostlyCorianders,EarnestEspressos,7486079
2026-07-04T21:04:57.381930,2026-07-04T21:04:57.393472+00:00,130.1,48,bid,CostlyCorianders,EarnestEspressos,7486104
2026-07-04T21:04:57.631929,2026-07-04T21:04:57.643494+00:00,129.9,50,ask,DiligentDonuts,FlawlessFlatbreads,7486107
2026-07-04T21:04:59.686432,2026-07-04T21:04:59.694485+00:00,130.2,50,bid,FlawlessFlatbreads,DiligentDonuts,7486137
2026-07-04T21:05:00.937284,2026-07-04T21:05:00.948899+00:00,130.0,42,ask,EarnestEspressos,CostlyCorianders,7486152
2026-07-04T21:05:01.793462,2026-07-04T21:05:01.805416+00:00,130.3,50,bid,FlawlessFlatbreads,DiligentDonuts,7486165
2026-07-04T21:05:03.113913,2026-07-04T21:05:03.125712+00:00,130.0,44,ask,EarnestEspressos,CostlyCorianders,7486178
2026-07-04T21:05:03.901980,2026-07-04T21:05:03.912387+00:00,130.3,50,bid,FlawlessFlatbreads,DiligentDonuts,7486191
2026-07-04T21:05:04.167452,2026-07-04T21:05:04.176373+00:00,130.0,14,bid,Xuanyu Liu,EarnestEspressos,7486197
2026-07-04T21:05:04.601124,2026-07-04T21:05:04.608038+00:00,130.0,43,bid,CostlyCorianders,EarnestEspressos,7486203
2026-07-04T21:05:04.649886,2026-07-04T21:05:04.656442+00:00,130.0,93,bid,DiligentDonuts,EarnestEspressos,7486204
2026-07-04T21:05:05.246692,2026-07-04T21:05:05.254432+00:00,130.1,7,ask,DiligentDonuts,CostlyCorianders,7486212
2026-07-04T21:05:06.009112,2026-07-04T21:05:06.016294+00:00,130.6,50,bid,FlawlessFlatbreads,DiligentDonuts,7486218
2026-07-04T21:05:07.148450,2026-07-04T21:05:07.155971+00:00,130.3,11,ask,EarnestEspressos,Xuanyu Liu,7486238
2026-07-04T21:05:08.166935,2026-07-04T21:05:08.176820+00:00,130.3,50,ask,EarnestEspressos,FlawlessFlatbreads,7486247
2026-07-04T21:05:09.611540,2026-07-04T21:05:09.619705+00:00,130.3,3,ask,EarnestEspressos,Xuanyu Liu,7486280
2026-07-04T21:05:09.704291,2026-07-04T21:05:09.714133+00:00,130.3,49,ask,EarnestEspressos,CostlyCorianders,7486282
2026-07-04T21:05:10.282633,2026-07-04T21:05:10.294585+00:00,130.0,50,ask,DiligentDonuts,FlawlessFlatbreads,7486289
2026-07-04T21:05:10.710839,2026-07-04T21:05:10.722435+00:00,130.3,3,bid,Xuanyu Liu,EarnestEspressos,7486300
2026-07-04T21:05:11.280633,2026-07-04T21:05:11.290056+00:00,130.3,41,bid,CostlyCorianders,EarnestEspressos,7486313
2026-07-04T21:05:14.498292,2026-07-04T21:05:14.510197+00:00,130.0,50,ask,EarnestEspressos,FlawlessFlatbreads,7486362
2026-07-04T21:05:16.194277,2026-07-04T21:05:16.206998+00:00,130.2,45,bid,CostlyCorianders,DiligentDonuts,7486397
2026-07-04T21:05:16.604860,2026-07-04T21:05:16.617101+00:00,129.7,50,ask,DiligentDonuts,FlawlessFlatbreads,7486405
2026-07-04T21:05:18.194202,2026-07-04T21:05:18.205974+00:00,129.8,49,ask,EarnestEspressos,CostlyCorianders,7486429
2026-07-04T21:05:18.711730,2026-07-04T21:05:18.721301+00:00,129.8,50,ask,EarnestEspressos,FlawlessFlatbreads,7486434
2026-07-04T21:05:19.762877,2026-07-04T21:05:19.774547+00:00,130.2,40,bid,CostlyCorianders,DiligentDonuts,7486449
2026-07-04T21:05:19.863813,2026-07-04T21:05:19.873304+00:00,129.8,11,bid,Xuanyu Liu,EarnestEspressos,7486454
2026-07-04T21:05:19.895828,2026-07-04T21:05:19.905303+00:00,129.8,12,bid,Xuanyu Liu,EarnestEspressos,7486458
2026-07-04T21:05:20.497370,2026-07-04T21:05:20.504140+00:00,129.8,100,bid,DiligentDonuts,EarnestEspressos,7486469
2026-07-04T21:05:20.818008,2026-07-04T21:05:20.829773+00:00,129.3,50,ask,EarnestEspressos,FlawlessFlatbreads,7486470
2026-07-04T21:05:21.689616,2026-07-04T21:05:21.700505+00:00,129.8,27,bid,CostlyCorianders,EarnestEspressos,7486489
2026-07-04T21:05:21.689616,2026-07-04T21:05:21.700505+00:00,130.3,21,bid,CostlyCorianders,DiligentDonuts,7486490
2026-07-04T21:05:22.874572,2026-07-04T21:05:22.882235+00:00,130.3,50,bid,FlawlessFlatbreads,DiligentDonuts,7486512
2026-07-04T21:05:23.390125,2026-07-04T21:05:23.400371+00:00,129.8,45,ask,EarnestEspressos,CostlyCorianders,7486521
2026-07-04T21:05:24.955971,2026-07-04T21:05:24.966046+00:00,129.8,49,ask,EarnestEspressos,CostlyCorianders,7486543
2026-07-04T21:05:24.984105,2026-07-04T21:05:24.995829+00:00,130.2,50,bid,FlawlessFlatbreads,DiligentDonuts,7486544
2026-07-04T21:05:26.150028,2026-07-04T21:05:26.158540+00:00,130.2,42,bid,CostlyCorianders,DiligentDonuts,7486560
2026-07-04T21:05:26.824219,2026-07-04T21:05:26.831725+00:00,130.0,100,bid,DiligentDonuts,EarnestEspressos,7486570
2026-07-04T21:05:27.092591,2026-07-04T21:05:27.101568+00:00,130.0,50,bid,FlawlessFlatbreads,EarnestEspressos,7486573
2026-07-04T21:05:29.202490,2026-07-04T21:05:29.210529+00:00,130.7,50,bid,FlawlessFlatbreads,DiligentDonuts,7486599
2026-07-04T21:05:30.000677,2026-07-04T21:05:30.012778+00:00,130.0,47,ask,EarnestEspressos,CostlyCorianders,7486614
2026-07-04T21:05:30.198209,2026-07-04T21:05:30.207375+00:00,130.0,12,ask,EarnestEspressos,Xuanyu Liu,7486617
2026-07-04T21:05:31.335492,2026-07-04T21:05:31.344227+00:00,130.4,50,bid,FlawlessFlatbreads,DiligentDonuts,7486637
2026-07-04T21:05:33.877915,2026-07-04T21:05:33.889746+00:00,130.3,43,bid,CostlyCorianders,EarnestEspressos,7486667
2026-07-04T21:05:35.042962,2026-07-04T21:05:35.051845+00:00,129.9,11,ask,DiligentDonuts,Xuanyu Liu,7486684
2026-07-04T21:05:35.498589,2026-07-04T21:05:35.505690+00:00,129.9,44,ask,DiligentDonuts,CostlyCorianders,7486692
2026-07-04T21:05:35.607234,2026-07-04T21:05:35.615063+00:00,129.9,45,ask,DiligentDonuts,FlawlessFlatbreads,7486697
2026-07-04T21:05:37.715594,2026-07-04T21:05:37.727042+00:00,129.7,50,ask,EarnestEspressos,FlawlessFlatbreads,7486729
2026-07-04T21:05:39.710287,2026-07-04T21:05:39.717223+00:00,130.2,44,bid,CostlyCorianders,EarnestEspressos,7486751
2026-07-04T21:05:41.443305,2026-07-04T21:05:41.449894+00:00,129.7,45,ask,EarnestEspressos,CostlyCorianders,7486772
2026-07-04T21:05:41.925193,2026-07-04T21:05:41.933442+00:00,129.7,50,ask,DiligentDonuts,FlawlessFlatbreads,7486779
2026-07-04T21:05:42.586063,2026-07-04T21:05:42.598033+00:00,130.1,42,bid,CostlyCorianders,EarnestEspressos,7486789
2026-07-04T21:05:43.446851,2026-07-04T21:05:43.470331+00:00,130.0,11,bid,Xuanyu Liu,DiligentDonuts,7486802
2026-07-04T21:05:44.045104,2026-07-04T21:05:44.053458+00:00,129.6,50,ask,EarnestEspressos,FlawlessFlatbreads,7486813
2026-07-04T21:05:45.196176,2026-07-04T21:05:45.208216+00:00,130.0,47,bid,CostlyCorianders,DiligentDonuts,7486827
2026-07-04T21:05:46.150892,2026-07-04T21:05:46.162750+00:00,129.7,50,ask,EarnestEspressos,FlawlessFlatbreads,7486843
2026-07-04T21:05:46.346878,2026-07-04T21:05:46.358611+00:00,129.7,46,ask,EarnestEspressos,CostlyCorianders,7486847
2026-07-04T21:05:48.207003,2026-07-04T21:05:48.216019+00:00,130.2,50,bid,FlawlessFlatbreads,EarnestEspressos,7486872
2026-07-04T21:05:48.290510,2026-07-04T21:05:48.300914+00:00,130.2,40,bid,CostlyCorianders,DiligentDonuts,7486873
2026-07-04T21:05:48.891657,2026-07-04T21:05:48.905468+00:00,130.0,40,bid,CostlyCorianders,EarnestEspressos,7486884
2026-07-04T21:05:50.395532,2026-07-04T21:05:50.407078+00:00,129.9,50,ask,DiligentDonuts,FlawlessFlatbreads,7486905
2026-07-04T21:05:52.510632,2026-07-04T21:05:52.521049+00:00,129.8,50,ask,DiligentDonuts,FlawlessFlatbreads,7486927
2026-07-04T21:05:54.616699,2026-07-04T21:05:54.628566+00:00,129.8,50,ask,DiligentDonuts,FlawlessFlatbreads,7486957
2026-07-04T21:05:54.992465,2026-07-04T21:05:55.001257+00:00,129.7,41,ask,EarnestEspressos,CostlyCorianders,7486966
2026-07-04T21:05:56.594894,2026-07-04T21:05:56.606467+00:00,130.0,12,bid,Xuanyu Liu,DiligentDonuts,7486988
2026-07-04T21:05:57.008431,2026-07-04T21:05:57.018660+00:00,130.0,40,bid,CostlyCorianders,DiligentDonuts,7486998
2026-07-04T21:05:58.800534,2026-07-04T21:05:58.812187+00:00,130.2,50,bid,FlawlessFlatbreads,EarnestEspressos,7487025
2026-07-04T21:05:59.674650,2026-07-04T21:05:59.682679+00:00,129.7,46,ask,EarnestEspressos,CostlyCorianders,7487031
2026-07-04T21:06:00.299830,2026-07-04T21:06:00.311561+00:00,129.7,40,ask,EarnestEspressos,CostlyCorianders,7487043
2026-07-04T21:06:00.905916,2026-07-04T21:06:00.917678+00:00,130.2,50,bid,FlawlessFlatbreads,DiligentDonuts,7487055
2026-07-04T21:06:01.009113,2026-07-04T21:06:01.017283+00:00,129.8,11,bid,Xuanyu Liu,EarnestEspressos,7487057
2026-07-04T21:06:01.596938,2026-07-04T21:06:01.612532+00:00,129.8,12,bid,Xuanyu Liu,EarnestEspressos,7487061
2026-07-04T21:06:01.666594,2026-07-04T21:06:01.673459+00:00,129.8,100,bid,DiligentDonuts,EarnestEspressos,7487064
2026-07-04T21:06:03.012098,2026-07-04T21:06:03.023818+00:00,129.8,27,bid,FlawlessFlatbreads,EarnestEspressos,7487086
2026-07-04T21:06:04.115224,2026-07-04T21:06:04.124828+00:00,130.1,23,ask,EarnestEspressos,Xuanyu Liu,7487100
2026-07-04T21:06:04.882720,2026-07-04T21:06:04.894424+00:00,130.1,100,ask,EarnestEspressos,DiligentDonuts,7487108
2026-07-04T21:06:05.169193,2026-07-04T21:06:05.181133+00:00,130.1,27,ask,EarnestEspressos,FlawlessFlatbreads,7487114
2026-07-04T21:06:05.169193,2026-07-04T21:06:05.181133+00:00,129.6,23,ask,DiligentDonuts,FlawlessFlatbreads,7487115
2026-07-04T21:06:07.283227,2026-07-04T21:06:07.295318+00:00,129.7,50,ask,EarnestEspressos,FlawlessFlatbreads,7487155
2026-07-04T21:06:09.394990,2026-07-04T21:06:09.404551+00:00,130.0,50,ask,DiligentDonuts,FlawlessFlatbreads,7487174
2026-07-04T21:06:09.467312,2026-07-04T21:06:09.475889+00:00,130.2,11,bid,Xuanyu Liu,EarnestEspressos,7487175
2026-07-04T21:06:10.156688,2026-07-04T21:06:10.168585+00:00,130.2,41,bid,CostlyCorianders,EarnestEspressos,7487187
2026-07-04T21:06:11.016988,2026-07-04T21:06:11.024550+00:00,130.3,12,bid,Xuanyu Liu,EarnestEspressos,7487198
2026-07-04T21:06:11.153452,2026-07-04T21:06:11.165302+00:00,130.3,100,bid,DiligentDonuts,EarnestEspressos,7487203
2026-07-04T21:06:11.501297,2026-07-04T21:06:11.511747+00:00,129.8,50,ask,EarnestEspressos,FlawlessFlatbreads,7487212
2026-07-04T21:06:12.859830,2026-07-04T21:06:12.871652+00:00,130.3,38,bid,CostlyCorianders,EarnestEspressos,7487232
2026-07-04T21:06:13.614113,2026-07-04T21:06:13.621337+00:00,130.3,50,ask,EarnestEspressos,FlawlessFlatbreads,7487242
2026-07-04T21:06:15.525258,2026-07-04T21:06:15.536883+00:00,130.4,48,bid,CostlyCorianders,DiligentDonuts,7487268
2026-07-04T21:06:15.669282,2026-07-04T21:06:15.677051+00:00,130.4,50,bid,FlawlessFlatbreads,DiligentDonuts,7487271
2026-07-04T21:06:17.775070,2026-07-04T21:06:17.786826+00:00,130.7,50,bid,FlawlessFlatbreads,DiligentDonuts,7487295
2026-07-04T21:06:19.934370,2026-07-04T21:06:19.945999+00:00,130.2,50,ask,DiligentDonuts,FlawlessFlatbreads,7487320
2026-07-04T21:06:19.943512,2026-07-04T21:06:19.951258+00:00,130.2,41,ask,DiligentDonuts,CostlyCorianders,7487321
2026-07-04T21:06:21.396668,2026-07-04T21:06:21.408615+00:00,130.1,49,ask,EarnestEspressos,CostlyCorianders,7487346
2026-07-04T21:06:24.147285,2026-07-04T21:06:24.153723+00:00,130.1,50,ask,DiligentDonuts,FlawlessFlatbreads,7487379
2026-07-04T21:06:25.436354,2026-07-04T21:06:25.446242+00:00,130.5,11,bid,Xuanyu Liu,EarnestEspressos,7487404
2026-07-04T21:06:25.887786,2026-07-04T21:06:25.899358+00:00,130.5,47,bid,CostlyCorianders,EarnestEspressos,7487411
2026-07-04T21:06:26.222212,2026-07-04T21:06:26.234095+00:00,130.6,50,bid,EarnestEspressos,DiligentDonuts,7487418
2026-07-04T21:06:26.240988,2026-07-04T21:06:26.263679+00:00,130.6,50,bid,FlawlessFlatbreads,DiligentDonuts,7487419
2026-07-04T21:06:27.121705,2026-07-04T21:06:27.131454+00:00,130.7,23,ask,EarnestEspressos,Xuanyu Liu,7487435
2026-07-04T21:06:28.332562,2026-07-04T21:06:28.340926+00:00,131.0,50,bid,FlawlessFlatbreads,DiligentDonuts,7487458
2026-07-04T21:06:30.223192,2026-07-04T21:06:30.234990+00:00,130.7,48,ask,DiligentDonuts,CostlyCorianders,7487483
2026-07-04T21:06:30.438268,2026-07-04T21:06:30.445184+00:00,130.8,50,bid,FlawlessFlatbreads,EarnestEspressos,7487484
2026-07-04T21:06:34.699769,2026-07-04T21:06:34.711642+00:00,130.6,50,ask,DiligentDonuts,FlawlessFlatbreads,7487545
2026-07-04T21:06:35.192367,2026-07-04T21:06:35.204075+00:00,131.0,46,bid,CostlyCorianders,EarnestEspressos,7487555
2026-07-04T21:06:36.805607,2026-07-04T21:06:36.817119+00:00,130.7,50,ask,EarnestEspressos,FlawlessFlatbreads,7487570
2026-07-04T21:06:37.410705,2026-07-04T21:06:37.422696+00:00,130.9,44,bid,CostlyCorianders,DiligentDonuts,7487582
2026-07-04T21:06:38.911537,2026-07-04T21:06:38.923449+00:00,130.6,50,ask,EarnestEspressos,FlawlessFlatbreads,7487598
2026-07-04T21:06:40.517783,2026-07-04T21:06:40.529788+00:00,130.7,42,ask,DiligentDonuts,CostlyCorianders,7487621
2026-07-04T21:06:41.009496,2026-07-04T21:06:41.021373+00:00,130.7,46,ask,DiligentDonuts,CostlyCorianders,7487626
2026-07-04T21:06:41.019983,2026-07-04T21:06:41.031589+00:00,130.7,12,ask,DiligentDonuts,FlawlessFlatbreads,7487627
2026-07-04T21:06:41.019983,2026-07-04T21:06:41.031589+00:00,130.6,38,ask,EarnestEspressos,FlawlessFlatbreads,7487628
2026-07-04T21:06:42.179504,2026-07-04T21:06:42.189336+00:00,130.8,12,bid,Xuanyu Liu,EarnestEspressos,7487647
2026-07-04T21:06:42.198659,2026-07-04T21:06:42.210103+00:00,130.8,47,bid,CostlyCorianders,EarnestEspressos,7487649
2026-07-04T21:06:43.437287,2026-07-04T21:06:43.448885+00:00,130.7,48,bid,CostlyCorianders,DiligentDonuts,7487666
2026-07-04T21:06:43.970408,2026-07-04T21:06:43.979432+00:00,130.3,40,ask,EarnestEspressos,CostlyCorianders,7487678
2026-07-04T21:06:45.202443,2026-07-04T21:06:45.214002+00:00,130.7,50,bid,FlawlessFlatbreads,DiligentDonuts,7487691
2026-07-04T21:06:45.657516,2026-07-04T21:06:45.665179+00:00,130.2,40,ask,DiligentDonuts,CostlyCorianders,7487698
2026-07-04T21:06:47.324658,2026-07-04T21:06:47.336256+00:00,130.7,50,bid,FlawlessFlatbreads,EarnestEspressos,7487714
2026-07-04T21:06:49.434042,2026-07-04T21:06:49.440601+00:00,130.7,50,bid,FlawlessFlatbreads,DiligentDonuts,7487747
2026-07-04T21:06:51.540258,2026-07-04T21:06:51.558577+00:00,130.7,50,bid,FlawlessFlatbreads,DiligentDonuts,7487763
2026-07-04T21:06:53.647779,2026-07-04T21:06:53.659960+00:00,130.8,50,bid,FlawlessFlatbreads,EarnestEspressos,7487790
2026-07-04T21:06:53.662203,2026-07-04T21:06:53.673738+00:00,130.6,49,ask,DiligentDonuts,CostlyCorianders,7487791
2026-07-04T21:06:54.622043,2026-07-04T21:06:54.634003+00:00,130.8,47,bid,CostlyCorianders,EarnestEspressos,7487802
2026-07-04T21:06:54.772706,2026-07-04T21:06:54.782176+00:00,130.8,12,ask,EarnestEspressos,Xuanyu Liu,7487803
2026-07-04T21:06:55.755964,2026-07-04T21:06:55.765441+00:00,130.9,50,bid,FlawlessFlatbreads,DiligentDonuts,7487822
2026-07-04T21:06:56.841349,2026-07-04T21:06:56.853014+00:00,130.9,40,bid,CostlyCorianders,DiligentDonuts,7487837
2026-07-04T21:06:57.861883,2026-07-04T21:06:57.873675+00:00,130.9,10,bid,FlawlessFlatbreads,DiligentDonuts,7487848
2026-07-04T21:06:57.861883,2026-07-04T21:06:57.873675+00:00,131.3,40,bid,FlawlessFlatbreads,EarnestEspressos,7487849
2026-07-04T21:06:59.972089,2026-07-04T21:06:59.981532+00:00,131.3,50,bid,FlawlessFlatbreads,EarnestEspressos,7487879
2026-07-04T21:07:00.541203,2026-07-04T21:07:00.558645+00:00,130.8,46,ask,EarnestEspressos,CostlyCorianders,7487891
2026-07-04T21:07:02.078499,2026-07-04T21:07:02.090270+00:00,131.3,50,bid,FlawlessFlatbreads,DiligentDonuts,7487914
2026-07-04T21:07:04.192073,2026-07-04T21:07:04.204177+00:00,131.3,50,bid,FlawlessFlatbreads,DiligentDonuts,7487954
2026-07-04T21:07:04.795506,2026-07-04T21:07:04.803596+00:00,131.0,23,ask,EarnestEspressos,Xuanyu Liu,7487966
2026-07-04T21:07:06.300604,2026-07-04T21:07:06.307721+00:00,131.5,50,bid,FlawlessFlatbreads,EarnestEspressos,7487984
2026-07-04T21:07:08.150580,2026-07-04T21:07:08.191023+00:00,131.3,11,ask,DiligentDonuts,Xuanyu Liu,7488001
2026-07-04T21:07:08.405429,2026-07-04T21:07:08.412415+00:00,131.6,50,bid,FlawlessFlatbreads,EarnestEspressos,7488005
2026-07-04T21:07:08.440943,2026-07-04T21:07:08.452739+00:00,131.3,43,ask,DiligentDonuts,CostlyCorianders,7488006
2026-07-04T21:07:09.390589,2026-07-04T21:07:09.397862+00:00,131.3,3,ask,DiligentDonuts,Xuanyu Liu,7488028
2026-07-04T21:07:10.511742,2026-07-04T21:07:10.523502+00:00,131.6,50,bid,FlawlessFlatbreads,EarnestEspressos,7488045
2026-07-04T21:07:10.619207,2026-07-04T21:07:10.628735+00:00,131.5,3,ask,EarnestEspressos,Xuanyu Liu,7488049
2026-07-04T21:07:11.352674,2026-07-04T21:07:11.364187+00:00,131.5,100,ask,EarnestEspressos,DiligentDonuts,7488062
2026-07-04T21:07:12.188497,2026-07-04T21:07:12.200386+00:00,131.5,25,ask,EarnestEspressos,Yinxuan Li,7488075
2026-07-04T21:07:12.625449,2026-07-04T21:07:12.637207+00:00,132.0,50,bid,FlawlessFlatbreads,EarnestEspressos,7488082
2026-07-04T21:07:13.030797,2026-07-04T21:07:13.045414+00:00,131.5,11,ask,EarnestEspressos,Xuanyu Liu,7488088
2026-07-04T21:07:13.967397,2026-07-04T21:07:13.975013+00:00,131.1,14,bid,Xuanyu Liu,EarnestEspressos,7488112
2026-07-04T21:07:14.586332,2026-07-04T21:07:14.594159+00:00,131.1,49,bid,CostlyCorianders,EarnestEspressos,7488118
2026-07-04T21:07:14.785866,2026-07-04T21:07:14.793887+00:00,131.0,50,ask,DiligentDonuts,FlawlessFlatbreads,7488121
2026-07-04T21:07:16.803288,2026-07-04T21:07:16.815202+00:00,131.0,49,ask,DiligentDonuts,CostlyCorianders,7488157
2026-07-04T21:07:16.893729,2026-07-04T21:07:16.900536+00:00,131.0,1,ask,DiligentDonuts,FlawlessFlatbreads,7488159
2026-07-04T21:07:18.949881,2026-07-04T21:07:18.956367+00:00,131.2,50,bid,FlawlessFlatbreads,DiligentDonuts,7488181
2026-07-04T21:07:22.028950,2026-07-04T21:07:22.039662+00:00,130.9,48,ask,EarnestEspressos,CostlyCorianders,7488228
2026-07-04T21:07:23.139196,2026-07-04T21:07:23.147516+00:00,130.9,44,ask,EarnestEspressos,CostlyCorianders,7488250
2026-07-04T21:07:25.319356,2026-07-04T21:07:25.331194+00:00,130.6,50,ask,DiligentDonuts,FlawlessFlatbreads,7488289
2026-07-04T21:07:27.717418,2026-07-04T21:07:27.725754+00:00,131.1,49,bid,CostlyCorianders,EarnestEspressos,7488323
2026-07-04T21:07:28.790807,2026-07-04T21:07:28.802646+00:00,131.1,40,bid,CostlyCorianders,EarnestEspressos,7488337
2026-07-04T21:07:29.841830,2026-07-04T21:07:29.853479+00:00,131.2,41,bid,CostlyCorianders,DiligentDonuts,7488345
2026-07-04T21:07:31.581887,2026-07-04T21:07:31.591595+00:00,131.1,50,bid,FlawlessFlatbreads,DiligentDonuts,7488373
2026-07-04T21:07:33.689576,2026-07-04T21:07:33.700103+00:00,131.4,50,bid,FlawlessFlatbreads,DiligentDonuts,7488409
2026-07-04T21:07:33.875280,2026-07-04T21:07:33.886179+00:00,131.0,48,ask,EarnestEspressos,CostlyCorianders,7488413
2026-07-04T21:07:35.796368,2026-07-04T21:07:35.807902+00:00,131.4,50,bid,FlawlessFlatbreads,DiligentDonuts,7488445
2026-07-04T21:07:36.672211,2026-07-04T21:07:36.682107+00:00,131.2,14,ask,DiligentDonuts,Xuanyu Liu,7488456
2026-07-04T21:07:37.246134,2026-07-04T21:07:37.269103+00:00,131.2,25,ask,DiligentDonuts,Yinxuan Li,7488464
2026-07-04T21:07:37.254371,2026-07-04T21:07:37.269103+00:00,131.2,12,ask,DiligentDonuts,Xuanyu Liu,7488466
2026-07-04T21:07:37.903075,2026-07-04T21:07:37.911252+00:00,131.3,50,bid,FlawlessFlatbreads,EarnestEspressos,7488484
2026-07-04T21:07:40.008594,2026-07-04T21:07:40.020201+00:00,131.3,50,bid,FlawlessFlatbreads,DiligentDonuts,7488512
2026-07-04T21:07:40.863194,2026-07-04T21:07:40.874300+00:00,130.9,46,ask,EarnestEspressos,CostlyCorianders,7488534
2026-07-04T21:07:42.120379,2026-07-04T21:07:42.127191+00:00,131.3,50,bid,FlawlessFlatbreads,DiligentDonuts,7488560
2026-07-04T21:07:42.342982,2026-07-04T21:07:42.358633+00:00,130.8,100,ask,DiligentDonuts,EarnestEspressos,7488566
2026-07-04T21:07:42.577550,2026-07-04T21:07:42.589075+00:00,130.6,43,bid,CostlyCorianders,EarnestEspressos,7488570
2026-07-04T21:07:43.474909,2026-07-04T21:07:43.487080+00:00,130.4,45,ask,DiligentDonuts,CostlyCorianders,7488582
2026-07-04T21:07:44.227133,2026-07-04T21:07:44.236660+00:00,130.6,7,bid,FlawlessFlatbreads,EarnestEspressos,7488596
2026-07-04T21:07:44.227133,2026-07-04T21:07:44.236660+00:00,130.9,43,bid,FlawlessFlatbreads,DiligentDonuts,7488597
2026-07-04T21:07:45.452003,2026-07-04T21:07:45.463607+00:00,130.9,57,bid,EarnestEspressos,DiligentDonuts,7488627
2026-07-04T21:07:46.322654,2026-07-04T21:07:46.332429+00:00,130.9,11,ask,EarnestEspressos,Xuanyu Liu,7488636
2026-07-04T21:07:46.335973,2026-07-04T21:07:46.347677+00:00,131.2,50,bid,FlawlessFlatbreads,DiligentDonuts,7488638
2026-07-04T21:07:47.272907,2026-07-04T21:07:47.279584+00:00,130.9,25,ask,EarnestEspressos,Yinxuan Li,7488651
2026-07-04T21:07:48.441627,2026-07-04T21:07:48.448334+00:00,131.2,50,bid,FlawlessFlatbreads,DiligentDonuts,7488668
2026-07-04T21:07:49.019389,2026-07-04T21:07:49.028551+00:00,131.0,45,bid,CostlyCorianders,EarnestEspressos,7488689
2026-07-04T21:07:49.308075,2026-07-04T21:07:49.319623+00:00,131.0,100,bid,DiligentDonuts,EarnestEspressos,7488690
2026-07-04T21:07:50.567699,2026-07-04T21:07:50.579439+00:00,131.0,5,bid,FlawlessFlatbreads,EarnestEspressos,7488700
2026-07-04T21:07:50.567699,2026-07-04T21:07:50.579439+00:00,131.5,45,bid,FlawlessFlatbreads,DiligentDonuts,7488701
2026-07-04T21:07:51.791413,2026-07-04T21:07:51.799815+00:00,130.9,12,ask,EarnestEspressos,Xuanyu Liu,7488737
2026-07-04T21:07:52.287532,2026-07-04T21:07:52.299482+00:00,130.9,25,ask,EarnestEspressos,Yinxuan Li,7488745
2026-07-04T21:07:52.676403,2026-07-04T21:07:52.688031+00:00,131.1,50,bid,FlawlessFlatbreads,DiligentDonuts,7488753
2026-07-04T21:07:53.082756,2026-07-04T21:07:53.090777+00:00,130.9,45,ask,EarnestEspressos,CostlyCorianders,7488758
2026-07-04T21:07:53.341363,2026-07-04T21:07:53.363909+00:00,130.9,22,ask,EarnestEspressos,Xuanyu Liu,7488766
2026-07-04T21:07:54.784272,2026-07-04T21:07:54.797275+00:00,131.1,50,bid,FlawlessFlatbreads,DiligentDonuts,7488779
2026-07-04T21:07:56.894031,2026-07-04T21:07:56.901865+00:00,130.8,50,bid,FlawlessFlatbreads,EarnestEspressos,7488812
2026-07-04T21:07:57.304305,2026-07-04T21:07:57.315178+00:00,130.7,25,ask,DiligentDonuts,Yinxuan Li,7488819
2026-07-04T21:07:57.652707,2026-07-04T21:07:57.664502+00:00,130.7,43,ask,DiligentDonuts,CostlyCorianders,7488821
2026-07-04T21:07:59.052088,2026-07-04T21:07:59.063820+00:00,130.5,50,ask,EarnestEspressos,FlawlessFlatbreads,7488846
2026-07-04T21:08:01.158515,2026-07-04T21:08:01.170371+00:00,130.5,50,ask,EarnestEspressos,FlawlessFlatbreads,7488882
2026-07-04T21:08:01.334589,2026-07-04T21:08:01.342750+00:00,130.5,11,bid,Xuanyu Liu,EarnestEspressos,7488887
2026-07-04T21:08:02.318105,2026-07-04T21:08:02.329721+00:00,130.4,25,ask,DiligentDonuts,Yinxuan Li,7488896
2026-07-04T21:08:02.524539,2026-07-04T21:08:02.532101+00:00,130.5,46,bid,Xuanyu Liu,EarnestEspressos,7488904
2026-07-04T21:08:02.742643,2026-07-04T21:08:02.758576+00:00,130.5,47,bid,CostlyCorianders,EarnestEspressos,7488909
2026-07-04T21:08:03.272017,2026-07-04T21:08:03.280507+00:00,130.4,50,ask,DiligentDonuts,FlawlessFlatbreads,7488915
2026-07-04T21:08:03.286831,2026-07-04T21:08:03.293724+00:00,130.4,25,ask,DiligentDonuts,CostlyCorianders,7488916
2026-07-04T21:08:04.444483,2026-07-04T21:08:04.481414+00:00,130.4,12,ask,EarnestEspressos,Xuanyu Liu,7488938
2026-07-04T21:08:05.377567,2026-07-04T21:08:05.389347+00:00,130.4,50,ask,EarnestEspressos,FlawlessFlatbreads,7488957
2026-07-04T21:08:07.332420,2026-07-04T21:08:07.344010+00:00,130.4,25,ask,EarnestEspressos,Yinxuan Li,7488982
2026-07-04T21:08:07.483415,2026-07-04T21:08:07.495397+00:00,130.4,50,ask,EarnestEspressos,FlawlessFlatbreads,7488985
2026-07-04T21:08:09.590788,2026-07-04T21:08:09.602729+00:00,130.4,50,ask,DiligentDonuts,FlawlessFlatbreads,7489009
2026-07-04T21:08:10.003094,2026-07-04T21:08:10.014744+00:00,130.5,45,bid,CostlyCorianders,EarnestEspressos,7489016
2026-07-04T21:08:10.471540,2026-07-04T21:08:10.483731+00:00,130.5,47,bid,CostlyCorianders,EarnestEspressos,7489018
2026-07-04T21:08:11.131509,2026-07-04T21:08:11.141430+00:00,130.4,41,ask,DiligentDonuts,CostlyCorianders,7489025
2026-07-04T21:08:11.704445,2026-07-04T21:08:11.763741+00:00,130.4,50,ask,EarnestEspressos,FlawlessFlatbreads,7489032
2026-07-04T21:08:12.342875,2026-07-04T21:08:12.352404+00:00,130.4,25,ask,EarnestEspressos,Yinxuan Li,7489040
2026-07-04T21:08:12.780446,2026-07-04T21:08:12.792185+00:00,130.5,43,bid,CostlyCorianders,DiligentDonuts,7489049
2026-07-04T21:08:13.300562,2026-07-04T21:08:13.312434+00:00,130.4,49,ask,EarnestEspressos,CostlyCorianders,7489055
2026-07-04T21:08:13.812230,2026-07-04T21:08:13.824106+00:00,130.4,26,ask,EarnestEspressos,FlawlessFlatbreads,7489061
2026-07-04T21:08:13.812230,2026-07-04T21:08:13.824106+00:00,130.0,24,ask,DiligentDonuts,FlawlessFlatbreads,7489062
2026-07-04T21:08:13.978807,2026-07-04T21:08:13.987290+00:00,130.4,12,bid,Xuanyu Liu,EarnestEspressos,7489063
2026-07-04T21:08:15.626746,2026-07-04T21:08:15.635535+00:00,130.4,11,bid,Xuanyu Liu,EarnestEspressos,7489078
2026-07-04T21:08:15.918633,2026-07-04T21:08:15.928981+00:00,130.1,50,ask,DiligentDonuts,FlawlessFlatbreads,7489089
2026-07-04T21:08:18.024213,2026-07-04T21:08:18.033393+00:00,130.0,50,ask,DiligentDonuts,FlawlessFlatbreads,7489110
2026-07-04T21:08:19.549981,2026-07-04T21:08:19.558080+00:00,130.3,3,bid,Xuanyu Liu,EarnestEspressos,7489128
2026-07-04T21:08:20.079763,2026-07-04T21:08:20.086722+00:00,130.3,50,bid,FlawlessFlatbreads,EarnestEspressos,7489136
2026-07-04T21:08:20.573104,2026-07-04T21:08:20.585345+00:00,130.3,41,ask,EarnestEspressos,CostlyCorianders,7489144
2026-07-04T21:08:22.163564,2026-07-04T21:08:22.170077+00:00,130.4,48,bid,CostlyCorianders,DiligentDonuts,7489169
2026-07-04T21:08:22.193592,2026-07-04T21:08:22.201341+00:00,130.4,50,bid,FlawlessFlatbreads,DiligentDonuts,7489170
2026-07-04T21:08:23.351386,2026-07-04T21:08:23.360153+00:00,130.3,45,ask,EarnestEspressos,CostlyCorianders,7489183
2026-07-04T21:08:24.907373,2026-07-04T21:08:24.919525+00:00,130.3,43,bid,CostlyCorianders,EarnestEspressos,7489204
2026-07-04T21:08:27.271034,2026-07-04T21:08:27.282899+00:00,130.4,41,bid,CostlyCorianders,EarnestEspressos,7489245
2026-07-04T21:08:28.564961,2026-07-04T21:08:28.576659+00:00,130.1,50,ask,DiligentDonuts,FlawlessFlatbreads,7489269
2026-07-04T21:08:29.336367,2026-07-04T21:08:29.348194+00:00,130.1,45,ask,DiligentDonuts,CostlyCorianders,7489280
2026-07-04T21:08:29.945944,2026-07-04T21:08:29.958582+00:00,130.6,43,bid,CostlyCorianders,DiligentDonuts,7489288
2026-07-04T21:08:30.001310,2026-07-04T21:08:30.009178+00:00,130.1,5,ask,DiligentDonuts,CostlyCorianders,7489289
2026-07-04T21:08:30.001310,2026-07-04T21:08:30.009178+00:00,130.1,38,ask,EarnestEspressos,CostlyCorianders,7489290
2026-07-04T21:08:30.675124,2026-07-04T21:08:30.684325+00:00,130.1,50,ask,EarnestEspressos,FlawlessFlatbreads,7489309
2026-07-04T21:08:31.131301,2026-07-04T21:08:31.142924+00:00,130.1,48,ask,EarnestEspressos,CostlyCorianders,7489315
2026-07-04T21:08:32.730198,2026-07-04T21:08:32.742159+00:00,130.4,50,bid,FlawlessFlatbreads,DiligentDonuts,7489330
2026-07-04T21:08:33.615817,2026-07-04T21:08:33.626718+00:00,130.1,100,bid,DiligentDonuts,EarnestEspressos,7489348
2026-07-04T21:08:34.749265,2026-07-04T21:08:34.758603+00:00,130.1,49,bid,CostlyCorianders,EarnestEspressos,7489361
2026-07-04T21:08:34.836371,2026-07-04T21:08:34.848230+00:00,130.1,1,bid,FlawlessFlatbreads,EarnestEspressos,7489364
2026-07-04T21:08:34.836371,2026-07-04T21:08:34.848230+00:00,130.6,49,bid,FlawlessFlatbreads,DiligentDonuts,7489365
2026-07-04T21:08:36.998545,2026-07-04T21:08:37.007497+00:00,130.1,50,ask,EarnestEspressos,FlawlessFlatbreads,7489391
2026-07-04T21:08:37.076037,2026-07-04T21:08:37.087830+00:00,130.1,43,ask,EarnestEspressos,CostlyCorianders,7489392
2026-07-04T21:08:39.106335,2026-07-04T21:08:39.118024+00:00,130.1,50,ask,EarnestEspressos,FlawlessFlatbreads,7489423
2026-07-04T21:08:41.161954,2026-07-04T21:08:41.169975+00:00,129.9,50,bid,FlawlessFlatbreads,EarnestEspressos,7489455
2026-07-04T21:08:41.459546,2026-07-04T21:08:41.468812+00:00,129.9,3,bid,Xuanyu Liu,EarnestEspressos,7489462
2026-07-04T21:08:43.321960,2026-07-04T21:08:43.333866+00:00,130.0,50,ask,DiligentDonuts,FlawlessFlatbreads,7489489
2026-07-04T21:08:43.721390,2026-07-04T21:08:43.730732+00:00,130.4,40,bid,CostlyCorianders,EarnestEspressos,7489491
2026-07-04T21:08:44.266344,2026-07-04T21:08:44.277881+00:00,130.4,46,bid,CostlyCorianders,EarnestEspressos,7489498
2026-07-04T21:08:45.424321,2026-07-04T21:08:45.436163+00:00,130.4,45,bid,CostlyCorianders,EarnestEspressos,7489520
2026-07-04T21:08:45.429189,2026-07-04T21:08:45.436163+00:00,130.0,50,ask,DiligentDonuts,FlawlessFlatbreads,7489521
2026-07-04T21:08:45.544523,2026-07-04T21:08:45.554447+00:00,130.5,100,bid,EarnestEspressos,DiligentDonuts,7489522
2026-07-04T21:08:45.610149,2026-07-04T21:08:45.619878+00:00,130.5,3,ask,EarnestEspressos,Xuanyu Liu,7489523
2026-07-04T21:08:47.538162,2026-07-04T21:08:47.550020+00:00,130.5,47,ask,EarnestEspressos,FlawlessFlatbreads,7489547
2026-07-04T21:08:47.538162,2026-07-04T21:08:47.550020+00:00,130.1,3,ask,DiligentDonuts,FlawlessFlatbreads,7489548
2026-07-04T21:08:49.331227,2026-07-04T21:08:49.340245+00:00,130.1,43,ask,DiligentDonuts,CostlyCorianders,7489575
2026-07-04T21:08:49.647937,2026-07-04T21:08:49.654562+00:00,129.8,50,ask,DiligentDonuts,FlawlessFlatbreads,7489581
2026-07-04T21:08:50.496592,2026-07-04T21:08:50.507295+00:00,129.8,46,ask,DiligentDonuts,CostlyCorianders,7489596
2026-07-04T21:08:50.987074,2026-07-04T21:08:50.998857+00:00,130.2,41,bid,CostlyCorianders,EarnestEspressos,7489599
2026-07-04T21:08:51.755019,2026-07-04T21:08:51.766972+00:00,129.8,4,ask,DiligentDonuts,FlawlessFlatbreads,7489616
2026-07-04T21:08:51.755019,2026-07-04T21:08:51.766972+00:00,129.7,46,ask,EarnestEspressos,FlawlessFlatbreads,7489617
2026-07-04T21:08:52.392134,2026-07-04T21:08:52.401245+00:00,130.3,25,bid,Yinxuan Li,DiligentDonuts,7489631
2026-07-04T21:08:53.861836,2026-07-04T21:08:53.873779+00:00,129.8,50,ask,EarnestEspressos,FlawlessFlatbreads,7489647
2026-07-04T21:08:54.607255,2026-07-04T21:08:54.615883+00:00,130.3,41,bid,CostlyCorianders,EarnestEspressos,7489653
2026-07-04T21:08:55.998993,2026-07-04T21:08:56.010893+00:00,130.0,50,ask,EarnestEspressos,FlawlessFlatbreads,7489671
2026-07-04T21:08:56.245296,2026-07-04T21:08:56.249645+00:00,130.0,43,ask,EarnestEspressos,CostlyCorianders,7489677
2026-07-04T21:08:58.105157,2026-07-04T21:08:58.117165+00:00,130.0,50,ask,EarnestEspressos,FlawlessFlatbreads,7489697
2026-07-04T21:08:58.252921,2026-07-04T21:08:58.264673+00:00,129.8,100,ask,DiligentDonuts,EarnestEspressos,7489700
2026-07-04T21:08:58.265913,2026-07-04T21:08:58.274541+00:00,129.8,37,bid,Xuanyu Liu,EarnestEspressos,7489701
2026-07-04T21:08:59.443855,2026-07-04T21:08:59.450426+00:00,129.8,13,bid,CostlyCorianders,EarnestEspressos,7489718
2026-07-04T21:09:00.218957,2026-07-04T21:09:00.229313+00:00,129.5,50,ask,DiligentDonuts,FlawlessFlatbreads,7489726
2026-07-04T21:09:02.122370,2026-07-04T21:09:02.131939+00:00,129.8,100,ask,EarnestEspressos,DiligentDonuts,7489752
2026-07-04T21:09:02.328684,2026-07-04T21:09:02.336126+00:00,129.8,50,ask,EarnestEspressos,FlawlessFlatbreads,7489754
2026-07-04T21:09:03.156864,2026-07-04T21:09:03.170630+00:00,129.3,40,ask,DiligentDonuts,CostlyCorianders,7489764
2026-07-04T21:09:06.505222,2026-07-04T21:09:06.517072+00:00,129.7,50,bid,FlawlessFlatbreads,EarnestEspressos,7489797
2026-07-04T21:09:07.418255,2026-07-04T21:09:07.426823+00:00,129.7,25,bid,Yinxuan Li,EarnestEspressos,7489807
2026-07-04T21:09:08.611318,2026-07-04T21:09:08.623600+00:00,129.9,50,bid,FlawlessFlatbreads,EarnestEspressos,7489824
2026-07-04T21:09:08.759139,2026-07-04T21:09:08.771022+00:00,129.9,49,bid,CostlyCorianders,EarnestEspressos,7489829
2026-07-04T21:09:10.719998,2026-07-04T21:09:10.727842+00:00,129.9,50,bid,FlawlessFlatbreads,EarnestEspressos,7489856
2026-07-04T21:09:10.865974,2026-07-04T21:09:10.872786+00:00,129.8,34,ask,EarnestEspressos,Xuanyu Liu,7489857
2026-07-04T21:09:11.612770,2026-07-04T21:09:11.622232+00:00,129.8,100,ask,EarnestEspressos,DiligentDonuts,7489868
2026-07-04T21:09:12.043146,2026-07-04T21:09:12.052221+00:00,129.8,3,ask,EarnestEspressos,Xuanyu Liu,7489875
2026-07-04T21:09:12.825969,2026-07-04T21:09:12.837525+00:00,130.3,50,bid,FlawlessFlatbreads,EarnestEspressos,7489894
2026-07-04T21:09:14.933758,2026-07-04T21:09:14.945610+00:00,129.9,50,bid,FlawlessFlatbreads,DiligentDonuts,7489925
2026-07-04T21:09:17.095606,2026-07-04T21:09:17.107173+00:00,129.5,50,ask,EarnestEspressos,FlawlessFlatbreads,7489952
2026-07-04T21:09:17.282779,2026-07-04T21:09:17.290817+00:00,129.9,3,bid,Xuanyu Liu,DiligentDonuts,7489959
2026-07-04T21:09:17.437776,2026-07-04T21:09:17.445073+00:00,129.9,25,bid,Yinxuan Li,DiligentDonuts,7489964
2026-07-04T21:09:17.884844,2026-07-04T21:09:17.895230+00:00,129.9,100,bid,DiligentDonuts,EarnestEspressos,7489970
2026-07-04T21:09:18.705334,2026-07-04T21:09:18.713299+00:00,129.4,45,ask,EarnestEspressos,CostlyCorianders,7489985
2026-07-04T21:09:19.150816,2026-07-04T21:09:19.157262+00:00,129.9,50,bid,FlawlessFlatbreads,EarnestEspressos,7489992
2026-07-04T21:09:20.856336,2026-07-04T21:09:20.868131+00:00,130.1,40,ask,EarnestEspressos,CostlyCorianders,7490014
2026-07-04T21:09:21.314309,2026-07-04T21:09:21.325401+00:00,130.1,50,ask,EarnestEspressos,FlawlessFlatbreads,7490026
2026-07-04T21:09:22.579419,2026-07-04T21:09:22.588188+00:00,130.1,46,ask,EarnestEspressos,CostlyCorianders,7490043
2026-07-04T21:09:23.369740,2026-07-04T21:09:23.377224+00:00,130.3,50,bid,FlawlessFlatbreads,DiligentDonuts,7490056
2026-07-04T21:09:24.208617,2026-07-04T21:09:24.215700+00:00,130.0,100,bid,DiligentDonuts,EarnestEspressos,7490070
2026-07-04T21:09:25.469281,2026-07-04T21:09:25.476361+00:00,130.0,49,bid,CostlyCorianders,EarnestEspressos,7490082
2026-07-04T21:09:26.626608,2026-07-04T21:09:26.638348+00:00,130.5,47,bid,CostlyCorianders,DiligentDonuts,7490115
2026-07-04T21:09:26.679823,2026-07-04T21:09:26.686850+00:00,130.2,42,ask,EarnestEspressos,CostlyCorianders,7490116
2026-07-04T21:09:27.246379,2026-07-04T21:09:27.253122+00:00,130.2,41,ask,EarnestEspressos,CostlyCorianders,7490122
2026-07-04T21:09:27.582005,2026-07-04T21:09:27.593697+00:00,130.3,50,bid,FlawlessFlatbreads,DiligentDonuts,7490125
2026-07-04T21:09:29.689103,2026-07-04T21:09:29.700719+00:00,130.3,50,bid,FlawlessFlatbreads,DiligentDonuts,7490148
2026-07-04T21:09:31.795974,2026-07-04T21:09:31.807969+00:00,130.3,50,bid,FlawlessFlatbreads,EarnestEspressos,7490170
2026-07-04T21:09:33.903409,2026-07-04T21:09:33.910590+00:00,130.4,50,bid,FlawlessFlatbreads,EarnestEspressos,7490192
2026-07-04T21:09:36.009046,2026-07-04T21:09:36.017518+00:00,130.4,50,bid,FlawlessFlatbreads,EarnestEspressos,7490223
2026-07-04T21:09:36.190353,2026-07-04T21:09:36.198665+00:00,130.4,3,ask,EarnestEspressos,Xuanyu Liu,7490224
2026-07-04T21:09:36.506605,2026-07-04T21:09:36.519733+00:00,130.6,42,bid,CostlyCorianders,DiligentDonuts,7490229
2026-07-04T21:09:39.705247,2026-07-04T21:09:39.715454+00:00,130.4,48,ask,EarnestEspressos,CostlyCorianders,7490270
2026-07-04T21:09:40.227690,2026-07-04T21:09:40.239299+00:00,130.6,47,bid,CostlyCorianders,DiligentDonuts,7490275
2026-07-04T21:09:40.271404,2026-07-04T21:09:40.283447+00:00,130.4,50,ask,EarnestEspressos,FlawlessFlatbreads,7490277
2026-07-04T21:09:42.664700,2026-07-04T21:09:42.673888+00:00,130.5,46,bid,CostlyCorianders,EarnestEspressos,7490309
2026-07-04T21:09:44.155775,2026-07-04T21:09:44.166131+00:00,130.3,46,ask,DiligentDonuts,CostlyCorianders,7490326
2026-07-04T21:09:44.469901,2026-07-04T21:09:44.478107+00:00,130.5,50,bid,FlawlessFlatbreads,EarnestEspressos,7490328
2026-07-04T21:09:46.632741,2026-07-04T21:09:46.641893+00:00,130.2,50,ask,EarnestEspressos,FlawlessFlatbreads,7490351
2026-07-04T21:09:47.038739,2026-07-04T21:09:47.050315+00:00,130.2,40,ask,EarnestEspressos,CostlyCorianders,7490352
2026-07-04T21:09:48.738869,2026-07-04T21:09:48.749789+00:00,130.2,50,ask,EarnestEspressos,FlawlessFlatbreads,7490373
2026-07-04T21:09:49.537016,2026-07-04T21:09:49.548963+00:00,130.2,100,bid,DiligentDonuts,EarnestEspressos,7490385
2026-07-04T21:09:50.844170,2026-07-04T21:09:50.855836+00:00,129.7,50,ask,EarnestEspressos,FlawlessFlatbreads,7490407
2026-07-04T21:09:51.385507,2026-07-04T21:09:51.394199+00:00,130.2,3,bid,Xuanyu Liu,EarnestEspressos,7490418
2026-07-04T21:09:52.950200,2026-07-04T21:09:52.956916+00:00,130.2,50,ask,EarnestEspressos,FlawlessFlatbreads,7490437
2026-07-04T21:09:54.182077,2026-07-04T21:09:54.197541+00:00,130.2,3,ask,EarnestEspressos,Xuanyu Liu,7490451
2026-07-04T21:09:55.058055,2026-07-04T21:09:55.069846+00:00,130.2,50,ask,EarnestEspressos,FlawlessFlatbreads,7490460
2026-07-04T21:09:55.208452,2026-07-04T21:09:55.220550+00:00,130.1,100,ask,DiligentDonuts,EarnestEspressos,7490462
2026-07-04T21:09:55.221548,2026-07-04T21:09:55.231245+00:00,130.0,3,bid,Xuanyu Liu,EarnestEspressos,7490463
2026-07-04T21:09:55.265543,2026-07-04T21:09:55.273608+00:00,130.0,11,bid,Xuanyu Liu,EarnestEspressos,7490466
2026-07-04T21:09:55.464998,2026-07-04T21:09:55.476833+00:00,130.0,36,bid,CostlyCorianders,EarnestEspressos,7490474
2026-07-04T21:09:55.464998,2026-07-04T21:09:55.476833+00:00,130.6,7,bid,CostlyCorianders,DiligentDonuts,7490475
2026-07-04T21:09:57.168850,2026-07-04T21:09:57.179652+00:00,129.7,50,ask,DiligentDonuts,FlawlessFlatbreads,7490492
2026-07-04T21:09:57.487229,2026-07-04T21:09:57.497061+00:00,130.2,25,bid,Yinxuan Li,DiligentDonuts,7490498
2026-07-04T21:09:58.115893,2026-07-04T21:09:58.127645+00:00,130.2,41,bid,CostlyCorianders,DiligentDonuts,7490504
2026-07-04T21:09:58.319712,2026-07-04T21:09:58.329356+00:00,130.2,34,bid,EarnestEspressos,DiligentDonuts,7490508
2026-07-04T21:09:58.385880,2026-07-04T21:09:58.394632+00:00,130.4,11,ask,EarnestEspressos,Xuanyu Liu,7490509
2026-07-04T21:09:59.278775,2026-07-04T21:09:59.287955+00:00,130.4,50,ask,EarnestEspressos,FlawlessFlatbreads,7490528
2026-07-04T21:09:59.749205,2026-07-04T21:09:59.758539+00:00,130.4,44,ask,EarnestEspressos,CostlyCorianders,7490532
2026-07-04T21:10:00.355117,2026-07-04T21:10:00.367031+00:00,130.4,11,ask,EarnestEspressos,CostlyCorianders,7490537
2026-07-04T21:10:01.386197,2026-07-04T21:10:01.397884+00:00,130.0,50,ask,DiligentDonuts,FlawlessFlatbreads,7490557
2026-07-04T21:10:01.869936,2026-07-04T21:10:01.878287+00:00,130.3,23,bid,Xuanyu Liu,EarnestEspressos,7490564
2026-07-04T21:10:02.497848,2026-07-04T21:10:02.504648+00:00,130.3,25,bid,Yinxuan Li,EarnestEspressos,7490570
2026-07-04T21:10:03.495473,2026-07-04T21:10:03.502239+00:00,130.1,50,ask,DiligentDonuts,FlawlessFlatbreads,7490584
2026-07-04T21:10:04.366206,2026-07-04T21:10:04.385574+00:00,130.3,11,bid,Xuanyu Liu,EarnestEspressos,7490602
2026-07-04T21:10:05.623795,2026-07-04T21:10:05.635765+00:00,130.4,50,ask,EarnestEspressos,FlawlessFlatbreads,7490627
2026-07-04T21:10:05.725104,2026-07-04T21:10:05.736867+00:00,130.5,42,bid,CostlyCorianders,DiligentDonuts,7490629
2026-07-04T21:10:05.816611,2026-07-04T21:10:05.825361+00:00,130.5,12,bid,Xuanyu Liu,DiligentDonuts,7490633
2026-07-04T21:10:07.512360,2026-07-04T21:10:07.521961+00:00,130.5,25,bid,Yinxuan Li,DiligentDonuts,7490653
2026-07-04T21:10:09.832905,2026-07-04T21:10:09.844383+00:00,130.4,50,ask,EarnestEspressos,FlawlessFlatbreads,7490687
2026-07-04T21:10:11.326835,2026-07-04T21:10:11.338460+00:00,130.8,45,bid,CostlyCorianders,DiligentDonuts,7490709
2026-07-04T21:10:11.939227,2026-07-04T21:10:11.963684+00:00,130.3,50,ask,EarnestEspressos,FlawlessFlatbreads,7490719
2026-07-04T21:10:12.525273,2026-07-04T21:10:12.534408+00:00,130.8,25,bid,Yinxuan Li,EarnestEspressos,7490726
2026-07-04T21:10:14.047457,2026-07-04T21:10:14.056213+00:00,130.3,50,ask,EarnestEspressos,FlawlessFlatbreads,7490740
2026-07-04T21:10:15.106118,2026-07-04T21:10:15.114072+00:00,130.6,40,ask,EarnestEspressos,CostlyCorianders,7490757
2026-07-04T21:10:16.157104,2026-07-04T21:10:16.164610+00:00,130.6,50,ask,EarnestEspressos,FlawlessFlatbreads,7490774
2026-07-04T21:10:17.536832,2026-07-04T21:10:17.544995+00:00,130.8,25,bid,Yinxuan Li,EarnestEspressos,7490791
2026-07-04T21:10:18.285113,2026-07-04T21:10:18.293293+00:00,130.7,50,ask,DiligentDonuts,FlawlessFlatbreads,7490802
2026-07-04T21:10:19.725678,2026-07-04T21:10:19.736949+00:00,130.8,48,bid,CostlyCorianders,EarnestEspressos,7490826
2026-07-04T21:10:20.391671,2026-07-04T21:10:20.401997+00:00,130.7,50,ask,DiligentDonuts,FlawlessFlatbreads,7490845
2026-07-04T21:10:21.771899,2026-07-04T21:10:21.779169+00:00,130.5,43,ask,EarnestEspressos,CostlyCorianders,7490865
2026-07-04T21:10:22.444321,2026-07-04T21:10:22.463815+00:00,130.8,50,bid,FlawlessFlatbreads,DiligentDonuts,7490880
2026-07-04T21:10:22.822239,2026-07-04T21:10:22.834170+00:00,130.8,47,bid,CostlyCorianders,DiligentDonuts,7490886
2026-07-04T21:10:23.825276,2026-07-04T21:10:23.836869+00:00,130.3,45,ask,DiligentDonuts,CostlyCorianders,7490899
2026-07-04T21:10:24.584728,2026-07-04T21:10:24.596410+00:00,130.6,50,bid,FlawlessFlatbreads,EarnestEspressos,7490914
2026-07-04T21:10:25.439029,2026-07-04T21:10:25.445612+00:00,130.6,49,bid,CostlyCorianders,EarnestEspressos,7490920
2026-07-04T21:10:26.695077,2026-07-04T21:10:26.702302+00:00,130.6,50,bid,FlawlessFlatbreads,EarnestEspressos,7490931
2026-07-04T21:10:26.791694,2026-07-04T21:10:26.799218+00:00,130.6,23,ask,EarnestEspressos,Xuanyu Liu,7490935
2026-07-04T21:10:28.118784,2026-07-04T21:10:28.128204+00:00,130.6,12,ask,EarnestEspressos,Xuanyu Liu,7490955
2026-07-04T21:10:28.881339,2026-07-04T21:10:28.892914+00:00,130.6,50,ask,EarnestEspressos,FlawlessFlatbreads,7490968
2026-07-04T21:10:29.071873,2026-07-04T21:10:29.079203+00:00,130.6,43,ask,EarnestEspressos,CostlyCorianders,7490970
2026-07-04T21:10:30.936775,2026-07-04T21:10:30.944548+00:00,130.5,50,bid,FlawlessFlatbreads,EarnestEspressos,7491005
2026-07-04T21:10:33.106421,2026-07-04T21:10:33.117775+00:00,130.1,50,ask,EarnestEspressos,FlawlessFlatbreads,7491039
2026-07-04T21:10:34.268525,2026-07-04T21:10:34.280420+00:00,130.4,42,bid,CostlyCorianders,DiligentDonuts,7491053
2026-07-04T21:10:35.250764,2026-07-04T21:10:35.248974+00:00,130.1,50,ask,EarnestEspressos,FlawlessFlatbreads,7491060
2026-07-04T21:10:36.329740,2026-07-04T21:10:36.342884+00:00,130.1,35,bid,Xuanyu Liu,EarnestEspressos,7491079
2026-07-04T21:10:37.215803,2026-07-04T21:10:37.227430+00:00,130.1,41,bid,CostlyCorianders,EarnestEspressos,7491092
2026-07-04T21:10:37.307313,2026-07-04T21:10:37.315109+00:00,130.1,50,bid,FlawlessFlatbreads,EarnestEspressos,7491093
2026-07-04T21:10:38.646258,2026-07-04T21:10:38.658395+00:00,130.1,11,bid,Xuanyu Liu,EarnestEspressos,7491112
2026-07-04T21:10:39.484740,2026-07-04T21:10:39.494091+00:00,130.3,50,ask,EarnestEspressos,FlawlessFlatbreads,7491122
2026-07-04T21:10:39.959388,2026-07-04T21:10:39.968397+00:00,130.3,23,ask,EarnestEspressos,Xuanyu Liu,7491127
2026-07-04T21:10:41.288619,2026-07-04T21:10:41.297227+00:00,130.3,11,ask,EarnestEspressos,Xuanyu Liu,7491146
2026-07-04T21:10:41.310235,2026-07-04T21:10:41.323231+00:00,130.3,49,ask,EarnestEspressos,CostlyCorianders,7491149
2026-07-04T21:10:41.591417,2026-07-04T21:10:41.603701+00:00,130.3,17,ask,EarnestEspressos,FlawlessFlatbreads,7491153
2026-07-04T21:10:41.591417,2026-07-04T21:10:41.603701+00:00,130.0,33,ask,DiligentDonuts,FlawlessFlatbreads,7491154
2026-07-04T21:10:42.646674,2026-07-04T21:10:42.667466+00:00,130.0,67,ask,DiligentDonuts,EarnestEspressos,7491161
2026-07-04T21:10:42.659413,2026-07-04T21:10:42.667466+00:00,130.0,57,bid,Xuanyu Liu,EarnestEspressos,7491163
2026-07-04T21:10:43.702847,2026-07-04T21:10:43.712695+00:00,129.9,50,ask,DiligentDonuts,FlawlessFlatbreads,7491176
2026-07-04T21:10:44.167994,2026-07-04T21:10:44.174829+00:00,129.9,44,ask,DiligentDonuts,CostlyCorianders,7491181
2026-07-04T21:10:45.777077,2026-07-04T21:10:45.787379+00:00,130.2,12,ask,EarnestEspressos,Xuanyu Liu,7491202
2026-07-04T21:10:45.811069,2026-07-04T21:10:45.822698+00:00,130.2,50,ask,EarnestEspressos,FlawlessFlatbreads,7491204
2026-07-04T21:10:46.541346,2026-07-04T21:10:46.548493+00:00,130.2,88,ask,EarnestEspressos,DiligentDonuts,7491218
2026-07-04T21:10:47.947778,2026-07-04T21:10:47.958575+00:00,129.6,50,ask,DiligentDonuts,FlawlessFlatbreads,7491250
2026-07-04T21:10:48.599063,2026-07-04T21:10:48.607115+00:00,130.1,12,bid,Xuanyu Liu,DiligentDonuts,7491256
2026-07-04T21:10:50.003057,2026-07-04T21:10:50.014985+00:00,130.2,50,bid,FlawlessFlatbreads,DiligentDonuts,7491278
2026-07-04T21:10:50.762299,2026-07-04T21:10:50.773905+00:00,130.2,41,bid,CostlyCorianders,DiligentDonuts,7491291
2026-07-04T21:10:52.109472,2026-07-04T21:10:52.121229+00:00,130.2,9,bid,FlawlessFlatbreads,DiligentDonuts,7491311
2026-07-04T21:10:52.322305,2026-07-04T21:10:52.334270+00:00,130.2,48,bid,CostlyCorianders,EarnestEspressos,7491319
2026-07-04T21:10:54.226655,2026-07-04T21:10:54.238262+00:00,130.1,42,ask,DiligentDonuts,CostlyCorianders,7491355
2026-07-04T21:10:54.271605,2026-07-04T21:10:54.278828+00:00,130.1,50,ask,DiligentDonuts,FlawlessFlatbreads,7491356
2026-07-04T21:10:54.403020,2026-07-04T21:10:54.414415+00:00,130.1,8,ask,DiligentDonuts,Xuanyu Liu,7491361
2026-07-04T21:10:55.166920,2026-07-04T21:10:55.178852+00:00,130.2,48,bid,CostlyCorianders,EarnestEspressos,7491370
2026-07-04T21:10:56.378028,2026-07-04T21:10:56.384563+00:00,129.9,50,ask,EarnestEspressos,FlawlessFlatbreads,7491381
2026-07-04T21:10:58.484073,2026-07-04T21:10:58.495747+00:00,129.7,50,ask,EarnestEspressos,FlawlessFlatbreads,7491420
2026-07-04T21:10:58.884650,2026-07-04T21:10:58.891546+00:00,129.7,49,ask,EarnestEspressos,CostlyCorianders,7491428
2026-07-04T21:10:59.513918,2026-07-04T21:10:59.525399+00:00,130.1,45,bid,CostlyCorianders,DiligentDonuts,7491434
2026-07-04T21:11:00.060009,2026-07-04T21:11:00.068653+00:00,129.7,46,ask,EarnestEspressos,CostlyCorianders,7491450
2026-07-04T21:11:01.638213,2026-07-04T21:11:01.661973+00:00,129.6,100,ask,DiligentDonuts,EarnestEspressos,7491471
2026-07-04T21:11:01.651173,2026-07-04T21:11:01.661973+00:00,129.5,25,bid,Xuanyu Liu,EarnestEspressos,7491472
2026-07-04T21:11:02.644746,2026-07-04T21:11:02.658583+00:00,129.5,25,bid,FlawlessFlatbreads,EarnestEspressos,7491487
2026-07-04T21:11:02.644746,2026-07-04T21:11:02.658583+00:00,129.8,25,bid,FlawlessFlatbreads,DiligentDonuts,7491488
2026-07-04T21:11:04.750877,2026-07-04T21:11:04.758558+00:00,129.8,50,bid,FlawlessFlatbreads,DiligentDonuts,7491515
2026-07-04T21:11:04.847187,2026-07-04T21:11:04.858599+00:00,129.7,40,ask,EarnestEspressos,CostlyCorianders,7491516
2026-07-04T21:11:05.327319,2026-07-04T21:11:05.334574+00:00,129.8,25,bid,CostlyCorianders,DiligentDonuts,7491522
2026-07-04T21:11:05.327319,2026-07-04T21:11:05.339825+00:00,130.2,23,bid,CostlyCorianders,EarnestEspressos,7491523
2026-07-04T21:11:06.857058,2026-07-04T21:11:06.868920+00:00,130.2,50,bid,FlawlessFlatbreads,EarnestEspressos,7491539
2026-07-04T21:11:07.127411,2026-07-04T21:11:07.139031+00:00,130.2,40,bid,CostlyCorianders,EarnestEspressos,7491544
2026-07-04T21:11:07.924848,2026-07-04T21:11:07.934038+00:00,129.9,17,ask,EarnestEspressos,Xuanyu Liu,7491553
2026-07-04T21:11:08.963192,2026-07-04T21:11:08.975037+00:00,130.1,50,bid,FlawlessFlatbreads,DiligentDonuts,7491576
2026-07-04T21:11:11.069386,2026-07-04T21:11:11.077724+00:00,130.1,50,bid,FlawlessFlatbreads,DiligentDonuts,7491605
2026-07-04T21:11:12.570290,2026-07-04T21:11:12.582339+00:00,130.0,48,ask,DiligentDonuts,CostlyCorianders,7491624
2026-07-04T21:11:13.175697,2026-07-04T21:11:13.187320+00:00,130.4,50,bid,FlawlessFlatbreads,EarnestEspressos,7491637
2026-07-04T21:11:14.250533,2026-07-04T21:11:14.264009+00:00,130.1,12,ask,EarnestEspressos,Xuanyu Liu,7491653
2026-07-04T21:11:15.196741,2026-07-04T21:11:15.204467+00:00,130.1,11,ask,EarnestEspressos,Xuanyu Liu,7491666
2026-07-04T21:11:15.203669,2026-07-04T21:11:15.219706+00:00,130.1,43,ask,EarnestEspressos,CostlyCorianders,7491668
2026-07-04T21:11:15.281758,2026-07-04T21:11:15.293457+00:00,130.4,50,bid,FlawlessFlatbreads,DiligentDonuts,7491671
2026-07-04T21:11:17.223671,2026-07-04T21:11:17.234045+00:00,130.4,47,bid,CostlyCorianders,DiligentDonuts,7491698
2026-07-04T21:11:17.389113,2026-07-04T21:11:17.400714+00:00,130.4,3,bid,FlawlessFlatbreads,DiligentDonuts,7491704
2026-07-04T21:11:17.742446,2026-07-04T21:11:17.758559+00:00,129.9,46,ask,DiligentDonuts,CostlyCorianders,7491710
2026-07-04T21:11:19.495559,2026-07-04T21:11:19.507019+00:00,130.3,50,bid,FlawlessFlatbreads,EarnestEspressos,7491731
2026-07-04T21:11:21.602463,2026-07-04T21:11:21.614236+00:00,130.5,50,bid,FlawlessFlatbreads,EarnestEspressos,7491757
2026-07-04T21:11:21.959427,2026-07-04T21:11:21.967492+00:00,130.1,23,ask,DiligentDonuts,Xuanyu Liu,7491767
2026-07-04T21:11:23.280367,2026-07-04T21:11:23.291166+00:00,130.1,11,ask,DiligentDonuts,Xuanyu Liu,7491791
2026-07-04T21:11:23.709029,2026-07-04T21:11:23.716941+00:00,130.6,50,bid,FlawlessFlatbreads,DiligentDonuts,7491797
2026-07-04T21:11:25.815578,2026-07-04T21:11:25.825552+00:00,130.2,50,bid,FlawlessFlatbreads,DiligentDonuts,7491821
2026-07-04T21:11:26.995128,2026-07-04T21:11:27.006619+00:00,130.0,40,ask,EarnestEspressos,CostlyCorianders,7491842
2026-07-04T21:11:27.925331,2026-07-04T21:11:27.935314+00:00,130.4,50,bid,FlawlessFlatbreads,DiligentDonuts,7491857
2026-07-04T21:11:28.377278,2026-07-04T21:11:28.389132+00:00,130.4,49,bid,CostlyCorianders,DiligentDonuts,7491867
2026-07-04T21:11:30.032099,2026-07-04T21:11:30.042716+00:00,130.4,1,bid,FlawlessFlatbreads,DiligentDonuts,7491895
2026-07-04T21:11:30.825939,2026-07-04T21:11:30.837997+00:00,130.3,100,bid,DiligentDonuts,EarnestEspressos,7491903
2026-07-04T21:11:32.139532,2026-07-04T21:11:32.150997+00:00,130.3,50,bid,FlawlessFlatbreads,EarnestEspressos,7491919
2026-07-04T21:11:33.230341,2026-07-04T21:11:33.238367+00:00,130.6,26,ask,EarnestEspressos,Xuanyu Liu,7491935
2026-07-04T21:11:34.247039,2026-07-04T21:11:34.258540+00:00,130.7,50,bid,FlawlessFlatbreads,DiligentDonuts,7491953
2026-07-04T21:11:36.372631,2026-07-04T21:11:36.380291+00:00,130.7,50,bid,FlawlessFlatbreads,DiligentDonuts,7491979
2026-07-04T21:11:36.474986,2026-07-04T21:11:36.486736+00:00,130.5,46,ask,EarnestEspressos,CostlyCorianders,7491984
2026-07-04T21:11:38.530422,2026-07-04T21:11:38.542121+00:00,130.5,50,ask,EarnestEspressos,FlawlessFlatbreads,7492011
2026-07-04T21:11:40.642727,2026-07-04T21:11:40.652395+00:00,130.7,50,ask,DiligentDonuts,FlawlessFlatbreads,7492045
2026-07-04T21:11:42.189911,2026-07-04T21:11:42.201500+00:00,130.7,46,ask,DiligentDonuts,CostlyCorianders,7492076
2026-07-04T21:11:42.751522,2026-07-04T21:11:42.758552+00:00,130.7,4,ask,DiligentDonuts,FlawlessFlatbreads,7492082
2026-07-04T21:11:42.834114,2026-07-04T21:11:42.845986+00:00,130.8,46,bid,CostlyCorianders,EarnestEspressos,7492084
2026-07-04T21:11:44.807384,2026-07-04T21:11:44.818899+00:00,130.8,50,bid,FlawlessFlatbreads,EarnestEspressos,7492112
2026-07-04T21:11:46.449754,2026-07-04T21:11:46.463939+00:00,130.9,43,bid,CostlyCorianders,DiligentDonuts,7492135
2026-07-04T21:11:47.598215,2026-07-04T21:11:47.610061+00:00,130.5,44,ask,EarnestEspressos,CostlyCorianders,7492145
2026-07-04T21:11:49.019905,2026-07-04T21:11:49.031919+00:00,130.8,50,bid,FlawlessFlatbreads,DiligentDonuts,7492166
2026-07-04T21:11:49.751804,2026-07-04T21:11:49.756259+00:00,130.8,46,bid,CostlyCorianders,DiligentDonuts,7492179
2026-07-04T21:11:50.957561,2026-07-04T21:11:50.965068+00:00,130.6,49,ask,DiligentDonuts,CostlyCorianders,7492198
2026-07-04T21:11:52.092214,2026-07-04T21:11:52.103796+00:00,130.6,48,ask,DiligentDonuts,CostlyCorianders,7492214
2026-07-04T21:11:53.251495,2026-07-04T21:11:53.258570+00:00,130.6,50,bid,FlawlessFlatbreads,DiligentDonuts,7492233
2026-07-04T21:11:54.318548,2026-07-04T21:11:54.330075+00:00,130.6,48,bid,CostlyCorianders,DiligentDonuts,7492253
2026-07-04T21:11:55.448322,2026-07-04T21:11:55.463602+00:00,130.2,50,ask,EarnestEspressos,FlawlessFlatbreads,7492275
2026-07-04T21:11:55.779273,2026-07-04T21:11:55.789227+00:00,130.6,2,bid,CostlyCorianders,DiligentDonuts,7492280
2026-07-04T21:11:55.779273,2026-07-04T21:11:55.789227+00:00,130.7,42,bid,CostlyCorianders,EarnestEspressos,7492281
2026-07-04T21:11:56.357443,2026-07-04T21:11:56.368915+00:00,130.5,48,ask,DiligentDonuts,CostlyCorianders,7492288
2026-07-04T21:11:57.581269,2026-07-04T21:11:57.590718+00:00,130.5,50,ask,DiligentDonuts,FlawlessFlatbreads,7492311
2026-07-04T21:11:58.678308,2026-07-04T21:11:58.685158+00:00,130.7,43,bid,CostlyCorianders,EarnestEspressos,7492323
2026-07-04T21:12:01.366095,2026-07-04T21:12:01.375445+00:00,130.2,41,ask,EarnestEspressos,CostlyCorianders,7492369
2026-07-04T21:12:01.740284,2026-07-04T21:12:01.752075+00:00,130.7,50,bid,FlawlessFlatbreads,DiligentDonuts,7492370
2026-07-04T21:12:03.848280,2026-07-04T21:12:03.859821+00:00,130.6,50,bid,FlawlessFlatbreads,EarnestEspressos,7492395
2026-07-04T21:12:04.196656,2026-07-04T21:12:04.208900+00:00,130.6,42,bid,CostlyCorianders,EarnestEspressos,7492399
2026-07-04T21:12:06.006040,2026-07-04T21:12:06.017647+00:00,130.5,50,ask,EarnestEspressos,FlawlessFlatbreads,7492420
2026-07-04T21:12:07.801006,2026-07-04T21:12:07.812778+00:00,130.5,47,ask,EarnestEspressos,CostlyCorianders,7492437
2026-07-04T21:12:08.114045,2026-07-04T21:12:08.124537+00:00,130.4,50,ask,EarnestEspressos,FlawlessFlatbreads,7492440
2026-07-04T21:12:09.768455,2026-07-04T21:12:09.778346+00:00,130.5,45,ask,DiligentDonuts,CostlyCorianders,7492459
2026-07-04T21:12:10.219904,2026-07-04T21:12:10.231888+00:00,130.5,50,ask,DiligentDonuts,FlawlessFlatbreads,7492469
2026-07-04T21:12:10.342634,2026-07-04T21:12:10.363998+00:00,130.9,40,bid,CostlyCorianders,EarnestEspressos,7492472
2026-07-04T21:12:11.803695,2026-07-04T21:12:11.858629+00:00,130.8,49,bid,CostlyCorianders,EarnestEspressos,7492492
2026-07-04T21:12:12.328405,2026-07-04T21:12:12.340513+00:00,130.3,50,ask,EarnestEspressos,FlawlessFlatbreads,7492498
2026-07-04T21:12:12.459023,2026-07-04T21:12:12.466505+00:00,130.3,43,ask,EarnestEspressos,CostlyCorianders,7492501
2026-07-04T21:12:14.437489,2026-07-04T21:12:14.443864+00:00,130.0,50,ask,DiligentDonuts,FlawlessFlatbreads,7492522
2026-07-04T21:12:16.492871,2026-07-04T21:12:16.502337+00:00,130.5,50,bid,FlawlessFlatbreads,EarnestEspressos,7492543
2026-07-04T21:12:17.400473,2026-07-04T21:12:17.412122+00:00,130.5,47,bid,CostlyCorianders,EarnestEspressos,7492552
2026-07-04T21:12:18.358220,2026-07-04T21:12:18.369713+00:00,130.3,100,ask,EarnestEspressos,DiligentDonuts,7492564
2026-07-04T21:12:18.598274,2026-07-04T21:12:18.609860+00:00,130.8,50,bid,FlawlessFlatbreads,EarnestEspressos,7492568
2026-07-04T21:12:22.352223,2026-07-04T21:12:22.363882+00:00,130.2,42,ask,EarnestEspressos,CostlyCorianders,7492619
2026-07-04T21:12:22.809552,2026-07-04T21:12:22.817167+00:00,130.7,50,bid,FlawlessFlatbreads,EarnestEspressos,7492629
2026-07-04T21:12:22.850332,2026-07-04T21:12:22.854886+00:00,130.7,46,bid,CostlyCorianders,EarnestEspressos,7492632
2026-07-04T21:12:24.914735,2026-07-04T21:12:24.926660+00:00,130.9,50,bid,FlawlessFlatbreads,DiligentDonuts,7492666
2026-07-04T21:12:26.378388,2026-07-04T21:12:26.390330+00:00,130.5,43,ask,EarnestEspressos,CostlyCorianders,7492688
2026-07-04T21:12:27.022444,2026-07-04T21:12:27.034007+00:00,130.9,50,bid,FlawlessFlatbreads,DiligentDonuts,7492696
2026-07-04T21:12:27.788177,2026-07-04T21:12:27.799874+00:00,130.6,100,bid,DiligentDonuts,EarnestEspressos,7492716
2026-07-04T21:12:29.129486,2026-07-04T21:12:29.141293+00:00,130.6,50,bid,FlawlessFlatbreads,EarnestEspressos,7492738
2026-07-04T21:12:31.287342,2026-07-04T21:12:31.299718+00:00,130.4,50,ask,EarnestEspressos,FlawlessFlatbreads,7492763
2026-07-04T21:12:31.507998,2026-07-04T21:12:31.516517+00:00,130.4,14,ask,EarnestEspressos,Xuanyu Liu,7492772
2026-07-04T21:12:32.677199,2026-07-04T21:12:32.690722+00:00,130.4,25,ask,EarnestEspressos,Yinxuan Li,7492788
2026-07-04T21:12:33.118424,2026-07-04T21:12:33.130094+00:00,130.6,44,bid,CostlyCorianders,DiligentDonuts,7492799
2026-07-04T21:12:33.395803,2026-07-04T21:12:33.405126+00:00,130.1,50,ask,DiligentDonuts,FlawlessFlatbreads,7492803
2026-07-04T21:12:33.700619,2026-07-04T21:12:33.712544+00:00,130.1,40,ask,DiligentDonuts,CostlyCorianders,7492804
2026-07-04T21:12:34.183754,2026-07-04T21:12:34.191535+00:00,130.3,14,bid,Xuanyu Liu,DiligentDonuts,7492811
2026-07-04T21:12:35.501937,2026-07-04T21:12:35.513519+00:00,130.1,50,ask,EarnestEspressos,FlawlessFlatbreads,7492835
2026-07-04T21:12:35.762476,2026-07-04T21:12:35.774010+00:00,130.3,49,bid,CostlyCorianders,DiligentDonuts,7492840
2026-07-04T21:12:37.608774,2026-07-04T21:12:37.620329+00:00,129.7,50,ask,EarnestEspressos,FlawlessFlatbreads,7492863
2026-07-04T21:12:37.699576,2026-07-04T21:12:37.710748+00:00,130.0,25,bid,Yinxuan Li,DiligentDonuts,7492866
2026-07-04T21:12:37.902710,2026-07-04T21:12:37.914574+00:00,129.7,41,ask,EarnestEspressos,CostlyCorianders,7492870
2026-07-04T21:12:39.716009,2026-07-04T21:12:39.727442+00:00,129.5,50,ask,DiligentDonuts,FlawlessFlatbreads,7492902
2026-07-04T21:12:39.986122,2026-07-04T21:12:39.996675+00:00,129.9,43,bid,CostlyCorianders,EarnestEspressos,7492904
2026-07-04T21:12:40.443055,2026-07-04T21:12:40.451061+00:00,129.7,40,ask,DiligentDonuts,CostlyCorianders,7492906
2026-07-04T21:12:41.774795,2026-07-04T21:12:41.785889+00:00,129.9,50,bid,FlawlessFlatbreads,EarnestEspressos,7492931
2026-07-04T21:12:43.477928,2026-07-04T21:12:43.489654+00:00,130.2,48,bid,CostlyCorianders,DiligentDonuts,7492952
2026-07-04T21:12:43.880666,2026-07-04T21:12:43.892224+00:00,130.2,50,bid,FlawlessFlatbreads,EarnestEspressos,7492961
2026-07-04T21:12:44.677549,2026-07-04T21:12:44.689488+00:00,129.7,46,ask,EarnestEspressos,CostlyCorianders,7492974
2026-07-04T21:12:46.728417,2026-07-04T21:12:46.736806+00:00,130.1,46,bid,CostlyCorianders,EarnestEspressos,7492997
2026-07-04T21:12:50.249572,2026-07-04T21:12:50.258603+00:00,129.8,50,ask,EarnestEspressos,FlawlessFlatbreads,7493048
2026-07-04T21:12:52.355247,2026-07-04T21:12:52.358593+00:00,129.6,50,ask,DiligentDonuts,FlawlessFlatbreads,7493074
2026-07-04T21:12:52.848345,2026-07-04T21:12:52.856261+00:00,129.6,46,ask,DiligentDonuts,CostlyCorianders,7493086
2026-07-04T21:12:56.300814,2026-07-04T21:12:56.310490+00:00,129.5,100,ask,EarnestEspressos,DiligentDonuts,7493128
2026-07-04T21:12:56.533604,2026-07-04T21:12:56.545521+00:00,130.0,50,bid,FlawlessFlatbreads,EarnestEspressos,7493135
2026-07-04T21:12:57.433848,2026-07-04T21:12:57.442795+00:00,130.0,46,bid,CostlyCorianders,EarnestEspressos,7493146
2026-07-04T21:12:58.458320,2026-07-04T21:12:58.469004+00:00,130.0,45,bid,CostlyCorianders,EarnestEspressos,7493160
2026-07-04T21:13:00.744251,2026-07-04T21:13:00.756252+00:00,130.1,50,bid,FlawlessFlatbreads,DiligentDonuts,7493196
2026-07-04T21:13:02.853134,2026-07-04T21:13:02.864946+00:00,130.0,50,bid,FlawlessFlatbreads,EarnestEspressos,7493225
2026-07-04T21:13:02.900392,2026-07-04T21:13:02.912115+00:00,129.7,46,ask,DiligentDonuts,CostlyCorianders,7493226
2026-07-04T21:13:04.959226,2026-07-04T21:13:04.970727+00:00,130.2,50,bid,FlawlessFlatbreads,DiligentDonuts,7493256
2026-07-04T21:13:05.886269,2026-07-04T21:13:05.895250+00:00,129.8,42,ask,EarnestEspressos,CostlyCorianders,7493264
2026-07-04T21:13:07.065598,2026-07-04T21:13:07.077254+00:00,130.2,50,bid,FlawlessFlatbreads,DiligentDonuts,7493282
2026-07-04T21:13:08.846207,2026-07-04T21:13:08.854949+00:00,130.4,40,bid,CostlyCorianders,EarnestEspressos,7493298
2026-07-04T21:13:09.173807,2026-07-04T21:13:09.181666+00:00,130.4,50,bid,FlawlessFlatbreads,EarnestEspressos,7493304
2026-07-04T21:13:10.314671,2026-07-04T21:13:10.326549+00:00,129.9,45,ask,EarnestEspressos,CostlyCorianders,7493323
2026-07-04T21:13:11.279780,2026-07-04T21:13:11.290721+00:00,130.4,50,bid,FlawlessFlatbreads,DiligentDonuts,7493336
2026-07-04T21:13:12.187285,2026-07-04T21:13:12.194869+00:00,130.1,14,ask,DiligentDonuts,Xuanyu Liu,7493352
2026-07-04T21:13:12.344775,2026-07-04T21:13:12.358580+00:00,130.1,47,ask,DiligentDonuts,CostlyCorianders,7493355
2026-07-04T21:13:12.740590,2026-07-04T21:13:12.748725+00:00,130.1,25,ask,DiligentDonuts,Yinxuan Li,7493366
2026-07-04T21:13:13.438019,2026-07-04T21:13:13.448464+00:00,130.1,14,ask,DiligentDonuts,FlawlessFlatbreads,7493383
2026-07-04T21:13:13.438019,2026-07-04T21:13:13.448464+00:00,129.9,36,ask,EarnestEspressos,FlawlessFlatbreads,7493384
2026-07-04T21:13:14.328417,2026-07-04T21:13:14.337529+00:00,130.4,41,bid,CostlyCorianders,EarnestEspressos,7493395
2026-07-04T21:13:17.656435,2026-07-04T21:13:17.665673+00:00,129.8,50,ask,EarnestEspressos,FlawlessFlatbreads,7493437
2026-07-04T21:13:19.261733,2026-07-04T21:13:19.273505+00:00,130.2,45,bid,CostlyCorianders,DiligentDonuts,7493454
2026-07-04T21:13:20.929236,2026-07-04T21:13:20.940898+00:00,129.7,49,ask,DiligentDonuts,CostlyCorianders,7493470
2026-07-04T21:13:22.648530,2026-07-04T21:13:22.657109+00:00,130.2,11,bid,Xuanyu Liu,EarnestEspressos,7493492
2026-07-04T21:13:23.157167,2026-07-04T21:13:23.169278+00:00,130.2,49,bid,CostlyCorianders,EarnestEspressos,7493501
2026-07-04T21:13:23.754852,2026-07-04T21:13:23.766478+00:00,130.2,49,bid,CostlyCorianders,EarnestEspressos,7493505
2026-07-04T21:13:23.976505,2026-07-04T21:13:23.987804+00:00,130.2,50,ask,EarnestEspressos,FlawlessFlatbreads,7493512
2026-07-04T21:13:26.083291,2026-07-04T21:13:26.095046+00:00,130.2,50,ask,EarnestEspressos,FlawlessFlatbreads,7493547
2026-07-04T21:13:26.600635,2026-07-04T21:13:26.618769+00:00,130.3,3,bid,Xuanyu Liu,DiligentDonuts,7493553
2026-07-04T21:13:28.188247,2026-07-04T21:13:28.197791+00:00,130.0,50,ask,EarnestEspressos,FlawlessFlatbreads,7493574
2026-07-04T21:13:30.294668,2026-07-04T21:13:30.306466+00:00,130.0,50,ask,DiligentDonuts,FlawlessFlatbreads,7493604
2026-07-04T21:13:31.249670,2026-07-04T21:13:31.256258+00:00,130.0,45,ask,EarnestEspressos,CostlyCorianders,7493620
2026-07-04T21:13:32.401410,2026-07-04T21:13:32.413594+00:00,130.0,50,ask,EarnestEspressos,FlawlessFlatbreads,7493639
2026-07-04T21:13:33.485649,2026-07-04T21:13:33.493856+00:00,129.8,100,ask,DiligentDonuts,EarnestEspressos,7493648
2026-07-04T21:13:33.495014,2026-07-04T21:13:33.503810+00:00,129.7,14,bid,Xuanyu Liu,EarnestEspressos,7493649
2026-07-04T21:13:34.496502,2026-07-04T21:13:34.505454+00:00,129.7,12,bid,Xuanyu Liu,EarnestEspressos,7493667
2026-07-04T21:13:34.549097,2026-07-04T21:13:34.560695+00:00,129.4,50,ask,DiligentDonuts,FlawlessFlatbreads,7493669
2026-07-04T21:13:35.852725,2026-07-04T21:13:35.869862+00:00,129.7,24,bid,CostlyCorianders,EarnestEspressos,7493695
2026-07-04T21:13:35.852725,2026-07-04T21:13:35.869862+00:00,129.9,22,bid,CostlyCorianders,DiligentDonuts,7493696
2026-07-04T21:13:36.596087,2026-07-04T21:13:36.607800+00:00,129.9,78,bid,EarnestEspressos,DiligentDonuts,7493701
2026-07-04T21:13:36.654655,2026-07-04T21:13:36.656705+00:00,129.9,50,ask,EarnestEspressos,FlawlessFlatbreads,7493702
2026-07-04T21:13:36.659617,2026-07-04T21:13:36.668627+00:00,129.9,12,ask,EarnestEspressos,Xuanyu Liu,7493703
2026-07-04T21:13:38.762894,2026-07-04T21:13:38.774766+00:00,129.9,10,ask,EarnestEspressos,FlawlessFlatbreads,7493732
2026-07-04T21:13:38.762894,2026-07-04T21:13:38.774766+00:00,129.8,40,ask,DiligentDonuts,FlawlessFlatbreads,7493733
2026-07-04T21:13:39.810533,2026-07-04T21:13:39.822392+00:00,129.8,60,ask,DiligentDonuts,EarnestEspressos,7493744
2026-07-04T21:13:39.934676,2026-07-04T21:13:39.943149+00:00,129.8,42,bid,CostlyCorianders,EarnestEspressos,7493750
2026-07-04T21:13:40.641851,2026-07-04T21:13:40.649263+00:00,129.4,41,ask,DiligentDonuts,CostlyCorianders,7493758
2026-07-04T21:13:40.871173,2026-07-04T21:13:40.883179+00:00,129.4,50,ask,DiligentDonuts,FlawlessFlatbreads,7493759
2026-07-04T21:13:41.759905,2026-07-04T21:13:41.767822+00:00,129.8,12,bid,Xuanyu Liu,EarnestEspressos,7493768
2026-07-04T21:13:42.783886,2026-07-04T21:13:42.791197+00:00,129.8,25,bid,Yinxuan Li,EarnestEspressos,7493797
2026-07-04T21:13:42.977414,2026-07-04T21:13:42.984874+00:00,129.8,50,ask,EarnestEspressos,FlawlessFlatbreads,7493802
2026-07-04T21:13:43.745928,2026-07-04T21:13:43.752531+00:00,129.8,100,ask,EarnestEspressos,DiligentDonuts,7493817
2026-07-04T21:13:46.596636,2026-07-04T21:13:46.604514+00:00,129.7,11,bid,Xuanyu Liu,EarnestEspressos,7493852
2026-07-04T21:13:47.201553,2026-07-04T21:13:47.212304+00:00,129.7,40,bid,CostlyCorianders,EarnestEspressos,7493866
2026-07-04T21:13:47.227465,2026-07-04T21:13:47.239078+00:00,129.4,50,ask,DiligentDonuts,FlawlessFlatbreads,7493867
2026-07-04T21:13:49.335232,2026-07-04T21:13:49.346892+00:00,129.5,50,ask,EarnestEspressos,FlawlessFlatbreads,7493897
2026-07-04T21:13:50.966944,2026-07-04T21:13:50.978711+00:00,129.5,40,ask,EarnestEspressos,CostlyCorianders,7493918
