timestamp,recv_time,price,volume,aggressor_side,buyer,seller,trade_id
2026-07-09T02:00:00.352205,2026-07-09T02:00:00.364781+00:00,123.3,50,ask,DiligentDonuts,FlawlessFlatbreads,12952876
2026-07-09T02:00:00.579800,2026-07-09T02:00:00.560697+00:00,123.5,47,bid,CostlyCorianders,EarnestEspressos,12952879
2026-07-09T02:00:02.482485,2026-07-09T02:00:02.494598+00:00,123.3,50,ask,DiligentDonuts,FlawlessFlatbreads,12952902
2026-07-09T02:00:03.871831,2026-07-09T02:00:03.883971+00:00,123.3,45,ask,EarnestEspressos,CostlyCorianders,12952932
2026-07-09T02:00:04.591831,2026-07-09T02:00:04.603787+00:00,123.3,50,ask,EarnestEspressos,FlawlessFlatbreads,12952935
2026-07-09T02:00:04.881426,2026-07-09T02:00:04.893538+00:00,123.3,40,ask,EarnestEspressos,CostlyCorianders,12952938
2026-07-09T02:00:05.725513,2026-07-09T02:00:05.736036+00:00,123.6,3,bid,Xuanyu Liu,EarnestEspressos,12952946
2026-07-09T02:00:05.872997,2026-07-09T02:00:05.884751+00:00,123.6,10,bid,Matthew Hanna,EarnestEspressos,12952949
2026-07-09T02:00:05.887439,2026-07-09T02:00:05.899308+00:00,123.6,41,bid,CostlyCorianders,EarnestEspressos,12952950
2026-07-09T02:00:06.087873,2026-07-09T02:00:06.099680+00:00,123.6,10,bid,Matthew Hanna,EarnestEspressos,12952955
2026-07-09T02:00:06.647929,2026-07-09T02:00:06.657282+00:00,123.6,50,bid,FlawlessFlatbreads,EarnestEspressos,12952960
2026-07-09T02:00:08.752977,2026-07-09T02:00:08.764729+00:00,123.6,36,bid,FlawlessFlatbreads,EarnestEspressos,12952982
2026-07-09T02:00:08.752977,2026-07-09T02:00:08.764729+00:00,123.8,14,bid,FlawlessFlatbreads,DiligentDonuts,12952983
2026-07-09T02:00:09.076657,2026-07-09T02:00:09.085535+00:00,123.5,3,ask,EarnestEspressos,Xuanyu Liu,12952993
2026-07-09T02:00:09.623719,2026-07-09T02:00:09.636153+00:00,123.5,100,ask,EarnestEspressos,DiligentDonuts,12953003
2026-07-09T02:00:10.889776,2026-07-09T02:00:10.901036+00:00,124.0,50,bid,FlawlessFlatbreads,EarnestEspressos,12953026
2026-07-09T02:00:12.995102,2026-07-09T02:00:13.006296+00:00,123.6,50,bid,FlawlessFlatbreads,EarnestEspressos,12953043
2026-07-09T02:00:13.129486,2026-07-09T02:00:13.139610+00:00,123.6,47,bid,CostlyCorianders,EarnestEspressos,12953046
2026-07-09T02:00:15.100611,2026-07-09T02:00:15.108188+00:00,123.8,50,bid,FlawlessFlatbreads,DiligentDonuts,12953072
2026-07-09T02:00:17.257797,2026-07-09T02:00:17.269824+00:00,123.3,50,ask,DiligentDonuts,FlawlessFlatbreads,12953102
2026-07-09T02:00:17.324145,2026-07-09T02:00:17.333740+00:00,123.3,48,ask,DiligentDonuts,CostlyCorianders,12953104
2026-07-09T02:00:18.305858,2026-07-09T02:00:18.317746+00:00,123.3,2,ask,DiligentDonuts,CostlyCorianders,12953115
2026-07-09T02:00:19.315614,2026-07-09T02:00:19.327804+00:00,123.5,50,bid,FlawlessFlatbreads,DiligentDonuts,12953123
2026-07-09T02:00:20.726016,2026-07-09T02:00:20.733000+00:00,123.2,10,ask,EarnestEspressos,Matthew Hanna,12953146
2026-07-09T02:00:20.938952,2026-07-09T02:00:20.948092+00:00,123.2,10,ask,EarnestEspressos,Matthew Hanna,12953149
2026-07-09T02:00:21.148444,2026-07-09T02:00:21.158572+00:00,123.2,1,ask,EarnestEspressos,Matthew Hanna,12953152
2026-07-09T02:00:21.475853,2026-07-09T02:00:21.485148+00:00,123.0,50,ask,DiligentDonuts,FlawlessFlatbreads,12953156
2026-07-09T02:00:23.145475,2026-07-09T02:00:23.158603+00:00,123.0,41,ask,EarnestEspressos,CostlyCorianders,12953186
2026-07-09T02:00:25.634491,2026-07-09T02:00:25.646230+00:00,123.2,50,bid,FlawlessFlatbreads,DiligentDonuts,12953216
2026-07-09T02:00:27.744770,2026-07-09T02:00:27.752251+00:00,123.2,50,bid,FlawlessFlatbreads,DiligentDonuts,12953249
2026-07-09T02:00:28.004933,2026-07-09T02:00:28.015024+00:00,122.7,47,ask,DiligentDonuts,CostlyCorianders,12953257
2026-07-09T02:00:28.658955,2026-07-09T02:00:28.670700+00:00,123.1,41,bid,CostlyCorianders,EarnestEspressos,12953266
2026-07-09T02:00:29.915252,2026-07-09T02:00:29.926480+00:00,122.8,50,ask,DiligentDonuts,FlawlessFlatbreads,12953287
2026-07-09T02:00:31.974789,2026-07-09T02:00:31.986657+00:00,123.1,50,bid,FlawlessFlatbreads,DiligentDonuts,12953309
2026-07-09T02:00:34.137213,2026-07-09T02:00:34.148465+00:00,122.6,50,ask,DiligentDonuts,FlawlessFlatbreads,12953323
2026-07-09T02:00:34.358711,2026-07-09T02:00:34.368288+00:00,122.7,42,ask,EarnestEspressos,CostlyCorianders,12953326
2026-07-09T02:00:36.199025,2026-07-09T02:00:36.205652+00:00,123.0,50,bid,FlawlessFlatbreads,DiligentDonuts,12953339
2026-07-09T02:00:38.308942,2026-07-09T02:00:38.319355+00:00,123.0,50,bid,FlawlessFlatbreads,EarnestEspressos,12953361
2026-07-09T02:00:40.414706,2026-07-09T02:00:40.426800+00:00,123.0,50,bid,FlawlessFlatbreads,EarnestEspressos,12953393
2026-07-09T02:00:42.523997,2026-07-09T02:00:42.535462+00:00,123.2,50,bid,FlawlessFlatbreads,DiligentDonuts,12953420
2026-07-09T02:00:43.810903,2026-07-09T02:00:43.858622+00:00,123.2,41,bid,CostlyCorianders,DiligentDonuts,12953436
2026-07-09T02:00:44.630576,2026-07-09T02:00:44.637423+00:00,123.6,50,bid,FlawlessFlatbreads,EarnestEspressos,12953452
2026-07-09T02:00:46.340565,2026-07-09T02:00:46.352545+00:00,123.6,49,bid,CostlyCorianders,EarnestEspressos,12953467
2026-07-09T02:00:46.738765,2026-07-09T02:00:46.751247+00:00,123.6,50,bid,FlawlessFlatbreads,EarnestEspressos,12953473
2026-07-09T02:00:46.816468,2026-07-09T02:00:46.826839+00:00,123.7,100,bid,EarnestEspressos,DiligentDonuts,12953476
2026-07-09T02:00:46.831210,2026-07-09T02:00:46.842564+00:00,123.9,10,ask,EarnestEspressos,Matthew Hanna,12953478
2026-07-09T02:00:46.883640,2026-07-09T02:00:46.892072+00:00,123.9,40,ask,EarnestEspressos,Xuanyu Liu,12953479
2026-07-09T02:00:47.292219,2026-07-09T02:00:47.304373+00:00,123.2,45,ask,DiligentDonuts,CostlyCorianders,12953485
2026-07-09T02:00:47.641413,2026-07-09T02:00:47.650632+00:00,123.4,10,ask,DiligentDonuts,Matthew Hanna,12953491
2026-07-09T02:00:47.864541,2026-07-09T02:00:47.874886+00:00,123.4,5,ask,DiligentDonuts,Matthew Hanna,12953494
2026-07-09T02:00:48.848207,2026-07-09T02:00:48.853472+00:00,123.9,50,bid,FlawlessFlatbreads,DiligentDonuts,12953514
2026-07-09T02:00:49.607340,2026-07-09T02:00:49.619251+00:00,123.4,47,ask,DiligentDonuts,CostlyCorianders,12953520
2026-07-09T02:00:50.955281,2026-07-09T02:00:50.964989+00:00,123.7,50,bid,FlawlessFlatbreads,EarnestEspressos,12953537
2026-07-09T02:00:53.062307,2026-07-09T02:00:53.074004+00:00,123.7,50,bid,FlawlessFlatbreads,EarnestEspressos,12953559
2026-07-09T02:00:53.316410,2026-07-09T02:00:53.323627+00:00,123.6,10,ask,EarnestEspressos,Matthew Hanna,12953567
2026-07-09T02:00:53.529643,2026-07-09T02:00:53.537341+00:00,123.6,10,ask,EarnestEspressos,Matthew Hanna,12953571
2026-07-09T02:00:53.741696,2026-07-09T02:00:53.753171+00:00,123.6,5,ask,EarnestEspressos,Matthew Hanna,12953575
2026-07-09T02:00:55.169367,2026-07-09T02:00:55.181135+00:00,123.9,50,bid,FlawlessFlatbreads,DiligentDonuts,12953595
2026-07-09T02:00:55.585932,2026-07-09T02:00:55.598257+00:00,123.9,45,bid,CostlyCorianders,DiligentDonuts,12953599
2026-07-09T02:00:55.640975,2026-07-09T02:00:55.653251+00:00,123.6,49,ask,EarnestEspressos,CostlyCorianders,12953600
2026-07-09T02:00:56.697999,2026-07-09T02:00:56.705626+00:00,123.9,5,bid,CostlyCorianders,DiligentDonuts,12953621
2026-07-09T02:00:56.697999,2026-07-09T02:00:56.710832+00:00,123.9,36,bid,CostlyCorianders,EarnestEspressos,12953622
2026-07-09T02:00:57.073222,2026-07-09T02:00:57.080949+00:00,123.9,100,bid,DiligentDonuts,EarnestEspressos,12953630
2026-07-09T02:00:57.524498,2026-07-09T02:00:57.536788+00:00,123.9,3,bid,Xuanyu Liu,EarnestEspressos,12953640
2026-07-09T02:00:59.432754,2026-07-09T02:00:59.444466+00:00,123.4,50,ask,EarnestEspressos,FlawlessFlatbreads,12953668
2026-07-09T02:01:01.539534,2026-07-09T02:01:01.551362+00:00,123.9,50,ask,EarnestEspressos,FlawlessFlatbreads,12953696
2026-07-09T02:01:03.682207,2026-07-09T02:01:03.694589+00:00,123.7,50,ask,EarnestEspressos,FlawlessFlatbreads,12953719
2026-07-09T02:01:06.452081,2026-07-09T02:01:06.454968+00:00,123.6,47,ask,EarnestEspressos,CostlyCorianders,12953756
2026-07-09T02:01:07.895858,2026-07-09T02:01:07.907655+00:00,123.7,50,ask,DiligentDonuts,FlawlessFlatbreads,12953775
2026-07-09T02:01:10.002021,2026-07-09T02:01:10.014219+00:00,123.6,50,ask,EarnestEspressos,FlawlessFlatbreads,12953812
2026-07-09T02:01:10.055874,2026-07-09T02:01:10.067803+00:00,124.1,45,bid,CostlyCorianders,EarnestEspressos,12953813
2026-07-09T02:01:12.110325,2026-07-09T02:01:12.122435+00:00,123.6,50,ask,EarnestEspressos,FlawlessFlatbreads,12953838
2026-07-09T02:01:12.240373,2026-07-09T02:01:12.257329+00:00,123.9,11,bid,Xuanyu Liu,EarnestEspressos,12953841
2026-07-09T02:01:14.012101,2026-07-09T02:01:14.024366+00:00,123.9,43,bid,CostlyCorianders,EarnestEspressos,12953869
2026-07-09T02:01:15.011519,2026-07-09T02:01:15.023260+00:00,123.8,48,ask,DiligentDonuts,CostlyCorianders,12953889
2026-07-09T02:01:16.343542,2026-07-09T02:01:16.352702+00:00,123.5,50,ask,EarnestEspressos,FlawlessFlatbreads,12953904
2026-07-09T02:01:18.450333,2026-07-09T02:01:18.458568+00:00,123.4,50,ask,DiligentDonuts,FlawlessFlatbreads,12953936
2026-07-09T02:01:19.368711,2026-07-09T02:01:19.380470+00:00,123.7,42,bid,CostlyCorianders,DiligentDonuts,12953946
2026-07-09T02:01:20.564891,2026-07-09T02:01:20.590275+00:00,123.4,50,ask,EarnestEspressos,FlawlessFlatbreads,12953968
2026-07-09T02:01:21.038697,2026-07-09T02:01:21.048465+00:00,123.7,40,bid,CostlyCorianders,DiligentDonuts,12953978
2026-07-09T02:01:21.122158,2026-07-09T02:01:21.130840+00:00,123.7,18,bid,Xuanyu Liu,DiligentDonuts,12953981
2026-07-09T02:01:21.722720,2026-07-09T02:01:21.735076+00:00,123.7,5,bid,Xuanyu Liu,EarnestEspressos,12953989
2026-07-09T02:01:22.090438,2026-07-09T02:01:22.098900+00:00,123.2,40,ask,DiligentDonuts,CostlyCorianders,12953993
2026-07-09T02:01:22.673093,2026-07-09T02:01:22.685375+00:00,123.6,50,ask,DiligentDonuts,FlawlessFlatbreads,12953999
2026-07-09T02:01:23.631517,2026-07-09T02:01:23.638480+00:00,123.6,40,ask,DiligentDonuts,CostlyCorianders,12954022
2026-07-09T02:01:24.731942,2026-07-09T02:01:24.744078+00:00,123.7,50,bid,FlawlessFlatbreads,EarnestEspressos,12954037
2026-07-09T02:01:26.042048,2026-07-09T02:01:26.053852+00:00,123.8,40,bid,CostlyCorianders,EarnestEspressos,12954055
2026-07-09T02:01:26.865542,2026-07-09T02:01:26.875417+00:00,123.8,50,bid,FlawlessFlatbreads,EarnestEspressos,12954069
2026-07-09T02:01:28.596774,2026-07-09T02:01:28.608816+00:00,123.5,41,ask,EarnestEspressos,CostlyCorianders,12954085
2026-07-09T02:01:29.664587,2026-07-09T02:01:29.673934+00:00,123.5,43,ask,EarnestEspressos,CostlyCorianders,12954098
2026-07-09T02:01:31.048727,2026-07-09T02:01:31.057245+00:00,123.6,40,bid,CostlyCorianders,DiligentDonuts,12954123
2026-07-09T02:01:31.108766,2026-07-09T02:01:31.118099+00:00,123.6,50,bid,FlawlessFlatbreads,DiligentDonuts,12954124
2026-07-09T02:01:32.288332,2026-07-09T02:01:32.295188+00:00,123.8,48,bid,CostlyCorianders,EarnestEspressos,12954143
2026-07-09T02:01:33.275807,2026-07-09T02:01:33.290523+00:00,123.3,50,ask,EarnestEspressos,FlawlessFlatbreads,12954152
2026-07-09T02:01:34.312444,2026-07-09T02:01:34.319804+00:00,123.3,49,ask,DiligentDonuts,CostlyCorianders,12954173
2026-07-09T02:01:35.331874,2026-07-09T02:01:35.339667+00:00,123.6,50,bid,FlawlessFlatbreads,EarnestEspressos,12954183
2026-07-09T02:01:39.476033,2026-07-09T02:01:39.484784+00:00,123.7,45,bid,CostlyCorianders,DiligentDonuts,12954244
2026-07-09T02:01:39.529647,2026-07-09T02:01:39.541609+00:00,123.5,48,ask,EarnestEspressos,CostlyCorianders,12954245
2026-07-09T02:01:39.593057,2026-07-09T02:01:39.605057+00:00,123.5,50,ask,EarnestEspressos,FlawlessFlatbreads,12954246
2026-07-09T02:01:40.045865,2026-07-09T02:01:40.057576+00:00,123.5,47,ask,EarnestEspressos,CostlyCorianders,12954249
2026-07-09T02:01:40.706603,2026-07-09T02:01:40.716095+00:00,123.3,3,bid,Xuanyu Liu,EarnestEspressos,12954262
2026-07-09T02:01:40.841541,2026-07-09T02:01:40.852922+00:00,123.3,10,bid,Matthew Hanna,EarnestEspressos,12954266
2026-07-09T02:01:41.053707,2026-07-09T02:01:41.063796+00:00,123.3,10,bid,Matthew Hanna,EarnestEspressos,12954271
2026-07-09T02:01:41.179028,2026-07-09T02:01:41.190699+00:00,123.3,42,bid,CostlyCorianders,EarnestEspressos,12954272
2026-07-09T02:01:41.263336,2026-07-09T02:01:41.271853+00:00,123.3,5,bid,Matthew Hanna,EarnestEspressos,12954275
2026-07-09T02:01:41.393543,2026-07-09T02:01:41.402366+00:00,123.3,80,bid,DiligentDonuts,EarnestEspressos,12954278
2026-07-09T02:01:41.675241,2026-07-09T02:01:41.697031+00:00,123.9,41,bid,CostlyCorianders,DiligentDonuts,12954282
2026-07-09T02:01:42.152266,2026-07-09T02:01:42.164037+00:00,123.4,20,ask,DiligentDonuts,CostlyCorianders,12954288
2026-07-09T02:01:42.613300,2026-07-09T02:01:42.620381+00:00,123.9,44,bid,CostlyCorianders,DiligentDonuts,12954292
2026-07-09T02:01:45.906590,2026-07-09T02:01:45.918441+00:00,123.5,50,ask,EarnestEspressos,FlawlessFlatbreads,12954333
2026-07-09T02:01:48.014009,2026-07-09T02:01:48.025949+00:00,123.3,50,ask,DiligentDonuts,FlawlessFlatbreads,12954364
2026-07-09T02:01:50.070337,2026-07-09T02:01:50.082461+00:00,123.7,50,bid,FlawlessFlatbreads,EarnestEspressos,12954395
2026-07-09T02:01:54.334726,2026-07-09T02:01:54.346433+00:00,123.6,50,ask,EarnestEspressos,FlawlessFlatbreads,12954455
2026-07-09T02:01:57.653724,2026-07-09T02:01:57.665560+00:00,123.4,44,ask,EarnestEspressos,CostlyCorianders,12954505
2026-07-09T02:01:58.545578,2026-07-09T02:01:58.554999+00:00,123.4,50,ask,EarnestEspressos,FlawlessFlatbreads,12954516
2026-07-09T02:01:59.672570,2026-07-09T02:01:59.684330+00:00,123.3,100,ask,DiligentDonuts,EarnestEspressos,12954531
2026-07-09T02:02:00.209192,2026-07-09T02:02:00.221017+00:00,123.3,43,bid,CostlyCorianders,EarnestEspressos,12954542
2026-07-09T02:02:00.601908,2026-07-09T02:02:00.614204+00:00,123.3,7,bid,FlawlessFlatbreads,EarnestEspressos,12954560
2026-07-09T02:02:00.601908,2026-07-09T02:02:00.614204+00:00,123.3,43,bid,FlawlessFlatbreads,DiligentDonuts,12954561
2026-07-09T02:02:02.764001,2026-07-09T02:02:02.775752+00:00,122.8,50,ask,DiligentDonuts,FlawlessFlatbreads,12954595
2026-07-09T02:02:02.783052,2026-07-09T02:02:02.794737+00:00,123.3,57,bid,EarnestEspressos,DiligentDonuts,12954596
2026-07-09T02:02:02.830339,2026-07-09T02:02:02.840221+00:00,123.4,48,ask,EarnestEspressos,CostlyCorianders,12954597
2026-07-09T02:02:08.063843,2026-07-09T02:02:08.075544+00:00,123.6,43,bid,CostlyCorianders,EarnestEspressos,12954670
2026-07-09T02:02:09.025702,2026-07-09T02:02:09.036306+00:00,123.6,50,bid,FlawlessFlatbreads,EarnestEspressos,12954682
2026-07-09T02:02:10.854462,2026-07-09T02:02:10.851524+00:00,123.4,47,bid,CostlyCorianders,DiligentDonuts,12954703
2026-07-09T02:02:10.909297,2026-07-09T02:02:10.920650+00:00,123.3,42,ask,EarnestEspressos,CostlyCorianders,12954704
2026-07-09T02:02:11.133120,2026-07-09T02:02:11.145341+00:00,123.4,50,bid,FlawlessFlatbreads,DiligentDonuts,12954706
2026-07-09T02:02:12.117520,2026-07-09T02:02:12.135402+00:00,123.3,44,ask,EarnestEspressos,CostlyCorianders,12954721
2026-07-09T02:02:13.268189,2026-07-09T02:02:13.279390+00:00,123.4,50,bid,FlawlessFlatbreads,EarnestEspressos,12954739
2026-07-09T02:02:13.273536,2026-07-09T02:02:13.284662+00:00,123.3,48,ask,DiligentDonuts,CostlyCorianders,12954740
2026-07-09T02:02:14.986888,2026-07-09T02:02:14.998812+00:00,123.4,45,bid,CostlyCorianders,EarnestEspressos,12954763
2026-07-09T02:02:15.039855,2026-07-09T02:02:15.089687+00:00,123.3,3,ask,DiligentDonuts,Xuanyu Liu,12954766
2026-07-09T02:02:15.375756,2026-07-09T02:02:15.387834+00:00,123.4,50,bid,FlawlessFlatbreads,EarnestEspressos,12954769
2026-07-09T02:02:17.510626,2026-07-09T02:02:17.520438+00:00,123.5,50,bid,FlawlessFlatbreads,DiligentDonuts,12954804
2026-07-09T02:02:18.037009,2026-07-09T02:02:18.048935+00:00,123.3,46,ask,EarnestEspressos,CostlyCorianders,12954812
2026-07-09T02:02:19.619422,2026-07-09T02:02:19.631321+00:00,123.6,50,bid,FlawlessFlatbreads,DiligentDonuts,12954835
2026-07-09T02:02:20.304446,2026-07-09T02:02:20.314277+00:00,123.4,11,ask,EarnestEspressos,Xuanyu Liu,12954859
2026-07-09T02:02:21.729475,2026-07-09T02:02:21.743210+00:00,123.6,50,bid,FlawlessFlatbreads,DiligentDonuts,12954880
2026-07-09T02:02:23.838241,2026-07-09T02:02:23.850311+00:00,123.6,50,bid,FlawlessFlatbreads,EarnestEspressos,12954914
2026-07-09T02:02:25.972220,2026-07-09T02:02:25.980150+00:00,123.8,50,bid,FlawlessFlatbreads,EarnestEspressos,12954946
2026-07-09T02:02:28.080282,2026-07-09T02:02:28.091942+00:00,123.8,50,bid,FlawlessFlatbreads,DiligentDonuts,12954977
2026-07-09T02:02:28.364267,2026-07-09T02:02:28.373502+00:00,123.8,46,bid,CostlyCorianders,DiligentDonuts,12954986
2026-07-09T02:02:28.905192,2026-07-09T02:02:28.913470+00:00,123.8,12,ask,DiligentDonuts,Xuanyu Liu,12954990
2026-07-09T02:02:28.965223,2026-07-09T02:02:28.974446+00:00,123.8,10,ask,DiligentDonuts,Matthew Hanna,12954993
2026-07-09T02:02:29.082163,2026-07-09T02:02:29.090928+00:00,123.8,11,ask,DiligentDonuts,Xuanyu Liu,12954996
2026-07-09T02:02:29.175136,2026-07-09T02:02:29.185999+00:00,123.8,10,ask,DiligentDonuts,Matthew Hanna,12955000
2026-07-09T02:02:29.386167,2026-07-09T02:02:29.397451+00:00,123.8,5,ask,DiligentDonuts,Matthew Hanna,12955005
2026-07-09T02:02:29.480620,2026-07-09T02:02:29.490724+00:00,123.8,12,ask,DiligentDonuts,Xuanyu Liu,12955007
2026-07-09T02:02:29.622660,2026-07-09T02:02:29.634353+00:00,123.8,10,ask,DiligentDonuts,Matthew Hanna,12955012
2026-07-09T02:02:29.834368,2026-07-09T02:02:29.845144+00:00,123.8,10,ask,DiligentDonuts,Matthew Hanna,12955021
2026-07-09T02:02:29.885258,2026-07-09T02:02:29.897319+00:00,123.8,20,ask,DiligentDonuts,CostlyCorianders,12955022
2026-07-09T02:02:29.885258,2026-07-09T02:02:29.897319+00:00,123.7,27,ask,EarnestEspressos,CostlyCorianders,12955023
2026-07-09T02:02:30.281440,2026-07-09T02:02:30.290541+00:00,123.7,50,ask,EarnestEspressos,FlawlessFlatbreads,12955031
2026-07-09T02:02:30.925255,2026-07-09T02:02:30.932529+00:00,124.2,47,bid,CostlyCorianders,EarnestEspressos,12955046
2026-07-09T02:02:32.388545,2026-07-09T02:02:32.400318+00:00,123.8,50,ask,EarnestEspressos,FlawlessFlatbreads,12955065
2026-07-09T02:02:34.016645,2026-07-09T02:02:34.023858+00:00,123.8,45,ask,EarnestEspressos,CostlyCorianders,12955092
2026-07-09T02:02:34.516815,2026-07-09T02:02:34.537205+00:00,123.7,50,ask,DiligentDonuts,FlawlessFlatbreads,12955099
2026-07-09T02:02:34.527197,2026-07-09T02:02:34.537205+00:00,123.8,12,bid,Xuanyu Liu,EarnestEspressos,12955100
2026-07-09T02:02:36.048215,2026-07-09T02:02:36.057339+00:00,123.8,23,bid,Xuanyu Liu,EarnestEspressos,12955120
2026-07-09T02:02:36.624733,2026-07-09T02:02:36.633280+00:00,123.5,50,ask,DiligentDonuts,FlawlessFlatbreads,12955128
2026-07-09T02:02:38.408844,2026-07-09T02:02:38.416499+00:00,124.1,43,bid,CostlyCorianders,EarnestEspressos,12955169
2026-07-09T02:02:38.681060,2026-07-09T02:02:38.694791+00:00,124.0,50,bid,FlawlessFlatbreads,DiligentDonuts,12955171
2026-07-09T02:02:40.703712,2026-07-09T02:02:40.715503+00:00,123.6,48,ask,EarnestEspressos,CostlyCorianders,12955204
2026-07-09T02:02:40.789346,2026-07-09T02:02:40.800450+00:00,124.0,50,bid,FlawlessFlatbreads,DiligentDonuts,12955205
2026-07-09T02:02:42.976321,2026-07-09T02:02:42.988023+00:00,123.7,50,ask,DiligentDonuts,FlawlessFlatbreads,12955229
2026-07-09T02:02:44.434780,2026-07-09T02:02:44.441957+00:00,123.9,45,bid,CostlyCorianders,EarnestEspressos,12955247
2026-07-09T02:02:45.081924,2026-07-09T02:02:45.090235+00:00,123.4,50,ask,EarnestEspressos,FlawlessFlatbreads,12955261
2026-07-09T02:02:47.193564,2026-07-09T02:02:47.201697+00:00,123.5,50,ask,EarnestEspressos,FlawlessFlatbreads,12955284
2026-07-09T02:02:49.299858,2026-07-09T02:02:49.311824+00:00,123.6,50,ask,DiligentDonuts,FlawlessFlatbreads,12955315
2026-07-09T02:02:49.583755,2026-07-09T02:02:49.593846+00:00,123.6,44,ask,DiligentDonuts,CostlyCorianders,12955317
2026-07-09T02:02:50.553893,2026-07-09T02:02:50.562236+00:00,123.7,11,bid,Xuanyu Liu,EarnestEspressos,12955333
2026-07-09T02:02:51.356335,2026-07-09T02:02:51.367977+00:00,123.7,50,bid,FlawlessFlatbreads,EarnestEspressos,12955341
2026-07-09T02:02:53.041918,2026-07-09T02:02:53.058587+00:00,123.7,49,bid,CostlyCorianders,EarnestEspressos,12955364
2026-07-09T02:02:53.520706,2026-07-09T02:02:53.529452+00:00,123.6,50,ask,EarnestEspressos,FlawlessFlatbreads,12955366
2026-07-09T02:02:55.641371,2026-07-09T02:02:55.656398+00:00,123.6,50,ask,EarnestEspressos,FlawlessFlatbreads,12955396
2026-07-09T02:02:55.697373,2026-07-09T02:02:55.709391+00:00,123.6,49,ask,EarnestEspressos,CostlyCorianders,12955397
2026-07-09T02:02:58.434657,2026-07-09T02:02:58.443254+00:00,123.7,3,bid,Xuanyu Liu,EarnestEspressos,12955438
2026-07-09T02:02:58.497097,2026-07-09T02:02:58.505442+00:00,123.7,10,bid,Matthew Hanna,EarnestEspressos,12955442
2026-07-09T02:02:58.707168,2026-07-09T02:02:58.718071+00:00,123.7,10,bid,Matthew Hanna,EarnestEspressos,12955449
2026-07-09T02:02:59.851979,2026-07-09T02:02:59.858582+00:00,123.4,50,ask,DiligentDonuts,FlawlessFlatbreads,12955455
2026-07-09T02:03:04.064322,2026-07-09T02:03:04.075953+00:00,123.2,50,ask,EarnestEspressos,FlawlessFlatbreads,12955512
2026-07-09T02:03:06.171221,2026-07-09T02:03:06.183138+00:00,123.1,50,ask,DiligentDonuts,FlawlessFlatbreads,12955553
2026-07-09T02:03:07.847633,2026-07-09T02:03:07.853849+00:00,123.5,44,bid,CostlyCorianders,DiligentDonuts,12955579
2026-07-09T02:03:08.279819,2026-07-09T02:03:08.291468+00:00,123.1,50,ask,EarnestEspressos,FlawlessFlatbreads,12955584
2026-07-09T02:03:08.447776,2026-07-09T02:03:08.458582+00:00,123.5,49,bid,CostlyCorianders,DiligentDonuts,12955593
2026-07-09T02:03:08.974505,2026-07-09T02:03:08.985063+00:00,123.5,7,bid,Matthew Hanna,DiligentDonuts,12955606
2026-07-09T02:03:09.185518,2026-07-09T02:03:09.196910+00:00,123.6,10,bid,Matthew Hanna,EarnestEspressos,12955609
2026-07-09T02:03:09.396756,2026-07-09T02:03:09.407479+00:00,123.6,8,bid,Matthew Hanna,EarnestEspressos,12955611
2026-07-09T02:03:10.049457,2026-07-09T02:03:10.061141+00:00,123.6,49,bid,CostlyCorianders,EarnestEspressos,12955612
2026-07-09T02:03:10.386743,2026-07-09T02:03:10.398591+00:00,123.5,50,ask,DiligentDonuts,FlawlessFlatbreads,12955623
2026-07-09T02:03:12.133538,2026-07-09T02:03:12.142502+00:00,123.5,49,ask,DiligentDonuts,CostlyCorianders,12955646
2026-07-09T02:03:12.497616,2026-07-09T02:03:12.506897+00:00,123.5,1,ask,DiligentDonuts,FlawlessFlatbreads,12955653
2026-07-09T02:03:12.497616,2026-07-09T02:03:12.506897+00:00,123.3,49,ask,EarnestEspressos,FlawlessFlatbreads,12955654
2026-07-09T02:03:12.786351,2026-07-09T02:03:12.789543+00:00,123.8,48,bid,CostlyCorianders,EarnestEspressos,12955663
2026-07-09T02:03:14.605974,2026-07-09T02:03:14.614265+00:00,123.3,50,ask,EarnestEspressos,FlawlessFlatbreads,12955676
2026-07-09T02:03:16.713509,2026-07-09T02:03:16.722795+00:00,123.3,50,ask,DiligentDonuts,FlawlessFlatbreads,12955715
2026-07-09T02:03:18.821054,2026-07-09T02:03:18.833070+00:00,123.3,50,ask,DiligentDonuts,FlawlessFlatbreads,12955753
2026-07-09T02:03:19.531029,2026-07-09T02:03:19.542622+00:00,123.6,14,bid,Xuanyu Liu,EarnestEspressos,12955765
2026-07-09T02:03:19.624168,2026-07-09T02:03:19.633795+00:00,123.5,12,bid,Xuanyu Liu,DiligentDonuts,12955771
2026-07-09T02:03:19.627292,2026-07-09T02:03:19.633795+00:00,123.5,10,bid,Matthew Hanna,DiligentDonuts,12955772
2026-07-09T02:03:19.863538,2026-07-09T02:03:19.874917+00:00,123.5,10,bid,Matthew Hanna,DiligentDonuts,12955778
2026-07-09T02:03:20.073925,2026-07-09T02:03:20.085501+00:00,123.5,10,bid,Matthew Hanna,DiligentDonuts,12955782
2026-07-09T02:03:20.148426,2026-07-09T02:03:20.168911+00:00,123.1,45,ask,EarnestEspressos,CostlyCorianders,12955783
2026-07-09T02:03:20.346257,2026-07-09T02:03:20.358593+00:00,123.5,10,bid,Matthew Hanna,DiligentDonuts,12955787
2026-07-09T02:03:20.556283,2026-07-09T02:03:20.558529+00:00,123.5,10,bid,Matthew Hanna,DiligentDonuts,12955792
2026-07-09T02:03:20.929828,2026-07-09T02:03:20.940007+00:00,123.1,50,ask,EarnestEspressos,FlawlessFlatbreads,12955798
2026-07-09T02:03:22.179983,2026-07-09T02:03:22.190678+00:00,123.5,10,bid,Matthew Hanna,DiligentDonuts,12955822
2026-07-09T02:03:22.393504,2026-07-09T02:03:22.403215+00:00,123.5,5,bid,Matthew Hanna,DiligentDonuts,12955828
2026-07-09T02:03:22.719580,2026-07-09T02:03:22.731321+00:00,123.5,100,bid,DiligentDonuts,EarnestEspressos,12955835
2026-07-09T02:03:22.810610,2026-07-09T02:03:22.822392+00:00,123.5,42,bid,CostlyCorianders,EarnestEspressos,12955839
2026-07-09T02:03:23.038311,2026-07-09T02:03:23.049686+00:00,123.0,50,ask,EarnestEspressos,FlawlessFlatbreads,12955841
2026-07-09T02:03:23.895638,2026-07-09T02:03:23.902236+00:00,123.0,49,ask,EarnestEspressos,CostlyCorianders,12955859
2026-07-09T02:03:25.149678,2026-07-09T02:03:25.154973+00:00,123.2,50,ask,EarnestEspressos,FlawlessFlatbreads,12955876
2026-07-09T02:03:27.255783,2026-07-09T02:03:27.253604+00:00,123.2,50,ask,EarnestEspressos,FlawlessFlatbreads,12955917
2026-07-09T02:03:28.067004,2026-07-09T02:03:28.078853+00:00,123.6,48,bid,CostlyCorianders,DiligentDonuts,12955922
2026-07-09T02:03:28.347684,2026-07-09T02:03:28.363891+00:00,123.2,23,bid,Xuanyu Liu,EarnestEspressos,12955926
2026-07-09T02:03:28.417800,2026-07-09T02:03:28.428904+00:00,123.2,10,bid,Matthew Hanna,EarnestEspressos,12955935
2026-07-09T02:03:28.630836,2026-07-09T02:03:28.640347+00:00,123.2,10,bid,Matthew Hanna,EarnestEspressos,12955942
2026-07-09T02:03:28.844870,2026-07-09T02:03:28.853754+00:00,123.2,5,bid,Matthew Hanna,EarnestEspressos,12955946
2026-07-09T02:03:29.043392,2026-07-09T02:03:29.051068+00:00,123.2,100,bid,DiligentDonuts,EarnestEspressos,12955948
2026-07-09T02:03:29.136018,2026-07-09T02:03:29.147534+00:00,123.2,2,bid,CostlyCorianders,EarnestEspressos,12955949
2026-07-09T02:03:29.368975,2026-07-09T02:03:29.378791+00:00,122.7,50,ask,EarnestEspressos,FlawlessFlatbreads,12955951
2026-07-09T02:03:31.475809,2026-07-09T02:03:31.487992+00:00,123.4,50,ask,EarnestEspressos,FlawlessFlatbreads,12955986
2026-07-09T02:03:34.014163,2026-07-09T02:03:34.026122+00:00,123.4,47,ask,EarnestEspressos,CostlyCorianders,12956017
2026-07-09T02:03:34.923115,2026-07-09T02:03:34.933663+00:00,123.7,48,bid,CostlyCorianders,DiligentDonuts,12956026
2026-07-09T02:03:35.457166,2026-07-09T02:03:35.468713+00:00,123.4,48,ask,DiligentDonuts,CostlyCorianders,12956038
2026-07-09T02:03:35.637386,2026-07-09T02:03:35.652230+00:00,123.7,50,bid,FlawlessFlatbreads,EarnestEspressos,12956041
2026-07-09T02:03:37.745267,2026-07-09T02:03:37.756854+00:00,123.9,50,bid,FlawlessFlatbreads,DiligentDonuts,12956069
2026-07-09T02:03:37.884572,2026-07-09T02:03:37.893992+00:00,123.8,48,bid,CostlyCorianders,EarnestEspressos,12956070
2026-07-09T02:03:39.035191,2026-07-09T02:03:39.043221+00:00,123.8,42,bid,CostlyCorianders,EarnestEspressos,12956084
2026-07-09T02:03:42.022516,2026-07-09T02:03:42.034673+00:00,123.4,50,ask,EarnestEspressos,FlawlessFlatbreads,12956120
2026-07-09T02:03:44.201180,2026-07-09T02:03:44.221300+00:00,123.3,50,ask,EarnestEspressos,FlawlessFlatbreads,12956153
2026-07-09T02:03:46.258258,2026-07-09T02:03:46.270501+00:00,123.7,50,bid,FlawlessFlatbreads,DiligentDonuts,12956183
2026-07-09T02:03:48.419464,2026-07-09T02:03:48.430115+00:00,123.6,50,ask,DiligentDonuts,FlawlessFlatbreads,12956226
2026-07-09T02:03:49.279841,2026-07-09T02:03:49.291915+00:00,123.6,44,ask,DiligentDonuts,CostlyCorianders,12956234
2026-07-09T02:03:50.526992,2026-07-09T02:03:50.538716+00:00,123.6,6,ask,DiligentDonuts,FlawlessFlatbreads,12956251
2026-07-09T02:03:50.526992,2026-07-09T02:03:50.538716+00:00,123.5,44,ask,EarnestEspressos,FlawlessFlatbreads,12956252
2026-07-09T02:03:51.197600,2026-07-09T02:03:51.209440+00:00,124.0,49,bid,CostlyCorianders,EarnestEspressos,12956263
2026-07-09T02:03:54.689893,2026-07-09T02:03:54.701840+00:00,123.8,50,bid,FlawlessFlatbreads,EarnestEspressos,12956305
2026-07-09T02:03:56.808329,2026-07-09T02:03:56.818418+00:00,124.0,50,bid,FlawlessFlatbreads,DiligentDonuts,12956340
2026-07-09T02:03:58.204296,2026-07-09T02:03:58.216655+00:00,123.8,42,ask,EarnestEspressos,CostlyCorianders,12956357
2026-07-09T02:03:58.699145,2026-07-09T02:03:58.710849+00:00,123.8,45,ask,EarnestEspressos,CostlyCorianders,12956361
2026-07-09T02:03:58.914936,2026-07-09T02:03:58.926855+00:00,124.2,50,bid,FlawlessFlatbreads,DiligentDonuts,12956366
2026-07-09T02:03:59.328524,2026-07-09T02:03:59.335793+00:00,123.8,43,ask,EarnestEspressos,CostlyCorianders,12956372
2026-07-09T02:04:00.029999,2026-07-09T02:04:00.053900+00:00,123.7,100,ask,DiligentDonuts,EarnestEspressos,12956379
2026-07-09T02:04:00.043004,2026-07-09T02:04:00.053900+00:00,123.7,11,bid,Xuanyu Liu,EarnestEspressos,12956380
2026-07-09T02:04:00.114081,2026-07-09T02:04:00.125588+00:00,123.7,10,bid,Matthew Hanna,EarnestEspressos,12956383
2026-07-09T02:04:00.326599,2026-07-09T02:04:00.335996+00:00,123.7,10,bid,Matthew Hanna,EarnestEspressos,12956386
2026-07-09T02:04:00.536927,2026-07-09T02:04:00.543354+00:00,123.7,5,bid,Matthew Hanna,EarnestEspressos,12956393
2026-07-09T02:04:01.109600,2026-07-09T02:04:01.120807+00:00,123.5,50,ask,DiligentDonuts,FlawlessFlatbreads,12956400
2026-07-09T02:04:02.290699,2026-07-09T02:04:02.302537+00:00,123.7,14,bid,CostlyCorianders,EarnestEspressos,12956414
2026-07-09T02:04:02.290699,2026-07-09T02:04:02.302537+00:00,124.0,31,bid,CostlyCorianders,DiligentDonuts,12956415
2026-07-09T02:04:03.165531,2026-07-09T02:04:03.177283+00:00,124.0,50,bid,FlawlessFlatbreads,DiligentDonuts,12956426
2026-07-09T02:04:03.318480,2026-07-09T02:04:03.330254+00:00,123.8,41,ask,EarnestEspressos,CostlyCorianders,12956428
2026-07-09T02:04:07.409055,2026-07-09T02:04:07.418176+00:00,124.1,50,bid,FlawlessFlatbreads,EarnestEspressos,12956483
2026-07-09T02:04:08.259965,2026-07-09T02:04:08.271491+00:00,124.1,45,bid,CostlyCorianders,EarnestEspressos,12956495
2026-07-09T02:04:09.475897,2026-07-09T02:04:09.488471+00:00,124.2,23,ask,EarnestEspressos,Xuanyu Liu,12956511
2026-07-09T02:04:09.568043,2026-07-09T02:04:09.579889+00:00,124.2,50,ask,EarnestEspressos,FlawlessFlatbreads,12956514
2026-07-09T02:04:09.619538,2026-07-09T02:04:09.628757+00:00,124.2,11,ask,EarnestEspressos,Xuanyu Liu,12956515
2026-07-09T02:04:10.229734,2026-07-09T02:04:10.241709+00:00,124.2,66,ask,EarnestEspressos,DiligentDonuts,12956519
2026-07-09T02:04:11.676316,2026-07-09T02:04:11.697347+00:00,123.7,50,ask,DiligentDonuts,FlawlessFlatbreads,12956537
2026-07-09T02:04:12.151006,2026-07-09T02:04:12.153535+00:00,124.2,34,bid,CostlyCorianders,DiligentDonuts,12956548
2026-07-09T02:04:12.151006,2026-07-09T02:04:12.153535+00:00,124.7,8,bid,CostlyCorianders,EarnestEspressos,12956549
2026-07-09T02:04:13.783473,2026-07-09T02:04:13.794951+00:00,123.9,50,ask,DiligentDonuts,FlawlessFlatbreads,12956565
2026-07-09T02:04:15.892441,2026-07-09T02:04:15.904157+00:00,123.9,50,ask,DiligentDonuts,FlawlessFlatbreads,12956599
2026-07-09T02:04:16.573858,2026-07-09T02:04:16.583635+00:00,124.1,11,bid,Xuanyu Liu,DiligentDonuts,12956608
2026-07-09T02:04:17.920490,2026-07-09T02:04:17.931088+00:00,124.1,48,bid,CostlyCorianders,DiligentDonuts,12956626
2026-07-09T02:04:20.076128,2026-07-09T02:04:20.088006+00:00,124.1,50,bid,FlawlessFlatbreads,EarnestEspressos,12956663
2026-07-09T02:04:20.620780,2026-07-09T02:04:20.632583+00:00,123.7,40,ask,DiligentDonuts,CostlyCorianders,12956671
2026-07-09T02:04:22.185620,2026-07-09T02:04:22.197281+00:00,124.2,50,bid,FlawlessFlatbreads,DiligentDonuts,12956695
2026-07-09T02:04:22.241341,2026-07-09T02:04:22.249119+00:00,124.2,49,bid,CostlyCorianders,DiligentDonuts,12956696
2026-07-09T02:04:24.298748,2026-07-09T02:04:24.305769+00:00,124.4,50,bid,FlawlessFlatbreads,EarnestEspressos,12956725
2026-07-09T02:04:25.959616,2026-07-09T02:04:25.968981+00:00,124.4,46,ask,EarnestEspressos,CostlyCorianders,12956754
2026-07-09T02:04:26.407622,2026-07-09T02:04:26.414750+00:00,124.6,50,bid,FlawlessFlatbreads,DiligentDonuts,12956764
2026-07-09T02:04:26.516475,2026-07-09T02:04:26.525560+00:00,124.4,47,ask,EarnestEspressos,CostlyCorianders,12956765
2026-07-09T02:04:26.543939,2026-07-09T02:04:26.556810+00:00,124.4,11,ask,EarnestEspressos,Xuanyu Liu,12956766
2026-07-09T02:04:26.573433,2026-07-09T02:04:26.582583+00:00,124.4,23,ask,EarnestEspressos,Xuanyu Liu,12956768
2026-07-09T02:04:26.596298,2026-07-09T02:04:26.603109+00:00,124.4,10,ask,EarnestEspressos,Matthew Hanna,12956771
2026-07-09T02:04:26.807323,2026-07-09T02:04:26.818677+00:00,124.4,10,ask,EarnestEspressos,Matthew Hanna,12956777
2026-07-09T02:04:27.017710,2026-07-09T02:04:27.026831+00:00,124.4,3,ask,EarnestEspressos,Matthew Hanna,12956781
2026-07-09T02:04:28.511131,2026-07-09T02:04:28.530063+00:00,124.1,100,ask,DiligentDonuts,EarnestEspressos,12956799
2026-07-09T02:04:28.516044,2026-07-09T02:04:28.530063+00:00,124.0,50,bid,FlawlessFlatbreads,EarnestEspressos,12956801
2026-07-09T02:04:31.424153,2026-07-09T02:04:31.428525+00:00,124.3,34,bid,Xuanyu Liu,DiligentDonuts,12956851
2026-07-09T02:04:31.620772,2026-07-09T02:04:31.632701+00:00,124.3,66,bid,EarnestEspressos,DiligentDonuts,12956859
2026-07-09T02:04:31.959352,2026-07-09T02:04:31.966639+00:00,124.3,46,ask,EarnestEspressos,CostlyCorianders,12956865
2026-07-09T02:04:32.775383,2026-07-09T02:04:32.786837+00:00,124.3,38,ask,EarnestEspressos,FlawlessFlatbreads,12956880
2026-07-09T02:04:32.775383,2026-07-09T02:04:32.786837+00:00,124.2,12,ask,DiligentDonuts,FlawlessFlatbreads,12956881
2026-07-09T02:04:34.836200,2026-07-09T02:04:34.848109+00:00,124.2,88,ask,DiligentDonuts,EarnestEspressos,12956909
2026-07-09T02:04:34.859244,2026-07-09T02:04:34.869764+00:00,124.2,12,bid,Xuanyu Liu,EarnestEspressos,12956910
2026-07-09T02:04:34.882395,2026-07-09T02:04:34.893957+00:00,123.7,50,ask,EarnestEspressos,FlawlessFlatbreads,12956912
2026-07-09T02:04:36.737271,2026-07-09T02:04:36.745650+00:00,124.2,44,bid,CostlyCorianders,EarnestEspressos,12956940
2026-07-09T02:04:36.989113,2026-07-09T02:04:37.001179+00:00,124.0,50,ask,DiligentDonuts,FlawlessFlatbreads,12956948
2026-07-09T02:04:37.693820,2026-07-09T02:04:37.705897+00:00,124.0,42,ask,DiligentDonuts,CostlyCorianders,12956956
2026-07-09T02:04:41.175105,2026-07-09T02:04:41.184785+00:00,124.1,50,bid,FlawlessFlatbreads,DiligentDonuts,12957004
2026-07-09T02:04:43.334214,2026-07-09T02:04:43.346180+00:00,123.9,50,ask,EarnestEspressos,FlawlessFlatbreads,12957035
2026-07-09T02:04:45.442136,2026-07-09T02:04:45.449653+00:00,123.8,50,ask,EarnestEspressos,FlawlessFlatbreads,12957065
2026-07-09T02:04:47.332098,2026-07-09T02:04:47.344175+00:00,124.3,43,bid,CostlyCorianders,EarnestEspressos,12957089
2026-07-09T02:04:47.498568,2026-07-09T02:04:47.510279+00:00,124.3,50,bid,FlawlessFlatbreads,DiligentDonuts,12957091
2026-07-09T02:04:48.386813,2026-07-09T02:04:48.396872+00:00,124.4,49,bid,CostlyCorianders,EarnestEspressos,12957107
2026-07-09T02:04:49.940675,2026-07-09T02:04:49.952045+00:00,124.1,47,ask,DiligentDonuts,CostlyCorianders,12957126
2026-07-09T02:04:51.709636,2026-07-09T02:04:51.718835+00:00,124.3,50,bid,FlawlessFlatbreads,DiligentDonuts,12957148
2026-07-09T02:04:52.436294,2026-07-09T02:04:52.443566+00:00,124.3,41,bid,CostlyCorianders,DiligentDonuts,12957154
2026-07-09T02:04:55.919677,2026-07-09T02:04:55.930567+00:00,124.5,50,bid,FlawlessFlatbreads,EarnestEspressos,12957205
2026-07-09T02:04:58.026473,2026-07-09T02:04:58.038396+00:00,124.7,50,bid,FlawlessFlatbreads,EarnestEspressos,12957235
2026-07-09T02:04:59.520776,2026-07-09T02:04:59.530204+00:00,124.2,49,ask,EarnestEspressos,CostlyCorianders,12957252
2026-07-09T02:05:02.249721,2026-07-09T02:05:02.257532+00:00,124.7,50,bid,FlawlessFlatbreads,DiligentDonuts,12957294
2026-07-09T02:05:03.437728,2026-07-09T02:05:03.453682+00:00,124.7,42,bid,CostlyCorianders,DiligentDonuts,12957310
2026-07-09T02:05:03.438111,2026-07-09T02:05:03.453682+00:00,124.3,12,ask,EarnestEspressos,Xuanyu Liu,12957312
2026-07-09T02:05:06.901601,2026-07-09T02:05:06.920753+00:00,124.3,49,ask,DiligentDonuts,CostlyCorianders,12957374
2026-07-09T02:05:07.218936,2026-07-09T02:05:07.227438+00:00,124.2,34,ask,EarnestEspressos,Xuanyu Liu,12957384
2026-07-09T02:05:07.306088,2026-07-09T02:05:07.314241+00:00,124.2,2,ask,EarnestEspressos,Matthew Hanna,12957389
2026-07-09T02:05:08.661373,2026-07-09T02:05:08.673310+00:00,124.2,50,ask,EarnestEspressos,FlawlessFlatbreads,12957401
2026-07-09T02:05:09.715246,2026-07-09T02:05:09.739780+00:00,124.2,100,ask,DiligentDonuts,EarnestEspressos,12957415
2026-07-09T02:05:09.729824,2026-07-09T02:05:09.739780+00:00,123.8,23,bid,Xuanyu Liu,EarnestEspressos,12957416
2026-07-09T02:05:10.718976,2026-07-09T02:05:10.730315+00:00,123.8,27,bid,FlawlessFlatbreads,EarnestEspressos,12957424
2026-07-09T02:05:10.718976,2026-07-09T02:05:10.730315+00:00,123.9,23,bid,FlawlessFlatbreads,DiligentDonuts,12957425
2026-07-09T02:05:12.826513,2026-07-09T02:05:12.834010+00:00,123.9,77,bid,EarnestEspressos,DiligentDonuts,12957457
2026-07-09T02:05:14.952022,2026-07-09T02:05:14.969048+00:00,124.4,50,bid,FlawlessFlatbreads,DiligentDonuts,12957484
2026-07-09T02:05:16.874087,2026-07-09T02:05:16.886353+00:00,124.5,40,bid,CostlyCorianders,EarnestEspressos,12957514
2026-07-09T02:05:17.058967,2026-07-09T02:05:17.070772+00:00,124.5,50,bid,FlawlessFlatbreads,EarnestEspressos,12957515
2026-07-09T02:05:18.522027,2026-07-09T02:05:18.534122+00:00,124.0,44,ask,EarnestEspressos,CostlyCorianders,12957535
2026-07-09T02:05:19.192605,2026-07-09T02:05:19.200287+00:00,124.5,50,bid,FlawlessFlatbreads,DiligentDonuts,12957545
2026-07-09T02:05:19.895185,2026-07-09T02:05:19.903835+00:00,124.4,23,ask,DiligentDonuts,Xuanyu Liu,12957556
2026-07-09T02:05:20.939985,2026-07-09T02:05:20.949115+00:00,124.4,49,ask,DiligentDonuts,CostlyCorianders,12957574
2026-07-09T02:05:21.300127,2026-07-09T02:05:21.310508+00:00,124.6,50,bid,FlawlessFlatbreads,EarnestEspressos,12957578
2026-07-09T02:05:21.666077,2026-07-09T02:05:21.683093+00:00,124.4,3,ask,DiligentDonuts,Xuanyu Liu,12957591
2026-07-09T02:05:21.742096,2026-07-09T02:05:21.753675+00:00,124.4,10,ask,DiligentDonuts,Matthew Hanna,12957595
2026-07-09T02:05:21.952575,2026-07-09T02:05:21.958584+00:00,124.4,10,ask,DiligentDonuts,Matthew Hanna,12957598
2026-07-09T02:05:22.164527,2026-07-09T02:05:22.175329+00:00,124.4,5,ask,DiligentDonuts,Matthew Hanna,12957601
2026-07-09T02:05:23.422768,2026-07-09T02:05:23.434531+00:00,124.4,50,bid,FlawlessFlatbreads,DiligentDonuts,12957612
2026-07-09T02:05:24.659294,2026-07-09T02:05:24.668794+00:00,124.4,42,bid,CostlyCorianders,DiligentDonuts,12957628
2026-07-09T02:05:25.530400,2026-07-09T02:05:25.542455+00:00,124.4,8,bid,FlawlessFlatbreads,DiligentDonuts,12957644
2026-07-09T02:05:26.699401,2026-07-09T02:05:26.706279+00:00,124.5,40,ask,DiligentDonuts,CostlyCorianders,12957660
2026-07-09T02:05:26.986032,2026-07-09T02:05:26.994358+00:00,124.5,10,ask,DiligentDonuts,Matthew Hanna,12957667
2026-07-09T02:05:27.196552,2026-07-09T02:05:27.203862+00:00,124.5,10,ask,DiligentDonuts,Matthew Hanna,12957671
2026-07-09T02:05:27.245350,2026-07-09T02:05:27.252616+00:00,124.5,40,ask,DiligentDonuts,CostlyCorianders,12957673
2026-07-09T02:05:27.711664,2026-07-09T02:05:27.719651+00:00,124.1,50,ask,EarnestEspressos,FlawlessFlatbreads,12957682
2026-07-09T02:05:30.825559,2026-07-09T02:05:30.839082+00:00,124.4,49,bid,CostlyCorianders,EarnestEspressos,12957734
2026-07-09T02:05:31.869241,2026-07-09T02:05:31.878531+00:00,124.4,50,bid,FlawlessFlatbreads,EarnestEspressos,12957743
2026-07-09T02:05:35.878376,2026-07-09T02:05:35.889105+00:00,124.6,44,bid,CostlyCorianders,DiligentDonuts,12957806
2026-07-09T02:05:36.077926,2026-07-09T02:05:36.089736+00:00,124.6,50,bid,FlawlessFlatbreads,DiligentDonuts,12957809
2026-07-09T02:05:36.455960,2026-07-09T02:05:36.467844+00:00,124.6,6,bid,CostlyCorianders,DiligentDonuts,12957817
2026-07-09T02:05:38.203670,2026-07-09T02:05:38.214866+00:00,124.9,50,bid,FlawlessFlatbreads,EarnestEspressos,12957830
2026-07-09T02:05:38.880598,2026-07-09T02:05:38.892300+00:00,124.4,5,ask,EarnestEspressos,Matthew Hanna,12957842
2026-07-09T02:05:40.310781,2026-07-09T02:05:40.322756+00:00,124.8,50,bid,FlawlessFlatbreads,DiligentDonuts,12957862
2026-07-09T02:05:41.305534,2026-07-09T02:05:41.317594+00:00,124.8,50,bid,EarnestEspressos,DiligentDonuts,12957876
2026-07-09T02:05:41.382725,2026-07-09T02:05:41.392979+00:00,124.8,3,ask,EarnestEspressos,Xuanyu Liu,12957878
2026-07-09T02:05:41.498870,2026-07-09T02:05:41.509203+00:00,124.8,10,ask,EarnestEspressos,Matthew Hanna,12957885
2026-07-09T02:05:41.537492,2026-07-09T02:05:41.544133+00:00,124.8,48,ask,EarnestEspressos,CostlyCorianders,12957886
2026-07-09T02:05:41.709720,2026-07-09T02:05:41.720387+00:00,124.8,10,ask,EarnestEspressos,Matthew Hanna,12957891
2026-07-09T02:05:41.921062,2026-07-09T02:05:41.930400+00:00,124.8,10,ask,EarnestEspressos,Matthew Hanna,12957895
2026-07-09T02:05:42.133521,2026-07-09T02:05:42.144566+00:00,124.8,10,ask,EarnestEspressos,Matthew Hanna,12957898
2026-07-09T02:05:42.342791,2026-07-09T02:05:42.350191+00:00,124.8,9,ask,EarnestEspressos,Matthew Hanna,12957901
2026-07-09T02:05:42.421641,2026-07-09T02:05:42.433827+00:00,125.1,50,bid,FlawlessFlatbreads,DiligentDonuts,12957902
2026-07-09T02:05:44.204882,2026-07-09T02:05:44.216663+00:00,125.1,43,bid,CostlyCorianders,DiligentDonuts,12957930
2026-07-09T02:05:44.537048,2026-07-09T02:05:44.560193+00:00,124.6,100,ask,DiligentDonuts,EarnestEspressos,12957932
2026-07-09T02:05:44.546926,2026-07-09T02:05:44.560193+00:00,124.5,50,bid,FlawlessFlatbreads,EarnestEspressos,12957933
2026-07-09T02:05:46.730968,2026-07-09T02:05:46.741047+00:00,124.6,50,ask,DiligentDonuts,FlawlessFlatbreads,12957961
2026-07-09T02:05:48.785965,2026-07-09T02:05:48.796864+00:00,125.0,50,bid,FlawlessFlatbreads,DiligentDonuts,12957987
2026-07-09T02:05:49.929540,2026-07-09T02:05:49.937765+00:00,124.7,45,ask,EarnestEspressos,CostlyCorianders,12958009
2026-07-09T02:05:50.921624,2026-07-09T02:05:50.933707+00:00,125.0,50,bid,FlawlessFlatbreads,DiligentDonuts,12958027
2026-07-09T02:05:51.596472,2026-07-09T02:05:51.608046+00:00,124.8,41,ask,DiligentDonuts,CostlyCorianders,12958034
2026-07-09T02:05:53.032872,2026-07-09T02:05:53.044233+00:00,125.0,50,bid,FlawlessFlatbreads,EarnestEspressos,12958066
2026-07-09T02:05:54.559495,2026-07-09T02:05:54.569010+00:00,124.9,11,ask,EarnestEspressos,Xuanyu Liu,12958092
2026-07-09T02:05:54.575397,2026-07-09T02:05:54.584272+00:00,124.9,1,ask,EarnestEspressos,Matthew Hanna,12958095
2026-07-09T02:05:54.597337,2026-07-09T02:05:54.606997+00:00,125.0,12,ask,DiligentDonuts,Xuanyu Liu,12958096
2026-07-09T02:05:54.786672,2026-07-09T02:05:54.797583+00:00,125.0,10,ask,DiligentDonuts,Matthew Hanna,12958100
2026-07-09T02:05:54.996299,2026-07-09T02:05:55.005131+00:00,125.0,10,ask,DiligentDonuts,Matthew Hanna,12958105
2026-07-09T02:05:55.148428,2026-07-09T02:05:55.147674+00:00,125.4,50,bid,FlawlessFlatbreads,EarnestEspressos,12958107
2026-07-09T02:05:55.207512,2026-07-09T02:05:55.218948+00:00,125.0,5,ask,DiligentDonuts,Matthew Hanna,12958109
2026-07-09T02:05:57.258555,2026-07-09T02:05:57.270522+00:00,125.4,50,bid,FlawlessFlatbreads,EarnestEspressos,12958146
2026-07-09T02:05:57.653390,2026-07-09T02:05:57.655800+00:00,125.0,43,ask,DiligentDonuts,CostlyCorianders,12958154
2026-07-09T02:05:57.805143,2026-07-09T02:05:57.812449+00:00,124.9,100,ask,EarnestEspressos,DiligentDonuts,12958160
2026-07-09T02:05:59.386649,2026-07-09T02:05:59.397080+00:00,125.4,50,bid,FlawlessFlatbreads,EarnestEspressos,12958177
2026-07-09T02:05:59.826063,2026-07-09T02:05:59.837834+00:00,125.4,45,bid,CostlyCorianders,EarnestEspressos,12958189
2026-07-09T02:06:01.392206,2026-07-09T02:06:01.404248+00:00,125.3,41,bid,CostlyCorianders,DiligentDonuts,12958203
2026-07-09T02:06:02.276654,2026-07-09T02:06:02.287488+00:00,125.1,11,ask,EarnestEspressos,Xuanyu Liu,12958212
2026-07-09T02:06:02.469707,2026-07-09T02:06:02.480425+00:00,125.1,48,ask,EarnestEspressos,CostlyCorianders,12958216
2026-07-09T02:06:03.601411,2026-07-09T02:06:03.608444+00:00,125.3,50,bid,FlawlessFlatbreads,DiligentDonuts,12958228
2026-07-09T02:06:04.626145,2026-07-09T02:06:04.638191+00:00,125.4,47,bid,CostlyCorianders,EarnestEspressos,12958235
2026-07-09T02:06:05.759027,2026-07-09T02:06:05.770689+00:00,125.0,50,ask,DiligentDonuts,FlawlessFlatbreads,12958253
2026-07-09T02:06:07.291643,2026-07-09T02:06:07.303523+00:00,124.9,49,ask,EarnestEspressos,CostlyCorianders,12958270
2026-07-09T02:06:09.971780,2026-07-09T02:06:09.982436+00:00,124.8,50,ask,DiligentDonuts,FlawlessFlatbreads,12958304
2026-07-09T02:06:12.078242,2026-07-09T02:06:12.090342+00:00,124.8,50,ask,EarnestEspressos,FlawlessFlatbreads,12958328
2026-07-09T02:06:12.367109,2026-07-09T02:06:12.376936+00:00,125.3,47,bid,CostlyCorianders,EarnestEspressos,12958336
2026-07-09T02:06:14.188049,2026-07-09T02:06:14.195252+00:00,124.8,50,ask,EarnestEspressos,FlawlessFlatbreads,12958355
2026-07-09T02:06:16.293992,2026-07-09T02:06:16.306180+00:00,124.7,50,ask,DiligentDonuts,FlawlessFlatbreads,12958384
2026-07-09T02:06:16.698151,2026-07-09T02:06:16.708894+00:00,124.8,11,bid,Xuanyu Liu,EarnestEspressos,12958393
2026-07-09T02:06:16.877911,2026-07-09T02:06:16.886976+00:00,124.8,26,bid,Xuanyu Liu,EarnestEspressos,12958397
2026-07-09T02:06:18.397118,2026-07-09T02:06:18.408711+00:00,124.8,45,bid,CostlyCorianders,EarnestEspressos,12958417
2026-07-09T02:06:19.315657,2026-07-09T02:06:19.327622+00:00,124.8,100,bid,EarnestEspressos,DiligentDonuts,12958432
2026-07-09T02:06:20.456553,2026-07-09T02:06:20.468139+00:00,125.4,50,bid,FlawlessFlatbreads,EarnestEspressos,12958442
2026-07-09T02:06:20.823898,2026-07-09T02:06:20.832643+00:00,124.9,3,ask,EarnestEspressos,Xuanyu Liu,12958451
2026-07-09T02:06:22.615738,2026-07-09T02:06:22.627545+00:00,124.9,50,ask,DiligentDonuts,FlawlessFlatbreads,12958474
2026-07-09T02:06:22.862888,2026-07-09T02:06:22.872513+00:00,124.9,11,ask,DiligentDonuts,Xuanyu Liu,12958479
2026-07-09T02:06:24.723973,2026-07-09T02:06:24.735615+00:00,124.6,50,ask,EarnestEspressos,FlawlessFlatbreads,12958501
2026-07-09T02:06:27.674240,2026-07-09T02:06:27.685385+00:00,124.6,43,ask,DiligentDonuts,CostlyCorianders,12958549
2026-07-09T02:06:28.276896,2026-07-09T02:06:28.288526+00:00,125.0,43,bid,CostlyCorianders,EarnestEspressos,12958560
2026-07-09T02:06:28.937895,2026-07-09T02:06:28.949614+00:00,124.8,50,ask,EarnestEspressos,FlawlessFlatbreads,12958564
2026-07-09T02:06:29.391774,2026-07-09T02:06:29.408704+00:00,124.8,48,ask,EarnestEspressos,CostlyCorianders,12958569
2026-07-09T02:06:31.047365,2026-07-09T02:06:31.055409+00:00,124.8,50,ask,EarnestEspressos,FlawlessFlatbreads,12958597
2026-07-09T02:06:32.064878,2026-07-09T02:06:32.075528+00:00,124.9,14,bid,Xuanyu Liu,EarnestEspressos,12958604
2026-07-09T02:06:32.084699,2026-07-09T02:06:32.096176+00:00,124.9,10,bid,Matthew Hanna,EarnestEspressos,12958607
2026-07-09T02:06:32.299110,2026-07-09T02:06:32.308168+00:00,124.9,10,bid,Matthew Hanna,EarnestEspressos,12958616
2026-07-09T02:06:32.511013,2026-07-09T02:06:32.520667+00:00,124.9,5,bid,Matthew Hanna,EarnestEspressos,12958625
2026-07-09T02:06:32.597582,2026-07-09T02:06:32.607232+00:00,124.9,100,bid,DiligentDonuts,EarnestEspressos,12958628
2026-07-09T02:06:33.153002,2026-07-09T02:06:33.164886+00:00,124.4,50,ask,EarnestEspressos,FlawlessFlatbreads,12958634
2026-07-09T02:06:33.616868,2026-07-09T02:06:33.624806+00:00,124.9,11,bid,CostlyCorianders,EarnestEspressos,12958638
2026-07-09T02:06:33.616868,2026-07-09T02:06:33.629844+00:00,125.4,30,bid,CostlyCorianders,DiligentDonuts,12958639
2026-07-09T02:06:34.089164,2026-07-09T02:06:34.101261+00:00,124.4,45,ask,EarnestEspressos,CostlyCorianders,12958650
2026-07-09T02:06:35.261795,2026-07-09T02:06:35.273639+00:00,124.4,50,ask,EarnestEspressos,FlawlessFlatbreads,12958672
2026-07-09T02:06:37.376485,2026-07-09T02:06:37.384900+00:00,124.6,50,ask,DiligentDonuts,FlawlessFlatbreads,12958698
2026-07-09T02:06:39.482482,2026-07-09T02:06:39.494360+00:00,124.6,50,ask,DiligentDonuts,FlawlessFlatbreads,12958726
2026-07-09T02:06:40.451930,2026-07-09T02:06:40.458596+00:00,124.9,47,bid,CostlyCorianders,EarnestEspressos,12958741
2026-07-09T02:06:41.459490,2026-07-09T02:06:41.469595+00:00,125.1,44,bid,CostlyCorianders,DiligentDonuts,12958749
2026-07-09T02:06:41.529013,2026-07-09T02:06:41.543668+00:00,124.7,40,ask,EarnestEspressos,CostlyCorianders,12958754
2026-07-09T02:06:42.576041,2026-07-09T02:06:42.588334+00:00,124.7,46,ask,EarnestEspressos,CostlyCorianders,12958770
2026-07-09T02:06:43.650809,2026-07-09T02:06:43.654419+00:00,125.0,50,bid,FlawlessFlatbreads,DiligentDonuts,12958780
2026-07-09T02:06:45.775179,2026-07-09T02:06:45.785840+00:00,124.7,50,bid,FlawlessFlatbreads,EarnestEspressos,12958802
2026-07-09T02:06:45.809236,2026-07-09T02:06:45.817883+00:00,124.7,3,bid,Xuanyu Liu,EarnestEspressos,12958805
2026-07-09T02:06:48.553264,2026-07-09T02:06:48.554002+00:00,124.7,10,bid,Matthew Hanna,EarnestEspressos,12958851
2026-07-09T02:06:48.763567,2026-07-09T02:06:48.774054+00:00,124.7,10,bid,Matthew Hanna,EarnestEspressos,12958857
2026-07-09T02:06:48.785481,2026-07-09T02:06:48.797040+00:00,124.7,46,bid,CostlyCorianders,EarnestEspressos,12958858
2026-07-09T02:06:51.058837,2026-07-09T02:06:51.070392+00:00,124.5,41,ask,EarnestEspressos,CostlyCorianders,12958888
2026-07-09T02:06:52.139899,2026-07-09T02:06:52.149005+00:00,124.5,50,ask,EarnestEspressos,FlawlessFlatbreads,12958907
2026-07-09T02:06:52.587432,2026-07-09T02:06:52.597327+00:00,125.0,47,bid,CostlyCorianders,EarnestEspressos,12958919
2026-07-09T02:06:53.675757,2026-07-09T02:06:53.699695+00:00,124.5,46,ask,EarnestEspressos,CostlyCorianders,12958929
2026-07-09T02:06:53.682821,2026-07-09T02:06:53.699695+00:00,124.5,3,ask,EarnestEspressos,Xuanyu Liu,12958930
2026-07-09T02:06:54.183292,2026-07-09T02:06:54.193303+00:00,124.5,100,ask,DiligentDonuts,EarnestEspressos,12958942
2026-07-09T02:06:54.196286,2026-07-09T02:06:54.208034+00:00,124.4,50,bid,FlawlessFlatbreads,EarnestEspressos,12958943
2026-07-09T02:06:55.529080,2026-07-09T02:06:55.539679+00:00,124.3,3,bid,Xuanyu Liu,DiligentDonuts,12958970
2026-07-09T02:06:55.587336,2026-07-09T02:06:55.595674+00:00,124.3,10,bid,Matthew Hanna,DiligentDonuts,12958974
2026-07-09T02:06:55.797390,2026-07-09T02:06:55.804528+00:00,124.3,10,bid,Matthew Hanna,DiligentDonuts,12958981
2026-07-09T02:06:56.006902,2026-07-09T02:06:56.014905+00:00,124.3,10,bid,Matthew Hanna,DiligentDonuts,12958987
2026-07-09T02:06:56.365623,2026-07-09T02:06:56.375937+00:00,123.9,50,ask,EarnestEspressos,FlawlessFlatbreads,12958993
2026-07-09T02:06:57.295178,2026-07-09T02:06:57.307244+00:00,124.3,67,bid,EarnestEspressos,DiligentDonuts,12958997
2026-07-09T02:06:58.501787,2026-07-09T02:06:58.512891+00:00,124.3,50,ask,EarnestEspressos,FlawlessFlatbreads,12959016
2026-07-09T02:07:01.219637,2026-07-09T02:07:01.231343+00:00,124.3,47,bid,CostlyCorianders,EarnestEspressos,12959052
2026-07-09T02:07:04.033835,2026-07-09T02:07:04.045489+00:00,124.4,47,bid,CostlyCorianders,EarnestEspressos,12959096
2026-07-09T02:07:04.088733,2026-07-09T02:07:04.100731+00:00,124.2,48,ask,DiligentDonuts,CostlyCorianders,12959097
2026-07-09T02:07:04.767727,2026-07-09T02:07:04.775222+00:00,124.4,50,bid,FlawlessFlatbreads,EarnestEspressos,12959106
2026-07-09T02:07:06.578235,2026-07-09T02:07:06.586911+00:00,124.4,44,bid,CostlyCorianders,EarnestEspressos,12959132
2026-07-09T02:07:06.785525,2026-07-09T02:07:06.797188+00:00,124.5,100,bid,EarnestEspressos,DiligentDonuts,12959139
2026-07-09T02:07:06.852853,2026-07-09T02:07:06.864906+00:00,124.5,3,ask,EarnestEspressos,Xuanyu Liu,12959141
2026-07-09T02:07:06.926732,2026-07-09T02:07:06.938613+00:00,124.5,47,ask,EarnestEspressos,FlawlessFlatbreads,12959143
2026-07-09T02:07:06.926732,2026-07-09T02:07:06.938613+00:00,124.0,3,ask,DiligentDonuts,FlawlessFlatbreads,12959144
2026-07-09T02:07:09.036098,2026-07-09T02:07:09.044501+00:00,124.3,50,ask,DiligentDonuts,FlawlessFlatbreads,12959164
2026-07-09T02:07:11.142727,2026-07-09T02:07:11.158595+00:00,124.1,50,ask,DiligentDonuts,FlawlessFlatbreads,12959194
2026-07-09T02:07:13.262724,2026-07-09T02:07:13.274786+00:00,124.1,50,ask,DiligentDonuts,FlawlessFlatbreads,12959224
2026-07-09T02:07:13.597081,2026-07-09T02:07:13.608777+00:00,124.0,46,ask,EarnestEspressos,CostlyCorianders,12959228
2026-07-09T02:07:14.982983,2026-07-09T02:07:14.994753+00:00,124.2,49,bid,CostlyCorianders,DiligentDonuts,12959248
2026-07-09T02:07:15.370330,2026-07-09T02:07:15.378198+00:00,124.0,50,ask,EarnestEspressos,FlawlessFlatbreads,12959251
2026-07-09T02:07:15.986478,2026-07-09T02:07:15.996990+00:00,124.2,14,bid,Xuanyu Liu,DiligentDonuts,12959260
2026-07-09T02:07:16.359570,2026-07-09T02:07:16.368322+00:00,123.9,12,bid,Xuanyu Liu,EarnestEspressos,12959268
2026-07-09T02:07:16.455168,2026-07-09T02:07:16.461783+00:00,123.9,10,bid,Matthew Hanna,EarnestEspressos,12959273
2026-07-09T02:07:16.681168,2026-07-09T02:07:16.690103+00:00,123.9,10,bid,Matthew Hanna,EarnestEspressos,12959279
2026-07-09T02:07:16.880338,2026-07-09T02:07:16.888987+00:00,123.9,100,bid,DiligentDonuts,EarnestEspressos,12959288
2026-07-09T02:07:16.891778,2026-07-09T02:07:16.899602+00:00,123.9,5,bid,Matthew Hanna,EarnestEspressos,12959290
2026-07-09T02:07:17.426058,2026-07-09T02:07:17.437870+00:00,123.9,13,bid,FlawlessFlatbreads,EarnestEspressos,12959299
2026-07-09T02:07:17.426058,2026-07-09T02:07:17.437870+00:00,124.4,37,bid,FlawlessFlatbreads,DiligentDonuts,12959300
2026-07-09T02:07:18.715058,2026-07-09T02:07:18.723224+00:00,123.4,43,ask,EarnestEspressos,CostlyCorianders,12959316
2026-07-09T02:07:19.535034,2026-07-09T02:07:19.546951+00:00,124.3,50,bid,FlawlessFlatbreads,EarnestEspressos,12959326
2026-07-09T02:07:20.761601,2026-07-09T02:07:20.770427+00:00,124.3,42,bid,CostlyCorianders,EarnestEspressos,12959344
2026-07-09T02:07:21.644923,2026-07-09T02:07:21.652332+00:00,124.3,50,bid,FlawlessFlatbreads,EarnestEspressos,12959356
2026-07-09T02:07:22.622388,2026-07-09T02:07:22.634151+00:00,124.3,100,bid,EarnestEspressos,DiligentDonuts,12959368
2026-07-09T02:07:22.723246,2026-07-09T02:07:22.737470+00:00,124.4,26,ask,EarnestEspressos,Xuanyu Liu,12959369
2026-07-09T02:07:22.733240,2026-07-09T02:07:22.737470+00:00,124.4,10,ask,EarnestEspressos,Matthew Hanna,12959371
2026-07-09T02:07:22.944257,2026-07-09T02:07:22.958579+00:00,124.4,10,ask,EarnestEspressos,Matthew Hanna,12959376
2026-07-09T02:07:22.987782,2026-07-09T02:07:22.999664+00:00,124.4,4,ask,EarnestEspressos,CostlyCorianders,12959379
2026-07-09T02:07:22.987782,2026-07-09T02:07:22.999664+00:00,123.8,44,ask,DiligentDonuts,CostlyCorianders,12959380
2026-07-09T02:07:23.751149,2026-07-09T02:07:23.758579+00:00,124.4,50,bid,FlawlessFlatbreads,DiligentDonuts,12959392
2026-07-09T02:07:25.860792,2026-07-09T02:07:25.873186+00:00,124.4,50,bid,FlawlessFlatbreads,DiligentDonuts,12959418
2026-07-09T02:07:26.093184,2026-07-09T02:07:26.102945+00:00,123.9,47,ask,DiligentDonuts,CostlyCorianders,12959420
2026-07-09T02:07:27.968989,2026-07-09T02:07:27.978356+00:00,124.2,50,bid,FlawlessFlatbreads,EarnestEspressos,12959457
2026-07-09T02:07:28.658565,2026-07-09T02:07:28.670433+00:00,124.2,40,bid,CostlyCorianders,EarnestEspressos,12959467
2026-07-09T02:07:30.078969,2026-07-09T02:07:30.085728+00:00,124.4,50,bid,FlawlessFlatbreads,DiligentDonuts,12959481
2026-07-09T02:07:31.771885,2026-07-09T02:07:31.782649+00:00,124.1,5,ask,EarnestEspressos,Matthew Hanna,12959508
2026-07-09T02:07:32.185613,2026-07-09T02:07:32.197371+00:00,124.4,50,bid,FlawlessFlatbreads,DiligentDonuts,12959512
2026-07-09T02:07:33.023549,2026-07-09T02:07:33.038101+00:00,124.1,45,ask,DiligentDonuts,CostlyCorianders,12959520
2026-07-09T02:07:34.073203,2026-07-09T02:07:34.085014+00:00,124.4,44,bid,CostlyCorianders,EarnestEspressos,12959537
2026-07-09T02:07:34.293415,2026-07-09T02:07:34.305122+00:00,124.4,50,bid,FlawlessFlatbreads,EarnestEspressos,12959541
2026-07-09T02:07:35.180781,2026-07-09T02:07:35.192780+00:00,124.1,43,ask,DiligentDonuts,CostlyCorianders,12959554
2026-07-09T02:07:35.386992,2026-07-09T02:07:35.394433+00:00,124.4,10,ask,EarnestEspressos,Matthew Hanna,12959560
2026-07-09T02:07:35.614079,2026-07-09T02:07:35.625169+00:00,124.4,10,ask,EarnestEspressos,Matthew Hanna,12959566
2026-07-09T02:07:36.296549,2026-07-09T02:07:36.308240+00:00,124.4,48,ask,EarnestEspressos,CostlyCorianders,12959569
2026-07-09T02:07:36.401470,2026-07-09T02:07:36.413023+00:00,124.6,50,bid,FlawlessFlatbreads,DiligentDonuts,12959572
2026-07-09T02:07:38.509424,2026-07-09T02:07:38.521049+00:00,124.6,50,bid,FlawlessFlatbreads,DiligentDonuts,12959601
2026-07-09T02:07:38.960499,2026-07-09T02:07:38.972462+00:00,124.9,40,bid,CostlyCorianders,EarnestEspressos,12959609
2026-07-09T02:07:39.470189,2026-07-09T02:07:39.481837+00:00,124.5,41,ask,DiligentDonuts,CostlyCorianders,12959615
2026-07-09T02:07:40.620228,2026-07-09T02:07:40.631971+00:00,124.9,50,bid,FlawlessFlatbreads,EarnestEspressos,12959639
2026-07-09T02:07:41.553663,2026-07-09T02:07:41.565552+00:00,124.9,44,bid,CostlyCorianders,EarnestEspressos,12959657
2026-07-09T02:07:41.661351,2026-07-09T02:07:41.671022+00:00,124.9,26,ask,EarnestEspressos,Xuanyu Liu,12959658
2026-07-09T02:07:41.838085,2026-07-09T02:07:41.848312+00:00,124.9,10,ask,EarnestEspressos,Matthew Hanna,12959665
2026-07-09T02:07:42.049671,2026-07-09T02:07:42.055352+00:00,124.9,10,ask,EarnestEspressos,Matthew Hanna,12959672
2026-07-09T02:07:42.245961,2026-07-09T02:07:42.257703+00:00,124.9,100,ask,EarnestEspressos,DiligentDonuts,12959677
2026-07-09T02:07:42.269180,2026-07-09T02:07:42.281461+00:00,124.9,4,ask,EarnestEspressos,Matthew Hanna,12959681
2026-07-09T02:07:42.727175,2026-07-09T02:07:42.734007+00:00,125.4,50,bid,FlawlessFlatbreads,EarnestEspressos,12959686
2026-07-09T02:07:46.485762,2026-07-09T02:07:46.496987+00:00,124.6,6,ask,DiligentDonuts,Matthew Hanna,12959752
2026-07-09T02:07:46.946889,2026-07-09T02:07:46.958554+00:00,124.9,50,bid,FlawlessFlatbreads,EarnestEspressos,12959754
2026-07-09T02:07:47.778942,2026-07-09T02:07:47.790947+00:00,124.9,45,bid,CostlyCorianders,EarnestEspressos,12959766
2026-07-09T02:07:47.834864,2026-07-09T02:07:47.845327+00:00,124.6,43,ask,DiligentDonuts,CostlyCorianders,12959767
2026-07-09T02:07:48.098815,2026-07-09T02:07:48.106331+00:00,124.7,10,ask,EarnestEspressos,Matthew Hanna,12959771
2026-07-09T02:07:48.308094,2026-07-09T02:07:48.316872+00:00,124.7,10,ask,EarnestEspressos,Matthew Hanna,12959777
2026-07-09T02:07:48.520683,2026-07-09T02:07:48.528913+00:00,124.7,5,ask,EarnestEspressos,Matthew Hanna,12959782
2026-07-09T02:07:49.106943,2026-07-09T02:07:49.118579+00:00,124.7,50,ask,EarnestEspressos,FlawlessFlatbreads,12959790
2026-07-09T02:07:50.197433,2026-07-09T02:07:50.206302+00:00,124.7,11,ask,EarnestEspressos,Xuanyu Liu,12959814
2026-07-09T02:07:51.224972,2026-07-09T02:07:51.231853+00:00,124.3,50,ask,DiligentDonuts,FlawlessFlatbreads,12959824
2026-07-09T02:07:52.048265,2026-07-09T02:07:52.063662+00:00,124.5,41,bid,CostlyCorianders,DiligentDonuts,12959843
2026-07-09T02:07:53.332062,2026-07-09T02:07:53.339127+00:00,124.2,50,ask,EarnestEspressos,FlawlessFlatbreads,12959859
2026-07-09T02:07:54.896807,2026-07-09T02:07:54.907790+00:00,124.3,11,bid,Xuanyu Liu,EarnestEspressos,12959877
2026-07-09T02:07:54.984241,2026-07-09T02:07:54.996067+00:00,124.0,43,ask,DiligentDonuts,CostlyCorianders,12959882
2026-07-09T02:07:55.448862,2026-07-09T02:07:55.458582+00:00,124.0,50,ask,DiligentDonuts,FlawlessFlatbreads,12959895
2026-07-09T02:07:56.511933,2026-07-09T02:07:56.522045+00:00,124.3,40,bid,CostlyCorianders,EarnestEspressos,12959918
2026-07-09T02:07:57.557937,2026-07-09T02:07:57.570140+00:00,124.0,7,ask,DiligentDonuts,FlawlessFlatbreads,12959926
2026-07-09T02:07:57.557937,2026-07-09T02:07:57.570140+00:00,123.8,43,ask,EarnestEspressos,FlawlessFlatbreads,12959927
2026-07-09T02:07:58.083065,2026-07-09T02:07:58.092215+00:00,124.2,12,bid,Xuanyu Liu,DiligentDonuts,12959937
2026-07-09T02:07:59.365936,2026-07-09T02:07:59.377905+00:00,124.2,46,bid,CostlyCorianders,DiligentDonuts,12959947
2026-07-09T02:07:59.712184,2026-07-09T02:07:59.724290+00:00,123.8,50,ask,EarnestEspressos,FlawlessFlatbreads,12959950
2026-07-09T02:08:01.826044,2026-07-09T02:08:01.835820+00:00,123.8,50,ask,DiligentDonuts,FlawlessFlatbreads,12959977
2026-07-09T02:08:03.376369,2026-07-09T02:08:03.385052+00:00,124.1,11,bid,Xuanyu Liu,EarnestEspressos,12959997
2026-07-09T02:08:03.890437,2026-07-09T02:08:03.900019+00:00,124.2,50,bid,FlawlessFlatbreads,EarnestEspressos,12960002
2026-07-09T02:08:05.699481,2026-07-09T02:08:05.711603+00:00,123.7,49,ask,EarnestEspressos,CostlyCorianders,12960034
2026-07-09T02:08:05.996932,2026-07-09T02:08:06.008400+00:00,124.2,50,bid,FlawlessFlatbreads,EarnestEspressos,12960046
2026-07-09T02:08:07.295290,2026-07-09T02:08:07.304705+00:00,124.2,44,bid,CostlyCorianders,DiligentDonuts,12960065
2026-07-09T02:08:08.154946,2026-07-09T02:08:08.147401+00:00,124.0,50,ask,DiligentDonuts,FlawlessFlatbreads,12960076
2026-07-09T02:08:09.949313,2026-07-09T02:08:09.958567+00:00,124.0,47,ask,DiligentDonuts,CostlyCorianders,12960106
2026-07-09T02:08:10.260583,2026-07-09T02:08:10.272451+00:00,124.0,3,ask,DiligentDonuts,FlawlessFlatbreads,12960111
2026-07-09T02:08:10.260583,2026-07-09T02:08:10.272451+00:00,124.0,47,ask,EarnestEspressos,FlawlessFlatbreads,12960112
2026-07-09T02:08:11.147346,2026-07-09T02:08:11.157243+00:00,124.1,3,bid,Xuanyu Liu,DiligentDonuts,12960138
2026-07-09T02:08:11.206853,2026-07-09T02:08:11.214331+00:00,124.1,10,bid,Matthew Hanna,DiligentDonuts,12960143
2026-07-09T02:08:11.416507,2026-07-09T02:08:11.424038+00:00,124.1,46,bid,CostlyCorianders,DiligentDonuts,12960146
2026-07-09T02:08:11.420026,2026-07-09T02:08:11.429036+00:00,124.1,10,bid,Matthew Hanna,DiligentDonuts,12960147
2026-07-09T02:08:11.470586,2026-07-09T02:08:11.482513+00:00,124.0,42,ask,EarnestEspressos,CostlyCorianders,12960148
2026-07-09T02:08:11.628474,2026-07-09T02:08:11.636836+00:00,124.1,5,bid,Matthew Hanna,DiligentDonuts,12960151
2026-07-09T02:08:12.376962,2026-07-09T02:08:12.384799+00:00,124.0,50,ask,EarnestEspressos,FlawlessFlatbreads,12960167
2026-07-09T02:08:13.855918,2026-07-09T02:08:13.867591+00:00,124.2,100,bid,DiligentDonuts,EarnestEspressos,12960199
2026-07-09T02:08:14.484546,2026-07-09T02:08:14.492877+00:00,123.7,50,ask,EarnestEspressos,FlawlessFlatbreads,12960208
2026-07-09T02:08:16.012664,2026-07-09T02:08:16.019457+00:00,124.2,49,bid,CostlyCorianders,EarnestEspressos,12960233
2026-07-09T02:08:16.604945,2026-07-09T02:08:16.616633+00:00,124.1,50,ask,EarnestEspressos,FlawlessFlatbreads,12960250
2026-07-09T02:08:16.703372,2026-07-09T02:08:16.712218+00:00,124.1,42,ask,EarnestEspressos,CostlyCorianders,12960253
2026-07-09T02:08:18.310566,2026-07-09T02:08:18.322427+00:00,124.2,45,bid,CostlyCorianders,DiligentDonuts,12960275
2026-07-09T02:08:18.712471,2026-07-09T02:08:18.724611+00:00,124.1,50,ask,EarnestEspressos,FlawlessFlatbreads,12960283
2026-07-09T02:08:19.723591,2026-07-09T02:08:19.731914+00:00,124.0,3,bid,Xuanyu Liu,EarnestEspressos,12960300
2026-07-09T02:08:19.854201,2026-07-09T02:08:19.854461+00:00,124.0,10,bid,Matthew Hanna,EarnestEspressos,12960305
2026-07-09T02:08:20.065024,2026-07-09T02:08:20.076672+00:00,124.0,10,bid,Matthew Hanna,EarnestEspressos,12960311
2026-07-09T02:08:20.187962,2026-07-09T02:08:20.196457+00:00,124.0,100,bid,DiligentDonuts,EarnestEspressos,12960316
2026-07-09T02:08:20.277863,2026-07-09T02:08:20.287888+00:00,124.0,10,bid,Matthew Hanna,EarnestEspressos,12960319
2026-07-09T02:08:20.609735,2026-07-09T02:08:20.621539+00:00,123.5,44,ask,EarnestEspressos,CostlyCorianders,12960323
2026-07-09T02:08:20.770184,2026-07-09T02:08:20.782032+00:00,124.0,17,bid,FlawlessFlatbreads,EarnestEspressos,12960324
2026-07-09T02:08:20.770184,2026-07-09T02:08:20.782032+00:00,124.5,33,bid,FlawlessFlatbreads,DiligentDonuts,12960325
2026-07-09T02:08:22.952078,2026-07-09T02:08:22.963963+00:00,124.1,50,ask,EarnestEspressos,FlawlessFlatbreads,12960358
2026-07-09T02:08:23.159459,2026-07-09T02:08:23.164527+00:00,124.1,43,ask,EarnestEspressos,CostlyCorianders,12960362
2026-07-09T02:08:25.065897,2026-07-09T02:08:25.077528+00:00,124.1,50,ask,EarnestEspressos,FlawlessFlatbreads,12960385
2026-07-09T02:08:26.042894,2026-07-09T02:08:26.052322+00:00,124.0,23,bid,Xuanyu Liu,EarnestEspressos,12960394
2026-07-09T02:08:26.098370,2026-07-09T02:08:26.109270+00:00,124.0,10,bid,Matthew Hanna,EarnestEspressos,12960397
2026-07-09T02:08:26.324393,2026-07-09T02:08:26.331527+00:00,124.0,10,bid,Matthew Hanna,EarnestEspressos,12960400
2026-07-09T02:08:26.521542,2026-07-09T02:08:26.531698+00:00,124.0,100,bid,DiligentDonuts,EarnestEspressos,12960406
2026-07-09T02:08:26.542331,2026-07-09T02:08:26.552478+00:00,124.0,7,bid,Matthew Hanna,EarnestEspressos,12960410
2026-07-09T02:08:27.174337,2026-07-09T02:08:27.182386+00:00,123.5,50,ask,EarnestEspressos,FlawlessFlatbreads,12960426
2026-07-09T02:08:28.036880,2026-07-09T02:08:28.045669+00:00,124.5,42,bid,CostlyCorianders,DiligentDonuts,12960436
2026-07-09T02:08:29.632204,2026-07-09T02:08:29.637526+00:00,123.9,42,ask,EarnestEspressos,CostlyCorianders,12960460
2026-07-09T02:08:31.363886,2026-07-09T02:08:31.375936+00:00,124.2,50,bid,FlawlessFlatbreads,DiligentDonuts,12960484
2026-07-09T02:08:33.527027,2026-07-09T02:08:33.536447+00:00,123.8,50,ask,DiligentDonuts,FlawlessFlatbreads,12960522
2026-07-09T02:08:33.572416,2026-07-09T02:08:33.579349+00:00,124.2,10,bid,Matthew Hanna,EarnestEspressos,12960525
2026-07-09T02:08:33.672636,2026-07-09T02:08:33.684690+00:00,124.2,48,bid,CostlyCorianders,EarnestEspressos,12960530
2026-07-09T02:08:33.783645,2026-07-09T02:08:33.794078+00:00,124.2,8,bid,Matthew Hanna,EarnestEspressos,12960533
2026-07-09T02:08:35.634137,2026-07-09T02:08:35.645676+00:00,124.2,50,ask,EarnestEspressos,FlawlessFlatbreads,12960561
2026-07-09T02:08:37.444029,2026-07-09T02:08:37.454529+00:00,124.2,23,ask,EarnestEspressos,Xuanyu Liu,12960585
2026-07-09T02:08:37.742013,2026-07-09T02:08:37.752381+00:00,124.2,50,ask,EarnestEspressos,FlawlessFlatbreads,12960589
2026-07-09T02:08:38.688556,2026-07-09T02:08:38.702394+00:00,124.1,11,bid,Xuanyu Liu,EarnestEspressos,12960609
2026-07-09T02:08:38.756347,2026-07-09T02:08:38.765051+00:00,124.1,23,bid,Xuanyu Liu,EarnestEspressos,12960613
2026-07-09T02:08:38.809236,2026-07-09T02:08:38.819322+00:00,124.1,10,bid,Matthew Hanna,EarnestEspressos,12960616
2026-07-09T02:08:39.019863,2026-07-09T02:08:39.026794+00:00,124.1,10,bid,Matthew Hanna,EarnestEspressos,12960619
2026-07-09T02:08:39.177963,2026-07-09T02:08:39.189897+00:00,124.1,96,bid,DiligentDonuts,EarnestEspressos,12960620
2026-07-09T02:08:39.848865,2026-07-09T02:08:39.858618+00:00,124.1,4,ask,DiligentDonuts,FlawlessFlatbreads,12960630
2026-07-09T02:08:39.848865,2026-07-09T02:08:39.858618+00:00,123.6,46,ask,EarnestEspressos,FlawlessFlatbreads,12960631
2026-07-09T02:08:42.394827,2026-07-09T02:08:42.403315+00:00,124.4,100,ask,EarnestEspressos,DiligentDonuts,12960667
2026-07-09T02:08:42.704397,2026-07-09T02:08:42.715148+00:00,124.4,23,ask,EarnestEspressos,Xuanyu Liu,12960671
2026-07-09T02:08:43.301106,2026-07-09T02:08:43.310746+00:00,124.4,11,ask,EarnestEspressos,Xuanyu Liu,12960681
2026-07-09T02:08:43.772102,2026-07-09T02:08:43.782628+00:00,124.4,16,ask,EarnestEspressos,CostlyCorianders,12960688
2026-07-09T02:08:44.064986,2026-07-09T02:08:44.085107+00:00,123.9,50,ask,DiligentDonuts,FlawlessFlatbreads,12960697
2026-07-09T02:08:45.001552,2026-07-09T02:08:45.013477+00:00,123.9,50,ask,DiligentDonuts,EarnestEspressos,12960710
2026-07-09T02:08:45.014874,2026-07-09T02:08:45.028424+00:00,123.9,34,bid,Xuanyu Liu,EarnestEspressos,12960711
2026-07-09T02:08:45.069099,2026-07-09T02:08:45.080746+00:00,123.9,5,bid,Matthew Hanna,EarnestEspressos,12960717
2026-07-09T02:08:46.120702,2026-07-09T02:08:46.128686+00:00,123.9,50,bid,FlawlessFlatbreads,EarnestEspressos,12960735
2026-07-09T02:08:46.633719,2026-07-09T02:08:46.643014+00:00,123.9,11,bid,Xuanyu Liu,EarnestEspressos,12960747
2026-07-09T02:08:48.137590,2026-07-09T02:08:48.146709+00:00,124.0,42,bid,CostlyCorianders,DiligentDonuts,12960767
2026-07-09T02:08:48.227819,2026-07-09T02:08:48.239516+00:00,124.0,50,bid,FlawlessFlatbreads,DiligentDonuts,12960768
2026-07-09T02:08:49.144961,2026-07-09T02:08:49.154907+00:00,123.9,47,ask,EarnestEspressos,CostlyCorianders,12960793
2026-07-09T02:08:49.354669,2026-07-09T02:08:49.365471+00:00,123.9,11,ask,EarnestEspressos,Xuanyu Liu,12960797
2026-07-09T02:08:50.391883,2026-07-09T02:08:50.400622+00:00,123.9,50,ask,EarnestEspressos,FlawlessFlatbreads,12960815
2026-07-09T02:08:51.583005,2026-07-09T02:08:51.590088+00:00,123.9,42,bid,CostlyCorianders,EarnestEspressos,12960827
2026-07-09T02:08:52.498831,2026-07-09T02:08:52.510869+00:00,123.5,50,ask,DiligentDonuts,FlawlessFlatbreads,12960839
2026-07-09T02:08:53.082889,2026-07-09T02:08:53.094924+00:00,123.9,47,bid,CostlyCorianders,EarnestEspressos,12960858
2026-07-09T02:08:54.559752,2026-07-09T02:08:54.566903+00:00,124.0,50,bid,FlawlessFlatbreads,DiligentDonuts,12960875
2026-07-09T02:08:55.238288,2026-07-09T02:08:55.250164+00:00,123.6,45,ask,EarnestEspressos,CostlyCorianders,12960892
2026-07-09T02:08:56.237272,2026-07-09T02:08:56.248481+00:00,123.6,46,ask,EarnestEspressos,CostlyCorianders,12960906
2026-07-09T02:08:56.668668,2026-07-09T02:08:56.675858+00:00,124.0,50,bid,FlawlessFlatbreads,DiligentDonuts,12960908
2026-07-09T02:08:57.723277,2026-07-09T02:08:57.730325+00:00,123.9,41,bid,CostlyCorianders,EarnestEspressos,12960922
2026-07-09T02:08:58.376022,2026-07-09T02:08:58.387749+00:00,123.9,44,bid,CostlyCorianders,EarnestEspressos,12960930
2026-07-09T02:08:58.776413,2026-07-09T02:08:58.787068+00:00,123.9,50,bid,FlawlessFlatbreads,EarnestEspressos,12960934
2026-07-09T02:08:58.889615,2026-07-09T02:08:58.901655+00:00,123.8,46,ask,DiligentDonuts,CostlyCorianders,12960935
2026-07-09T02:08:59.531291,2026-07-09T02:08:59.539484+00:00,123.9,15,bid,CostlyCorianders,EarnestEspressos,12960950
2026-07-09T02:08:59.531291,2026-07-09T02:08:59.544885+00:00,124.3,30,bid,CostlyCorianders,DiligentDonuts,12960951
2026-07-09T02:08:59.597011,2026-07-09T02:08:59.605967+00:00,123.8,40,ask,DiligentDonuts,CostlyCorianders,12960954
2026-07-09T02:09:00.791978,2026-07-09T02:09:00.802684+00:00,124.2,11,ask,EarnestEspressos,Xuanyu Liu,12960967
2026-07-09T02:09:00.882435,2026-07-09T02:09:00.894260+00:00,124.3,50,bid,FlawlessFlatbreads,DiligentDonuts,12960970
2026-07-09T02:09:01.471483,2026-07-09T02:09:01.482157+00:00,124.2,12,ask,EarnestEspressos,Xuanyu Liu,12960982
2026-07-09T02:09:02.990854,2026-07-09T02:09:03.002420+00:00,124.4,50,bid,FlawlessFlatbreads,DiligentDonuts,12960998
2026-07-09T02:09:03.008715,2026-07-09T02:09:03.020375+00:00,124.2,45,ask,EarnestEspressos,CostlyCorianders,12960999
2026-07-09T02:09:04.154051,2026-07-09T02:09:04.165986+00:00,124.4,48,bid,CostlyCorianders,DiligentDonuts,12961017
2026-07-09T02:09:05.059649,2026-07-09T02:09:05.069604+00:00,124.2,14,ask,DiligentDonuts,Xuanyu Liu,12961031
2026-07-09T02:09:05.097514,2026-07-09T02:09:05.105753+00:00,124.4,50,bid,FlawlessFlatbreads,EarnestEspressos,12961035
2026-07-09T02:09:05.170197,2026-07-09T02:09:05.182082+00:00,124.4,45,bid,CostlyCorianders,EarnestEspressos,12961037
2026-07-09T02:09:05.224748,2026-07-09T02:09:05.236652+00:00,124.2,41,ask,DiligentDonuts,CostlyCorianders,12961038
2026-07-09T02:09:07.203022,2026-07-09T02:09:07.215008+00:00,124.7,50,bid,FlawlessFlatbreads,DiligentDonuts,12961073
2026-07-09T02:09:09.127485,2026-07-09T02:09:09.137985+00:00,124.7,10,ask,DiligentDonuts,Matthew Hanna,12961116
2026-07-09T02:09:09.312808,2026-07-09T02:09:09.324515+00:00,124.9,50,bid,FlawlessFlatbreads,EarnestEspressos,12961120
2026-07-09T02:09:09.337551,2026-07-09T02:09:09.345510+00:00,124.7,10,ask,DiligentDonuts,Matthew Hanna,12961124
2026-07-09T02:09:09.547726,2026-07-09T02:09:09.559245+00:00,124.7,10,ask,DiligentDonuts,Matthew Hanna,12961128
2026-07-09T02:09:09.759763,2026-07-09T02:09:09.769989+00:00,124.7,10,ask,DiligentDonuts,Matthew Hanna,12961134
2026-07-09T02:09:10.258929,2026-07-09T02:09:10.270575+00:00,124.7,44,ask,DiligentDonuts,CostlyCorianders,12961141
2026-07-09T02:09:10.275175,2026-07-09T02:09:10.286412+00:00,125.2,100,bid,EarnestEspressos,DiligentDonuts,12961142
2026-07-09T02:09:10.340596,2026-07-09T02:09:10.350329+00:00,125.2,3,ask,EarnestEspressos,Xuanyu Liu,12961143
2026-07-09T02:09:10.371668,2026-07-09T02:09:10.383023+00:00,125.2,10,ask,EarnestEspressos,Matthew Hanna,12961146
2026-07-09T02:09:10.582520,2026-07-09T02:09:10.593729+00:00,125.2,10,ask,EarnestEspressos,Matthew Hanna,12961149
2026-07-09T02:09:10.792396,2026-07-09T02:09:10.803353+00:00,125.2,10,ask,EarnestEspressos,Matthew Hanna,12961158
2026-07-09T02:09:10.878164,2026-07-09T02:09:10.890149+00:00,125.2,17,ask,EarnestEspressos,DiligentDonuts,12961159
2026-07-09T02:09:11.419987,2026-07-09T02:09:11.429294+00:00,125.2,50,bid,FlawlessFlatbreads,DiligentDonuts,12961167
2026-07-09T02:09:11.424425,2026-07-09T02:09:11.434513+00:00,125.2,33,bid,CostlyCorianders,DiligentDonuts,12961168
2026-07-09T02:09:13.512529,2026-07-09T02:09:13.524532+00:00,124.9,3,bid,Xuanyu Liu,EarnestEspressos,12961199
2026-07-09T02:09:13.790013,2026-07-09T02:09:13.801731+00:00,124.9,49,bid,CostlyCorianders,EarnestEspressos,12961204
2026-07-09T02:09:13.989008,2026-07-09T02:09:13.998284+00:00,124.9,98,bid,DiligentDonuts,EarnestEspressos,12961206
2026-07-09T02:09:14.816786,2026-07-09T02:09:14.828385+00:00,125.1,2,ask,DiligentDonuts,CostlyCorianders,12961223
2026-07-09T02:09:14.816786,2026-07-09T02:09:14.828385+00:00,124.4,46,ask,EarnestEspressos,CostlyCorianders,12961224
2026-07-09T02:09:17.801103,2026-07-09T02:09:17.812990+00:00,124.9,50,ask,EarnestEspressos,FlawlessFlatbreads,12961261
2026-07-09T02:09:19.912847,2026-07-09T02:09:19.919878+00:00,124.8,50,ask,DiligentDonuts,FlawlessFlatbreads,12961293
2026-07-09T02:09:21.164251,2026-07-09T02:09:21.176268+00:00,124.8,48,ask,EarnestEspressos,CostlyCorianders,12961306
2026-07-09T02:09:22.035138,2026-07-09T02:09:22.042188+00:00,124.8,50,ask,EarnestEspressos,FlawlessFlatbreads,12961317
2026-07-09T02:09:22.881398,2026-07-09T02:09:22.895472+00:00,124.8,47,ask,EarnestEspressos,CostlyCorianders,12961333
2026-07-09T02:09:22.994737,2026-07-09T02:09:23.004464+00:00,124.8,100,ask,DiligentDonuts,EarnestEspressos,12961334
2026-07-09T02:09:23.005693,2026-07-09T02:09:23.015884+00:00,124.7,3,bid,Xuanyu Liu,EarnestEspressos,12961335
2026-07-09T02:09:23.025061,2026-07-09T02:09:23.036459+00:00,124.7,10,bid,Matthew Hanna,EarnestEspressos,12961338
2026-07-09T02:09:23.242480,2026-07-09T02:09:23.251242+00:00,124.7,10,bid,Matthew Hanna,EarnestEspressos,12961344
2026-07-09T02:09:24.092138,2026-07-09T02:09:24.104066+00:00,124.7,27,bid,FlawlessFlatbreads,EarnestEspressos,12961360
2026-07-09T02:09:24.092138,2026-07-09T02:09:24.104066+00:00,124.8,23,bid,FlawlessFlatbreads,DiligentDonuts,12961361
2026-07-09T02:09:26.046301,2026-07-09T02:09:26.055776+00:00,124.8,23,bid,Xuanyu Liu,DiligentDonuts,12961389
2026-07-09T02:09:26.068962,2026-07-09T02:09:26.076384+00:00,124.8,10,bid,Matthew Hanna,DiligentDonuts,12961392
2026-07-09T02:09:26.092774,2026-07-09T02:09:26.103786+00:00,124.8,40,bid,CostlyCorianders,DiligentDonuts,12961393
2026-07-09T02:09:26.109756,2026-07-09T02:09:26.121301+00:00,124.8,4,bid,EarnestEspressos,DiligentDonuts,12961394
2026-07-09T02:09:26.202277,2026-07-09T02:09:26.210301+00:00,125.4,50,bid,FlawlessFlatbreads,EarnestEspressos,12961397
2026-07-09T02:09:27.359588,2026-07-09T02:09:27.368026+00:00,124.9,23,ask,EarnestEspressos,Xuanyu Liu,12961413
2026-07-09T02:09:27.711743,2026-07-09T02:09:27.723461+00:00,125.4,47,bid,CostlyCorianders,EarnestEspressos,12961419
2026-07-09T02:09:28.312102,2026-07-09T02:09:28.323946+00:00,125.4,50,bid,FlawlessFlatbreads,EarnestEspressos,12961420
2026-07-09T02:09:28.659640,2026-07-09T02:09:28.668585+00:00,124.9,3,ask,EarnestEspressos,Xuanyu Liu,12961426
2026-07-09T02:09:28.685552,2026-07-09T02:09:28.694361+00:00,124.9,10,ask,EarnestEspressos,Matthew Hanna,12961430
2026-07-09T02:09:29.849387,2026-07-09T02:09:29.863788+00:00,125.0,47,ask,EarnestEspressos,CostlyCorianders,12961458
2026-07-09T02:09:29.849648,2026-07-09T02:09:29.863788+00:00,125.0,100,ask,EarnestEspressos,DiligentDonuts,12961459
2026-07-09T02:09:30.419975,2026-07-09T02:09:30.432045+00:00,125.5,50,bid,FlawlessFlatbreads,EarnestEspressos,12961466
2026-07-09T02:09:32.659883,2026-07-09T02:09:32.671586+00:00,125.1,49,bid,CostlyCorianders,EarnestEspressos,12961500
2026-07-09T02:09:33.206199,2026-07-09T02:09:33.217955+00:00,125.1,42,bid,CostlyCorianders,EarnestEspressos,12961513
2026-07-09T02:09:35.405818,2026-07-09T02:09:35.417529+00:00,125.0,47,ask,DiligentDonuts,CostlyCorianders,12961536
2026-07-09T02:09:38.758633,2026-07-09T02:09:38.767061+00:00,124.7,47,ask,DiligentDonuts,CostlyCorianders,12961570
2026-07-09T02:09:38.922198,2026-07-09T02:09:38.934223+00:00,125.0,50,ask,EarnestEspressos,FlawlessFlatbreads,12961573
2026-07-09T02:09:39.372015,2026-07-09T02:09:39.383707+00:00,125.0,46,ask,EarnestEspressos,CostlyCorianders,12961584
2026-07-09T02:09:41.380338,2026-07-09T02:09:41.391848+00:00,125.1,46,bid,CostlyCorianders,DiligentDonuts,12961613
2026-07-09T02:09:43.083319,2026-07-09T02:09:43.096409+00:00,124.9,50,bid,FlawlessFlatbreads,EarnestEspressos,12961651
2026-07-09T02:09:45.214875,2026-07-09T02:09:45.226753+00:00,125.0,50,bid,FlawlessFlatbreads,DiligentDonuts,12961679
2026-07-09T02:09:46.065110,2026-07-09T02:09:46.076960+00:00,125.2,48,bid,CostlyCorianders,EarnestEspressos,12961688
2026-07-09T02:09:46.122028,2026-07-09T02:09:46.133919+00:00,124.7,43,ask,EarnestEspressos,CostlyCorianders,12961690
2026-07-09T02:09:46.595069,2026-07-09T02:09:46.607025+00:00,124.7,49,ask,EarnestEspressos,CostlyCorianders,12961694
2026-07-09T02:09:47.190916,2026-07-09T02:09:47.203096+00:00,125.2,40,bid,CostlyCorianders,EarnestEspressos,12961700
2026-07-09T02:09:47.374806,2026-07-09T02:09:47.386710+00:00,124.7,50,ask,EarnestEspressos,FlawlessFlatbreads,12961701
2026-07-09T02:09:49.482297,2026-07-09T02:09:49.494278+00:00,124.8,50,ask,DiligentDonuts,FlawlessFlatbreads,12961727
2026-07-09T02:09:51.217702,2026-07-09T02:09:51.225511+00:00,124.9,49,bid,CostlyCorianders,EarnestEspressos,12961756
2026-07-09T02:09:51.590731,2026-07-09T02:09:51.602851+00:00,124.8,50,ask,DiligentDonuts,FlawlessFlatbreads,12961763
2026-07-09T02:09:53.903718,2026-07-09T02:09:53.915373+00:00,124.9,44,bid,CostlyCorianders,DiligentDonuts,12961809
2026-07-09T02:09:53.958892,2026-07-09T02:09:53.970444+00:00,124.6,43,ask,EarnestEspressos,CostlyCorianders,12961810
2026-07-09T02:09:54.606141,2026-07-09T02:09:54.617860+00:00,124.9,49,bid,CostlyCorianders,DiligentDonuts,12961817
2026-07-09T02:09:55.750137,2026-07-09T02:09:55.756808+00:00,125.0,50,bid,FlawlessFlatbreads,EarnestEspressos,12961833
2026-07-09T02:09:57.910103,2026-07-09T02:09:57.921965+00:00,124.7,50,ask,EarnestEspressos,FlawlessFlatbreads,12961871
2026-07-09T02:10:00.019957,2026-07-09T02:10:00.029405+00:00,124.7,50,ask,EarnestEspressos,FlawlessFlatbreads,12961898
2026-07-09T02:10:01.439654,2026-07-09T02:10:01.447717+00:00,124.9,100,bid,DiligentDonuts,EarnestEspressos,12961915
2026-07-09T02:10:02.126986,2026-07-09T02:10:02.133957+00:00,124.4,50,ask,EarnestEspressos,FlawlessFlatbreads,12961924
2026-07-09T02:10:04.237354,2026-07-09T02:10:04.245891+00:00,124.5,50,ask,EarnestEspressos,FlawlessFlatbreads,12961953
2026-07-09T02:10:06.347501,2026-07-09T02:10:06.355665+00:00,124.5,50,ask,EarnestEspressos,FlawlessFlatbreads,12961971
2026-07-09T02:10:07.778780,2026-07-09T02:10:07.792386+00:00,124.3,43,ask,DiligentDonuts,CostlyCorianders,12961997
2026-07-09T02:10:08.069945,2026-07-09T02:10:08.079125+00:00,124.5,14,bid,Xuanyu Liu,EarnestEspressos,12962000
2026-07-09T02:10:08.455477,2026-07-09T02:10:08.458575+00:00,124.3,50,ask,DiligentDonuts,FlawlessFlatbreads,12962002
2026-07-09T02:10:08.902366,2026-07-09T02:10:08.913106+00:00,124.5,44,bid,CostlyCorianders,EarnestEspressos,12962006
2026-07-09T02:10:10.563221,2026-07-09T02:10:10.571818+00:00,124.3,7,ask,DiligentDonuts,FlawlessFlatbreads,12962028
2026-07-09T02:10:10.563221,2026-07-09T02:10:10.571818+00:00,124.2,43,ask,EarnestEspressos,FlawlessFlatbreads,12962029
2026-07-09T02:10:12.673884,2026-07-09T02:10:12.680994+00:00,124.2,50,ask,EarnestEspressos,FlawlessFlatbreads,12962052
2026-07-09T02:10:14.629584,2026-07-09T02:10:14.638329+00:00,124.4,12,bid,Xuanyu Liu,EarnestEspressos,12962079
2026-07-09T02:10:14.650060,2026-07-09T02:10:14.660065+00:00,124.4,10,bid,Matthew Hanna,EarnestEspressos,12962083
2026-07-09T02:10:14.781096,2026-07-09T02:10:14.792689+00:00,124.1,50,ask,DiligentDonuts,FlawlessFlatbreads,12962084
2026-07-09T02:10:14.861199,2026-07-09T02:10:14.869549+00:00,124.4,10,bid,Matthew Hanna,EarnestEspressos,12962088
2026-07-09T02:10:15.070537,2026-07-09T02:10:15.079293+00:00,124.4,5,bid,Matthew Hanna,EarnestEspressos,12962092
2026-07-09T02:10:15.109151,2026-07-09T02:10:15.120797+00:00,124.4,40,bid,CostlyCorianders,EarnestEspressos,12962093
2026-07-09T02:10:15.574797,2026-07-09T02:10:15.586603+00:00,124.1,42,ask,DiligentDonuts,CostlyCorianders,12962099
2026-07-09T02:10:16.193197,2026-07-09T02:10:16.203077+00:00,124.1,8,ask,DiligentDonuts,CostlyCorianders,12962115
2026-07-09T02:10:16.193197,2026-07-09T02:10:16.203077+00:00,123.9,40,ask,EarnestEspressos,CostlyCorianders,12962116
2026-07-09T02:10:16.890799,2026-07-09T02:10:16.901050+00:00,124.0,50,ask,EarnestEspressos,FlawlessFlatbreads,12962123
2026-07-09T02:10:17.326833,2026-07-09T02:10:17.336443+00:00,124.2,11,bid,Xuanyu Liu,DiligentDonuts,12962135
2026-07-09T02:10:17.485062,2026-07-09T02:10:17.491678+00:00,124.2,10,bid,Matthew Hanna,DiligentDonuts,12962139
2026-07-09T02:10:17.522337,2026-07-09T02:10:17.533968+00:00,124.2,46,bid,CostlyCorianders,DiligentDonuts,12962140
2026-07-09T02:10:17.694467,2026-07-09T02:10:17.706163+00:00,124.2,10,bid,Matthew Hanna,DiligentDonuts,12962144
2026-07-09T02:10:17.904527,2026-07-09T02:10:17.912380+00:00,124.2,5,bid,Matthew Hanna,DiligentDonuts,12962146
2026-07-09T02:10:19.001340,2026-07-09T02:10:19.009244+00:00,124.0,50,ask,EarnestEspressos,FlawlessFlatbreads,12962167
2026-07-09T02:10:19.720898,2026-07-09T02:10:19.729424+00:00,124.0,44,ask,EarnestEspressos,CostlyCorianders,12962174
2026-07-09T02:10:20.031024,2026-07-09T02:10:20.039842+00:00,123.8,34,bid,Xuanyu Liu,EarnestEspressos,12962180
2026-07-09T02:10:20.127528,2026-07-09T02:10:20.134991+00:00,123.8,10,bid,Matthew Hanna,EarnestEspressos,12962185
2026-07-09T02:10:20.340041,2026-07-09T02:10:20.348442+00:00,123.8,10,bid,Matthew Hanna,EarnestEspressos,12962190
2026-07-09T02:10:20.422374,2026-07-09T02:10:20.429247+00:00,123.8,96,bid,DiligentDonuts,EarnestEspressos,12962192
2026-07-09T02:10:21.107692,2026-07-09T02:10:21.115931+00:00,123.9,4,ask,DiligentDonuts,FlawlessFlatbreads,12962200
2026-07-09T02:10:21.107692,2026-07-09T02:10:21.115931+00:00,123.3,46,ask,EarnestEspressos,FlawlessFlatbreads,12962201
2026-07-09T02:10:23.217997,2026-07-09T02:10:23.226935+00:00,123.8,50,ask,EarnestEspressos,FlawlessFlatbreads,12962223
2026-07-09T02:10:24.444444,2026-07-09T02:10:24.458566+00:00,124.2,49,bid,CostlyCorianders,DiligentDonuts,12962238
2026-07-09T02:10:25.328549,2026-07-09T02:10:25.340434+00:00,123.8,50,ask,EarnestEspressos,FlawlessFlatbreads,12962253
2026-07-09T02:10:26.023329,2026-07-09T02:10:26.035301+00:00,124.2,41,bid,CostlyCorianders,DiligentDonuts,12962270
2026-07-09T02:10:26.563193,2026-07-09T02:10:26.570620+00:00,124.0,5,bid,Matthew Hanna,EarnestEspressos,12962275
2026-07-09T02:10:26.746278,2026-07-09T02:10:26.758570+00:00,124.0,100,bid,DiligentDonuts,EarnestEspressos,12962276
2026-07-09T02:10:27.449059,2026-07-09T02:10:27.458552+00:00,123.5,50,ask,EarnestEspressos,FlawlessFlatbreads,12962290
2026-07-09T02:10:27.673242,2026-07-09T02:10:27.681217+00:00,123.5,44,ask,EarnestEspressos,CostlyCorianders,12962295
2026-07-09T02:10:29.558077,2026-07-09T02:10:29.568985+00:00,123.4,50,ask,EarnestEspressos,FlawlessFlatbreads,12962324
2026-07-09T02:10:31.424073,2026-07-09T02:10:31.435051+00:00,123.9,47,bid,CostlyCorianders,EarnestEspressos,12962347
2026-07-09T02:10:31.669089,2026-07-09T02:10:31.675591+00:00,123.6,50,ask,DiligentDonuts,FlawlessFlatbreads,12962353
2026-07-09T02:10:33.776622,2026-07-09T02:10:33.788286+00:00,123.3,50,ask,EarnestEspressos,FlawlessFlatbreads,12962384
2026-07-09T02:10:34.651945,2026-07-09T02:10:34.656512+00:00,123.3,49,ask,EarnestEspressos,CostlyCorianders,12962399
2026-07-09T02:10:35.749219,2026-07-09T02:10:35.759240+00:00,123.7,47,bid,CostlyCorianders,DiligentDonuts,12962411
2026-07-09T02:10:35.880737,2026-07-09T02:10:35.890937+00:00,123.4,29,bid,Xuanyu Liu,EarnestEspressos,12962415
2026-07-09T02:10:35.919499,2026-07-09T02:10:35.931347+00:00,123.2,50,ask,DiligentDonuts,FlawlessFlatbreads,12962417
2026-07-09T02:10:35.991776,2026-07-09T02:10:36.003492+00:00,123.4,10,bid,Matthew Hanna,EarnestEspressos,12962419
2026-07-09T02:10:36.205213,2026-07-09T02:10:36.216186+00:00,123.4,10,bid,Matthew Hanna,EarnestEspressos,12962424
2026-07-09T02:10:36.707506,2026-07-09T02:10:36.718530+00:00,123.4,5,bid,Matthew Hanna,EarnestEspressos,12962429
2026-07-09T02:10:37.285283,2026-07-09T02:10:37.297223+00:00,123.4,43,bid,CostlyCorianders,EarnestEspressos,12962441
2026-07-09T02:10:38.028712,2026-07-09T02:10:38.040391+00:00,123.3,50,ask,DiligentDonuts,FlawlessFlatbreads,12962449
2026-07-09T02:10:40.164618,2026-07-09T02:10:40.173890+00:00,123.3,50,ask,EarnestEspressos,FlawlessFlatbreads,12962475
2026-07-09T02:10:41.564492,2026-07-09T02:10:41.571205+00:00,123.3,41,ask,EarnestEspressos,CostlyCorianders,12962503
2026-07-09T02:10:42.220753,2026-07-09T02:10:42.232699+00:00,123.4,50,bid,FlawlessFlatbreads,EarnestEspressos,12962513
2026-07-09T02:10:43.549273,2026-07-09T02:10:43.555745+00:00,123.4,49,bid,CostlyCorianders,EarnestEspressos,12962532
2026-07-09T02:10:44.328536,2026-07-09T02:10:44.338958+00:00,123.4,50,bid,FlawlessFlatbreads,EarnestEspressos,12962543
2026-07-09T02:10:46.435811,2026-07-09T02:10:46.443965+00:00,123.7,50,bid,FlawlessFlatbreads,DiligentDonuts,12962573
2026-07-09T02:10:46.552809,2026-07-09T02:10:46.563624+00:00,123.6,41,ask,EarnestEspressos,CostlyCorianders,12962575
2026-07-09T02:10:47.041241,2026-07-09T02:10:47.053572+00:00,123.6,45,ask,EarnestEspressos,CostlyCorianders,12962581
2026-07-09T02:10:47.423462,2026-07-09T02:10:47.432630+00:00,123.6,6,ask,EarnestEspressos,Xuanyu Liu,12962591
2026-07-09T02:10:48.528277,2026-07-09T02:10:48.536636+00:00,123.5,44,bid,CostlyCorianders,EarnestEspressos,12962599
2026-07-09T02:10:48.541504,2026-07-09T02:10:48.553333+00:00,123.5,50,bid,FlawlessFlatbreads,EarnestEspressos,12962600
2026-07-09T02:10:48.761844,2026-07-09T02:10:48.771872+00:00,123.5,6,bid,Xuanyu Liu,EarnestEspressos,12962608
2026-07-09T02:10:49.068164,2026-07-09T02:10:49.080206+00:00,123.4,44,ask,DiligentDonuts,CostlyCorianders,12962614
2026-07-09T02:10:50.659518,2026-07-09T02:10:50.669365+00:00,123.5,50,bid,FlawlessFlatbreads,EarnestEspressos,12962628
2026-07-09T02:10:51.645114,2026-07-09T02:10:51.654138+00:00,123.8,17,ask,EarnestEspressos,Xuanyu Liu,12962650
2026-07-09T02:10:51.655177,2026-07-09T02:10:51.680028+00:00,123.9,42,bid,CostlyCorianders,DiligentDonuts,12962652
2026-07-09T02:10:52.765684,2026-07-09T02:10:52.777957+00:00,123.9,50,bid,FlawlessFlatbreads,DiligentDonuts,12962668
2026-07-09T02:10:54.878457,2026-07-09T02:10:54.890085+00:00,124.5,50,bid,FlawlessFlatbreads,EarnestEspressos,12962695
2026-07-09T02:10:55.309535,2026-07-09T02:10:55.319003+00:00,124.0,12,ask,EarnestEspressos,Xuanyu Liu,12962706
2026-07-09T02:10:56.965882,2026-07-09T02:10:56.975310+00:00,124.0,45,ask,EarnestEspressos,CostlyCorianders,12962726
2026-07-09T02:10:56.987326,2026-07-09T02:10:57.001176+00:00,124.4,50,bid,FlawlessFlatbreads,DiligentDonuts,12962729
2026-07-09T02:10:59.095058,2026-07-09T02:10:59.103959+00:00,124.1,50,bid,FlawlessFlatbreads,EarnestEspressos,12962759
2026-07-09T02:10:59.995936,2026-07-09T02:11:00.005426+00:00,124.1,45,bid,CostlyCorianders,EarnestEspressos,12962772
2026-07-09T02:11:01.203604,2026-07-09T02:11:01.215835+00:00,124.4,50,bid,FlawlessFlatbreads,DiligentDonuts,12962794
2026-07-09T02:11:01.574627,2026-07-09T02:11:01.584476+00:00,124.1,11,ask,DiligentDonuts,Xuanyu Liu,12962804
2026-07-09T02:11:03.169514,2026-07-09T02:11:03.185644+00:00,124.1,47,ask,DiligentDonuts,CostlyCorianders,12962828
2026-07-09T02:11:03.202379,2026-07-09T02:11:03.212004+00:00,124.1,11,ask,DiligentDonuts,Xuanyu Liu,12962830
2026-07-09T02:11:03.312526,2026-07-09T02:11:03.319473+00:00,124.5,50,bid,FlawlessFlatbreads,EarnestEspressos,12962832
2026-07-09T02:11:05.146579,2026-07-09T02:11:05.153079+00:00,124.2,41,bid,CostlyCorianders,DiligentDonuts,12962860
2026-07-09T02:11:05.420017,2026-07-09T02:11:05.431904+00:00,124.2,50,bid,FlawlessFlatbreads,DiligentDonuts,12962863
2026-07-09T02:11:07.293185,2026-07-09T02:11:07.300472+00:00,124.0,49,ask,EarnestEspressos,CostlyCorianders,12962889
2026-07-09T02:11:07.527531,2026-07-09T02:11:07.536182+00:00,124.2,9,bid,FlawlessFlatbreads,DiligentDonuts,12962895
2026-07-09T02:11:07.527531,2026-07-09T02:11:07.541319+00:00,124.4,41,bid,FlawlessFlatbreads,EarnestEspressos,12962896
2026-07-09T02:11:08.382216,2026-07-09T02:11:08.392782+00:00,124.1,45,ask,DiligentDonuts,CostlyCorianders,12962903
2026-07-09T02:11:09.635712,2026-07-09T02:11:09.646133+00:00,124.4,50,bid,FlawlessFlatbreads,EarnestEspressos,12962912
2026-07-09T02:11:09.970279,2026-07-09T02:11:09.979025+00:00,124.4,44,bid,CostlyCorianders,EarnestEspressos,12962920
2026-07-09T02:11:10.632044,2026-07-09T02:11:10.642638+00:00,124.4,35,ask,EarnestEspressos,Xuanyu Liu,12962929
2026-07-09T02:11:10.781288,2026-07-09T02:11:10.791972+00:00,124.4,10,ask,EarnestEspressos,Matthew Hanna,12962932
2026-07-09T02:11:11.025185,2026-07-09T02:11:11.035212+00:00,124.4,10,ask,EarnestEspressos,Matthew Hanna,12962937
2026-07-09T02:11:11.037924,2026-07-09T02:11:11.045482+00:00,124.4,44,ask,EarnestEspressos,CostlyCorianders,12962938
2026-07-09T02:11:11.134224,2026-07-09T02:11:11.145259+00:00,124.4,51,ask,EarnestEspressos,DiligentDonuts,12962945
2026-07-09T02:11:11.742073,2026-07-09T02:11:11.748821+00:00,124.4,49,bid,FlawlessFlatbreads,DiligentDonuts,12962953
2026-07-09T02:11:11.742073,2026-07-09T02:11:11.754077+00:00,124.9,1,bid,FlawlessFlatbreads,EarnestEspressos,12962954
2026-07-09T02:11:13.850723,2026-07-09T02:11:13.858571+00:00,124.4,50,bid,FlawlessFlatbreads,EarnestEspressos,12962979
2026-07-09T02:11:14.921815,2026-07-09T02:11:14.933678+00:00,124.3,46,ask,DiligentDonuts,CostlyCorianders,12962993
2026-07-09T02:11:15.959085,2026-07-09T02:11:15.968163+00:00,124.4,50,bid,FlawlessFlatbreads,EarnestEspressos,12963005
2026-07-09T02:11:16.406094,2026-07-09T02:11:16.414357+00:00,124.4,12,bid,Xuanyu Liu,EarnestEspressos,12963012
2026-07-09T02:11:16.538896,2026-07-09T02:11:16.551510+00:00,124.4,38,bid,CostlyCorianders,EarnestEspressos,12963016
2026-07-09T02:11:16.538896,2026-07-09T02:11:16.551510+00:00,124.8,4,bid,CostlyCorianders,DiligentDonuts,12963017
2026-07-09T02:11:16.959703,2026-07-09T02:11:16.970051+00:00,124.7,23,ask,EarnestEspressos,Xuanyu Liu,12963024
2026-07-09T02:11:17.056747,2026-07-09T02:11:17.065834+00:00,124.7,10,ask,EarnestEspressos,Matthew Hanna,12963029
2026-07-09T02:11:17.266335,2026-07-09T02:11:17.274327+00:00,124.7,10,ask,EarnestEspressos,Matthew Hanna,12963033
2026-07-09T02:11:17.487415,2026-07-09T02:11:17.496963+00:00,124.7,10,ask,EarnestEspressos,Matthew Hanna,12963040
2026-07-09T02:11:17.534284,2026-07-09T02:11:17.543760+00:00,124.8,41,bid,CostlyCorianders,DiligentDonuts,12963043
2026-07-09T02:11:17.665255,2026-07-09T02:11:17.677383+00:00,124.7,3,ask,EarnestEspressos,Xuanyu Liu,12963048
2026-07-09T02:11:17.723133,2026-07-09T02:11:17.734619+00:00,124.7,10,ask,EarnestEspressos,Matthew Hanna,12963054
2026-07-09T02:11:17.933340,2026-07-09T02:11:17.940559+00:00,124.7,10,ask,EarnestEspressos,Matthew Hanna,12963059
2026-07-09T02:11:18.067459,2026-07-09T02:11:18.079273+00:00,124.8,50,bid,FlawlessFlatbreads,DiligentDonuts,12963060
2026-07-09T02:11:18.141748,2026-07-09T02:11:18.149940+00:00,124.7,10,ask,EarnestEspressos,Matthew Hanna,12963062
2026-07-09T02:11:18.350139,2026-07-09T02:11:18.358572+00:00,124.7,10,ask,EarnestEspressos,Matthew Hanna,12963071
2026-07-09T02:11:18.561012,2026-07-09T02:11:18.571885+00:00,124.7,10,ask,EarnestEspressos,Matthew Hanna,12963076
2026-07-09T02:11:20.173240,2026-07-09T02:11:20.180758+00:00,124.8,9,bid,FlawlessFlatbreads,DiligentDonuts,12963100
2026-07-09T02:11:22.284297,2026-07-09T02:11:22.291829+00:00,124.6,50,bid,FlawlessFlatbreads,EarnestEspressos,12963127
2026-07-09T02:11:24.392184,2026-07-09T02:11:24.404136+00:00,124.7,50,bid,FlawlessFlatbreads,EarnestEspressos,12963158
2026-07-09T02:11:26.500365,2026-07-09T02:11:26.512431+00:00,124.9,50,bid,FlawlessFlatbreads,DiligentDonuts,12963191
2026-07-09T02:11:27.782794,2026-07-09T02:11:27.794623+00:00,124.5,46,ask,DiligentDonuts,CostlyCorianders,12963208
2026-07-09T02:11:28.265851,2026-07-09T02:11:28.277435+00:00,124.8,42,bid,CostlyCorianders,EarnestEspressos,12963228
2026-07-09T02:11:28.609281,2026-07-09T02:11:28.619095+00:00,124.8,50,bid,FlawlessFlatbreads,EarnestEspressos,12963233
2026-07-09T02:11:29.237401,2026-07-09T02:11:29.249083+00:00,124.5,43,ask,DiligentDonuts,CostlyCorianders,12963239
2026-07-09T02:11:29.793432,2026-07-09T02:11:29.804669+00:00,124.6,10,ask,EarnestEspressos,Matthew Hanna,12963253
2026-07-09T02:11:30.003211,2026-07-09T02:11:30.012633+00:00,124.6,10,ask,EarnestEspressos,Matthew Hanna,12963256
2026-07-09T02:11:30.144272,2026-07-09T02:11:30.153687+00:00,124.6,100,ask,EarnestEspressos,DiligentDonuts,12963257
2026-07-09T02:11:30.212681,2026-07-09T02:11:30.219965+00:00,124.6,5,ask,EarnestEspressos,Matthew Hanna,12963259
2026-07-09T02:11:30.716661,2026-07-09T02:11:30.728719+00:00,125.1,50,bid,FlawlessFlatbreads,EarnestEspressos,12963265
2026-07-09T02:11:34.926242,2026-07-09T02:11:34.937811+00:00,125.0,50,bid,FlawlessFlatbreads,EarnestEspressos,12963310
2026-07-09T02:11:36.118261,2026-07-09T02:11:36.125960+00:00,124.5,3,ask,DiligentDonuts,Xuanyu Liu,12963338
2026-07-09T02:11:36.231658,2026-07-09T02:11:36.239286+00:00,124.5,10,ask,DiligentDonuts,Matthew Hanna,12963344
2026-07-09T02:11:36.440582,2026-07-09T02:11:36.447593+00:00,124.5,10,ask,EarnestEspressos,Matthew Hanna,12963346
2026-07-09T02:11:36.649993,2026-07-09T02:11:36.658588+00:00,124.5,5,ask,EarnestEspressos,Matthew Hanna,12963349
2026-07-09T02:11:38.419087,2026-07-09T02:11:38.430558+00:00,124.5,49,ask,EarnestEspressos,CostlyCorianders,12963380
2026-07-09T02:11:39.138620,2026-07-09T02:11:39.150275+00:00,124.6,50,bid,FlawlessFlatbreads,DiligentDonuts,12963390
2026-07-09T02:11:40.389185,2026-07-09T02:11:40.401041+00:00,124.6,41,ask,DiligentDonuts,CostlyCorianders,12963409
2026-07-09T02:11:41.268574,2026-07-09T02:11:41.279520+00:00,124.8,50,bid,FlawlessFlatbreads,EarnestEspressos,12963422
2026-07-09T02:11:42.018486,2026-07-09T02:11:42.030331+00:00,124.8,40,bid,CostlyCorianders,EarnestEspressos,12963437
2026-07-09T02:11:43.374719,2026-07-09T02:11:43.385816+00:00,125.1,50,bid,FlawlessFlatbreads,DiligentDonuts,12963457
2026-07-09T02:11:45.481861,2026-07-09T02:11:45.493532+00:00,125.1,50,bid,FlawlessFlatbreads,DiligentDonuts,12963496
2026-07-09T02:11:45.909752,2026-07-09T02:11:45.920360+00:00,125.0,11,ask,DiligentDonuts,Xuanyu Liu,12963506
2026-07-09T02:11:46.218297,2026-07-09T02:11:46.230422+00:00,125.0,42,ask,DiligentDonuts,CostlyCorianders,12963510
2026-07-09T02:11:47.588491,2026-07-09T02:11:47.600500+00:00,125.3,50,bid,FlawlessFlatbreads,EarnestEspressos,12963529
2026-07-09T02:11:48.540721,2026-07-09T02:11:48.554214+00:00,125.0,12,ask,DiligentDonuts,Xuanyu Liu,12963541
2026-07-09T02:11:48.682204,2026-07-09T02:11:48.688852+00:00,125.0,10,ask,DiligentDonuts,Matthew Hanna,12963544
2026-07-09T02:11:48.892885,2026-07-09T02:11:48.903342+00:00,125.0,10,ask,DiligentDonuts,Matthew Hanna,12963548
2026-07-09T02:11:49.337903,2026-07-09T02:11:49.349719+00:00,125.1,49,bid,CostlyCorianders,EarnestEspressos,12963559
2026-07-09T02:11:50.949467,2026-07-09T02:11:50.958570+00:00,125.1,48,bid,CostlyCorianders,EarnestEspressos,12963573
2026-07-09T02:11:51.795301,2026-07-09T02:11:51.805227+00:00,125.2,100,bid,EarnestEspressos,DiligentDonuts,12963581
2026-07-09T02:11:51.862156,2026-07-09T02:11:51.870669+00:00,125.3,34,ask,EarnestEspressos,Xuanyu Liu,12963583
2026-07-09T02:11:51.908457,2026-07-09T02:11:51.917444+00:00,125.3,10,ask,EarnestEspressos,Matthew Hanna,12963586
2026-07-09T02:11:52.121017,2026-07-09T02:11:52.138545+00:00,125.3,6,ask,EarnestEspressos,Matthew Hanna,12963590
2026-07-09T02:11:53.960295,2026-07-09T02:11:53.971805+00:00,125.0,50,ask,DiligentDonuts,FlawlessFlatbreads,12963619
2026-07-09T02:11:54.751970,2026-07-09T02:11:54.764366+00:00,125.0,47,ask,DiligentDonuts,CostlyCorianders,12963634
2026-07-09T02:11:55.285491,2026-07-09T02:11:55.297676+00:00,125.0,3,ask,DiligentDonuts,CostlyCorianders,12963642
2026-07-09T02:11:55.285491,2026-07-09T02:11:55.297676+00:00,124.9,42,ask,EarnestEspressos,CostlyCorianders,12963643
2026-07-09T02:11:56.071273,2026-07-09T02:11:56.079618+00:00,124.9,50,ask,EarnestEspressos,FlawlessFlatbreads,12963653
2026-07-09T02:11:56.318157,2026-07-09T02:11:56.329116+00:00,125.2,41,bid,CostlyCorianders,DiligentDonuts,12963657
2026-07-09T02:11:58.178816,2026-07-09T02:11:58.187823+00:00,124.7,50,ask,DiligentDonuts,FlawlessFlatbreads,12963678
2026-07-09T02:11:58.189121,2026-07-09T02:11:58.199170+00:00,124.8,46,bid,Xuanyu Liu,EarnestEspressos,12963679
2026-07-09T02:11:58.486230,2026-07-09T02:11:58.497793+00:00,124.7,41,ask,DiligentDonuts,CostlyCorianders,12963691
2026-07-09T02:12:01.392565,2026-07-09T02:12:01.404479+00:00,124.9,44,bid,CostlyCorianders,DiligentDonuts,12963740
2026-07-09T02:12:04.440053,2026-07-09T02:12:04.450379+00:00,125.0,50,bid,FlawlessFlatbreads,DiligentDonuts,12963786
2026-07-09T02:12:05.693217,2026-07-09T02:12:05.702471+00:00,124.8,46,bid,CostlyCorianders,EarnestEspressos,12963797
2026-07-09T02:12:06.398462,2026-07-09T02:12:06.405984+00:00,124.7,46,ask,DiligentDonuts,CostlyCorianders,12963809
2026-07-09T02:12:06.598577,2026-07-09T02:12:06.610412+00:00,124.7,50,ask,DiligentDonuts,FlawlessFlatbreads,12963811
2026-07-09T02:12:08.706059,2026-07-09T02:12:08.714803+00:00,124.6,50,ask,EarnestEspressos,FlawlessFlatbreads,12963844
2026-07-09T02:12:09.120661,2026-07-09T02:12:09.130869+00:00,124.6,45,ask,EarnestEspressos,CostlyCorianders,12963849
2026-07-09T02:12:10.761571,2026-07-09T02:12:10.768909+00:00,124.8,50,bid,FlawlessFlatbreads,DiligentDonuts,12963870
2026-07-09T02:12:11.296843,2026-07-09T02:12:11.308435+00:00,124.6,47,bid,CostlyCorianders,EarnestEspressos,12963876
2026-07-09T02:12:11.931669,2026-07-09T02:12:11.943574+00:00,124.6,43,bid,CostlyCorianders,EarnestEspressos,12963884
2026-07-09T02:12:14.472432,2026-07-09T02:12:14.484180+00:00,124.4,49,ask,EarnestEspressos,CostlyCorianders,12963916
2026-07-09T02:12:15.024539,2026-07-09T02:12:15.036365+00:00,124.4,50,ask,EarnestEspressos,FlawlessFlatbreads,12963927
2026-07-09T02:12:17.134176,2026-07-09T02:12:17.143691+00:00,124.4,50,ask,DiligentDonuts,FlawlessFlatbreads,12963960
2026-07-09T02:12:17.438747,2026-07-09T02:12:17.448710+00:00,124.4,45,ask,DiligentDonuts,CostlyCorianders,12963971
2026-07-09T02:12:19.241276,2026-07-09T02:12:19.250817+00:00,124.1,50,ask,DiligentDonuts,FlawlessFlatbreads,12963994
2026-07-09T02:12:19.459885,2026-07-09T02:12:19.474008+00:00,124.5,14,bid,Xuanyu Liu,EarnestEspressos,12964001
2026-07-09T02:12:19.588426,2026-07-09T02:12:19.598263+00:00,124.5,10,bid,Matthew Hanna,EarnestEspressos,12964011
2026-07-09T02:12:19.799082,2026-07-09T02:12:19.810544+00:00,124.5,1,bid,Matthew Hanna,EarnestEspressos,12964015
2026-07-09T02:12:20.559362,2026-07-09T02:12:20.570030+00:00,124.6,48,bid,CostlyCorianders,DiligentDonuts,12964023
2026-07-09T02:12:21.366079,2026-07-09T02:12:21.372663+00:00,124.1,50,ask,EarnestEspressos,FlawlessFlatbreads,12964034
2026-07-09T02:12:23.471325,2026-07-09T02:12:23.482814+00:00,124.1,50,ask,DiligentDonuts,FlawlessFlatbreads,12964058
2026-07-09T02:12:25.580910,2026-07-09T02:12:25.589724+00:00,123.9,50,ask,DiligentDonuts,FlawlessFlatbreads,12964077
2026-07-09T02:12:27.286164,2026-07-09T02:12:27.295664+00:00,124.3,48,bid,CostlyCorianders,DiligentDonuts,12964109
2026-07-09T02:12:27.687786,2026-07-09T02:12:27.699571+00:00,123.9,50,ask,EarnestEspressos,FlawlessFlatbreads,12964112
2026-07-09T02:12:27.803996,2026-07-09T02:12:27.816119+00:00,123.9,49,ask,EarnestEspressos,CostlyCorianders,12964113
2026-07-09T02:12:29.796709,2026-07-09T02:12:29.805124+00:00,123.8,50,ask,DiligentDonuts,FlawlessFlatbreads,12964144
2026-07-09T02:12:29.842677,2026-07-09T02:12:29.869803+00:00,123.8,50,ask,DiligentDonuts,EarnestEspressos,12964146
