timestamp,recv_time,price,volume,aggressor_side,buyer,seller,trade_id
2026-07-15T20:24:24.498883,2026-07-15T20:24:24.402621+00:00,67.2,14,bid,,,5401262
2026-07-15T20:24:24.498883,2026-07-15T20:24:24.402621+00:00,67.2,24,bid,,,5401263
2026-07-15T20:24:24.498883,2026-07-15T20:24:24.402621+00:00,67.2,8,bid,,,5401264
2026-07-15T20:24:24.559692,2026-07-15T20:24:24.402621+00:00,67.0,38,ask,,,5401267
2026-07-15T20:24:24.559692,2026-07-15T20:24:24.402621+00:00,67.0,11,ask,,,5401268
2026-07-15T20:24:24.668870,2026-07-15T20:24:24.402621+00:00,67.0,5,ask,,,5401269
2026-07-15T20:24:25.122540,2026-07-15T20:24:25.128610+00:00,67.0,2,ask,,,5401276
2026-07-15T20:24:25.159699,2026-07-15T20:24:25.169879+00:00,67.0,22,ask,,,5401280
2026-07-15T20:24:25.159699,2026-07-15T20:24:25.169879+00:00,67.0,5,ask,,,5401281
2026-07-15T20:24:25.159699,2026-07-15T20:24:25.169879+00:00,67.0,15,ask,,,5401282
2026-07-15T20:24:25.258830,2026-07-15T20:24:25.282891+00:00,67.1,10,bid,,,5401284
2026-07-15T20:24:25.258830,2026-07-15T20:24:25.282891+00:00,67.1,5,bid,,,5401285
2026-07-15T20:24:25.258830,2026-07-15T20:24:25.282891+00:00,67.1,35,bid,,,5401286
2026-07-15T20:24:26.173098,2026-07-15T20:24:26.181590+00:00,67.0,2,ask,,,5401300
2026-07-15T20:24:26.724421,2026-07-15T20:24:26.730363+00:00,67.1,42,bid,,,5401317
2026-07-15T20:24:27.421416,2026-07-15T20:24:27.423024+00:00,67.0,50,ask,,,5401323
2026-07-15T20:24:28.219952,2026-07-15T20:24:28.224799+00:00,67.0,2,ask,,,5401338
2026-07-15T20:24:28.643154,2026-07-15T20:24:28.648720+00:00,67.1,38,bid,,,5401349
2026-07-15T20:24:28.643154,2026-07-15T20:24:28.648720+00:00,67.1,5,bid,,,5401350
2026-07-15T20:24:28.643154,2026-07-15T20:24:28.659060+00:00,67.1,10,bid,,,5401351
2026-07-15T20:24:28.643154,2026-07-15T20:24:28.659060+00:00,67.1,40,bid,,,5401352
2026-07-15T20:24:28.643154,2026-07-15T20:24:28.659060+00:00,67.1,7,bid,,,5401353
2026-07-15T20:24:28.785673,2026-07-15T20:24:28.772608+00:00,67.1,5,bid,,,5401356
2026-07-15T20:24:29.242211,2026-07-15T20:24:29.243747+00:00,67.1,5,bid,,,5401370
2026-07-15T20:24:29.242211,2026-07-15T20:24:29.254077+00:00,67.3,40,bid,,,5401371
2026-07-15T20:24:30.289220,2026-07-15T20:24:30.292822+00:00,67.2,2,ask,,,5401386
2026-07-15T20:24:31.321230,2026-07-15T20:24:31.329524+00:00,67.1,2,ask,,,5401408
2026-07-15T20:24:31.657791,2026-07-15T20:24:31.671449+00:00,67.1,5,ask,,,5401412
2026-07-15T20:24:31.657791,2026-07-15T20:24:31.671449+00:00,67.1,45,ask,,,5401413
2026-07-15T20:24:31.873247,2026-07-15T20:24:31.878780+00:00,67.1,5,ask,,,5401418
2026-07-15T20:24:31.929666,2026-07-15T20:24:31.931048+00:00,67.1,26,ask,,,5401419
2026-07-15T20:24:31.929666,2026-07-15T20:24:31.941503+00:00,67.1,18,ask,,,5401420
2026-07-15T20:24:32.995187,2026-07-15T20:24:33.000037+00:00,67.2,45,bid,,,5401440
2026-07-15T20:24:33.370517,2026-07-15T20:24:33.374698+00:00,67.1,2,ask,,,5401443
2026-07-15T20:24:33.778637,2026-07-15T20:24:33.780397+00:00,67.1,5,ask,,,5401453
2026-07-15T20:24:33.778637,2026-07-15T20:24:33.790801+00:00,67.1,45,ask,,,5401454
2026-07-15T20:24:34.683259,2026-07-15T20:24:34.686091+00:00,67.2,38,bid,,,5401469
2026-07-15T20:24:34.694142,2026-07-15T20:24:34.696578+00:00,67.2,17,bid,,,5401471
2026-07-15T20:24:34.694142,2026-07-15T20:24:34.707040+00:00,67.2,8,bid,,,5401472
2026-07-15T20:24:34.809836,2026-07-15T20:24:34.840468+00:00,67.2,25,bid,,,5401477
2026-07-15T20:24:34.845423,2026-07-15T20:24:34.851033+00:00,67.2,5,bid,,,5401479
2026-07-15T20:24:34.845423,2026-07-15T20:24:34.851033+00:00,67.2,19,bid,,,5401480
2026-07-15T20:24:34.856559,2026-07-15T20:24:34.861469+00:00,67.2,24,bid,,,5401482
2026-07-15T20:24:34.884399,2026-07-15T20:24:34.892736+00:00,67.2,7,bid,,,5401485
2026-07-15T20:24:34.988610,2026-07-15T20:24:34.997278+00:00,67.3,15,bid,,,5401487
2026-07-15T20:24:34.988610,2026-07-15T20:24:34.997278+00:00,67.3,80,bid,,,5401488
2026-07-15T20:24:35.253048,2026-07-15T20:24:35.257956+00:00,67.4,20,ask,,,5401495
2026-07-15T20:24:35.257792,2026-07-15T20:24:35.268379+00:00,67.3,5,ask,,,5401496
2026-07-15T20:24:35.257792,2026-07-15T20:24:35.268379+00:00,67.3,5,ask,,,5401497
2026-07-15T20:24:35.257792,2026-07-15T20:24:35.268379+00:00,67.1,37,ask,,,5401498
2026-07-15T20:24:35.887481,2026-07-15T20:24:35.894986+00:00,67.1,50,ask,,,5401511
2026-07-15T20:24:38.022062,2026-07-15T20:24:38.024396+00:00,67.1,50,ask,,,5401550
2026-07-15T20:24:38.818836,2026-07-15T20:24:38.826923+00:00,67.1,26,ask,,,5401557
2026-07-15T20:24:38.818836,2026-07-15T20:24:38.826923+00:00,67.1,14,ask,,,5401558
2026-07-15T20:24:38.818836,2026-07-15T20:24:38.826923+00:00,67.1,5,ask,,,5401559
2026-07-15T20:24:38.818836,2026-07-15T20:24:38.826923+00:00,67.1,2,ask,,,5401560
2026-07-15T20:24:40.137295,2026-07-15T20:24:40.141097+00:00,67.1,10,ask,,,5401583
2026-07-15T20:24:40.137295,2026-07-15T20:24:40.141097+00:00,67.1,40,ask,,,5401584
2026-07-15T20:24:40.982893,2026-07-15T20:24:40.987130+00:00,67.2,47,bid,,,5401594
2026-07-15T20:24:41.872534,2026-07-15T20:24:41.886493+00:00,67.1,10,ask,,,5401600
2026-07-15T20:24:41.872534,2026-07-15T20:24:41.886493+00:00,67.1,4,ask,,,5401601
2026-07-15T20:24:41.872534,2026-07-15T20:24:41.886493+00:00,67.1,34,ask,,,5401602
2026-07-15T20:24:42.259003,2026-07-15T20:24:42.263390+00:00,67.1,16,ask,,,5401608
2026-07-15T20:24:42.259003,2026-07-15T20:24:42.263390+00:00,67.1,10,ask,,,5401609
2026-07-15T20:24:42.259003,2026-07-15T20:24:42.273833+00:00,67.0,10,ask,,,5401610
2026-07-15T20:24:42.259003,2026-07-15T20:24:42.273833+00:00,67.0,14,ask,,,5401611
2026-07-15T20:24:43.312702,2026-07-15T20:24:43.323221+00:00,67.1,11,bid,,,5401627
2026-07-15T20:24:43.312702,2026-07-15T20:24:43.323221+00:00,67.1,5,bid,,,5401628
2026-07-15T20:24:44.373539,2026-07-15T20:24:44.375593+00:00,66.8,50,ask,,,5401643
2026-07-15T20:24:45.179013,2026-07-15T20:24:45.184587+00:00,67.2,4,bid,,,5401661
2026-07-15T20:24:45.191836,2026-07-15T20:24:45.195113+00:00,67.2,5,bid,,,5401662
2026-07-15T20:24:45.191836,2026-07-15T20:24:45.205777+00:00,67.2,25,bid,,,5401663
2026-07-15T20:24:45.247388,2026-07-15T20:24:45.248860+00:00,67.2,34,bid,,,5401666
2026-07-15T20:24:45.272497,2026-07-15T20:24:45.280660+00:00,67.2,5,bid,,,5401670
2026-07-15T20:24:45.362756,2026-07-15T20:24:45.364696+00:00,67.2,6,bid,,,5401672
2026-07-15T20:24:45.377988,2026-07-15T20:24:45.385798+00:00,67.2,4,bid,,,5401674
2026-07-15T20:24:45.454639,2026-07-15T20:24:45.459134+00:00,67.2,20,bid,,,5401679
2026-07-15T20:24:45.689637,2026-07-15T20:24:45.698675+00:00,67.2,6,bid,,,5401686
2026-07-15T20:24:45.689637,2026-07-15T20:24:45.698675+00:00,67.2,19,bid,,,5401687
2026-07-15T20:24:46.075064,2026-07-15T20:24:46.085612+00:00,67.2,20,bid,,,5401695
2026-07-15T20:24:46.208783,2026-07-15T20:24:46.216978+00:00,67.2,5,bid,,,5401702
2026-07-15T20:24:46.513284,2026-07-15T20:24:46.521618+00:00,67.0,9,ask,,,5401710
2026-07-15T20:24:46.513284,2026-07-15T20:24:46.532192+00:00,66.9,9,ask,,,5401711
2026-07-15T20:24:48.628111,2026-07-15T20:24:48.630047+00:00,67.0,50,ask,,,5401737
2026-07-15T20:24:49.181795,2026-07-15T20:24:49.186200+00:00,67.3,25,bid,,,5401747
2026-07-15T20:24:49.266967,2026-07-15T20:24:49.270165+00:00,67.3,7,bid,,,5401750
2026-07-15T20:24:49.661458,2026-07-15T20:24:49.668359+00:00,67.3,5,bid,,,5401754
2026-07-15T20:24:49.797470,2026-07-15T20:24:49.804566+00:00,67.3,2,bid,,,5401759
2026-07-15T20:24:49.797470,2026-07-15T20:24:49.804566+00:00,67.3,23,bid,,,5401760
2026-07-15T20:24:50.029446,2026-07-15T20:24:50.038383+00:00,67.3,65,bid,,,5401765
2026-07-15T20:24:50.221735,2026-07-15T20:24:50.229665+00:00,67.3,15,bid,,,5401774
2026-07-15T20:24:50.588867,2026-07-15T20:24:50.595770+00:00,67.3,5,bid,,,5401783
2026-07-15T20:24:50.588867,2026-07-15T20:24:50.595770+00:00,67.3,80,bid,,,5401784
2026-07-15T20:24:50.588867,2026-07-15T20:24:50.595770+00:00,67.3,50,bid,,,5401785
2026-07-15T20:24:50.747832,2026-07-15T20:24:50.753313+00:00,67.3,15,ask,,,5401788
2026-07-15T20:24:50.747832,2026-07-15T20:24:50.753313+00:00,67.3,5,ask,,,5401789
2026-07-15T20:24:50.747832,2026-07-15T20:24:50.763909+00:00,67.0,30,ask,,,5401790
2026-07-15T20:24:51.801644,2026-07-15T20:24:51.812036+00:00,67.3,65,bid,,,5401816
2026-07-15T20:24:51.832641,2026-07-15T20:24:51.843613+00:00,67.3,23,bid,,,5401819
2026-07-15T20:24:52.041332,2026-07-15T20:24:52.052907+00:00,67.3,12,bid,,,5401822
2026-07-15T20:24:52.041332,2026-07-15T20:24:52.052907+00:00,67.3,3,bid,,,5401823
2026-07-15T20:24:52.409391,2026-07-15T20:24:52.420037+00:00,67.3,2,bid,,,5401829
2026-07-15T20:24:52.409391,2026-07-15T20:24:52.420037+00:00,67.3,18,bid,,,5401830
2026-07-15T20:24:52.756228,2026-07-15T20:24:52.765739+00:00,67.3,5,bid,,,5401837
2026-07-15T20:24:53.020846,2026-07-15T20:24:53.028017+00:00,67.3,20,bid,,,5401844
2026-07-15T20:24:53.365853,2026-07-15T20:24:53.375293+00:00,67.3,37,bid,,,5401847
2026-07-15T20:24:53.365853,2026-07-15T20:24:53.375293+00:00,67.3,5,bid,,,5401848
2026-07-15T20:24:53.365853,2026-07-15T20:24:53.375293+00:00,67.3,1,bid,,,5401849
2026-07-15T20:24:53.776856,2026-07-15T20:24:53.780086+00:00,67.3,5,bid,,,5401861
2026-07-15T20:24:54.293631,2026-07-15T20:24:54.303783+00:00,67.2,10,bid,,,5401871
2026-07-15T20:24:54.441328,2026-07-15T20:24:54.447112+00:00,67.2,3,bid,,,5401875
2026-07-15T20:24:54.446169,2026-07-15T20:24:54.457707+00:00,67.2,50,bid,,,5401876
2026-07-15T20:24:54.450780,2026-07-15T20:24:54.457707+00:00,67.2,23,bid,,,5401877
2026-07-15T20:24:54.470758,2026-07-15T20:24:54.478791+00:00,67.2,16,bid,,,5401879
2026-07-15T20:24:54.637394,2026-07-15T20:24:54.646069+00:00,67.2,28,bid,,,5401881
2026-07-15T20:24:54.940594,2026-07-15T20:24:54.946457+00:00,67.2,20,bid,,,5401883
2026-07-15T20:24:54.940594,2026-07-15T20:24:54.946457+00:00,67.2,5,bid,,,5401884
2026-07-15T20:24:56.091997,2026-07-15T20:24:56.099100+00:00,67.5,10,bid,,,5401904
2026-07-15T20:24:56.091997,2026-07-15T20:24:56.099100+00:00,67.6,36,bid,,,5401905
2026-07-15T20:24:56.941708,2026-07-15T20:24:56.946763+00:00,67.4,3,ask,,,5401911
2026-07-15T20:24:56.945777,2026-07-15T20:24:56.957486+00:00,67.4,61,ask,,,5401912
2026-07-15T20:24:56.949537,2026-07-15T20:24:56.957486+00:00,67.4,50,ask,,,5401913
2026-07-15T20:24:56.976367,2026-07-15T20:24:56.978830+00:00,67.4,25,ask,,,5401915
2026-07-15T20:24:57.036394,2026-07-15T20:24:57.042146+00:00,67.4,11,ask,,,5401918
2026-07-15T20:24:57.055635,2026-07-15T20:24:57.063444+00:00,67.5,10,bid,,,5401920
2026-07-15T20:24:57.055635,2026-07-15T20:24:57.063444+00:00,67.6,40,bid,,,5401921
2026-07-15T20:24:57.228940,2026-07-15T20:24:57.232951+00:00,67.5,25,ask,,,5401929
2026-07-15T20:24:57.329892,2026-07-15T20:24:57.338192+00:00,67.5,28,ask,,,5401932
2026-07-15T20:24:57.369816,2026-07-15T20:24:57.380371+00:00,67.5,25,ask,,,5401935
2026-07-15T20:24:57.862278,2026-07-15T20:24:57.871864+00:00,67.5,22,ask,,,5401941
2026-07-15T20:25:00.291608,2026-07-15T20:25:00.295465+00:00,67.2,71,bid,,,5401961
2026-07-15T20:25:00.374184,2026-07-15T20:25:00.380325+00:00,67.2,15,bid,,,5401964
2026-07-15T20:25:00.378740,2026-07-15T20:25:00.390868+00:00,67.2,38,bid,,,5401965
2026-07-15T20:25:00.385336,2026-07-15T20:25:00.390868+00:00,67.2,25,bid,,,5401966
2026-07-15T20:25:00.488441,2026-07-15T20:25:00.496419+00:00,67.2,1,bid,,,5401970
2026-07-15T20:25:00.488441,2026-07-15T20:25:00.496419+00:00,67.2,24,bid,,,5401971
2026-07-15T20:25:00.607161,2026-07-15T20:25:00.612689+00:00,67.1,48,ask,,,5401974
2026-07-15T20:25:00.919434,2026-07-15T20:25:00.928059+00:00,67.2,5,bid,,,5401987
2026-07-15T20:25:01.083045,2026-07-15T20:25:01.085443+00:00,67.2,25,bid,,,5401990
2026-07-15T20:25:01.278687,2026-07-15T20:25:01.284060+00:00,67.2,5,bid,,,5401994
2026-07-15T20:25:01.278687,2026-07-15T20:25:01.294643+00:00,67.6,45,bid,,,5401995
2026-07-15T20:25:03.264253,2026-07-15T20:25:03.269591+00:00,67.3,38,ask,,,5402022
2026-07-15T20:25:03.314343,2026-07-15T20:25:03.322078+00:00,67.3,25,ask,,,5402024
2026-07-15T20:25:03.404104,2026-07-15T20:25:03.417048+00:00,67.4,10,bid,,,5402027
2026-07-15T20:25:03.404104,2026-07-15T20:25:03.417048+00:00,67.5,40,bid,,,5402028
2026-07-15T20:25:03.469502,2026-07-15T20:25:03.480462+00:00,67.3,25,ask,,,5402030
2026-07-15T20:25:03.738651,2026-07-15T20:25:03.744010+00:00,67.5,5,bid,,,5402033
2026-07-15T20:25:03.738651,2026-07-15T20:25:03.744010+00:00,67.5,40,bid,,,5402034
2026-07-15T20:25:05.007912,2026-07-15T20:25:05.010724+00:00,67.3,48,ask,,,5402058
2026-07-15T20:25:05.529438,2026-07-15T20:25:05.536799+00:00,67.5,50,bid,,,5402066
2026-07-15T20:25:05.567301,2026-07-15T20:25:05.578863+00:00,67.3,14,ask,,,5402068
2026-07-15T20:25:05.567301,2026-07-15T20:25:05.578863+00:00,67.3,29,ask,,,5402069
2026-07-15T20:25:06.642525,2026-07-15T20:25:06.649192+00:00,67.4,44,bid,,,5402088
2026-07-15T20:25:06.686318,2026-07-15T20:25:06.690941+00:00,67.4,100,bid,,,5402089
2026-07-15T20:25:07.671700,2026-07-15T20:25:07.683086+00:00,67.4,6,bid,,,5402107
2026-07-15T20:25:07.671700,2026-07-15T20:25:07.683086+00:00,67.4,44,bid,,,5402108
2026-07-15T20:25:10.330826,2026-07-15T20:25:10.339534+00:00,67.3,48,ask,,,5402147
2026-07-15T20:25:10.358201,2026-07-15T20:25:10.360657+00:00,67.3,40,ask,,,5402149
2026-07-15T20:25:10.364698,2026-07-15T20:25:10.371407+00:00,67.3,2,ask,,,5402150
2026-07-15T20:25:11.220744,2026-07-15T20:25:11.232687+00:00,67.4,5,bid,,,5402158
2026-07-15T20:25:11.220744,2026-07-15T20:25:11.232687+00:00,67.4,10,bid,,,5402159
2026-07-15T20:25:11.220744,2026-07-15T20:25:11.232687+00:00,67.4,31,bid,,,5402160
2026-07-15T20:25:11.394229,2026-07-15T20:25:11.402157+00:00,67.3,2,ask,,,5402166
2026-07-15T20:25:11.894553,2026-07-15T20:25:11.905085+00:00,67.3,48,ask,,,5402171
2026-07-15T20:25:11.950608,2026-07-15T20:25:11.957346+00:00,67.3,10,ask,,,5402172
2026-07-15T20:25:11.950608,2026-07-15T20:25:11.957346+00:00,67.3,15,ask,,,5402173
2026-07-15T20:25:11.950608,2026-07-15T20:25:11.967808+00:00,67.3,5,ask,,,5402174
2026-07-15T20:25:11.950608,2026-07-15T20:25:11.967808+00:00,67.3,20,ask,,,5402175
2026-07-15T20:25:12.353002,2026-07-15T20:25:12.354610+00:00,67.3,5,ask,,,5402181
2026-07-15T20:25:12.431349,2026-07-15T20:25:12.438470+00:00,67.3,2,ask,,,5402184
2026-07-15T20:25:12.806992,2026-07-15T20:25:12.817688+00:00,67.3,50,ask,,,5402193
2026-07-15T20:25:12.806992,2026-07-15T20:25:12.817688+00:00,67.2,1,ask,,,5402194
2026-07-15T20:25:12.836964,2026-07-15T20:25:12.838761+00:00,67.2,44,bid,,,5402195
2026-07-15T20:25:14.019029,2026-07-15T20:25:14.030220+00:00,67.2,50,bid,,,5402212
2026-07-15T20:25:14.484587,2026-07-15T20:25:14.491275+00:00,67.2,5,bid,,,5402223
2026-07-15T20:25:14.484587,2026-07-15T20:25:14.491275+00:00,67.2,9,bid,,,5402224
2026-07-15T20:25:14.942569,2026-07-15T20:25:14.945593+00:00,67.2,36,bid,,,5402230
2026-07-15T20:25:14.942569,2026-07-15T20:25:14.956349+00:00,67.2,13,bid,,,5402231
2026-07-15T20:25:15.455098,2026-07-15T20:25:15.461801+00:00,67.1,3,ask,,,5402243
2026-07-15T20:25:15.455098,2026-07-15T20:25:15.461801+00:00,67.1,13,ask,,,5402244
2026-07-15T20:25:15.455098,2026-07-15T20:25:15.461801+00:00,67.0,32,ask,,,5402245
2026-07-15T20:25:15.920997,2026-07-15T20:25:15.922789+00:00,67.2,20,bid,,,5402250
2026-07-15T20:25:15.920997,2026-07-15T20:25:15.933343+00:00,67.2,50,bid,,,5402251
2026-07-15T20:25:15.920997,2026-07-15T20:25:15.933343+00:00,67.3,70,bid,,,5402252
2026-07-15T20:25:15.932161,2026-07-15T20:25:15.943886+00:00,67.3,10,ask,,,5402253
2026-07-15T20:25:16.132801,2026-07-15T20:25:16.143604+00:00,67.4,34,bid,,,5402255
2026-07-15T20:25:16.132801,2026-07-15T20:25:16.143604+00:00,67.8,16,bid,,,5402256
2026-07-15T20:25:16.524868,2026-07-15T20:25:16.530931+00:00,67.1,48,ask,,,5402260
2026-07-15T20:25:18.058080,2026-07-15T20:25:18.059977+00:00,67.4,45,bid,,,5402289
2026-07-15T20:25:19.496188,2026-07-15T20:25:19.504781+00:00,67.2,38,bid,,,5402311
2026-07-15T20:25:19.524199,2026-07-15T20:25:19.526045+00:00,67.2,25,bid,,,5402314
2026-07-15T20:25:19.618889,2026-07-15T20:25:19.620649+00:00,67.2,25,bid,,,5402317
2026-07-15T20:25:19.679146,2026-07-15T20:25:19.683929+00:00,67.2,20,bid,,,5402319
2026-07-15T20:25:19.690221,2026-07-15T20:25:19.717507+00:00,67.2,23,bid,,,5402320
2026-07-15T20:25:19.694055,2026-07-15T20:25:19.717507+00:00,67.2,19,bid,,,5402321
2026-07-15T20:25:19.694055,2026-07-15T20:25:19.717507+00:00,67.2,3,bid,,,5402322
2026-07-15T20:25:19.694055,2026-07-15T20:25:19.717507+00:00,67.2,2,bid,,,5402323
2026-07-15T20:25:19.694055,2026-07-15T20:25:19.717507+00:00,67.2,16,bid,,,5402324
2026-07-15T20:25:20.436672,2026-07-15T20:25:20.445663+00:00,67.0,50,ask,,,5402347
2026-07-15T20:25:22.294694,2026-07-15T20:25:22.305030+00:00,67.2,61,ask,,,5402367
2026-07-15T20:25:22.305337,2026-07-15T20:25:22.315543+00:00,67.2,40,ask,,,5402369
2026-07-15T20:25:22.358735,2026-07-15T20:25:22.367778+00:00,67.2,25,ask,,,5402371
2026-07-15T20:25:22.451287,2026-07-15T20:25:22.462055+00:00,67.2,24,ask,,,5402374
2026-07-15T20:25:22.451287,2026-07-15T20:25:22.462055+00:00,67.2,1,ask,,,5402375
2026-07-15T20:25:22.546537,2026-07-15T20:25:22.556137+00:00,67.2,27,ask,,,5402378
2026-07-15T20:25:22.546537,2026-07-15T20:25:22.556137+00:00,67.2,23,ask,,,5402379
2026-07-15T20:25:23.264489,2026-07-15T20:25:23.268772+00:00,67.0,14,ask,,,5402386
2026-07-15T20:25:23.264489,2026-07-15T20:25:23.268772+00:00,67.0,26,ask,,,5402387
2026-07-15T20:25:24.665543,2026-07-15T20:25:24.672505+00:00,66.8,50,ask,,,5402408
2026-07-15T20:25:25.886079,2026-07-15T20:25:25.893183+00:00,67.1,2,bid,,,5402426
2026-07-15T20:25:26.771779,2026-07-15T20:25:26.782770+00:00,66.6,50,ask,,,5402446
2026-07-15T20:25:27.372788,2026-07-15T20:25:27.386495+00:00,67.1,61,bid,,,5402465
2026-07-15T20:25:27.382226,2026-07-15T20:25:27.386495+00:00,67.1,3,bid,,,5402467
2026-07-15T20:25:27.386695,2026-07-15T20:25:27.397418+00:00,67.1,44,bid,,,5402468
2026-07-15T20:25:27.404015,2026-07-15T20:25:27.408053+00:00,67.1,28,bid,,,5402469
2026-07-15T20:25:27.437589,2026-07-15T20:25:27.447629+00:00,67.1,12,bid,,,5402474
2026-07-15T20:25:27.437589,2026-07-15T20:25:27.447629+00:00,67.1,13,bid,,,5402475
2026-07-15T20:25:27.505589,2026-07-15T20:25:27.510659+00:00,67.1,29,bid,,,5402478
2026-07-15T20:25:27.532219,2026-07-15T20:25:27.542241+00:00,67.1,25,bid,,,5402481
2026-07-15T20:25:27.649878,2026-07-15T20:25:27.657664+00:00,67.1,25,bid,,,5402483
2026-07-15T20:25:27.706051,2026-07-15T20:25:27.709929+00:00,67.1,4,bid,,,5402484
2026-07-15T20:25:27.806786,2026-07-15T20:25:27.814527+00:00,67.1,17,bid,,,5402486
2026-07-15T20:25:27.806786,2026-07-15T20:25:27.814527+00:00,67.1,6,bid,,,5402487
2026-07-15T20:25:27.942075,2026-07-15T20:25:27.950358+00:00,67.1,25,bid,,,5402490
2026-07-15T20:25:27.948611,2026-07-15T20:25:27.950358+00:00,67.1,2,bid,,,5402491
2026-07-15T20:25:27.973508,2026-07-15T20:25:27.982510+00:00,67.1,30,bid,,,5402494
2026-07-15T20:25:28.596745,2026-07-15T20:25:28.600929+00:00,67.1,30,bid,,,5402503
2026-07-15T20:25:28.606633,2026-07-15T20:25:28.611555+00:00,67.1,20,bid,,,5402504
2026-07-15T20:25:28.606633,2026-07-15T20:25:28.611555+00:00,67.1,6,bid,,,5402505
2026-07-15T20:25:28.686748,2026-07-15T20:25:28.699019+00:00,67.3,3,ask,,,5402510
2026-07-15T20:25:28.707190,2026-07-15T20:25:28.709717+00:00,67.3,25,ask,,,5402513
2026-07-15T20:25:28.711498,2026-07-15T20:25:28.720450+00:00,67.3,73,ask,,,5402514
2026-07-15T20:25:28.748950,2026-07-15T20:25:28.752098+00:00,67.3,23,ask,,,5402518
2026-07-15T20:25:28.748950,2026-07-15T20:25:28.762736+00:00,67.3,19,ask,,,5402519
2026-07-15T20:25:28.788733,2026-07-15T20:25:28.794446+00:00,67.3,53,ask,,,5402521
2026-07-15T20:25:28.843651,2026-07-15T20:25:28.860651+00:00,67.8,50,bid,,,5402523
2026-07-15T20:25:30.961050,2026-07-15T20:25:30.972886+00:00,66.9,43,ask,,,5402564
2026-07-15T20:25:32.004801,2026-07-15T20:25:32.016007+00:00,67.2,46,bid,,,5402586
2026-07-15T20:25:34.128624,2026-07-15T20:25:34.130657+00:00,67.0,18,bid,,,5402616
2026-07-15T20:25:34.755077,2026-07-15T20:25:34.759045+00:00,66.9,20,ask,,,5402623
2026-07-15T20:25:34.755077,2026-07-15T20:25:34.759045+00:00,66.9,23,ask,,,5402624
2026-07-15T20:25:35.202616,2026-07-15T20:25:35.212958+00:00,67.1,44,bid,,,5402625
2026-07-15T20:25:35.202616,2026-07-15T20:25:35.212958+00:00,67.1,6,bid,,,5402626
2026-07-15T20:25:35.304977,2026-07-15T20:25:35.307616+00:00,67.1,44,bid,,,5402630
2026-07-15T20:25:35.447905,2026-07-15T20:25:35.454491+00:00,67.2,12,bid,,,5402634
2026-07-15T20:25:35.728010,2026-07-15T20:25:35.737808+00:00,67.2,20,bid,,,5402640
2026-07-15T20:25:36.129972,2026-07-15T20:25:36.136414+00:00,67.2,25,bid,,,5402649
2026-07-15T20:25:36.342452,2026-07-15T20:25:36.345282+00:00,67.2,20,bid,,,5402652
2026-07-15T20:56:31.053307,2026-07-15T20:56:31.054079+00:00,66.1,38,bid,,,5436898
2026-07-15T20:56:31.106001,2026-07-15T20:56:31.054079+00:00,66.1,10,bid,,,5436900
2026-07-15T20:56:31.106001,2026-07-15T20:56:31.054079+00:00,66.1,15,bid,,,5436901
2026-07-15T20:56:31.202997,2026-07-15T20:56:31.210633+00:00,66.1,25,bid,,,5436904
2026-07-15T20:56:31.265814,2026-07-15T20:56:31.272366+00:00,66.1,10,bid,,,5436905
2026-07-15T20:56:31.640662,2026-07-15T20:56:31.641518+00:00,66.0,14,ask,,,5436914
2026-07-15T20:56:31.640662,2026-07-15T20:56:31.641518+00:00,66.0,36,ask,,,5436915
2026-07-15T20:56:31.675532,2026-07-15T20:56:31.685808+00:00,66.2,10,bid,,,5436917
2026-07-15T20:56:32.375221,2026-07-15T20:56:32.385128+00:00,66.1,10,ask,,,5436932
2026-07-15T20:56:32.375221,2026-07-15T20:56:32.385128+00:00,66.1,41,ask,,,5436933
2026-07-15T20:56:32.409919,2026-07-15T20:56:32.416243+00:00,66.1,9,ask,,,5436935
2026-07-15T20:56:32.466920,2026-07-15T20:56:32.470584+00:00,66.0,10,ask,,,5436938
2026-07-15T20:56:32.466920,2026-07-15T20:56:32.470584+00:00,66.0,28,ask,,,5436939
2026-07-15T20:56:32.580740,2026-07-15T20:56:32.584486+00:00,66.0,13,ask,,,5436941
2026-07-15T20:56:32.580740,2026-07-15T20:56:32.584486+00:00,66.0,12,ask,,,5436942
2026-07-15T20:56:32.676598,2026-07-15T20:56:32.687318+00:00,66.0,25,ask,,,5436947
2026-07-15T20:56:32.705331,2026-07-15T20:56:32.707982+00:00,66.0,2,ask,,,5436950
2026-07-15T20:56:33.532773,2026-07-15T20:56:33.540730+00:00,66.0,44,bid,,,5436967
2026-07-15T20:56:33.588180,2026-07-15T20:56:33.592331+00:00,65.9,42,ask,,,5436969
2026-07-15T20:56:33.784477,2026-07-15T20:56:33.788740+00:00,65.9,2,ask,,,5436971
2026-07-15T20:56:33.784477,2026-07-15T20:56:33.788740+00:00,65.9,10,ask,,,5436972
2026-07-15T20:56:33.784477,2026-07-15T20:56:33.799078+00:00,65.9,38,ask,,,5436973
2026-07-15T20:56:35.031178,2026-07-15T20:56:35.039020+00:00,65.9,41,ask,,,5436995
2026-07-15T20:56:35.901829,2026-07-15T20:56:35.909906+00:00,65.9,50,ask,,,5437006
2026-07-15T20:56:36.706518,2026-07-15T20:56:36.712793+00:00,65.9,12,ask,,,5437022
2026-07-15T20:56:36.706518,2026-07-15T20:56:36.712793+00:00,65.9,10,ask,,,5437023
2026-07-15T20:56:36.706518,2026-07-15T20:56:36.712793+00:00,65.9,44,ask,,,5437024
2026-07-15T20:56:36.720975,2026-07-15T20:56:36.730515+00:00,65.7,61,bid,,,5437025
2026-07-15T20:56:36.725140,2026-07-15T20:56:36.730515+00:00,65.7,3,bid,,,5437026
2026-07-15T20:56:36.788177,2026-07-15T20:56:36.793187+00:00,65.7,20,bid,,,5437029
2026-07-15T20:56:37.973851,2026-07-15T20:56:37.986912+00:00,66.0,50,bid,,,5437049
2026-07-15T20:56:38.153063,2026-07-15T20:56:38.164079+00:00,66.0,40,bid,,,5437054
2026-07-15T20:56:40.074908,2026-07-15T20:56:40.076418+00:00,65.8,47,ask,,,5437083
2026-07-15T20:56:40.138513,2026-07-15T20:56:40.149829+00:00,65.8,50,ask,,,5437084
2026-07-15T20:56:40.717896,2026-07-15T20:56:40.724407+00:00,65.9,20,bid,,,5437090
2026-07-15T20:56:40.717896,2026-07-15T20:56:40.724407+00:00,65.9,25,bid,,,5437091
2026-07-15T20:56:40.860837,2026-07-15T20:56:40.870593+00:00,65.8,38,ask,,,5437094
2026-07-15T20:56:40.867349,2026-07-15T20:56:40.870593+00:00,65.9,2,bid,,,5437095
2026-07-15T20:56:41.486651,2026-07-15T20:56:41.491494+00:00,65.8,3,ask,,,5437103
2026-07-15T20:56:42.248643,2026-07-15T20:56:42.252293+00:00,65.8,12,ask,,,5437122
2026-07-15T20:56:42.248643,2026-07-15T20:56:42.252293+00:00,65.8,38,ask,,,5437123
2026-07-15T20:56:42.263724,2026-07-15T20:56:42.273252+00:00,65.8,47,ask,,,5437124
2026-07-15T20:56:43.067097,2026-07-15T20:56:43.077236+00:00,65.8,4,ask,,,5437138
2026-07-15T20:56:43.067097,2026-07-15T20:56:43.077236+00:00,65.8,27,ask,,,5437139
2026-07-15T20:56:43.067097,2026-07-15T20:56:43.077236+00:00,65.8,10,ask,,,5437140
2026-07-15T20:56:43.088690,2026-07-15T20:56:43.093924+00:00,65.7,3,bid,,,5437141
2026-07-15T20:56:43.100543,2026-07-15T20:56:43.104675+00:00,65.7,38,bid,,,5437142
2026-07-15T20:56:43.123382,2026-07-15T20:56:43.125862+00:00,65.7,25,bid,,,5437144
2026-07-15T20:56:43.192504,2026-07-15T20:56:43.199263+00:00,65.7,42,bid,,,5437146
2026-07-15T20:56:43.219696,2026-07-15T20:56:43.230757+00:00,65.7,1,bid,,,5437151
2026-07-15T20:56:43.219696,2026-07-15T20:56:43.230757+00:00,65.7,24,bid,,,5437152
2026-07-15T20:56:44.356790,2026-07-15T20:56:44.368226+00:00,65.7,10,ask,,,5437167
2026-07-15T20:56:44.356790,2026-07-15T20:56:44.368226+00:00,65.7,12,ask,,,5437168
2026-07-15T20:56:44.356790,2026-07-15T20:56:44.368226+00:00,65.6,28,ask,,,5437169
2026-07-15T20:56:46.068477,2026-07-15T20:56:46.074009+00:00,65.8,2,bid,,,5437200
2026-07-15T20:56:46.806207,2026-07-15T20:56:46.811079+00:00,65.7,3,ask,,,5437208
2026-07-15T20:56:46.951820,2026-07-15T20:56:46.957076+00:00,65.7,14,ask,,,5437210
2026-07-15T20:56:48.125788,2026-07-15T20:56:48.130860+00:00,65.8,3,bid,,,5437225
2026-07-15T20:56:48.130190,2026-07-15T20:56:48.141416+00:00,65.8,3,bid,,,5437226
2026-07-15T20:56:48.130190,2026-07-15T20:56:48.141416+00:00,65.8,22,bid,,,5437227
2026-07-15T20:56:48.280074,2026-07-15T20:56:48.289269+00:00,65.8,14,bid,,,5437230
2026-07-15T20:56:48.384463,2026-07-15T20:56:48.395419+00:00,65.8,14,bid,,,5437233
2026-07-15T20:56:48.384463,2026-07-15T20:56:48.395419+00:00,65.9,34,bid,,,5437234
2026-07-15T20:56:48.553493,2026-07-15T20:56:48.564088+00:00,65.9,20,bid,,,5437242
2026-07-15T20:56:48.616286,2026-07-15T20:56:48.627142+00:00,65.8,18,ask,,,5437244
2026-07-15T20:56:48.616286,2026-07-15T20:56:48.627142+00:00,65.7,32,ask,,,5437245
2026-07-15T20:56:49.143334,2026-07-15T20:56:49.146551+00:00,65.9,25,bid,,,5437261
2026-07-15T20:56:49.150744,2026-07-15T20:56:49.157130+00:00,65.9,2,bid,,,5437262
2026-07-15T20:56:49.183790,2026-07-15T20:56:49.188672+00:00,65.9,19,bid,,,5437265
2026-07-15T20:56:49.183790,2026-07-15T20:56:49.188672+00:00,65.9,1,bid,,,5437266
2026-07-15T20:56:49.339320,2026-07-15T20:56:49.345731+00:00,65.9,79,bid,,,5437268
2026-07-15T20:56:49.441543,2026-07-15T20:56:49.447167+00:00,65.9,3,ask,,,5437270
2026-07-15T20:56:49.489924,2026-07-15T20:56:49.500240+00:00,65.9,18,ask,,,5437271
2026-07-15T20:56:50.433109,2026-07-15T20:56:50.434593+00:00,65.7,40,ask,,,5437289
2026-07-15T20:56:50.739381,2026-07-15T20:56:50.748167+00:00,65.7,50,ask,,,5437295
2026-07-15T20:56:51.208322,2026-07-15T20:56:51.220511+00:00,65.9,2,bid,,,5437306
2026-07-15T20:56:51.341583,2026-07-15T20:56:51.348378+00:00,65.8,4,bid,,,5437313
2026-07-15T20:56:52.233837,2026-07-15T20:56:52.240634+00:00,65.9,2,bid,,,5437325
2026-07-15T20:56:52.569182,2026-07-15T20:56:52.578789+00:00,65.8,10,ask,,,5437331
2026-07-15T20:56:52.587264,2026-07-15T20:56:52.589267+00:00,65.8,48,bid,,,5437332
2026-07-15T20:56:52.704636,2026-07-15T20:56:52.715782+00:00,65.8,65,bid,,,5437337
2026-07-15T20:56:52.715379,2026-07-15T20:56:52.726399+00:00,65.8,5,bid,,,5437339
2026-07-15T20:56:52.969826,2026-07-15T20:56:52.980158+00:00,65.8,14,bid,,,5437347
2026-07-15T20:56:52.978341,2026-07-15T20:56:52.980158+00:00,65.8,8,bid,,,5437348
2026-07-15T20:56:52.978341,2026-07-15T20:56:52.990773+00:00,65.8,37,bid,,,5437349
2026-07-15T20:56:53.262391,2026-07-15T20:56:53.265739+00:00,65.8,25,bid,,,5437357
2026-07-15T20:56:53.268151,2026-07-15T20:56:53.276497+00:00,65.8,2,bid,,,5437358
2026-07-15T20:56:53.459727,2026-07-15T20:56:53.465747+00:00,65.7,10,ask,,,5437361
2026-07-15T20:56:54.462978,2026-07-15T20:56:54.472582+00:00,66.0,40,bid,,,5437372
2026-07-15T20:56:54.932462,2026-07-15T20:56:54.944398+00:00,66.0,50,bid,,,5437381
2026-07-15T20:56:55.345312,2026-07-15T20:56:55.353553+00:00,66.0,10,bid,,,5437384
2026-07-15T20:56:55.345312,2026-07-15T20:56:55.353553+00:00,66.0,6,bid,,,5437385
2026-07-15T20:56:55.354591,2026-07-15T20:56:55.364082+00:00,66.0,2,bid,,,5437386
2026-07-15T20:56:55.916183,2026-07-15T20:56:55.924120+00:00,66.1,14,ask,,,5437402
2026-07-15T20:56:56.029244,2026-07-15T20:56:56.039302+00:00,66.1,85,ask,,,5437404
2026-07-15T20:56:56.051885,2026-07-15T20:56:56.060533+00:00,66.1,51,ask,,,5437405
2026-07-15T20:56:56.089285,2026-07-15T20:56:56.092667+00:00,66.0,25,ask,,,5437408
2026-07-15T20:56:56.149093,2026-07-15T20:56:56.156839+00:00,66.0,14,ask,,,5437411
2026-07-15T20:56:56.182574,2026-07-15T20:56:56.188327+00:00,66.0,25,ask,,,5437413
2026-07-15T20:56:56.276666,2026-07-15T20:56:56.282980+00:00,66.0,25,ask,,,5437415
2026-07-15T20:56:56.382545,2026-07-15T20:56:56.388136+00:00,66.0,11,ask,,,5437418
2026-07-15T20:56:56.382545,2026-07-15T20:56:56.388136+00:00,66.0,80,ask,,,5437419
2026-07-15T20:56:58.919475,2026-07-15T20:56:58.931130+00:00,65.6,80,bid,,,5437463
2026-07-15T20:56:58.924218,2026-07-15T20:56:58.931130+00:00,65.6,53,bid,,,5437464
2026-07-15T20:56:59.020268,2026-07-15T20:56:59.026385+00:00,65.6,17,bid,,,5437467
2026-07-15T20:56:59.020268,2026-07-15T20:56:59.026385+00:00,65.6,8,bid,,,5437468
2026-07-15T20:56:59.120910,2026-07-15T20:56:59.131563+00:00,65.6,25,bid,,,5437470
2026-07-15T20:56:59.161932,2026-07-15T20:56:59.168623+00:00,65.6,47,bid,,,5437471
2026-07-15T20:56:59.161932,2026-07-15T20:56:59.179339+00:00,65.6,3,bid,,,5437472
2026-07-15T20:56:59.162649,2026-07-15T20:56:59.179339+00:00,65.6,3,bid,,,5437473
2026-07-15T20:56:59.163016,2026-07-15T20:56:59.189910+00:00,65.6,2,bid,,,5437474
2026-07-15T20:56:59.213675,2026-07-15T20:56:59.221951+00:00,65.8,28,bid,,,5437477
2026-07-15T20:57:00.565627,2026-07-15T20:57:00.577451+00:00,65.8,40,bid,,,5437509
2026-07-15T20:57:01.199138,2026-07-15T20:57:01.208346+00:00,65.7,7,ask,,,5437516
2026-07-15T20:57:01.199138,2026-07-15T20:57:01.208346+00:00,65.6,7,ask,,,5437517
2026-07-15T20:57:01.199138,2026-07-15T20:57:01.208346+00:00,65.6,10,ask,,,5437518
2026-07-15T20:57:01.199138,2026-07-15T20:57:01.208346+00:00,65.3,23,ask,,,5437519
2026-07-15T20:57:01.277990,2026-07-15T20:57:01.283748+00:00,65.8,32,bid,,,5437521
2026-07-15T20:57:01.277990,2026-07-15T20:57:01.283748+00:00,65.8,2,bid,,,5437522
2026-07-15T20:57:01.277990,2026-07-15T20:57:01.283748+00:00,65.8,2,bid,,,5437523
2026-07-15T20:57:01.277990,2026-07-15T20:57:01.294321+00:00,65.8,14,bid,,,5437524
2026-07-15T20:57:02.017487,2026-07-15T20:57:02.030668+00:00,65.7,50,bid,,,5437547
2026-07-15T20:57:02.017487,2026-07-15T20:57:02.030668+00:00,65.7,76,bid,,,5437548
2026-07-15T20:57:02.025786,2026-07-15T20:57:02.030668+00:00,65.7,3,ask,,,5437549
2026-07-15T20:57:02.134967,2026-07-15T20:57:02.142458+00:00,65.7,14,ask,,,5437554
2026-07-15T20:57:02.197334,2026-07-15T20:57:02.205926+00:00,65.8,34,bid,,,5437558
2026-07-15T20:57:02.205075,2026-07-15T20:57:02.216598+00:00,65.8,24,bid,,,5437559
2026-07-15T20:57:02.285851,2026-07-15T20:57:02.290141+00:00,65.7,7,ask,,,5437565
2026-07-15T20:57:02.285851,2026-07-15T20:57:02.300910+00:00,65.7,16,ask,,,5437566
2026-07-15T20:57:02.285851,2026-07-15T20:57:02.300910+00:00,65.7,17,ask,,,5437567
2026-07-15T20:57:02.308699,2026-07-15T20:57:02.311470+00:00,66.0,68,bid,,,5437569
2026-07-15T20:57:02.312500,2026-07-15T20:57:02.322059+00:00,66.0,1,bid,,,5437570
2026-07-15T20:57:03.462515,2026-07-15T20:57:03.467363+00:00,65.9,2,ask,,,5437592
2026-07-15T20:57:03.462515,2026-07-15T20:57:03.467363+00:00,65.8,2,ask,,,5437593
2026-07-15T20:57:03.462515,2026-07-15T20:57:03.477888+00:00,65.5,46,ask,,,5437594
2026-07-15T20:57:03.675643,2026-07-15T20:57:03.687902+00:00,66.0,31,bid,,,5437601
2026-07-15T20:57:03.675643,2026-07-15T20:57:03.687902+00:00,66.0,13,bid,,,5437602
2026-07-15T20:57:04.169254,2026-07-15T20:57:04.171930+00:00,66.2,41,bid,,,5437609
2026-07-15T20:57:05.229699,2026-07-15T20:57:05.236145+00:00,66.0,13,ask,,,5437627
2026-07-15T20:57:05.273858,2026-07-15T20:57:05.280429+00:00,66.0,87,ask,,,5437632
2026-07-15T20:57:05.573938,2026-07-15T20:57:05.583802+00:00,65.8,10,ask,,,5437636
2026-07-15T20:57:05.573938,2026-07-15T20:57:05.583802+00:00,65.8,40,ask,,,5437637
2026-07-15T20:57:06.537199,2026-07-15T20:57:06.543681+00:00,65.8,44,ask,,,5437650
2026-07-15T20:57:06.629139,2026-07-15T20:57:06.638454+00:00,65.9,20,bid,,,5437654
2026-07-15T20:57:06.664004,2026-07-15T20:57:06.670314+00:00,65.9,3,bid,,,5437656
2026-07-15T20:57:07.602488,2026-07-15T20:57:07.606144+00:00,66.0,2,bid,,,5437671
2026-07-15T20:57:07.696048,2026-07-15T20:57:07.701921+00:00,65.6,9,ask,,,5437673
2026-07-15T20:57:07.696048,2026-07-15T20:57:07.701921+00:00,65.6,41,ask,,,5437674
2026-07-15T20:57:08.661953,2026-07-15T20:57:08.670968+00:00,66.0,2,bid,,,5437681
2026-07-15T20:57:09.696414,2026-07-15T20:57:09.707602+00:00,65.9,33,ask,,,5437707
2026-07-15T20:57:09.821119,2026-07-15T20:57:09.826433+00:00,65.9,50,ask,,,5437711
2026-07-15T20:57:10.053043,2026-07-15T20:57:10.058138+00:00,65.9,43,ask,,,5437718
2026-07-15T20:57:11.606106,2026-07-15T20:57:11.615431+00:00,65.9,10,ask,,,5437733
2026-07-15T20:57:11.606106,2026-07-15T20:57:11.615431+00:00,65.9,41,ask,,,5437734
2026-07-15T20:57:11.750340,2026-07-15T20:57:11.762032+00:00,65.9,25,bid,,,5437737
2026-07-15T20:57:11.934282,2026-07-15T20:57:11.946208+00:00,65.8,6,ask,,,5437750
2026-07-15T20:57:11.934282,2026-07-15T20:57:11.946208+00:00,65.7,44,ask,,,5437751
2026-07-15T20:57:12.158206,2026-07-15T20:57:12.163658+00:00,65.7,43,ask,,,5437757
2026-07-15T20:57:13.801514,2026-07-15T20:57:13.812348+00:00,65.9,25,bid,,,5437778
2026-07-15T20:57:13.992077,2026-07-15T20:57:14.000609+00:00,65.9,49,bid,,,5437782
2026-07-15T20:57:13.992077,2026-07-15T20:57:14.000609+00:00,65.9,1,bid,,,5437783
2026-07-15T20:57:14.724493,2026-07-15T20:57:14.733370+00:00,65.9,79,bid,,,5437794
2026-07-15T20:57:14.724493,2026-07-15T20:57:14.733370+00:00,65.9,50,bid,,,5437795
2026-07-15T20:57:14.724493,2026-07-15T20:57:14.733370+00:00,65.9,1,bid,,,5437796
2026-07-15T20:57:14.763971,2026-07-15T20:57:14.775175+00:00,65.9,20,ask,,,5437797
2026-07-15T20:57:15.129620,2026-07-15T20:57:15.131508+00:00,65.9,49,bid,,,5437806
2026-07-15T20:57:16.105701,2026-07-15T20:57:16.116400+00:00,65.9,31,bid,,,5437818
2026-07-15T20:57:16.105701,2026-07-15T20:57:16.116400+00:00,65.9,13,bid,,,5437819
2026-07-15T20:57:16.105701,2026-07-15T20:57:16.116400+00:00,65.9,6,bid,,,5437820
2026-07-15T20:57:17.722245,2026-07-15T20:57:17.726771+00:00,65.9,42,bid,,,5437851
2026-07-15T20:57:17.984312,2026-07-15T20:57:17.989215+00:00,65.7,3,bid,,,5437858
2026-07-15T20:57:18.008572,2026-07-15T20:57:18.010412+00:00,65.7,14,bid,,,5437859
2026-07-15T20:57:18.219132,2026-07-15T20:57:18.230109+00:00,65.7,50,bid,,,5437861
2026-07-15T20:57:18.384809,2026-07-15T20:57:18.387617+00:00,65.7,30,bid,,,5437864
2026-07-15T20:57:18.910157,2026-07-15T20:57:18.912224+00:00,65.7,40,bid,,,5437871
2026-07-15T20:57:19.008031,2026-07-15T20:57:19.017558+00:00,65.7,13,bid,,,5437873
2026-07-15T20:57:20.064680,2026-07-15T20:57:20.074869+00:00,65.7,4,ask,,,5437886
2026-07-15T20:57:20.064680,2026-07-15T20:57:20.074869+00:00,65.7,44,ask,,,5437887
2026-07-15T20:57:20.350786,2026-07-15T20:57:20.360131+00:00,66.0,50,bid,,,5437895
2026-07-15T20:57:20.670239,2026-07-15T20:57:20.672139+00:00,66.0,42,bid,,,5437900
2026-07-15T20:57:21.089727,2026-07-15T20:57:21.091922+00:00,66.0,46,bid,,,5437906
2026-07-15T20:57:21.089727,2026-07-15T20:57:21.109101+00:00,66.0,50,bid,,,5437907
2026-07-15T20:57:21.103587,2026-07-15T20:57:21.109101+00:00,66.0,3,ask,,,5437908
2026-07-15T20:57:21.124739,2026-07-15T20:57:21.130579+00:00,66.0,1,ask,,,5437912
2026-07-15T20:57:21.124739,2026-07-15T20:57:21.130579+00:00,66.0,13,ask,,,5437913
2026-07-15T20:57:21.150398,2026-07-15T20:57:21.151976+00:00,66.0,45,ask,,,5437915
2026-07-15T20:57:21.959841,2026-07-15T20:57:21.964829+00:00,66.0,92,ask,,,5437937
2026-07-15T20:57:21.959841,2026-07-15T20:57:21.964829+00:00,66.0,8,ask,,,5437938
2026-07-15T20:57:22.421979,2026-07-15T20:57:22.427526+00:00,66.0,61,ask,,,5437947
2026-07-15T20:57:22.443094,2026-07-15T20:57:22.448636+00:00,66.0,11,ask,,,5437949
2026-07-15T20:57:22.443094,2026-07-15T20:57:22.448636+00:00,66.0,3,ask,,,5437950
2026-07-15T20:57:22.455868,2026-07-15T20:57:22.459211+00:00,66.0,25,ask,,,5437952
2026-07-15T20:57:22.461478,2026-07-15T20:57:22.469794+00:00,66.4,10,bid,,,5437953
2026-07-15T20:57:22.461478,2026-07-15T20:57:22.469794+00:00,66.4,27,bid,,,5437954
2026-07-15T20:57:22.461478,2026-07-15T20:57:22.469794+00:00,66.5,13,bid,,,5437955
2026-07-15T20:57:22.550668,2026-07-15T20:57:22.553571+00:00,66.0,22,ask,,,5437957
2026-07-15T20:57:22.550668,2026-07-15T20:57:22.564087+00:00,66.0,3,ask,,,5437958
2026-07-15T20:57:22.655709,2026-07-15T20:57:22.658174+00:00,66.0,5,ask,,,5437960
2026-07-15T20:57:22.655709,2026-07-15T20:57:22.668757+00:00,66.0,20,ask,,,5437961
2026-07-15T20:57:23.885318,2026-07-15T20:57:23.895829+00:00,66.5,46,bid,,,5437981
2026-07-15T20:57:24.323245,2026-07-15T20:57:24.326107+00:00,65.9,100,ask,,,5437989
2026-07-15T20:57:24.334639,2026-07-15T20:57:24.336622+00:00,65.9,38,bid,,,5437990
2026-07-15T20:57:24.338451,2026-07-15T20:57:24.347122+00:00,65.9,12,bid,,,5437991
2026-07-15T20:57:24.578451,2026-07-15T20:57:24.601121+00:00,66.4,50,bid,,,5437997
2026-07-15T20:57:26.688139,2026-07-15T20:57:26.691464+00:00,66.2,10,bid,,,5438024
2026-07-15T20:57:26.688139,2026-07-15T20:57:26.691464+00:00,66.2,40,bid,,,5438025
2026-07-15T20:57:27.054495,2026-07-15T20:57:27.058827+00:00,66.2,10,bid,,,5438027
2026-07-15T20:57:27.481933,2026-07-15T20:57:27.490486+00:00,65.9,41,ask,,,5438031
2026-07-15T20:57:27.924693,2026-07-15T20:57:27.936815+00:00,66.0,1,bid,,,5438038
2026-07-15T20:57:27.965083,2026-07-15T20:57:27.978980+00:00,66.1,10,bid,,,5438042
2026-07-15T20:57:27.965083,2026-07-15T20:57:27.978980+00:00,66.1,32,bid,,,5438043
2026-07-15T20:57:28.107311,2026-07-15T20:57:28.115649+00:00,66.1,2,bid,,,5438047
2026-07-15T20:57:28.116519,2026-07-15T20:57:28.126147+00:00,66.1,2,bid,,,5438048
2026-07-15T20:57:28.448525,2026-07-15T20:57:28.451448+00:00,66.0,3,ask,,,5438052
2026-07-15T20:57:28.448525,2026-07-15T20:57:28.462106+00:00,65.9,41,ask,,,5438053
2026-07-15T20:57:28.808945,2026-07-15T20:57:28.818707+00:00,66.1,50,bid,,,5438055
2026-07-15T20:57:28.962402,2026-07-15T20:57:28.965812+00:00,66.0,40,ask,,,5438059
2026-07-15T20:57:28.962402,2026-07-15T20:57:28.976291+00:00,66.0,2,ask,,,5438060
2026-07-15T20:57:29.156908,2026-07-15T20:57:29.165441+00:00,66.1,2,bid,,,5438063
2026-07-15T20:57:30.925709,2026-07-15T20:57:30.932678+00:00,66.1,50,bid,,,5438087
2026-07-15T20:57:33.057570,2026-07-15T20:57:33.063417+00:00,66.1,50,bid,,,5438117
2026-07-15T20:57:33.242243,2026-07-15T20:57:33.251578+00:00,66.1,2,bid,,,5438118
2026-07-15T20:57:35.169165,2026-07-15T20:57:35.171108+00:00,66.3,50,bid,,,5438157
2026-07-15T20:57:36.084061,2026-07-15T20:57:36.092699+00:00,66.0,38,ask,,,5438178
2026-07-15T20:57:36.947160,2026-07-15T20:57:36.958672+00:00,66.0,42,ask,,,5438196
2026-07-15T20:57:37.311737,2026-07-15T20:57:37.326777+00:00,66.2,50,bid,,,5438206
2026-07-15T20:57:39.421926,2026-07-15T20:57:39.423794+00:00,66.1,50,bid,,,5438244
2026-07-15T20:57:40.393965,2026-07-15T20:57:40.398029+00:00,66.0,25,ask,,,5438266
2026-07-15T20:57:40.416017,2026-07-15T20:57:40.419120+00:00,66.0,20,ask,,,5438267
2026-07-15T20:57:40.427169,2026-07-15T20:57:40.429670+00:00,66.0,14,ask,,,5438269
2026-07-15T20:57:40.443656,2026-07-15T20:57:40.450817+00:00,66.1,30,bid,,,5438270
2026-07-15T20:57:40.443656,2026-07-15T20:57:40.450817+00:00,66.1,10,bid,,,5438271
2026-07-15T20:57:40.443656,2026-07-15T20:57:40.450817+00:00,66.1,5,bid,,,5438272
2026-07-15T20:57:40.467617,2026-07-15T20:57:40.471941+00:00,66.0,25,ask,,,5438273
2026-07-15T20:57:40.727127,2026-07-15T20:57:40.734230+00:00,66.0,16,ask,,,5438281
2026-07-15T20:57:40.727127,2026-07-15T20:57:40.734230+00:00,66.0,9,ask,,,5438282
2026-07-15T20:57:40.942983,2026-07-15T20:57:40.954902+00:00,65.9,6,ask,,,5438289
2026-07-15T20:57:40.953265,2026-07-15T20:57:40.954902+00:00,65.9,6,ask,,,5438291
2026-07-15T20:57:40.964247,2026-07-15T20:57:40.976010+00:00,65.9,6,ask,,,5438293
2026-07-15T20:57:40.968124,2026-07-15T20:57:40.976010+00:00,65.9,46,ask,,,5438294
2026-07-15T20:57:40.991715,2026-07-15T20:57:40.997091+00:00,65.9,25,ask,,,5438299
2026-07-15T20:57:41.006940,2026-07-15T20:57:41.018130+00:00,65.9,6,ask,,,5438300
2026-07-15T20:57:41.029871,2026-07-15T20:57:41.039272+00:00,65.9,20,ask,,,5438303
2026-07-15T20:57:41.217690,2026-07-15T20:57:41.228399+00:00,65.9,5,ask,,,5438306
2026-07-15T20:57:41.470541,2026-07-15T20:57:41.481030+00:00,65.9,6,ask,,,5438310
2026-07-15T20:57:41.529348,2026-07-15T20:57:41.534320+00:00,65.9,24,ask,,,5438312
2026-07-15T20:57:41.535760,2026-07-15T20:57:41.545028+00:00,66.4,50,bid,,,5438313
2026-07-15T20:57:43.646989,2026-07-15T20:57:43.652249+00:00,65.8,50,bid,,,5438351
2026-07-15T20:57:44.991519,2026-07-15T20:57:45.002618+00:00,65.7,5,bid,,,5438376
2026-07-15T20:57:45.609017,2026-07-15T20:57:45.620688+00:00,65.8,68,bid,,,5438385
2026-07-15T20:57:45.776420,2026-07-15T20:57:45.778426+00:00,65.8,32,bid,,,5438389
2026-07-15T20:57:45.776420,2026-07-15T20:57:45.788998+00:00,65.8,18,bid,,,5438390
2026-07-15T20:57:46.494604,2026-07-15T20:57:46.504414+00:00,65.8,5,ask,,,5438402
2026-07-15T20:57:46.503252,2026-07-15T20:57:46.514997+00:00,65.8,6,ask,,,5438403
2026-07-15T20:57:46.512666,2026-07-15T20:57:46.514997+00:00,65.8,6,ask,,,5438405
2026-07-15T20:57:46.521247,2026-07-15T20:57:46.525515+00:00,65.8,6,ask,,,5438407
2026-07-15T20:57:46.530061,2026-07-15T20:57:46.536019+00:00,65.8,4,ask,,,5438409
2026-07-15T20:57:46.642220,2026-07-15T20:57:46.651240+00:00,65.8,20,ask,,,5438412
2026-07-15T20:57:46.651638,2026-07-15T20:57:46.661762+00:00,65.8,25,ask,,,5438414
2026-07-15T20:57:46.670868,2026-07-15T20:57:46.672349+00:00,65.9,45,bid,,,5438416
2026-07-15T20:57:47.244403,2026-07-15T20:57:47.249478+00:00,65.9,45,bid,,,5438429
2026-07-15T20:57:47.258084,2026-07-15T20:57:47.260018+00:00,65.8,20,ask,,,5438431
2026-07-15T20:57:47.498135,2026-07-15T20:57:47.506815+00:00,65.8,19,ask,,,5438432
2026-07-15T20:57:47.502044,2026-07-15T20:57:47.506815+00:00,65.8,3,ask,,,5438433
2026-07-15T20:57:47.665358,2026-07-15T20:57:47.674363+00:00,65.8,14,ask,,,5438437
2026-07-15T20:57:47.696890,2026-07-15T20:57:47.705919+00:00,65.8,22,ask,,,5438439
2026-07-15T20:57:47.696890,2026-07-15T20:57:47.705919+00:00,65.8,3,ask,,,5438440
2026-07-15T20:57:48.792537,2026-07-15T20:57:48.806191+00:00,65.4,45,ask,,,5438454
2026-07-15T20:57:49.710330,2026-07-15T20:57:49.714975+00:00,65.5,3,bid,,,5438477
2026-07-15T20:57:49.747772,2026-07-15T20:57:49.757147+00:00,65.5,53,bid,,,5438479
2026-07-15T20:57:50.030757,2026-07-15T20:57:50.041098+00:00,65.5,50,bid,,,5438482
2026-07-15T20:57:50.157531,2026-07-15T20:57:50.167445+00:00,65.5,44,bid,,,5438489
2026-07-15T20:57:50.157531,2026-07-15T20:57:50.167445+00:00,65.5,50,bid,,,5438490
2026-07-15T20:57:50.228813,2026-07-15T20:57:50.230499+00:00,65.6,25,bid,,,5438492
2026-07-15T20:57:50.243176,2026-07-15T20:57:50.251599+00:00,65.6,5,bid,,,5438493
2026-07-15T20:57:51.850292,2026-07-15T20:57:51.861240+00:00,65.5,43,ask,,,5438529
2026-07-15T20:57:52.142394,2026-07-15T20:57:52.145492+00:00,65.9,50,bid,,,5438539
2026-07-15T20:57:52.814755,2026-07-15T20:57:52.819010+00:00,65.7,75,ask,,,5438548
2026-07-15T20:57:52.826347,2026-07-15T20:57:52.829580+00:00,65.7,8,ask,,,5438549
2026-07-15T20:57:52.835949,2026-07-15T20:57:52.840132+00:00,65.7,8,ask,,,5438551
2026-07-15T20:57:52.887219,2026-07-15T20:57:52.893007+00:00,65.7,8,ask,,,5438553
2026-07-15T20:57:52.917396,2026-07-15T20:57:52.924766+00:00,65.7,12,ask,,,5438556
2026-07-15T20:57:53.002404,2026-07-15T20:57:53.008532+00:00,65.7,8,ask,,,5438557
2026-07-15T20:57:54.108325,2026-07-15T20:57:54.120095+00:00,65.7,8,ask,,,5438580
2026-07-15T20:57:54.118835,2026-07-15T20:57:54.130704+00:00,65.7,6,ask,,,5438582
2026-07-15T20:57:54.253045,2026-07-15T20:57:54.257226+00:00,65.8,10,bid,,,5438585
2026-07-15T20:57:54.253045,2026-07-15T20:57:54.257226+00:00,66.1,40,bid,,,5438586
2026-07-15T20:57:54.262677,2026-07-15T20:57:54.267785+00:00,65.7,4,ask,,,5438587
2026-07-15T20:57:54.364386,2026-07-15T20:57:54.369216+00:00,65.7,3,ask,,,5438591
2026-07-15T20:57:54.395991,2026-07-15T20:57:54.401441+00:00,65.7,1,ask,,,5438596
2026-07-15T20:57:54.416928,2026-07-15T20:57:54.422756+00:00,65.7,9,ask,,,5438598
2026-07-15T20:57:54.416928,2026-07-15T20:57:54.422756+00:00,65.7,16,ask,,,5438599
2026-07-15T20:57:54.450838,2026-07-15T20:57:54.454529+00:00,65.6,16,ask,,,5438602
2026-07-15T20:57:54.542279,2026-07-15T20:57:54.548964+00:00,66.1,42,bid,,,5438605
2026-07-15T20:57:54.885920,2026-07-15T20:57:54.895233+00:00,65.6,25,ask,,,5438608
2026-07-15T20:57:55.214446,2026-07-15T20:57:55.221615+00:00,65.6,40,ask,,,5438618
2026-07-15T20:57:56.038338,2026-07-15T20:57:56.041532+00:00,65.7,100,ask,,,5438648
2026-07-15T20:57:56.086756,2026-07-15T20:57:56.092134+00:00,65.7,3,bid,,,5438649
2026-07-15T20:57:56.412641,2026-07-15T20:57:56.417348+00:00,65.6,50,ask,,,5438657
2026-07-15T20:57:57.940516,2026-07-15T20:57:57.951439+00:00,65.7,47,bid,,,5438677
2026-07-15T20:57:57.940516,2026-07-15T20:57:57.951439+00:00,66.2,1,bid,,,5438678
2026-07-15T20:57:58.568626,2026-07-15T20:57:58.584487+00:00,65.2,50,ask,,,5438692
2026-07-15T20:57:59.385431,2026-07-15T20:57:59.421944+00:00,65.5,32,ask,,,5438707
2026-07-15T20:57:59.390167,2026-07-15T20:57:59.421944+00:00,65.5,14,ask,,,5438708
2026-07-15T20:57:59.407217,2026-07-15T20:57:59.421944+00:00,65.5,15,ask,,,5438711
2026-07-15T20:57:59.416231,2026-07-15T20:57:59.421944+00:00,65.5,25,ask,,,5438714
2026-07-15T20:57:59.428622,2026-07-15T20:57:59.432993+00:00,65.5,15,ask,,,5438716
2026-07-15T20:57:59.439651,2026-07-15T20:57:59.443718+00:00,65.5,15,ask,,,5438718
2026-07-15T20:57:59.449420,2026-07-15T20:57:59.454414+00:00,65.5,5,ask,,,5438720
2026-07-15T20:57:59.465054,2026-07-15T20:57:59.475660+00:00,65.5,14,ask,,,5438723
2026-07-15T20:58:00.036537,2026-07-15T20:58:00.042381+00:00,65.5,15,ask,,,5438737
2026-07-15T20:58:00.036537,2026-07-15T20:58:00.052903+00:00,65.5,32,ask,,,5438738
2026-07-15T20:58:00.050658,2026-07-15T20:58:00.052903+00:00,65.5,48,ask,,,5438739
2026-07-15T20:58:00.065880,2026-07-15T20:58:00.074041+00:00,65.3,2,ask,,,5438741
2026-07-15T20:58:00.083076,2026-07-15T20:58:00.084625+00:00,65.3,32,ask,,,5438743
2026-07-15T20:58:00.325896,2026-07-15T20:58:00.335979+00:00,65.3,8,ask,,,5438747
2026-07-15T20:58:00.676715,2026-07-15T20:58:00.681704+00:00,65.3,50,ask,,,5438756
2026-07-15T20:58:01.164162,2026-07-15T20:58:01.171608+00:00,65.8,48,bid,,,5438769
2026-07-15T20:58:02.398118,2026-07-15T20:58:02.414503+00:00,65.3,50,ask,,,5438783
2026-07-15T20:58:02.398118,2026-07-15T20:58:02.414503+00:00,65.3,20,ask,,,5438784
2026-07-15T20:58:02.409188,2026-07-15T20:58:02.414503+00:00,65.2,14,bid,,,5438785
2026-07-15T20:58:02.413635,2026-07-15T20:58:02.425063+00:00,65.2,66,bid,,,5438786
2026-07-15T20:58:02.479926,2026-07-15T20:58:02.488159+00:00,65.2,25,bid,,,5438788
2026-07-15T20:58:02.493587,2026-07-15T20:58:02.498734+00:00,65.2,3,bid,,,5438789
2026-07-15T20:58:02.549862,2026-07-15T20:58:02.551446+00:00,65.2,8,bid,,,5438791
2026-07-15T20:58:02.572580,2026-07-15T20:58:02.582904+00:00,65.2,25,bid,,,5438793
2026-07-15T20:58:02.800917,2026-07-15T20:58:02.809485+00:00,65.0,50,ask,,,5438797
2026-07-15T20:58:03.038880,2026-07-15T20:58:03.050611+00:00,65.4,46,bid,,,5438805
2026-07-15T20:58:03.164139,2026-07-15T20:58:03.166016+00:00,65.4,54,bid,,,5438810
2026-07-15T20:58:03.164139,2026-07-15T20:58:03.176537+00:00,65.4,31,bid,,,5438811
2026-07-15T20:58:04.289576,2026-07-15T20:58:04.295373+00:00,65.4,4,bid,,,5438832
2026-07-15T20:58:04.593283,2026-07-15T20:58:04.600038+00:00,65.4,41,bid,,,5438835
2026-07-15T20:58:04.909024,2026-07-15T20:58:04.917226+00:00,65.1,22,ask,,,5438842
2026-07-15T20:58:04.909024,2026-07-15T20:58:04.917226+00:00,65.1,10,ask,,,5438843
2026-07-15T20:58:04.909024,2026-07-15T20:58:04.917226+00:00,65.1,18,ask,,,5438844
2026-07-15T20:58:06.974179,2026-07-15T20:58:06.988076+00:00,65.6,10,bid,,,5438882
2026-07-15T20:58:06.974179,2026-07-15T20:58:06.988076+00:00,65.7,40,bid,,,5438883
2026-07-15T20:58:07.314558,2026-07-15T20:58:07.323979+00:00,65.3,44,ask,,,5438889
2026-07-15T20:58:08.941391,2026-07-15T20:58:08.950834+00:00,65.4,42,ask,,,5438914
2026-07-15T20:58:09.001333,2026-07-15T20:58:09.003758+00:00,65.4,25,ask,,,5438917
2026-07-15T20:58:09.043333,2026-07-15T20:58:09.045699+00:00,65.4,33,ask,,,5438918
2026-07-15T20:58:09.094968,2026-07-15T20:58:09.098502+00:00,65.5,10,bid,,,5438920
2026-07-15T20:58:09.094968,2026-07-15T20:58:09.109001+00:00,65.7,40,bid,,,5438921
2026-07-15T20:58:09.897911,2026-07-15T20:58:09.906021+00:00,65.2,40,ask,,,5438933
2026-07-15T20:58:12.333207,2026-07-15T20:58:12.341715+00:00,65.2,48,ask,,,5438981
2026-07-15T20:58:13.383049,2026-07-15T20:58:13.394015+00:00,65.2,32,ask,,,5439005
2026-07-15T20:58:13.383049,2026-07-15T20:58:13.394015+00:00,65.2,18,ask,,,5439006
2026-07-15T20:58:13.472486,2026-07-15T20:58:13.477871+00:00,65.6,2,bid,,,5439007
2026-07-15T20:58:15.473494,2026-07-15T20:58:15.483172+00:00,65.6,50,bid,,,5439027
2026-07-15T20:58:17.584868,2026-07-15T20:58:17.586958+00:00,65.6,50,bid,,,5439060
2026-07-15T20:58:18.906568,2026-07-15T20:58:18.927880+00:00,65.4,48,bid,,,5439088
2026-07-15T20:58:19.239544,2026-07-15T20:58:19.248166+00:00,65.4,42,bid,,,5439092
2026-07-15T20:58:19.278715,2026-07-15T20:58:19.290433+00:00,65.4,10,bid,,,5439095
2026-07-15T20:58:19.278715,2026-07-15T20:58:19.290433+00:00,65.4,15,bid,,,5439096
2026-07-15T20:58:19.371276,2026-07-15T20:58:19.374242+00:00,65.3,18,bid,,,5439097
2026-07-15T20:58:19.405441,2026-07-15T20:58:19.416133+00:00,65.2,20,ask,,,5439098
2026-07-15T20:58:19.405441,2026-07-15T20:58:19.416133+00:00,65.2,10,ask,,,5439099
2026-07-15T20:58:19.405441,2026-07-15T20:58:19.416133+00:00,65.2,11,ask,,,5439100
2026-07-15T20:58:19.720667,2026-07-15T20:58:19.743285+00:00,65.5,50,bid,,,5439113
2026-07-15T20:58:20.691036,2026-07-15T20:58:20.698063+00:00,65.5,2,bid,,,5439130
2026-07-15T20:58:21.326684,2026-07-15T20:58:21.335794+00:00,65.5,30,bid,,,5439146
2026-07-15T20:58:21.326684,2026-07-15T20:58:21.335794+00:00,65.5,11,bid,,,5439147
2026-07-15T20:58:21.393885,2026-07-15T20:58:21.399401+00:00,65.7,60,ask,,,5439148
2026-07-15T20:58:21.726369,2026-07-15T20:58:21.735738+00:00,65.7,4,ask,,,5439154
2026-07-15T20:58:22.583327,2026-07-15T20:58:22.592552+00:00,66.0,10,bid,,,5439174
2026-07-15T20:58:22.583327,2026-07-15T20:58:22.592552+00:00,66.1,38,bid,,,5439175
2026-07-15T20:58:23.783501,2026-07-15T20:58:23.790495+00:00,65.7,2,ask,,,5439186
2026-07-15T20:58:23.973168,2026-07-15T20:58:23.979951+00:00,65.7,46,ask,,,5439190
2026-07-15T20:58:24.813672,2026-07-15T20:58:24.818777+00:00,65.7,2,ask,,,5439202
2026-07-15T20:58:25.844285,2026-07-15T20:58:25.851174+00:00,65.7,25,ask,,,5439225
2026-07-15T20:58:25.868577,2026-07-15T20:58:25.872464+00:00,65.7,2,ask,,,5439228
2026-07-15T20:58:26.117791,2026-07-15T20:58:26.124898+00:00,65.7,36,ask,,,5439237
2026-07-15T20:58:26.117791,2026-07-15T20:58:26.124898+00:00,65.7,14,ask,,,5439238
2026-07-15T20:58:26.334238,2026-07-15T20:58:26.345161+00:00,65.7,4,ask,,,5439242
2026-07-15T20:58:26.454427,2026-07-15T20:58:26.461771+00:00,65.7,30,ask,,,5439246
2026-07-15T20:58:26.896358,2026-07-15T20:58:26.902150+00:00,65.7,25,ask,,,5439257
2026-07-15T20:58:26.909129,2026-07-15T20:58:26.912773+00:00,65.7,2,ask,,,5439259
2026-07-15T20:58:27.454638,2026-07-15T20:58:27.459447+00:00,65.7,25,ask,,,5439268
2026-07-15T20:58:28.262311,2026-07-15T20:58:28.267809+00:00,65.4,50,ask,,,5439282
2026-07-15T20:58:30.993014,2026-07-15T20:58:30.999363+00:00,65.6,43,bid,,,5439318
2026-07-15T20:58:30.993014,2026-07-15T20:58:30.999363+00:00,65.6,6,bid,,,5439319
2026-07-15T20:58:31.029739,2026-07-15T20:58:31.041330+00:00,65.6,44,bid,,,5439321
2026-07-15T20:58:32.497601,2026-07-15T20:58:32.507314+00:00,65.4,45,ask,,,5439345
2026-07-15T20:58:32.497601,2026-07-15T20:58:32.507314+00:00,65.4,5,ask,,,5439346
2026-07-15T20:58:33.117309,2026-07-15T20:58:33.127116+00:00,65.5,4,bid,,,5439362
2026-07-15T20:58:34.252183,2026-07-15T20:58:34.260796+00:00,65.7,43,bid,,,5439377
2026-07-15T20:58:34.606977,2026-07-15T20:58:34.618972+00:00,65.6,4,ask,,,5439384
2026-07-15T20:58:34.606977,2026-07-15T20:58:34.618972+00:00,65.5,46,ask,,,5439385
2026-07-15T20:58:36.718311,2026-07-15T20:58:36.728027+00:00,65.4,50,ask,,,5439411
2026-07-15T20:58:38.826757,2026-07-15T20:58:38.834969+00:00,65.4,50,ask,,,5439449
2026-07-15T20:58:39.419383,2026-07-15T20:58:39.422935+00:00,65.4,43,ask,,,5439460
2026-07-15T20:58:40.347311,2026-07-15T20:58:40.357616+00:00,65.5,9,bid,,,5439471
2026-07-15T20:58:40.347311,2026-07-15T20:58:40.357616+00:00,65.5,33,bid,,,5439472
2026-07-15T20:58:40.368665,2026-07-15T20:58:40.378611+00:00,65.5,4,bid,,,5439473
2026-07-15T20:58:40.619323,2026-07-15T20:58:40.620957+00:00,65.5,23,bid,,,5439480
2026-07-15T20:58:40.619323,2026-07-15T20:58:40.631498+00:00,65.5,20,bid,,,5439481
2026-07-15T20:58:40.972820,2026-07-15T20:58:40.979633+00:00,65.3,50,ask,,,5439483
2026-07-15T20:58:41.354223,2026-07-15T20:58:41.358965+00:00,65.5,16,bid,,,5439489
2026-07-15T20:58:41.363937,2026-07-15T20:58:41.369559+00:00,65.5,2,bid,,,5439490
2026-07-15T20:58:42.398184,2026-07-15T20:58:42.400319+00:00,65.4,2,ask,,,5439504
2026-07-15T20:58:43.083354,2026-07-15T20:58:43.093408+00:00,65.4,50,ask,,,5439518
2026-07-15T20:58:43.380859,2026-07-15T20:58:43.388522+00:00,65.4,28,ask,,,5439525
2026-07-15T20:58:43.380859,2026-07-15T20:58:43.388522+00:00,65.4,20,ask,,,5439526
2026-07-15T20:58:43.430203,2026-07-15T20:58:43.441314+00:00,65.5,2,bid,,,5439529
2026-07-15T20:58:44.453833,2026-07-15T20:58:44.456624+00:00,65.4,2,bid,,,5439543
2026-07-15T20:58:45.233901,2026-07-15T20:58:45.244715+00:00,65.3,50,ask,,,5439553
2026-07-15T20:58:45.493827,2026-07-15T20:58:45.497391+00:00,65.4,2,bid,,,5439557
2026-07-15T20:58:46.523627,2026-07-15T20:58:46.528417+00:00,65.4,2,bid,,,5439571
2026-07-15T20:58:47.282295,2026-07-15T20:58:47.287492+00:00,65.3,10,ask,,,5439581
2026-07-15T20:58:47.282295,2026-07-15T20:58:47.287492+00:00,65.3,35,ask,,,5439582
2026-07-15T20:58:47.485943,2026-07-15T20:58:47.487524+00:00,65.3,6,bid,,,5439588
2026-07-15T20:58:47.592967,2026-07-15T20:58:47.603655+00:00,65.4,2,bid,,,5439591
2026-07-15T20:58:48.227493,2026-07-15T20:58:48.232213+00:00,65.3,3,bid,,,5439600
2026-07-15T20:58:48.235941,2026-07-15T20:58:48.242929+00:00,65.3,47,bid,,,5439601
2026-07-15T20:58:48.307265,2026-07-15T20:58:48.317222+00:00,65.4,2,bid,,,5439605
2026-07-15T20:58:48.348235,2026-07-15T20:58:48.359181+00:00,65.4,25,bid,,,5439608
2026-07-15T20:58:48.441272,2026-07-15T20:58:48.443088+00:00,65.4,9,bid,,,5439612
2026-07-15T20:58:48.441272,2026-07-15T20:58:48.453616+00:00,65.4,16,bid,,,5439613
2026-07-15T20:58:48.630743,2026-07-15T20:58:48.633245+00:00,65.5,2,bid,,,5439617
2026-07-15T20:58:49.283726,2026-07-15T20:58:49.295269+00:00,65.5,40,bid,,,5439623
2026-07-15T20:58:49.449982,2026-07-15T20:58:49.453497+00:00,65.3,10,ask,,,5439626
2026-07-15T20:58:49.449982,2026-07-15T20:58:49.464068+00:00,65.3,20,ask,,,5439627
2026-07-15T20:58:49.449982,2026-07-15T20:58:49.464068+00:00,65.3,20,ask,,,5439628
2026-07-15T20:58:50.694687,2026-07-15T20:58:50.700027+00:00,65.5,2,bid,,,5439648
2026-07-15T20:58:51.460842,2026-07-15T20:58:51.470774+00:00,65.4,43,bid,,,5439653
2026-07-15T20:58:51.563878,2026-07-15T20:58:51.566055+00:00,65.3,10,ask,,,5439656
2026-07-15T20:58:51.563878,2026-07-15T20:58:51.576840+00:00,65.3,40,ask,,,5439657
2026-07-15T20:58:51.951404,2026-07-15T20:58:51.958334+00:00,65.4,4,bid,,,5439665
2026-07-15T20:58:51.951404,2026-07-15T20:58:51.958334+00:00,65.4,38,bid,,,5439666
2026-07-15T20:58:52.749213,2026-07-15T20:58:52.757403+00:00,65.4,2,bid,,,5439673
2026-07-15T20:58:53.039314,2026-07-15T20:58:53.053344+00:00,65.3,47,ask,,,5439679
2026-07-15T20:58:53.772347,2026-07-15T20:58:53.778956+00:00,65.3,2,bid,,,5439690
2026-07-15T20:58:54.141251,2026-07-15T20:58:54.146996+00:00,65.2,9,ask,,,5439701
2026-07-15T20:58:54.141251,2026-07-15T20:58:54.146996+00:00,65.2,38,ask,,,5439702
2026-07-15T20:58:54.693148,2026-07-15T20:58:54.703780+00:00,65.2,7,bid,,,5439712
2026-07-15T20:58:54.798349,2026-07-15T20:58:54.809356+00:00,65.3,2,bid,,,5439717
2026-07-15T20:58:55.205922,2026-07-15T20:58:55.212543+00:00,65.3,43,bid,,,5439723
2026-07-15T20:58:55.205922,2026-07-15T20:58:55.212543+00:00,65.3,4,bid,,,5439724
2026-07-15T20:58:55.801713,2026-07-15T20:58:55.813064+00:00,65.1,50,ask,,,5439733
2026-07-15T20:58:55.824103,2026-07-15T20:58:55.834260+00:00,65.3,2,bid,,,5439734
2026-07-15T20:58:56.153798,2026-07-15T20:58:56.162332+00:00,65.3,25,bid,,,5439737
2026-07-15T20:58:56.221673,2026-07-15T20:58:56.225941+00:00,65.3,7,bid,,,5439738
2026-07-15T20:58:56.248429,2026-07-15T20:58:56.258249+00:00,65.3,3,bid,,,5439741
2026-07-15T20:58:56.849664,2026-07-15T20:58:56.859223+00:00,65.4,2,bid,,,5439748
2026-07-15T20:58:56.879699,2026-07-15T20:58:56.891040+00:00,65.2,9,ask,,,5439751
2026-07-15T20:58:56.879699,2026-07-15T20:58:56.891040+00:00,65.2,39,ask,,,5439752
2026-07-15T20:58:57.058692,2026-07-15T20:58:57.070488+00:00,65.3,9,bid,,,5439757
2026-07-15T20:58:57.506903,2026-07-15T20:58:57.511760+00:00,65.4,27,bid,,,5439765
2026-07-15T20:58:57.515267,2026-07-15T20:58:57.522448+00:00,65.4,20,bid,,,5439766
2026-07-15T20:58:57.552219,2026-07-15T20:58:57.554203+00:00,65.4,25,bid,,,5439769
2026-07-15T20:58:57.900348,2026-07-15T20:58:57.911654+00:00,65.4,25,bid,,,5439777
2026-07-15T20:58:57.907198,2026-07-15T20:58:57.911654+00:00,65.4,2,bid,,,5439778
2026-07-15T20:58:58.128920,2026-07-15T20:58:58.132134+00:00,65.4,20,bid,,,5439785
2026-07-15T20:58:58.746026,2026-07-15T20:58:58.750323+00:00,65.3,3,ask,,,5439799
2026-07-15T20:58:58.909991,2026-07-15T20:58:58.920234+00:00,65.3,42,ask,,,5439801
2026-07-15T20:58:59.991782,2026-07-15T20:58:59.995840+00:00,65.4,35,bid,,,5439812
2026-07-15T20:58:59.991782,2026-07-15T20:59:00.006426+00:00,65.4,15,bid,,,5439813
2026-07-15T20:59:00.062873,2026-07-15T20:59:00.067934+00:00,65.4,3,bid,,,5439818
2026-07-15T20:59:00.063129,2026-07-15T20:59:00.078901+00:00,65.4,8,bid,,,5439819
2026-07-15T20:59:00.075600,2026-07-15T20:59:00.078901+00:00,65.4,20,bid,,,5439820
2026-07-15T20:59:00.075600,2026-07-15T20:59:00.089681+00:00,65.4,50,bid,,,5439821
2026-07-15T20:59:00.121608,2026-07-15T20:59:00.132267+00:00,65.5,20,bid,,,5439823
2026-07-15T20:59:00.133421,2026-07-15T20:59:00.142894+00:00,65.5,25,bid,,,5439826
2026-07-15T20:59:00.650636,2026-07-15T20:59:00.658557+00:00,65.5,20,bid,,,5439834
2026-07-15T20:59:00.978344,2026-07-15T20:59:00.985135+00:00,65.5,25,bid,,,5439841
2026-07-15T20:59:00.985111,2026-07-15T20:59:00.995648+00:00,65.5,2,bid,,,5439842
2026-07-15T20:59:01.160439,2026-07-15T20:59:01.163362+00:00,65.5,8,bid,,,5439848
2026-07-15T20:59:01.384706,2026-07-15T20:59:01.390094+00:00,65.4,3,ask,,,5439850
2026-07-15T20:59:02.138584,2026-07-15T20:59:02.150429+00:00,65.6,10,bid,,,5439867
2026-07-15T20:59:02.138584,2026-07-15T20:59:02.160996+00:00,65.6,40,bid,,,5439868
2026-07-15T20:59:04.256235,2026-07-15T20:59:04.262689+00:00,65.5,10,bid,,,5439901
2026-07-15T20:59:04.256235,2026-07-15T20:59:04.262689+00:00,65.6,40,bid,,,5439902
2026-07-15T20:59:06.366219,2026-07-15T20:59:06.369819+00:00,65.7,33,bid,,,5439947
2026-07-15T20:59:06.366219,2026-07-15T20:59:06.380430+00:00,66.0,17,bid,,,5439948
2026-07-15T20:59:06.662832,2026-07-15T20:59:06.664559+00:00,65.5,100,ask,,,5439957
2026-07-15T20:59:06.662832,2026-07-15T20:59:06.675194+00:00,65.5,3,ask,,,5439958
2026-07-15T20:59:06.720268,2026-07-15T20:59:06.728064+00:00,65.5,25,ask,,,5439961
2026-07-15T20:59:06.789854,2026-07-15T20:59:06.801374+00:00,65.5,33,ask,,,5439962
2026-07-15T20:59:06.799242,2026-07-15T20:59:06.801374+00:00,65.5,12,ask,,,5439964
2026-07-15T20:59:06.817718,2026-07-15T20:59:06.822555+00:00,65.5,25,ask,,,5439967
2026-07-15T20:59:06.909956,2026-07-15T20:59:06.917294+00:00,65.5,25,ask,,,5439969
2026-07-15T20:59:07.002431,2026-07-15T20:59:07.012895+00:00,65.5,25,ask,,,5439971
2026-07-15T20:59:07.078802,2026-07-15T20:59:07.086519+00:00,65.5,2,ask,,,5439973
2026-07-15T20:59:07.078802,2026-07-15T20:59:07.086519+00:00,65.5,18,ask,,,5439974
2026-07-15T20:59:07.094512,2026-07-15T20:59:07.097067+00:00,65.5,25,ask,,,5439976
2026-07-15T20:59:07.205438,2026-07-15T20:59:07.212410+00:00,65.5,25,ask,,,5439978
2026-07-15T20:59:07.757901,2026-07-15T20:59:07.769081+00:00,65.8,10,bid,,,5439988
2026-07-15T20:59:07.757901,2026-07-15T20:59:07.769081+00:00,65.8,37,bid,,,5439989
2026-07-15T20:59:08.359565,2026-07-15T20:59:08.365706+00:00,65.8,19,bid,,,5439994
2026-07-15T20:59:08.997598,2026-07-15T20:59:09.007026+00:00,65.2,42,bid,,,5440008
2026-07-15T20:59:09.241065,2026-07-15T20:59:09.250391+00:00,65.2,2,bid,,,5440011
2026-07-15T20:59:09.283350,2026-07-15T20:59:09.292955+00:00,65.2,65,bid,,,5440014
2026-07-15T20:59:09.305007,2026-07-15T20:59:09.314356+00:00,65.2,25,bid,,,5440016
2026-07-15T20:59:09.399235,2026-07-15T20:59:09.409634+00:00,65.2,16,bid,,,5440021
2026-07-15T20:59:10.605161,2026-07-15T20:59:10.617341+00:00,65.5,50,bid,,,5440033
2026-07-15T20:59:11.127555,2026-07-15T20:59:11.135155+00:00,65.0,49,ask,,,5440047
2026-07-15T20:59:12.086309,2026-07-15T20:59:12.095058+00:00,65.5,45,bid,,,5440059
2026-07-15T20:59:12.547230,2026-07-15T20:59:12.554112+00:00,65.3,41,ask,,,5440067
2026-07-15T20:59:12.713279,2026-07-15T20:59:12.723266+00:00,65.5,35,bid,,,5440069
2026-07-15T20:59:12.713279,2026-07-15T20:59:12.723266+00:00,65.5,15,bid,,,5440070
2026-07-15T20:59:13.139599,2026-07-15T20:59:13.142935+00:00,65.5,47,bid,,,5440074
2026-07-15T20:59:14.573924,2026-07-15T20:59:14.584538+00:00,65.3,43,ask,,,5440099
2026-07-15T20:59:14.858719,2026-07-15T20:59:14.864542+00:00,65.5,38,bid,,,5440105
2026-07-15T20:59:14.858719,2026-07-15T20:59:14.875189+00:00,65.5,12,bid,,,5440106
2026-07-15T20:59:15.243876,2026-07-15T20:59:15.249395+00:00,65.5,23,bid,,,5440116
2026-07-15T20:59:15.243876,2026-07-15T20:59:15.249395+00:00,65.5,50,bid,,,5440117
2026-07-15T20:59:15.691465,2026-07-15T20:59:15.695199+00:00,65.5,16,ask,,,5440127
2026-07-15T20:59:15.883504,2026-07-15T20:59:15.894965+00:00,65.5,11,ask,,,5440133
2026-07-15T20:59:15.883504,2026-07-15T20:59:15.894965+00:00,65.5,19,ask,,,5440134
2026-07-15T20:59:15.894211,2026-07-15T20:59:15.905555+00:00,65.5,31,ask,,,5440135
2026-07-15T20:59:16.208411,2026-07-15T20:59:16.212820+00:00,65.4,47,ask,,,5440142
2026-07-15T20:59:16.351707,2026-07-15T20:59:16.360021+00:00,65.4,23,ask,,,5440145
2026-07-15T20:59:16.351707,2026-07-15T20:59:16.360021+00:00,65.4,18,ask,,,5440146
2026-07-15T20:59:16.971488,2026-07-15T20:59:16.973427+00:00,65.5,12,bid,,,5440157
2026-07-15T20:59:16.971488,2026-07-15T20:59:16.984030+00:00,65.5,10,bid,,,5440158
2026-07-15T20:59:16.971488,2026-07-15T20:59:16.984030+00:00,65.5,28,bid,,,5440159
2026-07-15T20:59:18.208774,2026-07-15T20:59:18.220313+00:00,65.5,31,bid,,,5440179
2026-07-15T20:59:18.503046,2026-07-15T20:59:18.506100+00:00,65.6,49,bid,,,5440184
2026-07-15T20:59:19.087208,2026-07-15T20:59:19.095773+00:00,65.7,50,bid,,,5440189
2026-07-15T20:59:20.447719,2026-07-15T20:59:20.454806+00:00,65.7,10,bid,,,5440212
2026-07-15T20:59:21.014380,2026-07-15T20:59:21.022683+00:00,65.7,40,bid,,,5440217
2026-07-15T20:59:21.014380,2026-07-15T20:59:21.022683+00:00,65.7,1,bid,,,5440218
2026-07-15T20:59:21.198428,2026-07-15T20:59:21.200978+00:00,65.7,50,bid,,,5440219
2026-07-15T20:59:22.169587,2026-07-15T20:59:22.180726+00:00,65.6,39,ask,,,5440235
2026-07-15T20:59:22.169587,2026-07-15T20:59:22.180726+00:00,65.6,9,ask,,,5440236
2026-07-15T20:59:23.328859,2026-07-15T20:59:23.341568+00:00,65.8,22,bid,,,5440263
2026-07-15T20:59:23.328859,2026-07-15T20:59:23.341568+00:00,65.9,10,bid,,,5440264
2026-07-15T20:59:23.328859,2026-07-15T20:59:23.352200+00:00,66.0,18,bid,,,5440265
2026-07-15T20:59:24.577210,2026-07-15T20:59:24.582494+00:00,65.8,10,bid,,,5440280
2026-07-15T20:59:24.697672,2026-07-15T20:59:24.708992+00:00,66.0,47,bid,,,5440283
2026-07-15T20:59:25.442179,2026-07-15T20:59:25.446174+00:00,66.2,50,bid,,,5440289
2026-07-15T20:59:26.242862,2026-07-15T20:59:26.245000+00:00,65.9,1,bid,,,5440302
2026-07-15T20:59:26.242862,2026-07-15T20:59:26.255491+00:00,66.0,10,bid,,,5440303
2026-07-15T20:59:26.242862,2026-07-15T20:59:26.255491+00:00,66.0,1,bid,,,5440304
2026-07-15T20:59:26.605760,2026-07-15T20:59:26.615853+00:00,65.9,35,ask,,,5440315
2026-07-15T20:59:26.605760,2026-07-15T20:59:26.615853+00:00,65.9,7,ask,,,5440316
2026-07-15T20:59:26.633331,2026-07-15T20:59:26.637019+00:00,65.9,25,ask,,,5440317
2026-07-15T20:59:26.675766,2026-07-15T20:59:26.679356+00:00,65.9,18,ask,,,5440323
2026-07-15T20:59:26.675766,2026-07-15T20:59:26.679356+00:00,65.9,7,ask,,,5440324
2026-07-15T20:59:27.145995,2026-07-15T20:59:27.152531+00:00,65.9,20,ask,,,5440331
2026-07-15T20:59:27.455599,2026-07-15T20:59:27.457783+00:00,65.9,5,ask,,,5440337
2026-07-15T20:59:27.584504,2026-07-15T20:59:27.594783+00:00,66.1,23,bid,,,5440340
2026-07-15T20:59:27.584504,2026-07-15T20:59:27.594783+00:00,66.1,21,bid,,,5440341
2026-07-15T20:59:27.584504,2026-07-15T20:59:27.594783+00:00,66.1,6,bid,,,5440342
2026-07-15T20:59:27.662726,2026-07-15T20:59:27.668941+00:00,65.9,16,ask,,,5440347
2026-07-15T20:59:27.662726,2026-07-15T20:59:27.668941+00:00,65.9,9,ask,,,5440348
2026-07-15T20:59:27.700896,2026-07-15T20:59:27.711021+00:00,65.9,18,ask,,,5440351
2026-07-15T20:59:27.700896,2026-07-15T20:59:27.711021+00:00,65.8,27,ask,,,5440352
2026-07-15T20:59:28.242966,2026-07-15T20:59:28.247446+00:00,65.9,10,bid,,,5440364
2026-07-15T20:59:28.242966,2026-07-15T20:59:28.247446+00:00,66.0,10,bid,,,5440365
2026-07-15T20:59:28.242966,2026-07-15T20:59:28.257968+00:00,66.0,22,bid,,,5440366
2026-07-15T20:59:29.698968,2026-07-15T20:59:29.710513+00:00,66.1,50,bid,,,5440383
2026-07-15T20:59:30.255718,2026-07-15T20:59:30.257732+00:00,65.9,48,ask,,,5440393
2026-07-15T20:59:30.266828,2026-07-15T20:59:30.279324+00:00,65.9,2,ask,,,5440395
2026-07-15T20:59:31.336310,2026-07-15T20:59:31.342599+00:00,65.8,49,ask,,,5440406
2026-07-15T20:59:31.810669,2026-07-15T20:59:31.816819+00:00,66.3,50,bid,,,5440412
2026-07-15T20:59:33.970655,2026-07-15T20:59:33.977085+00:00,65.9,23,ask,,,5440459
2026-07-15T20:59:33.970655,2026-07-15T20:59:33.977085+00:00,65.9,27,ask,,,5440460
2026-07-15T20:59:34.307115,2026-07-15T20:59:34.312615+00:00,66.0,3,ask,,,5440462
2026-07-15T20:59:34.307402,2026-07-15T20:59:34.312615+00:00,66.0,19,ask,,,5440463
2026-07-15T20:59:34.314821,2026-07-15T20:59:34.323265+00:00,66.0,3,ask,,,5440464
2026-07-15T20:59:34.460833,2026-07-15T20:59:34.470776+00:00,66.0,43,ask,,,5440469
2026-07-15T20:59:34.484847,2026-07-15T20:59:34.491935+00:00,66.0,29,ask,,,5440473
2026-07-15T20:59:34.529738,2026-07-15T20:59:34.534354+00:00,66.0,3,ask,,,5440477
2026-07-15T20:59:34.852544,2026-07-15T20:59:34.861155+00:00,65.9,20,ask,,,5440480
2026-07-15T20:59:34.857972,2026-07-15T20:59:34.861155+00:00,65.9,25,ask,,,5440481
2026-07-15T20:59:34.931781,2026-07-15T20:59:34.934834+00:00,65.9,26,ask,,,5440484
2026-07-15T20:59:35.251988,2026-07-15T20:59:35.261112+00:00,65.9,10,ask,,,5440492
2026-07-15T20:59:35.475338,2026-07-15T20:59:35.481682+00:00,65.9,20,ask,,,5440498
2026-07-15T20:59:36.046932,2026-07-15T20:59:36.071323+00:00,66.0,9,bid,,,5440510
2026-07-15T20:59:36.046932,2026-07-15T20:59:36.071323+00:00,66.1,9,bid,,,5440511
2026-07-15T20:59:36.046932,2026-07-15T20:59:36.071323+00:00,66.4,32,bid,,,5440512
2026-07-15T20:59:36.397007,2026-07-15T20:59:36.407213+00:00,66.3,3,bid,,,5440515
2026-07-15T20:59:36.397007,2026-07-15T20:59:36.407213+00:00,66.4,38,bid,,,5440516
2026-07-15T20:59:37.397435,2026-07-15T20:59:37.408979+00:00,66.0,3,ask,,,5440536
2026-07-15T20:59:37.859516,2026-07-15T20:59:37.876048+00:00,65.9,49,ask,,,5440543
2026-07-15T20:59:38.218676,2026-07-15T20:59:38.223025+00:00,65.9,50,ask,,,5440549
2026-07-15T20:59:39.192797,2026-07-15T20:59:39.199394+00:00,66.2,16,bid,,,5440569
2026-07-15T20:59:39.192797,2026-07-15T20:59:39.199394+00:00,66.2,31,bid,,,5440570
2026-07-15T20:59:40.354417,2026-07-15T20:59:40.365809+00:00,66.0,18,ask,,,5440595
2026-07-15T20:59:40.354417,2026-07-15T20:59:40.365809+00:00,65.9,14,ask,,,5440596
2026-07-15T20:59:40.354417,2026-07-15T20:59:40.365809+00:00,65.8,18,ask,,,5440597
2026-07-15T20:59:42.468557,2026-07-15T20:59:42.480678+00:00,66.0,21,ask,,,5440631
2026-07-15T20:59:42.468557,2026-07-15T20:59:42.480678+00:00,66.0,22,ask,,,5440632
2026-07-15T20:59:42.468557,2026-07-15T20:59:42.480678+00:00,65.9,7,ask,,,5440633
2026-07-15T20:59:43.712276,2026-07-15T20:59:43.721805+00:00,66.0,20,ask,,,5440654
2026-07-15T20:59:44.609267,2026-07-15T20:59:44.616315+00:00,65.9,20,ask,,,5440670
2026-07-15T20:59:44.609267,2026-07-15T20:59:44.616315+00:00,65.8,30,ask,,,5440671
2026-07-15T20:59:45.542295,2026-07-15T20:59:45.549158+00:00,66.1,43,bid,,,5440682
2026-07-15T20:59:46.671516,2026-07-15T20:59:46.683966+00:00,66.1,37,bid,,,5440702
2026-07-15T20:59:46.671516,2026-07-15T20:59:46.683966+00:00,66.1,13,bid,,,5440703
2026-07-15T20:59:47.462057,2026-07-15T20:59:47.466704+00:00,66.1,3,bid,,,5440711
2026-07-15T20:59:47.465660,2026-07-15T20:59:47.477441+00:00,66.1,47,bid,,,5440712
2026-07-15T20:59:48.781621,2026-07-15T20:59:48.791436+00:00,66.3,50,bid,,,5440734
2026-07-15T20:59:48.796927,2026-07-15T20:59:48.802222+00:00,66.2,15,ask,,,5440735
2026-07-15T20:59:48.796927,2026-07-15T20:59:48.802222+00:00,66.2,16,ask,,,5440736
2026-07-15T20:59:48.818500,2026-07-15T20:59:48.835421+00:00,66.2,16,ask,,,5440739
2026-07-15T20:59:48.830237,2026-07-15T20:59:48.835421+00:00,66.2,14,ask,,,5440742
2026-07-15T20:59:48.834257,2026-07-15T20:59:48.846532+00:00,66.2,4,ask,,,5440743
2026-07-15T20:59:48.848042,2026-07-15T20:59:48.857640+00:00,66.1,10,ask,,,5440745
2026-07-15T20:59:48.868119,2026-07-15T20:59:48.879433+00:00,66.1,6,ask,,,5440746
2026-07-15T20:59:48.882643,2026-07-15T20:59:48.890352+00:00,66.1,25,ask,,,5440748
2026-07-15T20:59:49.811347,2026-07-15T20:59:49.818371+00:00,65.9,34,ask,,,5440759
2026-07-15T20:59:49.811347,2026-07-15T20:59:49.818371+00:00,65.8,14,ask,,,5440760
2026-07-15T20:59:50.199481,2026-07-15T20:59:50.204670+00:00,66.2,11,bid,,,5440770
2026-07-15T20:59:50.893934,2026-07-15T20:59:50.898196+00:00,66.2,50,bid,,,5440782
2026-07-15T20:59:51.467612,2026-07-15T20:59:51.473820+00:00,66.1,35,ask,,,5440800
2026-07-15T20:59:51.467957,2026-07-15T20:59:51.473820+00:00,66.1,11,ask,,,5440801
2026-07-15T20:59:51.479138,2026-07-15T20:59:51.484554+00:00,66.1,20,ask,,,5440802
2026-07-15T20:59:51.479138,2026-07-15T20:59:51.484554+00:00,66.1,5,ask,,,5440803
2026-07-15T20:59:51.521215,2026-07-15T20:59:51.527357+00:00,66.1,5,ask,,,5440804
2026-07-15T20:59:51.521215,2026-07-15T20:59:51.527357+00:00,66.1,14,ask,,,5440805
2026-07-15T20:59:52.787402,2026-07-15T20:59:52.793965+00:00,66.0,10,bid,,,5440824
2026-07-15T20:59:52.787402,2026-07-15T20:59:52.793965+00:00,66.0,1,bid,,,5440825
2026-07-15T20:59:53.027902,2026-07-15T20:59:53.036233+00:00,66.0,49,bid,,,5440833
2026-07-15T20:59:53.027902,2026-07-15T20:59:53.036233+00:00,66.0,1,bid,,,5440834
2026-07-15T20:59:53.290922,2026-07-15T20:59:53.295521+00:00,66.0,3,bid,,,5440843
2026-07-15T20:59:53.304204,2026-07-15T20:59:53.306279+00:00,66.0,76,bid,,,5440845
2026-07-15T20:59:53.304204,2026-07-15T20:59:53.316900+00:00,66.0,50,bid,,,5440846
2026-07-15T20:59:53.304204,2026-07-15T20:59:53.316900+00:00,66.0,1,bid,,,5440847
2026-07-15T20:59:54.158467,2026-07-15T20:59:54.166629+00:00,66.0,15,ask,,,5440860
2026-07-15T20:59:54.458881,2026-07-15T20:59:54.461062+00:00,66.0,8,ask,,,5440868
2026-07-15T20:59:54.458881,2026-07-15T20:59:54.471726+00:00,66.0,12,ask,,,5440869
2026-07-15T20:59:54.742707,2026-07-15T20:59:54.745239+00:00,66.0,48,ask,,,5440873
2026-07-15T20:59:55.150912,2026-07-15T20:59:55.156838+00:00,66.3,50,bid,,,5440876
2026-07-15T20:59:55.311442,2026-07-15T20:59:55.314380+00:00,66.2,10,bid,,,5440880
2026-07-15T20:59:55.311442,2026-07-15T20:59:55.324963+00:00,66.3,35,bid,,,5440881
2026-07-15T20:59:55.937073,2026-07-15T20:59:55.943506+00:00,66.2,7,bid,,,5440891
2026-07-15T20:59:55.937073,2026-07-15T20:59:55.943506+00:00,66.2,39,bid,,,5440892
2026-07-15T20:59:56.462786,2026-07-15T20:59:56.473173+00:00,66.1,5,bid,,,5440896
2026-07-15T20:59:56.462786,2026-07-15T20:59:56.473173+00:00,66.1,31,bid,,,5440897
2026-07-15T20:59:56.462786,2026-07-15T20:59:56.473173+00:00,66.1,64,bid,,,5440898
2026-07-15T20:59:56.538708,2026-07-15T20:59:56.547594+00:00,66.0,32,ask,,,5440900
2026-07-15T20:59:56.538708,2026-07-15T20:59:56.547594+00:00,65.9,11,ask,,,5440901
2026-07-15T20:59:56.538708,2026-07-15T20:59:56.547594+00:00,65.9,50,ask,,,5440902
2026-07-15T20:59:56.538708,2026-07-15T20:59:56.558219+00:00,65.9,57,ask,,,5440903
2026-07-15T20:59:56.772482,2026-07-15T20:59:56.777536+00:00,65.9,3,ask,,,5440906
2026-07-15T20:59:56.848223,2026-07-15T20:59:56.852017+00:00,65.9,25,ask,,,5440912
2026-07-15T20:59:56.951998,2026-07-15T20:59:56.958076+00:00,65.8,44,ask,,,5440914
2026-07-15T20:59:57.347068,2026-07-15T20:59:57.354425+00:00,65.5,10,ask,,,5440924
2026-07-15T20:59:57.347068,2026-07-15T20:59:57.354425+00:00,65.4,40,ask,,,5440925
2026-07-15T20:59:59.459599,2026-07-15T20:59:59.466218+00:00,65.6,10,ask,,,5440956
2026-07-15T20:59:59.459599,2026-07-15T20:59:59.466218+00:00,65.5,40,ask,,,5440957
