timestamp,recv_time,price,volume,aggressor_side,buyer,seller,trade_id
2026-06-29T12:00:00.456511,2026-06-29T02:00:00.945204+00:00,99.0,40,bid,,,11910535
2026-06-29T12:00:00.622215,2026-06-29T02:00:01.110205+00:00,99.0,50,bid,,,11910537
2026-06-29T12:00:02.755268,2026-06-29T02:00:03.243337+00:00,99.0,50,bid,,,11910564
2026-06-29T12:00:03.021649,2026-06-29T02:00:03.506853+00:00,99.1,42,ask,,,11910571
2026-06-29T12:00:03.495120,2026-06-29T02:00:03.979862+00:00,99.1,42,ask,,,11910578
2026-06-29T12:00:04.232846,2026-06-29T02:00:04.716862+00:00,99.1,4,ask,,,11910602
2026-06-29T12:00:04.349049,2026-06-29T02:00:04.837854+00:00,99.1,4,ask,,,11910608
2026-06-29T12:00:04.862660,2026-06-29T02:00:05.354874+00:00,99.3,50,bid,,,11910615
2026-06-29T12:00:05.149287,2026-06-29T02:00:05.640882+00:00,99.1,25,ask,,,11910623
2026-06-29T12:00:05.214570,2026-06-29T02:00:05.706882+00:00,99.1,25,ask,,,11910626
2026-06-29T12:00:05.227309,2026-06-29T02:00:05.717882+00:00,99.1,3,ask,,,11910628
2026-06-29T12:00:05.325733,2026-06-29T02:00:05.816882+00:00,99.1,3,ask,,,11910629
2026-06-29T12:00:05.359837,2026-06-29T02:00:05.849883+00:00,99.1,2,ask,,,11910630
2026-06-29T12:00:05.369473,2026-06-29T02:00:05.860883+00:00,99.0,3,bid,,,11910632
2026-06-29T12:00:05.369473,2026-06-29T02:00:05.860883+00:00,99.3,43,bid,,,11910633
2026-06-29T12:00:06.369393,2026-06-29T02:00:06.860969+00:00,98.9,100,bid,,,11910660
2026-06-29T12:00:06.414445,2026-06-29T02:00:06.904969+00:00,98.9,49,bid,,,11910665
2026-06-29T12:00:06.970370,2026-06-29T02:00:07.454978+00:00,98.9,1,bid,,,11910683
2026-06-29T12:00:06.970370,2026-06-29T02:00:07.454978+00:00,99.4,49,bid,,,11910684
2026-06-29T12:00:08.581297,2026-06-29T02:00:09.071671+00:00,99.0,2,bid,,,11910715
2026-06-29T12:00:09.589536,2026-06-29T02:00:10.083671+00:00,99.2,2,ask,,,11910723
2026-06-29T12:00:09.592898,2026-06-29T02:00:10.094671+00:00,99.2,45,ask,,,11910726
2026-06-29T12:00:10.202291,2026-06-29T02:00:10.688196+00:00,99.5,49,bid,,,11910742
2026-06-29T12:00:11.179827,2026-06-29T02:00:11.667205+00:00,99.5,50,bid,,,11910774
2026-06-29T12:00:11.328133,2026-06-29T02:00:11.821205+00:00,99.2,5,ask,,,11910776
2026-06-29T12:00:11.399845,2026-06-29T02:00:11.887205+00:00,99.2,5,ask,,,11910778
2026-06-29T12:00:11.483863,2026-06-29T02:00:11.975205+00:00,99.2,5,ask,,,11910779
2026-06-29T12:00:11.741027,2026-06-29T02:00:12.228196+00:00,99.2,46,ask,,,11910783
2026-06-29T12:00:12.328299,2026-06-29T02:00:12.822205+00:00,99.2,5,ask,,,11910796
2026-06-29T12:00:12.344221,2026-06-29T02:00:12.833205+00:00,99.5,1,bid,,,11910797
2026-06-29T12:00:12.692242,2026-06-29T02:00:13.185196+00:00,99.2,4,bid,,,11910799
2026-06-29T12:00:12.692242,2026-06-29T02:00:13.185196+00:00,99.3,96,bid,,,11910800
2026-06-29T12:00:12.815330,2026-06-29T02:00:13.305734+00:00,99.3,46,bid,,,11910807
2026-06-29T12:00:13.286909,2026-06-29T02:00:13.778743+00:00,99.3,8,bid,,,11910820
2026-06-29T12:00:13.286909,2026-06-29T02:00:13.778743+00:00,99.8,42,bid,,,11910821
2026-06-29T12:00:13.809579,2026-06-29T02:00:14.295743+00:00,98.8,48,ask,,,11910832
2026-06-29T12:00:15.395574,2026-06-29T02:00:15.879743+00:00,99.3,1,bid,,,11910867
2026-06-29T12:00:15.395574,2026-06-29T02:00:15.890743+00:00,99.8,49,bid,,,11910868
2026-06-29T12:00:16.002791,2026-06-29T02:00:16.495502+00:00,99.3,2,ask,,,11910894
2026-06-29T12:00:16.422855,2026-06-29T02:00:16.913522+00:00,99.5,43,bid,,,11910897
2026-06-29T12:00:16.612998,2026-06-29T02:00:17.100523+00:00,99.3,2,ask,,,11910902
2026-06-29T12:00:17.022310,2026-06-29T02:00:17.507522+00:00,99.3,25,ask,,,11910913
2026-06-29T12:00:17.059201,2026-06-29T02:00:17.551523+00:00,99.3,25,ask,,,11910917
2026-06-29T12:00:17.231981,2026-06-29T02:00:17.716522+00:00,99.3,25,ask,,,11910924
2026-06-29T12:00:17.269780,2026-06-29T02:00:17.760514+00:00,99.3,21,ask,,,11910927
2026-06-29T12:00:17.278463,2026-06-29T02:00:17.771522+00:00,99.1,2,ask,,,11910929
2026-06-29T12:00:17.482864,2026-06-29T02:00:17.969523+00:00,99.1,2,ask,,,11910937
2026-06-29T12:00:17.554943,2026-06-29T02:00:18.046523+00:00,99.1,2,ask,,,11910941
2026-06-29T12:00:17.554943,2026-06-29T02:00:18.046523+00:00,99.0,48,ask,,,11910942
2026-06-29T12:00:19.671040,2026-06-29T02:00:20.157614+00:00,99.1,5,ask,,,11910978
2026-06-29T12:00:19.671040,2026-06-29T02:00:20.157614+00:00,99.0,45,ask,,,11910979
2026-06-29T12:00:20.452369,2026-06-29T02:00:20.938614+00:00,99.1,5,ask,,,11910986
2026-06-29T12:00:20.452369,2026-06-29T02:00:20.938614+00:00,99.0,36,ask,,,11910987
2026-06-29T12:00:21.087990,2026-06-29T02:00:21.576614+00:00,99.4,1,bid,,,11911000
2026-06-29T12:00:21.087990,2026-06-29T02:00:21.576614+00:00,99.4,39,bid,,,11911001
2026-06-29T12:00:21.144143,2026-06-29T02:00:21.631619+00:00,99.1,4,ask,,,11911002
2026-06-29T12:00:21.778386,2026-06-29T02:00:22.269627+00:00,99.1,4,ask,,,11911009
2026-06-29T12:00:21.778386,2026-06-29T02:00:22.269627+00:00,99.0,46,ask,,,11911010
2026-06-29T12:00:21.920262,2026-06-29T02:00:22.412627+00:00,99.1,4,ask,,,11911011
2026-06-29T12:00:22.004277,2026-06-29T02:00:22.489628+00:00,99.1,4,bid,,,11911018
2026-06-29T12:00:22.192992,2026-06-29T02:00:22.676627+00:00,99.1,100,bid,,,11911023
2026-06-29T12:00:23.862788,2026-06-29T02:00:24.348185+00:00,99.0,3,ask,,,11911047
2026-06-29T12:00:23.862788,2026-06-29T02:00:24.348185+00:00,98.6,46,ask,,,11911048
2026-06-29T12:00:23.886697,2026-06-29T02:00:24.370184+00:00,98.6,50,ask,,,11911051
2026-06-29T12:00:24.865759,2026-06-29T02:00:25.349184+00:00,99.1,25,bid,,,11911079
2026-06-29T12:00:24.931893,2026-06-29T02:00:25.415184+00:00,99.1,17,bid,,,11911081
2026-06-29T12:00:24.936692,2026-06-29T02:00:25.426185+00:00,99.4,2,bid,,,11911082
2026-06-29T12:00:25.996747,2026-06-29T02:00:26.481746+00:00,99.1,50,ask,,,11911095
2026-06-29T12:00:28.109531,2026-06-29T02:00:28.593133+00:00,99.1,50,ask,,,11911132
2026-06-29T12:00:28.282813,2026-06-29T02:00:28.769133+00:00,99.2,25,bid,,,11911137
2026-06-29T12:00:28.381085,2026-06-29T02:00:28.868132+00:00,99.2,25,bid,,,11911142
2026-06-29T12:00:28.492176,2026-06-29T02:00:28.978133+00:00,99.2,25,bid,,,11911146
2026-06-29T12:00:28.590011,2026-06-29T02:00:29.077132+00:00,99.2,25,bid,,,11911149
2026-06-29T12:00:30.164470,2026-06-29T02:00:30.650152+00:00,99.2,50,bid,,,11911181
2026-06-29T12:00:30.908318,2026-06-29T02:00:31.398152+00:00,99.3,2,bid,,,11911203
2026-06-29T12:00:30.908318,2026-06-29T02:00:31.398152+00:00,99.5,43,bid,,,11911204
2026-06-29T12:00:31.880630,2026-06-29T02:00:32.366153+00:00,99.6,40,bid,,,11911221
2026-06-29T12:00:32.271393,2026-06-29T02:00:32.762152+00:00,99.6,50,bid,,,11911226
2026-06-29T12:00:34.378286,2026-06-29T02:00:34.862235+00:00,99.6,10,bid,,,11911259
2026-06-29T12:00:34.378286,2026-06-29T02:00:34.862235+00:00,99.8,40,bid,,,11911260
2026-06-29T12:00:34.554861,2026-06-29T02:00:35.038234+00:00,99.4,43,ask,,,11911262
2026-06-29T12:00:34.908146,2026-06-29T02:00:35.401243+00:00,99.5,1,ask,,,11911268
2026-06-29T12:00:35.116117,2026-06-29T02:00:35.599243+00:00,99.5,6,ask,,,11911273
2026-06-29T12:00:35.323050,2026-06-29T02:00:35.808243+00:00,99.5,25,ask,,,11911279
2026-06-29T12:00:35.407926,2026-06-29T02:00:35.896234+00:00,99.5,25,ask,,,11911283
2026-06-29T12:00:35.532679,2026-06-29T02:00:36.017234+00:00,99.5,25,ask,,,11911288
2026-06-29T12:00:35.616609,2026-06-29T02:00:36.104808+00:00,99.5,18,ask,,,11911290
2026-06-29T12:00:35.631802,2026-06-29T02:00:36.126807+00:00,99.4,2,ask,,,11911293
2026-06-29T12:00:35.742493,2026-06-29T02:00:36.225807+00:00,99.4,5,ask,,,11911296
2026-06-29T12:00:35.836324,2026-06-29T02:00:36.324808+00:00,99.4,2,ask,,,11911299
2026-06-29T12:00:36.041135,2026-06-29T02:00:36.533808+00:00,99.4,2,ask,,,11911306
2026-06-29T12:00:36.246799,2026-06-29T02:00:36.731807+00:00,99.4,1,ask,,,11911314
2026-06-29T12:00:36.486869,2026-06-29T02:00:36.973808+00:00,99.9,50,bid,,,11911320
2026-06-29T12:00:37.419599,2026-06-29T02:00:37.908828+00:00,99.4,48,ask,,,11911340
2026-06-29T12:00:37.954123,2026-06-29T02:00:38.447210+00:00,99.8,47,bid,,,11911362
2026-06-29T12:00:38.591804,2026-06-29T02:00:39.074211+00:00,99.8,50,bid,,,11911374
2026-06-29T12:00:39.459433,2026-06-29T02:00:39.943211+00:00,99.3,40,ask,,,11911395
2026-06-29T12:00:41.037225,2026-06-29T02:00:41.527213+00:00,99.8,46,bid,,,11911420
2026-06-29T12:00:41.963018,2026-06-29T02:00:42.451223+00:00,99.5,25,ask,,,11911435
2026-06-29T12:00:42.061227,2026-06-29T02:00:42.550223+00:00,99.5,25,ask,,,11911437
2026-06-29T12:00:42.171948,2026-06-29T02:00:42.660223+00:00,99.5,25,ask,,,11911440
2026-06-29T12:00:42.270619,2026-06-29T02:00:42.759223+00:00,99.5,25,ask,,,11911442
2026-06-29T12:00:42.381819,2026-06-29T02:00:42.869223+00:00,99.5,25,ask,,,11911446
2026-06-29T12:00:42.484298,2026-06-29T02:00:42.978747+00:00,99.5,25,ask,,,11911448
2026-06-29T12:00:42.805511,2026-06-29T02:00:43.297304+00:00,99.9,50,bid,,,11911452
2026-06-29T12:00:44.062135,2026-06-29T02:00:44.551304+00:00,99.4,100,ask,,,11911483
2026-06-29T12:00:44.911687,2026-06-29T02:00:45.398304+00:00,99.4,50,bid,,,11911495
2026-06-29T12:00:45.621358,2026-06-29T02:00:46.112131+00:00,99.6,3,bid,,,11911506
2026-06-29T12:00:45.621358,2026-06-29T02:00:46.112131+00:00,99.7,45,bid,,,11911507
2026-06-29T12:00:45.676048,2026-06-29T02:00:46.167131+00:00,99.2,2,ask,,,11911508
2026-06-29T12:00:45.676048,2026-06-29T02:00:46.167131+00:00,99.2,41,ask,,,11911509
2026-06-29T12:00:47.018122,2026-06-29T02:00:47.509131+00:00,99.6,3,bid,,,11911534
2026-06-29T12:00:47.018122,2026-06-29T02:00:47.509131+00:00,99.7,47,bid,,,11911535
2026-06-29T12:00:48.621049,2026-06-29T02:00:49.111080+00:00,99.9,41,bid,,,11911572
2026-06-29T12:00:49.137621,2026-06-29T02:00:49.628089+00:00,99.9,50,bid,,,11911586
2026-06-29T12:00:50.341851,2026-06-29T02:00:50.838109+00:00,99.7,4,bid,,,11911608
2026-06-29T12:00:50.382462,2026-06-29T02:00:50.871110+00:00,99.7,3,ask,,,11911611
2026-06-29T12:00:50.407326,2026-06-29T02:00:50.893110+00:00,99.7,25,ask,,,11911612
2026-06-29T12:00:50.514932,2026-06-29T02:00:51.003110+00:00,99.7,25,ask,,,11911617
2026-06-29T12:00:50.622032,2026-06-29T02:00:51.113110+00:00,99.7,25,ask,,,11911623
2026-06-29T12:00:50.729411,2026-06-29T02:00:51.223110+00:00,99.8,25,ask,,,11911627
2026-06-29T12:00:50.946899,2026-06-29T02:00:51.432110+00:00,99.8,19,ask,,,11911636
2026-06-29T12:00:51.295052,2026-06-29T02:00:51.784110+00:00,99.8,50,ask,,,11911651
2026-06-29T12:00:51.377020,2026-06-29T02:00:51.861110+00:00,99.8,4,ask,,,11911652
2026-06-29T12:00:51.433821,2026-06-29T02:00:51.927109+00:00,99.8,2,ask,,,11911655
2026-06-29T12:00:53.429889,2026-06-29T02:00:53.917756+00:00,99.7,50,ask,,,11911692
2026-06-29T12:00:55.536492,2026-06-29T02:00:56.029764+00:00,99.5,50,ask,,,11911730
2026-06-29T12:00:55.610928,2026-06-29T02:00:56.095339+00:00,99.5,43,ask,,,11911731
2026-06-29T12:00:56.540102,2026-06-29T02:00:57.030339+00:00,99.5,7,ask,,,11911747
2026-06-29T12:00:56.540102,2026-06-29T02:00:57.030339+00:00,99.1,36,ask,,,11911748
2026-06-29T12:00:57.668289,2026-06-29T02:00:58.152339+00:00,99.1,50,ask,,,11911764
2026-06-29T12:00:59.263676,2026-06-29T02:00:59.746910+00:00,99.4,4,bid,,,11911795
2026-06-29T12:00:59.322147,2026-06-29T02:00:59.812910+00:00,99.4,43,bid,,,11911796
2026-06-29T12:00:59.777296,2026-06-29T02:01:00.263910+00:00,99.1,50,ask,,,11911803
2026-06-29T12:00:59.851924,2026-06-29T02:01:00.340910+00:00,99.6,43,bid,,,11911807
2026-06-29T12:01:00.264207,2026-06-29T02:01:00.747910+00:00,99.3,25,bid,,,11911813
2026-06-29T12:01:00.378362,2026-06-29T02:01:00.868910+00:00,99.3,25,bid,,,11911818
2026-06-29T12:01:00.437124,2026-06-29T02:01:00.923910+00:00,98.9,43,ask,,,11911819
2026-06-29T12:01:00.476041,2026-06-29T02:01:00.967901+00:00,99.3,25,bid,,,11911821
2026-06-29T12:01:00.588496,2026-06-29T02:01:01.077910+00:00,99.3,25,bid,,,11911823
2026-06-29T12:01:01.913362,2026-06-29T02:01:02.397910+00:00,98.9,50,ask,,,11911841
2026-06-29T12:01:03.092253,2026-06-29T02:01:03.585496+00:00,99.0,25,bid,,,11911873
2026-06-29T12:01:03.150215,2026-06-29T02:01:03.640496+00:00,99.0,45,bid,,,11911876
2026-06-29T12:01:03.204171,2026-06-29T02:01:03.695495+00:00,99.0,25,bid,,,11911878
2026-06-29T12:01:03.302971,2026-06-29T02:01:03.794487+00:00,99.0,25,bid,,,11911884
2026-06-29T12:01:03.325927,2026-06-29T02:01:03.816496+00:00,99.0,30,bid,,,11911885
2026-06-29T12:01:04.281717,2026-06-29T02:01:04.773516+00:00,99.0,42,ask,,,11911907
2026-06-29T12:01:05.862450,2026-06-29T02:01:06.346097+00:00,99.0,28,ask,,,11911930
2026-06-29T12:01:06.361264,2026-06-29T02:01:06.852097+00:00,99.5,47,bid,,,11911940
2026-06-29T12:01:08.072598,2026-06-29T02:01:08.556882+00:00,99.1,43,ask,,,11911970
2026-06-29T12:01:10.309293,2026-06-29T02:01:10.800891+00:00,99.3,50,bid,,,11912021
2026-06-29T12:01:10.842054,2026-06-29T02:01:11.328890+00:00,98.9,43,ask,,,11912034
2026-06-29T12:01:14.574165,2026-06-29T02:01:15.057490+00:00,99.0,50,ask,,,11912110
2026-06-29T12:01:15.557244,2026-06-29T02:01:16.047490+00:00,99.2,49,bid,,,11912120
2026-06-29T12:01:23.003156,2026-06-29T02:01:23.490237+00:00,98.8,50,ask,,,11912294
2026-06-29T12:01:24.059713,2026-06-29T02:01:24.546238+00:00,98.8,49,ask,,,11912320
2026-06-29T12:01:25.109662,2026-06-29T02:01:25.602257+00:00,98.8,50,ask,,,11912344
2026-06-29T12:01:25.552468,2026-06-29T02:01:26.042257+00:00,98.8,25,bid,,,11912362
2026-06-29T12:01:25.666478,2026-06-29T02:01:26.151920+00:00,98.8,25,bid,,,11912368
2026-06-29T12:01:25.762148,2026-06-29T02:01:26.250920+00:00,98.8,25,bid,,,11912370
2026-06-29T12:01:25.875582,2026-06-29T02:01:26.360920+00:00,98.8,25,bid,,,11912372
2026-06-29T12:01:25.971999,2026-06-29T02:01:26.459920+00:00,98.9,25,bid,,,11912374
2026-06-29T12:01:26.085615,2026-06-29T02:01:26.569920+00:00,98.9,25,bid,,,11912376
2026-06-29T12:01:26.197484,2026-06-29T02:01:26.690920+00:00,98.9,40,bid,,,11912378
2026-06-29T12:01:26.297223,2026-06-29T02:01:26.789920+00:00,98.9,25,bid,,,11912382
2026-06-29T12:01:26.507337,2026-06-29T02:01:26.998920+00:00,98.9,25,bid,,,11912393
2026-06-29T12:01:26.584560,2026-06-29T02:01:27.075920+00:00,98.9,10,bid,,,11912398
2026-06-29T12:01:27.163877,2026-06-29T02:01:27.647920+00:00,99.3,4,bid,,,11912415
2026-06-29T12:01:28.544891,2026-06-29T02:01:29.033084+00:00,99.0,47,ask,,,11912441
2026-06-29T12:01:31.426276,2026-06-29T02:01:31.913727+00:00,98.9,2,ask,,,11912487
2026-06-29T12:01:31.426276,2026-06-29T02:01:31.913727+00:00,98.8,48,ask,,,11912488
2026-06-29T12:01:31.803408,2026-06-29T02:01:32.287728+00:00,99.2,2,bid,,,11912500
2026-06-29T12:01:33.538425,2026-06-29T02:01:34.025695+00:00,99.0,50,ask,,,11912536
2026-06-29T12:01:37.689977,2026-06-29T02:01:38.181378+00:00,99.2,46,bid,,,11912619
2026-06-29T12:01:38.236739,2026-06-29T02:01:38.719619+00:00,99.2,49,bid,,,11912630
2026-06-29T12:01:39.378536,2026-06-29T02:01:39.874124+00:00,99.0,5,ask,,,11912648
2026-06-29T12:01:39.378536,2026-06-29T02:01:39.874124+00:00,98.8,44,ask,,,11912649
2026-06-29T12:01:41.428236,2026-06-29T02:01:41.920124+00:00,99.2,1,bid,,,11912691
2026-06-29T12:01:41.637429,2026-06-29T02:01:42.129125+00:00,99.2,2,bid,,,11912694
2026-06-29T12:01:41.847863,2026-06-29T02:01:42.337243+00:00,99.2,2,bid,,,11912702
2026-06-29T12:01:41.909791,2026-06-29T02:01:42.403243+00:00,99.4,50,bid,,,11912704
2026-06-29T12:01:43.039617,2026-06-29T02:01:43.522744+00:00,99.2,2,bid,,,11912722
2026-06-29T12:01:43.039617,2026-06-29T02:01:43.533745+00:00,99.4,42,bid,,,11912723
2026-06-29T12:01:44.109111,2026-06-29T02:01:44.600744+00:00,99.1,48,ask,,,11912744
2026-06-29T12:01:46.118773,2026-06-29T02:01:46.602422+00:00,99.3,2,bid,,,11912786
2026-06-29T12:01:46.118773,2026-06-29T02:01:46.613422+00:00,99.3,48,bid,,,11912787
2026-06-29T12:01:48.278628,2026-06-29T02:01:48.768910+00:00,98.9,1,ask,,,11912835
2026-06-29T12:01:48.278628,2026-06-29T02:01:48.768910+00:00,98.9,49,ask,,,11912836
2026-06-29T12:01:48.603997,2026-06-29T02:01:49.087901+00:00,99.4,40,bid,,,11912843
2026-06-29T12:01:49.576211,2026-06-29T02:01:50.066019+00:00,99.0,1,ask,,,11912865
2026-06-29T12:01:49.576211,2026-06-29T02:01:50.066019+00:00,98.9,48,ask,,,11912866
2026-06-29T12:01:50.392608,2026-06-29T02:01:50.890910+00:00,99.0,1,ask,,,11912876
2026-06-29T12:01:50.392608,2026-06-29T02:01:50.890910+00:00,98.9,49,ask,,,11912877
2026-06-29T12:01:51.202725,2026-06-29T02:01:51.693909+00:00,99.3,3,bid,,,11912906
2026-06-29T12:01:51.202725,2026-06-29T02:01:51.693909+00:00,99.4,39,bid,,,11912907
2026-06-29T12:01:51.748931,2026-06-29T02:01:52.232415+00:00,99.0,43,ask,,,11912917
2026-06-29T12:01:54.345651,2026-06-29T02:01:54.837978+00:00,99.1,49,bid,,,11912967
2026-06-29T12:01:55.574397,2026-06-29T02:01:56.058999+00:00,99.1,42,bid,,,11913007
2026-06-29T12:01:56.722636,2026-06-29T02:01:57.213081+00:00,98.8,50,ask,,,11913040
2026-06-29T12:01:58.840372,2026-06-29T02:01:59.324269+00:00,98.9,50,ask,,,11913082
2026-06-29T12:02:00.896118,2026-06-29T02:02:01.381298+00:00,99.1,50,bid,,,11913113
2026-06-29T12:02:01.439919,2026-06-29T02:02:01.931298+00:00,98.9,3,ask,,,11913122
2026-06-29T12:02:01.439919,2026-06-29T02:02:01.931298+00:00,98.7,43,ask,,,11913123
2026-06-29T12:02:03.000727,2026-06-29T02:02:03.491785+00:00,99.1,45,bid,,,11913162
2026-06-29T12:02:03.003459,2026-06-29T02:02:03.491785+00:00,99.1,5,bid,,,11913163
2026-06-29T12:02:03.003459,2026-06-29T02:02:03.491785+00:00,99.2,45,bid,,,11913164
2026-06-29T12:02:05.161492,2026-06-29T02:02:05.647796+00:00,98.9,1,ask,,,11913220
2026-06-29T12:02:05.161492,2026-06-29T02:02:05.647796+00:00,98.8,49,ask,,,11913221
2026-06-29T12:02:10.675994,2026-06-29T02:02:11.168040+00:00,98.8,47,ask,,,11913319
2026-06-29T12:02:11.162158,2026-06-29T02:02:11.652031+00:00,98.9,1,ask,,,11913328
2026-06-29T12:02:11.162158,2026-06-29T02:02:11.652031+00:00,98.8,41,ask,,,11913329
2026-06-29T12:02:11.428526,2026-06-29T02:02:11.916040+00:00,99.3,1,bid,,,11913335
2026-06-29T12:02:11.428526,2026-06-29T02:02:11.916040+00:00,99.3,49,bid,,,11913336
2026-06-29T12:02:13.599060,2026-06-29T02:02:14.092693+00:00,98.9,2,ask,,,11913371
2026-06-29T12:02:13.599060,2026-06-29T02:02:14.092693+00:00,98.8,48,ask,,,11913372
2026-06-29T12:02:15.715013,2026-06-29T02:02:16.204251+00:00,98.8,50,ask,,,11913426
2026-06-29T12:02:18.900788,2026-06-29T02:02:19.390985+00:00,99.0,44,bid,,,11913482
2026-06-29T12:02:19.924276,2026-06-29T02:02:20.413986+00:00,98.7,50,ask,,,11913505
2026-06-29T12:02:22.032997,2026-06-29T02:02:22.524977+00:00,98.8,5,ask,,,11913552
2026-06-29T12:02:22.032997,2026-06-29T02:02:22.524977+00:00,98.6,45,ask,,,11913553
2026-06-29T12:02:24.088794,2026-06-29T02:02:24.580695+00:00,98.9,50,bid,,,11913602
2026-06-29T12:02:24.923710,2026-06-29T02:02:25.416704+00:00,98.9,48,bid,,,11913623
2026-06-29T12:02:26.195739,2026-06-29T02:02:26.680626+00:00,99.0,5,bid,,,11913638
2026-06-29T12:02:26.195739,2026-06-29T02:02:26.691626+00:00,99.0,45,bid,,,11913639
2026-06-29T12:02:26.552400,2026-06-29T02:02:27.043683+00:00,98.8,41,ask,,,11913644
2026-06-29T12:02:27.770364,2026-06-29T02:02:28.264319+00:00,99.0,46,bid,,,11913668
2026-06-29T12:02:27.823491,2026-06-29T02:02:28.319320+00:00,98.8,41,ask,,,11913671
2026-06-29T12:02:28.302967,2026-06-29T02:02:28.792311+00:00,99.0,9,bid,,,11913681
2026-06-29T12:02:28.302967,2026-06-29T02:02:28.792311+00:00,99.3,41,bid,,,11913682
2026-06-29T12:02:28.865640,2026-06-29T02:02:29.353320+00:00,99.0,40,bid,,,11913698
2026-06-29T12:02:28.921270,2026-06-29T02:02:29.408311+00:00,98.7,49,ask,,,11913700
2026-06-29T12:02:30.462612,2026-06-29T02:02:30.948430+00:00,98.7,50,ask,,,11913737
2026-06-29T12:02:32.574100,2026-06-29T02:02:33.058311+00:00,98.7,1,ask,,,11913781
2026-06-29T12:02:32.574100,2026-06-29T02:02:33.069311+00:00,98.5,49,ask,,,11913782
2026-06-29T12:02:32.595046,2026-06-29T02:02:33.080311+00:00,98.5,41,ask,,,11913784
2026-06-29T12:02:34.224770,2026-06-29T02:02:34.708388+00:00,98.8,47,bid,,,11913818
2026-06-29T12:02:35.822496,2026-06-29T02:02:36.313948+00:00,98.6,43,bid,,,11913849
2026-06-29T12:02:36.386282,2026-06-29T02:02:36.874938+00:00,98.6,4,bid,,,11913856
2026-06-29T12:02:36.469637,2026-06-29T02:02:36.962939+00:00,98.2,46,ask,,,11913860
2026-06-29T12:02:36.596507,2026-06-29T02:02:37.083948+00:00,98.6,1,bid,,,11913866
2026-06-29T12:02:38.888524,2026-06-29T02:02:39.380346+00:00,98.2,50,ask,,,11913908
2026-06-29T12:02:38.939700,2026-06-29T02:02:39.424346+00:00,98.2,49,ask,,,11913909
2026-06-29T12:02:42.624962,2026-06-29T02:02:43.108551+00:00,98.3,46,bid,,,11913999
2026-06-29T12:02:43.050412,2026-06-29T02:02:43.536553+00:00,98.3,50,bid,,,11914011
2026-06-29T12:02:45.156442,2026-06-29T02:02:45.647191+00:00,98.8,50,bid,,,11914033
2026-06-29T12:02:47.265327,2026-06-29T02:02:47.757755+00:00,98.6,3,bid,,,11914072
2026-06-29T12:02:48.274634,2026-06-29T02:02:48.768290+00:00,99.0,44,bid,,,11914095
2026-06-29T12:02:49.384646,2026-06-29T02:02:49.868291+00:00,98.5,41,ask,,,11914107
2026-06-29T12:02:49.426228,2026-06-29T02:02:49.912291+00:00,98.5,50,ask,,,11914108
2026-06-29T12:02:49.917759,2026-06-29T02:02:50.406401+00:00,98.5,48,ask,,,11914121
2026-06-29T12:02:50.602083,2026-06-29T02:02:51.088282+00:00,98.5,100,ask,,,11914131
2026-06-29T12:02:51.482209,2026-06-29T02:02:51.968290+00:00,98.3,50,bid,,,11914144
2026-06-29T12:02:52.976696,2026-06-29T02:02:53.463302+00:00,98.5,43,bid,,,11914162
2026-06-29T12:02:53.470340,2026-06-29T02:02:53.958302+00:00,98.5,46,bid,,,11914171
2026-06-29T12:02:53.589999,2026-06-29T02:02:54.079302+00:00,98.5,11,bid,,,11914175
2026-06-29T12:02:55.706665,2026-06-29T02:02:56.200355+00:00,98.7,50,bid,,,11914215
2026-06-29T12:02:56.591254,2026-06-29T02:02:57.079888+00:00,98.4,49,ask,,,11914225
2026-06-29T12:02:57.814352,2026-06-29T02:02:58.300108+00:00,98.7,50,bid,,,11914243
2026-06-29T12:02:57.954139,2026-06-29T02:02:58.443108+00:00,98.4,40,ask,,,11914246
2026-06-29T12:02:58.435932,2026-06-29T02:02:58.927108+00:00,98.7,46,bid,,,11914255
2026-06-29T12:02:59.115996,2026-06-29T02:02:59.609108+00:00,98.7,43,bid,,,11914268
2026-06-29T12:02:59.927467,2026-06-29T02:03:00.423117+00:00,98.7,11,bid,,,11914279
2026-06-29T12:02:59.927467,2026-06-29T02:03:00.423117+00:00,98.9,39,bid,,,11914280
2026-06-29T12:03:00.046432,2026-06-29T02:03:00.533117+00:00,98.7,25,ask,,,11914286
2026-06-29T12:03:00.079652,2026-06-29T02:03:00.566117+00:00,98.7,25,ask,,,11914290
2026-06-29T12:03:00.256381,2026-06-29T02:03:00.742117+00:00,98.7,25,ask,,,11914299
2026-06-29T12:03:00.288504,2026-06-29T02:03:00.775117+00:00,98.7,25,ask,,,11914304
2026-06-29T12:03:00.465703,2026-06-29T02:03:00.951117+00:00,98.7,25,ask,,,11914308
2026-06-29T12:03:00.496869,2026-06-29T02:03:00.984117+00:00,98.7,25,ask,,,11914310
2026-06-29T12:03:02.039952,2026-06-29T02:03:02.524137+00:00,98.8,50,bid,,,11914326
2026-06-29T12:03:02.728795,2026-06-29T02:03:03.217128+00:00,98.3,1,ask,,,11914336
2026-06-29T12:03:02.728795,2026-06-29T02:03:03.217128+00:00,98.3,39,ask,,,11914337
2026-06-29T12:03:03.204277,2026-06-29T02:03:03.689621+00:00,98.7,5,bid,,,11914348
2026-06-29T12:03:03.204277,2026-06-29T02:03:03.689621+00:00,98.8,38,bid,,,11914349
2026-06-29T12:03:04.150073,2026-06-29T02:03:04.635237+00:00,98.8,50,bid,,,11914366
2026-06-29T12:03:04.317544,2026-06-29T02:03:04.811236+00:00,98.7,4,bid,,,11914370
2026-06-29T12:03:04.322331,2026-06-29T02:03:04.811236+00:00,98.8,2,bid,,,11914371
2026-06-29T12:03:04.484813,2026-06-29T02:03:04.976236+00:00,98.7,4,bid,,,11914375
2026-06-29T12:03:04.527322,2026-06-29T02:03:05.020236+00:00,98.8,2,bid,,,11914377
2026-06-29T12:03:04.693712,2026-06-29T02:03:05.185227+00:00,98.7,3,bid,,,11914384
2026-06-29T12:03:04.749680,2026-06-29T02:03:05.240228+00:00,98.8,2,bid,,,11914385
2026-06-29T12:03:04.957144,2026-06-29T02:03:05.449228+00:00,98.8,2,bid,,,11914393
2026-06-29T12:03:05.162997,2026-06-29T02:03:05.658237+00:00,98.8,2,bid,,,11914394
2026-06-29T12:03:05.380764,2026-06-29T02:03:05.878237+00:00,98.8,2,bid,,,11914400
2026-06-29T12:03:05.996733,2026-06-29T02:03:06.482785+00:00,98.8,2,bid,,,11914415
2026-06-29T12:03:06.201479,2026-06-29T02:03:06.691784+00:00,98.8,2,bid,,,11914421
2026-06-29T12:03:06.257296,2026-06-29T02:03:06.746784+00:00,98.8,50,bid,,,11914424
2026-06-29T12:03:06.928710,2026-06-29T02:03:07.417784+00:00,99.0,46,ask,,,11914438
2026-06-29T12:03:07.613681,2026-06-29T02:03:08.099784+00:00,99.0,25,ask,,,11914446
2026-06-29T12:03:07.704268,2026-06-29T02:03:08.198784+00:00,99.0,25,ask,,,11914451
2026-06-29T12:03:07.823096,2026-06-29T02:03:08.308304+00:00,99.0,25,ask,,,11914454
2026-06-29T12:03:07.912591,2026-06-29T02:03:08.407304+00:00,99.0,25,ask,,,11914456
2026-06-29T12:03:08.033080,2026-06-29T02:03:08.517305+00:00,99.0,4,ask,,,11914461
2026-06-29T12:03:08.415008,2026-06-29T02:03:08.902313+00:00,98.8,50,ask,,,11914468
2026-06-29T12:03:08.661659,2026-06-29T02:03:09.155313+00:00,98.8,2,ask,,,11914473
2026-06-29T12:03:08.868486,2026-06-29T02:03:09.352818+00:00,98.8,2,ask,,,11914474
2026-06-29T12:03:09.075249,2026-06-29T02:03:09.561827+00:00,98.8,2,ask,,,11914480
2026-06-29T12:03:09.279632,2026-06-29T02:03:09.770827+00:00,98.8,2,ask,,,11914488
2026-06-29T12:03:09.484396,2026-06-29T02:03:09.968827+00:00,98.8,2,ask,,,11914494
2026-06-29T12:03:09.565410,2026-06-29T02:03:10.056827+00:00,98.8,40,ask,,,11914497
2026-06-29T12:03:09.565410,2026-06-29T02:03:10.056827+00:00,98.6,5,ask,,,11914498
2026-06-29T12:03:09.695125,2026-06-29T02:03:10.188827+00:00,98.6,25,bid,,,11914501
2026-06-29T12:03:09.734084,2026-06-29T02:03:10.221827+00:00,98.6,25,bid,,,11914504
2026-06-29T12:03:09.908037,2026-06-29T02:03:10.396937+00:00,98.6,25,bid,,,11914507
2026-06-29T12:03:09.937395,2026-06-29T02:03:10.429937+00:00,98.6,30,bid,,,11914509
2026-06-29T12:03:10.519778,2026-06-29T02:03:11.012937+00:00,98.5,4,ask,,,11914527
2026-06-29T12:03:10.519778,2026-06-29T02:03:11.012937+00:00,98.3,46,ask,,,11914528
2026-06-29T12:03:12.636920,2026-06-29T02:03:13.134848+00:00,98.3,50,ask,,,11914579
2026-06-29T12:03:13.139375,2026-06-29T02:03:13.628503+00:00,98.6,100,ask,,,11914583
2026-06-29T12:03:14.246279,2026-06-29T02:03:14.739512+00:00,98.6,47,ask,,,11914609
2026-06-29T12:03:14.742750,2026-06-29T02:03:15.234512+00:00,98.6,3,ask,,,11914621
2026-06-29T12:03:14.742750,2026-06-29T02:03:15.234512+00:00,97.9,47,ask,,,11914622
2026-06-29T12:03:15.904557,2026-06-29T02:03:16.388591+00:00,98.5,1,ask,,,11914639
2026-06-29T12:03:15.937889,2026-06-29T02:03:16.421592+00:00,98.5,25,bid,,,11914641
2026-06-29T12:03:16.051659,2026-06-29T02:03:16.542591+00:00,98.5,1,bid,,,11914643
2026-06-29T12:03:16.053846,2026-06-29T02:03:16.542591+00:00,98.5,25,bid,,,11914644
2026-06-29T12:03:16.146423,2026-06-29T02:03:16.630592+00:00,98.5,25,bid,,,11914646
2026-06-29T12:03:16.173642,2026-06-29T02:03:16.663600+00:00,98.5,1,bid,,,11914647
2026-06-29T12:03:16.872518,2026-06-29T02:03:17.356601+00:00,98.1,50,ask,,,11914667
2026-06-29T12:03:16.882203,2026-06-29T02:03:17.367600+00:00,98.5,25,bid,,,11914669
2026-06-29T12:03:16.955750,2026-06-29T02:03:17.444592+00:00,98.5,19,bid,,,11914672
2026-06-29T12:03:17.092164,2026-06-29T02:03:17.576591+00:00,98.5,25,bid,,,11914676
2026-06-29T12:03:17.302300,2026-06-29T02:03:17.796600+00:00,98.5,3,bid,,,11914683
2026-06-29T12:03:18.982406,2026-06-29T02:03:19.478437+00:00,98.4,1,ask,,,11914712
2026-06-29T12:03:18.982406,2026-06-29T02:03:19.478437+00:00,98.1,49,ask,,,11914713
2026-06-29T12:03:19.011831,2026-06-29T02:03:19.500437+00:00,98.6,100,bid,,,11914714
2026-06-29T12:03:19.463189,2026-06-29T02:03:19.951437+00:00,98.7,50,ask,,,11914725
2026-06-29T12:03:20.259660,2026-06-29T02:03:20.753429+00:00,98.7,44,bid,,,11914733
2026-06-29T12:03:21.095967,2026-06-29T02:03:21.589428+00:00,98.4,1,ask,,,11914743
2026-06-29T12:03:21.095967,2026-06-29T02:03:21.589428+00:00,98.2,49,ask,,,11914744
2026-06-29T12:03:23.203325,2026-06-29T02:03:23.687902+00:00,98.4,1,ask,,,11914797
2026-06-29T12:03:23.203325,2026-06-29T02:03:23.687902+00:00,98.3,49,ask,,,11914798
2026-06-29T12:03:23.848287,2026-06-29T02:03:24.336902+00:00,98.3,40,ask,,,11914807
2026-06-29T12:03:24.497599,2026-06-29T02:03:24.985902+00:00,98.3,11,ask,,,11914815
2026-06-29T12:03:25.052052,2026-06-29T02:03:25.535893+00:00,98.6,42,bid,,,11914827
2026-06-29T12:03:26.166123,2026-06-29T02:03:26.657479+00:00,98.3,41,ask,,,11914851
2026-06-29T12:03:27.414586,2026-06-29T02:03:27.900597+00:00,98.3,50,ask,,,11914862
2026-06-29T12:03:29.520576,2026-06-29T02:03:30.010870+00:00,98.1,50,ask,,,11914909
2026-06-29T12:03:31.627898,2026-06-29T02:03:32.122871+00:00,98.3,4,ask,,,11914950
2026-06-29T12:03:31.627898,2026-06-29T02:03:32.122871+00:00,98.1,46,ask,,,11914951
2026-06-29T12:03:31.903525,2026-06-29T02:03:32.397870+00:00,98.3,3,bid,,,11914955
2026-06-29T12:03:33.735533,2026-06-29T02:03:34.222414+00:00,97.9,50,ask,,,11914991
2026-06-29T12:03:35.845059,2026-06-29T02:03:36.333983+00:00,97.9,50,ask,,,11915030
2026-06-29T12:03:36.426843,2026-06-29T02:03:36.916995+00:00,98.4,43,bid,,,11915045
2026-06-29T12:03:40.007115,2026-06-29T02:03:40.501476+00:00,98.4,50,bid,,,11915106
2026-06-29T12:03:42.124865,2026-06-29T02:03:42.623991+00:00,98.1,50,bid,,,11915150
2026-06-29T12:03:44.230522,2026-06-29T02:03:44.724114+00:00,98.1,50,bid,,,11915186
2026-06-29T12:03:44.364413,2026-06-29T02:03:44.856105+00:00,98.4,1,bid,,,11915193
2026-06-29T12:03:44.770692,2026-06-29T02:03:45.263114+00:00,98.4,4,bid,,,11915213
2026-06-29T12:03:44.770692,2026-06-29T02:03:45.263114+00:00,98.4,44,bid,,,11915214
2026-06-29T12:03:47.582142,2026-06-29T02:03:48.067799+00:00,98.4,3,bid,,,11915263
2026-06-29T12:03:47.823437,2026-06-29T02:03:48.309327+00:00,98.3,43,ask,,,11915266
2026-06-29T12:03:50.076555,2026-06-29T02:03:50.564336+00:00,98.3,40,ask,,,11915310
2026-06-29T12:03:50.714845,2026-06-29T02:03:51.202336+00:00,98.2,100,ask,,,11915314
2026-06-29T12:03:51.170893,2026-06-29T02:03:51.664336+00:00,98.2,42,bid,,,11915327
2026-06-29T12:03:51.198103,2026-06-29T02:03:51.686336+00:00,98.2,8,bid,,,11915329
2026-06-29T12:03:52.697718,2026-06-29T02:03:53.192327+00:00,98.1,5,ask,,,11915352
2026-06-29T12:03:53.824745,2026-06-29T02:03:54.313401+00:00,98.3,100,bid,,,11915381
2026-06-29T12:03:53.824745,2026-06-29T02:03:54.313401+00:00,98.4,1,bid,,,11915382
2026-06-29T12:03:54.805484,2026-06-29T02:03:55.293400+00:00,98.5,49,ask,,,11915395
2026-06-29T12:03:54.805484,2026-06-29T02:03:55.293400+00:00,98.1,1,ask,,,11915396
2026-06-29T12:03:56.872442,2026-06-29T02:03:57.360933+00:00,98.6,50,bid,,,11915433
2026-06-29T12:03:58.698800,2026-06-29T02:03:59.185007+00:00,98.3,44,ask,,,11915462
2026-06-29T12:03:58.979065,2026-06-29T02:03:59.471007+00:00,98.4,50,bid,,,11915468
2026-06-29T12:03:59.689988,2026-06-29T02:04:00.174999+00:00,98.4,49,bid,,,11915486
2026-06-29T12:04:00.883928,2026-06-29T02:04:01.374007+00:00,98.2,42,ask,,,11915517
2026-06-29T12:04:01.086103,2026-06-29T02:04:01.583007+00:00,98.6,50,bid,,,11915519
2026-06-29T12:04:02.229590,2026-06-29T02:04:02.716015+00:00,98.5,3,bid,,,11915536
2026-06-29T12:04:03.190952,2026-06-29T02:04:03.684110+00:00,98.5,3,bid,,,11915558
2026-06-29T12:04:03.190952,2026-06-29T02:04:03.684110+00:00,98.6,47,bid,,,11915559
2026-06-29T12:04:03.292238,2026-06-29T02:04:03.783110+00:00,98.6,3,bid,,,11915561
2026-06-29T12:04:03.872856,2026-06-29T02:04:04.366111+00:00,98.4,49,ask,,,11915575
2026-06-29T12:04:04.837489,2026-06-29T02:04:05.334131+00:00,98.5,45,bid,,,11915603
2026-06-29T12:04:05.356199,2026-06-29T02:04:05.851131+00:00,98.4,50,ask,,,11915617
2026-06-29T12:04:05.455292,2026-06-29T02:04:05.950140+00:00,98.4,1,ask,,,11915620
2026-06-29T12:04:07.462910,2026-06-29T02:04:07.951212+00:00,98.2,50,ask,,,11915648
2026-06-29T12:04:08.208760,2026-06-29T02:04:08.697743+00:00,98.7,43,bid,,,11915668
2026-06-29T12:04:09.587385,2026-06-29T02:04:10.083743+00:00,98.2,50,ask,,,11915685
2026-06-29T12:04:10.289153,2026-06-29T02:04:10.776744+00:00,98.2,49,ask,,,11915708
2026-06-29T12:04:11.693802,2026-06-29T02:04:12.184734+00:00,98.2,50,ask,,,11915748
2026-06-29T12:04:11.915582,2026-06-29T02:04:12.404734+00:00,98.2,43,ask,,,11915756
2026-06-29T12:04:12.850789,2026-06-29T02:04:13.339331+00:00,98.1,2,ask,,,11915781
2026-06-29T12:04:12.850789,2026-06-29T02:04:13.339331+00:00,97.9,100,ask,,,11915782
2026-06-29T12:04:13.060339,2026-06-29T02:04:13.548341+00:00,97.9,4,bid,,,11915785
2026-06-29T12:04:13.897779,2026-06-29T02:04:14.384331+00:00,97.9,4,bid,,,11915794
2026-06-29T12:04:13.997127,2026-06-29T02:04:14.483331+00:00,97.9,4,bid,,,11915796
2026-06-29T12:04:14.070945,2026-06-29T02:04:14.560331+00:00,97.9,4,bid,,,11915797
2026-06-29T12:04:15.859147,2026-06-29T02:04:16.352903+00:00,97.9,32,bid,,,11915841
2026-06-29T12:04:15.859147,2026-06-29T02:04:16.352903+00:00,97.9,18,bid,,,11915842
2026-06-29T12:04:15.963275,2026-06-29T02:04:16.451903+00:00,97.9,82,bid,,,11915845
2026-06-29T12:04:16.715567,2026-06-29T02:04:17.199912+00:00,98.3,4,bid,,,11915853
2026-06-29T12:04:16.715567,2026-06-29T02:04:17.210912+00:00,98.4,39,bid,,,11915854
2026-06-29T12:04:18.043273,2026-06-29T02:04:18.531029+00:00,98.1,50,ask,,,11915879
2026-06-29T12:04:20.097569,2026-06-29T02:04:20.588039+00:00,98.1,50,bid,,,11915922
2026-06-29T12:04:21.190681,2026-06-29T02:04:21.676572+00:00,98.1,47,bid,,,11915940
2026-06-29T12:04:21.752103,2026-06-29T02:04:22.237572+00:00,98.1,42,bid,,,11915957
2026-06-29T12:04:22.210903,2026-06-29T02:04:22.699562+00:00,98.1,11,bid,,,11915963
2026-06-29T12:04:22.210903,2026-06-29T02:04:22.699562+00:00,98.3,5,bid,,,11915964
2026-06-29T12:04:22.210903,2026-06-29T02:04:22.699562+00:00,98.4,34,bid,,,11915965
2026-06-29T12:04:22.327773,2026-06-29T02:04:22.820563+00:00,98.3,5,ask,,,11915970
2026-06-29T12:04:24.069231,2026-06-29T02:04:24.557911+00:00,98.3,5,ask,,,11916003
2026-06-29T12:04:24.371526,2026-06-29T02:04:24.865920+00:00,98.3,50,ask,,,11916015
2026-06-29T12:04:26.478669,2026-06-29T02:04:26.965960+00:00,98.1,50,ask,,,11916055
2026-06-29T12:04:27.384192,2026-06-29T02:04:27.878960+00:00,98.1,45,ask,,,11916067
2026-06-29T12:04:28.428501,2026-06-29T02:04:28.912227+00:00,98.4,4,bid,,,11916095
2026-06-29T12:04:28.428501,2026-06-29T02:04:28.923227+00:00,98.6,39,bid,,,11916096
2026-06-29T12:04:28.483665,2026-06-29T02:04:28.978227+00:00,98.1,45,ask,,,11916099
2026-06-29T12:04:28.663214,2026-06-29T02:04:29.154227+00:00,98.1,100,ask,,,11916102
2026-06-29T12:04:30.635372,2026-06-29T02:04:31.123226+00:00,98.1,50,bid,,,11916142
2026-06-29T12:04:31.617132,2026-06-29T02:04:32.102126+00:00,98.3,44,bid,,,11916179
2026-06-29T12:04:31.772664,2026-06-29T02:04:32.267133+00:00,98.3,56,bid,,,11916186
2026-06-29T12:04:32.793527,2026-06-29T02:04:33.279211+00:00,98.5,50,ask,,,11916212
2026-06-29T12:04:34.690086,2026-06-29T02:04:35.181726+00:00,98.5,44,ask,,,11916250
2026-06-29T12:04:34.690086,2026-06-29T02:04:35.181726+00:00,98.4,1,ask,,,11916251
2026-06-29T12:04:34.920523,2026-06-29T02:04:35.412726+00:00,98.4,50,ask,,,11916252
2026-06-29T12:04:34.985504,2026-06-29T02:04:35.478735+00:00,98.4,49,ask,,,11916255
2026-06-29T12:04:35.822847,2026-06-29T02:04:36.314241+00:00,98.2,5,bid,,,11916283
2026-06-29T12:04:36.321292,2026-06-29T02:04:36.809232+00:00,98.2,43,bid,,,11916289
2026-06-29T12:04:37.378672,2026-06-29T02:04:37.865232+00:00,98.1,4,ask,,,11916302
2026-06-29T12:04:37.378672,2026-06-29T02:04:37.876231+00:00,97.9,38,ask,,,11916303
2026-06-29T12:04:38.019793,2026-06-29T02:04:38.513553+00:00,98.2,42,bid,,,11916313
2026-06-29T12:04:39.079844,2026-06-29T02:04:39.569077+00:00,98.7,50,bid,,,11916341
2026-06-29T12:04:41.190063,2026-06-29T02:04:41.680068+00:00,98.7,50,bid,,,11916377
2026-06-29T12:04:41.255975,2026-06-29T02:04:41.745247+00:00,98.7,100,bid,,,11916382
2026-06-29T12:04:41.748589,2026-06-29T02:04:42.240247+00:00,98.9,50,ask,,,11916392
2026-06-29T12:04:45.451016,2026-06-29T02:04:45.943996+00:00,98.5,50,ask,,,11916466
2026-06-29T12:04:47.416328,2026-06-29T02:04:47.901542+00:00,98.5,42,ask,,,11916504
2026-06-29T12:04:47.629616,2026-06-29T02:04:48.131542+00:00,98.4,100,ask,,,11916505
2026-06-29T12:04:48.570936,2026-06-29T02:04:49.055380+00:00,98.4,46,bid,,,11916521
2026-06-29T12:04:49.610896,2026-06-29T02:04:50.100371+00:00,98.4,4,bid,,,11916544
2026-06-29T12:04:51.718068,2026-06-29T02:04:52.211894+00:00,98.6,1,bid,,,11916594
2026-06-29T12:04:51.718068,2026-06-29T02:04:52.211894+00:00,98.6,49,bid,,,11916595
2026-06-29T12:04:52.608786,2026-06-29T02:04:53.102885+00:00,98.5,46,ask,,,11916615
2026-06-29T12:04:53.824650,2026-06-29T02:04:54.313007+00:00,98.6,50,bid,,,11916641
2026-06-29T12:04:54.181839,2026-06-29T02:04:54.676007+00:00,98.6,1,bid,,,11916655
2026-06-29T12:04:55.150934,2026-06-29T02:04:55.644007+00:00,98.4,48,ask,,,11916683
2026-06-29T12:04:58.040195,2026-06-29T02:04:58.534681+00:00,98.6,50,bid,,,11916736
2026-06-29T12:05:00.145066,2026-06-29T02:05:00.635681+00:00,98.6,50,bid,,,11916775
2026-06-29T12:05:01.376977,2026-06-29T02:05:01.867681+00:00,98.9,42,bid,,,11916804
2026-06-29T12:05:02.260160,2026-06-29T02:05:02.758701+00:00,98.9,50,bid,,,11916817
2026-06-29T12:05:04.372380,2026-06-29T02:05:04.858758+00:00,99.1,50,bid,,,11916855
2026-06-29T12:05:12.885935,2026-06-29T02:05:13.369840+00:00,98.4,50,ask,,,11917012
2026-06-29T12:05:15.012940,2026-06-29T02:05:15.503363+00:00,98.4,50,ask,,,11917051
2026-06-29T12:05:17.120166,2026-06-29T02:05:17.613502+00:00,98.6,50,ask,,,11917083
2026-06-29T12:05:17.481385,2026-06-29T02:05:17.976502+00:00,98.6,47,ask,,,11917093
2026-06-29T12:05:19.175881,2026-06-29T02:05:19.670682+00:00,98.8,2,bid,,,11917126
2026-06-29T12:05:19.175881,2026-06-29T02:05:19.670682+00:00,99.1,48,bid,,,11917127
2026-06-29T12:05:19.566448,2026-06-29T02:05:20.055726+00:00,99.1,40,bid,,,11917134
2026-06-29T12:05:21.335787,2026-06-29T02:05:21.825607+00:00,98.7,50,ask,,,11917172
2026-06-29T12:05:21.659471,2026-06-29T02:05:22.144608+00:00,98.7,49,ask,,,11917182
2026-06-29T12:05:23.305280,2026-06-29T02:05:23.793770+00:00,99.0,49,bid,,,11917212
2026-06-29T12:05:23.444054,2026-06-29T02:05:23.936770+00:00,98.7,50,ask,,,11917216
2026-06-29T12:05:23.817307,2026-06-29T02:05:24.310770+00:00,98.7,41,ask,,,11917221
2026-06-29T12:05:24.921375,2026-06-29T02:05:25.410323+00:00,98.9,2,bid,,,11917251
2026-06-29T12:05:24.921375,2026-06-29T02:05:25.410323+00:00,99.0,41,bid,,,11917252
2026-06-29T12:05:25.500105,2026-06-29T02:05:25.993442+00:00,99.0,10,bid,,,11917261
2026-06-29T12:05:26.858835,2026-06-29T02:05:27.346108+00:00,98.8,49,bid,,,11917289
2026-06-29T12:05:27.608116,2026-06-29T02:05:28.094099+00:00,98.8,50,bid,,,11917301
2026-06-29T12:05:29.732178,2026-06-29T02:05:30.226866+00:00,98.9,5,bid,,,11917349
2026-06-29T12:05:29.732178,2026-06-29T02:05:30.226866+00:00,99.3,45,bid,,,11917350
2026-06-29T12:05:31.841037,2026-06-29T02:05:32.327866+00:00,99.3,50,bid,,,11917393
2026-06-29T12:05:32.389577,2026-06-29T02:05:32.877857+00:00,98.9,46,ask,,,11917412
2026-06-29T12:05:33.971704,2026-06-29T02:05:34.460383+00:00,99.0,5,bid,,,11917453
2026-06-29T12:05:33.971704,2026-06-29T02:05:34.460383+00:00,99.4,45,bid,,,11917454
2026-06-29T12:05:33.976769,2026-06-29T02:05:34.471383+00:00,98.9,45,ask,,,11917455
2026-06-29T12:05:36.078584,2026-06-29T02:05:36.571051+00:00,99.1,5,bid,,,11917497
2026-06-29T12:05:36.078584,2026-06-29T02:05:36.571051+00:00,99.4,45,bid,,,11917498
2026-06-29T12:05:37.629630,2026-06-29T02:05:38.122190+00:00,99.4,47,bid,,,11917522
2026-06-29T12:05:38.205826,2026-06-29T02:05:38.693430+00:00,99.5,50,bid,,,11917529
2026-06-29T12:05:38.235228,2026-06-29T02:05:38.726430+00:00,99.5,47,bid,,,11917531
2026-06-29T12:05:39.887197,2026-06-29T02:05:40.376548+00:00,99.6,25,ask,,,11917553
2026-06-29T12:05:40.021450,2026-06-29T02:05:40.508549+00:00,99.6,25,ask,,,11917556
2026-06-29T12:05:40.097294,2026-06-29T02:05:40.585549+00:00,99.6,25,ask,,,11917558
2026-06-29T12:05:40.238466,2026-06-29T02:05:40.728430+00:00,99.6,25,ask,,,11917563
2026-06-29T12:05:40.311843,2026-06-29T02:05:40.805429+00:00,99.9,50,bid,,,11917567
2026-06-29T12:05:41.453080,2026-06-29T02:05:41.938439+00:00,99.5,22,ask,,,11917582
2026-06-29T12:05:42.427370,2026-06-29T02:05:42.917439+00:00,99.5,50,bid,,,11917597
2026-06-29T12:05:44.516207,2026-06-29T02:05:45.005630+00:00,99.5,50,bid,,,11917638
2026-06-29T12:05:44.533922,2026-06-29T02:05:45.027630+00:00,99.8,6,bid,,,11917639
2026-06-29T12:05:45.116071,2026-06-29T02:05:45.610630+00:00,99.5,25,ask,,,11917659
2026-06-29T12:05:45.268379,2026-06-29T02:05:45.753630+00:00,99.5,25,ask,,,11917664
2026-06-29T12:05:45.325448,2026-06-29T02:05:45.819630+00:00,99.5,25,ask,,,11917668
2026-06-29T12:05:45.476979,2026-06-29T02:05:45.962622+00:00,99.5,25,ask,,,11917670
2026-06-29T12:05:46.640186,2026-06-29T02:05:47.128182+00:00,99.9,50,bid,,,11917688
2026-06-29T12:05:47.743317,2026-06-29T02:05:48.228182+00:00,99.4,100,ask,,,11917713
2026-06-29T12:05:48.749824,2026-06-29T02:05:49.238730+00:00,99.3,50,bid,,,11917723
2026-06-29T12:05:50.853071,2026-06-29T02:05:51.339235+00:00,99.5,43,ask,,,11917765
2026-06-29T12:05:51.884806,2026-06-29T02:05:52.373244+00:00,99.5,46,ask,,,11917777
2026-06-29T12:05:53.016792,2026-06-29T02:05:53.504935+00:00,99.5,50,ask,,,11917808
2026-06-29T12:05:54.926453,2026-06-29T02:05:55.428560+00:00,99.5,41,bid,,,11917842
2026-06-29T12:05:55.121590,2026-06-29T02:05:55.615560+00:00,99.4,3,ask,,,11917849
2026-06-29T12:05:55.121590,2026-06-29T02:05:55.615560+00:00,99.3,47,ask,,,11917850
2026-06-29T12:05:56.910174,2026-06-29T02:05:57.394598+00:00,99.5,25,bid,,,11917897
2026-06-29T12:05:56.963232,2026-06-29T02:05:57.449598+00:00,99.5,25,bid,,,11917900
2026-06-29T12:05:57.120611,2026-06-29T02:05:57.614597+00:00,99.5,25,bid,,,11917904
2026-06-29T12:05:57.233190,2026-06-29T02:05:57.724598+00:00,99.7,50,ask,,,11917905
2026-06-29T12:05:59.343799,2026-06-29T02:05:59.836070+00:00,99.7,50,ask,,,11917947
2026-06-29T12:06:00.509122,2026-06-29T02:06:01.002082+00:00,99.4,5,ask,,,11917965
2026-06-29T12:06:00.509122,2026-06-29T02:06:01.002082+00:00,99.4,41,ask,,,11917966
2026-06-29T12:06:01.450344,2026-06-29T02:06:01.937091+00:00,99.4,5,ask,,,11917984
2026-06-29T12:06:01.450344,2026-06-29T02:06:01.937091+00:00,99.2,45,ask,,,11917985
2026-06-29T12:06:06.539219,2026-06-29T02:06:07.028861+00:00,99.5,47,bid,,,11918084
2026-06-29T12:06:07.176601,2026-06-29T02:06:07.666265+00:00,99.5,43,bid,,,11918093
2026-06-29T12:06:07.548324,2026-06-29T02:06:08.040265+00:00,99.5,25,bid,,,11918109
2026-06-29T12:06:07.591687,2026-06-29T02:06:08.084256+00:00,99.5,25,bid,,,11918111
2026-06-29T12:06:07.712513,2026-06-29T02:06:08.205256+00:00,99.5,50,bid,,,11918113
2026-06-29T12:06:07.760535,2026-06-29T02:06:08.248780+00:00,99.5,7,bid,,,11918117
2026-06-29T12:06:09.590912,2026-06-29T02:06:10.085798+00:00,99.4,4,ask,,,11918133
2026-06-29T12:06:09.590912,2026-06-29T02:06:10.085798+00:00,99.1,39,ask,,,11918134
2026-06-29T12:06:09.820195,2026-06-29T02:06:10.305809+00:00,99.6,50,bid,,,11918136
2026-06-29T12:06:09.844267,2026-06-29T02:06:10.338809+00:00,99.6,50,bid,,,11918137
2026-06-29T12:06:09.968983,2026-06-29T02:06:10.459818+00:00,99.7,25,ask,,,11918141
2026-06-29T12:06:10.005796,2026-06-29T02:06:10.492818+00:00,99.7,25,ask,,,11918146
2026-06-29T12:06:10.177679,2026-06-29T02:06:10.668818+00:00,99.7,25,ask,,,11918149
2026-06-29T12:06:10.218316,2026-06-29T02:06:10.712818+00:00,99.7,25,ask,,,11918152
2026-06-29T12:06:11.929565,2026-06-29T02:06:12.417809+00:00,99.6,2,bid,,,11918193
2026-06-29T12:06:11.929565,2026-06-29T02:06:12.417809+00:00,99.8,48,bid,,,11918194
2026-06-29T12:06:14.125724,2026-06-29T02:06:14.618917+00:00,99.5,40,ask,,,11918236
2026-06-29T12:06:14.722791,2026-06-29T02:06:15.212908+00:00,99.7,41,bid,,,11918240
2026-06-29T12:06:16.140582,2026-06-29T02:06:16.631937+00:00,99.6,1,bid,,,11918273
2026-06-29T12:06:16.140582,2026-06-29T02:06:16.631937+00:00,100.0,49,bid,,,11918274
2026-06-29T12:06:18.247936,2026-06-29T02:06:18.742483+00:00,99.8,50,bid,,,11918315
2026-06-29T12:06:18.825232,2026-06-29T02:06:19.314474+00:00,99.4,41,ask,,,11918326
2026-06-29T12:06:19.872637,2026-06-29T02:06:20.359487+00:00,99.6,6,bid,,,11918342
2026-06-29T12:06:19.872637,2026-06-29T02:06:20.359487+00:00,99.6,42,bid,,,11918343
2026-06-29T12:06:20.355545,2026-06-29T02:06:20.843496+00:00,99.6,50,bid,,,11918359
2026-06-29T12:06:20.901397,2026-06-29T02:06:21.393486+00:00,99.3,45,ask,,,11918373
2026-06-29T12:06:21.612437,2026-06-29T02:06:22.097496+00:00,99.6,8,bid,,,11918389
2026-06-29T12:06:22.231166,2026-06-29T02:06:22.724496+00:00,99.8,40,bid,,,11918399
2026-06-29T12:06:23.185807,2026-06-29T02:06:23.681610+00:00,99.8,41,ask,,,11918414
2026-06-29T12:06:23.736854,2026-06-29T02:06:24.231610+00:00,99.8,42,ask,,,11918429
2026-06-29T12:06:26.343950,2026-06-29T02:06:26.837026+00:00,100.2,41,bid,,,11918479
2026-06-29T12:06:26.726205,2026-06-29T02:06:27.211026+00:00,99.7,50,ask,,,11918483
2026-06-29T12:06:28.833458,2026-06-29T02:06:29.319956+00:00,99.7,50,ask,,,11918521
2026-06-29T12:06:30.072257,2026-06-29T02:06:30.562947+00:00,100.0,48,bid,,,11918535
2026-06-29T12:06:30.623606,2026-06-29T02:06:31.112066+00:00,99.7,44,ask,,,11918542
2026-06-29T12:06:30.939919,2026-06-29T02:06:31.430956+00:00,99.7,50,ask,,,11918549
2026-06-29T12:06:32.342268,2026-06-29T02:06:32.827585+00:00,99.7,25,bid,,,11918575
2026-06-29T12:06:32.411660,2026-06-29T02:06:32.904584+00:00,99.7,100,bid,,,11918576
2026-06-29T12:06:32.414929,2026-06-29T02:06:32.904584+00:00,99.7,25,bid,,,11918577
2026-06-29T12:06:32.469925,2026-06-29T02:06:32.959467+00:00,99.6,5,ask,,,11918579
2026-06-29T12:06:33.059036,2026-06-29T02:06:33.553553+00:00,99.2,50,ask,,,11918585
2026-06-29T12:06:35.167373,2026-06-29T02:06:35.654565+00:00,99.7,50,ask,,,11918634
2026-06-29T12:06:37.163379,2026-06-29T02:06:37.656245+00:00,99.7,43,ask,,,11918677
2026-06-29T12:06:37.274040,2026-06-29T02:06:37.766244+00:00,99.7,50,ask,,,11918678
2026-06-29T12:06:38.096618,2026-06-29T02:06:38.590407+00:00,99.7,7,ask,,,11918696
2026-06-29T12:06:38.096618,2026-06-29T02:06:38.590407+00:00,99.6,4,ask,,,11918697
2026-06-29T12:06:38.362448,2026-06-29T02:06:38.854416+00:00,99.5,25,bid,,,11918699
2026-06-29T12:06:38.450775,2026-06-29T02:06:38.942417+00:00,99.5,25,bid,,,11918701
2026-06-29T12:06:38.572408,2026-06-29T02:06:39.063417+00:00,99.5,25,bid,,,11918705
2026-06-29T12:06:38.658599,2026-06-29T02:06:39.151417+00:00,99.5,25,bid,,,11918712
2026-06-29T12:06:38.783142,2026-06-29T02:06:39.272416+00:00,99.5,25,bid,,,11918717
2026-06-29T12:06:39.382240,2026-06-29T02:06:39.877408+00:00,99.2,50,ask,,,11918738
2026-06-29T12:06:40.362008,2026-06-29T02:06:40.855926+00:00,99.5,25,bid,,,11918748
2026-06-29T12:06:40.362008,2026-06-29T02:06:40.855926+00:00,99.7,24,bid,,,11918749
2026-06-29T12:06:41.948261,2026-06-29T02:06:42.438936+00:00,99.4,100,ask,,,11918780
2026-06-29T12:06:42.527964,2026-06-29T02:06:43.021935+00:00,99.4,40,ask,,,11918787
2026-06-29T12:06:44.880100,2026-06-29T02:06:45.364601+00:00,99.4,25,bid,,,11918823
2026-06-29T12:06:45.650396,2026-06-29T02:06:46.144685+00:00,99.4,50,bid,,,11918839
2026-06-29T12:06:47.757593,2026-06-29T02:06:48.245676+00:00,99.7,6,bid,,,11918871
2026-06-29T12:06:47.757593,2026-06-29T02:06:48.245676+00:00,99.8,44,bid,,,11918872
2026-06-29T12:06:49.200733,2026-06-29T02:06:49.685203+00:00,99.5,43,ask,,,11918889
2026-06-29T12:06:49.865948,2026-06-29T02:06:50.356202+00:00,99.7,5,bid,,,11918903
2026-06-29T12:06:49.865948,2026-06-29T02:06:50.356202+00:00,99.8,45,bid,,,11918904
2026-06-29T12:06:51.975779,2026-06-29T02:06:52.466831+00:00,99.7,4,bid,,,11918945
2026-06-29T12:06:51.975779,2026-06-29T02:06:52.466831+00:00,99.8,46,bid,,,11918946
2026-06-29T12:06:54.083625,2026-06-29T02:06:54.576419+00:00,99.7,4,bid,,,11918991
2026-06-29T12:06:54.083625,2026-06-29T02:06:54.576419+00:00,99.8,46,bid,,,11918992
2026-06-29T12:06:54.251226,2026-06-29T02:06:54.741419+00:00,99.8,8,bid,,,11918996
2026-06-29T12:06:54.251226,2026-06-29T02:06:54.741419+00:00,100.1,33,bid,,,11918997
2026-06-29T12:06:54.752282,2026-06-29T02:06:55.247419+00:00,100.1,42,bid,,,11919007
2026-06-29T12:06:56.192160,2026-06-29T02:06:56.676981+00:00,100.1,50,bid,,,11919029
2026-06-29T12:06:57.307241,2026-06-29T02:06:57.798981+00:00,100.1,25,ask,,,11919056
2026-06-29T12:06:57.420457,2026-06-29T02:06:57.908981+00:00,100.1,25,ask,,,11919059
2026-06-29T12:06:57.516031,2026-06-29T02:06:58.007982+00:00,100.1,25,ask,,,11919061
2026-06-29T12:06:57.631460,2026-06-29T02:06:58.117982+00:00,100.1,25,ask,,,11919063
2026-06-29T12:06:57.730397,2026-06-29T02:06:58.216982+00:00,100.1,25,ask,,,11919065
2026-06-29T12:06:57.841994,2026-06-29T02:06:58.337230+00:00,100.1,25,ask,,,11919069
2026-06-29T12:06:58.298895,2026-06-29T02:06:58.788231+00:00,100.2,50,bid,,,11919077
2026-06-29T12:07:00.301160,2026-06-29T02:07:00.790251+00:00,99.9,1,bid,,,11919109
2026-06-29T12:07:00.408011,2026-06-29T02:07:00.900245+00:00,99.9,1,bid,,,11919112
2026-06-29T12:07:00.408011,2026-06-29T02:07:00.900245+00:00,100.2,49,bid,,,11919113
2026-06-29T12:07:00.894508,2026-06-29T02:07:01.384255+00:00,99.9,1,bid,,,11919118
2026-06-29T12:07:00.894508,2026-06-29T02:07:01.384255+00:00,100.1,99,bid,,,11919119
2026-06-29T12:07:02.515544,2026-06-29T02:07:03.000266+00:00,100.1,50,bid,,,11919153
2026-06-29T12:07:03.660788,2026-06-29T02:07:04.153920+00:00,100.4,25,ask,,,11919167
2026-06-29T12:07:03.749401,2026-06-29T02:07:04.241921+00:00,100.4,25,ask,,,11919174
2026-06-29T12:07:03.871229,2026-06-29T02:07:04.363039+00:00,100.4,25,ask,,,11919177
2026-06-29T12:07:03.958941,2026-06-29T02:07:04.451040+00:00,100.4,25,ask,,,11919179
2026-06-29T12:07:04.081350,2026-06-29T02:07:04.571921+00:00,100.4,25,ask,,,11919181
2026-06-29T12:07:04.169717,2026-06-29T02:07:04.671040+00:00,100.4,25,ask,,,11919185
2026-06-29T12:07:04.620727,2026-06-29T02:07:05.110921+00:00,100.5,50,bid,,,11919194
2026-06-29T12:07:06.728984,2026-06-29T02:07:07.221587+00:00,100.5,50,bid,,,11919231
2026-06-29T12:07:07.218110,2026-06-29T02:07:07.705478+00:00,100.3,100,bid,,,11919238
2026-06-29T12:07:07.815301,2026-06-29T02:07:08.309647+00:00,99.8,5,ask,,,11919246
2026-06-29T12:07:07.815301,2026-06-29T02:07:08.309647+00:00,99.8,41,ask,,,11919247
2026-06-29T12:07:08.837688,2026-06-29T02:07:09.332171+00:00,100.3,50,bid,,,11919258
2026-06-29T12:07:10.000669,2026-06-29T02:07:10.487180+00:00,100.3,25,ask,,,11919280
2026-06-29T12:07:10.103315,2026-06-29T02:07:10.597181+00:00,100.3,25,ask,,,11919285
2026-06-29T12:07:10.210055,2026-06-29T02:07:10.696180+00:00,100.3,1,ask,,,11919290
2026-06-29T12:07:10.314505,2026-06-29T02:07:10.806180+00:00,100.3,25,ask,,,11919293
2026-06-29T12:07:10.945201,2026-06-29T02:07:11.432311+00:00,100.4,50,bid,,,11919308
2026-06-29T12:07:11.872262,2026-06-29T02:07:12.367192+00:00,100.4,43,bid,,,11919328
2026-06-29T12:07:13.108930,2026-06-29T02:07:13.598177+00:00,99.9,2,ask,,,11919357
2026-06-29T12:07:13.108930,2026-06-29T02:07:13.598177+00:00,99.9,48,ask,,,11919358
2026-06-29T12:07:15.217685,2026-06-29T02:07:15.710177+00:00,100.1,50,ask,,,11919394
2026-06-29T12:07:16.834782,2026-06-29T02:07:17.330717+00:00,100.0,3,ask,,,11919430
2026-06-29T12:07:17.043312,2026-06-29T02:07:17.528717+00:00,100.0,5,ask,,,11919433
2026-06-29T12:07:17.170183,2026-06-29T02:07:17.660716+00:00,100.0,5,ask,,,11919437
2026-06-29T12:07:17.170183,2026-06-29T02:07:17.660716+00:00,99.9,44,ask,,,11919438
2026-06-29T12:07:17.256955,2026-06-29T02:07:17.748716+00:00,100.0,5,ask,,,11919441
2026-06-29T12:07:17.325268,2026-06-29T02:07:17.814716+00:00,99.9,50,ask,,,11919444
2026-06-29T12:07:19.469003,2026-06-29T02:07:19.957706+00:00,100.0,4,ask,,,11919488
2026-06-29T12:07:20.165856,2026-06-29T02:07:20.650706+00:00,100.0,40,bid,,,11919504
2026-06-29T12:07:21.499983,2026-06-29T02:07:21.992706+00:00,100.0,50,bid,,,11919527
2026-06-29T12:07:21.842308,2026-06-29T02:07:22.333710+00:00,100.0,10,bid,,,11919534
2026-06-29T12:07:21.842308,2026-06-29T02:07:22.333710+00:00,100.1,39,bid,,,11919535
2026-06-29T12:07:27.632020,2026-06-29T02:07:28.118655+00:00,99.7,46,ask,,,11919650
2026-06-29T12:07:27.814879,2026-06-29T02:07:28.304334+00:00,100.2,50,bid,,,11919652
2026-06-29T12:07:28.226904,2026-06-29T02:07:28.722334+00:00,99.7,45,ask,,,11919661
2026-06-29T12:07:29.977287,2026-06-29T02:07:30.471345+00:00,99.7,50,ask,,,11919683
2026-06-29T12:07:31.404415,2026-06-29T02:07:31.889347+00:00,100.0,48,bid,,,11919706
2026-06-29T12:07:32.084686,2026-06-29T02:07:32.571376+00:00,99.9,50,ask,,,11919716
2026-06-29T12:07:34.195491,2026-06-29T02:07:34.693905+00:00,99.9,50,ask,,,11919764
2026-06-29T12:07:35.296255,2026-06-29T02:07:35.782905+00:00,99.8,1,ask,,,11919783
2026-06-29T12:07:35.330305,2026-06-29T02:07:35.815906+00:00,99.8,1,bid,,,11919784
2026-06-29T12:07:35.360653,2026-06-29T02:07:35.848905+00:00,99.8,1,bid,,,11919785
2026-06-29T12:07:35.391036,2026-06-29T02:07:35.881896+00:00,99.8,1,bid,,,11919786
2026-06-29T12:07:35.422528,2026-06-29T02:07:35.914905+00:00,99.8,1,bid,,,11919787
2026-06-29T12:07:35.454078,2026-06-29T02:07:35.947905+00:00,99.8,1,bid,,,11919788
2026-06-29T12:07:35.495036,2026-06-29T02:07:35.980905+00:00,99.8,1,bid,,,11919789
2026-06-29T12:07:36.304473,2026-06-29T02:07:36.793600+00:00,99.7,50,ask,,,11919803
2026-06-29T12:07:36.406766,2026-06-29T02:07:36.892600+00:00,99.7,42,ask,,,11919808
2026-06-29T12:07:36.559072,2026-06-29T02:07:37.046600+00:00,99.8,1,bid,,,11919816
2026-06-29T12:07:36.843270,2026-06-29T02:07:37.332600+00:00,99.8,1,bid,,,11919820
2026-06-29T12:07:38.035256,2026-06-29T02:07:38.530440+00:00,99.8,45,bid,,,11919847
2026-06-29T12:07:38.415294,2026-06-29T02:07:38.904559+00:00,99.7,8,ask,,,11919855
2026-06-29T12:07:38.415294,2026-06-29T02:07:38.904559+00:00,99.6,42,ask,,,11919856
2026-06-29T12:07:38.523600,2026-06-29T02:07:39.014559+00:00,99.6,40,ask,,,11919862
2026-06-29T12:07:39.317719,2026-06-29T02:07:39.806450+00:00,99.8,25,bid,,,11919881
2026-06-29T12:07:39.380710,2026-06-29T02:07:39.872441+00:00,99.8,25,bid,,,11919883
2026-06-29T12:07:39.527385,2026-06-29T02:07:40.015449+00:00,99.8,25,bid,,,11919887
2026-06-29T12:07:39.594104,2026-06-29T02:07:40.081449+00:00,99.8,25,bid,,,11919889
2026-06-29T12:07:40.000688,2026-06-29T02:07:40.487559+00:00,100.0,5,bid,,,11919902
2026-06-29T12:07:40.000688,2026-06-29T02:07:40.487559+00:00,100.1,40,bid,,,11919903
2026-06-29T12:07:40.471718,2026-06-29T02:07:40.960579+00:00,100.1,50,bid,,,11919910
2026-06-29T12:07:42.610403,2026-06-29T02:07:43.105579+00:00,100.1,1,ask,,,11919944
2026-06-29T12:07:42.630005,2026-06-29T02:07:43.116579+00:00,100.1,50,ask,,,11919945
2026-06-29T12:07:43.232388,2026-06-29T02:07:43.720229+00:00,100.1,2,ask,,,11919959
2026-06-29T12:07:43.758228,2026-06-29T02:07:44.248237+00:00,100.1,43,ask,,,11919976
2026-06-29T12:07:44.324797,2026-06-29T02:07:44.820347+00:00,100.1,4,ask,,,11919986
2026-06-29T12:07:44.324797,2026-06-29T02:07:44.820347+00:00,99.9,38,ask,,,11919987
2026-06-29T12:07:44.686291,2026-06-29T02:07:45.172237+00:00,100.4,50,bid,,,11919995
2026-06-29T12:07:46.845567,2026-06-29T02:07:47.338803+00:00,100.0,50,ask,,,11920034
2026-06-29T12:07:48.952863,2026-06-29T02:07:49.447804+00:00,99.8,50,ask,,,11920086
2026-06-29T12:07:51.060277,2026-06-29T02:07:51.548934+00:00,99.6,50,ask,,,11920128
2026-06-29T12:07:51.702671,2026-06-29T02:07:52.197841+00:00,100.0,46,bid,,,11920136
2026-06-29T12:07:53.115584,2026-06-29T02:07:53.603405+00:00,100.0,50,bid,,,11920159
2026-06-29T12:07:53.178332,2026-06-29T02:07:53.669406+00:00,100.0,4,bid,,,11920161
2026-06-29T12:07:53.178332,2026-06-29T02:07:53.669406+00:00,100.1,5,bid,,,11920162
2026-06-29T12:07:53.178332,2026-06-29T02:07:53.669406+00:00,100.2,32,bid,,,11920163
2026-06-29T12:07:53.752598,2026-06-29T02:07:54.241287+00:00,100.1,6,bid,,,11920182
2026-06-29T12:07:53.752598,2026-06-29T02:07:54.241287+00:00,100.2,38,bid,,,11920183
2026-06-29T12:07:53.807528,2026-06-29T02:07:54.296296+00:00,99.7,43,ask,,,11920185
2026-06-29T12:07:54.564380,2026-06-29T02:07:55.053924+00:00,100.1,6,bid,,,11920194
2026-06-29T12:07:54.834716,2026-06-29T02:07:55.328925+00:00,100.1,6,bid,,,11920198
2026-06-29T12:07:55.032631,2026-06-29T02:07:55.526925+00:00,100.0,42,ask,,,11920205
2026-06-29T12:07:55.221741,2026-06-29T02:07:55.713925+00:00,100.5,50,bid,,,11920208
2026-06-29T12:07:55.455647,2026-06-29T02:07:55.944806+00:00,100.2,2,bid,,,11920215
2026-06-29T12:07:55.660836,2026-06-29T02:07:56.153341+00:00,100.2,2,bid,,,11920216
2026-06-29T12:07:55.866301,2026-06-29T02:07:56.351363+00:00,100.2,1,bid,,,11920217
2026-06-29T12:07:55.866301,2026-06-29T02:07:56.362364+00:00,100.5,1,bid,,,11920218
2026-06-29T12:07:56.678620,2026-06-29T02:07:57.165332+00:00,100.0,46,ask,,,11920235
2026-06-29T12:07:57.379312,2026-06-29T02:07:57.869352+00:00,100.0,50,ask,,,11920240
2026-06-29T12:07:58.979276,2026-06-29T02:07:59.474146+00:00,100.2,43,bid,,,11920269
2026-06-29T12:07:59.433742,2026-06-29T02:07:59.925150+00:00,100.2,50,bid,,,11920277
2026-06-29T12:08:00.373303,2026-06-29T02:08:00.860150+00:00,100.2,46,bid,,,11920302
2026-06-29T12:08:00.572804,2026-06-29T02:08:01.058151+00:00,100.2,5,bid,,,11920303
2026-06-29T12:08:00.572804,2026-06-29T02:08:01.069150+00:00,100.3,100,bid,,,11920304
2026-06-29T12:08:01.328186,2026-06-29T02:08:01.817159+00:00,100.3,4,ask,,,11920314
2026-06-29T12:08:01.618273,2026-06-29T02:08:02.114160+00:00,100.3,4,ask,,,11920322
2026-06-29T12:08:02.080426,2026-06-29T02:08:02.576159+00:00,100.3,4,ask,,,11920327
2026-06-29T12:08:02.197813,2026-06-29T02:08:02.686159+00:00,100.3,4,ask,,,11920329
2026-06-29T12:08:03.199317,2026-06-29T02:08:03.685967+00:00,100.3,2,ask,,,11920352
2026-06-29T12:08:03.521076,2026-06-29T02:08:04.015958+00:00,100.3,1,ask,,,11920356
2026-06-29T12:08:03.625299,2026-06-29T02:08:04.115077+00:00,100.3,2,ask,,,11920357
2026-06-29T12:08:03.645107,2026-06-29T02:08:04.137077+00:00,100.7,50,bid,,,11920358
2026-06-29T12:08:04.023492,2026-06-29T02:08:04.510968+00:00,100.2,45,ask,,,11920363
2026-06-29T12:08:04.163621,2026-06-29T02:08:04.653968+00:00,100.3,1,bid,,,11920366
2026-06-29T12:08:04.191298,2026-06-29T02:08:04.686967+00:00,100.3,1,ask,,,11920367
2026-06-29T12:08:04.235185,2026-06-29T02:08:04.719968+00:00,100.3,1,ask,,,11920368
2026-06-29T12:08:04.360430,2026-06-29T02:08:04.851968+00:00,100.3,1,ask,,,11920370
2026-06-29T12:08:04.400416,2026-06-29T02:08:04.895967+00:00,100.3,1,ask,,,11920371
2026-06-29T12:08:04.483997,2026-06-29T02:08:04.972478+00:00,100.4,40,bid,,,11920372
2026-06-29T12:08:04.531111,2026-06-29T02:08:05.016478+00:00,100.3,2,ask,,,11920374
2026-06-29T12:08:04.636070,2026-06-29T02:08:05.126477+00:00,100.3,1,ask,,,11920380
2026-06-29T12:08:04.742429,2026-06-29T02:08:05.236487+00:00,100.3,1,ask,,,11920384
2026-06-29T12:08:05.507058,2026-06-29T02:08:05.995478+00:00,100.3,25,ask,,,11920399
2026-06-29T12:08:05.589281,2026-06-29T02:08:06.083020+00:00,100.3,25,ask,,,11920405
2026-06-29T12:08:05.809651,2026-06-29T02:08:06.303029+00:00,100.3,41,ask,,,11920413
2026-06-29T12:08:05.809651,2026-06-29T02:08:06.303029+00:00,100.1,4,ask,,,11920414
2026-06-29T12:08:05.809651,2026-06-29T02:08:06.303029+00:00,99.9,5,ask,,,11920415
2026-06-29T12:08:06.128067,2026-06-29T02:08:06.622029+00:00,100.1,4,ask,,,11920424
2026-06-29T12:08:06.128067,2026-06-29T02:08:06.622029+00:00,99.9,36,ask,,,11920425
2026-06-29T12:08:07.868170,2026-06-29T02:08:08.356262+00:00,100.4,1,bid,,,11920457
2026-06-29T12:08:07.868170,2026-06-29T02:08:08.356262+00:00,100.6,49,bid,,,11920458
2026-06-29T12:08:08.807490,2026-06-29T02:08:09.302143+00:00,100.4,1,bid,,,11920471
2026-06-29T12:08:08.926954,2026-06-29T02:08:09.412144+00:00,100.4,1,bid,,,11920476
2026-06-29T12:08:09.020248,2026-06-29T02:08:09.511144+00:00,100.4,2,bid,,,11920483
2026-06-29T12:08:09.139478,2026-06-29T02:08:09.632153+00:00,100.4,1,bid,,,11920485
2026-06-29T12:08:09.229319,2026-06-29T02:08:09.720153+00:00,100.4,1,bid,,,11920492
2026-06-29T12:08:09.976180,2026-06-29T02:08:10.468153+00:00,100.6,50,bid,,,11920515
2026-06-29T12:08:12.137125,2026-06-29T02:08:12.624166+00:00,100.5,50,ask,,,11920558
2026-06-29T12:08:12.532460,2026-06-29T02:08:13.031166+00:00,100.5,42,ask,,,11920567
2026-06-29T12:08:13.458655,2026-06-29T02:08:13.943686+00:00,100.6,2,bid,,,11920580
2026-06-29T12:08:13.663478,2026-06-29T02:08:14.152686+00:00,100.6,2,bid,,,11920584
2026-06-29T12:08:14.244594,2026-06-29T02:08:14.735695+00:00,100.3,50,ask,,,11920603
2026-06-29T12:08:15.121153,2026-06-29T02:08:15.606707+00:00,100.6,45,bid,,,11920626
2026-06-29T12:08:16.297653,2026-06-29T02:08:16.783747+00:00,100.3,44,ask,,,11920657
2026-06-29T12:08:16.354481,2026-06-29T02:08:16.849746+00:00,100.3,6,ask,,,11920663
2026-06-29T12:08:16.354481,2026-06-29T02:08:16.849746+00:00,100.1,4,ask,,,11920664
2026-06-29T12:08:17.052824,2026-06-29T02:08:17.542755+00:00,100.3,25,bid,,,11920676
2026-06-29T12:08:17.079921,2026-06-29T02:08:17.564747+00:00,100.3,25,bid,,,11920678
2026-06-29T12:08:17.266497,2026-06-29T02:08:17.762755+00:00,100.3,25,bid,,,11920685
2026-06-29T12:08:17.289511,2026-06-29T02:08:17.795755+00:00,100.3,25,bid,,,11920687
2026-06-29T12:08:18.069873,2026-06-29T02:08:18.564318+00:00,100.7,43,bid,,,11920705
2026-06-29T12:08:19.219614,2026-06-29T02:08:19.708318+00:00,100.7,44,bid,,,11920727
2026-06-29T12:08:19.675592,2026-06-29T02:08:20.170322+00:00,100.7,25,ask,,,11920733
2026-06-29T12:08:19.698311,2026-06-29T02:08:20.192322+00:00,100.7,25,ask,,,11920735
2026-06-29T12:08:19.885413,2026-06-29T02:08:20.379322+00:00,100.7,25,ask,,,11920739
2026-06-29T12:08:19.906976,2026-06-29T02:08:20.401322+00:00,100.7,25,ask,,,11920741
2026-06-29T12:08:20.037861,2026-06-29T02:08:20.533331+00:00,100.7,50,ask,,,11920744
2026-06-29T12:08:20.512374,2026-06-29T02:08:21.006331+00:00,100.6,50,bid,,,11920756
2026-06-29T12:08:20.703699,2026-06-29T02:08:21.193331+00:00,100.1,42,ask,,,11920765
2026-06-29T12:08:21.237371,2026-06-29T02:08:21.732331+00:00,100.1,44,ask,,,11920782
2026-06-29T12:08:22.670868,2026-06-29T02:08:23.161420+00:00,100.1,14,ask,,,11920811
2026-06-29T12:08:24.779255,2026-06-29T02:08:25.272502+00:00,100.2,5,ask,,,11920843
2026-06-29T12:08:24.779255,2026-06-29T02:08:25.272502+00:00,100.0,45,ask,,,11920844
2026-06-29T12:08:24.826288,2026-06-29T02:08:25.316502+00:00,100.4,44,bid,,,11920845
2026-06-29T12:08:25.165635,2026-06-29T02:08:25.657511+00:00,100.4,25,bid,,,11920857
2026-06-29T12:08:25.309163,2026-06-29T02:08:25.800511+00:00,100.4,25,bid,,,11920859
2026-06-29T12:08:25.375909,2026-06-29T02:08:25.866512+00:00,100.4,25,bid,,,11920861
2026-06-29T12:08:25.518668,2026-06-29T02:08:26.009511+00:00,100.4,25,bid,,,11920865
2026-06-29T12:08:25.586658,2026-06-29T02:08:26.075060+00:00,100.4,6,bid,,,11920872
2026-06-29T12:08:25.590938,2026-06-29T02:08:26.086060+00:00,100.5,2,bid,,,11920873
2026-06-29T12:08:25.796491,2026-06-29T02:08:26.284050+00:00,100.5,2,bid,,,11920875
2026-06-29T12:08:25.879792,2026-06-29T02:08:26.372051+00:00,100.5,96,bid,,,11920876
2026-06-29T12:08:25.879792,2026-06-29T02:08:26.372051+00:00,100.5,1,bid,,,11920877
2026-06-29T12:08:26.001303,2026-06-29T02:08:26.493149+00:00,100.7,25,ask,,,11920879
2026-06-29T12:08:26.067487,2026-06-29T02:08:26.559157+00:00,100.7,1,ask,,,11920882
2026-06-29T12:08:26.115530,2026-06-29T02:08:26.603163+00:00,100.7,1,ask,,,11920883
2026-06-29T12:08:26.124342,2026-06-29T02:08:26.614164+00:00,100.7,1,ask,,,11920884
2026-06-29T12:08:26.312297,2026-06-29T02:08:26.801060+00:00,100.7,2,ask,,,11920892
2026-06-29T12:08:26.333330,2026-06-29T02:08:26.823060+00:00,100.7,1,ask,,,11920893
2026-06-29T12:08:26.541665,2026-06-29T02:08:27.032060+00:00,100.7,22,ask,,,11920905
2026-06-29T12:08:27.043331,2026-06-29T02:08:27.538050+00:00,100.5,1,bid,,,11920913
2026-06-29T12:08:27.454129,2026-06-29T02:08:27.945060+00:00,100.5,1,bid,,,11920920
2026-06-29T12:08:27.659321,2026-06-29T02:08:28.154056+00:00,100.5,1,bid,,,11920927
2026-06-29T12:08:27.942516,2026-06-29T02:08:28.428629+00:00,100.4,49,ask,,,11920934
2026-06-29T12:08:28.960475,2026-06-29T02:08:29.450629+00:00,100.6,1,bid,,,11920966
2026-06-29T12:08:28.960475,2026-06-29T02:08:29.450629+00:00,100.9,49,bid,,,11920967
2026-06-29T12:08:30.188350,2026-06-29T02:08:30.682650+00:00,100.6,47,bid,,,11920992
2026-06-29T12:08:31.068589,2026-06-29T02:08:31.561650+00:00,100.6,50,bid,,,11921012
2026-06-29T12:08:33.188913,2026-06-29T02:08:33.684213+00:00,100.5,50,bid,,,11921065
2026-06-29T12:08:36.973112,2026-06-29T02:08:37.466807+00:00,100.5,25,ask,,,11921138
2026-06-29T12:08:36.975889,2026-06-29T02:08:37.466807+00:00,100.5,25,ask,,,11921139
2026-06-29T12:08:37.190047,2026-06-29T02:08:37.686816+00:00,100.5,25,ask,,,11921143
2026-06-29T12:08:37.190229,2026-06-29T02:08:37.686816+00:00,100.5,25,ask,,,11921144
2026-06-29T12:08:37.451814,2026-06-29T02:08:37.939816+00:00,100.3,50,ask,,,11921152
2026-06-29T12:08:38.385640,2026-06-29T02:08:38.873580+00:00,100.6,1,bid,,,11921166
2026-06-29T12:08:38.385640,2026-06-29T02:08:38.873580+00:00,100.8,45,bid,,,11921167
2026-06-29T12:08:39.558002,2026-06-29T02:08:40.050470+00:00,100.3,50,ask,,,11921197
2026-06-29T12:08:39.612339,2026-06-29T02:08:40.105470+00:00,100.3,25,ask,,,11921200
2026-06-29T12:08:39.854784,2026-06-29T02:08:40.347470+00:00,100.3,6,ask,,,11921208
2026-06-29T12:08:41.663405,2026-06-29T02:08:42.151790+00:00,100.0,50,ask,,,11921248
2026-06-29T12:08:42.109200,2026-06-29T02:08:42.602781+00:00,100.3,3,bid,,,11921252
2026-06-29T12:08:42.217922,2026-06-29T02:08:42.712781+00:00,100.2,25,bid,,,11921262
2026-06-29T12:08:42.275506,2026-06-29T02:08:42.767781+00:00,100.2,25,bid,,,11921264
2026-06-29T12:08:42.428884,2026-06-29T02:08:42.921790+00:00,100.2,25,bid,,,11921270
2026-06-29T12:08:42.485649,2026-06-29T02:08:42.976790+00:00,100.2,25,bid,,,11921272
2026-06-29T12:08:43.027568,2026-06-29T02:08:43.515339+00:00,100.3,3,bid,,,11921281
2026-06-29T12:08:43.134522,2026-06-29T02:08:43.625330+00:00,100.3,3,bid,,,11921282
2026-06-29T12:08:45.031975,2026-06-29T02:08:45.517450+00:00,99.8,48,ask,,,11921328
2026-06-29T12:08:45.874859,2026-06-29T02:08:46.364116+00:00,100.2,1,ask,,,11921338
2026-06-29T12:08:45.874859,2026-06-29T02:08:46.364116+00:00,99.9,49,ask,,,11921339
2026-06-29T12:08:47.987956,2026-06-29T02:08:48.474699+00:00,99.9,50,ask,,,11921379
2026-06-29T12:08:48.093271,2026-06-29T02:08:48.584699+00:00,99.9,1,ask,,,11921381
2026-06-29T12:08:48.515774,2026-06-29T02:08:49.002719+00:00,99.9,47,bid,,,11921389
2026-06-29T12:08:50.107814,2026-06-29T02:08:50.597719+00:00,99.9,25,bid,,,11921411
2026-06-29T12:08:50.252160,2026-06-29T02:08:50.740229+00:00,99.9,25,bid,,,11921415
2026-06-29T12:08:50.316919,2026-06-29T02:08:50.806229+00:00,99.9,25,bid,,,11921417
2026-06-29T12:08:50.461547,2026-06-29T02:08:50.949229+00:00,99.9,6,bid,,,11921420
2026-06-29T12:08:50.541636,2026-06-29T02:08:51.037229+00:00,99.9,21,bid,,,11921423
2026-06-29T12:08:50.541636,2026-06-29T02:08:51.037229+00:00,99.9,4,bid,,,11921424
2026-06-29T12:08:50.671653,2026-06-29T02:08:51.158229+00:00,99.9,25,bid,,,11921427
2026-06-29T12:08:50.754271,2026-06-29T02:08:51.246228+00:00,99.9,25,bid,,,11921433
2026-06-29T12:08:50.881661,2026-06-29T02:08:51.367229+00:00,99.9,25,bid,,,11921437
2026-06-29T12:08:50.963013,2026-06-29T02:08:51.455229+00:00,99.9,21,bid,,,11921441
2026-06-29T12:08:51.376991,2026-06-29T02:08:51.873229+00:00,100.1,25,ask,,,11921456
2026-06-29T12:08:51.487328,2026-06-29T02:08:51.983348+00:00,100.1,25,ask,,,11921458
2026-06-29T12:08:51.585839,2026-06-29T02:08:52.082347+00:00,100.1,25,ask,,,11921460
2026-06-29T12:08:51.669884,2026-06-29T02:08:52.159347+00:00,100.1,75,ask,,,11921463
2026-06-29T12:08:51.699345,2026-06-29T02:08:52.192348+00:00,100.0,2,ask,,,11921464
2026-06-29T12:08:51.907876,2026-06-29T02:08:52.401348+00:00,100.0,2,ask,,,11921471
2026-06-29T12:08:52.196448,2026-06-29T02:08:52.687238+00:00,100.0,2,ask,,,11921477
2026-06-29T12:08:52.200243,2026-06-29T02:08:52.687238+00:00,99.6,50,ask,,,11921478
2026-06-29T12:08:52.335049,2026-06-29T02:08:52.830238+00:00,100.0,2,ask,,,11921482
2026-06-29T12:08:54.305690,2026-06-29T02:08:54.798082+00:00,99.6,50,ask,,,11921539
2026-06-29T12:08:54.762538,2026-06-29T02:08:55.248200+00:00,99.3,48,ask,,,11921545
2026-06-29T12:08:55.359425,2026-06-29T02:08:55.852600+00:00,99.8,25,bid,,,11921560
2026-06-29T12:08:55.498952,2026-06-29T02:08:55.984601+00:00,99.8,25,bid,,,11921564
2026-06-29T12:08:55.572263,2026-06-29T02:08:56.061600+00:00,99.8,25,bid,,,11921567
2026-06-29T12:08:55.709169,2026-06-29T02:08:56.204153+00:00,99.8,25,bid,,,11921571
2026-06-29T12:08:55.790908,2026-06-29T02:08:56.281153+00:00,99.8,25,bid,,,11921576
2026-06-29T12:08:55.918323,2026-06-29T02:08:56.413153+00:00,99.8,25,bid,,,11921581
2026-06-29T12:08:56.414264,2026-06-29T02:08:56.908153+00:00,99.6,50,ask,,,11921590
2026-06-29T12:08:57.329632,2026-06-29T02:08:57.821144+00:00,100.1,6,bid,,,11921619
2026-06-29T12:08:57.524867,2026-06-29T02:08:58.018259+00:00,100.1,94,bid,,,11921621
2026-06-29T12:08:58.525044,2026-06-29T02:08:59.018851+00:00,100.1,50,ask,,,11921643
2026-06-29T12:08:59.023229,2026-06-29T02:08:59.513860+00:00,100.1,6,ask,,,11921649
2026-06-29T12:08:59.023229,2026-06-29T02:08:59.513860+00:00,100.1,35,ask,,,11921650
2026-06-29T12:08:59.514478,2026-06-29T02:09:00.008860+00:00,100.2,1,bid,,,11921659
2026-06-29T12:08:59.514478,2026-06-29T02:09:00.008860+00:00,100.6,44,bid,,,11921660
2026-06-29T12:09:00.631897,2026-06-29T02:09:01.119371+00:00,100.1,50,ask,,,11921688
2026-06-29T12:09:00.739653,2026-06-29T02:09:01.229370+00:00,100.1,15,ask,,,11921690
2026-06-29T12:09:02.738315,2026-06-29T02:09:03.231379+00:00,99.7,50,ask,,,11921719
2026-06-29T12:09:05.301973,2026-06-29T02:09:05.794072+00:00,100.2,1,bid,,,11921771
2026-06-29T12:09:05.301973,2026-06-29T02:09:05.794072+00:00,100.2,46,bid,,,11921772
2026-06-29T12:09:05.843062,2026-06-29T02:09:06.332624+00:00,100.2,41,bid,,,11921783
2026-06-29T12:09:06.949191,2026-06-29T02:09:07.442755+00:00,99.9,6,ask,,,11921801
2026-06-29T12:09:06.949191,2026-06-29T02:09:07.442755+00:00,99.7,44,ask,,,11921802
2026-06-29T12:09:09.059150,2026-06-29T02:09:09.553833+00:00,99.9,50,ask,,,11921836
2026-06-29T12:09:09.636064,2026-06-29T02:09:10.125824+00:00,99.9,41,ask,,,11921848
2026-06-29T12:09:11.295921,2026-06-29T02:09:11.786834+00:00,100.2,41,bid,,,11921872
2026-06-29T12:09:15.320086,2026-06-29T02:09:15.810726+00:00,100.0,50,bid,,,11921921
2026-06-29T12:09:16.871050,2026-06-29T02:09:17.361465+00:00,99.6,44,ask,,,11921951
2026-06-29T12:09:17.419332,2026-06-29T02:09:17.911474+00:00,100.1,43,bid,,,11921961
2026-06-29T12:09:17.428641,2026-06-29T02:09:17.922473+00:00,100.1,50,bid,,,11921962
2026-06-29T12:09:19.536187,2026-06-29T02:09:20.033537+00:00,100.1,50,bid,,,11922002
2026-06-29T12:09:19.644125,2026-06-29T02:09:20.132528+00:00,100.1,2,bid,,,11922006
2026-06-29T12:09:19.668410,2026-06-29T02:09:20.154528+00:00,100.3,100,bid,,,11922009
2026-06-29T12:09:21.643004,2026-06-29T02:09:22.132549+00:00,100.8,50,bid,,,11922044
2026-06-29T12:09:21.651603,2026-06-29T02:09:22.143548+00:00,100.3,25,ask,,,11922045
2026-06-29T12:09:21.778632,2026-06-29T02:09:22.264548+00:00,100.3,25,ask,,,11922051
2026-06-29T12:09:21.864975,2026-06-29T02:09:22.352557+00:00,100.3,25,ask,,,11922058
2026-06-29T12:09:22.012585,2026-06-29T02:09:22.506558+00:00,100.3,25,ask,,,11922064
2026-06-29T12:09:23.821950,2026-06-29T02:09:24.309749+00:00,100.0,50,ask,,,11922112
2026-06-29T12:09:25.870801,2026-06-29T02:09:26.365823+00:00,100.0,42,ask,,,11922167
2026-06-29T12:09:25.877979,2026-06-29T02:09:26.365823+00:00,100.4,50,bid,,,11922168
2026-06-29T12:09:26.878865,2026-06-29T02:09:27.365838+00:00,100.4,48,bid,,,11922179
2026-06-29T12:09:27.496743,2026-06-29T02:09:27.992874+00:00,100.2,5,bid,,,11922186
2026-06-29T12:09:27.505358,2026-06-29T02:09:27.992874+00:00,100.4,2,bid,,,11922188
2026-06-29T12:09:27.710863,2026-06-29T02:09:28.201900+00:00,100.4,2,bid,,,11922193
2026-06-29T12:09:27.916563,2026-06-29T02:09:28.410465+00:00,100.4,2,bid,,,11922196
2026-06-29T12:09:27.919426,2026-06-29T02:09:28.410465+00:00,100.0,44,ask,,,11922197
2026-06-29T12:09:27.983583,2026-06-29T02:09:28.476465+00:00,100.4,46,bid,,,11922202
2026-06-29T12:09:27.983583,2026-06-29T02:09:28.476465+00:00,100.5,4,bid,,,11922203
2026-06-29T12:09:29.351311,2026-06-29T02:09:29.840475+00:00,100.4,2,bid,,,11922237
2026-06-29T12:09:29.456943,2026-06-29T02:09:29.950475+00:00,99.9,45,ask,,,11922242
2026-06-29T12:09:29.557173,2026-06-29T02:09:30.049474+00:00,100.4,2,bid,,,11922245
2026-06-29T12:09:29.762199,2026-06-29T02:09:30.258474+00:00,100.4,2,bid,,,11922249
2026-06-29T12:09:29.968600,2026-06-29T02:09:30.456475+00:00,100.4,1,bid,,,11922262
2026-06-29T12:09:30.063121,2026-06-29T02:09:30.555475+00:00,100.4,43,bid,,,11922265
2026-06-29T12:09:30.520071,2026-06-29T02:09:31.006468+00:00,100.3,8,bid,,,11922277
2026-06-29T12:09:30.930858,2026-06-29T02:09:31.424466+00:00,100.4,25,bid,,,11922285
2026-06-29T12:09:30.981531,2026-06-29T02:09:31.468466+00:00,100.4,25,bid,,,11922287
2026-06-29T12:09:31.191440,2026-06-29T02:09:31.688475+00:00,100.4,12,bid,,,11922295
2026-06-29T12:09:31.206700,2026-06-29T02:09:31.699474+00:00,100.0,46,ask,,,11922296
2026-06-29T12:09:31.541637,2026-06-29T02:09:32.029475+00:00,100.3,9,bid,,,11922301
2026-06-29T12:09:32.314440,2026-06-29T02:09:32.810475+00:00,100.5,100,bid,,,11922309
2026-06-29T12:09:32.374935,2026-06-29T02:09:32.865474+00:00,100.5,9,ask,,,11922316
2026-06-29T12:09:33.359362,2026-06-29T02:09:33.854157+00:00,100.5,8,ask,,,11922331
2026-06-29T12:09:33.406643,2026-06-29T02:09:33.898157+00:00,100.5,8,ask,,,11922332
2026-06-29T12:09:34.109323,2026-06-29T02:09:34.602148+00:00,100.8,43,bid,,,11922341
2026-06-29T12:09:34.296950,2026-06-29T02:09:34.789157+00:00,100.8,50,bid,,,11922344
2026-06-29T12:09:34.745640,2026-06-29T02:09:35.240157+00:00,100.5,25,ask,,,11922351
2026-06-29T12:09:34.745640,2026-06-29T02:09:35.240157+00:00,100.3,22,ask,,,11922352
2026-06-29T12:09:35.946579,2026-06-29T02:09:36.438793+00:00,100.5,7,bid,,,11922361
2026-06-29T12:09:35.946579,2026-06-29T02:09:36.438793+00:00,100.5,93,bid,,,11922362
2026-06-29T12:09:36.403579,2026-06-29T02:09:36.889802+00:00,100.5,50,bid,,,11922373
2026-06-29T12:09:36.998903,2026-06-29T02:09:37.494793+00:00,100.5,7,bid,,,11922379
2026-06-29T12:09:36.998903,2026-06-29T02:09:37.494793+00:00,100.5,6,bid,,,11922380
2026-06-29T12:09:36.998903,2026-06-29T02:09:37.494793+00:00,101.1,32,bid,,,11922381
2026-06-29T12:09:37.563063,2026-06-29T02:09:38.055802+00:00,100.5,5,bid,,,11922390
2026-06-29T12:09:38.639752,2026-06-29T02:09:39.133561+00:00,100.6,5,bid,,,11922407
2026-06-29T12:09:38.836351,2026-06-29T02:09:39.331561+00:00,100.6,4,ask,,,11922410
2026-06-29T12:09:39.036991,2026-06-29T02:09:39.529442+00:00,100.6,43,ask,,,11922413
2026-06-29T12:09:39.679739,2026-06-29T02:09:40.167452+00:00,100.6,44,ask,,,11922420
2026-06-29T12:09:40.672876,2026-06-29T02:09:41.168451+00:00,100.6,50,ask,,,11922441
2026-06-29T12:09:40.752588,2026-06-29T02:09:41.245451+00:00,100.9,48,bid,,,11922443
2026-06-29T12:09:42.267789,2026-06-29T02:09:42.763581+00:00,100.6,100,bid,,,11922466
2026-06-29T12:09:42.728478,2026-06-29T02:09:43.224582+00:00,100.6,50,bid,,,11922472
2026-06-29T12:09:43.333407,2026-06-29T02:09:43.828482+00:00,101.2,44,bid,,,11922482
2026-06-29T12:09:44.835390,2026-06-29T02:09:45.324491+00:00,101.2,50,bid,,,11922515
2026-06-29T12:09:45.867482,2026-06-29T02:09:46.358056+00:00,100.7,42,ask,,,11922530
2026-06-29T12:09:46.946220,2026-06-29T02:09:47.436067+00:00,101.0,50,bid,,,11922556
2026-06-29T12:09:47.983755,2026-06-29T02:09:48.469613+00:00,100.7,41,ask,,,11922574
2026-06-29T12:09:48.662566,2026-06-29T02:09:49.151132+00:00,100.7,100,ask,,,11922588
2026-06-29T12:09:49.105504,2026-06-29T02:09:49.602123+00:00,100.7,50,ask,,,11922595
2026-06-29T12:09:51.115022,2026-06-29T02:09:51.604124+00:00,101.2,44,bid,,,11922635
2026-06-29T12:09:51.159699,2026-06-29T02:09:51.648122+00:00,101.2,50,bid,,,11922637
2026-06-29T12:09:52.730732,2026-06-29T02:09:53.220241+00:00,101.3,40,bid,,,11922671
2026-06-29T12:09:53.265600,2026-06-29T02:09:53.758011+00:00,101.3,50,bid,,,11922688
2026-06-29T12:09:54.437785,2026-06-29T02:09:54.934129+00:00,101.2,25,ask,,,11922710
2026-06-29T12:09:54.600960,2026-06-29T02:09:55.088128+00:00,101.2,25,ask,,,11922712
2026-06-29T12:09:54.645911,2026-06-29T02:09:55.132019+00:00,101.2,25,ask,,,11922714
2026-06-29T12:09:54.810618,2026-06-29T02:09:55.297019+00:00,101.2,25,ask,,,11922720
2026-06-29T12:09:54.855777,2026-06-29T02:09:55.352019+00:00,101.2,25,ask,,,11922722
2026-06-29T12:09:55.019904,2026-06-29T02:09:55.506019+00:00,101.2,25,ask,,,11922726
2026-06-29T12:09:55.425365,2026-06-29T02:09:55.913010+00:00,100.8,50,ask,,,11922736
2026-06-29T12:09:56.369532,2026-06-29T02:09:56.857588+00:00,100.8,48,ask,,,11922751
2026-06-29T12:09:57.322262,2026-06-29T02:09:57.814579+00:00,101.3,40,bid,,,11922772
2026-06-29T12:09:57.377358,2026-06-29T02:09:57.869580+00:00,100.8,2,ask,,,11922779
2026-06-29T12:09:57.531976,2026-06-29T02:09:58.023588+00:00,100.6,5,ask,,,11922780
2026-06-29T12:09:58.520503,2026-06-29T02:09:59.013328+00:00,100.7,5,ask,,,11922804
2026-06-29T12:09:58.520503,2026-06-29T02:09:59.013328+00:00,100.7,42,ask,,,11922805
2026-06-29T12:09:59.419248,2026-06-29T02:09:59.915328+00:00,101.1,41,bid,,,11922827
2026-06-29T12:09:59.473466,2026-06-29T02:09:59.959337+00:00,100.7,48,ask,,,11922829
2026-06-29T12:09:59.644266,2026-06-29T02:10:00.135337+00:00,100.7,10,ask,,,11922839
2026-06-29T12:09:59.644266,2026-06-29T02:10:00.135337+00:00,100.6,40,ask,,,11922840
2026-06-29T12:09:59.944272,2026-06-29T02:10:00.432337+00:00,101.1,46,bid,,,11922848
2026-06-29T12:10:01.700907,2026-06-29T02:10:02.192337+00:00,100.8,50,bid,,,11922891
2026-06-29T12:10:03.826321,2026-06-29T02:10:04.324567+00:00,100.8,50,bid,,,11922934
2026-06-29T12:10:05.110657,2026-06-29T02:10:05.600567+00:00,100.7,5,ask,,,11922953
2026-06-29T12:10:05.110657,2026-06-29T02:10:05.600567+00:00,100.6,38,ask,,,11922954
2026-06-29T12:10:05.933412,2026-06-29T02:10:06.425333+00:00,101.0,50,bid,,,11922976
2026-06-29T12:10:07.659726,2026-06-29T02:10:08.151236+00:00,100.9,48,bid,,,11923016
2026-06-29T12:10:08.096844,2026-06-29T02:10:08.601784+00:00,100.7,5,ask,,,11923027
2026-06-29T12:10:08.096844,2026-06-29T02:10:08.601784+00:00,100.7,45,ask,,,11923028
2026-06-29T12:10:08.178309,2026-06-29T02:10:08.667785+00:00,100.9,48,bid,,,11923031
2026-06-29T12:10:10.153996,2026-06-29T02:10:10.645312+00:00,100.9,50,bid,,,11923071
2026-06-29T12:10:10.256773,2026-06-29T02:10:10.744312+00:00,100.7,25,ask,,,11923077
2026-06-29T12:10:10.292988,2026-06-29T02:10:10.788312+00:00,100.8,25,ask,,,11923079
2026-06-29T12:10:12.260839,2026-06-29T02:10:12.756312+00:00,101.0,50,bid,,,11923117
2026-06-29T12:10:13.443049,2026-06-29T02:10:13.932141+00:00,101.0,50,bid,,,11923134
2026-06-29T12:10:13.443049,2026-06-29T02:10:13.932141+00:00,101.1,7,bid,,,11923135
2026-06-29T12:10:13.502035,2026-06-29T02:10:13.997771+00:00,101.1,6,ask,,,11923136
2026-06-29T12:10:13.631207,2026-06-29T02:10:14.118772+00:00,101.1,5,ask,,,11923138
2026-06-29T12:10:13.673667,2026-06-29T02:10:14.162771+00:00,101.1,25,ask,,,11923139
2026-06-29T12:10:13.677871,2026-06-29T02:10:14.173771+00:00,101.1,4,ask,,,11923140
2026-06-29T12:10:13.707843,2026-06-29T02:10:14.195772+00:00,101.1,25,ask,,,11923143
2026-06-29T12:10:13.885806,2026-06-29T02:10:14.371772+00:00,101.1,25,ask,,,11923148
2026-06-29T12:10:13.916051,2026-06-29T02:10:14.404771+00:00,101.1,3,ask,,,11923150
2026-06-29T12:10:14.117236,2026-06-29T02:10:14.602771+00:00,100.9,42,ask,,,11923155
2026-06-29T12:10:14.132866,2026-06-29T02:10:14.624771+00:00,100.9,25,ask,,,11923156
2026-06-29T12:10:14.152895,2026-06-29T02:10:14.646772+00:00,100.9,2,ask,,,11923162
2026-06-29T12:10:14.296218,2026-06-29T02:10:14.789771+00:00,100.9,25,ask,,,11923168
2026-06-29T12:10:14.357806,2026-06-29T02:10:14.844771+00:00,100.9,6,ask,,,11923172
2026-06-29T12:10:14.369167,2026-06-29T02:10:14.855771+00:00,101.4,50,bid,,,11923175
2026-06-29T12:10:14.778931,2026-06-29T02:10:15.273771+00:00,100.7,1,ask,,,11923183
2026-06-29T12:10:16.628334,2026-06-29T02:10:17.120405+00:00,100.8,2,ask,,,11923211
2026-06-29T12:10:16.700204,2026-06-29T02:10:17.186406+00:00,100.9,2,bid,,,11923215
2026-06-29T12:10:17.686248,2026-06-29T02:10:18.176406+00:00,100.9,44,bid,,,11923238
2026-06-29T12:10:18.264667,2026-06-29T02:10:18.758400+00:00,100.8,44,ask,,,11923251
2026-06-29T12:10:18.641829,2026-06-29T02:10:19.132391+00:00,100.8,50,ask,,,11923263
2026-06-29T12:10:20.752316,2026-06-29T02:10:21.255391+00:00,100.8,3,ask,,,11923309
2026-06-29T12:10:20.752316,2026-06-29T02:10:21.255391+00:00,100.7,47,ask,,,11923310
2026-06-29T12:10:20.803113,2026-06-29T02:10:21.299391+00:00,100.8,3,ask,,,11923311
2026-06-29T12:10:20.803113,2026-06-29T02:10:21.299391+00:00,100.7,43,ask,,,11923312
2026-06-29T12:10:22.373524,2026-06-29T02:10:22.859401+00:00,100.8,3,ask,,,11923344
2026-06-29T12:10:22.373524,2026-06-29T02:10:22.870400+00:00,100.7,44,ask,,,11923345
2026-06-29T12:10:22.862453,2026-06-29T02:10:23.353400+00:00,100.8,3,ask,,,11923346
2026-06-29T12:10:22.862453,2026-06-29T02:10:23.353400+00:00,100.7,16,ask,,,11923347
2026-06-29T12:10:22.862453,2026-06-29T02:10:23.353400+00:00,100.5,31,ask,,,11923348
2026-06-29T12:10:22.990842,2026-06-29T02:10:23.485408+00:00,100.8,3,ask,,,11923353
2026-06-29T12:10:22.990842,2026-06-29T02:10:23.485408+00:00,100.5,69,ask,,,11923354
2026-06-29T12:10:23.014467,2026-06-29T02:10:23.507408+00:00,100.4,3,bid,,,11923355
2026-06-29T12:10:23.048453,2026-06-29T02:10:23.540408+00:00,100.4,3,bid,,,11923358
2026-06-29T12:10:23.082168,2026-06-29T02:10:23.573408+00:00,100.4,25,bid,,,11923360
2026-06-29T12:10:23.130564,2026-06-29T02:10:23.617408+00:00,100.4,25,bid,,,11923364
2026-06-29T12:10:23.135433,2026-06-29T02:10:23.628408+00:00,100.4,3,bid,,,11923365
2026-06-29T12:10:23.201243,2026-06-29T02:10:23.694408+00:00,100.4,2,bid,,,11923368
2026-06-29T12:10:23.297903,2026-06-29T02:10:23.793408+00:00,100.4,17,bid,,,11923377
2026-06-29T12:10:23.514328,2026-06-29T02:10:24.002408+00:00,100.7,25,bid,,,11923382
2026-06-29T12:10:23.540591,2026-06-29T02:10:24.035409+00:00,100.7,25,bid,,,11923385
2026-06-29T12:10:23.727527,2026-06-29T02:10:24.221656+00:00,100.7,25,bid,,,11923392
2026-06-29T12:10:23.749430,2026-06-29T02:10:24.243656+00:00,100.7,25,bid,,,11923395
2026-06-29T12:10:24.970462,2026-06-29T02:10:25.464665+00:00,100.7,2,ask,,,11923422
2026-06-29T12:10:24.970462,2026-06-29T02:10:25.464665+00:00,100.2,48,ask,,,11923423
2026-06-29T12:10:27.079944,2026-06-29T02:10:27.576358+00:00,100.7,50,ask,,,11923477
2026-06-29T12:10:29.187498,2026-06-29T02:10:29.677201+00:00,100.7,50,ask,,,11923515
2026-06-29T12:10:29.369422,2026-06-29T02:10:29.864091+00:00,100.8,25,bid,,,11923519
2026-06-29T12:10:29.433928,2026-06-29T02:10:29.930091+00:00,100.8,25,bid,,,11923521
2026-06-29T12:10:29.580045,2026-06-29T02:10:30.073092+00:00,100.8,25,bid,,,11923523
2026-06-29T12:10:29.648620,2026-06-29T02:10:30.139091+00:00,100.8,25,bid,,,11923525
2026-06-29T12:10:29.789851,2026-06-29T02:10:30.282082+00:00,100.8,25,bid,,,11923529
2026-06-29T12:10:29.858709,2026-06-29T02:10:30.348082+00:00,100.8,22,bid,,,11923533
2026-06-29T12:10:29.999542,2026-06-29T02:10:30.491092+00:00,100.8,3,bid,,,11923535
2026-06-29T12:10:30.096615,2026-06-29T02:10:30.590091+00:00,100.9,42,bid,,,11923540
2026-06-29T12:10:31.312201,2026-06-29T02:10:31.801092+00:00,100.4,50,ask,,,11923565
2026-06-29T12:10:32.703905,2026-06-29T02:10:33.198083+00:00,100.8,45,ask,,,11923580
2026-06-29T12:10:32.973885,2026-06-29T02:10:33.461395+00:00,100.8,100,ask,,,11923587
2026-06-29T12:10:33.418750,2026-06-29T02:10:33.912404+00:00,100.8,5,ask,,,11923595
2026-06-29T12:10:33.418750,2026-06-29T02:10:33.912404+00:00,100.7,1,ask,,,11923596
2026-06-29T12:10:33.418750,2026-06-29T02:10:33.912404+00:00,100.2,44,ask,,,11923597
2026-06-29T12:10:35.509787,2026-06-29T02:10:36.001923+00:00,101.1,6,bid,,,11923640
2026-06-29T12:10:35.509787,2026-06-29T02:10:36.001923+00:00,101.3,40,bid,,,11923641
2026-06-29T12:10:35.528738,2026-06-29T02:10:36.023923+00:00,100.2,50,ask,,,11923642
2026-06-29T12:10:36.031713,2026-06-29T02:10:36.518010+00:00,100.8,42,bid,,,11923649
2026-06-29T12:10:37.633829,2026-06-29T02:10:38.124019+00:00,100.3,50,ask,,,11923679
2026-06-29T12:10:37.827108,2026-06-29T02:10:38.321704+00:00,100.7,25,bid,,,11923684
2026-06-29T12:10:38.839342,2026-06-29T02:10:39.333703+00:00,100.7,45,bid,,,11923713
2026-06-29T12:10:39.739224,2026-06-29T02:10:40.235707+00:00,100.7,50,ask,,,11923731
2026-06-29T12:10:40.376547,2026-06-29T02:10:40.862827+00:00,100.7,41,ask,,,11923744
2026-06-29T12:10:41.794680,2026-06-29T02:10:42.281717+00:00,101.0,2,bid,,,11923777
2026-06-29T12:10:41.794680,2026-06-29T02:10:42.292717+00:00,101.0,48,bid,,,11923778
2026-06-29T12:10:43.537859,2026-06-29T02:10:44.027841+00:00,100.9,45,bid,,,11923823
2026-06-29T12:10:45.043936,2026-06-29T02:10:45.534832+00:00,100.4,41,ask,,,11923851
2026-06-29T12:10:46.007321,2026-06-29T02:10:46.502386+00:00,100.9,5,bid,,,11923874
2026-06-29T12:10:46.007321,2026-06-29T02:10:46.502386+00:00,100.9,45,bid,,,11923875
2026-06-29T12:10:48.113673,2026-06-29T02:10:48.601349+00:00,100.9,50,bid,,,11923916
2026-06-29T12:10:48.528469,2026-06-29T02:10:49.018467+00:00,100.7,45,ask,,,11923924
2026-06-29T12:10:50.221001,2026-06-29T02:10:50.712357+00:00,101.0,50,bid,,,11923971
2026-06-29T12:10:52.327358,2026-06-29T02:10:52.822349+00:00,100.9,50,bid,,,11924027
2026-06-29T12:10:54.434077,2026-06-29T02:10:54.922211+00:00,100.9,50,bid,,,11924074
2026-06-29T12:10:56.539794,2026-06-29T02:10:57.033776+00:00,101.0,1,bid,,,11924124
2026-06-29T12:10:56.539794,2026-06-29T02:10:57.033776+00:00,101.2,49,bid,,,11924125
2026-06-29T12:10:57.057189,2026-06-29T02:10:57.550786+00:00,101.2,41,bid,,,11924134
2026-06-29T12:10:58.648144,2026-06-29T02:10:59.134489+00:00,101.4,50,bid,,,11924164
2026-06-29T12:11:00.073267,2026-06-29T02:11:00.564518+00:00,100.9,25,ask,,,11924206
2026-06-29T12:11:00.130767,2026-06-29T02:11:00.619518+00:00,100.9,25,ask,,,11924208
2026-06-29T12:11:00.282614,2026-06-29T02:11:00.773509+00:00,100.9,25,ask,,,11924213
2026-06-29T12:11:00.339288,2026-06-29T02:11:00.828510+00:00,100.9,25,ask,,,11924215
2026-06-29T12:11:00.491006,2026-06-29T02:11:00.982509+00:00,100.9,25,ask,,,11924219
2026-06-29T12:11:00.552338,2026-06-29T02:11:01.048510+00:00,100.9,25,ask,,,11924225
2026-06-29T12:11:00.700289,2026-06-29T02:11:01.191509+00:00,100.9,25,ask,,,11924227
2026-06-29T12:11:00.762730,2026-06-29T02:11:01.257509+00:00,100.9,25,ask,,,11924231
2026-06-29T12:11:00.911235,2026-06-29T02:11:01.400509+00:00,100.9,25,ask,,,11924236
2026-06-29T12:11:00.949469,2026-06-29T02:11:01.444509+00:00,100.9,25,ask,,,11924238
2026-06-29T12:11:00.963554,2026-06-29T02:11:01.455509+00:00,100.7,41,bid,,,11924239
2026-06-29T12:11:01.958017,2026-06-29T02:11:02.445037+00:00,100.5,46,ask,,,11924257
2026-06-29T12:11:02.440546,2026-06-29T02:11:02.929036+00:00,100.7,42,bid,,,11924263
2026-06-29T12:11:02.859904,2026-06-29T02:11:03.345714+00:00,100.7,42,bid,,,11924272
2026-06-29T12:11:02.859904,2026-06-29T02:11:03.356722+00:00,101.0,8,bid,,,11924273
2026-06-29T12:11:04.125998,2026-06-29T02:11:04.621722+00:00,100.7,25,ask,,,11924304
2026-06-29T12:11:04.178739,2026-06-29T02:11:04.665723+00:00,100.7,25,ask,,,11924306
2026-06-29T12:11:04.335458,2026-06-29T02:11:04.830722+00:00,100.7,25,ask,,,11924313
2026-06-29T12:11:04.391372,2026-06-29T02:11:04.885723+00:00,100.7,25,ask,,,11924318
2026-06-29T12:11:04.602450,2026-06-29T02:11:05.094722+00:00,100.7,25,ask,,,11924327
2026-06-29T12:11:04.610901,2026-06-29T02:11:05.105722+00:00,100.7,25,ask,,,11924328
2026-06-29T12:11:05.040442,2026-06-29T02:11:05.534723+00:00,100.2,50,ask,,,11924334
2026-06-29T12:11:06.552444,2026-06-29T02:11:07.052256+00:00,100.7,25,bid,,,11924367
2026-06-29T12:11:06.629411,2026-06-29T02:11:07.118255+00:00,100.7,25,bid,,,11924369
2026-06-29T12:11:06.782255,2026-06-29T02:11:07.272256+00:00,100.7,25,bid,,,11924373
2026-06-29T12:11:07.147467,2026-06-29T02:11:07.635255+00:00,100.2,50,ask,,,11924383
2026-06-29T12:11:07.397074,2026-06-29T02:11:07.888279+00:00,100.4,48,ask,,,11924388
2026-06-29T12:11:09.208336,2026-06-29T02:11:09.701834+00:00,100.9,50,bid,,,11924428
2026-06-29T12:11:13.418863,2026-06-29T02:11:13.914412+00:00,100.8,50,bid,,,11924527
2026-06-29T12:11:14.117795,2026-06-29T02:11:14.607413+00:00,100.7,2,ask,,,11924543
2026-06-29T12:11:14.117795,2026-06-29T02:11:14.607413+00:00,100.6,39,ask,,,11924544
2026-06-29T12:11:15.525806,2026-06-29T02:11:16.015433+00:00,101.1,2,bid,,,11924574
2026-06-29T12:11:15.525806,2026-06-29T02:11:16.015433+00:00,101.1,48,bid,,,11924575
2026-06-29T12:11:16.814275,2026-06-29T02:11:17.311990+00:00,101.0,6,bid,,,11924600
2026-06-29T12:11:18.301639,2026-06-29T02:11:18.796576+00:00,101.2,42,bid,,,11924626
2026-06-29T12:11:19.751322,2026-06-29T02:11:20.237577+00:00,101.2,50,bid,,,11924667
2026-06-29T12:11:21.026185,2026-06-29T02:11:21.513577+00:00,101.2,25,ask,,,11924700
2026-06-29T12:11:21.058858,2026-06-29T02:11:21.546577+00:00,101.2,25,ask,,,11924702
2026-06-29T12:11:21.235380,2026-06-29T02:11:21.722576+00:00,101.2,25,ask,,,11924706
2026-06-29T12:11:21.268007,2026-06-29T02:11:21.755576+00:00,101.2,25,ask,,,11924708
2026-06-29T12:11:21.861735,2026-06-29T02:11:22.349576+00:00,101.5,50,bid,,,11924724
2026-06-29T12:11:23.877661,2026-06-29T02:11:24.373155+00:00,101.2,44,ask,,,11924750
2026-06-29T12:11:24.044930,2026-06-29T02:11:24.538156+00:00,101.2,50,ask,,,11924753
2026-06-29T12:11:25.466019,2026-06-29T02:11:25.957155+00:00,101.2,41,ask,,,11924777
2026-06-29T12:11:26.005662,2026-06-29T02:11:26.495703+00:00,101.3,43,bid,,,11924784
2026-06-29T12:11:26.168919,2026-06-29T02:11:26.671704+00:00,100.8,50,ask,,,11924789
2026-06-29T12:11:26.289461,2026-06-29T02:11:26.781703+00:00,101.1,25,bid,,,11924797
2026-06-29T12:11:26.460831,2026-06-29T02:11:26.957704+00:00,101.1,25,bid,,,11924800
2026-06-29T12:11:26.499893,2026-06-29T02:11:26.990704+00:00,101.1,25,bid,,,11924802
2026-06-29T12:11:26.674677,2026-06-29T02:11:27.166703+00:00,101.1,25,bid,,,11924804
2026-06-29T12:11:26.710322,2026-06-29T02:11:27.199704+00:00,101.1,25,bid,,,11924806
2026-06-29T12:11:26.885417,2026-06-29T02:11:27.375703+00:00,101.1,25,bid,,,11924812
2026-06-29T12:11:26.920609,2026-06-29T02:11:27.408704+00:00,101.1,25,bid,,,11924814
2026-06-29T12:11:28.276129,2026-06-29T02:11:28.772265+00:00,100.9,50,ask,,,11924834
2026-06-29T12:11:29.925201,2026-06-29T02:11:30.422286+00:00,101.1,100,ask,,,11924855
2026-06-29T12:11:30.409843,2026-06-29T02:11:30.906286+00:00,101.1,50,ask,,,11924860
2026-06-29T12:11:30.884937,2026-06-29T02:11:31.379286+00:00,101.6,41,bid,,,11924870
2026-06-29T12:11:32.516523,2026-06-29T02:11:33.007286+00:00,100.6,50,ask,,,11924890
2026-06-29T12:11:34.627383,2026-06-29T02:11:35.117431+00:00,101.0,12,ask,,,11924921
2026-06-29T12:11:34.627383,2026-06-29T02:11:35.117431+00:00,100.8,38,ask,,,11924922
2026-06-29T12:11:35.921403,2026-06-29T02:11:36.414982+00:00,101.1,44,bid,,,11924939
2026-06-29T12:11:36.712796,2026-06-29T02:11:37.206992+00:00,101.1,25,bid,,,11924958
2026-06-29T12:11:36.735494,2026-06-29T02:11:37.228982+00:00,100.8,50,ask,,,11924959
2026-06-29T12:11:36.746875,2026-06-29T02:11:37.239991+00:00,101.1,25,bid,,,11924961
2026-06-29T12:11:36.922562,2026-06-29T02:11:37.415992+00:00,101.1,25,bid,,,11924965
2026-06-29T12:11:36.957650,2026-06-29T02:11:37.448992+00:00,101.1,25,bid,,,11924967
2026-06-29T12:11:37.134065,2026-06-29T02:11:37.624991+00:00,101.1,6,bid,,,11924970
2026-06-29T12:11:38.059098,2026-06-29T02:11:38.548220+00:00,100.8,40,ask,,,11924987
2026-06-29T12:11:38.678008,2026-06-29T02:11:39.164220+00:00,100.8,10,ask,,,11925000
2026-06-29T12:11:39.408510,2026-06-29T02:11:39.901219+00:00,101.2,100,ask,,,11925014
2026-06-29T12:11:40.945890,2026-06-29T02:11:41.441240+00:00,101.2,42,ask,,,11925033
2026-06-29T12:11:40.951037,2026-06-29T02:11:41.441240+00:00,101.2,8,ask,,,11925035
2026-06-29T12:11:40.951037,2026-06-29T02:11:41.441240+00:00,101.0,3,ask,,,11925036
2026-06-29T12:11:40.951037,2026-06-29T02:11:41.441240+00:00,100.5,39,ask,,,11925037
2026-06-29T12:11:42.035512,2026-06-29T02:11:42.530240+00:00,101.3,1,bid,,,11925055
2026-06-29T12:11:43.008589,2026-06-29T02:11:43.497379+00:00,101.1,50,bid,,,11925065
2026-06-29T12:11:44.356970,2026-06-29T02:11:44.850380+00:00,101.1,25,bid,,,11925096
2026-06-29T12:11:44.379610,2026-06-29T02:11:44.872379+00:00,101.1,25,bid,,,11925098
2026-06-29T12:11:44.589799,2026-06-29T02:11:45.081380+00:00,101.1,25,bid,,,11925108
2026-06-29T12:11:45.116933,2026-06-29T02:11:45.609379+00:00,101.1,25,bid,,,11925119
2026-06-29T12:11:45.116933,2026-06-29T02:11:45.609379+00:00,101.1,25,bid,,,11925120
2026-06-29T12:11:45.188487,2026-06-29T02:11:45.675380+00:00,101.1,75,bid,,,11925121
2026-06-29T12:11:45.889961,2026-06-29T02:11:46.378936+00:00,101.8,43,bid,,,11925134
2026-06-29T12:11:47.086707,2026-06-29T02:11:47.577936+00:00,101.5,47,ask,,,11925150
2026-06-29T12:11:47.199309,2026-06-29T02:11:47.687936+00:00,101.5,25,ask,,,11925155
2026-06-29T12:11:47.277613,2026-06-29T02:11:47.764927+00:00,101.5,3,ask,,,11925157
2026-06-29T12:11:48.403333,2026-06-29T02:11:48.896922+00:00,101.3,100,ask,,,11925171
2026-06-29T12:11:48.621781,2026-06-29T02:11:49.116922+00:00,101.2,25,bid,,,11925177
2026-06-29T12:11:49.140931,2026-06-29T02:11:49.633456+00:00,101.2,25,bid,,,11925181
2026-06-29T12:11:49.140931,2026-06-29T02:11:49.633456+00:00,101.5,15,bid,,,11925182
2026-06-29T12:11:49.384625,2026-06-29T02:11:49.875456+00:00,101.0,3,ask,,,11925189
2026-06-29T12:11:49.384625,2026-06-29T02:11:49.875456+00:00,101.0,47,ask,,,11925190
2026-06-29T12:11:50.846203,2026-06-29T02:11:51.338456+00:00,101.5,46,bid,,,11925214
2026-06-29T12:11:51.500555,2026-06-29T02:11:51.998476+00:00,101.1,3,ask,,,11925225
2026-06-29T12:11:51.500555,2026-06-29T02:11:51.998476+00:00,101.0,47,ask,,,11925226
2026-06-29T12:11:51.515725,2026-06-29T02:11:52.009476+00:00,101.4,2,bid,,,11925227
2026-06-29T12:11:51.515725,2026-06-29T02:11:52.009476+00:00,101.5,39,bid,,,11925228
2026-06-29T12:11:51.702778,2026-06-29T02:11:52.196476+00:00,101.5,2,ask,,,11925236
2026-06-29T12:11:51.725412,2026-06-29T02:11:52.218476+00:00,101.5,2,ask,,,11925237
2026-06-29T12:11:51.751884,2026-06-29T02:11:52.240476+00:00,101.5,1,ask,,,11925238
2026-06-29T12:11:51.793734,2026-06-29T02:11:52.284475+00:00,101.5,1,ask,,,11925239
2026-06-29T12:11:51.862677,2026-06-29T02:11:52.350475+00:00,101.5,1,ask,,,11925240
2026-06-29T12:11:51.887294,2026-06-29T02:11:52.383476+00:00,101.5,1,ask,,,11925241
2026-06-29T12:11:51.916929,2026-06-29T02:11:52.405476+00:00,101.5,1,ask,,,11925242
2026-06-29T12:11:51.950866,2026-06-29T02:11:52.438476+00:00,101.5,1,ask,,,11925243
2026-06-29T12:11:51.976627,2026-06-29T02:11:52.471476+00:00,101.5,1,ask,,,11925244
2026-06-29T12:11:52.147764,2026-06-29T02:11:52.636475+00:00,101.5,1,ask,,,11925245
2026-06-29T12:11:52.434577,2026-06-29T02:11:52.922476+00:00,101.5,25,ask,,,11925252
2026-06-29T12:11:52.577126,2026-06-29T02:11:53.065475+00:00,101.5,25,ask,,,11925255
2026-06-29T12:11:52.644060,2026-06-29T02:11:53.131467+00:00,101.5,25,ask,,,11925259
2026-06-29T12:11:52.805520,2026-06-29T02:11:53.295173+00:00,101.5,22,ask,,,11925262
2026-06-29T12:11:53.608940,2026-06-29T02:11:54.098173+00:00,101.1,3,ask,,,11925274
2026-06-29T12:11:53.608940,2026-06-29T02:11:54.098173+00:00,101.1,47,ask,,,11925275
2026-06-29T12:11:54.467486,2026-06-29T02:11:54.956193+00:00,101.1,48,ask,,,11925298
2026-06-29T12:11:54.755328,2026-06-29T02:11:55.242193+00:00,101.2,3,ask,,,11925304
2026-06-29T12:11:55.061443,2026-06-29T02:11:55.550193+00:00,101.2,25,bid,,,11925313
2026-06-29T12:11:55.227330,2026-06-29T02:11:55.715193+00:00,101.2,25,bid,,,11925318
2026-06-29T12:11:55.246644,2026-06-29T02:11:55.748193+00:00,101.2,4,bid,,,11925319
2026-06-29T12:11:55.280286,2026-06-29T02:11:55.770193+00:00,101.2,25,bid,,,11925321
2026-06-29T12:11:55.439631,2026-06-29T02:11:55.935193+00:00,101.2,25,bid,,,11925327
2026-06-29T12:11:55.717771,2026-06-29T02:11:56.209745+00:00,100.8,50,ask,,,11925335
2026-06-29T12:11:56.621053,2026-06-29T02:11:57.111270+00:00,101.2,41,bid,,,11925356
2026-06-29T12:11:56.650319,2026-06-29T02:11:57.144269+00:00,101.2,2,bid,,,11925359
2026-06-29T12:11:57.120803,2026-06-29T02:11:57.617278+00:00,100.8,47,ask,,,11925372
2026-06-29T12:11:57.823462,2026-06-29T02:11:58.309834+00:00,100.8,3,ask,,,11925388
2026-06-29T12:11:57.862678,2026-06-29T02:11:58.353834+00:00,101.3,100,bid,,,11925389
2026-06-29T12:11:58.375920,2026-06-29T02:11:58.870834+00:00,101.4,50,ask,,,11925397
2026-06-29T12:11:58.506538,2026-06-29T02:11:59.002834+00:00,101.1,5,ask,,,11925400
2026-06-29T12:11:59.929616,2026-06-29T02:12:00.421855+00:00,101.1,5,ask,,,11925434
2026-06-29T12:11:59.929616,2026-06-29T02:12:00.421855+00:00,100.7,45,ask,,,11925435
2026-06-29T12:12:00.123153,2026-06-29T02:12:00.619855+00:00,101.2,41,bid,,,11925439
2026-06-29T12:12:02.037575,2026-06-29T02:12:02.533855+00:00,101.1,4,ask,,,11925475
2026-06-29T12:12:02.037575,2026-06-29T02:12:02.533855+00:00,100.7,46,ask,,,11925476
2026-06-29T12:12:03.117181,2026-06-29T02:12:03.611410+00:00,101.2,43,bid,,,11925501
2026-06-29T12:12:04.144041,2026-06-29T02:12:04.634410+00:00,101.0,5,ask,,,11925522
2026-06-29T12:12:04.144041,2026-06-29T02:12:04.634410+00:00,100.7,45,ask,,,11925523
2026-06-29T12:12:04.875120,2026-06-29T02:12:05.371411+00:00,101.1,10,bid,,,11925539
2026-06-29T12:12:05.719305,2026-06-29T02:12:06.206992+00:00,101.0,5,ask,,,11925565
2026-06-29T12:12:05.719305,2026-06-29T02:12:06.206992+00:00,100.8,36,ask,,,11925566
2026-06-29T12:12:06.258724,2026-06-29T02:12:06.745992+00:00,100.8,50,ask,,,11925574
2026-06-29T12:12:06.870067,2026-06-29T02:12:07.361992+00:00,101.1,41,bid,,,11925595
2026-06-29T12:12:06.925304,2026-06-29T02:12:07.416992+00:00,100.8,44,ask,,,11925599
2026-06-29T12:12:07.398943,2026-06-29T02:12:07.889525+00:00,100.6,100,ask,,,11925604
2026-06-29T12:12:08.315399,2026-06-29T02:12:08.802082+00:00,100.5,50,bid,,,11925613
2026-06-29T12:12:09.198298,2026-06-29T02:12:09.693082+00:00,100.9,44,bid,,,11925634
2026-06-29T12:12:10.420836,2026-06-29T02:12:10.914082+00:00,100.9,50,bid,,,11925662
2026-06-29T12:12:10.494303,2026-06-29T02:12:10.991082+00:00,100.4,40,ask,,,11925663
2026-06-29T12:12:10.983957,2026-06-29T02:12:11.475082+00:00,100.8,44,ask,,,11925669
2026-06-29T12:12:12.527462,2026-06-29T02:12:13.015081+00:00,101.2,50,bid,,,11925694
2026-06-29T12:12:14.186196,2026-06-29T02:12:14.675650+00:00,100.9,4,ask,,,11925716
2026-06-29T12:12:14.186196,2026-06-29T02:12:14.675650+00:00,100.9,96,ask,,,11925717
2026-06-29T12:12:14.686668,2026-06-29T02:12:15.181658+00:00,100.9,50,ask,,,11925724
2026-06-29T12:12:16.792469,2026-06-29T02:12:17.281745+00:00,100.9,5,ask,,,11925781
2026-06-29T12:12:18.898484,2026-06-29T02:12:19.393034+00:00,100.9,50,ask,,,11925826
2026-06-29T12:12:19.526922,2026-06-29T02:12:20.020035+00:00,101.0,48,bid,,,11925835
2026-06-29T12:12:20.706759,2026-06-29T02:12:21.196568+00:00,100.8,1,ask,,,11925854
2026-06-29T12:12:20.706759,2026-06-29T02:12:21.196568+00:00,100.7,47,ask,,,11925855
2026-06-29T12:12:21.007518,2026-06-29T02:12:21.504568+00:00,100.7,50,ask,,,11925858
2026-06-29T12:12:23.118355,2026-06-29T02:12:23.605120+00:00,101.1,4,bid,,,11925911
2026-06-29T12:12:23.144466,2026-06-29T02:12:23.638120+00:00,100.7,3,ask,,,11925914
2026-06-29T12:12:25.112908,2026-06-29T02:12:25.607141+00:00,101.1,41,bid,,,11925942
2026-06-29T12:12:27.361639,2026-06-29T02:12:27.850695+00:00,100.7,50,ask,,,11925974
2026-06-29T12:12:28.941870,2026-06-29T02:12:29.434267+00:00,101.1,1,bid,,,11926000
2026-06-29T12:12:29.467652,2026-06-29T02:12:29.962267+00:00,100.8,5,ask,,,11926014
2026-06-29T12:12:29.467652,2026-06-29T02:12:29.962267+00:00,100.7,45,ask,,,11926015
2026-06-29T12:12:31.087816,2026-06-29T02:12:31.578986+00:00,101.0,45,bid,,,11926043
2026-06-29T12:12:31.577787,2026-06-29T02:12:32.073977+00:00,100.5,50,ask,,,11926051
2026-06-29T12:12:33.682960,2026-06-29T02:12:34.173786+00:00,100.8,3,ask,,,11926100
2026-06-29T12:12:33.682960,2026-06-29T02:12:34.173786+00:00,100.6,47,ask,,,11926101
2026-06-29T12:12:34.467093,2026-06-29T02:12:34.954786+00:00,100.6,44,ask,,,11926129
2026-06-29T12:12:34.940201,2026-06-29T02:12:35.427776+00:00,101.0,40,bid,,,11926139
2026-06-29T12:12:35.798887,2026-06-29T02:12:36.296347+00:00,100.6,9,ask,,,11926154
2026-06-29T12:12:35.975574,2026-06-29T02:12:36.472347+00:00,100.7,46,ask,,,11926160
2026-06-29T12:12:36.347705,2026-06-29T02:12:36.835348+00:00,100.7,100,ask,,,11926165
2026-06-29T12:12:37.027258,2026-06-29T02:12:37.516881+00:00,101.1,2,bid,,,11926170
2026-06-29T12:12:37.027258,2026-06-29T02:12:37.516881+00:00,101.2,44,bid,,,11926171
2026-06-29T12:12:37.905473,2026-06-29T02:12:38.395569+00:00,100.7,4,ask,,,11926192
2026-06-29T12:12:37.905473,2026-06-29T02:12:38.395569+00:00,100.7,3,ask,,,11926193
2026-06-29T12:12:37.905473,2026-06-29T02:12:38.406561+00:00,100.2,43,ask,,,11926194
2026-06-29T12:12:40.024850,2026-06-29T02:12:40.518569+00:00,100.4,50,ask,,,11926247
2026-06-29T12:12:41.717691,2026-06-29T02:12:42.212560+00:00,100.6,4,ask,,,11926272
2026-06-29T12:12:41.717691,2026-06-29T02:12:42.212560+00:00,100.4,38,ask,,,11926273
