timestamp,recv_time,price,volume,aggressor_side,buyer,seller,trade_id
2026-07-01T18:00:00.539160,2026-07-01T18:00:00.381682+00:00,84.5,41,ask,EarnestEspressos,CostlyCorianders,2738783
2026-07-01T18:00:01.792358,2026-07-01T18:00:01.804287+00:00,84.3,1,ask,Kelvin Chan,FlawlessFlatbreads,2738810
2026-07-01T18:00:01.792358,2026-07-01T18:00:01.804287+00:00,84.1,49,ask,DiligentDonuts,FlawlessFlatbreads,2738811
2026-07-01T18:00:02.033489,2026-07-01T18:00:02.044955+00:00,84.6,44,bid,CostlyCorianders,DiligentDonuts,2738818
2026-07-01T18:00:03.318725,2026-07-01T18:00:03.328617+00:00,84.1,48,ask,DiligentDonuts,CostlyCorianders,2738845
2026-07-01T18:00:03.927118,2026-07-01T18:00:03.938615+00:00,84.1,3,ask,DiligentDonuts,FlawlessFlatbreads,2738853
2026-07-01T18:00:03.927118,2026-07-01T18:00:03.938615+00:00,84.1,47,ask,EarnestEspressos,FlawlessFlatbreads,2738854
2026-07-01T18:00:04.355261,2026-07-01T18:00:04.366586+00:00,84.3,1,ask,Kelvin Chan,DiligentDonuts,2738857
2026-07-01T18:00:04.368927,2026-07-01T18:00:04.380458+00:00,84.3,1,bid,Kelvin Chan,DiligentDonuts,2738858
2026-07-01T18:00:04.372867,2026-07-01T18:00:04.380458+00:00,84.3,49,bid,CostlyCorianders,DiligentDonuts,2738859
2026-07-01T18:00:04.479462,2026-07-01T18:00:04.486576+00:00,84.3,1,bid,Kelvin Chan,DiligentDonuts,2738861
2026-07-01T18:00:04.495765,2026-07-01T18:00:04.502385+00:00,84.3,1,bid,Kelvin Chan,DiligentDonuts,2738862
2026-07-01T18:00:04.530298,2026-07-01T18:00:04.538720+00:00,84.3,1,bid,Kelvin Chan,DiligentDonuts,2738863
2026-07-01T18:00:04.546041,2026-07-01T18:00:04.558908+00:00,84.3,1,bid,Kelvin Chan,DiligentDonuts,2738864
2026-07-01T18:00:04.568624,2026-07-01T18:00:04.579675+00:00,84.3,1,bid,Kelvin Chan,DiligentDonuts,2738868
2026-07-01T18:00:04.613672,2026-07-01T18:00:04.624206+00:00,84.3,1,bid,Kelvin Chan,DiligentDonuts,2738872
2026-07-01T18:00:05.014389,2026-07-01T18:00:05.025861+00:00,84.3,42,bid,CostlyCorianders,DiligentDonuts,2738878
2026-07-01T18:00:06.164468,2026-07-01T18:00:06.171356+00:00,84.3,1,bid,CostlyCorianders,DiligentDonuts,2738905
2026-07-01T18:00:06.164468,2026-07-01T18:00:06.176803+00:00,84.3,44,bid,CostlyCorianders,EarnestEspressos,2738906
2026-07-01T18:00:07.765620,2026-07-01T18:00:07.774374+00:00,84.2,4,ask,Kelvin Chan,CostlyCorianders,2738936
2026-07-01T18:00:07.765620,2026-07-01T18:00:07.774374+00:00,84.2,45,ask,DiligentDonuts,CostlyCorianders,2738937
2026-07-01T18:00:08.170057,2026-07-01T18:00:08.179952+00:00,84.2,50,ask,DiligentDonuts,FlawlessFlatbreads,2738948
2026-07-01T18:00:10.226342,2026-07-01T18:00:10.237581+00:00,84.5,50,bid,FlawlessFlatbreads,EarnestEspressos,2739003
2026-07-01T18:00:10.831569,2026-07-01T18:00:10.842915+00:00,84.2,47,ask,EarnestEspressos,CostlyCorianders,2739026
2026-07-01T18:00:12.208211,2026-07-01T18:00:12.218724+00:00,84.2,41,ask,EarnestEspressos,CostlyCorianders,2739053
2026-07-01T18:00:12.333369,2026-07-01T18:00:12.345000+00:00,84.4,50,bid,FlawlessFlatbreads,DiligentDonuts,2739057
2026-07-01T18:00:13.242775,2026-07-01T18:00:13.258796+00:00,84.4,46,bid,CostlyCorianders,DiligentDonuts,2739076
2026-07-01T18:00:13.824347,2026-07-01T18:00:13.835561+00:00,84.7,41,bid,CostlyCorianders,EarnestEspressos,2739081
2026-07-01T18:00:14.470405,2026-07-01T18:00:14.480313+00:00,84.4,50,bid,FlawlessFlatbreads,EarnestEspressos,2739087
2026-07-01T18:00:14.473766,2026-07-01T18:00:14.480313+00:00,84.4,48,bid,CostlyCorianders,EarnestEspressos,2739088
2026-07-01T18:00:16.576648,2026-07-01T18:00:16.588317+00:00,84.4,50,bid,FlawlessFlatbreads,EarnestEspressos,2739132
2026-07-01T18:00:17.126842,2026-07-01T18:00:17.138246+00:00,84.6,100,bid,EarnestEspressos,DiligentDonuts,2739145
2026-07-01T18:00:17.185305,2026-07-01T18:00:17.193151+00:00,84.6,50,ask,EarnestEspressos,Chester Au,2739146
2026-07-01T18:00:17.746815,2026-07-01T18:00:17.763638+00:00,84.1,45,ask,DiligentDonuts,CostlyCorianders,2739158
2026-07-01T18:00:18.693741,2026-07-01T18:00:18.705153+00:00,84.4,5,bid,FlawlessFlatbreads,Kelvin Chan,2739173
2026-07-01T18:00:18.693741,2026-07-01T18:00:18.705153+00:00,85.1,45,bid,FlawlessFlatbreads,EarnestEspressos,2739174
2026-07-01T18:00:18.869199,2026-07-01T18:00:18.880639+00:00,84.1,40,ask,DiligentDonuts,CostlyCorianders,2739175
2026-07-01T18:00:20.070231,2026-07-01T18:00:20.076972+00:00,84.4,3,bid,CostlyCorianders,Kelvin Chan,2739208
2026-07-01T18:00:21.086428,2026-07-01T18:00:21.098003+00:00,84.2,42,ask,DiligentDonuts,CostlyCorianders,2739224
2026-07-01T18:00:21.692390,2026-07-01T18:00:21.703776+00:00,84.7,46,bid,CostlyCorianders,DiligentDonuts,2739236
2026-07-01T18:00:22.343489,2026-07-01T18:00:22.358555+00:00,84.2,40,ask,DiligentDonuts,CostlyCorianders,2739245
2026-07-01T18:00:22.914314,2026-07-01T18:00:22.921014+00:00,84.7,4,bid,FlawlessFlatbreads,DiligentDonuts,2739263
2026-07-01T18:00:22.914314,2026-07-01T18:00:22.926025+00:00,84.7,46,bid,FlawlessFlatbreads,EarnestEspressos,2739264
2026-07-01T18:00:25.022643,2026-07-01T18:00:25.030206+00:00,84.5,4,bid,FlawlessFlatbreads,Kelvin Chan,2739308
2026-07-01T18:00:25.022643,2026-07-01T18:00:25.035371+00:00,84.6,46,bid,FlawlessFlatbreads,DiligentDonuts,2739309
2026-07-01T18:00:25.479926,2026-07-01T18:00:25.483733+00:00,84.2,3,ask,EarnestEspressos,Xuanyu Liu,2739323
2026-07-01T18:00:26.244521,2026-07-01T18:00:26.258570+00:00,84.6,43,bid,CostlyCorianders,DiligentDonuts,2739332
2026-07-01T18:00:27.132106,2026-07-01T18:00:27.158616+00:00,84.6,50,bid,FlawlessFlatbreads,EarnestEspressos,2739356
2026-07-01T18:00:29.239251,2026-07-01T18:00:29.246974+00:00,84.6,50,bid,FlawlessFlatbreads,EarnestEspressos,2739387
2026-07-01T18:00:29.785475,2026-07-01T18:00:29.794600+00:00,84.5,23,ask,EarnestEspressos,Xuanyu Liu,2739400
2026-07-01T18:00:30.337694,2026-07-01T18:00:30.358623+00:00,84.5,1,ask,EarnestEspressos,Kelvin Chan,2739410
2026-07-01T18:00:30.511865,2026-07-01T18:00:30.519419+00:00,84.5,1,ask,EarnestEspressos,Kelvin Chan,2739414
2026-07-01T18:00:30.535020,2026-07-01T18:00:30.546639+00:00,84.5,1,ask,EarnestEspressos,Kelvin Chan,2739415
2026-07-01T18:00:30.598318,2026-07-01T18:00:30.606168+00:00,84.5,1,ask,EarnestEspressos,Kelvin Chan,2739418
2026-07-01T18:00:30.630570,2026-07-01T18:00:30.638484+00:00,84.5,1,ask,EarnestEspressos,Kelvin Chan,2739421
2026-07-01T18:00:30.719756,2026-07-01T18:00:30.730751+00:00,84.5,1,ask,EarnestEspressos,Kelvin Chan,2739426
2026-07-01T18:00:31.325595,2026-07-01T18:00:31.337208+00:00,84.5,43,ask,EarnestEspressos,CostlyCorianders,2739431
2026-07-01T18:00:31.397248,2026-07-01T18:00:31.404582+00:00,84.5,50,ask,EarnestEspressos,FlawlessFlatbreads,2739434
2026-07-01T18:00:32.335348,2026-07-01T18:00:32.346619+00:00,84.5,28,ask,EarnestEspressos,CostlyCorianders,2739454
2026-07-01T18:00:33.354776,2026-07-01T18:00:33.363737+00:00,84.6,1,bid,CostlyCorianders,Kelvin Chan,2739475
2026-07-01T18:00:33.354776,2026-07-01T18:00:33.363737+00:00,84.6,44,bid,CostlyCorianders,EarnestEspressos,2739476
2026-07-01T18:00:33.512251,2026-07-01T18:00:33.524446+00:00,84.4,50,ask,DiligentDonuts,FlawlessFlatbreads,2739483
2026-07-01T18:00:33.855027,2026-07-01T18:00:33.863611+00:00,84.4,40,ask,DiligentDonuts,CostlyCorianders,2739493
2026-07-01T18:00:35.621879,2026-07-01T18:00:35.633325+00:00,84.4,10,ask,DiligentDonuts,FlawlessFlatbreads,2739531
2026-07-01T18:00:35.621879,2026-07-01T18:00:35.633325+00:00,84.2,4,ask,Kelvin Chan,FlawlessFlatbreads,2739532
2026-07-01T18:00:35.621879,2026-07-01T18:00:35.633325+00:00,84.1,36,ask,EarnestEspressos,FlawlessFlatbreads,2739533
2026-07-01T18:00:35.881542,2026-07-01T18:00:35.889165+00:00,84.6,47,bid,CostlyCorianders,EarnestEspressos,2739534
2026-07-01T18:00:36.516511,2026-07-01T18:00:36.523290+00:00,84.6,45,bid,CostlyCorianders,DiligentDonuts,2739549
2026-07-01T18:00:38.071940,2026-07-01T18:00:38.082733+00:00,84.1,49,ask,DiligentDonuts,CostlyCorianders,2739582
2026-07-01T18:00:39.832975,2026-07-01T18:00:39.844265+00:00,84.2,50,ask,EarnestEspressos,FlawlessFlatbreads,2739606
2026-07-01T18:00:41.736194,2026-07-01T18:00:41.751643+00:00,84.5,49,bid,CostlyCorianders,DiligentDonuts,2739663
2026-07-01T18:00:41.938412,2026-07-01T18:00:41.946707+00:00,84.2,50,ask,EarnestEspressos,FlawlessFlatbreads,2739665
2026-07-01T18:00:42.477978,2026-07-01T18:00:42.498026+00:00,84.2,3,ask,Kelvin Chan,EarnestEspressos,2739669
2026-07-01T18:00:42.490427,2026-07-01T18:00:42.498026+00:00,84.2,4,bid,Xuanyu Liu,EarnestEspressos,2739670
2026-07-01T18:00:42.520015,2026-07-01T18:00:42.527370+00:00,84.2,22,bid,Xuanyu Liu,EarnestEspressos,2739674
2026-07-01T18:00:42.567941,2026-07-01T18:00:42.569221+00:00,84.2,7,bid,Kelvin Chan,EarnestEspressos,2739677
2026-07-01T18:00:43.293288,2026-07-01T18:00:43.300345+00:00,84.2,6,bid,Kelvin Chan,EarnestEspressos,2739690
2026-07-01T18:00:43.601941,2026-07-01T18:00:43.612067+00:00,84.2,5,bid,Kelvin Chan,EarnestEspressos,2739694
2026-07-01T18:00:44.293444,2026-07-01T18:00:44.303799+00:00,84.2,5,bid,Kelvin Chan,EarnestEspressos,2739711
2026-07-01T18:00:44.447366,2026-07-01T18:00:44.446042+00:00,84.2,43,bid,CostlyCorianders,EarnestEspressos,2739714
2026-07-01T18:00:46.150415,2026-07-01T18:00:46.163981+00:00,84.1,3,ask,Kelvin Chan,FlawlessFlatbreads,2739752
2026-07-01T18:00:46.150415,2026-07-01T18:00:46.163981+00:00,84.1,47,ask,DiligentDonuts,CostlyCorianders,2739753
2026-07-01T18:00:46.569683,2026-07-01T18:00:46.579981+00:00,84.1,47,ask,DiligentDonuts,FlawlessFlatbreads,2739762
2026-07-01T18:00:48.259293,2026-07-01T18:00:48.270687+00:00,84.1,6,ask,DiligentDonuts,FlawlessFlatbreads,2739804
2026-07-01T18:00:48.259293,2026-07-01T18:00:48.270687+00:00,84.1,44,ask,EarnestEspressos,FlawlessFlatbreads,2739805
2026-07-01T18:00:50.267439,2026-07-01T18:00:50.278843+00:00,84.3,46,bid,CostlyCorianders,DiligentDonuts,2739841
2026-07-01T18:00:50.322870,2026-07-01T18:00:50.334439+00:00,84.1,3,ask,Kelvin Chan,CostlyCorianders,2739843
2026-07-01T18:00:50.322870,2026-07-01T18:00:50.334439+00:00,83.9,45,ask,EarnestEspressos,CostlyCorianders,2739844
2026-07-01T18:00:50.370695,2026-07-01T18:00:50.379489+00:00,83.9,50,ask,EarnestEspressos,FlawlessFlatbreads,2739849
2026-07-01T18:00:51.966769,2026-07-01T18:00:51.979700+00:00,84.1,4,ask,Kelvin Chan,EarnestEspressos,2739880
2026-07-01T18:00:52.426764,2026-07-01T18:00:52.438071+00:00,84.1,50,bid,FlawlessFlatbreads,EarnestEspressos,2739895
2026-07-01T18:00:53.856054,2026-07-01T18:00:53.843118+00:00,84.1,41,bid,CostlyCorianders,EarnestEspressos,2739924
2026-07-01T18:00:54.534871,2026-07-01T18:00:54.558613+00:00,84.1,50,bid,FlawlessFlatbreads,EarnestEspressos,2739950
2026-07-01T18:00:54.930111,2026-07-01T18:00:54.937747+00:00,84.1,5,bid,DiligentDonuts,EarnestEspressos,2739956
2026-07-01T18:00:55.409692,2026-07-01T18:00:55.440795+00:00,84.3,14,ask,EarnestEspressos,Xuanyu Liu,2739970
2026-07-01T18:00:56.648798,2026-07-01T18:00:56.668704+00:00,84.6,50,bid,FlawlessFlatbreads,DiligentDonuts,2740001
2026-07-01T18:00:57.271259,2026-07-01T18:00:57.280084+00:00,84.3,12,ask,EarnestEspressos,Xuanyu Liu,2740013
2026-07-01T18:00:58.756122,2026-07-01T18:00:58.763605+00:00,84.4,50,bid,FlawlessFlatbreads,DiligentDonuts,2740054
2026-07-01T18:00:58.756379,2026-07-01T18:00:58.769106+00:00,83.9,48,ask,DiligentDonuts,CostlyCorianders,2740055
2026-07-01T18:00:59.930413,2026-07-01T18:00:59.941773+00:00,83.9,42,ask,DiligentDonuts,CostlyCorianders,2740088
2026-07-01T18:01:02.426676,2026-07-01T18:01:02.438083+00:00,84.2,47,bid,CostlyCorianders,DiligentDonuts,2740125
2026-07-01T18:01:02.976209,2026-07-01T18:01:02.987476+00:00,84.2,50,bid,FlawlessFlatbreads,DiligentDonuts,2740137
2026-07-01T18:01:05.143873,2026-07-01T18:01:05.169004+00:00,83.8,50,ask,DiligentDonuts,FlawlessFlatbreads,2740194
2026-07-01T18:01:06.431292,2026-07-01T18:01:06.442713+00:00,83.8,48,ask,DiligentDonuts,CostlyCorianders,2740217
2026-07-01T18:01:07.252269,2026-07-01T18:01:07.259004+00:00,83.8,2,ask,DiligentDonuts,FlawlessFlatbreads,2740229
2026-07-01T18:01:07.252269,2026-07-01T18:01:07.264158+00:00,83.6,48,ask,EarnestEspressos,FlawlessFlatbreads,2740230
2026-07-01T18:01:11.441734,2026-07-01T18:01:11.463945+00:00,83.9,50,bid,FlawlessFlatbreads,EarnestEspressos,2740304
2026-07-01T18:01:12.074394,2026-07-01T18:01:12.085701+00:00,83.9,44,bid,CostlyCorianders,EarnestEspressos,2740316
2026-07-01T18:01:13.603053,2026-07-01T18:01:13.611478+00:00,83.5,50,ask,DiligentDonuts,FlawlessFlatbreads,2740348
2026-07-01T18:01:14.030679,2026-07-01T18:01:14.040383+00:00,83.9,12,bid,Xuanyu Liu,DiligentDonuts,2740356
2026-07-01T18:01:14.653945,2026-07-01T18:01:14.665235+00:00,83.9,43,bid,CostlyCorianders,DiligentDonuts,2740371
2026-07-01T18:01:14.708519,2026-07-01T18:01:14.720035+00:00,83.8,40,ask,EarnestEspressos,CostlyCorianders,2740372
2026-07-01T18:01:15.710039,2026-07-01T18:01:15.721375+00:00,83.8,50,ask,EarnestEspressos,FlawlessFlatbreads,2740391
2026-07-01T18:01:16.784591,2026-07-01T18:01:16.791660+00:00,83.8,42,ask,EarnestEspressos,CostlyCorianders,2740410
2026-07-01T18:01:17.556789,2026-07-01T18:01:17.556118+00:00,83.7,1,bid,Kelvin Chan,EarnestEspressos,2740421
2026-07-01T18:01:17.820429,2026-07-01T18:01:17.831877+00:00,83.4,50,ask,DiligentDonuts,FlawlessFlatbreads,2740425
2026-07-01T18:01:17.990552,2026-07-01T18:01:18.001811+00:00,83.7,46,bid,CostlyCorianders,EarnestEspressos,2740433
2026-07-01T18:01:18.490857,2026-07-01T18:01:18.502312+00:00,83.4,40,ask,DiligentDonuts,CostlyCorianders,2740442
2026-07-01T18:01:19.927513,2026-07-01T18:01:19.939178+00:00,83.4,10,ask,DiligentDonuts,FlawlessFlatbreads,2740473
2026-07-01T18:01:19.927513,2026-07-01T18:01:19.939178+00:00,83.2,40,ask,EarnestEspressos,FlawlessFlatbreads,2740474
2026-07-01T18:01:20.309133,2026-07-01T18:01:20.317159+00:00,83.6,11,bid,Xuanyu Liu,DiligentDonuts,2740481
2026-07-01T18:01:22.051045,2026-07-01T18:01:22.068719+00:00,83.2,50,ask,EarnestEspressos,FlawlessFlatbreads,2740508
2026-07-01T18:01:22.176694,2026-07-01T18:01:22.188339+00:00,83.6,42,bid,CostlyCorianders,DiligentDonuts,2740511
2026-07-01T18:01:22.699907,2026-07-01T18:01:22.711707+00:00,83.6,47,bid,CostlyCorianders,DiligentDonuts,2740521
2026-07-01T18:01:22.699907,2026-07-01T18:01:22.711707+00:00,83.7,2,bid,CostlyCorianders,EarnestEspressos,2740522
2026-07-01T18:01:23.659596,2026-07-01T18:01:23.669823+00:00,83.4,3,bid,Xuanyu Liu,EarnestEspressos,2740537
2026-07-01T18:01:24.156904,2026-07-01T18:01:24.163870+00:00,83.3,50,ask,DiligentDonuts,FlawlessFlatbreads,2740546
2026-07-01T18:01:25.833766,2026-07-01T18:01:25.863871+00:00,83.4,147,bid,Chester Au,EarnestEspressos,2740581
2026-07-01T18:01:26.212981,2026-07-01T18:01:26.224277+00:00,83.8,50,bid,FlawlessFlatbreads,DiligentDonuts,2740591
2026-07-01T18:01:27.143379,2026-07-01T18:01:27.169253+00:00,83.7,147,ask,EarnestEspressos,Chester Au,2740613
2026-07-01T18:01:27.159837,2026-07-01T18:01:27.169253+00:00,83.7,3,ask,EarnestEspressos,Xuanyu Liu,2740615
2026-07-01T18:01:28.370013,2026-07-01T18:01:28.381339+00:00,83.5,50,ask,DiligentDonuts,FlawlessFlatbreads,2740632
2026-07-01T18:01:29.973070,2026-07-01T18:01:29.979821+00:00,83.3,100,ask,DiligentDonuts,EarnestEspressos,2740677
2026-07-01T18:01:29.986644,2026-07-01T18:01:29.994324+00:00,83.3,3,bid,Xuanyu Liu,EarnestEspressos,2740678
2026-07-01T18:01:30.427338,2026-07-01T18:01:30.438836+00:00,83.3,47,bid,FlawlessFlatbreads,EarnestEspressos,2740685
2026-07-01T18:01:30.427338,2026-07-01T18:01:30.438836+00:00,83.8,3,bid,FlawlessFlatbreads,DiligentDonuts,2740686
2026-07-01T18:01:31.113737,2026-07-01T18:01:31.125445+00:00,82.8,47,ask,EarnestEspressos,CostlyCorianders,2740701
2026-07-01T18:01:32.167080,2026-07-01T18:01:32.174124+00:00,83.8,41,bid,CostlyCorianders,DiligentDonuts,2740716
2026-07-01T18:01:32.589244,2026-07-01T18:01:32.595618+00:00,82.8,50,ask,EarnestEspressos,FlawlessFlatbreads,2740728
2026-07-01T18:01:34.595335,2026-07-01T18:01:34.606697+00:00,83.2,48,ask,EarnestEspressos,CostlyCorianders,2740765
2026-07-01T18:01:34.695392,2026-07-01T18:01:34.706634+00:00,83.2,50,ask,EarnestEspressos,FlawlessFlatbreads,2740767
2026-07-01T18:01:36.304640,2026-07-01T18:01:36.312045+00:00,83.4,150,bid,Chester Au,EarnestEspressos,2740797
2026-07-01T18:01:36.718301,2026-07-01T18:01:36.727345+00:00,83.2,41,ask,DiligentDonuts,CostlyCorianders,2740810
2026-07-01T18:01:37.304447,2026-07-01T18:01:37.316043+00:00,83.7,49,bid,CostlyCorianders,DiligentDonuts,2740822
2026-07-01T18:01:38.295775,2026-07-01T18:01:38.307307+00:00,83.7,45,bid,CostlyCorianders,DiligentDonuts,2740837
2026-07-01T18:01:38.853944,2026-07-01T18:01:38.858548+00:00,83.7,6,bid,FlawlessFlatbreads,DiligentDonuts,2740848
2026-07-01T18:01:40.052415,2026-07-01T18:01:40.063718+00:00,83.6,44,ask,EarnestEspressos,CostlyCorianders,2740887
2026-07-01T18:01:40.961823,2026-07-01T18:01:40.973421+00:00,84.0,50,bid,FlawlessFlatbreads,DiligentDonuts,2740915
2026-07-01T18:01:41.077226,2026-07-01T18:01:41.088817+00:00,83.6,45,ask,EarnestEspressos,CostlyCorianders,2740919
2026-07-01T18:01:43.070517,2026-07-01T18:01:43.081755+00:00,83.8,50,bid,FlawlessFlatbreads,EarnestEspressos,2740951
2026-07-01T18:01:44.237872,2026-07-01T18:01:44.258791+00:00,83.7,5,bid,Chester Au,Kelvin Chan,2740973
2026-07-01T18:01:45.178906,2026-07-01T18:01:45.190350+00:00,83.7,5,bid,FlawlessFlatbreads,Kelvin Chan,2740994
2026-07-01T18:01:45.178906,2026-07-01T18:01:45.190350+00:00,83.8,45,bid,FlawlessFlatbreads,EarnestEspressos,2740995
2026-07-01T18:01:45.232895,2026-07-01T18:01:45.244314+00:00,83.8,43,bid,CostlyCorianders,EarnestEspressos,2740996
2026-07-01T18:01:45.743995,2026-07-01T18:01:45.746760+00:00,83.8,5,ask,EarnestEspressos,Kelvin Chan,2741002
2026-07-01T18:01:45.781279,2026-07-01T18:01:45.790224+00:00,83.8,5,ask,EarnestEspressos,Kelvin Chan,2741003
2026-07-01T18:01:45.881391,2026-07-01T18:01:45.892537+00:00,83.8,5,ask,EarnestEspressos,Kelvin Chan,2741005
2026-07-01T18:01:46.169601,2026-07-01T18:01:46.176139+00:00,83.8,5,ask,EarnestEspressos,Kelvin Chan,2741010
2026-07-01T18:01:46.312677,2026-07-01T18:01:46.324035+00:00,83.8,44,ask,EarnestEspressos,CostlyCorianders,2741015
2026-07-01T18:01:46.552168,2026-07-01T18:01:46.558373+00:00,83.8,4,ask,EarnestEspressos,Kelvin Chan,2741017
2026-07-01T18:01:46.796949,2026-07-01T18:01:46.808038+00:00,83.8,4,ask,EarnestEspressos,Kelvin Chan,2741020
2026-07-01T18:01:46.854911,2026-07-01T18:01:46.863981+00:00,83.8,78,ask,EarnestEspressos,Chester Au,2741023
2026-07-01T18:01:47.340525,2026-07-01T18:01:47.364024+00:00,83.6,50,ask,DiligentDonuts,FlawlessFlatbreads,2741036
2026-07-01T18:01:49.449220,2026-07-01T18:01:49.458576+00:00,83.4,50,ask,DiligentDonuts,FlawlessFlatbreads,2741079
2026-07-01T18:01:49.939078,2026-07-01T18:01:49.948498+00:00,83.7,41,bid,CostlyCorianders,EarnestEspressos,2741087
2026-07-01T18:01:50.793246,2026-07-01T18:01:50.801753+00:00,83.7,109,bid,Chester Au,EarnestEspressos,2741116
2026-07-01T18:01:50.995205,2026-07-01T18:01:51.006833+00:00,83.4,41,ask,DiligentDonuts,CostlyCorianders,2741119
2026-07-01T18:01:51.557737,2026-07-01T18:01:51.569569+00:00,83.5,5,ask,Kelvin Chan,FlawlessFlatbreads,2741126
2026-07-01T18:01:51.557737,2026-07-01T18:01:51.569569+00:00,83.4,9,ask,DiligentDonuts,FlawlessFlatbreads,2741127
2026-07-01T18:01:51.557737,2026-07-01T18:01:51.569569+00:00,83.2,36,ask,EarnestEspressos,FlawlessFlatbreads,2741128
2026-07-01T18:01:51.972956,2026-07-01T18:01:51.979801+00:00,83.8,1,bid,CostlyCorianders,Kelvin Chan,2741138
2026-07-01T18:01:51.972956,2026-07-01T18:01:51.985225+00:00,83.9,43,bid,CostlyCorianders,DiligentDonuts,2741139
2026-07-01T18:01:52.054862,2026-07-01T18:01:52.063907+00:00,83.9,57,bid,EarnestEspressos,DiligentDonuts,2741143
2026-07-01T18:01:52.120202,2026-07-01T18:01:52.127545+00:00,83.9,3,ask,EarnestEspressos,Xuanyu Liu,2741147
2026-07-01T18:01:53.416087,2026-07-01T18:01:53.427104+00:00,83.9,90,ask,EarnestEspressos,Chester Au,2741173
2026-07-01T18:01:53.560984,2026-07-01T18:01:53.568881+00:00,83.5,4,ask,Kelvin Chan,CostlyCorianders,2741180
2026-07-01T18:01:53.560984,2026-07-01T18:01:53.568881+00:00,83.4,40,ask,DiligentDonuts,CostlyCorianders,2741181
2026-07-01T18:01:54.978512,2026-07-01T18:01:54.988849+00:00,83.8,2,bid,CostlyCorianders,Kelvin Chan,2741196
2026-07-01T18:01:55.273673,2026-07-01T18:01:55.297104+00:00,83.5,4,ask,Kelvin Chan,EarnestEspressos,2741205
2026-07-01T18:01:55.285106,2026-07-01T18:01:55.297104+00:00,83.5,3,bid,Kelvin Chan,EarnestEspressos,2741206
2026-07-01T18:01:55.330086,2026-07-01T18:01:55.338529+00:00,83.5,3,bid,Xuanyu Liu,EarnestEspressos,2741210
2026-07-01T18:01:55.771090,2026-07-01T18:01:55.782274+00:00,83.3,50,ask,DiligentDonuts,FlawlessFlatbreads,2741224
2026-07-01T18:01:56.329777,2026-07-01T18:01:56.341025+00:00,83.5,2,bid,Kelvin Chan,EarnestEspressos,2741229
2026-07-01T18:01:56.361395,2026-07-01T18:01:56.369936+00:00,83.5,3,bid,Kelvin Chan,EarnestEspressos,2741230
2026-07-01T18:01:58.079967,2026-07-01T18:01:58.091226+00:00,83.5,43,bid,CostlyCorianders,EarnestEspressos,2741257
2026-07-01T18:01:58.687633,2026-07-01T18:01:58.697397+00:00,83.6,43,bid,CostlyCorianders,DiligentDonuts,2741272
2026-07-01T18:01:59.943921,2026-07-01T18:01:59.955314+00:00,83.6,50,bid,FlawlessFlatbreads,DiligentDonuts,2741292
2026-07-01T18:02:02.053993,2026-07-01T18:02:02.063841+00:00,83.6,50,bid,FlawlessFlatbreads,EarnestEspressos,2741348
2026-07-01T18:02:02.319921,2026-07-01T18:02:02.327206+00:00,83.4,1,ask,Kelvin Chan,CostlyCorianders,2741357
2026-07-01T18:02:02.319921,2026-07-01T18:02:02.332410+00:00,83.3,42,ask,DiligentDonuts,CostlyCorianders,2741358
2026-07-01T18:02:02.594636,2026-07-01T18:02:02.608698+00:00,83.6,100,bid,Chester Au,EarnestEspressos,2741369
2026-07-01T18:02:03.478415,2026-07-01T18:02:03.489993+00:00,83.8,3,bid,CostlyCorianders,Kelvin Chan,2741384
2026-07-01T18:02:03.478415,2026-07-01T18:02:03.489993+00:00,83.8,46,bid,CostlyCorianders,DiligentDonuts,2741385
2026-07-01T18:02:03.715707,2026-07-01T18:02:03.727173+00:00,83.7,4,bid,Chester Au,Kelvin Chan,2741388
2026-07-01T18:02:04.162609,2026-07-01T18:02:04.169180+00:00,83.7,4,bid,EarnestEspressos,Kelvin Chan,2741395
2026-07-01T18:02:04.162609,2026-07-01T18:02:04.174214+00:00,83.8,46,bid,FlawlessFlatbreads,DiligentDonuts,2741396
2026-07-01T18:02:04.731638,2026-07-01T18:02:04.741064+00:00,83.7,4,bid,FlawlessFlatbreads,Kelvin Chan,2741413
2026-07-01T18:02:04.759616,2026-07-01T18:02:04.769452+00:00,83.8,3,ask,EarnestEspressos,Xuanyu Liu,2741414
2026-07-01T18:02:05.090220,2026-07-01T18:02:05.096520+00:00,83.8,3,ask,EarnestEspressos,Kelvin Chan,2741422
2026-07-01T18:02:05.121377,2026-07-01T18:02:05.132604+00:00,83.8,3,ask,EarnestEspressos,Kelvin Chan,2741424
2026-07-01T18:02:05.580169,2026-07-01T18:02:05.588878+00:00,83.8,2,ask,EarnestEspressos,Kelvin Chan,2741430
2026-07-01T18:02:05.818481,2026-07-01T18:02:05.825374+00:00,83.8,2,ask,EarnestEspressos,Kelvin Chan,2741433
2026-07-01T18:02:05.845277,2026-07-01T18:02:05.847244+00:00,83.8,2,ask,EarnestEspressos,Kelvin Chan,2741434
2026-07-01T18:02:07.517735,2026-07-01T18:02:07.529120+00:00,83.8,49,ask,EarnestEspressos,CostlyCorianders,2741482
2026-07-01T18:02:08.437559,2026-07-01T18:02:08.448456+00:00,83.7,50,ask,DiligentDonuts,FlawlessFlatbreads,2741501
2026-07-01T18:02:10.520713,2026-07-01T18:02:10.532116+00:00,83.8,2,bid,CostlyCorianders,Kelvin Chan,2741539
2026-07-01T18:02:10.564032,2026-07-01T18:02:10.574127+00:00,83.7,50,ask,DiligentDonuts,FlawlessFlatbreads,2741542
2026-07-01T18:02:11.619485,2026-07-01T18:02:11.630962+00:00,83.7,41,ask,EarnestEspressos,CostlyCorianders,2741557
2026-07-01T18:02:11.803630,2026-07-01T18:02:11.816148+00:00,83.9,3,bid,Xuanyu Liu,DiligentDonuts,2741564
2026-07-01T18:02:12.670328,2026-07-01T18:02:12.681555+00:00,83.7,50,ask,EarnestEspressos,FlawlessFlatbreads,2741577
2026-07-01T18:02:14.746969,2026-07-01T18:02:14.764095+00:00,83.7,48,ask,DiligentDonuts,CostlyCorianders,2741605
2026-07-01T18:02:14.800620,2026-07-01T18:02:14.807498+00:00,83.7,50,ask,DiligentDonuts,FlawlessFlatbreads,2741607
2026-07-01T18:02:16.906596,2026-07-01T18:02:16.917894+00:00,83.7,2,ask,DiligentDonuts,FlawlessFlatbreads,2741647
2026-07-01T18:02:17.297991,2026-07-01T18:02:17.309731+00:00,83.8,1,bid,CostlyCorianders,Kelvin Chan,2741649
2026-07-01T18:02:17.297991,2026-07-01T18:02:17.309731+00:00,83.8,42,bid,CostlyCorianders,DiligentDonuts,2741650
2026-07-01T18:02:19.020512,2026-07-01T18:02:19.030269+00:00,83.6,3,ask,Kelvin Chan,FlawlessFlatbreads,2741674
2026-07-01T18:02:19.020512,2026-07-01T18:02:19.030269+00:00,83.5,47,ask,EarnestEspressos,FlawlessFlatbreads,2741675
2026-07-01T18:02:20.199847,2026-07-01T18:02:20.213328+00:00,83.8,45,bid,CostlyCorianders,DiligentDonuts,2741687
2026-07-01T18:02:21.129478,2026-07-01T18:02:21.141072+00:00,83.6,6,ask,Kelvin Chan,FlawlessFlatbreads,2741713
2026-07-01T18:02:21.129478,2026-07-01T18:02:21.141072+00:00,83.4,44,ask,DiligentDonuts,FlawlessFlatbreads,2741714
2026-07-01T18:02:21.307175,2026-07-01T18:02:21.316040+00:00,83.7,43,bid,CostlyCorianders,EarnestEspressos,2741716
2026-07-01T18:02:22.266301,2026-07-01T18:02:22.273904+00:00,83.5,5,ask,Kelvin Chan,CostlyCorianders,2741738
2026-07-01T18:02:22.266301,2026-07-01T18:02:22.273904+00:00,83.4,43,ask,DiligentDonuts,CostlyCorianders,2741739
2026-07-01T18:02:22.790651,2026-07-01T18:02:22.798483+00:00,83.7,42,bid,CostlyCorianders,EarnestEspressos,2741744
2026-07-01T18:02:23.270782,2026-07-01T18:02:23.279446+00:00,83.7,3,bid,Xuanyu Liu,EarnestEspressos,2741755
2026-07-01T18:02:25.376835,2026-07-01T18:02:25.388170+00:00,83.8,50,ask,EarnestEspressos,FlawlessFlatbreads,2741801
2026-07-01T18:02:27.456388,2026-07-01T18:02:27.469067+00:00,83.9,50,bid,FlawlessFlatbreads,DiligentDonuts,2741821
2026-07-01T18:02:29.434656,2026-07-01T18:02:29.448370+00:00,83.6,48,ask,EarnestEspressos,CostlyCorianders,2741866
2026-07-01T18:02:29.612495,2026-07-01T18:02:29.624011+00:00,83.6,50,ask,EarnestEspressos,FlawlessFlatbreads,2741868
2026-07-01T18:02:29.962877,2026-07-01T18:02:29.974100+00:00,84.1,46,bid,CostlyCorianders,EarnestEspressos,2741871
2026-07-01T18:02:31.098222,2026-07-01T18:02:31.105617+00:00,83.6,43,ask,DiligentDonuts,CostlyCorianders,2741892
2026-07-01T18:02:31.721718,2026-07-01T18:02:31.729138+00:00,83.6,50,ask,DiligentDonuts,FlawlessFlatbreads,2741903
2026-07-01T18:02:32.131608,2026-07-01T18:02:32.158579+00:00,83.6,7,ask,DiligentDonuts,CostlyCorianders,2741912
2026-07-01T18:02:32.131608,2026-07-01T18:02:32.158579+00:00,83.5,5,ask,Kelvin Chan,CostlyCorianders,2741913
2026-07-01T18:02:32.131608,2026-07-01T18:02:32.158579+00:00,83.4,33,ask,EarnestEspressos,CostlyCorianders,2741914
2026-07-01T18:02:33.777503,2026-07-01T18:02:33.783667+00:00,83.6,50,bid,FlawlessFlatbreads,DiligentDonuts,2741946
2026-07-01T18:02:37.696876,2026-07-01T18:02:37.707974+00:00,83.6,45,bid,CostlyCorianders,EarnestEspressos,2742018
2026-07-01T18:02:38.659066,2026-07-01T18:02:38.670276+00:00,83.6,47,bid,CostlyCorianders,EarnestEspressos,2742046
2026-07-01T18:02:39.365340,2026-07-01T18:02:39.374855+00:00,83.2,47,ask,DiligentDonuts,CostlyCorianders,2742053
2026-07-01T18:02:42.193353,2026-07-01T18:02:42.204323+00:00,83.7,4,bid,FlawlessFlatbreads,Kelvin Chan,2742114
2026-07-01T18:02:42.193353,2026-07-01T18:02:42.204323+00:00,83.7,46,bid,FlawlessFlatbreads,DiligentDonuts,2742115
2026-07-01T18:02:44.300545,2026-07-01T18:02:44.311853+00:00,83.7,2,bid,FlawlessFlatbreads,Kelvin Chan,2742159
2026-07-01T18:02:44.300545,2026-07-01T18:02:44.311853+00:00,83.9,48,bid,FlawlessFlatbreads,DiligentDonuts,2742160
2026-07-01T18:02:44.641054,2026-07-01T18:02:44.653130+00:00,83.7,2,bid,Xuanyu Liu,Kelvin Chan,2742169
2026-07-01T18:02:45.389917,2026-07-01T18:02:45.401500+00:00,83.6,49,ask,EarnestEspressos,CostlyCorianders,2742180
2026-07-01T18:02:46.409870,2026-07-01T18:02:46.421779+00:00,83.8,2,bid,FlawlessFlatbreads,Kelvin Chan,2742198
2026-07-01T18:02:46.409870,2026-07-01T18:02:46.421779+00:00,84.0,48,bid,FlawlessFlatbreads,EarnestEspressos,2742199
2026-07-01T18:02:47.154469,2026-07-01T18:02:47.157960+00:00,83.8,3,bid,CostlyCorianders,Kelvin Chan,2742220
2026-07-01T18:02:47.154469,2026-07-01T18:02:47.157960+00:00,84.0,40,bid,CostlyCorianders,EarnestEspressos,2742221
2026-07-01T18:02:48.046285,2026-07-01T18:02:48.064022+00:00,84.0,41,bid,CostlyCorianders,EarnestEspressos,2742231
2026-07-01T18:02:48.578115,2026-07-01T18:02:48.588331+00:00,83.6,50,ask,DiligentDonuts,FlawlessFlatbreads,2742238
2026-07-01T18:02:49.017887,2026-07-01T18:02:49.029189+00:00,83.9,100,bid,EarnestEspressos,DiligentDonuts,2742248
2026-07-01T18:02:49.084543,2026-07-01T18:02:49.091963+00:00,83.9,5,ask,EarnestEspressos,Xuanyu Liu,2742249
2026-07-01T18:02:49.424530,2026-07-01T18:02:49.433407+00:00,83.9,5,ask,EarnestEspressos,Kelvin Chan,2742257
2026-07-01T18:02:49.524477,2026-07-01T18:02:49.534266+00:00,83.9,5,ask,EarnestEspressos,Kelvin Chan,2742258
2026-07-01T18:02:50.686950,2026-07-01T18:02:50.698679+00:00,83.9,35,ask,EarnestEspressos,FlawlessFlatbreads,2742300
2026-07-01T18:02:50.686950,2026-07-01T18:02:50.698679+00:00,83.4,15,ask,DiligentDonuts,FlawlessFlatbreads,2742301
2026-07-01T18:02:50.975595,2026-07-01T18:02:50.985174+00:00,83.4,47,ask,DiligentDonuts,CostlyCorianders,2742303
2026-07-01T18:02:52.799733,2026-07-01T18:02:52.808964+00:00,83.6,5,ask,Kelvin Chan,FlawlessFlatbreads,2742341
2026-07-01T18:02:52.799733,2026-07-01T18:02:52.808964+00:00,83.5,45,ask,DiligentDonuts,FlawlessFlatbreads,2742342
2026-07-01T18:02:54.910668,2026-07-01T18:02:54.920102+00:00,83.5,50,ask,DiligentDonuts,FlawlessFlatbreads,2742377
2026-07-01T18:02:55.183589,2026-07-01T18:02:55.192745+00:00,83.6,14,bid,Xuanyu Liu,DiligentDonuts,2742382
2026-07-01T18:02:55.999747,2026-07-01T18:02:56.009018+00:00,83.6,12,bid,Xuanyu Liu,DiligentDonuts,2742402
2026-07-01T18:02:56.825297,2026-07-01T18:02:56.832231+00:00,83.6,46,bid,CostlyCorianders,DiligentDonuts,2742416
2026-07-01T18:02:57.017230,2026-07-01T18:02:57.028479+00:00,83.4,50,ask,EarnestEspressos,FlawlessFlatbreads,2742422
2026-07-01T18:02:59.123919,2026-07-01T18:02:59.135270+00:00,83.5,50,ask,DiligentDonuts,FlawlessFlatbreads,2742461
2026-07-01T18:03:00.855303,2026-07-01T18:03:00.858576+00:00,83.8,46,bid,CostlyCorianders,EarnestEspressos,2742501
2026-07-01T18:03:01.180829,2026-07-01T18:03:01.192275+00:00,83.8,50,bid,FlawlessFlatbreads,EarnestEspressos,2742507
2026-07-01T18:03:01.440741,2026-07-01T18:03:01.458546+00:00,83.3,48,ask,EarnestEspressos,CostlyCorianders,2742515
2026-07-01T18:03:02.584461,2026-07-01T18:03:02.600307+00:00,83.5,2,ask,Kelvin Chan,CostlyCorianders,2742529
2026-07-01T18:03:02.584461,2026-07-01T18:03:02.600307+00:00,83.4,41,ask,DiligentDonuts,CostlyCorianders,2742530
2026-07-01T18:03:03.201169,2026-07-01T18:03:03.207485+00:00,83.8,3,bid,CostlyCorianders,Kelvin Chan,2742536
2026-07-01T18:03:03.201169,2026-07-01T18:03:03.212693+00:00,83.9,46,bid,CostlyCorianders,DiligentDonuts,2742537
2026-07-01T18:03:03.728515,2026-07-01T18:03:03.740063+00:00,83.4,49,ask,DiligentDonuts,CostlyCorianders,2742556
2026-07-01T18:03:05.391794,2026-07-01T18:03:05.403271+00:00,83.7,50,bid,FlawlessFlatbreads,DiligentDonuts,2742596
2026-07-01T18:03:07.418838,2026-07-01T18:03:07.425868+00:00,83.7,45,bid,CostlyCorianders,DiligentDonuts,2742629
2026-07-01T18:03:07.554224,2026-07-01T18:03:07.564422+00:00,83.5,2,ask,Kelvin Chan,FlawlessFlatbreads,2742639
2026-07-01T18:03:07.554224,2026-07-01T18:03:07.564422+00:00,83.4,48,ask,EarnestEspressos,FlawlessFlatbreads,2742640
2026-07-01T18:03:09.136944,2026-07-01T18:03:09.149382+00:00,83.8,1,bid,CostlyCorianders,Kelvin Chan,2742672
2026-07-01T18:03:09.136944,2026-07-01T18:03:09.149382+00:00,83.8,47,bid,CostlyCorianders,EarnestEspressos,2742673
2026-07-01T18:03:09.609211,2026-07-01T18:03:09.619349+00:00,83.8,50,bid,FlawlessFlatbreads,EarnestEspressos,2742683
2026-07-01T18:03:09.792559,2026-07-01T18:03:09.803772+00:00,83.6,45,ask,DiligentDonuts,CostlyCorianders,2742687
2026-07-01T18:03:11.768915,2026-07-01T18:03:11.779251+00:00,83.5,50,ask,EarnestEspressos,FlawlessFlatbreads,2742729
2026-07-01T18:03:12.952931,2026-07-01T18:03:12.964376+00:00,83.8,2,bid,CostlyCorianders,Kelvin Chan,2742749
2026-07-01T18:03:12.952931,2026-07-01T18:03:12.964376+00:00,83.8,41,bid,CostlyCorianders,DiligentDonuts,2742750
2026-07-01T18:03:13.824002,2026-07-01T18:03:13.835324+00:00,83.8,50,bid,FlawlessFlatbreads,DiligentDonuts,2742764
2026-07-01T18:03:13.907860,2026-07-01T18:03:13.918729+00:00,83.5,41,ask,EarnestEspressos,CostlyCorianders,2742765
2026-07-01T18:03:14.827153,2026-07-01T18:03:14.834915+00:00,83.6,42,ask,DiligentDonuts,CostlyCorianders,2742781
2026-07-01T18:03:15.930589,2026-07-01T18:03:15.941867+00:00,83.7,50,bid,FlawlessFlatbreads,EarnestEspressos,2742794
2026-07-01T18:03:16.461626,2026-07-01T18:03:16.472995+00:00,83.7,48,bid,CostlyCorianders,EarnestEspressos,2742803
2026-07-01T18:03:16.516561,2026-07-01T18:03:16.522790+00:00,83.6,48,ask,DiligentDonuts,CostlyCorianders,2742806
2026-07-01T18:03:20.203517,2026-07-01T18:03:20.214849+00:00,83.7,50,ask,EarnestEspressos,FlawlessFlatbreads,2742875
2026-07-01T18:03:22.259936,2026-07-01T18:03:22.271639+00:00,83.8,1,bid,FlawlessFlatbreads,Kelvin Chan,2742932
2026-07-01T18:03:22.259936,2026-07-01T18:03:22.271639+00:00,83.8,49,bid,FlawlessFlatbreads,DiligentDonuts,2742933
2026-07-01T18:03:22.740826,2026-07-01T18:03:22.749545+00:00,83.8,41,bid,CostlyCorianders,DiligentDonuts,2742947
2026-07-01T18:03:26.344673,2026-07-01T18:03:26.363629+00:00,83.7,44,ask,DiligentDonuts,CostlyCorianders,2743017
2026-07-01T18:03:26.478893,2026-07-01T18:03:26.490177+00:00,83.8,5,bid,FlawlessFlatbreads,Kelvin Chan,2743018
2026-07-01T18:03:26.478893,2026-07-01T18:03:26.490177+00:00,84.0,45,bid,FlawlessFlatbreads,EarnestEspressos,2743019
2026-07-01T18:03:28.610112,2026-07-01T18:03:28.620875+00:00,83.8,3,bid,FlawlessFlatbreads,Kelvin Chan,2743073
2026-07-01T18:03:28.610112,2026-07-01T18:03:28.620875+00:00,84.0,47,bid,FlawlessFlatbreads,DiligentDonuts,2743074
2026-07-01T18:03:28.887404,2026-07-01T18:03:28.898714+00:00,84.0,41,bid,CostlyCorianders,DiligentDonuts,2743082
2026-07-01T18:03:29.356871,2026-07-01T18:03:29.363596+00:00,83.6,48,ask,EarnestEspressos,CostlyCorianders,2743089
2026-07-01T18:03:29.928454,2026-07-01T18:03:29.937033+00:00,83.7,12,ask,DiligentDonuts,Xuanyu Liu,2743100
2026-07-01T18:03:30.942274,2026-07-01T18:03:30.953561+00:00,83.8,47,bid,CostlyCorianders,EarnestEspressos,2743127
2026-07-01T18:03:32.379651,2026-07-01T18:03:32.388291+00:00,83.8,44,bid,CostlyCorianders,EarnestEspressos,2743168
2026-07-01T18:03:32.852334,2026-07-01T18:03:32.868986+00:00,83.8,50,bid,FlawlessFlatbreads,EarnestEspressos,2743181
2026-07-01T18:03:33.345833,2026-07-01T18:03:33.357154+00:00,83.9,2,bid,EarnestEspressos,Kelvin Chan,2743186
2026-07-01T18:03:33.359574,2026-07-01T18:03:33.368075+00:00,83.9,14,ask,EarnestEspressos,Xuanyu Liu,2743187
2026-07-01T18:03:33.502317,2026-07-01T18:03:33.512666+00:00,83.9,3,ask,EarnestEspressos,Kelvin Chan,2743192
2026-07-01T18:03:33.549429,2026-07-01T18:03:33.558583+00:00,83.9,2,ask,EarnestEspressos,Kelvin Chan,2743193
2026-07-01T18:03:33.807140,2026-07-01T18:03:33.817704+00:00,83.9,2,ask,EarnestEspressos,Kelvin Chan,2743194
2026-07-01T18:03:34.063189,2026-07-01T18:03:34.074010+00:00,83.9,2,ask,EarnestEspressos,Kelvin Chan,2743199
2026-07-01T18:03:34.345792,2026-07-01T18:03:34.363925+00:00,83.9,2,ask,EarnestEspressos,Kelvin Chan,2743201
2026-07-01T18:03:34.508471,2026-07-01T18:03:34.519631+00:00,83.9,2,ask,EarnestEspressos,Kelvin Chan,2743202
2026-07-01T18:03:34.808035,2026-07-01T18:03:34.814931+00:00,83.9,2,ask,EarnestEspressos,Kelvin Chan,2743208
2026-07-01T18:03:37.137650,2026-07-01T18:03:37.143836+00:00,84.0,50,ask,EarnestEspressos,FlawlessFlatbreads,2743262
2026-07-01T18:03:41.162398,2026-07-01T18:03:41.173902+00:00,83.7,43,ask,DiligentDonuts,CostlyCorianders,2743337
2026-07-01T18:03:41.324334,2026-07-01T18:03:41.335103+00:00,84.0,50,bid,FlawlessFlatbreads,EarnestEspressos,2743338
2026-07-01T18:03:41.668303,2026-07-01T18:03:41.679796+00:00,83.7,47,ask,DiligentDonuts,CostlyCorianders,2743345
2026-07-01T18:03:42.195129,2026-07-01T18:03:42.203600+00:00,83.7,10,ask,DiligentDonuts,CostlyCorianders,2743353
2026-07-01T18:03:43.484827,2026-07-01T18:03:43.496264+00:00,83.8,50,ask,EarnestEspressos,FlawlessFlatbreads,2743384
2026-07-01T18:03:44.901169,2026-07-01T18:03:44.910833+00:00,83.9,44,bid,CostlyCorianders,DiligentDonuts,2743403
2026-07-01T18:03:45.412865,2026-07-01T18:03:45.420306+00:00,83.9,48,bid,CostlyCorianders,DiligentDonuts,2743413
2026-07-01T18:03:45.467259,2026-07-01T18:03:45.478653+00:00,83.8,46,ask,EarnestEspressos,CostlyCorianders,2743414
2026-07-01T18:03:45.611638,2026-07-01T18:03:45.622847+00:00,83.8,50,ask,EarnestEspressos,FlawlessFlatbreads,2743418
2026-07-01T18:03:46.075922,2026-07-01T18:03:46.087338+00:00,83.7,3,ask,Kelvin Chan,EarnestEspressos,2743433
2026-07-01T18:03:46.089017,2026-07-01T18:03:46.100771+00:00,83.7,3,bid,Xuanyu Liu,EarnestEspressos,2743435
2026-07-01T18:03:46.092595,2026-07-01T18:03:46.100771+00:00,83.7,43,bid,CostlyCorianders,EarnestEspressos,2743436
2026-07-01T18:03:46.173689,2026-07-01T18:03:46.181039+00:00,83.6,46,ask,DiligentDonuts,CostlyCorianders,2743438
2026-07-01T18:03:46.660876,2026-07-01T18:03:46.672407+00:00,83.7,40,bid,CostlyCorianders,EarnestEspressos,2743445
2026-07-01T18:03:47.717633,2026-07-01T18:03:47.729172+00:00,83.6,50,ask,DiligentDonuts,FlawlessFlatbreads,2743470
2026-07-01T18:03:48.753610,2026-07-01T18:03:48.757151+00:00,83.6,4,ask,DiligentDonuts,CostlyCorianders,2743487
2026-07-01T18:03:48.753610,2026-07-01T18:03:48.757151+00:00,83.2,43,ask,EarnestEspressos,CostlyCorianders,2743488
2026-07-01T18:03:49.362633,2026-07-01T18:03:49.374124+00:00,83.8,45,bid,CostlyCorianders,DiligentDonuts,2743502
2026-07-01T18:03:49.834954,2026-07-01T18:03:49.858559+00:00,83.3,50,ask,DiligentDonuts,FlawlessFlatbreads,2743519
2026-07-01T18:03:51.417426,2026-07-01T18:03:51.427759+00:00,83.3,41,ask,EarnestEspressos,FlawlessFlatbreads,2743544
2026-07-01T18:03:51.941512,2026-07-01T18:03:51.958846+00:00,83.3,9,ask,DiligentDonuts,FlawlessFlatbreads,2743563
2026-07-01T18:03:51.941512,2026-07-01T18:03:51.958846+00:00,83.3,41,ask,DiligentDonuts,CostlyCorianders,2743564
2026-07-01T18:03:52.130612,2026-07-01T18:03:52.139047+00:00,83.6,11,bid,Xuanyu Liu,DiligentDonuts,2743565
2026-07-01T18:03:52.437533,2026-07-01T18:03:52.448493+00:00,83.6,46,bid,CostlyCorianders,DiligentDonuts,2743570
2026-07-01T18:03:52.885461,2026-07-01T18:03:52.894821+00:00,83.6,12,bid,Xuanyu Liu,DiligentDonuts,2743587
2026-07-01T18:03:54.084014,2026-07-01T18:03:54.095484+00:00,83.2,50,ask,EarnestEspressos,FlawlessFlatbreads,2743614
2026-07-01T18:03:55.571936,2026-07-01T18:03:55.594525+00:00,83.4,100,ask,DiligentDonuts,EarnestEspressos,2743643
2026-07-01T18:03:55.584371,2026-07-01T18:03:55.594525+00:00,83.4,23,bid,Xuanyu Liu,EarnestEspressos,2743644
2026-07-01T18:03:56.192299,2026-07-01T18:03:56.202858+00:00,82.9,50,ask,EarnestEspressos,FlawlessFlatbreads,2743661
2026-07-01T18:03:58.270562,2026-07-01T18:03:58.279470+00:00,83.4,27,bid,FlawlessFlatbreads,EarnestEspressos,2743719
2026-07-01T18:03:58.270562,2026-07-01T18:03:58.279470+00:00,83.9,23,bid,FlawlessFlatbreads,DiligentDonuts,2743720
2026-07-01T18:03:58.427495,2026-07-01T18:03:58.436480+00:00,83.0,45,ask,DiligentDonuts,CostlyCorianders,2743723
2026-07-01T18:03:58.900028,2026-07-01T18:03:58.906844+00:00,83.3,48,ask,EarnestEspressos,CostlyCorianders,2743731
2026-07-01T18:04:00.377529,2026-07-01T18:04:00.389162+00:00,83.5,50,bid,FlawlessFlatbreads,DiligentDonuts,2743752
2026-07-01T18:04:02.488727,2026-07-01T18:04:02.500339+00:00,83.7,50,bid,FlawlessFlatbreads,DiligentDonuts,2743790
2026-07-01T18:04:04.596891,2026-07-01T18:04:04.607895+00:00,83.7,50,bid,FlawlessFlatbreads,DiligentDonuts,2743828
2026-07-01T18:04:06.708829,2026-07-01T18:04:06.717099+00:00,83.7,3,bid,FlawlessFlatbreads,Kelvin Chan,2743864
2026-07-01T18:04:06.708829,2026-07-01T18:04:06.717099+00:00,83.8,47,bid,FlawlessFlatbreads,EarnestEspressos,2743865
2026-07-01T18:04:07.960747,2026-07-01T18:04:07.976301+00:00,83.7,12,ask,DiligentDonuts,Xuanyu Liu,2743898
2026-07-01T18:04:08.751989,2026-07-01T18:04:08.764033+00:00,84.1,43,bid,CostlyCorianders,EarnestEspressos,2743915
2026-07-01T18:04:08.818895,2026-07-01T18:04:08.830133+00:00,84.1,50,bid,FlawlessFlatbreads,EarnestEspressos,2743916
2026-07-01T18:04:09.204907,2026-07-01T18:04:09.214234+00:00,83.7,1,ask,DiligentDonuts,Kelvin Chan,2743920
2026-07-01T18:04:10.927245,2026-07-01T18:04:10.938700+00:00,83.8,1,bid,FlawlessFlatbreads,Kelvin Chan,2743960
2026-07-01T18:04:10.927245,2026-07-01T18:04:10.938700+00:00,84.1,49,bid,FlawlessFlatbreads,EarnestEspressos,2743961
2026-07-01T18:04:11.332400,2026-07-01T18:04:11.338988+00:00,84.2,100,bid,EarnestEspressos,DiligentDonuts,2743966
2026-07-01T18:04:11.378255,2026-07-01T18:04:11.385330+00:00,84.2,1,ask,EarnestEspressos,Kelvin Chan,2743967
2026-07-01T18:04:11.396894,2026-07-01T18:04:11.405424+00:00,84.2,2,ask,EarnestEspressos,Xuanyu Liu,2743968
2026-07-01T18:04:11.406435,2026-07-01T18:04:11.414266+00:00,84.2,35,ask,EarnestEspressos,Xuanyu Liu,2743970
2026-07-01T18:04:12.374837,2026-07-01T18:04:12.386229+00:00,84.2,12,ask,EarnestEspressos,CostlyCorianders,2743990
2026-07-01T18:04:12.374837,2026-07-01T18:04:12.386229+00:00,83.7,35,ask,DiligentDonuts,CostlyCorianders,2743991
2026-07-01T18:04:13.041649,2026-07-01T18:04:13.063825+00:00,84.7,50,bid,FlawlessFlatbreads,EarnestEspressos,2744010
2026-07-01T18:04:13.400918,2026-07-01T18:04:13.413075+00:00,84.7,43,bid,CostlyCorianders,EarnestEspressos,2744016
2026-07-01T18:04:13.566147,2026-07-01T18:04:13.574533+00:00,83.9,1,bid,Xuanyu Liu,Kelvin Chan,2744028
2026-07-01T18:04:13.904108,2026-07-01T18:04:13.915361+00:00,83.7,42,ask,DiligentDonuts,CostlyCorianders,2744040
2026-07-01T18:04:15.148829,2026-07-01T18:04:15.163625+00:00,84.2,50,bid,FlawlessFlatbreads,DiligentDonuts,2744057
2026-07-01T18:04:17.255406,2026-07-01T18:04:17.266796+00:00,84.2,50,bid,FlawlessFlatbreads,DiligentDonuts,2744100
2026-07-01T18:04:18.362289,2026-07-01T18:04:18.368850+00:00,84.3,49,bid,CostlyCorianders,DiligentDonuts,2744120
2026-07-01T18:04:19.362369,2026-07-01T18:04:19.369132+00:00,84.3,50,bid,FlawlessFlatbreads,DiligentDonuts,2744138
2026-07-01T18:04:20.546109,2026-07-01T18:04:20.551226+00:00,84.1,6,bid,DiligentDonuts,Kelvin Chan,2744158
2026-07-01T18:04:20.559753,2026-07-01T18:04:20.567172+00:00,84.1,1,ask,DiligentDonuts,Xuanyu Liu,2744159
2026-07-01T18:04:21.470379,2026-07-01T18:04:21.481996+00:00,84.2,50,bid,FlawlessFlatbreads,EarnestEspressos,2744187
2026-07-01T18:04:21.569355,2026-07-01T18:04:21.580336+00:00,84.1,5,ask,DiligentDonuts,Kelvin Chan,2744188
2026-07-01T18:04:21.672766,2026-07-01T18:04:21.684435+00:00,84.1,5,ask,DiligentDonuts,Kelvin Chan,2744190
2026-07-01T18:04:22.002802,2026-07-01T18:04:22.011793+00:00,84.1,42,ask,DiligentDonuts,CostlyCorianders,2744204
2026-07-01T18:04:22.580688,2026-07-01T18:04:22.589927+00:00,84.2,47,bid,CostlyCorianders,EarnestEspressos,2744212
2026-07-01T18:04:23.578573,2026-07-01T18:04:23.589884+00:00,84.2,50,bid,FlawlessFlatbreads,EarnestEspressos,2744231
2026-07-01T18:04:23.985088,2026-07-01T18:04:23.992700+00:00,84.4,100,bid,EarnestEspressos,DiligentDonuts,2744242
2026-07-01T18:04:24.048342,2026-07-01T18:04:24.069607+00:00,84.4,14,ask,EarnestEspressos,Xuanyu Liu,2744243
2026-07-01T18:04:24.052578,2026-07-01T18:04:24.069607+00:00,84.4,36,ask,EarnestEspressos,Chester Au,2744244
2026-07-01T18:04:25.738281,2026-07-01T18:04:25.748277+00:00,83.9,50,ask,DiligentDonuts,FlawlessFlatbreads,2744290
2026-07-01T18:04:27.844046,2026-07-01T18:04:27.858559+00:00,84.2,50,ask,DiligentDonuts,FlawlessFlatbreads,2744341
2026-07-01T18:04:29.586366,2026-07-01T18:04:29.594248+00:00,84.5,14,bid,Xuanyu Liu,EarnestEspressos,2744385
2026-07-01T18:04:29.851560,2026-07-01T18:04:29.851365+00:00,84.5,43,bid,CostlyCorianders,EarnestEspressos,2744392
2026-07-01T18:04:29.951540,2026-07-01T18:04:29.963619+00:00,84.2,50,ask,DiligentDonuts,FlawlessFlatbreads,2744393
2026-07-01T18:04:32.215774,2026-07-01T18:04:32.224362+00:00,84.4,3,ask,EarnestEspressos,Xuanyu Liu,2744444
2026-07-01T18:04:34.113406,2026-07-01T18:04:34.125083+00:00,84.8,50,bid,FlawlessFlatbreads,DiligentDonuts,2744490
2026-07-01T18:04:34.830123,2026-07-01T18:04:34.840760+00:00,84.6,150,ask,EarnestEspressos,Chester Au,2744508
2026-07-01T18:04:35.356060,2026-07-01T18:04:35.367437+00:00,84.3,40,ask,DiligentDonuts,CostlyCorianders,2744519
2026-07-01T18:04:36.222421,2026-07-01T18:04:36.233847+00:00,84.8,50,bid,FlawlessFlatbreads,DiligentDonuts,2744536
2026-07-01T18:04:36.684209,2026-07-01T18:04:36.701804+00:00,84.3,100,ask,DiligentDonuts,EarnestEspressos,2744540
2026-07-01T18:04:36.684209,2026-07-01T18:04:36.701804+00:00,84.2,4,ask,Kelvin Chan,EarnestEspressos,2744541
2026-07-01T18:04:36.693416,2026-07-01T18:04:36.701804+00:00,84.1,46,bid,Chester Au,EarnestEspressos,2744542
2026-07-01T18:04:36.810556,2026-07-01T18:04:36.816143+00:00,83.6,44,ask,EarnestEspressos,CostlyCorianders,2744547
2026-07-01T18:04:38.330350,2026-07-01T18:04:38.337748+00:00,84.8,50,bid,FlawlessFlatbreads,DiligentDonuts,2744581
2026-07-01T18:04:40.410620,2026-07-01T18:04:40.421884+00:00,84.2,42,ask,DiligentDonuts,CostlyCorianders,2744629
2026-07-01T18:04:41.410250,2026-07-01T18:04:41.414354+00:00,84.5,3,bid,Xuanyu Liu,Kelvin Chan,2744649
2026-07-01T18:04:42.594339,2026-07-01T18:04:42.605877+00:00,84.2,50,ask,DiligentDonuts,FlawlessFlatbreads,2744681
2026-07-01T18:04:43.980927,2026-07-01T18:04:43.988677+00:00,84.5,2,bid,CostlyCorianders,Kelvin Chan,2744709
2026-07-01T18:04:43.980927,2026-07-01T18:04:43.993941+00:00,84.5,44,bid,CostlyCorianders,DiligentDonuts,2744710
2026-07-01T18:04:44.607490,2026-07-01T18:04:44.614248+00:00,84.5,45,bid,CostlyCorianders,DiligentDonuts,2744721
2026-07-01T18:04:44.701662,2026-07-01T18:04:44.712948+00:00,84.2,50,ask,EarnestEspressos,FlawlessFlatbreads,2744722
2026-07-01T18:04:44.947115,2026-07-01T18:04:44.958589+00:00,84.5,11,bid,Chester Au,DiligentDonuts,2744727
2026-07-01T18:04:44.947115,2026-07-01T18:04:44.958589+00:00,84.5,3,bid,Chester Au,Kelvin Chan,2744728
2026-07-01T18:04:46.812554,2026-07-01T18:04:46.817148+00:00,84.3,50,ask,DiligentDonuts,FlawlessFlatbreads,2744781
2026-07-01T18:04:47.961890,2026-07-01T18:04:47.973014+00:00,84.5,3,bid,Chester Au,Kelvin Chan,2744802
2026-07-01T18:04:47.961890,2026-07-01T18:04:47.973014+00:00,84.5,123,bid,Chester Au,EarnestEspressos,2744803
2026-07-01T18:04:47.965409,2026-07-01T18:04:47.973014+00:00,84.5,3,bid,Xuanyu Liu,EarnestEspressos,2744804
2026-07-01T18:04:48.867885,2026-07-01T18:04:48.874720+00:00,84.5,24,bid,FlawlessFlatbreads,EarnestEspressos,2744835
2026-07-01T18:04:48.867885,2026-07-01T18:04:48.880261+00:00,84.6,2,bid,FlawlessFlatbreads,Kelvin Chan,2744836
2026-07-01T18:04:48.867885,2026-07-01T18:04:48.880261+00:00,84.8,24,bid,FlawlessFlatbreads,DiligentDonuts,2744837
2026-07-01T18:04:49.283506,2026-07-01T18:04:49.292707+00:00,84.9,3,ask,EarnestEspressos,Xuanyu Liu,2744846
2026-07-01T18:04:49.291831,2026-07-01T18:04:49.301324+00:00,84.9,147,ask,EarnestEspressos,Chester Au,2744848
2026-07-01T18:04:50.980331,2026-07-01T18:04:50.987005+00:00,85.0,50,bid,FlawlessFlatbreads,DiligentDonuts,2744878
2026-07-01T18:04:52.227042,2026-07-01T18:04:52.238559+00:00,84.7,44,ask,DiligentDonuts,CostlyCorianders,2744901
2026-07-01T18:04:52.840122,2026-07-01T18:04:52.858577+00:00,84.8,45,bid,CostlyCorianders,EarnestEspressos,2744918
2026-07-01T18:04:53.141039,2026-07-01T18:04:53.158729+00:00,84.7,50,ask,DiligentDonuts,FlawlessFlatbreads,2744929
2026-07-01T18:04:53.703749,2026-07-01T18:04:53.714213+00:00,84.7,1,ask,DiligentDonuts,Kelvin Chan,2744936
2026-07-01T18:04:55.255025,2026-07-01T18:04:55.263593+00:00,84.7,5,ask,DiligentDonuts,FlawlessFlatbreads,2744966
2026-07-01T18:04:55.255025,2026-07-01T18:04:55.263593+00:00,84.4,4,ask,Kelvin Chan,FlawlessFlatbreads,2744967
2026-07-01T18:04:55.255025,2026-07-01T18:04:55.269162+00:00,84.3,41,ask,EarnestEspressos,FlawlessFlatbreads,2744968
2026-07-01T18:04:57.364144,2026-07-01T18:04:57.370609+00:00,84.3,50,ask,DiligentDonuts,FlawlessFlatbreads,2745020
2026-07-01T18:04:58.552178,2026-07-01T18:04:58.537242+00:00,84.6,100,bid,Chester Au,DiligentDonuts,2745035
2026-07-01T18:05:00.168151,2026-07-01T18:05:00.178097+00:00,84.4,5,ask,Kelvin Chan,CostlyCorianders,2745059
2026-07-01T18:05:00.168151,2026-07-01T18:05:00.178097+00:00,84.4,40,ask,EarnestEspressos,CostlyCorianders,2745060
2026-07-01T18:05:01.577556,2026-07-01T18:05:01.589062+00:00,84.4,50,ask,EarnestEspressos,FlawlessFlatbreads,2745088
2026-07-01T18:05:01.734102,2026-07-01T18:05:01.745599+00:00,84.9,48,bid,CostlyCorianders,EarnestEspressos,2745092
2026-07-01T18:05:02.465259,2026-07-01T18:05:02.485379+00:00,84.7,47,bid,Chester Au,EarnestEspressos,2745107
2026-07-01T18:05:03.686787,2026-07-01T18:05:03.698394+00:00,84.5,50,ask,DiligentDonuts,FlawlessFlatbreads,2745137
2026-07-01T18:05:05.069916,2026-07-01T18:05:05.077737+00:00,84.7,2,bid,Xuanyu Liu,Kelvin Chan,2745156
2026-07-01T18:05:05.611997,2026-07-01T18:05:05.619822+00:00,84.7,1,bid,Xuanyu Liu,Kelvin Chan,2745166
2026-07-01T18:05:05.742454,2026-07-01T18:05:05.753747+00:00,85.0,50,bid,FlawlessFlatbreads,DiligentDonuts,2745174
2026-07-01T18:05:05.895139,2026-07-01T18:05:05.901430+00:00,84.5,43,ask,DiligentDonuts,CostlyCorianders,2745180
2026-07-01T18:05:06.897133,2026-07-01T18:05:06.908690+00:00,84.8,1,bid,CostlyCorianders,Kelvin Chan,2745198
2026-07-01T18:05:06.897133,2026-07-01T18:05:06.908690+00:00,85.0,41,bid,CostlyCorianders,DiligentDonuts,2745199
2026-07-01T18:05:07.848553,2026-07-01T18:05:07.855006+00:00,84.8,2,bid,FlawlessFlatbreads,Kelvin Chan,2745212
2026-07-01T18:05:07.848553,2026-07-01T18:05:07.855006+00:00,85.0,9,bid,FlawlessFlatbreads,DiligentDonuts,2745213
2026-07-01T18:05:07.848553,2026-07-01T18:05:07.855006+00:00,85.0,39,bid,FlawlessFlatbreads,EarnestEspressos,2745214
2026-07-01T18:05:09.096568,2026-07-01T18:05:09.107797+00:00,84.5,48,ask,DiligentDonuts,CostlyCorianders,2745239
2026-07-01T18:05:09.960208,2026-07-01T18:05:09.968764+00:00,84.8,1,bid,FlawlessFlatbreads,Kelvin Chan,2745253
2026-07-01T18:05:09.960208,2026-07-01T18:05:09.974182+00:00,85.0,49,bid,FlawlessFlatbreads,DiligentDonuts,2745254
2026-07-01T18:05:10.182272,2026-07-01T18:05:10.193241+00:00,84.5,40,ask,DiligentDonuts,CostlyCorianders,2745262
2026-07-01T18:05:12.068652,2026-07-01T18:05:12.080042+00:00,85.0,50,bid,FlawlessFlatbreads,DiligentDonuts,2745295
2026-07-01T18:05:14.199937,2026-07-01T18:05:14.211462+00:00,85.0,50,bid,FlawlessFlatbreads,DiligentDonuts,2745337
2026-07-01T18:05:14.319853,2026-07-01T18:05:14.334270+00:00,84.8,3,ask,DiligentDonuts,Xuanyu Liu,2745339
2026-07-01T18:05:14.822246,2026-07-01T18:05:14.833685+00:00,85.1,40,bid,CostlyCorianders,EarnestEspressos,2745352
2026-07-01T18:05:15.889915,2026-07-01T18:05:15.901403+00:00,85.1,44,bid,CostlyCorianders,EarnestEspressos,2745367
2026-07-01T18:05:16.361490,2026-07-01T18:05:16.372933+00:00,84.8,50,ask,DiligentDonuts,FlawlessFlatbreads,2745380
2026-07-01T18:05:18.175900,2026-07-01T18:05:18.218063+00:00,85.2,3,ask,EarnestEspressos,Xuanyu Liu,2745411
2026-07-01T18:05:18.467936,2026-07-01T18:05:18.479237+00:00,85.2,50,ask,EarnestEspressos,FlawlessFlatbreads,2745422
2026-07-01T18:05:18.497904,2026-07-01T18:05:18.509147+00:00,85.2,41,ask,EarnestEspressos,CostlyCorianders,2745423
2026-07-01T18:05:20.053981,2026-07-01T18:05:20.068945+00:00,85.2,44,ask,EarnestEspressos,CostlyCorianders,2745446
2026-07-01T18:05:20.577637,2026-07-01T18:05:20.588999+00:00,85.2,12,ask,EarnestEspressos,FlawlessFlatbreads,2745458
2026-07-01T18:05:20.577637,2026-07-01T18:05:20.588999+00:00,84.9,38,ask,DiligentDonuts,FlawlessFlatbreads,2745459
2026-07-01T18:05:21.266023,2026-07-01T18:05:21.274498+00:00,85.0,3,bid,Xuanyu Liu,EarnestEspressos,2745470
2026-07-01T18:05:22.684823,2026-07-01T18:05:22.694663+00:00,84.6,50,ask,DiligentDonuts,FlawlessFlatbreads,2745496
2026-07-01T18:05:24.791985,2026-07-01T18:05:24.803477+00:00,84.3,50,ask,DiligentDonuts,FlawlessFlatbreads,2745531
2026-07-01T18:05:26.899838,2026-07-01T18:05:26.906707+00:00,84.3,50,ask,DiligentDonuts,FlawlessFlatbreads,2745575
2026-07-01T18:05:27.027196,2026-07-01T18:05:27.036010+00:00,84.6,3,bid,Xuanyu Liu,DiligentDonuts,2745582
2026-07-01T18:05:27.937219,2026-07-01T18:05:27.948463+00:00,84.6,44,bid,CostlyCorianders,DiligentDonuts,2745606
2026-07-01T18:05:28.951049,2026-07-01T18:05:28.957158+00:00,84.6,45,bid,CostlyCorianders,DiligentDonuts,2745630
2026-07-01T18:05:29.006452,2026-07-01T18:05:29.017753+00:00,84.4,50,ask,EarnestEspressos,FlawlessFlatbreads,2745631
2026-07-01T18:05:29.227356,2026-07-01T18:05:29.237750+00:00,84.6,5,bid,Kelvin Chan,DiligentDonuts,2745635
2026-07-01T18:05:31.114079,2026-07-01T18:05:31.125179+00:00,84.3,50,ask,DiligentDonuts,FlawlessFlatbreads,2745673
2026-07-01T18:05:31.646338,2026-07-01T18:05:31.658629+00:00,84.3,44,ask,DiligentDonuts,CostlyCorianders,2745686
2026-07-01T18:05:33.224212,2026-07-01T18:05:33.235564+00:00,84.3,6,ask,DiligentDonuts,FlawlessFlatbreads,2745710
2026-07-01T18:05:33.224212,2026-07-01T18:05:33.235564+00:00,84.1,44,ask,EarnestEspressos,FlawlessFlatbreads,2745711
2026-07-01T18:05:33.319448,2026-07-01T18:05:33.326523+00:00,84.6,49,bid,CostlyCorianders,EarnestEspressos,2745712
2026-07-01T18:05:33.621653,2026-07-01T18:05:33.629496+00:00,84.5,2,bid,Kelvin Chan,DiligentDonuts,2745714
2026-07-01T18:05:33.735086,2026-07-01T18:05:33.742542+00:00,84.5,2,bid,Kelvin Chan,DiligentDonuts,2745718
2026-07-01T18:05:33.895865,2026-07-01T18:05:33.905705+00:00,84.5,11,bid,Xuanyu Liu,DiligentDonuts,2745723
2026-07-01T18:05:35.341298,2026-07-01T18:05:35.348313+00:00,84.1,50,ask,EarnestEspressos,FlawlessFlatbreads,2745762
2026-07-01T18:05:37.448299,2026-07-01T18:05:37.458540+00:00,84.0,50,ask,DiligentDonuts,FlawlessFlatbreads,2745787
2026-07-01T18:05:39.555487,2026-07-01T18:05:39.564349+00:00,84.0,50,ask,DiligentDonuts,FlawlessFlatbreads,2745821
2026-07-01T18:05:39.698581,2026-07-01T18:05:39.706721+00:00,84.2,7,bid,Xuanyu Liu,DiligentDonuts,2745822
2026-07-01T18:05:39.707757,2026-07-01T18:05:39.715740+00:00,84.2,5,bid,Xuanyu Liu,DiligentDonuts,2745824
2026-07-01T18:05:39.796530,2026-07-01T18:05:39.804959+00:00,84.2,6,bid,Xuanyu Liu,DiligentDonuts,2745826
2026-07-01T18:05:40.903790,2026-07-01T18:05:40.909917+00:00,84.2,3,bid,Kelvin Chan,DiligentDonuts,2745847
2026-07-01T18:05:40.939217,2026-07-01T18:05:40.964049+00:00,84.2,2,bid,Kelvin Chan,DiligentDonuts,2745848
2026-07-01T18:05:41.008210,2026-07-01T18:05:41.019469+00:00,84.2,3,bid,Kelvin Chan,DiligentDonuts,2745854
2026-07-01T18:05:41.663209,2026-07-01T18:05:41.674589+00:00,83.9,50,ask,EarnestEspressos,FlawlessFlatbreads,2745875
2026-07-01T18:05:42.322236,2026-07-01T18:05:42.330078+00:00,84.2,44,bid,CostlyCorianders,DiligentDonuts,2745895
2026-07-01T18:05:43.166387,2026-07-01T18:05:43.176332+00:00,84.0,17,bid,Xuanyu Liu,EarnestEspressos,2745910
2026-07-01T18:05:43.772318,2026-07-01T18:05:43.784461+00:00,83.7,50,ask,DiligentDonuts,FlawlessFlatbreads,2745918
2026-07-01T18:05:44.291222,2026-07-01T18:05:44.299456+00:00,84.0,11,bid,Xuanyu Liu,EarnestEspressos,2745930
2026-07-01T18:05:45.350322,2026-07-01T18:05:45.363963+00:00,84.0,48,bid,CostlyCorianders,EarnestEspressos,2745954
2026-07-01T18:05:45.881257,2026-07-01T18:05:45.890449+00:00,83.7,50,ask,DiligentDonuts,FlawlessFlatbreads,2745965
2026-07-01T18:05:47.026705,2026-07-01T18:05:47.036694+00:00,84.1,11,bid,Xuanyu Liu,DiligentDonuts,2745990
2026-07-01T18:05:47.572910,2026-07-01T18:05:47.584290+00:00,84.0,43,ask,EarnestEspressos,CostlyCorianders,2745997
2026-07-01T18:05:47.988246,2026-07-01T18:05:47.999662+00:00,84.0,50,ask,EarnestEspressos,FlawlessFlatbreads,2746008
2026-07-01T18:05:49.265096,2026-07-01T18:05:49.276530+00:00,84.3,46,bid,CostlyCorianders,DiligentDonuts,2746038
2026-07-01T18:05:50.095840,2026-07-01T18:05:50.107179+00:00,84.0,1,ask,Kelvin Chan,FlawlessFlatbreads,2746049
2026-07-01T18:05:50.095840,2026-07-01T18:05:50.107179+00:00,83.8,49,ask,DiligentDonuts,FlawlessFlatbreads,2746050
2026-07-01T18:05:51.941149,2026-07-01T18:05:51.958609+00:00,84.0,1,ask,Kelvin Chan,CostlyCorianders,2746083
2026-07-01T18:05:51.941149,2026-07-01T18:05:51.958609+00:00,83.8,43,ask,DiligentDonuts,CostlyCorianders,2746084
2026-07-01T18:05:52.211286,2026-07-01T18:05:52.223325+00:00,83.8,8,ask,DiligentDonuts,FlawlessFlatbreads,2746088
2026-07-01T18:05:52.211286,2026-07-01T18:05:52.223325+00:00,83.8,42,ask,EarnestEspressos,FlawlessFlatbreads,2746089
2026-07-01T18:05:54.065837,2026-07-01T18:05:54.077132+00:00,83.7,42,ask,DiligentDonuts,CostlyCorianders,2746112
2026-07-01T18:05:54.271665,2026-07-01T18:05:54.278543+00:00,84.2,50,bid,FlawlessFlatbreads,DiligentDonuts,2746114
2026-07-01T18:05:56.382339,2026-07-01T18:05:56.391876+00:00,84.0,50,bid,FlawlessFlatbreads,EarnestEspressos,2746160
2026-07-01T18:05:57.731596,2026-07-01T18:05:57.737878+00:00,84.0,48,bid,CostlyCorianders,EarnestEspressos,2746182
2026-07-01T18:05:58.490118,2026-07-01T18:05:58.501480+00:00,84.0,50,bid,FlawlessFlatbreads,EarnestEspressos,2746195
2026-07-01T18:05:58.917799,2026-07-01T18:05:58.926190+00:00,84.0,11,ask,EarnestEspressos,Xuanyu Liu,2746207
2026-07-01T18:06:00.136721,2026-07-01T18:06:00.145746+00:00,84.1,23,bid,Xuanyu Liu,DiligentDonuts,2746238
2026-07-01T18:06:00.597713,2026-07-01T18:06:00.608949+00:00,84.1,50,bid,FlawlessFlatbreads,DiligentDonuts,2746246
2026-07-01T18:06:01.447896,2026-07-01T18:06:01.458754+00:00,84.1,11,bid,Xuanyu Liu,DiligentDonuts,2746260
2026-07-01T18:06:01.792332,2026-07-01T18:06:01.802342+00:00,84.2,1,bid,DiligentDonuts,Kelvin Chan,2746268
2026-07-01T18:06:02.075193,2026-07-01T18:06:02.083476+00:00,84.4,3,ask,EarnestEspressos,Xuanyu Liu,2746275
2026-07-01T18:06:02.084571,2026-07-01T18:06:02.092550+00:00,84.4,8,ask,EarnestEspressos,Xuanyu Liu,2746277
2026-07-01T18:06:02.704541,2026-07-01T18:06:02.715829+00:00,84.7,50,bid,FlawlessFlatbreads,DiligentDonuts,2746295
2026-07-01T18:06:02.769895,2026-07-01T18:06:02.777575+00:00,84.4,7,ask,EarnestEspressos,Xuanyu Liu,2746299
2026-07-01T18:06:03.091555,2026-07-01T18:06:03.102890+00:00,84.4,46,ask,EarnestEspressos,CostlyCorianders,2746304
2026-07-01T18:06:03.296581,2026-07-01T18:06:03.305230+00:00,84.4,6,ask,EarnestEspressos,Xuanyu Liu,2746309
2026-07-01T18:06:03.419290,2026-07-01T18:06:03.433997+00:00,84.4,4,ask,EarnestEspressos,Xuanyu Liu,2746311
2026-07-01T18:06:03.425951,2026-07-01T18:06:03.433997+00:00,84.4,6,ask,EarnestEspressos,Xuanyu Liu,2746312
2026-07-01T18:06:03.665385,2026-07-01T18:06:03.675541+00:00,84.4,4,ask,EarnestEspressos,Kelvin Chan,2746319
2026-07-01T18:06:03.826391,2026-07-01T18:06:03.835773+00:00,84.4,4,ask,EarnestEspressos,Kelvin Chan,2746324
2026-07-01T18:06:04.060400,2026-07-01T18:06:04.068961+00:00,84.7,40,bid,CostlyCorianders,DiligentDonuts,2746333
2026-07-01T18:06:04.818575,2026-07-01T18:06:04.828817+00:00,84.7,10,bid,FlawlessFlatbreads,DiligentDonuts,2746347
2026-07-01T18:06:04.818575,2026-07-01T18:06:04.828817+00:00,84.9,40,bid,FlawlessFlatbreads,EarnestEspressos,2746348
2026-07-01T18:06:05.382862,2026-07-01T18:06:05.393069+00:00,84.5,11,ask,DiligentDonuts,Xuanyu Liu,2746354
2026-07-01T18:06:05.451685,2026-07-01T18:06:05.463819+00:00,84.5,6,ask,DiligentDonuts,Kelvin Chan,2746360
2026-07-01T18:06:05.513407,2026-07-01T18:06:05.520901+00:00,84.5,6,ask,DiligentDonuts,Kelvin Chan,2746362
2026-07-01T18:06:05.776025,2026-07-01T18:06:05.786334+00:00,84.5,6,ask,DiligentDonuts,Kelvin Chan,2746367
2026-07-01T18:06:05.854853,2026-07-01T18:06:05.863591+00:00,84.5,6,ask,DiligentDonuts,Kelvin Chan,2746370
2026-07-01T18:06:06.456018,2026-07-01T18:06:06.463971+00:00,84.5,5,ask,DiligentDonuts,Kelvin Chan,2746386
2026-07-01T18:06:06.683728,2026-07-01T18:06:06.695721+00:00,84.5,5,ask,DiligentDonuts,Kelvin Chan,2746390
2026-07-01T18:06:06.801103,2026-07-01T18:06:06.810297+00:00,84.5,5,ask,DiligentDonuts,Kelvin Chan,2746396
2026-07-01T18:06:06.925746,2026-07-01T18:06:06.937514+00:00,84.7,50,bid,FlawlessFlatbreads,EarnestEspressos,2746399
2026-07-01T18:06:09.044154,2026-07-01T18:06:09.068696+00:00,84.7,50,bid,FlawlessFlatbreads,DiligentDonuts,2746439
2026-07-01T18:06:11.157869,2026-07-01T18:06:11.169388+00:00,84.7,50,bid,FlawlessFlatbreads,DiligentDonuts,2746477
2026-07-01T18:06:11.959620,2026-07-01T18:06:11.968983+00:00,84.7,23,ask,DiligentDonuts,Xuanyu Liu,2746493
2026-07-01T18:06:13.284095,2026-07-01T18:06:13.295050+00:00,85.0,50,bid,FlawlessFlatbreads,EarnestEspressos,2746503
2026-07-01T18:06:13.427425,2026-07-01T18:06:13.439053+00:00,84.7,44,ask,DiligentDonuts,CostlyCorianders,2746505
2026-07-01T18:06:15.389137,2026-07-01T18:06:15.400721+00:00,84.9,50,bid,FlawlessFlatbreads,DiligentDonuts,2746532
2026-07-01T18:06:17.191125,2026-07-01T18:06:17.199661+00:00,84.5,12,ask,EarnestEspressos,Xuanyu Liu,2746576
2026-07-01T18:06:17.547409,2026-07-01T18:06:17.563800+00:00,84.5,50,ask,EarnestEspressos,FlawlessFlatbreads,2746584
2026-07-01T18:06:17.792737,2026-07-01T18:06:17.803959+00:00,84.5,46,ask,EarnestEspressos,CostlyCorianders,2746588
2026-07-01T18:06:17.959655,2026-07-01T18:06:17.967441+00:00,84.3,12,bid,Xuanyu Liu,EarnestEspressos,2746592
2026-07-01T18:06:18.494676,2026-07-01T18:06:18.502061+00:00,84.3,23,bid,Xuanyu Liu,EarnestEspressos,2746614
2026-07-01T18:06:19.602817,2026-07-01T18:06:19.614158+00:00,84.3,50,bid,FlawlessFlatbreads,EarnestEspressos,2746636
2026-07-01T18:06:19.802345,2026-07-01T18:06:19.812102+00:00,84.3,11,bid,Xuanyu Liu,EarnestEspressos,2746641
2026-07-01T18:06:20.766345,2026-07-01T18:06:20.787880+00:00,84.3,54,bid,DiligentDonuts,EarnestEspressos,2746661
2026-07-01T18:06:20.779006,2026-07-01T18:06:20.787880+00:00,84.5,11,ask,DiligentDonuts,Xuanyu Liu,2746662
2026-07-01T18:06:21.059551,2026-07-01T18:06:21.068868+00:00,84.7,23,ask,EarnestEspressos,Xuanyu Liu,2746667
2026-07-01T18:06:21.117475,2026-07-01T18:06:21.126293+00:00,84.7,23,ask,EarnestEspressos,Xuanyu Liu,2746670
2026-07-01T18:06:21.400574,2026-07-01T18:06:21.409610+00:00,84.9,6,bid,CostlyCorianders,Kelvin Chan,2746676
2026-07-01T18:06:21.400574,2026-07-01T18:06:21.409610+00:00,85.0,43,bid,CostlyCorianders,DiligentDonuts,2746677
2026-07-01T18:06:21.711393,2026-07-01T18:06:21.723046+00:00,85.0,50,bid,FlawlessFlatbreads,DiligentDonuts,2746680
2026-07-01T18:06:22.382751,2026-07-01T18:06:22.395969+00:00,84.7,43,ask,EarnestEspressos,CostlyCorianders,2746692
2026-07-01T18:06:22.429471,2026-07-01T18:06:22.469473+00:00,84.7,3,ask,EarnestEspressos,Xuanyu Liu,2746694
2026-07-01T18:06:22.907910,2026-07-01T18:06:22.918278+00:00,84.7,40,ask,EarnestEspressos,CostlyCorianders,2746703
2026-07-01T18:06:23.838955,2026-07-01T18:06:23.858662+00:00,84.9,5,bid,FlawlessFlatbreads,Kelvin Chan,2746726
2026-07-01T18:06:23.838955,2026-07-01T18:06:23.858662+00:00,85.0,7,bid,FlawlessFlatbreads,DiligentDonuts,2746727
2026-07-01T18:06:23.838955,2026-07-01T18:06:23.858662+00:00,85.2,38,bid,FlawlessFlatbreads,EarnestEspressos,2746728
2026-07-01T18:06:24.259260,2026-07-01T18:06:24.268960+00:00,84.6,1,ask,Kelvin Chan,EarnestEspressos,2746740
2026-07-01T18:06:24.270176,2026-07-01T18:06:24.278486+00:00,84.5,3,bid,Xuanyu Liu,EarnestEspressos,2746741
2026-07-01T18:06:24.798002,2026-07-01T18:06:24.807871+00:00,84.5,11,bid,Xuanyu Liu,EarnestEspressos,2746750
2026-07-01T18:06:24.928620,2026-07-01T18:06:24.936690+00:00,84.5,1,bid,Kelvin Chan,EarnestEspressos,2746755
2026-07-01T18:06:24.975182,2026-07-01T18:06:24.986458+00:00,84.5,1,bid,Kelvin Chan,EarnestEspressos,2746756
2026-07-01T18:06:25.041606,2026-07-01T18:06:25.049767+00:00,84.5,12,bid,Xuanyu Liu,EarnestEspressos,2746757
2026-07-01T18:06:25.214626,2026-07-01T18:06:25.226125+00:00,84.5,1,bid,Kelvin Chan,EarnestEspressos,2746760
2026-07-01T18:06:25.238075,2026-07-01T18:06:25.249713+00:00,84.5,1,bid,Kelvin Chan,EarnestEspressos,2746761
2026-07-01T18:06:25.269627,2026-07-01T18:06:25.278233+00:00,84.5,1,bid,Kelvin Chan,EarnestEspressos,2746763
2026-07-01T18:06:25.307098,2026-07-01T18:06:25.314163+00:00,84.5,1,bid,Kelvin Chan,EarnestEspressos,2746765
2026-07-01T18:06:25.367759,2026-07-01T18:06:25.379054+00:00,84.5,1,bid,Kelvin Chan,EarnestEspressos,2746766
2026-07-01T18:06:25.451978,2026-07-01T18:06:25.463616+00:00,84.5,2,bid,Kelvin Chan,EarnestEspressos,2746771
2026-07-01T18:06:25.493264,2026-07-01T18:06:25.504634+00:00,84.5,1,bid,Kelvin Chan,EarnestEspressos,2746772
2026-07-01T18:06:25.520406,2026-07-01T18:06:25.529477+00:00,84.5,2,bid,Kelvin Chan,EarnestEspressos,2746773
2026-07-01T18:06:25.549102,2026-07-01T18:06:25.563864+00:00,84.5,1,bid,Kelvin Chan,EarnestEspressos,2746776
2026-07-01T18:06:25.949596,2026-07-01T18:06:25.958581+00:00,84.5,50,bid,FlawlessFlatbreads,EarnestEspressos,2746781
2026-07-01T18:06:26.263359,2026-07-01T18:06:26.274160+00:00,84.5,1,bid,Kelvin Chan,EarnestEspressos,2746784
2026-07-01T18:06:26.643594,2026-07-01T18:06:26.646705+00:00,84.5,45,bid,CostlyCorianders,EarnestEspressos,2746800
2026-07-01T18:06:27.383032,2026-07-01T18:06:27.396038+00:00,84.7,12,ask,EarnestEspressos,Xuanyu Liu,2746808
2026-07-01T18:06:27.659675,2026-07-01T18:06:27.667035+00:00,84.7,14,ask,EarnestEspressos,Xuanyu Liu,2746815
2026-07-01T18:06:28.062697,2026-07-01T18:06:28.074210+00:00,84.9,3,bid,FlawlessFlatbreads,Kelvin Chan,2746819
2026-07-01T18:06:28.062697,2026-07-01T18:06:28.074210+00:00,84.9,47,bid,FlawlessFlatbreads,DiligentDonuts,2746820
2026-07-01T18:06:30.171828,2026-07-01T18:06:30.183127+00:00,84.9,50,bid,FlawlessFlatbreads,DiligentDonuts,2746856
2026-07-01T18:06:32.299199,2026-07-01T18:06:32.308005+00:00,84.9,2,bid,FlawlessFlatbreads,Kelvin Chan,2746898
2026-07-01T18:06:32.299199,2026-07-01T18:06:32.308005+00:00,85.1,48,bid,FlawlessFlatbreads,DiligentDonuts,2746899
2026-07-01T18:06:32.433364,2026-07-01T18:06:32.441619+00:00,84.6,3,ask,Kelvin Chan,CostlyCorianders,2746901
2026-07-01T18:06:32.433364,2026-07-01T18:06:32.458588+00:00,84.6,44,ask,DiligentDonuts,CostlyCorianders,2746902
2026-07-01T18:06:33.030001,2026-07-01T18:06:33.041331+00:00,85.1,48,bid,CostlyCorianders,DiligentDonuts,2746918
2026-07-01T18:06:34.406802,2026-07-01T18:06:34.418175+00:00,85.1,50,bid,FlawlessFlatbreads,EarnestEspressos,2746940
2026-07-01T18:06:36.513746,2026-07-01T18:06:36.525627+00:00,85.1,50,bid,FlawlessFlatbreads,EarnestEspressos,2746982
2026-07-01T18:06:36.864858,2026-07-01T18:06:36.873541+00:00,85.1,3,ask,EarnestEspressos,Xuanyu Liu,2746992
2026-07-01T18:06:37.828056,2026-07-01T18:06:37.836623+00:00,85.1,3,ask,EarnestEspressos,Kelvin Chan,2747009
2026-07-01T18:06:37.881430,2026-07-01T18:06:37.890578+00:00,85.1,2,ask,EarnestEspressos,Kelvin Chan,2747010
2026-07-01T18:06:37.961448,2026-07-01T18:06:37.969081+00:00,85.1,2,ask,EarnestEspressos,Kelvin Chan,2747011
2026-07-01T18:06:38.621886,2026-07-01T18:06:38.633181+00:00,85.4,50,bid,FlawlessFlatbreads,DiligentDonuts,2747028
2026-07-01T18:06:40.729774,2026-07-01T18:06:40.741236+00:00,85.5,50,bid,FlawlessFlatbreads,EarnestEspressos,2747081
2026-07-01T18:06:44.690584,2026-07-01T18:06:44.703591+00:00,85.3,150,ask,EarnestEspressos,Chester Au,2747161
2026-07-01T18:06:44.721737,2026-07-01T18:06:44.729541+00:00,85.2,50,ask,DiligentDonuts,Chester Au,2747164
2026-07-01T18:06:44.942024,2026-07-01T18:06:44.950613+00:00,85.7,50,bid,FlawlessFlatbreads,DiligentDonuts,2747169
2026-07-01T18:06:46.074390,2026-07-01T18:06:46.085564+00:00,85.3,1,bid,DiligentDonuts,Kelvin Chan,2747189
2026-07-01T18:06:46.397151,2026-07-01T18:06:46.413883+00:00,85.3,99,ask,DiligentDonuts,EarnestEspressos,2747198
2026-07-01T18:06:46.853832,2026-07-01T18:06:46.865474+00:00,85.3,40,bid,CostlyCorianders,EarnestEspressos,2747209
2026-07-01T18:06:47.103760,2026-07-01T18:06:47.115624+00:00,85.1,5,ask,Kelvin Chan,FlawlessFlatbreads,2747212
2026-07-01T18:06:47.103760,2026-07-01T18:06:47.115624+00:00,84.8,45,ask,EarnestEspressos,FlawlessFlatbreads,2747213
2026-07-01T18:06:48.461663,2026-07-01T18:06:48.470120+00:00,85.1,5,ask,Kelvin Chan,CostlyCorianders,2747246
2026-07-01T18:06:48.461663,2026-07-01T18:06:48.470120+00:00,84.8,35,ask,EarnestEspressos,CostlyCorianders,2747247
2026-07-01T18:06:51.266185,2026-07-01T18:06:51.275606+00:00,85.4,50,bid,FlawlessFlatbreads,DiligentDonuts,2747314
2026-07-01T18:06:53.428809,2026-07-01T18:06:53.441305+00:00,85.1,4,ask,Kelvin Chan,FlawlessFlatbreads,2747348
2026-07-01T18:06:53.428809,2026-07-01T18:06:53.441305+00:00,85.1,46,ask,DiligentDonuts,FlawlessFlatbreads,2747349
2026-07-01T18:06:53.725775,2026-07-01T18:06:53.732775+00:00,85.4,1,bid,CostlyCorianders,Kelvin Chan,2747359
2026-07-01T18:06:55.543504,2026-07-01T18:06:55.558607+00:00,85.1,50,ask,EarnestEspressos,FlawlessFlatbreads,2747398
2026-07-01T18:06:58.337717,2026-07-01T18:06:58.346273+00:00,85.1,5,ask,Kelvin Chan,CostlyCorianders,2747453
2026-07-01T18:06:58.337717,2026-07-01T18:06:58.346273+00:00,84.9,41,ask,DiligentDonuts,CostlyCorianders,2747454
2026-07-01T18:07:01.140409,2026-07-01T18:07:01.158782+00:00,85.1,46,bid,CostlyCorianders,EarnestEspressos,2747497
2026-07-01T18:07:01.807423,2026-07-01T18:07:01.818677+00:00,85.1,50,bid,FlawlessFlatbreads,EarnestEspressos,2747523
2026-07-01T18:07:03.914431,2026-07-01T18:07:03.925585+00:00,85.2,50,bid,FlawlessFlatbreads,DiligentDonuts,2747555
2026-07-01T18:07:06.070217,2026-07-01T18:07:06.077379+00:00,85.1,50,ask,EarnestEspressos,FlawlessFlatbreads,2747600
2026-07-01T18:07:08.176459,2026-07-01T18:07:08.187774+00:00,85.1,50,ask,EarnestEspressos,FlawlessFlatbreads,2747631
2026-07-01T18:07:09.629646,2026-07-01T18:07:09.640796+00:00,85.3,3,bid,Xuanyu Liu,EarnestEspressos,2747673
2026-07-01T18:07:10.027552,2026-07-01T18:07:10.058584+00:00,85.3,48,bid,CostlyCorianders,EarnestEspressos,2747680
2026-07-01T18:07:10.285691,2026-07-01T18:07:10.297379+00:00,85.1,4,ask,Kelvin Chan,FlawlessFlatbreads,2747684
2026-07-01T18:07:10.285691,2026-07-01T18:07:10.297379+00:00,85.0,46,ask,DiligentDonuts,FlawlessFlatbreads,2747685
2026-07-01T18:07:12.395648,2026-07-01T18:07:12.406974+00:00,85.0,1,ask,Kelvin Chan,FlawlessFlatbreads,2747724
2026-07-01T18:07:12.395648,2026-07-01T18:07:12.406974+00:00,85.0,49,ask,EarnestEspressos,FlawlessFlatbreads,2747725
2026-07-01T18:07:14.505002,2026-07-01T18:07:14.516172+00:00,85.0,50,ask,EarnestEspressos,FlawlessFlatbreads,2747762
2026-07-01T18:07:15.109247,2026-07-01T18:07:15.120521+00:00,85.0,41,ask,DiligentDonuts,CostlyCorianders,2747772
2026-07-01T18:07:16.610748,2026-07-01T18:07:16.622231+00:00,85.0,50,ask,DiligentDonuts,FlawlessFlatbreads,2747815
2026-07-01T18:07:18.110526,2026-07-01T18:07:18.121859+00:00,84.5,44,ask,DiligentDonuts,CostlyCorianders,2747841
2026-07-01T18:07:18.736958,2026-07-01T18:07:18.741793+00:00,84.5,50,ask,DiligentDonuts,FlawlessFlatbreads,2747855
2026-07-01T18:07:20.425483,2026-07-01T18:07:20.436669+00:00,85.0,49,bid,CostlyCorianders,DiligentDonuts,2747895
2026-07-01T18:07:20.843509,2026-07-01T18:07:20.849686+00:00,84.5,50,ask,EarnestEspressos,FlawlessFlatbreads,2747901
2026-07-01T18:07:20.932228,2026-07-01T18:07:20.941702+00:00,84.8,100,bid,Chester Au,DiligentDonuts,2747902
2026-07-01T18:07:20.961868,2026-07-01T18:07:20.973318+00:00,84.5,43,ask,EarnestEspressos,CostlyCorianders,2747905
2026-07-01T18:07:21.215419,2026-07-01T18:07:21.228312+00:00,84.6,100,bid,Chester Au,EarnestEspressos,2747911
2026-07-01T18:07:21.219476,2026-07-01T18:07:21.228312+00:00,84.6,14,bid,Xuanyu Liu,EarnestEspressos,2747912
2026-07-01T18:07:21.997838,2026-07-01T18:07:22.009361+00:00,84.6,36,bid,CostlyCorianders,EarnestEspressos,2747928
2026-07-01T18:07:21.997838,2026-07-01T18:07:22.009361+00:00,85.2,4,bid,CostlyCorianders,Kelvin Chan,2747929
2026-07-01T18:07:22.951590,2026-07-01T18:07:22.963922+00:00,84.3,50,ask,DiligentDonuts,FlawlessFlatbreads,2747962
2026-07-01T18:07:23.649483,2026-07-01T18:07:23.658582+00:00,84.3,48,ask,DiligentDonuts,CostlyCorianders,2747982
2026-07-01T18:07:24.313290,2026-07-01T18:07:24.324712+00:00,84.7,100,bid,EarnestEspressos,DiligentDonuts,2747989
2026-07-01T18:07:25.058961,2026-07-01T18:07:25.070447+00:00,84.8,50,ask,EarnestEspressos,FlawlessFlatbreads,2747998
2026-07-01T18:07:25.286139,2026-07-01T18:07:25.293169+00:00,85.2,2,bid,CostlyCorianders,Kelvin Chan,2748005
2026-07-01T18:07:25.286139,2026-07-01T18:07:25.298146+00:00,85.3,46,bid,CostlyCorianders,EarnestEspressos,2748006
2026-07-01T18:07:25.370323,2026-07-01T18:07:25.378345+00:00,84.8,3,ask,Kelvin Chan,Xuanyu Liu,2748009
2026-07-01T18:07:27.466475,2026-07-01T18:07:27.476468+00:00,85.0,44,bid,CostlyCorianders,DiligentDonuts,2748064
2026-07-01T18:07:29.271142,2026-07-01T18:07:29.282364+00:00,84.5,50,ask,DiligentDonuts,FlawlessFlatbreads,2748089
2026-07-01T18:07:29.582748,2026-07-01T18:07:29.590674+00:00,84.5,41,ask,DiligentDonuts,CostlyCorianders,2748097
2026-07-01T18:07:31.078696,2026-07-01T18:07:31.085778+00:00,84.3,43,ask,DiligentDonuts,CostlyCorianders,2748127
2026-07-01T18:07:31.389015,2026-07-01T18:07:31.397325+00:00,84.3,50,ask,DiligentDonuts,FlawlessFlatbreads,2748130
2026-07-01T18:07:32.685134,2026-07-01T18:07:32.696556+00:00,84.6,44,bid,CostlyCorianders,EarnestEspressos,2748159
2026-07-01T18:07:33.194947,2026-07-01T18:07:33.205612+00:00,84.6,48,bid,CostlyCorianders,EarnestEspressos,2748180
2026-07-01T18:07:33.495775,2026-07-01T18:07:33.505755+00:00,84.1,50,ask,EarnestEspressos,FlawlessFlatbreads,2748185
2026-07-01T18:07:33.592516,2026-07-01T18:07:33.601783+00:00,84.3,3,bid,Xuanyu Liu,DiligentDonuts,2748186
2026-07-01T18:07:33.798668,2026-07-01T18:07:33.811005+00:00,84.3,23,bid,Xuanyu Liu,DiligentDonuts,2748193
2026-07-01T18:07:34.532762,2026-07-01T18:07:34.540858+00:00,84.3,23,bid,Xuanyu Liu,DiligentDonuts,2748214
2026-07-01T18:07:35.603032,2026-07-01T18:07:35.614260+00:00,84.1,50,ask,EarnestEspressos,FlawlessFlatbreads,2748233
2026-07-01T18:07:35.755790,2026-07-01T18:07:35.768938+00:00,84.1,40,ask,EarnestEspressos,CostlyCorianders,2748237
2026-07-01T18:07:36.170667,2026-07-01T18:07:36.180543+00:00,84.3,1,bid,Kelvin Chan,DiligentDonuts,2748241
2026-07-01T18:07:36.295359,2026-07-01T18:07:36.304321+00:00,84.3,2,bid,Kelvin Chan,DiligentDonuts,2748246
2026-07-01T18:07:37.352363,2026-07-01T18:07:37.351512+00:00,84.6,48,bid,CostlyCorianders,EarnestEspressos,2748275
2026-07-01T18:07:37.710538,2026-07-01T18:07:37.721796+00:00,84.3,50,ask,DiligentDonuts,FlawlessFlatbreads,2748284
2026-07-01T18:07:38.542680,2026-07-01T18:07:38.558584+00:00,84.3,41,ask,DiligentDonuts,CostlyCorianders,2748295
2026-07-01T18:07:39.776043,2026-07-01T18:07:39.784145+00:00,84.4,3,ask,Kelvin Chan,Xuanyu Liu,2748307
2026-07-01T18:07:39.817563,2026-07-01T18:07:39.828858+00:00,84.1,50,ask,EarnestEspressos,FlawlessFlatbreads,2748311
2026-07-01T18:07:40.577243,2026-07-01T18:07:40.588466+00:00,84.5,44,bid,CostlyCorianders,DiligentDonuts,2748331
2026-07-01T18:07:41.924092,2026-07-01T18:07:41.935556+00:00,84.4,4,ask,Kelvin Chan,FlawlessFlatbreads,2748343
2026-07-01T18:07:42.124384,2026-07-01T18:07:42.135683+00:00,84.4,4,ask,Kelvin Chan,CostlyCorianders,2748347
2026-07-01T18:07:42.124384,2026-07-01T18:07:42.135683+00:00,84.0,38,ask,DiligentDonuts,CostlyCorianders,2748348
2026-07-01T18:07:45.755413,2026-07-01T18:07:45.751912+00:00,84.3,3,ask,Kelvin Chan,CostlyCorianders,2748422
2026-07-01T18:07:45.755413,2026-07-01T18:07:45.751912+00:00,84.2,46,ask,DiligentDonuts,CostlyCorianders,2748423
2026-07-01T18:07:46.140269,2026-07-01T18:07:46.158581+00:00,84.1,50,ask,EarnestEspressos,FlawlessFlatbreads,2748435
2026-07-01T18:07:46.807955,2026-07-01T18:07:46.819547+00:00,84.4,40,bid,CostlyCorianders,EarnestEspressos,2748447
2026-07-01T18:07:47.670457,2026-07-01T18:07:47.679559+00:00,84.4,14,bid,Xuanyu Liu,EarnestEspressos,2748482
2026-07-01T18:07:50.094218,2026-07-01T18:07:50.102384+00:00,84.7,40,bid,CostlyCorianders,DiligentDonuts,2748533
2026-07-01T18:07:50.351656,2026-07-01T18:07:50.363646+00:00,84.4,50,ask,EarnestEspressos,FlawlessFlatbreads,2748538
2026-07-01T18:07:50.698683,2026-07-01T18:07:50.710330+00:00,84.4,48,ask,EarnestEspressos,CostlyCorianders,2748548
2026-07-01T18:07:52.407649,2026-07-01T18:07:52.419020+00:00,84.7,50,bid,FlawlessFlatbreads,DiligentDonuts,2748583
2026-07-01T18:07:52.846675,2026-07-01T18:07:52.858562+00:00,84.5,100,ask,DiligentDonuts,EarnestEspressos,2748593
2026-07-01T18:07:54.513619,2026-07-01T18:07:54.520449+00:00,84.5,50,bid,FlawlessFlatbreads,EarnestEspressos,2748619
2026-07-01T18:07:55.967061,2026-07-01T18:07:55.975768+00:00,84.7,9,ask,EarnestEspressos,Xuanyu Liu,2748643
2026-07-01T18:07:56.341509,2026-07-01T18:07:56.351016+00:00,84.7,2,ask,EarnestEspressos,Xuanyu Liu,2748651
2026-07-01T18:07:56.620140,2026-07-01T18:07:56.631557+00:00,84.8,50,bid,FlawlessFlatbreads,DiligentDonuts,2748656
2026-07-01T18:07:57.962883,2026-07-01T18:07:57.974543+00:00,84.8,40,bid,CostlyCorianders,DiligentDonuts,2748684
2026-07-01T18:07:58.687017,2026-07-01T18:07:58.696122+00:00,84.7,11,ask,EarnestEspressos,Xuanyu Liu,2748710
2026-07-01T18:07:58.727379,2026-07-01T18:07:58.736943+00:00,84.8,10,bid,FlawlessFlatbreads,DiligentDonuts,2748714
2026-07-01T18:07:58.727379,2026-07-01T18:07:58.736943+00:00,85.2,40,bid,FlawlessFlatbreads,EarnestEspressos,2748715
2026-07-01T18:08:00.835706,2026-07-01T18:08:00.858581+00:00,85.0,50,bid,FlawlessFlatbreads,DiligentDonuts,2748754
2026-07-01T18:08:02.943514,2026-07-01T18:08:02.958565+00:00,84.8,3,bid,FlawlessFlatbreads,Kelvin Chan,2748784
2026-07-01T18:08:02.943514,2026-07-01T18:08:02.958565+00:00,85.2,47,bid,FlawlessFlatbreads,DiligentDonuts,2748785
2026-07-01T18:08:05.052603,2026-07-01T18:08:05.064245+00:00,84.9,5,bid,FlawlessFlatbreads,Kelvin Chan,2748823
2026-07-01T18:08:05.052603,2026-07-01T18:08:05.064245+00:00,85.2,45,bid,FlawlessFlatbreads,DiligentDonuts,2748824
2026-07-01T18:08:05.166788,2026-07-01T18:08:05.175251+00:00,84.9,23,ask,DiligentDonuts,Xuanyu Liu,2748830
2026-07-01T18:08:05.303597,2026-07-01T18:08:05.311135+00:00,84.9,5,ask,DiligentDonuts,Kelvin Chan,2748833
2026-07-01T18:08:05.356593,2026-07-01T18:08:05.368233+00:00,84.9,4,ask,DiligentDonuts,Kelvin Chan,2748835
2026-07-01T18:08:05.640603,2026-07-01T18:08:05.644966+00:00,84.9,4,ask,DiligentDonuts,Kelvin Chan,2748844
2026-07-01T18:08:05.694825,2026-07-01T18:08:05.702622+00:00,84.9,4,ask,DiligentDonuts,Kelvin Chan,2748845
2026-07-01T18:08:05.788171,2026-07-01T18:08:05.797178+00:00,84.9,4,ask,DiligentDonuts,Kelvin Chan,2748846
2026-07-01T18:08:07.231246,2026-07-01T18:08:07.243281+00:00,85.0,3,bid,FlawlessFlatbreads,Kelvin Chan,2748863
2026-07-01T18:08:07.231246,2026-07-01T18:08:07.248454+00:00,85.1,47,bid,FlawlessFlatbreads,EarnestEspressos,2748864
2026-07-01T18:08:08.323585,2026-07-01T18:08:08.337002+00:00,85.0,2,bid,DiligentDonuts,Kelvin Chan,2748878
2026-07-01T18:08:08.404436,2026-07-01T18:08:08.415858+00:00,85.0,2,ask,DiligentDonuts,Kelvin Chan,2748879
2026-07-01T18:08:08.493785,2026-07-01T18:08:08.502530+00:00,85.0,2,ask,DiligentDonuts,Kelvin Chan,2748882
2026-07-01T18:08:08.699308,2026-07-01T18:08:08.709935+00:00,85.0,12,ask,DiligentDonuts,Xuanyu Liu,2748885
2026-07-01T18:08:08.824461,2026-07-01T18:08:08.831943+00:00,85.0,48,ask,DiligentDonuts,CostlyCorianders,2748890
2026-07-01T18:08:09.057503,2026-07-01T18:08:09.066349+00:00,85.0,2,ask,DiligentDonuts,Kelvin Chan,2748891
2026-07-01T18:08:09.350228,2026-07-01T18:08:09.357285+00:00,85.4,50,bid,FlawlessFlatbreads,EarnestEspressos,2748899
2026-07-01T18:08:09.799421,2026-07-01T18:08:09.810696+00:00,85.0,1,ask,DiligentDonuts,Kelvin Chan,2748905
2026-07-01T18:08:09.973309,2026-07-01T18:08:09.984653+00:00,85.4,40,bid,CostlyCorianders,EarnestEspressos,2748910
2026-07-01T18:08:11.457746,2026-07-01T18:08:11.469000+00:00,85.1,1,bid,FlawlessFlatbreads,Kelvin Chan,2748940
2026-07-01T18:08:11.457746,2026-07-01T18:08:11.469000+00:00,85.4,49,bid,FlawlessFlatbreads,EarnestEspressos,2748941
2026-07-01T18:08:11.544382,2026-07-01T18:08:11.558543+00:00,84.9,46,ask,EarnestEspressos,CostlyCorianders,2748945
2026-07-01T18:08:11.760328,2026-07-01T18:08:11.769746+00:00,85.1,100,bid,EarnestEspressos,DiligentDonuts,2748950
2026-07-01T18:08:11.824992,2026-07-01T18:08:11.833931+00:00,85.2,14,ask,EarnestEspressos,Xuanyu Liu,2748954
2026-07-01T18:08:13.565464,2026-07-01T18:08:13.576933+00:00,85.7,50,bid,FlawlessFlatbreads,EarnestEspressos,2748991
2026-07-01T18:08:13.729801,2026-07-01T18:08:13.741628+00:00,85.2,36,ask,EarnestEspressos,CostlyCorianders,2748992
2026-07-01T18:08:13.729801,2026-07-01T18:08:13.741628+00:00,84.8,1,ask,Kelvin Chan,CostlyCorianders,2748993
2026-07-01T18:08:15.671595,2026-07-01T18:08:15.680500+00:00,85.2,3,bid,FlawlessFlatbreads,Kelvin Chan,2749035
2026-07-01T18:08:15.671595,2026-07-01T18:08:15.680500+00:00,85.2,47,bid,FlawlessFlatbreads,EarnestEspressos,2749036
2026-07-01T18:08:15.914592,2026-07-01T18:08:15.926095+00:00,85.2,46,bid,CostlyCorianders,EarnestEspressos,2749043
2026-07-01T18:08:16.538525,2026-07-01T18:08:16.548455+00:00,84.8,44,ask,DiligentDonuts,CostlyCorianders,2749056
2026-07-01T18:08:17.783019,2026-07-01T18:08:17.789895+00:00,85.2,50,bid,FlawlessFlatbreads,EarnestEspressos,2749078
2026-07-01T18:08:18.090360,2026-07-01T18:08:18.101817+00:00,85.1,100,bid,EarnestEspressos,DiligentDonuts,2749081
2026-07-01T18:08:18.090360,2026-07-01T18:08:18.101817+00:00,85.2,3,bid,EarnestEspressos,Kelvin Chan,2749082
2026-07-01T18:08:18.207715,2026-07-01T18:08:18.214600+00:00,85.3,46,ask,EarnestEspressos,CostlyCorianders,2749083
2026-07-01T18:08:18.849930,2026-07-01T18:08:18.848192+00:00,85.8,41,bid,CostlyCorianders,EarnestEspressos,2749108
2026-07-01T18:08:19.891777,2026-07-01T18:08:19.901290+00:00,85.8,50,bid,FlawlessFlatbreads,EarnestEspressos,2749127
2026-07-01T18:08:21.997631,2026-07-01T18:08:22.009041+00:00,85.7,50,bid,FlawlessFlatbreads,DiligentDonuts,2749166
2026-07-01T18:08:23.404869,2026-07-01T18:08:23.413375+00:00,85.7,43,bid,CostlyCorianders,DiligentDonuts,2749191
2026-07-01T18:08:24.023531,2026-07-01T18:08:24.030313+00:00,85.3,46,ask,EarnestEspressos,CostlyCorianders,2749204
2026-07-01T18:08:26.212817,2026-07-01T18:08:26.223414+00:00,85.4,50,bid,FlawlessFlatbreads,EarnestEspressos,2749269
2026-07-01T18:08:27.318946,2026-07-01T18:08:27.325942+00:00,85.4,100,bid,DiligentDonuts,EarnestEspressos,2749286
2026-07-01T18:08:27.581662,2026-07-01T18:08:27.589194+00:00,85.7,150,ask,EarnestEspressos,Chester Au,2749291
2026-07-01T18:08:30.052093,2026-07-01T18:08:30.058544+00:00,85.9,46,bid,CostlyCorianders,DiligentDonuts,2749342
2026-07-01T18:08:30.473941,2026-07-01T18:08:30.485451+00:00,85.2,5,ask,Kelvin Chan,FlawlessFlatbreads,2749347
2026-07-01T18:08:32.587507,2026-07-01T18:08:32.598920+00:00,85.4,50,ask,DiligentDonuts,FlawlessFlatbreads,2749389
2026-07-01T18:08:34.611761,2026-07-01T18:08:34.623493+00:00,85.4,46,ask,DiligentDonuts,CostlyCorianders,2749429
2026-07-01T18:08:34.694903,2026-07-01T18:08:34.706645+00:00,85.4,50,ask,DiligentDonuts,FlawlessFlatbreads,2749433
2026-07-01T18:08:36.826281,2026-07-01T18:08:36.837965+00:00,85.4,50,ask,EarnestEspressos,FlawlessFlatbreads,2749479
2026-07-01T18:08:38.499163,2026-07-01T18:08:38.510379+00:00,85.6,47,bid,CostlyCorianders,DiligentDonuts,2749517
2026-07-01T18:08:38.932888,2026-07-01T18:08:38.944397+00:00,85.3,5,ask,Kelvin Chan,FlawlessFlatbreads,2749518
2026-07-01T18:08:38.932888,2026-07-01T18:08:38.944397+00:00,85.2,45,ask,EarnestEspressos,FlawlessFlatbreads,2749519
2026-07-01T18:08:39.150640,2026-07-01T18:08:39.156797+00:00,85.4,5,ask,Kelvin Chan,CostlyCorianders,2749525
2026-07-01T18:08:39.150640,2026-07-01T18:08:39.156797+00:00,85.2,40,ask,EarnestEspressos,CostlyCorianders,2749526
2026-07-01T18:08:40.313099,2026-07-01T18:08:40.320118+00:00,85.4,5,ask,Kelvin Chan,EarnestEspressos,2749553
2026-07-01T18:08:40.319676,2026-07-01T18:08:40.332622+00:00,85.4,145,bid,Chester Au,EarnestEspressos,2749554
2026-07-01T18:08:41.042203,2026-07-01T18:08:41.058611+00:00,85.4,5,ask,Kelvin Chan,FlawlessFlatbreads,2749570
2026-07-01T18:08:41.042203,2026-07-01T18:08:41.058611+00:00,85.3,45,ask,DiligentDonuts,FlawlessFlatbreads,2749571
2026-07-01T18:08:43.149652,2026-07-01T18:08:43.163650+00:00,85.4,5,ask,Kelvin Chan,FlawlessFlatbreads,2749614
2026-07-01T18:08:43.149652,2026-07-01T18:08:43.163650+00:00,84.9,45,ask,EarnestEspressos,FlawlessFlatbreads,2749615
2026-07-01T18:08:45.284964,2026-07-01T18:08:45.296660+00:00,85.4,50,ask,EarnestEspressos,FlawlessFlatbreads,2749657
2026-07-01T18:08:46.652537,2026-07-01T18:08:46.663729+00:00,85.5,5,bid,Chester Au,EarnestEspressos,2749685
2026-07-01T18:08:47.393419,2026-07-01T18:08:47.404813+00:00,85.4,2,ask,Kelvin Chan,FlawlessFlatbreads,2749700
2026-07-01T18:08:47.393419,2026-07-01T18:08:47.404813+00:00,85.1,48,ask,DiligentDonuts,FlawlessFlatbreads,2749701
2026-07-01T18:08:49.506013,2026-07-01T18:08:49.516040+00:00,85.4,2,ask,Kelvin Chan,FlawlessFlatbreads,2749738
2026-07-01T18:08:49.506013,2026-07-01T18:08:49.516040+00:00,85.0,48,ask,EarnestEspressos,FlawlessFlatbreads,2749739
2026-07-01T18:08:49.523499,2026-07-01T18:08:49.533187+00:00,85.5,43,bid,CostlyCorianders,EarnestEspressos,2749741
2026-07-01T18:08:50.745664,2026-07-01T18:08:50.758738+00:00,85.5,45,bid,CostlyCorianders,DiligentDonuts,2749766
2026-07-01T18:08:51.614090,2026-07-01T18:08:51.625477+00:00,85.0,50,ask,DiligentDonuts,FlawlessFlatbreads,2749776
2026-07-01T18:08:52.732233,2026-07-01T18:08:52.743645+00:00,85.3,5,ask,Kelvin Chan,CostlyCorianders,2749797
2026-07-01T18:08:52.732233,2026-07-01T18:08:52.743645+00:00,85.0,38,ask,EarnestEspressos,CostlyCorianders,2749798
2026-07-01T18:08:52.965468,2026-07-01T18:08:52.976661+00:00,85.3,5,ask,Kelvin Chan,EarnestEspressos,2749803
2026-07-01T18:08:52.977865,2026-07-01T18:08:52.981792+00:00,85.3,3,bid,Xuanyu Liu,EarnestEspressos,2749804
2026-07-01T18:08:53.138934,2026-07-01T18:08:53.148502+00:00,85.3,5,bid,Kelvin Chan,EarnestEspressos,2749807
2026-07-01T18:08:53.733403,2026-07-01T18:08:53.746153+00:00,84.9,50,ask,DiligentDonuts,FlawlessFlatbreads,2749826
2026-07-01T18:08:55.130064,2026-07-01T18:08:55.141176+00:00,85.3,47,bid,CostlyCorianders,EarnestEspressos,2749852
2026-07-01T18:08:55.642519,2026-07-01T18:08:55.653633+00:00,85.3,11,bid,Xuanyu Liu,EarnestEspressos,2749859
2026-07-01T18:08:55.838753,2026-07-01T18:08:55.846103+00:00,84.8,50,ask,EarnestEspressos,FlawlessFlatbreads,2749863
2026-07-01T18:08:57.957226,2026-07-01T18:08:57.975993+00:00,85.0,50,ask,EarnestEspressos,FlawlessFlatbreads,2749917
2026-07-01T18:08:59.030474,2026-07-01T18:08:59.041999+00:00,85.0,100,ask,EarnestEspressos,DiligentDonuts,2749942
2026-07-01T18:08:59.328343,2026-07-01T18:08:59.337458+00:00,84.6,9,bid,Xuanyu Liu,EarnestEspressos,2749951
2026-07-01T18:08:59.338447,2026-07-01T18:08:59.346919+00:00,84.6,26,bid,Xuanyu Liu,EarnestEspressos,2749953
2026-07-01T18:08:59.493974,2026-07-01T18:08:59.502365+00:00,84.6,10,bid,Xuanyu Liu,EarnestEspressos,2749955
2026-07-01T18:08:59.534220,2026-07-01T18:08:59.543015+00:00,84.6,1,bid,Xuanyu Liu,EarnestEspressos,2749958
2026-07-01T18:08:59.892475,2026-07-01T18:08:59.900522+00:00,84.6,34,bid,Xuanyu Liu,EarnestEspressos,2749966
2026-07-01T18:09:00.082225,2026-07-01T18:09:00.093731+00:00,84.5,50,ask,DiligentDonuts,FlawlessFlatbreads,2749973
2026-07-01T18:09:00.513965,2026-07-01T18:09:00.524784+00:00,84.6,47,bid,CostlyCorianders,EarnestEspressos,2749985
2026-07-01T18:09:01.600804,2026-07-01T18:09:01.607088+00:00,84.6,2,bid,Kelvin Chan,EarnestEspressos,2750006
2026-07-01T18:09:01.673400,2026-07-01T18:09:01.681786+00:00,84.6,2,bid,Kelvin Chan,EarnestEspressos,2750008
2026-07-01T18:09:01.857640,2026-07-01T18:09:01.866730+00:00,84.6,2,bid,Kelvin Chan,EarnestEspressos,2750012
2026-07-01T18:09:02.138517,2026-07-01T18:09:02.148896+00:00,84.6,17,bid,FlawlessFlatbreads,EarnestEspressos,2750015
2026-07-01T18:09:02.138517,2026-07-01T18:09:02.148896+00:00,85.4,4,bid,FlawlessFlatbreads,Kelvin Chan,2750016
2026-07-01T18:09:02.222035,2026-07-01T18:09:02.230749+00:00,84.8,34,ask,DiligentDonuts,Xuanyu Liu,2750019
2026-07-01T18:09:02.920709,2026-07-01T18:09:02.928750+00:00,85.0,2,ask,Kelvin Chan,Xuanyu Liu,2750034
2026-07-01T18:09:04.256637,2026-07-01T18:09:04.267925+00:00,85.3,50,bid,FlawlessFlatbreads,DiligentDonuts,2750072
2026-07-01T18:09:06.362590,2026-07-01T18:09:06.369463+00:00,85.3,4,bid,FlawlessFlatbreads,Kelvin Chan,2750111
2026-07-01T18:09:06.362590,2026-07-01T18:09:06.374624+00:00,85.6,46,bid,FlawlessFlatbreads,DiligentDonuts,2750112
2026-07-01T18:09:07.896950,2026-07-01T18:09:07.908387+00:00,85.1,48,ask,DiligentDonuts,CostlyCorianders,2750141
2026-07-01T18:09:09.107543,2026-07-01T18:09:09.115828+00:00,85.1,9,ask,DiligentDonuts,Xuanyu Liu,2750175
2026-07-01T18:09:10.462817,2026-07-01T18:09:10.474302+00:00,85.1,45,ask,DiligentDonuts,CostlyCorianders,2750196
2026-07-01T18:09:10.574900,2026-07-01T18:09:10.586204+00:00,85.4,3,bid,FlawlessFlatbreads,Kelvin Chan,2750198
2026-07-01T18:09:10.958381,2026-07-01T18:09:10.968680+00:00,85.5,49,bid,CostlyCorianders,EarnestEspressos,2750201
2026-07-01T18:09:11.929873,2026-07-01T18:09:11.938232+00:00,85.1,12,ask,EarnestEspressos,Xuanyu Liu,2750217
2026-07-01T18:09:12.682945,2026-07-01T18:09:12.693823+00:00,85.4,3,bid,FlawlessFlatbreads,Kelvin Chan,2750228
2026-07-01T18:09:12.682945,2026-07-01T18:09:12.693823+00:00,85.4,47,bid,FlawlessFlatbreads,DiligentDonuts,2750229
2026-07-01T18:09:13.011236,2026-07-01T18:09:13.022665+00:00,85.1,47,ask,EarnestEspressos,CostlyCorianders,2750239
2026-07-01T18:09:14.075561,2026-07-01T18:09:14.086822+00:00,85.4,47,bid,CostlyCorianders,DiligentDonuts,2750253
2026-07-01T18:09:14.792452,2026-07-01T18:09:14.803915+00:00,85.4,3,bid,FlawlessFlatbreads,Kelvin Chan,2750270
2026-07-01T18:09:14.792452,2026-07-01T18:09:14.803915+00:00,85.6,47,bid,FlawlessFlatbreads,EarnestEspressos,2750271
2026-07-01T18:09:16.902275,2026-07-01T18:09:16.912059+00:00,85.4,3,bid,FlawlessFlatbreads,Kelvin Chan,2750312
2026-07-01T18:09:16.902275,2026-07-01T18:09:16.912059+00:00,85.7,47,bid,FlawlessFlatbreads,DiligentDonuts,2750313
2026-07-01T18:09:17.977764,2026-07-01T18:09:17.985194+00:00,85.3,11,ask,DiligentDonuts,Xuanyu Liu,2750350
2026-07-01T18:09:19.011275,2026-07-01T18:09:19.019651+00:00,85.5,2,bid,FlawlessFlatbreads,Kelvin Chan,2750361
2026-07-01T18:09:19.011275,2026-07-01T18:09:19.019651+00:00,85.6,48,bid,FlawlessFlatbreads,EarnestEspressos,2750362
2026-07-01T18:09:21.170571,2026-07-01T18:09:21.181829+00:00,85.3,50,ask,DiligentDonuts,FlawlessFlatbreads,2750407
2026-07-01T18:09:21.422968,2026-07-01T18:09:21.434283+00:00,85.4,47,ask,EarnestEspressos,CostlyCorianders,2750412
2026-07-01T18:09:22.878098,2026-07-01T18:09:22.889484+00:00,85.4,42,ask,EarnestEspressos,CostlyCorianders,2750446
2026-07-01T18:09:23.277517,2026-07-01T18:09:23.288709+00:00,85.4,50,ask,EarnestEspressos,FlawlessFlatbreads,2750456
2026-07-01T18:09:23.538325,2026-07-01T18:09:23.547361+00:00,85.4,11,ask,EarnestEspressos,Xuanyu Liu,2750466
2026-07-01T18:09:24.617858,2026-07-01T18:09:24.627802+00:00,85.2,1,ask,Kelvin Chan,EarnestEspressos,2750492
2026-07-01T18:09:24.645824,2026-07-01T18:09:24.663629+00:00,85.2,45,bid,CostlyCorianders,EarnestEspressos,2750493
2026-07-01T18:09:24.859515,2026-07-01T18:09:24.867421+00:00,85.2,22,bid,Xuanyu Liu,EarnestEspressos,2750508
2026-07-01T18:09:25.555932,2026-07-01T18:09:25.563925+00:00,85.2,3,bid,Kelvin Chan,EarnestEspressos,2750515
2026-07-01T18:09:25.655590,2026-07-01T18:09:25.663957+00:00,85.2,3,bid,Kelvin Chan,EarnestEspressos,2750520
2026-07-01T18:09:25.991780,2026-07-01T18:09:26.001079+00:00,85.2,3,bid,Kelvin Chan,EarnestEspressos,2750524
2026-07-01T18:09:27.290519,2026-07-01T18:09:27.296899+00:00,85.2,44,bid,CostlyCorianders,EarnestEspressos,2750559
2026-07-01T18:09:27.445746,2026-07-01T18:09:27.458553+00:00,85.2,29,bid,DiligentDonuts,EarnestEspressos,2750560
2026-07-01T18:09:27.485529,2026-07-01T18:09:27.493372+00:00,85.2,50,ask,DiligentDonuts,FlawlessFlatbreads,2750562
2026-07-01T18:09:27.737597,2026-07-01T18:09:27.747064+00:00,85.4,11,ask,EarnestEspressos,Xuanyu Liu,2750566
2026-07-01T18:09:29.603714,2026-07-01T18:09:29.614987+00:00,85.4,50,ask,EarnestEspressos,FlawlessFlatbreads,2750615
2026-07-01T18:09:30.661223,2026-07-01T18:09:30.669358+00:00,85.4,89,ask,EarnestEspressos,DiligentDonuts,2750629
2026-07-01T18:09:30.818391,2026-07-01T18:09:30.827185+00:00,85.2,1,ask,Kelvin Chan,CostlyCorianders,2750632
2026-07-01T18:09:30.818391,2026-07-01T18:09:30.827185+00:00,84.9,44,ask,DiligentDonuts,CostlyCorianders,2750633
2026-07-01T18:09:31.710979,2026-07-01T18:09:31.722463+00:00,84.9,50,ask,DiligentDonuts,FlawlessFlatbreads,2750650
2026-07-01T18:09:32.513819,2026-07-01T18:09:32.525343+00:00,85.4,11,bid,CostlyCorianders,DiligentDonuts,2750674
2026-07-01T18:09:32.513819,2026-07-01T18:09:32.525343+00:00,85.4,37,bid,CostlyCorianders,EarnestEspressos,2750675
2026-07-01T18:09:34.111117,2026-07-01T18:09:34.117517+00:00,85.1,44,ask,DiligentDonuts,CostlyCorianders,2750706
2026-07-01T18:09:35.179143,2026-07-01T18:09:35.190414+00:00,85.1,43,ask,DiligentDonuts,CostlyCorianders,2750734
2026-07-01T18:09:36.997843,2026-07-01T18:09:37.006761+00:00,85.3,11,bid,Xuanyu Liu,DiligentDonuts,2750772
2026-07-01T18:09:39.415389,2026-07-01T18:09:39.432015+00:00,85.3,42,bid,CostlyCorianders,DiligentDonuts,2750819
2026-07-01T18:09:40.130425,2026-07-01T18:09:40.142157+00:00,85.1,50,ask,EarnestEspressos,FlawlessFlatbreads,2750832
2026-07-01T18:09:40.537961,2026-07-01T18:09:40.547059+00:00,85.1,1,bid,Kelvin Chan,EarnestEspressos,2750838
2026-07-01T18:09:40.577050,2026-07-01T18:09:40.588345+00:00,85.1,1,bid,Kelvin Chan,EarnestEspressos,2750839
2026-07-01T18:09:40.844031,2026-07-01T18:09:40.855374+00:00,85.1,42,bid,CostlyCorianders,EarnestEspressos,2750844
2026-07-01T18:09:42.241568,2026-07-01T18:09:42.248460+00:00,84.7,50,ask,DiligentDonuts,FlawlessFlatbreads,2750874
2026-07-01T18:09:42.313594,2026-07-01T18:09:42.325039+00:00,85.1,45,bid,CostlyCorianders,EarnestEspressos,2750876
2026-07-01T18:09:44.346988,2026-07-01T18:09:44.358584+00:00,84.8,50,ask,EarnestEspressos,FlawlessFlatbreads,2750928
2026-07-01T18:09:44.578068,2026-07-01T18:09:44.599737+00:00,85.0,12,bid,Xuanyu Liu,DiligentDonuts,2750932
2026-07-01T18:09:46.452180,2026-07-01T18:09:46.447284+00:00,84.8,50,ask,EarnestEspressos,FlawlessFlatbreads,2750966
2026-07-01T18:09:48.222948,2026-07-01T18:09:48.234112+00:00,84.5,42,ask,DiligentDonuts,CostlyCorianders,2751000
2026-07-01T18:09:48.479038,2026-07-01T18:09:48.487586+00:00,85.0,11,bid,Xuanyu Liu,DiligentDonuts,2751009
2026-07-01T18:09:48.559856,2026-07-01T18:09:48.571163+00:00,84.5,50,ask,DiligentDonuts,FlawlessFlatbreads,2751011
2026-07-01T18:09:50.161005,2026-07-01T18:09:50.168980+00:00,85.0,11,bid,Xuanyu Liu,DiligentDonuts,2751031
2026-07-01T18:09:50.686996,2026-07-01T18:09:50.698207+00:00,84.8,50,ask,EarnestEspressos,FlawlessFlatbreads,2751040
2026-07-01T18:09:52.793737,2026-07-01T18:09:52.805127+00:00,84.8,50,ask,EarnestEspressos,FlawlessFlatbreads,2751076
2026-07-01T18:09:53.112451,2026-07-01T18:09:53.121004+00:00,84.9,12,bid,Xuanyu Liu,EarnestEspressos,2751084
2026-07-01T18:09:53.263639,2026-07-01T18:09:53.274823+00:00,84.9,47,bid,CostlyCorianders,EarnestEspressos,2751090
2026-07-01T18:09:53.754160,2026-07-01T18:09:53.764001+00:00,84.9,5,bid,Kelvin Chan,EarnestEspressos,2751099
2026-07-01T18:09:53.884140,2026-07-01T18:09:53.893368+00:00,84.6,44,ask,DiligentDonuts,CostlyCorianders,2751102
2026-07-01T18:09:54.470232,2026-07-01T18:09:54.481719+00:00,84.9,42,bid,CostlyCorianders,EarnestEspressos,2751113
2026-07-01T18:09:54.900259,2026-07-01T18:09:54.911037+00:00,84.6,50,ask,DiligentDonuts,FlawlessFlatbreads,2751117
2026-07-01T18:09:55.975045,2026-07-01T18:09:55.984760+00:00,84.8,4,ask,Kelvin Chan,DiligentDonuts,2751145
2026-07-01T18:09:57.650521,2026-07-01T18:09:57.658592+00:00,84.7,11,bid,Xuanyu Liu,DiligentDonuts,2751183
2026-07-01T18:09:58.287729,2026-07-01T18:09:58.299429+00:00,84.6,44,ask,EarnestEspressos,CostlyCorianders,2751186
2026-07-01T18:09:59.112503,2026-07-01T18:09:59.120844+00:00,84.6,50,ask,EarnestEspressos,FlawlessFlatbreads,2751200
2026-07-01T18:10:00.353765,2026-07-01T18:10:00.364124+00:00,84.8,41,bid,CostlyCorianders,DiligentDonuts,2751236
2026-07-01T18:10:00.992851,2026-07-01T18:10:01.000255+00:00,84.4,49,ask,EarnestEspressos,CostlyCorianders,2751244
2026-07-01T18:10:02.512179,2026-07-01T18:10:02.523480+00:00,84.8,42,bid,CostlyCorianders,DiligentDonuts,2751276
2026-07-01T18:10:02.566995,2026-07-01T18:10:02.578319+00:00,84.7,5,ask,Kelvin Chan,CostlyCorianders,2751277
2026-07-01T18:10:03.270099,2026-07-01T18:10:03.281686+00:00,84.6,50,bid,FlawlessFlatbreads,EarnestEspressos,2751291
2026-07-01T18:10:03.574608,2026-07-01T18:10:03.582736+00:00,84.6,4,bid,Kelvin Chan,EarnestEspressos,2751294
2026-07-01T18:10:03.828874,2026-07-01T18:10:03.838557+00:00,84.6,4,bid,Kelvin Chan,EarnestEspressos,2751297
2026-07-01T18:10:04.379571,2026-07-01T18:10:04.388465+00:00,84.6,3,bid,Kelvin Chan,EarnestEspressos,2751305
2026-07-01T18:10:04.468186,2026-07-01T18:10:04.476143+00:00,84.6,3,bid,Kelvin Chan,EarnestEspressos,2751308
2026-07-01T18:10:04.892368,2026-07-01T18:10:04.901515+00:00,84.6,3,bid,Kelvin Chan,EarnestEspressos,2751314
2026-07-01T18:10:05.334856,2026-07-01T18:10:05.343815+00:00,84.6,47,bid,CostlyCorianders,EarnestEspressos,2751323
2026-07-01T18:10:05.413384,2026-07-01T18:10:05.419960+00:00,84.6,36,bid,FlawlessFlatbreads,EarnestEspressos,2751326
2026-07-01T18:10:07.602929,2026-07-01T18:10:07.611743+00:00,84.6,50,ask,EarnestEspressos,FlawlessFlatbreads,2751368
2026-07-01T18:10:09.710811,2026-07-01T18:10:09.722519+00:00,84.7,50,ask,DiligentDonuts,FlawlessFlatbreads,2751403
2026-07-01T18:10:10.740861,2026-07-01T18:10:10.749179+00:00,84.7,11,ask,DiligentDonuts,Xuanyu Liu,2751422
2026-07-01T18:10:11.816372,2026-07-01T18:10:11.827777+00:00,84.7,100,ask,EarnestEspressos,DiligentDonuts,2751438
2026-07-01T18:10:11.848961,2026-07-01T18:10:11.864388+00:00,84.7,50,ask,EarnestEspressos,FlawlessFlatbreads,2751439
2026-07-01T18:10:12.110121,2026-07-01T18:10:12.133713+00:00,84.6,3,ask,Kelvin Chan,EarnestEspressos,2751441
2026-07-01T18:10:12.122654,2026-07-01T18:10:12.133713+00:00,84.3,17,bid,Xuanyu Liu,EarnestEspressos,2751442
2026-07-01T18:10:12.224837,2026-07-01T18:10:12.233819+00:00,84.3,5,bid,Kelvin Chan,EarnestEspressos,2751445
2026-07-01T18:10:13.056799,2026-07-01T18:10:13.068634+00:00,84.3,4,bid,Kelvin Chan,EarnestEspressos,2751458
2026-07-01T18:10:13.226954,2026-07-01T18:10:13.235321+00:00,84.3,4,bid,Kelvin Chan,EarnestEspressos,2751462
2026-07-01T18:10:13.591566,2026-07-01T18:10:13.603334+00:00,84.3,47,bid,CostlyCorianders,EarnestEspressos,2751468
2026-07-01T18:10:13.904425,2026-07-01T18:10:13.915715+00:00,84.3,50,bid,FlawlessFlatbreads,EarnestEspressos,2751473
2026-07-01T18:10:14.153379,2026-07-01T18:10:14.168643+00:00,84.3,4,bid,Kelvin Chan,EarnestEspressos,2751474
2026-07-01T18:10:14.340905,2026-07-01T18:10:14.363684+00:00,84.3,4,bid,Kelvin Chan,EarnestEspressos,2751479
2026-07-01T18:10:14.930766,2026-07-01T18:10:14.942173+00:00,84.3,12,bid,DiligentDonuts,EarnestEspressos,2751499
2026-07-01T18:10:16.670370,2026-07-01T18:10:16.678667+00:00,84.6,6,ask,DiligentDonuts,Xuanyu Liu,2751519
2026-07-01T18:10:17.319508,2026-07-01T18:10:17.327869+00:00,84.6,23,ask,DiligentDonuts,Xuanyu Liu,2751529
2026-07-01T18:10:17.814181,2026-07-01T18:10:17.825712+00:00,84.6,49,ask,DiligentDonuts,CostlyCorianders,2751534
2026-07-01T18:10:18.118521,2026-07-01T18:10:18.129691+00:00,85.0,50,bid,FlawlessFlatbreads,EarnestEspressos,2751541
2026-07-01T18:10:18.147302,2026-07-01T18:10:18.153489+00:00,84.5,100,ask,EarnestEspressos,DiligentDonuts,2751542
2026-07-01T18:10:18.333974,2026-07-01T18:10:18.343520+00:00,84.0,40,ask,DiligentDonuts,CostlyCorianders,2751545
2026-07-01T18:10:18.637999,2026-07-01T18:10:18.647451+00:00,84.5,23,bid,Xuanyu Liu,EarnestEspressos,2751550
2026-07-01T18:10:20.226876,2026-07-01T18:10:20.233419+00:00,84.5,50,bid,FlawlessFlatbreads,EarnestEspressos,2751570
2026-07-01T18:10:21.445968,2026-07-01T18:10:21.452256+00:00,84.5,48,bid,CostlyCorianders,EarnestEspressos,2751592
2026-07-01T18:10:21.513307,2026-07-01T18:10:21.523486+00:00,84.2,2,ask,Kelvin Chan,CostlyCorianders,2751593
2026-07-01T18:10:21.513307,2026-07-01T18:10:21.528481+00:00,84.1,39,ask,DiligentDonuts,CostlyCorianders,2751594
2026-07-01T18:10:21.573684,2026-07-01T18:10:21.585171+00:00,84.5,3,bid,EarnestEspressos,Kelvin Chan,2751595
2026-07-01T18:10:22.367061,2026-07-01T18:10:22.378472+00:00,84.6,50,bid,FlawlessFlatbreads,DiligentDonuts,2751610
2026-07-01T18:10:22.570115,2026-07-01T18:10:22.580562+00:00,84.5,11,ask,EarnestEspressos,Xuanyu Liu,2751613
2026-07-01T18:10:24.475252,2026-07-01T18:10:24.482891+00:00,84.8,50,bid,FlawlessFlatbreads,DiligentDonuts,2751637
2026-07-01T18:10:25.046443,2026-07-01T18:10:25.064141+00:00,84.4,43,ask,EarnestEspressos,CostlyCorianders,2751657
