timestamp,recv_time,price,volume,aggressor_side,buyer,seller,trade_id
2026-07-05T14:00:01.736771,2026-07-05T14:00:01.730342+00:00,153.1,100,bid,EarnestEspressos,DiligentDonuts,8389207
2026-07-05T14:00:01.803432,2026-07-05T14:00:01.813160+00:00,153.4,3,ask,EarnestEspressos,Xuanyu Liu,8389208
2026-07-05T14:00:02.579621,2026-07-05T14:00:02.591186+00:00,153.4,43,ask,EarnestEspressos,CostlyCorianders,8389227
2026-07-05T14:00:02.610445,2026-07-05T14:00:02.622045+00:00,153.4,4,ask,EarnestEspressos,FlawlessFlatbreads,8389228
2026-07-05T14:00:04.168918,2026-07-05T14:00:04.178311+00:00,153.9,45,bid,CostlyCorianders,EarnestEspressos,8389252
2026-07-05T14:00:04.718250,2026-07-05T14:00:04.729845+00:00,153.6,50,ask,DiligentDonuts,FlawlessFlatbreads,8389260
2026-07-05T14:00:05.802544,2026-07-05T14:00:05.810575+00:00,153.6,44,ask,DiligentDonuts,CostlyCorianders,8389277
2026-07-05T14:00:06.826247,2026-07-05T14:00:06.838159+00:00,153.2,50,ask,EarnestEspressos,FlawlessFlatbreads,8389290
2026-07-05T14:00:08.115041,2026-07-05T14:00:08.136988+00:00,153.2,100,ask,DiligentDonuts,EarnestEspressos,8389315
2026-07-05T14:00:08.127987,2026-07-05T14:00:08.136988+00:00,153.2,26,bid,Xuanyu Liu,EarnestEspressos,8389316
2026-07-05T14:00:08.933956,2026-07-05T14:00:08.959716+00:00,152.7,50,ask,EarnestEspressos,FlawlessFlatbreads,8389335
2026-07-05T14:00:09.185452,2026-07-05T14:00:09.197379+00:00,153.2,24,bid,DiligentDonuts,EarnestEspressos,8389340
2026-07-05T14:00:11.041662,2026-07-05T14:00:11.049649+00:00,153.2,50,ask,DiligentDonuts,FlawlessFlatbreads,8389370
2026-07-05T14:00:11.616944,2026-07-05T14:00:11.668691+00:00,153.6,47,bid,CostlyCorianders,EarnestEspressos,8389381
2026-07-05T14:00:12.399603,2026-07-05T14:00:12.411235+00:00,153.1,100,ask,EarnestEspressos,DiligentDonuts,8389397
2026-07-05T14:00:13.148197,2026-07-05T14:00:13.156522+00:00,153.1,50,ask,EarnestEspressos,FlawlessFlatbreads,8389405
2026-07-05T14:00:13.663991,2026-07-05T14:00:13.676108+00:00,152.7,40,ask,DiligentDonuts,CostlyCorianders,8389412
2026-07-05T14:00:14.724800,2026-07-05T14:00:14.736652+00:00,153.2,48,bid,CostlyCorianders,EarnestEspressos,8389426
2026-07-05T14:00:14.900695,2026-07-05T14:00:14.909050+00:00,153.2,23,bid,Xuanyu Liu,EarnestEspressos,8389428
2026-07-05T14:00:15.202901,2026-07-05T14:00:15.214416+00:00,153.2,50,bid,FlawlessFlatbreads,EarnestEspressos,8389432
2026-07-05T14:00:16.165780,2026-07-05T14:00:16.183003+00:00,153.2,22,bid,Xuanyu Liu,EarnestEspressos,8389448
2026-07-05T14:00:17.367114,2026-07-05T14:00:17.374103+00:00,153.0,50,ask,DiligentDonuts,FlawlessFlatbreads,8389473
2026-07-05T14:00:17.560275,2026-07-05T14:00:17.568959+00:00,153.5,100,bid,EarnestEspressos,DiligentDonuts,8389474
2026-07-05T14:00:17.625042,2026-07-05T14:00:17.634454+00:00,153.7,34,ask,EarnestEspressos,Xuanyu Liu,8389475
2026-07-05T14:00:19.473830,2026-07-05T14:00:19.485289+00:00,153.7,16,ask,EarnestEspressos,FlawlessFlatbreads,8389500
2026-07-05T14:00:20.469057,2026-07-05T14:00:20.476096+00:00,153.4,42,ask,DiligentDonuts,CostlyCorianders,8389504
2026-07-05T14:00:21.438264,2026-07-05T14:00:21.447016+00:00,153.7,12,bid,Xuanyu Liu,EarnestEspressos,8389515
2026-07-05T14:00:21.580958,2026-07-05T14:00:21.590498+00:00,153.4,50,ask,DiligentDonuts,FlawlessFlatbreads,8389523
2026-07-05T14:00:23.547483,2026-07-05T14:00:23.553949+00:00,153.7,45,bid,CostlyCorianders,EarnestEspressos,8389542
2026-07-05T14:00:23.689822,2026-07-05T14:00:23.701402+00:00,153.4,50,ask,DiligentDonuts,FlawlessFlatbreads,8389546
2026-07-05T14:00:25.154817,2026-07-05T14:00:25.165513+00:00,153.7,41,bid,CostlyCorianders,DiligentDonuts,8389574
2026-07-05T14:00:25.212284,2026-07-05T14:00:25.223017+00:00,153.6,43,ask,EarnestEspressos,CostlyCorianders,8389579
2026-07-05T14:00:25.678049,2026-07-05T14:00:25.689728+00:00,153.7,48,bid,CostlyCorianders,DiligentDonuts,8389584
2026-07-05T14:00:26.693363,2026-07-05T14:00:26.705093+00:00,153.6,42,ask,EarnestEspressos,CostlyCorianders,8389598
2026-07-05T14:00:27.861814,2026-07-05T14:00:27.873509+00:00,153.6,50,bid,FlawlessFlatbreads,EarnestEspressos,8389610
2026-07-05T14:00:29.227627,2026-07-05T14:00:29.234843+00:00,153.6,46,bid,CostlyCorianders,EarnestEspressos,8389625
2026-07-05T14:00:29.282132,2026-07-05T14:00:29.290889+00:00,153.4,44,ask,DiligentDonuts,CostlyCorianders,8389626
2026-07-05T14:00:29.972700,2026-07-05T14:00:29.982669+00:00,153.6,50,bid,FlawlessFlatbreads,EarnestEspressos,8389642
2026-07-05T14:00:31.379537,2026-07-05T14:00:31.390340+00:00,153.7,100,ask,EarnestEspressos,DiligentDonuts,8389661
2026-07-05T14:00:31.927313,2026-07-05T14:00:31.936536+00:00,153.7,12,ask,EarnestEspressos,Xuanyu Liu,8389670
2026-07-05T14:00:32.105141,2026-07-05T14:00:32.116758+00:00,154.2,50,bid,FlawlessFlatbreads,EarnestEspressos,8389673
2026-07-05T14:00:32.473881,2026-07-05T14:00:32.485738+00:00,153.7,38,ask,EarnestEspressos,CostlyCorianders,8389678
2026-07-05T14:00:32.473881,2026-07-05T14:00:32.485738+00:00,153.1,7,ask,DiligentDonuts,CostlyCorianders,8389679
2026-07-05T14:00:34.458838,2026-07-05T14:00:34.470451+00:00,153.6,41,bid,CostlyCorianders,EarnestEspressos,8389711
2026-07-05T14:00:36.376411,2026-07-05T14:00:36.388125+00:00,153.3,50,ask,DiligentDonuts,FlawlessFlatbreads,8389732
2026-07-05T14:00:36.625196,2026-07-05T14:00:36.636810+00:00,153.3,40,ask,DiligentDonuts,CostlyCorianders,8389734
2026-07-05T14:00:38.693457,2026-07-05T14:00:38.704983+00:00,153.5,42,bid,CostlyCorianders,DiligentDonuts,8389768
2026-07-05T14:00:39.176553,2026-07-05T14:00:39.185753+00:00,153.5,46,bid,CostlyCorianders,DiligentDonuts,8389773
2026-07-05T14:00:40.537652,2026-07-05T14:00:40.549228+00:00,153.5,12,bid,FlawlessFlatbreads,DiligentDonuts,8389797
2026-07-05T14:00:42.638211,2026-07-05T14:00:42.649697+00:00,153.3,42,ask,EarnestEspressos,CostlyCorianders,8389820
2026-07-05T14:00:42.644723,2026-07-05T14:00:42.654914+00:00,153.8,50,bid,FlawlessFlatbreads,EarnestEspressos,8389821
2026-07-05T14:00:44.730558,2026-07-05T14:00:44.742818+00:00,153.2,43,ask,DiligentDonuts,CostlyCorianders,8389858
2026-07-05T14:00:44.752489,2026-07-05T14:00:44.763741+00:00,153.6,50,bid,FlawlessFlatbreads,EarnestEspressos,8389859
2026-07-05T14:00:45.925500,2026-07-05T14:00:45.937399+00:00,153.6,45,bid,CostlyCorianders,EarnestEspressos,8389875
2026-07-05T14:00:46.056478,2026-07-05T14:00:46.058537+00:00,153.7,100,bid,EarnestEspressos,DiligentDonuts,8389879
2026-07-05T14:00:46.323005,2026-07-05T14:00:46.335267+00:00,153.9,23,ask,EarnestEspressos,Xuanyu Liu,8389882
2026-07-05T14:00:46.553381,2026-07-05T14:00:46.561950+00:00,153.9,27,ask,EarnestEspressos,CostlyCorianders,8389888
2026-07-05T14:00:46.553381,2026-07-05T14:00:46.566931+00:00,153.2,15,ask,DiligentDonuts,CostlyCorianders,8389889
2026-07-05T14:00:49.014754,2026-07-05T14:00:49.024464+00:00,153.5,50,ask,DiligentDonuts,FlawlessFlatbreads,8389927
2026-07-05T14:00:49.283279,2026-07-05T14:00:49.292170+00:00,153.6,12,bid,Xuanyu Liu,EarnestEspressos,8389930
2026-07-05T14:00:49.777681,2026-07-05T14:00:49.789186+00:00,153.6,45,bid,CostlyCorianders,EarnestEspressos,8389936
2026-07-05T14:00:50.070024,2026-07-05T14:00:50.077686+00:00,153.6,11,bid,Xuanyu Liu,EarnestEspressos,8389941
2026-07-05T14:00:50.765260,2026-07-05T14:00:50.776694+00:00,153.6,40,bid,CostlyCorianders,EarnestEspressos,8389950
2026-07-05T14:00:51.785001,2026-07-05T14:00:51.796932+00:00,153.5,48,ask,DiligentDonuts,CostlyCorianders,8389967
2026-07-05T14:00:53.174872,2026-07-05T14:00:53.184925+00:00,154.0,50,bid,FlawlessFlatbreads,DiligentDonuts,8389979
2026-07-05T14:00:55.280386,2026-07-05T14:00:55.292048+00:00,154.0,50,bid,FlawlessFlatbreads,DiligentDonuts,8390006
2026-07-05T14:00:56.956873,2026-07-05T14:00:56.968470+00:00,153.9,41,ask,EarnestEspressos,CostlyCorianders,8390032
2026-07-05T14:00:57.388111,2026-07-05T14:00:57.395234+00:00,154.2,50,bid,FlawlessFlatbreads,DiligentDonuts,8390038
2026-07-05T14:00:57.531474,2026-07-05T14:00:57.543139+00:00,153.9,41,ask,EarnestEspressos,CostlyCorianders,8390041
2026-07-05T14:00:59.494252,2026-07-05T14:00:59.500618+00:00,154.1,50,bid,FlawlessFlatbreads,EarnestEspressos,8390077
2026-07-05T14:01:01.601072,2026-07-05T14:01:01.612546+00:00,154.1,50,bid,FlawlessFlatbreads,EarnestEspressos,8390105
2026-07-05T14:01:02.644393,2026-07-05T14:01:02.663656+00:00,154.3,43,bid,CostlyCorianders,EarnestEspressos,8390121
2026-07-05T14:01:03.708346,2026-07-05T14:01:03.719964+00:00,154.3,50,bid,FlawlessFlatbreads,EarnestEspressos,8390134
2026-07-05T14:01:04.548558,2026-07-05T14:01:04.555679+00:00,154.3,42,bid,CostlyCorianders,EarnestEspressos,8390145
2026-07-05T14:01:04.600797,2026-07-05T14:01:04.609042+00:00,153.9,11,ask,DiligentDonuts,Xuanyu Liu,8390148
2026-07-05T14:01:04.603226,2026-07-05T14:01:04.609042+00:00,153.9,40,ask,DiligentDonuts,CostlyCorianders,8390149
2026-07-05T14:01:05.039948,2026-07-05T14:01:05.050841+00:00,154.3,26,ask,EarnestEspressos,Xuanyu Liu,8390153
2026-07-05T14:01:05.865544,2026-07-05T14:01:05.875461+00:00,154.3,50,ask,EarnestEspressos,FlawlessFlatbreads,8390174
2026-07-05T14:01:06.177705,2026-07-05T14:01:06.187160+00:00,154.3,74,ask,EarnestEspressos,DiligentDonuts,8390179
2026-07-05T14:01:06.255222,2026-07-05T14:01:06.266814+00:00,154.2,26,bid,CostlyCorianders,DiligentDonuts,8390180
2026-07-05T14:01:08.293174,2026-07-05T14:01:08.304793+00:00,153.8,47,ask,EarnestEspressos,CostlyCorianders,8390217
2026-07-05T14:01:08.796969,2026-07-05T14:01:08.808402+00:00,154.3,40,bid,CostlyCorianders,EarnestEspressos,8390227
2026-07-05T14:01:10.024307,2026-07-05T14:01:10.035878+00:00,154.3,50,bid,FlawlessFlatbreads,EarnestEspressos,8390244
2026-07-05T14:01:10.774014,2026-07-05T14:01:10.785991+00:00,153.9,40,ask,DiligentDonuts,CostlyCorianders,8390254
2026-07-05T14:01:13.973433,2026-07-05T14:01:13.985041+00:00,154.5,47,bid,CostlyCorianders,EarnestEspressos,8390301
2026-07-05T14:01:14.250492,2026-07-05T14:01:14.258573+00:00,154.5,50,bid,FlawlessFlatbreads,EarnestEspressos,8390308
2026-07-05T14:01:16.357785,2026-07-05T14:01:16.369210+00:00,154.9,50,bid,FlawlessFlatbreads,DiligentDonuts,8390331
2026-07-05T14:01:17.251180,2026-07-05T14:01:17.258540+00:00,154.5,43,ask,EarnestEspressos,CostlyCorianders,8390338
2026-07-05T14:01:18.493624,2026-07-05T14:01:18.501799+00:00,154.8,50,bid,FlawlessFlatbreads,EarnestEspressos,8390354
2026-07-05T14:01:20.599369,2026-07-05T14:01:20.610859+00:00,154.8,50,bid,FlawlessFlatbreads,EarnestEspressos,8390380
2026-07-05T14:01:20.859731,2026-07-05T14:01:20.868596+00:00,154.8,3,ask,EarnestEspressos,Xuanyu Liu,8390381
2026-07-05T14:01:22.716961,2026-07-05T14:01:22.725348+00:00,155.0,50,bid,FlawlessFlatbreads,DiligentDonuts,8390412
2026-07-05T14:01:24.877207,2026-07-05T14:01:24.888952+00:00,154.9,50,ask,EarnestEspressos,FlawlessFlatbreads,8390457
2026-07-05T14:01:26.954982,2026-07-05T14:01:26.963485+00:00,154.9,11,ask,EarnestEspressos,Xuanyu Liu,8390490
2026-07-05T14:01:27.008630,2026-07-05T14:01:27.020674+00:00,154.9,50,ask,EarnestEspressos,FlawlessFlatbreads,8390493
2026-07-05T14:01:30.859625,2026-07-05T14:01:30.868478+00:00,154.7,14,bid,Xuanyu Liu,EarnestEspressos,8390542
2026-07-05T14:01:31.218930,2026-07-05T14:01:31.230557+00:00,154.6,50,ask,DiligentDonuts,FlawlessFlatbreads,8390548
2026-07-05T14:01:33.326611,2026-07-05T14:01:33.338397+00:00,154.6,50,ask,DiligentDonuts,FlawlessFlatbreads,8390588
2026-07-05T14:01:33.451805,2026-07-05T14:01:33.463864+00:00,154.6,42,ask,DiligentDonuts,CostlyCorianders,8390592
2026-07-05T14:01:35.446254,2026-07-05T14:01:35.457390+00:00,154.4,50,ask,EarnestEspressos,FlawlessFlatbreads,8390617
2026-07-05T14:01:36.492364,2026-07-05T14:01:36.504094+00:00,154.7,46,bid,CostlyCorianders,DiligentDonuts,8390633
2026-07-05T14:01:37.553130,2026-07-05T14:01:37.564892+00:00,154.2,50,ask,DiligentDonuts,FlawlessFlatbreads,8390646
2026-07-05T14:01:38.370019,2026-07-05T14:01:38.381550+00:00,154.2,45,ask,EarnestEspressos,CostlyCorianders,8390662
2026-07-05T14:01:39.661925,2026-07-05T14:01:39.675289+00:00,154.2,50,ask,EarnestEspressos,FlawlessFlatbreads,8390680
2026-07-05T14:01:40.022345,2026-07-05T14:01:40.031219+00:00,154.5,3,bid,Xuanyu Liu,EarnestEspressos,8390685
2026-07-05T14:01:41.521663,2026-07-05T14:01:41.531763+00:00,154.5,44,bid,CostlyCorianders,EarnestEspressos,8390702
2026-07-05T14:01:41.768914,2026-07-05T14:01:41.781035+00:00,154.4,50,ask,DiligentDonuts,FlawlessFlatbreads,8390704
2026-07-05T14:01:43.496919,2026-07-05T14:01:43.508601+00:00,154.7,46,bid,CostlyCorianders,EarnestEspressos,8390731
2026-07-05T14:01:43.904828,2026-07-05T14:01:43.915669+00:00,154.4,50,ask,DiligentDonuts,FlawlessFlatbreads,8390743
2026-07-05T14:01:45.959441,2026-07-05T14:01:45.971291+00:00,154.5,50,bid,FlawlessFlatbreads,DiligentDonuts,8390777
2026-07-05T14:01:46.157060,2026-07-05T14:01:46.168919+00:00,154.5,50,bid,EarnestEspressos,DiligentDonuts,8390781
2026-07-05T14:01:47.903225,2026-07-05T14:01:47.914921+00:00,154.5,47,ask,EarnestEspressos,CostlyCorianders,8390806
2026-07-05T14:01:48.119843,2026-07-05T14:01:48.131520+00:00,154.5,50,ask,EarnestEspressos,FlawlessFlatbreads,8390808
2026-07-05T14:01:49.375300,2026-07-05T14:01:49.387073+00:00,154.5,100,ask,DiligentDonuts,EarnestEspressos,8390824
2026-07-05T14:01:49.388279,2026-07-05T14:01:49.397628+00:00,154.3,23,bid,Xuanyu Liu,EarnestEspressos,8390825
2026-07-05T14:01:49.457977,2026-07-05T14:01:49.468878+00:00,154.3,27,bid,CostlyCorianders,EarnestEspressos,8390827
2026-07-05T14:01:50.086271,2026-07-05T14:01:50.094098+00:00,153.8,46,ask,EarnestEspressos,CostlyCorianders,8390838
2026-07-05T14:01:52.280212,2026-07-05T14:01:52.292194+00:00,154.5,50,bid,FlawlessFlatbreads,DiligentDonuts,8390870
2026-07-05T14:01:52.330790,2026-07-05T14:01:52.342594+00:00,154.5,44,bid,CostlyCorianders,DiligentDonuts,8390871
2026-07-05T14:01:52.874506,2026-07-05T14:01:52.884960+00:00,154.1,47,ask,EarnestEspressos,CostlyCorianders,8390877
2026-07-05T14:01:54.387638,2026-07-05T14:01:54.399703+00:00,154.6,50,bid,FlawlessFlatbreads,EarnestEspressos,8390900
2026-07-05T14:01:56.496615,2026-07-05T14:01:56.506060+00:00,154.4,50,bid,FlawlessFlatbreads,EarnestEspressos,8390932
2026-07-05T14:01:57.005311,2026-07-05T14:01:57.016907+00:00,154.4,46,bid,CostlyCorianders,EarnestEspressos,8390946
2026-07-05T14:01:57.955894,2026-07-05T14:01:57.953289+00:00,154.4,44,bid,CostlyCorianders,EarnestEspressos,8390960
2026-07-05T14:01:58.009507,2026-07-05T14:01:58.021374+00:00,154.1,41,ask,DiligentDonuts,CostlyCorianders,8390961
2026-07-05T14:01:58.658073,2026-07-05T14:01:58.669148+00:00,154.1,50,ask,DiligentDonuts,FlawlessFlatbreads,8390968
2026-07-05T14:01:58.828824,2026-07-05T14:01:58.839495+00:00,154.5,26,ask,EarnestEspressos,Xuanyu Liu,8390969
2026-07-05T14:01:59.950735,2026-07-05T14:01:59.958599+00:00,154.5,100,ask,EarnestEspressos,DiligentDonuts,8390979
2026-07-05T14:02:00.766085,2026-07-05T14:02:00.777902+00:00,154.5,24,ask,EarnestEspressos,FlawlessFlatbreads,8390991
2026-07-05T14:02:00.766085,2026-07-05T14:02:00.777902+00:00,153.8,26,ask,DiligentDonuts,FlawlessFlatbreads,8390992
2026-07-05T14:02:02.874904,2026-07-05T14:02:02.886832+00:00,154.0,50,ask,EarnestEspressos,FlawlessFlatbreads,8391027
2026-07-05T14:02:03.284904,2026-07-05T14:02:03.295037+00:00,154.5,49,bid,CostlyCorianders,EarnestEspressos,8391037
2026-07-05T14:02:03.341577,2026-07-05T14:02:03.349734+00:00,154.3,43,ask,DiligentDonuts,CostlyCorianders,8391040
2026-07-05T14:02:04.981454,2026-07-05T14:02:04.989072+00:00,154.3,50,ask,DiligentDonuts,FlawlessFlatbreads,8391061
2026-07-05T14:02:07.087903,2026-07-05T14:02:07.094686+00:00,154.0,50,ask,EarnestEspressos,FlawlessFlatbreads,8391083
2026-07-05T14:02:07.560588,2026-07-05T14:02:07.570355+00:00,154.5,3,bid,Xuanyu Liu,EarnestEspressos,8391091
2026-07-05T14:02:08.143711,2026-07-05T14:02:08.158586+00:00,154.5,44,bid,CostlyCorianders,EarnestEspressos,8391100
2026-07-05T14:02:08.197317,2026-07-05T14:02:08.208987+00:00,154.0,41,ask,EarnestEspressos,CostlyCorianders,8391102
2026-07-05T14:02:09.144013,2026-07-05T14:02:09.155788+00:00,154.5,50,bid,FlawlessFlatbreads,DiligentDonuts,8391116
2026-07-05T14:02:11.260445,2026-07-05T14:02:11.272174+00:00,154.2,40,ask,DiligentDonuts,CostlyCorianders,8391154
2026-07-05T14:02:11.302546,2026-07-05T14:02:11.314395+00:00,154.2,50,ask,DiligentDonuts,FlawlessFlatbreads,8391155
2026-07-05T14:02:13.412310,2026-07-05T14:02:13.421358+00:00,153.8,50,ask,EarnestEspressos,FlawlessFlatbreads,8391179
2026-07-05T14:02:14.696698,2026-07-05T14:02:14.705567+00:00,154.1,11,bid,Xuanyu Liu,EarnestEspressos,8391195
2026-07-05T14:02:14.868438,2026-07-05T14:02:14.877002+00:00,154.1,12,bid,Xuanyu Liu,EarnestEspressos,8391201
2026-07-05T14:02:17.393016,2026-07-05T14:02:17.401361+00:00,154.1,47,bid,CostlyCorianders,EarnestEspressos,8391231
2026-07-05T14:02:17.620709,2026-07-05T14:02:17.632488+00:00,153.8,50,ask,DiligentDonuts,FlawlessFlatbreads,8391234
2026-07-05T14:02:19.729862,2026-07-05T14:02:19.741410+00:00,153.9,50,ask,EarnestEspressos,FlawlessFlatbreads,8391267
2026-07-05T14:02:21.462863,2026-07-05T14:02:21.471178+00:00,154.1,11,bid,Xuanyu Liu,DiligentDonuts,8391286
2026-07-05T14:02:21.837044,2026-07-05T14:02:21.849074+00:00,153.7,50,ask,EarnestEspressos,FlawlessFlatbreads,8391292
2026-07-05T14:02:25.106255,2026-07-05T14:02:25.119430+00:00,154.2,12,bid,Xuanyu Liu,DiligentDonuts,8391341
2026-07-05T14:02:26.004411,2026-07-05T14:02:26.014200+00:00,154.2,50,bid,FlawlessFlatbreads,EarnestEspressos,8391356
2026-07-05T14:02:26.315461,2026-07-05T14:02:26.323832+00:00,154.2,11,bid,Xuanyu Liu,EarnestEspressos,8391359
2026-07-05T14:02:28.121472,2026-07-05T14:02:28.131161+00:00,154.5,50,bid,FlawlessFlatbreads,DiligentDonuts,8391389
2026-07-05T14:02:28.410329,2026-07-05T14:02:28.419711+00:00,154.7,100,bid,DiligentDonuts,EarnestEspressos,8391397
2026-07-05T14:02:30.229940,2026-07-05T14:02:30.241700+00:00,154.7,50,bid,FlawlessFlatbreads,EarnestEspressos,8391423
2026-07-05T14:02:30.459577,2026-07-05T14:02:30.468495+00:00,155.0,46,ask,EarnestEspressos,Xuanyu Liu,8391425
2026-07-05T14:02:31.630440,2026-07-05T14:02:31.639461+00:00,155.0,100,ask,EarnestEspressos,DiligentDonuts,8391445
2026-07-05T14:02:32.390518,2026-07-05T14:02:32.406813+00:00,155.0,4,ask,EarnestEspressos,FlawlessFlatbreads,8391466
2026-07-05T14:02:32.390518,2026-07-05T14:02:32.406813+00:00,154.2,46,ask,DiligentDonuts,FlawlessFlatbreads,8391467
2026-07-05T14:02:35.110478,2026-07-05T14:02:35.118976+00:00,155.0,12,bid,Xuanyu Liu,EarnestEspressos,8391496
2026-07-05T14:02:35.148957,2026-07-05T14:02:35.160598+00:00,155.0,43,bid,CostlyCorianders,EarnestEspressos,8391498
2026-07-05T14:02:36.621562,2026-07-05T14:02:36.632072+00:00,154.5,50,ask,EarnestEspressos,FlawlessFlatbreads,8391515
2026-07-05T14:02:38.729745,2026-07-05T14:02:38.740626+00:00,154.8,50,ask,EarnestEspressos,FlawlessFlatbreads,8391540
2026-07-05T14:02:38.805075,2026-07-05T14:02:38.816704+00:00,154.8,44,ask,EarnestEspressos,CostlyCorianders,8391541
2026-07-05T14:02:39.420004,2026-07-05T14:02:39.431769+00:00,155.0,40,bid,CostlyCorianders,DiligentDonuts,8391548
2026-07-05T14:02:39.990154,2026-07-05T14:02:40.000774+00:00,154.8,23,bid,Xuanyu Liu,EarnestEspressos,8391554
2026-07-05T14:02:40.854145,2026-07-05T14:02:40.876248+00:00,154.5,50,ask,DiligentDonuts,FlawlessFlatbreads,8391567
2026-07-05T14:02:41.599750,2026-07-05T14:02:41.609971+00:00,154.5,48,ask,DiligentDonuts,CostlyCorianders,8391586
2026-07-05T14:02:42.973017,2026-07-05T14:02:42.983345+00:00,154.8,11,bid,Xuanyu Liu,EarnestEspressos,8391611
2026-07-05T14:02:43.949762,2026-07-05T14:02:43.956378+00:00,155.0,41,bid,CostlyCorianders,DiligentDonuts,8391636
2026-07-05T14:02:44.483113,2026-07-05T14:02:44.489917+00:00,154.7,43,ask,DiligentDonuts,CostlyCorianders,8391639
2026-07-05T14:02:46.175150,2026-07-05T14:02:46.186628+00:00,155.1,48,bid,CostlyCorianders,EarnestEspressos,8391664
2026-07-05T14:02:47.138792,2026-07-05T14:02:47.150565+00:00,155.2,50,bid,FlawlessFlatbreads,DiligentDonuts,8391670
2026-07-05T14:02:48.543351,2026-07-05T14:02:48.555291+00:00,154.7,46,ask,EarnestEspressos,CostlyCorianders,8391688
2026-07-05T14:02:49.247710,2026-07-05T14:02:49.261993+00:00,155.1,50,bid,FlawlessFlatbreads,DiligentDonuts,8391701
2026-07-05T14:02:51.382919,2026-07-05T14:02:51.394413+00:00,154.9,50,bid,FlawlessFlatbreads,EarnestEspressos,8391723
2026-07-05T14:02:52.210006,2026-07-05T14:02:52.218208+00:00,154.9,42,bid,CostlyCorianders,EarnestEspressos,8391735
2026-07-05T14:02:52.780578,2026-07-05T14:02:52.791280+00:00,154.9,49,ask,EarnestEspressos,CostlyCorianders,8391743
2026-07-05T14:02:53.321371,2026-07-05T14:02:53.329161+00:00,154.9,48,ask,EarnestEspressos,CostlyCorianders,8391758
2026-07-05T14:02:54.818124,2026-07-05T14:02:54.826361+00:00,155.0,11,ask,DiligentDonuts,Xuanyu Liu,8391784
2026-07-05T14:02:55.604503,2026-07-05T14:02:55.613397+00:00,155.3,50,bid,FlawlessFlatbreads,EarnestEspressos,8391798
2026-07-05T14:02:55.986455,2026-07-05T14:02:55.995971+00:00,155.2,47,bid,CostlyCorianders,EarnestEspressos,8391800
2026-07-05T14:02:57.711827,2026-07-05T14:02:57.723626+00:00,155.2,50,bid,FlawlessFlatbreads,EarnestEspressos,8391840
2026-07-05T14:02:58.734746,2026-07-05T14:02:58.742899+00:00,155.0,12,ask,DiligentDonuts,Xuanyu Liu,8391856
2026-07-05T14:02:58.998697,2026-07-05T14:02:59.009843+00:00,155.0,46,ask,DiligentDonuts,CostlyCorianders,8391860
2026-07-05T14:02:59.844785,2026-07-05T14:02:59.856492+00:00,155.4,50,bid,FlawlessFlatbreads,EarnestEspressos,8391876
2026-07-05T14:03:01.962147,2026-07-05T14:03:01.969212+00:00,155.1,50,bid,FlawlessFlatbreads,DiligentDonuts,8391899
2026-07-05T14:03:02.075181,2026-07-05T14:03:02.083979+00:00,155.1,50,bid,EarnestEspressos,DiligentDonuts,8391905
2026-07-05T14:03:02.142455,2026-07-05T14:03:02.151632+00:00,155.3,23,ask,EarnestEspressos,Xuanyu Liu,8391907
2026-07-05T14:03:03.760064,2026-07-05T14:03:03.771867+00:00,155.3,47,ask,EarnestEspressos,CostlyCorianders,8391935
2026-07-05T14:03:04.120058,2026-07-05T14:03:04.129506+00:00,155.3,30,ask,EarnestEspressos,FlawlessFlatbreads,8391943
2026-07-05T14:03:04.120058,2026-07-05T14:03:04.129506+00:00,155.0,20,ask,DiligentDonuts,FlawlessFlatbreads,8391944
2026-07-05T14:03:06.440114,2026-07-05T14:03:06.448488+00:00,155.3,43,bid,CostlyCorianders,EarnestEspressos,8391974
2026-07-05T14:03:06.934232,2026-07-05T14:03:06.942712+00:00,155.3,12,bid,Xuanyu Liu,EarnestEspressos,8391979
2026-07-05T14:03:08.331804,2026-07-05T14:03:08.343486+00:00,155.1,50,ask,DiligentDonuts,FlawlessFlatbreads,8391995
2026-07-05T14:03:10.440412,2026-07-05T14:03:10.452068+00:00,154.9,50,ask,EarnestEspressos,FlawlessFlatbreads,8392025
2026-07-05T14:03:11.026067,2026-07-05T14:03:11.034582+00:00,155.2,47,bid,CostlyCorianders,DiligentDonuts,8392030
2026-07-05T14:03:12.550640,2026-07-05T14:03:12.558566+00:00,154.7,50,ask,DiligentDonuts,FlawlessFlatbreads,8392051
2026-07-05T14:03:13.778845,2026-07-05T14:03:13.790437+00:00,154.7,47,ask,DiligentDonuts,CostlyCorianders,8392067
2026-07-05T14:03:14.656723,2026-07-05T14:03:14.668614+00:00,154.7,50,ask,DiligentDonuts,FlawlessFlatbreads,8392083
2026-07-05T14:03:15.924076,2026-07-05T14:03:15.933577+00:00,154.8,11,bid,Xuanyu Liu,DiligentDonuts,8392111
2026-07-05T14:03:18.202659,2026-07-05T14:03:18.220016+00:00,154.8,40,bid,CostlyCorianders,DiligentDonuts,8392141
2026-07-05T14:03:18.816299,2026-07-05T14:03:18.828546+00:00,154.8,49,bid,FlawlessFlatbreads,DiligentDonuts,8392156
2026-07-05T14:03:18.816299,2026-07-05T14:03:18.828546+00:00,154.9,1,bid,FlawlessFlatbreads,EarnestEspressos,8392157
2026-07-05T14:03:19.211690,2026-07-05T14:03:19.223677+00:00,154.9,45,bid,CostlyCorianders,EarnestEspressos,8392160
2026-07-05T14:03:20.837247,2026-07-05T14:03:20.844447+00:00,154.6,46,ask,DiligentDonuts,CostlyCorianders,8392185
2026-07-05T14:03:20.925187,2026-07-05T14:03:20.936796+00:00,154.9,50,bid,FlawlessFlatbreads,EarnestEspressos,8392186
2026-07-05T14:03:21.448756,2026-07-05T14:03:21.456979+00:00,155.1,48,bid,CostlyCorianders,DiligentDonuts,8392196
2026-07-05T14:03:23.032766,2026-07-05T14:03:23.044823+00:00,154.9,50,bid,FlawlessFlatbreads,DiligentDonuts,8392222
2026-07-05T14:03:23.880698,2026-07-05T14:03:23.889205+00:00,154.8,11,ask,EarnestEspressos,Xuanyu Liu,8392231
2026-07-05T14:03:24.365112,2026-07-05T14:03:24.377127+00:00,154.7,42,ask,EarnestEspressos,CostlyCorianders,8392238
2026-07-05T14:03:25.142702,2026-07-05T14:03:25.158579+00:00,154.9,50,bid,FlawlessFlatbreads,DiligentDonuts,8392245
2026-07-05T14:03:27.252221,2026-07-05T14:03:27.263919+00:00,155.1,50,bid,FlawlessFlatbreads,DiligentDonuts,8392280
2026-07-05T14:03:28.169005,2026-07-05T14:03:28.180628+00:00,154.6,41,ask,DiligentDonuts,CostlyCorianders,8392296
2026-07-05T14:03:29.362147,2026-07-05T14:03:29.371144+00:00,155.0,50,bid,FlawlessFlatbreads,EarnestEspressos,8392312
2026-07-05T14:03:31.469987,2026-07-05T14:03:31.481894+00:00,155.2,50,bid,FlawlessFlatbreads,DiligentDonuts,8392332
2026-07-05T14:03:32.182167,2026-07-05T14:03:32.192721+00:00,155.2,45,bid,CostlyCorianders,EarnestEspressos,8392340
2026-07-05T14:03:32.871167,2026-07-05T14:03:32.879995+00:00,154.9,12,ask,DiligentDonuts,Xuanyu Liu,8392362
2026-07-05T14:03:33.628969,2026-07-05T14:03:33.640629+00:00,154.9,50,ask,DiligentDonuts,FlawlessFlatbreads,8392374
2026-07-05T14:03:34.180833,2026-07-05T14:03:34.196307+00:00,154.9,11,ask,DiligentDonuts,Xuanyu Liu,8392391
2026-07-05T14:03:35.737709,2026-07-05T14:03:35.748479+00:00,154.8,50,ask,EarnestEspressos,FlawlessFlatbreads,8392416
2026-07-05T14:03:35.817364,2026-07-05T14:03:35.829053+00:00,154.8,48,ask,EarnestEspressos,CostlyCorianders,8392418
2026-07-05T14:03:37.792748,2026-07-05T14:03:37.804522+00:00,154.8,48,bid,CostlyCorianders,EarnestEspressos,8392449
2026-07-05T14:03:37.796111,2026-07-05T14:03:37.804522+00:00,154.8,50,bid,FlawlessFlatbreads,EarnestEspressos,8392450
2026-07-05T14:03:40.444525,2026-07-05T14:03:40.463799+00:00,154.6,42,ask,EarnestEspressos,CostlyCorianders,8392486
2026-07-05T14:03:41.041454,2026-07-05T14:03:41.053188+00:00,154.6,48,ask,EarnestEspressos,CostlyCorianders,8392497
2026-07-05T14:03:42.005305,2026-07-05T14:03:42.011788+00:00,154.9,50,bid,FlawlessFlatbreads,DiligentDonuts,8392510
2026-07-05T14:03:43.471642,2026-07-05T14:03:43.483551+00:00,154.9,42,bid,CostlyCorianders,DiligentDonuts,8392529
2026-07-05T14:03:44.112960,2026-07-05T14:03:44.124690+00:00,154.9,8,bid,FlawlessFlatbreads,DiligentDonuts,8392532
2026-07-05T14:03:44.112960,2026-07-05T14:03:44.124690+00:00,155.0,42,bid,FlawlessFlatbreads,EarnestEspressos,8392533
2026-07-05T14:03:45.672567,2026-07-05T14:03:45.682109+00:00,155.0,45,bid,CostlyCorianders,EarnestEspressos,8392551
2026-07-05T14:03:45.688223,2026-07-05T14:03:45.697072+00:00,154.8,3,ask,DiligentDonuts,Xuanyu Liu,8392552
2026-07-05T14:03:46.237937,2026-07-05T14:03:46.248963+00:00,155.0,50,bid,FlawlessFlatbreads,EarnestEspressos,8392562
2026-07-05T14:03:48.397577,2026-07-05T14:03:48.409238+00:00,154.7,50,ask,EarnestEspressos,FlawlessFlatbreads,8392584
2026-07-05T14:03:49.295261,2026-07-05T14:03:49.303097+00:00,154.7,48,ask,EarnestEspressos,CostlyCorianders,8392592
2026-07-05T14:03:49.905022,2026-07-05T14:03:49.912464+00:00,154.6,41,ask,DiligentDonuts,CostlyCorianders,8392605
2026-07-05T14:03:50.504968,2026-07-05T14:03:50.516528+00:00,154.6,50,ask,DiligentDonuts,FlawlessFlatbreads,8392608
2026-07-05T14:03:51.597628,2026-07-05T14:03:51.609346+00:00,154.8,46,bid,CostlyCorianders,EarnestEspressos,8392622
2026-07-05T14:03:52.612898,2026-07-05T14:03:52.624663+00:00,154.4,50,ask,DiligentDonuts,FlawlessFlatbreads,8392638
2026-07-05T14:03:52.699363,2026-07-05T14:03:52.710912+00:00,154.9,47,bid,CostlyCorianders,DiligentDonuts,8392639
2026-07-05T14:03:54.744071,2026-07-05T14:03:54.754876+00:00,154.6,50,ask,EarnestEspressos,FlawlessFlatbreads,8392666
2026-07-05T14:03:55.966454,2026-07-05T14:03:55.975811+00:00,154.5,44,ask,DiligentDonuts,CostlyCorianders,8392683
2026-07-05T14:03:56.851694,2026-07-05T14:03:56.858376+00:00,154.5,50,ask,DiligentDonuts,FlawlessFlatbreads,8392700
2026-07-05T14:03:56.875577,2026-07-05T14:03:56.887634+00:00,154.9,41,bid,CostlyCorianders,EarnestEspressos,8392701
2026-07-05T14:03:57.074947,2026-07-05T14:03:57.083902+00:00,154.7,3,bid,Xuanyu Liu,DiligentDonuts,8392702
2026-07-05T14:03:57.760142,2026-07-05T14:03:57.769102+00:00,154.7,11,bid,Xuanyu Liu,DiligentDonuts,8392711
2026-07-05T14:03:57.788787,2026-07-05T14:03:57.797638+00:00,154.7,23,bid,Xuanyu Liu,DiligentDonuts,8392715
2026-07-05T14:03:58.966897,2026-07-05T14:03:58.975836+00:00,154.2,50,ask,DiligentDonuts,FlawlessFlatbreads,8392743
2026-07-05T14:03:58.967105,2026-07-05T14:03:58.975836+00:00,154.7,45,bid,CostlyCorianders,DiligentDonuts,8392744
2026-07-05T14:03:59.015158,2026-07-05T14:03:59.023231+00:00,154.7,18,bid,EarnestEspressos,DiligentDonuts,8392747
2026-07-05T14:03:59.081181,2026-07-05T14:03:59.089706+00:00,155.0,11,ask,EarnestEspressos,Xuanyu Liu,8392748
2026-07-05T14:03:59.108003,2026-07-05T14:03:59.118670+00:00,155.0,12,ask,EarnestEspressos,Xuanyu Liu,8392751
2026-07-05T14:04:00.221076,2026-07-05T14:04:00.239317+00:00,155.0,100,ask,EarnestEspressos,DiligentDonuts,8392772
2026-07-05T14:04:00.230217,2026-07-05T14:04:00.239317+00:00,155.0,9,ask,EarnestEspressos,Xuanyu Liu,8392774
2026-07-05T14:04:00.646280,2026-07-05T14:04:00.663893+00:00,154.5,41,ask,DiligentDonuts,CostlyCorianders,8392782
2026-07-05T14:04:01.072449,2026-07-05T14:04:01.084373+00:00,154.5,50,ask,DiligentDonuts,FlawlessFlatbreads,8392790
2026-07-05T14:04:02.242207,2026-07-05T14:04:02.262755+00:00,154.7,9,bid,Xuanyu Liu,EarnestEspressos,8392805
2026-07-05T14:04:03.179466,2026-07-05T14:04:03.191747+00:00,154.5,9,ask,DiligentDonuts,FlawlessFlatbreads,8392827
2026-07-05T14:04:03.179466,2026-07-05T14:04:03.191747+00:00,154.2,41,ask,EarnestEspressos,FlawlessFlatbreads,8392828
2026-07-05T14:04:03.943754,2026-07-05T14:04:03.955425+00:00,154.3,49,ask,DiligentDonuts,CostlyCorianders,8392845
2026-07-05T14:04:05.029467,2026-07-05T14:04:05.045183+00:00,154.7,41,bid,CostlyCorianders,EarnestEspressos,8392869
2026-07-05T14:04:05.289241,2026-07-05T14:04:05.299570+00:00,154.3,50,ask,DiligentDonuts,FlawlessFlatbreads,8392872
2026-07-05T14:04:05.649697,2026-07-05T14:04:05.659934+00:00,154.5,12,bid,Xuanyu Liu,EarnestEspressos,8392874
2026-07-05T14:04:07.343818,2026-07-05T14:04:07.355693+00:00,154.5,50,bid,FlawlessFlatbreads,EarnestEspressos,8392899
2026-07-05T14:04:08.195547,2026-07-05T14:04:08.202823+00:00,154.5,43,bid,CostlyCorianders,EarnestEspressos,8392914
2026-07-05T14:04:09.503305,2026-07-05T14:04:09.512745+00:00,154.4,50,ask,EarnestEspressos,FlawlessFlatbreads,8392938
2026-07-05T14:04:09.707723,2026-07-05T14:04:09.719436+00:00,154.4,100,ask,EarnestEspressos,DiligentDonuts,8392943
2026-07-05T14:04:12.190823,2026-07-05T14:04:12.199467+00:00,154.3,23,bid,Xuanyu Liu,EarnestEspressos,8392977
2026-07-05T14:04:12.818566,2026-07-05T14:04:12.830736+00:00,154.3,100,bid,DiligentDonuts,EarnestEspressos,8392981
2026-07-05T14:04:13.528869,2026-07-05T14:04:13.538640+00:00,154.3,11,bid,Xuanyu Liu,EarnestEspressos,8393000
2026-07-05T14:04:14.762473,2026-07-05T14:04:14.770985+00:00,154.3,11,bid,Xuanyu Liu,EarnestEspressos,8393014
2026-07-05T14:04:14.851007,2026-07-05T14:04:14.860072+00:00,154.7,22,ask,EarnestEspressos,Xuanyu Liu,8393016
2026-07-05T14:04:15.054617,2026-07-05T14:04:15.066729+00:00,154.7,40,ask,EarnestEspressos,CostlyCorianders,8393019
2026-07-05T14:04:15.664165,2026-07-05T14:04:15.676045+00:00,154.7,45,ask,EarnestEspressos,CostlyCorianders,8393029
2026-07-05T14:04:16.150620,2026-07-05T14:04:16.164558+00:00,154.7,12,ask,EarnestEspressos,Xuanyu Liu,8393034
2026-07-05T14:04:17.921590,2026-07-05T14:04:17.933362+00:00,154.7,31,ask,EarnestEspressos,FlawlessFlatbreads,8393057
2026-07-05T14:04:20.028682,2026-07-05T14:04:20.040460+00:00,154.1,50,ask,EarnestEspressos,FlawlessFlatbreads,8393082
2026-07-05T14:04:21.216339,2026-07-05T14:04:21.228041+00:00,154.1,100,ask,DiligentDonuts,EarnestEspressos,8393099
2026-07-05T14:04:21.229396,2026-07-05T14:04:21.239000+00:00,154.1,23,bid,Xuanyu Liu,EarnestEspressos,8393100
2026-07-05T14:04:22.147743,2026-07-05T14:04:22.158568+00:00,153.6,50,ask,EarnestEspressos,FlawlessFlatbreads,8393114
2026-07-05T14:04:24.698988,2026-07-05T14:04:24.711121+00:00,154.0,42,bid,CostlyCorianders,DiligentDonuts,8393152
2026-07-05T14:04:25.299230,2026-07-05T14:04:25.308442+00:00,154.0,40,bid,CostlyCorianders,DiligentDonuts,8393164
2026-07-05T14:04:25.329410,2026-07-05T14:04:25.338482+00:00,154.0,18,bid,Xuanyu Liu,DiligentDonuts,8393167
2026-07-05T14:04:25.471072,2026-07-05T14:04:25.483038+00:00,154.1,100,bid,DiligentDonuts,EarnestEspressos,8393170
2026-07-05T14:04:26.304982,2026-07-05T14:04:26.316683+00:00,154.1,50,bid,FlawlessFlatbreads,EarnestEspressos,8393185
2026-07-05T14:04:27.521074,2026-07-05T14:04:27.530847+00:00,154.5,29,ask,EarnestEspressos,Xuanyu Liu,8393205
2026-07-05T14:04:27.952852,2026-07-05T14:04:27.965546+00:00,154.5,23,ask,EarnestEspressos,Xuanyu Liu,8393211
2026-07-05T14:04:28.699152,2026-07-05T14:04:28.710187+00:00,154.5,98,ask,EarnestEspressos,DiligentDonuts,8393226
2026-07-05T14:04:28.711580,2026-07-05T14:04:28.719139+00:00,154.1,2,bid,Xuanyu Liu,DiligentDonuts,8393227
2026-07-05T14:04:29.728380,2026-07-05T14:04:29.739651+00:00,153.6,43,ask,DiligentDonuts,CostlyCorianders,8393242
2026-07-05T14:04:31.083991,2026-07-05T14:04:31.094783+00:00,154.3,9,bid,Xuanyu Liu,EarnestEspressos,8393260
2026-07-05T14:04:31.878437,2026-07-05T14:04:31.886529+00:00,154.3,12,bid,Xuanyu Liu,EarnestEspressos,8393268
2026-07-05T14:04:32.007980,2026-07-05T14:04:32.019908+00:00,154.3,46,bid,CostlyCorianders,EarnestEspressos,8393271
2026-07-05T14:04:32.547105,2026-07-05T14:04:32.559117+00:00,153.8,47,ask,EarnestEspressos,CostlyCorianders,8393278
2026-07-05T14:04:32.618758,2026-07-05T14:04:32.630759+00:00,154.3,50,bid,FlawlessFlatbreads,EarnestEspressos,8393280
2026-07-05T14:04:34.233454,2026-07-05T14:04:34.240383+00:00,154.3,48,bid,CostlyCorianders,DiligentDonuts,8393302
2026-07-05T14:04:34.728326,2026-07-05T14:04:34.735898+00:00,154.3,50,bid,FlawlessFlatbreads,DiligentDonuts,8393316
2026-07-05T14:04:36.834702,2026-07-05T14:04:36.846565+00:00,154.6,50,bid,FlawlessFlatbreads,DiligentDonuts,8393344
2026-07-05T14:04:37.430404,2026-07-05T14:04:37.438393+00:00,154.1,48,ask,DiligentDonuts,CostlyCorianders,8393351
2026-07-05T14:04:37.983668,2026-07-05T14:04:37.995707+00:00,154.6,43,bid,CostlyCorianders,DiligentDonuts,8393356
2026-07-05T14:04:38.953245,2026-07-05T14:04:38.957620+00:00,154.6,50,bid,FlawlessFlatbreads,EarnestEspressos,8393371
2026-07-05T14:04:38.999146,2026-07-05T14:04:39.008018+00:00,154.3,12,ask,DiligentDonuts,Xuanyu Liu,8393372
2026-07-05T14:04:40.285116,2026-07-05T14:04:40.296991+00:00,154.3,43,ask,DiligentDonuts,CostlyCorianders,8393393
2026-07-05T14:04:41.123586,2026-07-05T14:04:41.135677+00:00,154.3,45,ask,DiligentDonuts,FlawlessFlatbreads,8393404
2026-07-05T14:04:41.123586,2026-07-05T14:04:41.135677+00:00,154.2,5,ask,EarnestEspressos,FlawlessFlatbreads,8393405
2026-07-05T14:04:43.247487,2026-07-05T14:04:43.258605+00:00,154.2,50,ask,EarnestEspressos,FlawlessFlatbreads,8393429
2026-07-05T14:04:43.358339,2026-07-05T14:04:43.369864+00:00,154.1,48,ask,EarnestEspressos,CostlyCorianders,8393434
2026-07-05T14:04:45.353987,2026-07-05T14:04:45.366069+00:00,154.1,50,ask,EarnestEspressos,FlawlessFlatbreads,8393469
2026-07-05T14:04:47.416829,2026-07-05T14:04:47.427416+00:00,154.3,50,bid,FlawlessFlatbreads,EarnestEspressos,8393498
2026-07-05T14:04:49.574461,2026-07-05T14:04:49.585403+00:00,154.0,50,ask,DiligentDonuts,FlawlessFlatbreads,8393523
2026-07-05T14:04:52.404185,2026-07-05T14:04:52.417756+00:00,154.4,42,bid,CostlyCorianders,DiligentDonuts,8393561
2026-07-05T14:04:53.470904,2026-07-05T14:04:53.481679+00:00,154.4,12,bid,Xuanyu Liu,DiligentDonuts,8393574
2026-07-05T14:04:53.738550,2026-07-05T14:04:53.749875+00:00,154.4,46,bid,FlawlessFlatbreads,DiligentDonuts,8393579
2026-07-05T14:04:53.738550,2026-07-05T14:04:53.749875+00:00,154.5,4,bid,FlawlessFlatbreads,EarnestEspressos,8393580
2026-07-05T14:04:56.425658,2026-07-05T14:04:56.434168+00:00,154.5,49,bid,CostlyCorianders,EarnestEspressos,8393615
2026-07-05T14:04:57.041812,2026-07-05T14:04:57.048489+00:00,154.3,47,ask,DiligentDonuts,CostlyCorianders,8393625
2026-07-05T14:04:57.955483,2026-07-05T14:04:57.967466+00:00,154.5,50,bid,FlawlessFlatbreads,EarnestEspressos,8393638
2026-07-05T14:04:59.382310,2026-07-05T14:04:59.395927+00:00,154.4,12,ask,EarnestEspressos,Xuanyu Liu,8393658
2026-07-05T14:05:00.066473,2026-07-05T14:05:00.078309+00:00,154.5,50,bid,FlawlessFlatbreads,DiligentDonuts,8393673
2026-07-05T14:05:00.145921,2026-07-05T14:05:00.155336+00:00,154.4,42,ask,EarnestEspressos,CostlyCorianders,8393675
2026-07-05T14:05:02.178628,2026-07-05T14:05:02.187445+00:00,154.5,50,bid,FlawlessFlatbreads,DiligentDonuts,8393703
2026-07-05T14:05:04.177324,2026-07-05T14:05:04.188833+00:00,154.7,45,bid,CostlyCorianders,EarnestEspressos,8393728
2026-07-05T14:05:04.284683,2026-07-05T14:05:04.298769+00:00,154.7,50,bid,FlawlessFlatbreads,EarnestEspressos,8393732
2026-07-05T14:05:05.465616,2026-07-05T14:05:05.474718+00:00,154.7,100,bid,EarnestEspressos,DiligentDonuts,8393746
2026-07-05T14:05:05.959615,2026-07-05T14:05:05.969159+00:00,154.8,23,ask,EarnestEspressos,Xuanyu Liu,8393758
2026-07-05T14:05:06.391100,2026-07-05T14:05:06.403355+00:00,155.3,50,bid,FlawlessFlatbreads,EarnestEspressos,8393768
2026-07-05T14:05:06.846294,2026-07-05T14:05:06.855251+00:00,154.8,14,ask,EarnestEspressos,Xuanyu Liu,8393780
2026-07-05T14:05:08.551487,2026-07-05T14:05:08.558214+00:00,154.8,13,ask,EarnestEspressos,FlawlessFlatbreads,8393798
2026-07-05T14:05:08.551487,2026-07-05T14:05:08.558214+00:00,154.6,37,ask,DiligentDonuts,FlawlessFlatbreads,8393799
2026-07-05T14:05:08.675852,2026-07-05T14:05:08.683800+00:00,154.6,63,ask,DiligentDonuts,EarnestEspressos,8393803
2026-07-05T14:05:09.234730,2026-07-05T14:05:09.252494+00:00,154.6,3,bid,Xuanyu Liu,EarnestEspressos,8393811
2026-07-05T14:05:09.279542,2026-07-05T14:05:09.288596+00:00,154.6,11,bid,Xuanyu Liu,EarnestEspressos,8393815
2026-07-05T14:05:10.347771,2026-07-05T14:05:10.358599+00:00,154.6,43,bid,CostlyCorianders,EarnestEspressos,8393829
2026-07-05T14:05:10.659333,2026-07-05T14:05:10.670862+00:00,154.3,50,ask,DiligentDonuts,FlawlessFlatbreads,8393831
2026-07-05T14:05:11.274898,2026-07-05T14:05:11.286447+00:00,154.3,44,ask,DiligentDonuts,CostlyCorianders,8393844
2026-07-05T14:05:12.695626,2026-07-05T14:05:12.707455+00:00,154.7,48,ask,EarnestEspressos,CostlyCorianders,8393870
2026-07-05T14:05:12.715016,2026-07-05T14:05:12.726720+00:00,154.8,50,bid,FlawlessFlatbreads,DiligentDonuts,8393871
2026-07-05T14:05:12.997121,2026-07-05T14:05:13.005822+00:00,154.7,100,ask,EarnestEspressos,DiligentDonuts,8393876
2026-07-05T14:05:13.827507,2026-07-05T14:05:13.837540+00:00,154.7,2,ask,EarnestEspressos,Xuanyu Liu,8393890
2026-07-05T14:05:14.828170,2026-07-05T14:05:14.841183+00:00,155.2,50,bid,FlawlessFlatbreads,EarnestEspressos,8393909
2026-07-05T14:05:15.388736,2026-07-05T14:05:15.400584+00:00,154.5,40,bid,CostlyCorianders,EarnestEspressos,8393917
2026-07-05T14:05:16.550289,2026-07-05T14:05:16.563177+00:00,154.5,2,bid,Xuanyu Liu,EarnestEspressos,8393937
2026-07-05T14:05:16.934435,2026-07-05T14:05:16.946311+00:00,154.5,50,bid,FlawlessFlatbreads,EarnestEspressos,8393946
2026-07-05T14:05:17.697358,2026-07-05T14:05:17.707697+00:00,154.4,48,ask,DiligentDonuts,CostlyCorianders,8393955
2026-07-05T14:05:18.777081,2026-07-05T14:05:18.788701+00:00,154.9,46,bid,CostlyCorianders,DiligentDonuts,8393974
2026-07-05T14:05:19.323728,2026-07-05T14:05:19.333022+00:00,154.5,45,ask,EarnestEspressos,CostlyCorianders,8393982
2026-07-05T14:05:21.194733,2026-07-05T14:05:21.202337+00:00,154.5,50,ask,EarnestEspressos,FlawlessFlatbreads,8394005
2026-07-05T14:05:24.831206,2026-07-05T14:05:24.843107+00:00,154.4,49,bid,CostlyCorianders,EarnestEspressos,8394058
2026-07-05T14:05:25.310357,2026-07-05T14:05:25.321822+00:00,154.4,41,bid,CostlyCorianders,EarnestEspressos,8394071
2026-07-05T14:05:25.412092,2026-07-05T14:05:25.419752+00:00,154.2,50,ask,DiligentDonuts,FlawlessFlatbreads,8394073
2026-07-05T14:05:27.617175,2026-07-05T14:05:27.629068+00:00,154.4,100,bid,EarnestEspressos,DiligentDonuts,8394106
2026-07-05T14:05:28.646708,2026-07-05T14:05:28.656912+00:00,154.4,11,ask,EarnestEspressos,Xuanyu Liu,8394117
2026-07-05T14:05:30.837385,2026-07-05T14:05:30.849631+00:00,154.3,100,ask,DiligentDonuts,EarnestEspressos,8394145
2026-07-05T14:05:31.023969,2026-07-05T14:05:31.036180+00:00,154.3,11,bid,Xuanyu Liu,EarnestEspressos,8394152
2026-07-05T14:05:31.678102,2026-07-05T14:05:31.685047+00:00,154.3,39,bid,FlawlessFlatbreads,EarnestEspressos,8394165
2026-07-05T14:05:33.104550,2026-07-05T14:05:33.116259+00:00,154.0,47,ask,DiligentDonuts,CostlyCorianders,8394191
2026-07-05T14:05:33.790335,2026-07-05T14:05:33.802046+00:00,154.5,50,bid,EarnestEspressos,DiligentDonuts,8394202
2026-07-05T14:05:33.947710,2026-07-05T14:05:33.959191+00:00,154.5,50,bid,FlawlessFlatbreads,DiligentDonuts,8394204
2026-07-05T14:05:34.013474,2026-07-05T14:05:34.022482+00:00,154.6,11,ask,EarnestEspressos,Xuanyu Liu,8394206
2026-07-05T14:05:34.531069,2026-07-05T14:05:34.542571+00:00,154.6,42,ask,EarnestEspressos,CostlyCorianders,8394212
2026-07-05T14:05:35.597908,2026-07-05T14:05:35.606952+00:00,154.8,40,bid,CostlyCorianders,DiligentDonuts,8394224
2026-07-05T14:05:36.198051,2026-07-05T14:05:36.209582+00:00,154.6,40,ask,EarnestEspressos,CostlyCorianders,8394235
2026-07-05T14:05:37.998560,2026-07-05T14:05:38.010545+00:00,154.8,50,bid,FlawlessFlatbreads,DiligentDonuts,8394262
2026-07-05T14:05:39.523500,2026-07-05T14:05:39.534494+00:00,154.8,49,bid,CostlyCorianders,EarnestEspressos,8394289
2026-07-05T14:05:42.233538,2026-07-05T14:05:42.242499+00:00,154.8,50,bid,FlawlessFlatbreads,EarnestEspressos,8394332
2026-07-05T14:05:43.519389,2026-07-05T14:05:43.528707+00:00,154.6,100,ask,DiligentDonuts,EarnestEspressos,8394347
2026-07-05T14:05:44.374881,2026-07-05T14:05:44.384898+00:00,154.5,50,bid,FlawlessFlatbreads,EarnestEspressos,8394353
2026-07-05T14:05:46.482595,2026-07-05T14:05:46.494208+00:00,154.8,50,bid,EarnestEspressos,DiligentDonuts,8394382
2026-07-05T14:05:46.628686,2026-07-05T14:05:46.638078+00:00,154.8,50,bid,FlawlessFlatbreads,DiligentDonuts,8394386
2026-07-05T14:05:46.692637,2026-07-05T14:05:46.701507+00:00,155.1,17,ask,EarnestEspressos,Xuanyu Liu,8394387
2026-07-05T14:05:47.249438,2026-07-05T14:05:47.255872+00:00,155.1,4,ask,EarnestEspressos,Aaron Tian,8394397
2026-07-05T14:05:47.818707,2026-07-05T14:05:47.827656+00:00,155.1,79,ask,EarnestEspressos,DiligentDonuts,8394408
2026-07-05T14:05:48.644556,2026-07-05T14:05:48.658546+00:00,154.6,50,ask,DiligentDonuts,FlawlessFlatbreads,8394430
2026-07-05T14:05:49.861905,2026-07-05T14:05:49.871287+00:00,154.9,11,bid,Xuanyu Liu,EarnestEspressos,8394453
2026-07-05T14:05:50.751593,2026-07-05T14:05:50.758237+00:00,154.6,50,ask,DiligentDonuts,FlawlessFlatbreads,8394466
2026-07-05T14:05:54.936914,2026-07-05T14:05:54.948935+00:00,154.8,50,bid,FlawlessFlatbreads,DiligentDonuts,8394526
2026-07-05T14:05:57.100824,2026-07-05T14:05:57.110680+00:00,154.3,50,ask,DiligentDonuts,FlawlessFlatbreads,8394563
2026-07-05T14:05:58.550703,2026-07-05T14:05:58.557292+00:00,154.3,42,ask,EarnestEspressos,CostlyCorianders,8394584
2026-07-05T14:05:59.329906,2026-07-05T14:05:59.338687+00:00,154.7,3,bid,Xuanyu Liu,EarnestEspressos,8394596
2026-07-05T14:06:00.172503,2026-07-05T14:06:00.184021+00:00,154.7,43,bid,CostlyCorianders,EarnestEspressos,8394607
2026-07-05T14:06:01.123845,2026-07-05T14:06:01.135486+00:00,154.7,44,bid,CostlyCorianders,EarnestEspressos,8394628
2026-07-05T14:06:01.308877,2026-07-05T14:06:01.315786+00:00,154.4,50,ask,DiligentDonuts,FlawlessFlatbreads,8394635
2026-07-05T14:06:03.414998,2026-07-05T14:06:03.422618+00:00,154.6,50,ask,EarnestEspressos,FlawlessFlatbreads,8394662
2026-07-05T14:06:04.118194,2026-07-05T14:06:04.127485+00:00,154.6,48,ask,EarnestEspressos,CostlyCorianders,8394671
2026-07-05T14:06:05.548253,2026-07-05T14:06:05.560043+00:00,154.6,50,ask,EarnestEspressos,FlawlessFlatbreads,8394700
2026-07-05T14:06:06.638651,2026-07-05T14:06:06.650619+00:00,154.6,44,bid,CostlyCorianders,EarnestEspressos,8394718
2026-07-05T14:06:07.211248,2026-07-05T14:06:07.222866+00:00,154.1,46,ask,EarnestEspressos,CostlyCorianders,8394724
2026-07-05T14:06:07.655065,2026-07-05T14:06:07.666729+00:00,154.1,50,ask,EarnestEspressos,FlawlessFlatbreads,8394739
2026-07-05T14:06:08.819766,2026-07-05T14:06:08.842723+00:00,154.1,100,ask,DiligentDonuts,EarnestEspressos,8394758
2026-07-05T14:06:08.832773,2026-07-05T14:06:08.842723+00:00,154.0,14,bid,Xuanyu Liu,EarnestEspressos,8394759
2026-07-05T14:06:09.761690,2026-07-05T14:06:09.773605+00:00,153.5,50,ask,EarnestEspressos,FlawlessFlatbreads,8394774
2026-07-05T14:06:10.041083,2026-07-05T14:06:10.058592+00:00,154.0,4,bid,Aaron Tian,EarnestEspressos,8394779
2026-07-05T14:06:11.643253,2026-07-05T14:06:11.668752+00:00,154.0,32,bid,CostlyCorianders,EarnestEspressos,8394800
2026-07-05T14:06:11.643253,2026-07-05T14:06:11.668752+00:00,154.3,16,bid,CostlyCorianders,DiligentDonuts,8394801
2026-07-05T14:06:11.869202,2026-07-05T14:06:11.879681+00:00,153.8,50,ask,DiligentDonuts,FlawlessFlatbreads,8394808
2026-07-05T14:06:13.795747,2026-07-05T14:06:13.807507+00:00,153.9,49,ask,EarnestEspressos,CostlyCorianders,8394834
2026-07-05T14:06:13.975137,2026-07-05T14:06:13.986754+00:00,153.9,50,ask,EarnestEspressos,FlawlessFlatbreads,8394835
2026-07-05T14:06:15.490144,2026-07-05T14:06:15.498298+00:00,153.9,23,bid,Xuanyu Liu,EarnestEspressos,8394862
2026-07-05T14:06:16.082648,2026-07-05T14:06:16.094301+00:00,153.5,50,ask,DiligentDonuts,FlawlessFlatbreads,8394869
2026-07-05T14:06:16.805796,2026-07-05T14:06:16.814650+00:00,153.9,23,bid,Xuanyu Liu,EarnestEspressos,8394887
2026-07-05T14:06:18.189703,2026-07-05T14:06:18.201912+00:00,153.5,50,ask,DiligentDonuts,FlawlessFlatbreads,8394924
2026-07-05T14:06:20.297572,2026-07-05T14:06:20.309235+00:00,153.7,50,ask,EarnestEspressos,FlawlessFlatbreads,8394958
2026-07-05T14:06:20.997267,2026-07-05T14:06:21.008933+00:00,153.9,45,bid,CostlyCorianders,DiligentDonuts,8394969
2026-07-05T14:06:22.160145,2026-07-05T14:06:22.167111+00:00,153.7,40,ask,EarnestEspressos,CostlyCorianders,8394996
2026-07-05T14:06:22.404839,2026-07-05T14:06:22.413465+00:00,153.7,50,ask,EarnestEspressos,FlawlessFlatbreads,8395000
2026-07-05T14:06:24.460883,2026-07-05T14:06:24.472792+00:00,154.1,50,bid,FlawlessFlatbreads,DiligentDonuts,8395026
2026-07-05T14:06:25.667396,2026-07-05T14:06:25.679340+00:00,153.8,47,bid,CostlyCorianders,EarnestEspressos,8395047
2026-07-05T14:06:25.737816,2026-07-05T14:06:25.748790+00:00,153.8,100,bid,DiligentDonuts,EarnestEspressos,8395048
2026-07-05T14:06:26.258517,2026-07-05T14:06:26.270339+00:00,153.8,3,bid,CostlyCorianders,EarnestEspressos,8395063
2026-07-05T14:06:28.989521,2026-07-05T14:06:28.999583+00:00,154.0,43,bid,CostlyCorianders,DiligentDonuts,8395094
2026-07-05T14:06:30.778318,2026-07-05T14:06:30.790490+00:00,154.0,50,bid,FlawlessFlatbreads,DiligentDonuts,8395125
2026-07-05T14:06:31.649151,2026-07-05T14:06:31.655593+00:00,153.9,43,ask,EarnestEspressos,CostlyCorianders,8395142
2026-07-05T14:06:32.937043,2026-07-05T14:06:32.948887+00:00,153.9,50,ask,EarnestEspressos,FlawlessFlatbreads,8395160
2026-07-05T14:06:33.763998,2026-07-05T14:06:33.774528+00:00,154.2,43,bid,CostlyCorianders,DiligentDonuts,8395167
2026-07-05T14:06:35.237643,2026-07-05T14:06:35.249214+00:00,154.1,100,bid,DiligentDonuts,EarnestEspressos,8395192
2026-07-05T14:06:37.119452,2026-07-05T14:06:37.131249+00:00,154.1,50,bid,FlawlessFlatbreads,EarnestEspressos,8395217
2026-07-05T14:06:37.265254,2026-07-05T14:06:37.275703+00:00,154.0,23,ask,EarnestEspressos,Xuanyu Liu,8395218
2026-07-05T14:06:37.804373,2026-07-05T14:06:37.813400+00:00,154.0,11,ask,EarnestEspressos,Xuanyu Liu,8395228
2026-07-05T14:06:38.464879,2026-07-05T14:06:38.476603+00:00,154.0,100,ask,EarnestEspressos,DiligentDonuts,8395233
2026-07-05T14:06:38.944350,2026-07-05T14:06:38.953654+00:00,154.0,12,ask,EarnestEspressos,Xuanyu Liu,8395245
2026-07-05T14:06:39.227900,2026-07-05T14:06:39.239560+00:00,154.5,50,bid,FlawlessFlatbreads,EarnestEspressos,8395254
2026-07-05T14:06:41.334493,2026-07-05T14:06:41.341678+00:00,154.0,50,bid,FlawlessFlatbreads,EarnestEspressos,8395286
2026-07-05T14:06:43.442466,2026-07-05T14:06:43.448947+00:00,154.0,50,bid,FlawlessFlatbreads,EarnestEspressos,8395327
2026-07-05T14:06:44.527086,2026-07-05T14:06:44.539058+00:00,153.9,40,ask,EarnestEspressos,CostlyCorianders,8395342
2026-07-05T14:06:45.552340,2026-07-05T14:06:45.558607+00:00,153.9,40,ask,EarnestEspressos,CostlyCorianders,8395362
2026-07-05T14:06:45.552536,2026-07-05T14:06:45.558607+00:00,154.0,50,bid,FlawlessFlatbreads,DiligentDonuts,8395363
2026-07-05T14:06:46.677805,2026-07-05T14:06:46.688842+00:00,153.9,43,ask,EarnestEspressos,CostlyCorianders,8395380
2026-07-05T14:06:47.660028,2026-07-05T14:06:47.671602+00:00,153.9,50,bid,FlawlessFlatbreads,EarnestEspressos,8395398
2026-07-05T14:06:48.619845,2026-07-05T14:06:48.629593+00:00,153.9,12,bid,Xuanyu Liu,EarnestEspressos,8395413
2026-07-05T14:06:49.765765,2026-07-05T14:06:49.776148+00:00,153.9,50,bid,FlawlessFlatbreads,EarnestEspressos,8395425
2026-07-05T14:06:51.876546,2026-07-05T14:06:51.888461+00:00,154.2,50,bid,FlawlessFlatbreads,DiligentDonuts,8395459
2026-07-05T14:06:53.994785,2026-07-05T14:06:54.005892+00:00,154.2,50,bid,FlawlessFlatbreads,DiligentDonuts,8395493
2026-07-05T14:06:54.676083,2026-07-05T14:06:54.685495+00:00,154.2,23,ask,DiligentDonuts,Xuanyu Liu,8395504
2026-07-05T14:06:55.555739,2026-07-05T14:06:55.567369+00:00,154.4,42,bid,CostlyCorianders,EarnestEspressos,8395517
2026-07-05T14:06:56.101440,2026-07-05T14:06:56.113145+00:00,154.4,50,bid,FlawlessFlatbreads,EarnestEspressos,8395524
2026-07-05T14:06:57.092419,2026-07-05T14:06:57.100640+00:00,154.3,3,ask,EarnestEspressos,Xuanyu Liu,8395532
2026-07-05T14:06:57.241364,2026-07-05T14:06:57.253062+00:00,154.3,43,ask,EarnestEspressos,CostlyCorianders,8395537
2026-07-05T14:06:58.210617,2026-07-05T14:06:58.222564+00:00,154.5,50,bid,FlawlessFlatbreads,DiligentDonuts,8395550
2026-07-05T14:06:58.891716,2026-07-05T14:06:58.903621+00:00,154.3,48,ask,EarnestEspressos,CostlyCorianders,8395566
2026-07-05T14:07:00.324928,2026-07-05T14:07:00.335851+00:00,154.3,50,bid,FlawlessFlatbreads,EarnestEspressos,8395593
2026-07-05T14:07:00.962829,2026-07-05T14:07:00.974487+00:00,154.3,45,bid,CostlyCorianders,EarnestEspressos,8395598
2026-07-05T14:07:01.496945,2026-07-05T14:07:01.509073+00:00,154.3,46,bid,CostlyCorianders,EarnestEspressos,8395608
2026-07-05T14:07:02.490658,2026-07-05T14:07:02.500320+00:00,154.2,50,ask,DiligentDonuts,FlawlessFlatbreads,8395622
2026-07-05T14:07:02.587646,2026-07-05T14:07:02.599266+00:00,154.2,42,ask,DiligentDonuts,CostlyCorianders,8395625
2026-07-05T14:07:04.598073,2026-07-05T14:07:04.609929+00:00,154.2,50,ask,EarnestEspressos,FlawlessFlatbreads,8395649
2026-07-05T14:07:05.342755,2026-07-05T14:07:05.354120+00:00,154.3,47,bid,CostlyCorianders,DiligentDonuts,8395654
2026-07-05T14:07:06.706263,2026-07-05T14:07:06.719294+00:00,154.0,50,ask,EarnestEspressos,FlawlessFlatbreads,8395676
2026-07-05T14:07:10.917889,2026-07-05T14:07:10.929827+00:00,153.7,50,ask,EarnestEspressos,FlawlessFlatbreads,8395739
2026-07-05T14:07:13.026714,2026-07-05T14:07:13.038698+00:00,153.6,50,ask,DiligentDonuts,FlawlessFlatbreads,8395766
2026-07-05T14:07:15.082695,2026-07-05T14:07:15.094632+00:00,153.8,50,bid,FlawlessFlatbreads,EarnestEspressos,8395795
2026-07-05T14:07:15.752752,2026-07-05T14:07:15.764259+00:00,153.6,47,ask,EarnestEspressos,CostlyCorianders,8395802
2026-07-05T14:07:17.286460,2026-07-05T14:07:17.295494+00:00,153.6,41,ask,EarnestEspressos,CostlyCorianders,8395824
2026-07-05T14:07:18.521399,2026-07-05T14:07:18.533418+00:00,153.6,48,bid,CostlyCorianders,EarnestEspressos,8395838
2026-07-05T14:07:18.872426,2026-07-05T14:07:18.880575+00:00,153.6,3,bid,Xuanyu Liu,EarnestEspressos,8395845
2026-07-05T14:07:19.350910,2026-07-05T14:07:19.358610+00:00,153.3,50,ask,DiligentDonuts,FlawlessFlatbreads,8395849
2026-07-05T14:07:21.373852,2026-07-05T14:07:21.380980+00:00,153.6,41,bid,CostlyCorianders,EarnestEspressos,8395872
2026-07-05T14:07:21.406449,2026-07-05T14:07:21.418226+00:00,153.6,50,bid,FlawlessFlatbreads,EarnestEspressos,8395873
2026-07-05T14:07:21.534250,2026-07-05T14:07:21.546220+00:00,153.8,100,bid,EarnestEspressos,DiligentDonuts,8395874
2026-07-05T14:07:22.391892,2026-07-05T14:07:22.400862+00:00,153.8,3,ask,EarnestEspressos,Xuanyu Liu,8395892
2026-07-05T14:07:23.564973,2026-07-05T14:07:23.576941+00:00,153.8,47,ask,EarnestEspressos,FlawlessFlatbreads,8395906
2026-07-05T14:07:23.564973,2026-07-05T14:07:23.576941+00:00,153.5,3,ask,DiligentDonuts,FlawlessFlatbreads,8395907
2026-07-05T14:07:24.098213,2026-07-05T14:07:24.107864+00:00,153.5,48,ask,DiligentDonuts,CostlyCorianders,8395914
2026-07-05T14:07:24.759650,2026-07-05T14:07:24.770101+00:00,153.7,3,bid,Xuanyu Liu,EarnestEspressos,8395920
2026-07-05T14:07:25.674518,2026-07-05T14:07:25.686311+00:00,153.5,49,ask,DiligentDonuts,FlawlessFlatbreads,8395934
2026-07-05T14:07:25.674518,2026-07-05T14:07:25.686311+00:00,153.2,1,ask,EarnestEspressos,FlawlessFlatbreads,8395935
2026-07-05T14:07:27.106897,2026-07-05T14:07:27.119071+00:00,153.7,43,bid,CostlyCorianders,EarnestEspressos,8395946
2026-07-05T14:07:27.628783,2026-07-05T14:07:27.639673+00:00,153.3,45,ask,DiligentDonuts,CostlyCorianders,8395961
2026-07-05T14:07:27.783161,2026-07-05T14:07:27.794812+00:00,153.3,50,ask,DiligentDonuts,FlawlessFlatbreads,8395963
2026-07-05T14:07:29.059529,2026-07-05T14:07:29.067136+00:00,153.6,11,bid,Xuanyu Liu,DiligentDonuts,8395971
2026-07-05T14:07:29.295806,2026-07-05T14:07:29.307351+00:00,153.6,41,bid,CostlyCorianders,DiligentDonuts,8395975
2026-07-05T14:07:29.759507,2026-07-05T14:07:29.767138+00:00,153.6,12,bid,Xuanyu Liu,DiligentDonuts,8395987
2026-07-05T14:07:29.891376,2026-07-05T14:07:29.903442+00:00,153.4,50,ask,EarnestEspressos,FlawlessFlatbreads,8395993
2026-07-05T14:07:31.824375,2026-07-05T14:07:31.836236+00:00,153.6,36,bid,CostlyCorianders,DiligentDonuts,8396012
2026-07-05T14:07:31.824375,2026-07-05T14:07:31.836236+00:00,153.7,7,bid,CostlyCorianders,EarnestEspressos,8396013
2026-07-05T14:07:31.886348,2026-07-05T14:07:31.893334+00:00,153.2,41,ask,EarnestEspressos,CostlyCorianders,8396015
2026-07-05T14:07:31.999244,2026-07-05T14:07:32.010816+00:00,153.2,50,ask,EarnestEspressos,FlawlessFlatbreads,8396017
2026-07-05T14:07:33.871860,2026-07-05T14:07:33.883192+00:00,153.7,40,bid,CostlyCorianders,EarnestEspressos,8396034
2026-07-05T14:07:34.105690,2026-07-05T14:07:34.108875+00:00,153.4,50,ask,DiligentDonuts,FlawlessFlatbreads,8396040
2026-07-05T14:07:36.214274,2026-07-05T14:07:36.226261+00:00,153.4,50,ask,DiligentDonuts,FlawlessFlatbreads,8396073
2026-07-05T14:07:38.332862,2026-07-05T14:07:38.344815+00:00,153.4,50,ask,DiligentDonuts,FlawlessFlatbreads,8396108
2026-07-05T14:07:38.863894,2026-07-05T14:07:38.875735+00:00,153.5,42,bid,CostlyCorianders,DiligentDonuts,8396111
2026-07-05T14:07:39.424081,2026-07-05T14:07:39.432003+00:00,153.5,23,bid,Xuanyu Liu,DiligentDonuts,8396123
2026-07-05T14:07:40.443060,2026-07-05T14:07:40.448485+00:00,153.1,50,ask,EarnestEspressos,FlawlessFlatbreads,8396139
2026-07-05T14:07:42.045723,2026-07-05T14:07:42.053995+00:00,153.5,11,bid,Xuanyu Liu,EarnestEspressos,8396174
2026-07-05T14:07:42.549137,2026-07-05T14:07:42.555649+00:00,153.3,50,ask,DiligentDonuts,FlawlessFlatbreads,8396182
2026-07-05T14:07:43.781436,2026-07-05T14:07:43.793637+00:00,153.3,50,ask,DiligentDonuts,EarnestEspressos,8396210
2026-07-05T14:07:44.656663,2026-07-05T14:07:44.658551+00:00,152.8,50,ask,EarnestEspressos,FlawlessFlatbreads,8396230
2026-07-05T14:07:45.970530,2026-07-05T14:07:45.979478+00:00,153.3,23,bid,Xuanyu Liu,EarnestEspressos,8396247
2026-07-05T14:07:46.762752,2026-07-05T14:07:46.774509+00:00,153.0,50,ask,DiligentDonuts,FlawlessFlatbreads,8396269
2026-07-05T14:07:48.869618,2026-07-05T14:07:48.881243+00:00,153.3,50,ask,EarnestEspressos,FlawlessFlatbreads,8396293
2026-07-05T14:07:52.847959,2026-07-05T14:07:52.857233+00:00,153.0,43,ask,EarnestEspressos,CostlyCorianders,8396358
2026-07-05T14:07:53.080564,2026-07-05T14:07:53.088426+00:00,153.0,50,ask,EarnestEspressos,FlawlessFlatbreads,8396361
2026-07-05T14:07:53.283612,2026-07-05T14:07:53.291862+00:00,153.0,11,bid,Xuanyu Liu,EarnestEspressos,8396366
2026-07-05T14:07:53.859510,2026-07-05T14:07:53.867737+00:00,153.0,6,bid,Xuanyu Liu,EarnestEspressos,8396375
2026-07-05T14:07:54.562220,2026-07-05T14:07:54.568915+00:00,153.0,45,bid,CostlyCorianders,EarnestEspressos,8396388
2026-07-05T14:07:55.201920,2026-07-05T14:07:55.208742+00:00,153.0,40,bid,CostlyCorianders,EarnestEspressos,8396406
2026-07-05T14:07:57.246586,2026-07-05T14:07:57.258602+00:00,153.4,50,bid,FlawlessFlatbreads,DiligentDonuts,8396437
2026-07-05T14:07:59.424998,2026-07-05T14:07:59.434161+00:00,153.2,50,ask,DiligentDonuts,FlawlessFlatbreads,8396469
2026-07-05T14:08:00.037884,2026-07-05T14:08:00.051336+00:00,153.2,6,ask,DiligentDonuts,Xuanyu Liu,8396480
2026-07-05T14:08:00.980338,2026-07-05T14:08:00.992356+00:00,153.1,49,ask,EarnestEspressos,CostlyCorianders,8396498
2026-07-05T14:08:01.480775,2026-07-05T14:08:01.492604+00:00,153.3,50,bid,FlawlessFlatbreads,DiligentDonuts,8396508
2026-07-05T14:08:01.484604,2026-07-05T14:08:01.492604+00:00,153.3,43,bid,CostlyCorianders,DiligentDonuts,8396509
2026-07-05T14:08:03.589183,2026-07-05T14:08:03.596470+00:00,153.3,7,bid,FlawlessFlatbreads,DiligentDonuts,8396539
2026-07-05T14:08:03.589183,2026-07-05T14:08:03.602011+00:00,153.3,43,bid,FlawlessFlatbreads,EarnestEspressos,8396540
2026-07-05T14:08:04.370379,2026-07-05T14:08:04.379408+00:00,153.1,11,ask,DiligentDonuts,Xuanyu Liu,8396549
2026-07-05T14:08:05.717313,2026-07-05T14:08:05.729240+00:00,153.3,50,bid,FlawlessFlatbreads,EarnestEspressos,8396575
2026-07-05T14:08:07.839054,2026-07-05T14:08:07.848177+00:00,153.4,50,bid,FlawlessFlatbreads,DiligentDonuts,8396599
2026-07-05T14:08:08.071200,2026-07-05T14:08:08.083196+00:00,153.0,41,ask,EarnestEspressos,CostlyCorianders,8396603
2026-07-05T14:08:08.683008,2026-07-05T14:08:08.694932+00:00,153.0,41,ask,EarnestEspressos,CostlyCorianders,8396611
2026-07-05T14:08:09.946645,2026-07-05T14:08:09.956892+00:00,153.1,50,bid,FlawlessFlatbreads,EarnestEspressos,8396628
2026-07-05T14:08:10.172991,2026-07-05T14:08:10.183379+00:00,153.1,100,bid,DiligentDonuts,EarnestEspressos,8396633
2026-07-05T14:08:12.083858,2026-07-05T14:08:12.095472+00:00,153.6,50,bid,FlawlessFlatbreads,DiligentDonuts,8396654
2026-07-05T14:08:12.218204,2026-07-05T14:08:12.227374+00:00,153.3,12,ask,EarnestEspressos,Xuanyu Liu,8396661
2026-07-05T14:08:14.190236,2026-07-05T14:08:14.202218+00:00,153.5,50,bid,FlawlessFlatbreads,DiligentDonuts,8396689
2026-07-05T14:08:16.188263,2026-07-05T14:08:16.196983+00:00,153.4,11,ask,EarnestEspressos,Xuanyu Liu,8396720
2026-07-05T14:08:16.296921,2026-07-05T14:08:16.303484+00:00,153.5,50,bid,FlawlessFlatbreads,DiligentDonuts,8396727
2026-07-05T14:08:16.433748,2026-07-05T14:08:16.445425+00:00,153.4,42,ask,EarnestEspressos,CostlyCorianders,8396734
2026-07-05T14:08:17.498391,2026-07-05T14:08:17.505802+00:00,153.4,11,ask,EarnestEspressos,Xuanyu Liu,8396744
2026-07-05T14:08:18.404975,2026-07-05T14:08:18.416951+00:00,153.7,50,bid,FlawlessFlatbreads,DiligentDonuts,8396756
2026-07-05T14:08:20.511725,2026-07-05T14:08:20.523759+00:00,153.5,50,bid,FlawlessFlatbreads,EarnestEspressos,8396781
2026-07-05T14:08:22.676996,2026-07-05T14:08:22.685902+00:00,153.4,50,ask,EarnestEspressos,FlawlessFlatbreads,8396812
2026-07-05T14:08:22.723220,2026-07-05T14:08:22.731809+00:00,153.8,45,bid,CostlyCorianders,DiligentDonuts,8396815
2026-07-05T14:08:22.845364,2026-07-05T14:08:22.853989+00:00,153.8,12,ask,DiligentDonuts,Xuanyu Liu,8396816
2026-07-05T14:08:23.650607,2026-07-05T14:08:23.660465+00:00,153.8,49,ask,DiligentDonuts,CostlyCorianders,8396821
2026-07-05T14:08:24.908670,2026-07-05T14:08:24.918463+00:00,153.8,39,ask,DiligentDonuts,EarnestEspressos,8396838
2026-07-05T14:08:26.717957,2026-07-05T14:08:26.729133+00:00,153.8,47,bid,CostlyCorianders,EarnestEspressos,8396863
2026-07-05T14:08:26.900987,2026-07-05T14:08:26.908733+00:00,153.6,50,ask,DiligentDonuts,FlawlessFlatbreads,8396866
2026-07-05T14:08:28.957421,2026-07-05T14:08:28.968984+00:00,154.1,50,bid,FlawlessFlatbreads,DiligentDonuts,8396899
2026-07-05T14:08:29.504124,2026-07-05T14:08:29.515978+00:00,153.6,45,ask,EarnestEspressos,CostlyCorianders,8396906
2026-07-05T14:08:31.378831,2026-07-05T14:08:31.390422+00:00,153.5,49,ask,DiligentDonuts,CostlyCorianders,8396927
2026-07-05T14:08:35.278041,2026-07-05T14:08:35.290027+00:00,153.9,50,bid,FlawlessFlatbreads,DiligentDonuts,8396988
2026-07-05T14:08:37.438363,2026-07-05T14:08:37.446665+00:00,153.7,50,ask,DiligentDonuts,FlawlessFlatbreads,8397020
2026-07-05T14:08:37.703550,2026-07-05T14:08:37.715255+00:00,154.1,45,bid,CostlyCorianders,DiligentDonuts,8397030
2026-07-05T14:08:39.393452,2026-07-05T14:08:39.405039+00:00,154.1,47,bid,CostlyCorianders,EarnestEspressos,8397057
2026-07-05T14:08:39.544445,2026-07-05T14:08:39.556582+00:00,153.7,50,ask,DiligentDonuts,FlawlessFlatbreads,8397060
2026-07-05T14:08:41.653091,2026-07-05T14:08:41.658644+00:00,153.9,50,ask,EarnestEspressos,FlawlessFlatbreads,8397092
2026-07-05T14:08:42.459601,2026-07-05T14:08:42.468118+00:00,154.0,12,bid,Xuanyu Liu,DiligentDonuts,8397102
2026-07-05T14:08:43.708788,2026-07-05T14:08:43.716145+00:00,154.0,50,bid,FlawlessFlatbreads,DiligentDonuts,8397123
2026-07-05T14:08:44.890781,2026-07-05T14:08:44.899518+00:00,154.0,11,bid,Xuanyu Liu,DiligentDonuts,8397137
2026-07-05T14:08:45.037187,2026-07-05T14:08:45.045345+00:00,154.1,11,ask,DiligentDonuts,Xuanyu Liu,8397142
2026-07-05T14:08:45.815436,2026-07-05T14:08:45.827073+00:00,154.4,50,bid,FlawlessFlatbreads,EarnestEspressos,8397154
2026-07-05T14:08:46.102151,2026-07-05T14:08:46.110808+00:00,154.1,12,ask,DiligentDonuts,Xuanyu Liu,8397162
2026-07-05T14:08:46.480773,2026-07-05T14:08:46.488634+00:00,154.1,40,ask,DiligentDonuts,CostlyCorianders,8397172
2026-07-05T14:08:47.129687,2026-07-05T14:08:47.141162+00:00,154.6,44,bid,CostlyCorianders,DiligentDonuts,8397174
2026-07-05T14:08:47.922274,2026-07-05T14:08:47.932651+00:00,154.6,50,bid,FlawlessFlatbreads,DiligentDonuts,8397191
2026-07-05T14:08:50.991018,2026-07-05T14:08:51.002925+00:00,154.0,45,ask,DiligentDonuts,CostlyCorianders,8397251
2026-07-05T14:08:52.133550,2026-07-05T14:08:52.141421+00:00,154.2,50,bid,FlawlessFlatbreads,DiligentDonuts,8397266
2026-07-05T14:08:53.062576,2026-07-05T14:08:53.074230+00:00,153.9,43,ask,EarnestEspressos,CostlyCorianders,8397280
2026-07-05T14:08:54.290502,2026-07-05T14:08:54.302676+00:00,153.7,50,ask,DiligentDonuts,FlawlessFlatbreads,8397294
2026-07-05T14:08:55.070355,2026-07-05T14:08:55.081929+00:00,154.0,46,bid,CostlyCorianders,DiligentDonuts,8397303
2026-07-05T14:08:56.398376,2026-07-05T14:08:56.410604+00:00,153.6,50,ask,EarnestEspressos,FlawlessFlatbreads,8397324
2026-07-05T14:08:58.456255,2026-07-05T14:08:58.463716+00:00,153.7,50,bid,FlawlessFlatbreads,EarnestEspressos,8397356
2026-07-05T14:08:59.407623,2026-07-05T14:08:59.416037+00:00,153.7,12,bid,Xuanyu Liu,EarnestEspressos,8397366
2026-07-05T14:09:00.563405,2026-07-05T14:09:00.572220+00:00,154.1,50,bid,FlawlessFlatbreads,DiligentDonuts,8397382
2026-07-05T14:09:00.802254,2026-07-05T14:09:00.810905+00:00,154.0,35,ask,DiligentDonuts,Xuanyu Liu,8397391
2026-07-05T14:09:01.603033,2026-07-05T14:09:01.614975+00:00,154.1,44,bid,CostlyCorianders,EarnestEspressos,8397395
2026-07-05T14:09:02.141820,2026-07-05T14:09:02.153747+00:00,154.0,42,ask,DiligentDonuts,CostlyCorianders,8397408
2026-07-05T14:09:02.672812,2026-07-05T14:09:02.684792+00:00,154.1,50,bid,FlawlessFlatbreads,EarnestEspressos,8397417
2026-07-05T14:09:03.746947,2026-07-05T14:09:03.758556+00:00,154.4,49,bid,CostlyCorianders,DiligentDonuts,8397435
2026-07-05T14:09:04.425529,2026-07-05T14:09:04.434719+00:00,154.0,49,ask,DiligentDonuts,CostlyCorianders,8397444
2026-07-05T14:09:04.789139,2026-07-05T14:09:04.796424+00:00,154.4,50,bid,FlawlessFlatbreads,EarnestEspressos,8397450
2026-07-05T14:09:05.415987,2026-07-05T14:09:05.427672+00:00,154.4,49,bid,CostlyCorianders,EarnestEspressos,8397458
2026-07-05T14:09:05.981408,2026-07-05T14:09:05.989677+00:00,154.5,100,bid,EarnestEspressos,DiligentDonuts,8397471
2026-07-05T14:09:06.051293,2026-07-05T14:09:06.060484+00:00,154.5,14,ask,EarnestEspressos,Xuanyu Liu,8397475
2026-07-05T14:09:06.947030,2026-07-05T14:09:06.958590+00:00,154.5,36,ask,EarnestEspressos,FlawlessFlatbreads,8397485
2026-07-05T14:09:07.174496,2026-07-05T14:09:07.184515+00:00,154.1,42,ask,DiligentDonuts,CostlyCorianders,8397491
2026-07-05T14:09:09.053637,2026-07-05T14:09:09.064063+00:00,154.1,50,ask,DiligentDonuts,FlawlessFlatbreads,8397513
2026-07-05T14:09:09.195689,2026-07-05T14:09:09.206378+00:00,154.1,8,ask,DiligentDonuts,EarnestEspressos,8397518
2026-07-05T14:09:11.159592,2026-07-05T14:09:11.171052+00:00,153.4,50,ask,DiligentDonuts,FlawlessFlatbreads,8397553
2026-07-05T14:09:11.277749,2026-07-05T14:09:11.286737+00:00,153.8,14,bid,Xuanyu Liu,EarnestEspressos,8397555
2026-07-05T14:09:12.624209,2026-07-05T14:09:12.632792+00:00,153.9,12,bid,Xuanyu Liu,DiligentDonuts,8397577
2026-07-05T14:09:13.230801,2026-07-05T14:09:13.242414+00:00,153.9,50,bid,FlawlessFlatbreads,DiligentDonuts,8397588
2026-07-05T14:09:15.981006,2026-07-05T14:09:15.988888+00:00,154.1,40,bid,CostlyCorianders,DiligentDonuts,8397625
2026-07-05T14:09:17.518474,2026-07-05T14:09:17.530239+00:00,154.0,50,ask,EarnestEspressos,FlawlessFlatbreads,8397656
2026-07-05T14:09:17.524435,2026-07-05T14:09:17.535491+00:00,154.0,47,ask,EarnestEspressos,CostlyCorianders,8397657
2026-07-05T14:09:19.627370,2026-07-05T14:09:19.639097+00:00,153.7,50,ask,DiligentDonuts,FlawlessFlatbreads,8397675
2026-07-05T14:09:20.713204,2026-07-05T14:09:20.724642+00:00,154.0,43,bid,CostlyCorianders,EarnestEspressos,8397695
2026-07-05T14:09:21.734103,2026-07-05T14:09:21.745885+00:00,153.6,50,ask,DiligentDonuts,FlawlessFlatbreads,8397715
2026-07-05T14:09:23.116480,2026-07-05T14:09:23.124584+00:00,153.9,23,bid,Xuanyu Liu,DiligentDonuts,8397729
2026-07-05T14:09:23.840245,2026-07-05T14:09:23.858843+00:00,153.6,50,ask,EarnestEspressos,FlawlessFlatbreads,8397747
2026-07-05T14:09:25.953101,2026-07-05T14:09:25.964796+00:00,153.5,50,ask,EarnestEspressos,FlawlessFlatbreads,8397782
2026-07-05T14:09:26.131496,2026-07-05T14:09:26.143194+00:00,154.0,45,bid,CostlyCorianders,EarnestEspressos,8397786
2026-07-05T14:09:28.009493,2026-07-05T14:09:28.016125+00:00,154.0,50,bid,FlawlessFlatbreads,EarnestEspressos,8397809
2026-07-05T14:09:28.951097,2026-07-05T14:09:28.958554+00:00,153.7,47,ask,EarnestEspressos,CostlyCorianders,8397821
2026-07-05T14:09:30.116126,2026-07-05T14:09:30.128107+00:00,154.1,50,bid,FlawlessFlatbreads,DiligentDonuts,8397835
2026-07-05T14:09:30.661995,2026-07-05T14:09:30.673844+00:00,153.7,45,ask,EarnestEspressos,CostlyCorianders,8397845
2026-07-05T14:09:31.257383,2026-07-05T14:09:31.268915+00:00,154.1,46,bid,CostlyCorianders,DiligentDonuts,8397848
2026-07-05T14:09:32.255560,2026-07-05T14:09:32.267373+00:00,153.7,50,bid,FlawlessFlatbreads,EarnestEspressos,8397862
2026-07-05T14:09:32.288164,2026-07-05T14:09:32.296649+00:00,153.7,34,bid,Xuanyu Liu,EarnestEspressos,8397864
2026-07-05T14:09:32.437784,2026-07-05T14:09:32.446853+00:00,153.7,66,bid,DiligentDonuts,EarnestEspressos,8397866
2026-07-05T14:09:32.501077,2026-07-05T14:09:32.510399+00:00,154.2,23,ask,DiligentDonuts,Xuanyu Liu,8397867
2026-07-05T14:09:33.340032,2026-07-05T14:09:33.350871+00:00,154.2,11,ask,DiligentDonuts,Xuanyu Liu,8397879
2026-07-05T14:09:34.362423,2026-07-05T14:09:34.377022+00:00,154.7,50,bid,FlawlessFlatbreads,DiligentDonuts,8397891
2026-07-05T14:09:35.901057,2026-07-05T14:09:35.911799+00:00,154.4,43,bid,CostlyCorianders,DiligentDonuts,8397919
2026-07-05T14:09:36.472569,2026-07-05T14:09:36.479381+00:00,154.4,50,bid,FlawlessFlatbreads,DiligentDonuts,8397928
2026-07-05T14:09:37.863189,2026-07-05T14:09:37.874960+00:00,154.1,49,ask,EarnestEspressos,CostlyCorianders,8397939
2026-07-05T14:09:38.489899,2026-07-05T14:09:38.502124+00:00,154.4,7,bid,CostlyCorianders,DiligentDonuts,8397945
2026-07-05T14:09:38.489899,2026-07-05T14:09:38.502124+00:00,154.6,33,bid,CostlyCorianders,EarnestEspressos,8397946
2026-07-05T14:09:38.773952,2026-07-05T14:09:38.782897+00:00,154.2,12,ask,DiligentDonuts,Xuanyu Liu,8397948
2026-07-05T14:09:38.976998,2026-07-05T14:09:38.989145+00:00,154.2,40,ask,DiligentDonuts,CostlyCorianders,8397951
2026-07-05T14:09:40.720544,2026-07-05T14:09:40.732710+00:00,154.6,50,bid,FlawlessFlatbreads,EarnestEspressos,8397971
2026-07-05T14:09:41.800077,2026-07-05T14:09:41.809409+00:00,154.2,48,ask,DiligentDonuts,CostlyCorianders,8397983
2026-07-05T14:09:42.828957,2026-07-05T14:09:42.837040+00:00,154.4,50,bid,FlawlessFlatbreads,DiligentDonuts,8397997
2026-07-05T14:09:42.870111,2026-07-05T14:09:42.878963+00:00,154.4,49,bid,CostlyCorianders,DiligentDonuts,8397998
2026-07-05T14:09:43.933388,2026-07-05T14:09:43.945189+00:00,154.4,1,bid,CostlyCorianders,DiligentDonuts,8398007
2026-07-05T14:09:44.935277,2026-07-05T14:09:44.942814+00:00,154.8,50,bid,FlawlessFlatbreads,EarnestEspressos,8398025
2026-07-05T14:09:46.668703,2026-07-05T14:09:46.679319+00:00,154.3,11,ask,EarnestEspressos,Xuanyu Liu,8398049
2026-07-05T14:09:47.118392,2026-07-05T14:09:47.129014+00:00,154.4,12,ask,EarnestEspressos,Xuanyu Liu,8398057
2026-07-05T14:09:49.146217,2026-07-05T14:09:49.153071+00:00,154.8,50,bid,FlawlessFlatbreads,DiligentDonuts,8398088
2026-07-05T14:09:49.812556,2026-07-05T14:09:49.824722+00:00,154.4,42,ask,EarnestEspressos,CostlyCorianders,8398096
2026-07-05T14:09:50.284195,2026-07-05T14:09:50.293935+00:00,154.8,42,bid,CostlyCorianders,DiligentDonuts,8398101
2026-07-05T14:09:51.256679,2026-07-05T14:09:51.268673+00:00,154.8,8,bid,FlawlessFlatbreads,DiligentDonuts,8398111
2026-07-05T14:09:51.256679,2026-07-05T14:09:51.268673+00:00,154.8,42,bid,FlawlessFlatbreads,EarnestEspressos,8398112
2026-07-05T14:09:51.307731,2026-07-05T14:09:51.319469+00:00,154.3,42,ask,DiligentDonuts,CostlyCorianders,8398113
2026-07-05T14:09:51.770545,2026-07-05T14:09:51.782172+00:00,154.3,41,ask,EarnestEspressos,CostlyCorianders,8398127
2026-07-05T14:09:53.364053,2026-07-05T14:09:53.376096+00:00,154.8,50,bid,FlawlessFlatbreads,EarnestEspressos,8398153
2026-07-05T14:09:55.470804,2026-07-05T14:09:55.482463+00:00,154.7,50,bid,FlawlessFlatbreads,DiligentDonuts,8398175
2026-07-05T14:09:55.859567,2026-07-05T14:09:55.869283+00:00,154.3,11,ask,EarnestEspressos,Xuanyu Liu,8398181
2026-07-05T14:09:57.578199,2026-07-05T14:09:57.589687+00:00,154.7,50,bid,FlawlessFlatbreads,DiligentDonuts,8398211
2026-07-05T14:09:57.769800,2026-07-05T14:09:57.778499+00:00,154.5,3,ask,DiligentDonuts,Xuanyu Liu,8398219
2026-07-05T14:09:59.687614,2026-07-05T14:09:59.695320+00:00,154.7,50,bid,FlawlessFlatbreads,EarnestEspressos,8398248
2026-07-05T14:10:01.798823,2026-07-05T14:10:01.809558+00:00,155.1,50,bid,FlawlessFlatbreads,EarnestEspressos,8398277
2026-07-05T14:10:03.904775,2026-07-05T14:10:03.912844+00:00,155.1,50,bid,FlawlessFlatbreads,DiligentDonuts,8398320
2026-07-05T14:10:05.047936,2026-07-05T14:10:05.056117+00:00,154.9,3,ask,DiligentDonuts,Xuanyu Liu,8398338
2026-07-05T14:10:06.062065,2026-07-05T14:10:06.073571+00:00,154.9,50,ask,DiligentDonuts,FlawlessFlatbreads,8398354
2026-07-05T14:10:06.359688,2026-07-05T14:10:06.369023+00:00,154.9,11,ask,DiligentDonuts,Xuanyu Liu,8398358
2026-07-05T14:10:06.795430,2026-07-05T14:10:06.805922+00:00,154.9,25,ask,DiligentDonuts,Harold Schneider,8398365
2026-07-05T14:10:06.817379,2026-07-05T14:10:06.825823+00:00,155.0,10,ask,Harold Schneider,Xuanyu Liu,8398367
2026-07-05T14:10:07.136374,2026-07-05T14:10:07.148230+00:00,155.1,10,bid,CostlyCorianders,Harold Schneider,8398371
2026-07-05T14:10:07.136374,2026-07-05T14:10:07.148230+00:00,155.2,36,bid,CostlyCorianders,EarnestEspressos,8398372
2026-07-05T14:10:07.734083,2026-07-05T14:10:07.742952+00:00,154.7,42,ask,EarnestEspressos,CostlyCorianders,8398383
2026-07-05T14:10:08.170089,2026-07-05T14:10:08.179175+00:00,154.7,50,ask,EarnestEspressos,FlawlessFlatbreads,8398388
2026-07-05T14:10:10.279757,2026-07-05T14:10:10.289993+00:00,154.5,50,ask,DiligentDonuts,FlawlessFlatbreads,8398411
2026-07-05T14:10:11.838289,2026-07-05T14:10:11.846635+00:00,154.6,10,bid,Xuanyu Liu,Harold Schneider,8398427
2026-07-05T14:10:12.385208,2026-07-05T14:10:12.397005+00:00,154.4,10,ask,Harold Schneider,FlawlessFlatbreads,8398445
2026-07-05T14:10:12.385208,2026-07-05T14:10:12.397005+00:00,154.2,40,ask,DiligentDonuts,FlawlessFlatbreads,8398446
2026-07-05T14:10:13.635569,2026-07-05T14:10:13.644435+00:00,154.4,11,bid,Xuanyu Liu,DiligentDonuts,8398463
2026-07-05T14:10:14.219739,2026-07-05T14:10:14.228799+00:00,154.4,3,bid,Xuanyu Liu,DiligentDonuts,8398472
2026-07-05T14:10:14.494263,2026-07-05T14:10:14.505819+00:00,154.3,50,ask,EarnestEspressos,FlawlessFlatbreads,8398479
2026-07-05T14:10:14.759214,2026-07-05T14:10:14.770429+00:00,154.4,47,bid,CostlyCorianders,DiligentDonuts,8398486
2026-07-05T14:10:16.549022,2026-07-05T14:10:16.556517+00:00,154.4,39,bid,FlawlessFlatbreads,DiligentDonuts,8398508
2026-07-05T14:10:16.549022,2026-07-05T14:10:16.561502+00:00,154.6,11,bid,FlawlessFlatbreads,EarnestEspressos,8398509
2026-07-05T14:10:18.132396,2026-07-05T14:10:18.139933+00:00,154.5,42,ask,DiligentDonuts,CostlyCorianders,8398545
2026-07-05T14:10:18.710811,2026-07-05T14:10:18.718567+00:00,154.5,50,ask,DiligentDonuts,FlawlessFlatbreads,8398558
2026-07-05T14:10:20.223350,2026-07-05T14:10:20.235054+00:00,154.8,48,bid,CostlyCorianders,DiligentDonuts,8398576
2026-07-05T14:10:21.352457,2026-07-05T14:10:21.364681+00:00,154.8,46,bid,CostlyCorianders,DiligentDonuts,8398589
2026-07-05T14:10:22.943661,2026-07-05T14:10:22.958597+00:00,154.3,50,ask,DiligentDonuts,FlawlessFlatbreads,8398610
2026-07-05T14:10:25.050543,2026-07-05T14:10:25.057261+00:00,154.4,50,ask,DiligentDonuts,FlawlessFlatbreads,8398639
2026-07-05T14:10:25.937993,2026-07-05T14:10:25.945794+00:00,154.4,46,ask,DiligentDonuts,CostlyCorianders,8398649
2026-07-05T14:10:26.574291,2026-07-05T14:10:26.581020+00:00,154.4,49,ask,EarnestEspressos,CostlyCorianders,8398659
2026-07-05T14:10:27.164315,2026-07-05T14:10:27.174913+00:00,154.4,50,ask,EarnestEspressos,FlawlessFlatbreads,8398665
2026-07-05T14:10:29.222252,2026-07-05T14:10:29.234382+00:00,154.5,50,bid,FlawlessFlatbreads,EarnestEspressos,8398688
2026-07-05T14:10:31.069594,2026-07-05T14:10:31.078995+00:00,154.5,49,bid,CostlyCorianders,EarnestEspressos,8398716
2026-07-05T14:10:31.356136,2026-07-05T14:10:31.368677+00:00,154.5,50,bid,FlawlessFlatbreads,EarnestEspressos,8398724
2026-07-05T14:10:31.685458,2026-07-05T14:10:31.697183+00:00,154.4,40,ask,EarnestEspressos,CostlyCorianders,8398728
2026-07-05T14:10:31.887748,2026-07-05T14:10:31.895992+00:00,154.7,25,bid,Harold Schneider,DiligentDonuts,8398732
2026-07-05T14:10:32.697482,2026-07-05T14:10:32.709177+00:00,154.6,10,bid,CostlyCorianders,Harold Schneider,8398752
2026-07-05T14:10:32.697482,2026-07-05T14:10:32.709177+00:00,154.8,32,bid,CostlyCorianders,DiligentDonuts,8398753
2026-07-05T14:10:35.643026,2026-07-05T14:10:35.658606+00:00,154.5,50,ask,EarnestEspressos,FlawlessFlatbreads,8398804
2026-07-05T14:10:36.920976,2026-07-05T14:10:36.932326+00:00,154.8,2,bid,Harold Schneider,DiligentDonuts,8398822
2026-07-05T14:10:39.815214,2026-07-05T14:10:39.825326+00:00,154.9,50,bid,FlawlessFlatbreads,EarnestEspressos,8398861
2026-07-05T14:10:40.453454,2026-07-05T14:10:40.481773+00:00,154.9,3,bid,Xuanyu Liu,EarnestEspressos,8398875
2026-07-05T14:10:41.932773,2026-07-05T14:10:41.944420+00:00,155.0,50,bid,FlawlessFlatbreads,EarnestEspressos,8398898
2026-07-05T14:10:41.940732,2026-07-05T14:10:41.949803+00:00,155.0,2,bid,Harold Schneider,EarnestEspressos,8398899
2026-07-05T14:10:44.125309,2026-07-05T14:10:44.136352+00:00,154.9,50,ask,DiligentDonuts,FlawlessFlatbreads,8398937
2026-07-05T14:10:44.628382,2026-07-05T14:10:44.640235+00:00,155.4,47,bid,CostlyCorianders,DiligentDonuts,8398941
2026-07-05T14:10:46.068989,2026-07-05T14:10:46.080601+00:00,155.4,47,bid,CostlyCorianders,EarnestEspressos,8398962
2026-07-05T14:10:47.251090,2026-07-05T14:10:47.256509+00:00,155.3,3,ask,EarnestEspressos,Xuanyu Liu,8398974
2026-07-05T14:10:48.370501,2026-07-05T14:10:48.379405+00:00,155.3,50,ask,EarnestEspressos,FlawlessFlatbreads,8398991
2026-07-05T14:10:48.724846,2026-07-05T14:10:48.736504+00:00,155.3,46,ask,EarnestEspressos,CostlyCorianders,8398995
2026-07-05T14:10:49.313411,2026-07-05T14:10:49.320591+00:00,155.3,46,ask,EarnestEspressos,CostlyCorianders,8398997
2026-07-05T14:10:50.456977,2026-07-05T14:10:50.453131+00:00,155.1,43,bid,CostlyCorianders,EarnestEspressos,8399018
2026-07-05T14:10:51.620239,2026-07-05T14:10:51.631951+00:00,154.9,44,ask,DiligentDonuts,CostlyCorianders,8399036
2026-07-05T14:10:52.010212,2026-07-05T14:10:52.020160+00:00,155.1,2,bid,Harold Schneider,EarnestEspressos,8399048
2026-07-05T14:10:52.023147,2026-07-05T14:10:52.030566+00:00,155.1,2,bid,Harold Schneider,EarnestEspressos,8399049
2026-07-05T14:10:52.175575,2026-07-05T14:10:52.190311+00:00,155.1,43,bid,CostlyCorianders,EarnestEspressos,8399051
2026-07-05T14:10:52.550328,2026-07-05T14:10:52.558861+00:00,155.1,50,bid,FlawlessFlatbreads,EarnestEspressos,8399055
2026-07-05T14:10:53.227395,2026-07-05T14:10:53.236122+00:00,155.1,3,bid,Xuanyu Liu,EarnestEspressos,8399063
2026-07-05T14:10:53.562819,2026-07-05T14:10:53.574399+00:00,155.4,100,bid,EarnestEspressos,DiligentDonuts,8399067
2026-07-05T14:10:53.629981,2026-07-05T14:10:53.639353+00:00,155.4,3,ask,EarnestEspressos,Xuanyu Liu,8399069
2026-07-05T14:10:56.771688,2026-07-05T14:10:56.780075+00:00,155.6,50,bid,FlawlessFlatbreads,DiligentDonuts,8399124
2026-07-05T14:10:57.042497,2026-07-05T14:10:57.049747+00:00,155.6,2,bid,Harold Schneider,DiligentDonuts,8399131
2026-07-05T14:10:57.873267,2026-07-05T14:10:57.883384+00:00,155.6,100,bid,DiligentDonuts,EarnestEspressos,8399143
2026-07-05T14:10:58.885986,2026-07-05T14:10:58.893167+00:00,155.6,50,bid,FlawlessFlatbreads,EarnestEspressos,8399166
2026-07-05T14:11:01.493564,2026-07-05T14:11:01.505413+00:00,155.8,40,bid,CostlyCorianders,DiligentDonuts,8399193
2026-07-05T14:11:02.463751,2026-07-05T14:11:02.471545+00:00,155.7,46,ask,EarnestEspressos,CostlyCorianders,8399202
2026-07-05T14:11:03.032650,2026-07-05T14:11:03.044783+00:00,155.4,48,ask,DiligentDonuts,CostlyCorianders,8399210
2026-07-05T14:11:03.172435,2026-07-05T14:11:03.184413+00:00,155.6,50,ask,EarnestEspressos,FlawlessFlatbreads,8399212
2026-07-05T14:11:05.281256,2026-07-05T14:11:05.291578+00:00,155.6,50,ask,EarnestEspressos,FlawlessFlatbreads,8399237
2026-07-05T14:11:05.433600,2026-07-05T14:11:05.444594+00:00,155.6,3,ask,EarnestEspressos,Xuanyu Liu,8399243
2026-07-05T14:11:06.265604,2026-07-05T14:11:06.277363+00:00,155.4,100,ask,DiligentDonuts,EarnestEspressos,8399255
2026-07-05T14:11:06.742873,2026-07-05T14:11:06.751879+00:00,155.4,3,bid,Xuanyu Liu,EarnestEspressos,8399267
2026-07-05T14:11:07.388061,2026-07-05T14:11:07.396589+00:00,154.9,50,ask,EarnestEspressos,FlawlessFlatbreads,8399269
2026-07-05T14:11:07.746926,2026-07-05T14:11:07.754952+00:00,155.3,3,bid,Xuanyu Liu,DiligentDonuts,8399274
2026-07-05T14:11:09.375288,2026-07-05T14:11:09.386965+00:00,155.3,97,bid,EarnestEspressos,DiligentDonuts,8399302
2026-07-05T14:11:09.496373,2026-07-05T14:11:09.508363+00:00,155.3,50,ask,EarnestEspressos,FlawlessFlatbreads,8399310
2026-07-05T14:11:11.607145,2026-07-05T14:11:11.664381+00:00,155.3,3,ask,EarnestEspressos,FlawlessFlatbreads,8399333
2026-07-05T14:11:11.607145,2026-07-05T14:11:11.664381+00:00,155.3,47,ask,DiligentDonuts,FlawlessFlatbreads,8399334
2026-07-05T14:11:12.007018,2026-07-05T14:11:12.016089+00:00,155.3,3,ask,DiligentDonuts,Xuanyu Liu,8399344
2026-07-05T14:11:12.589595,2026-07-05T14:11:12.596437+00:00,155.3,50,ask,DiligentDonuts,EarnestEspressos,8399350
2026-07-05T14:11:12.602770,2026-07-05T14:11:12.611286+00:00,154.9,3,bid,Xuanyu Liu,EarnestEspressos,8399351
2026-07-05T14:11:13.314856,2026-07-05T14:11:13.324302+00:00,154.9,11,bid,Xuanyu Liu,EarnestEspressos,8399370
2026-07-05T14:11:13.723777,2026-07-05T14:11:13.733260+00:00,154.7,50,ask,DiligentDonuts,FlawlessFlatbreads,8399379
2026-07-05T14:11:13.808944,2026-07-05T14:11:13.817425+00:00,154.9,23,bid,Xuanyu Liu,EarnestEspressos,8399381
2026-07-05T14:11:15.828887,2026-07-05T14:11:15.840388+00:00,155.0,50,ask,EarnestEspressos,FlawlessFlatbreads,8399409
2026-07-05T14:11:16.036325,2026-07-05T14:11:16.045107+00:00,155.2,44,bid,CostlyCorianders,DiligentDonuts,8399412
2026-07-05T14:11:17.246195,2026-07-05T14:11:17.256447+00:00,155.0,11,ask,EarnestEspressos,Xuanyu Liu,8399423
2026-07-05T14:11:17.635685,2026-07-05T14:11:17.647390+00:00,155.0,41,ask,EarnestEspressos,CostlyCorianders,8399434
2026-07-05T14:11:18.594372,2026-07-05T14:11:18.603571+00:00,155.0,12,ask,EarnestEspressos,Xuanyu Liu,8399451
2026-07-05T14:11:18.914081,2026-07-05T14:11:18.922631+00:00,154.9,100,ask,DiligentDonuts,EarnestEspressos,8399456
2026-07-05T14:11:20.038665,2026-07-05T14:11:20.050541+00:00,154.3,50,ask,EarnestEspressos,FlawlessFlatbreads,8399477
2026-07-05T14:11:20.082142,2026-07-05T14:11:20.091421+00:00,154.7,12,bid,Xuanyu Liu,DiligentDonuts,8399478
2026-07-05T14:11:20.742492,2026-07-05T14:11:20.749167+00:00,154.7,48,bid,CostlyCorianders,DiligentDonuts,8399481
2026-07-05T14:11:22.148575,2026-07-05T14:11:22.155432+00:00,154.5,50,ask,EarnestEspressos,FlawlessFlatbreads,8399498
2026-07-05T14:11:22.540602,2026-07-05T14:11:22.549487+00:00,154.7,11,bid,Xuanyu Liu,DiligentDonuts,8399507
2026-07-05T14:11:22.928443,2026-07-05T14:11:22.937794+00:00,154.7,29,bid,CostlyCorianders,DiligentDonuts,8399515
2026-07-05T14:11:22.928443,2026-07-05T14:11:22.937794+00:00,155.0,20,bid,CostlyCorianders,EarnestEspressos,8399516
2026-07-05T14:11:24.255973,2026-07-05T14:11:24.267754+00:00,154.7,50,ask,DiligentDonuts,FlawlessFlatbreads,8399524
2026-07-05T14:11:26.364633,2026-07-05T14:11:26.376072+00:00,154.6,50,ask,DiligentDonuts,FlawlessFlatbreads,8399549
2026-07-05T14:11:26.493020,2026-07-05T14:11:26.502651+00:00,154.9,42,bid,CostlyCorianders,EarnestEspressos,8399557
2026-07-05T14:11:26.547478,2026-07-05T14:11:26.558569+00:00,154.6,42,ask,DiligentDonuts,CostlyCorianders,8399562
2026-07-05T14:11:28.138613,2026-07-05T14:11:28.146462+00:00,154.9,49,bid,CostlyCorianders,EarnestEspressos,8399580
2026-07-05T14:11:28.419630,2026-07-05T14:11:28.429272+00:00,155.1,50,bid,FlawlessFlatbreads,DiligentDonuts,8399586
2026-07-05T14:11:29.591802,2026-07-05T14:11:29.599701+00:00,154.9,100,ask,EarnestEspressos,DiligentDonuts,8399605
2026-07-05T14:11:30.890476,2026-07-05T14:11:30.902204+00:00,154.9,47,ask,EarnestEspressos,CostlyCorianders,8399622
2026-07-05T14:11:32.493625,2026-07-05T14:11:32.509995+00:00,154.8,12,bid,Xuanyu Liu,EarnestEspressos,8399642
2026-07-05T14:11:32.642719,2026-07-05T14:11:32.654005+00:00,154.8,50,bid,FlawlessFlatbreads,EarnestEspressos,8399650
2026-07-05T14:11:32.704786,2026-07-05T14:11:32.715946+00:00,154.8,88,bid,DiligentDonuts,EarnestEspressos,8399653
2026-07-05T14:11:32.807476,2026-07-05T14:11:32.819377+00:00,154.8,12,ask,DiligentDonuts,CostlyCorianders,8399654
2026-07-05T14:11:34.719573,2026-07-05T14:11:34.729517+00:00,154.9,12,ask,EarnestEspressos,Xuanyu Liu,8399675
2026-07-05T14:11:34.806215,2026-07-05T14:11:34.817859+00:00,154.9,50,ask,EarnestEspressos,FlawlessFlatbreads,8399678
2026-07-05T14:11:36.811943,2026-07-05T14:11:36.823598+00:00,155.2,43,bid,CostlyCorianders,DiligentDonuts,8399715
2026-07-05T14:11:36.913270,2026-07-05T14:11:36.922253+00:00,154.9,50,ask,EarnestEspressos,FlawlessFlatbreads,8399717
2026-07-05T14:11:37.347488,2026-07-05T14:11:37.358575+00:00,154.9,38,ask,EarnestEspressos,CostlyCorianders,8399720
2026-07-05T14:11:37.347488,2026-07-05T14:11:37.358575+00:00,154.7,3,ask,DiligentDonuts,CostlyCorianders,8399721
2026-07-05T14:11:38.261867,2026-07-05T14:11:38.270266+00:00,155.0,23,bid,Xuanyu Liu,EarnestEspressos,8399737
2026-07-05T14:11:39.026690,2026-07-05T14:11:39.035135+00:00,155.0,100,bid,DiligentDonuts,EarnestEspressos,8399748
2026-07-05T14:11:39.580047,2026-07-05T14:11:39.588388+00:00,155.0,11,bid,Xuanyu Liu,EarnestEspressos,8399752
2026-07-05T14:11:41.069903,2026-07-05T14:11:41.079659+00:00,155.3,22,ask,EarnestEspressos,Xuanyu Liu,8399771
2026-07-05T14:11:41.125680,2026-07-05T14:11:41.137486+00:00,155.3,50,ask,EarnestEspressos,FlawlessFlatbreads,8399773
2026-07-05T14:11:42.252253,2026-07-05T14:11:42.258598+00:00,155.3,78,ask,EarnestEspressos,DiligentDonuts,8399785
2026-07-05T14:11:43.234229,2026-07-05T14:11:43.241465+00:00,154.7,50,ask,DiligentDonuts,FlawlessFlatbreads,8399807
2026-07-05T14:11:44.070075,2026-07-05T14:11:44.078642+00:00,155.2,11,bid,Xuanyu Liu,DiligentDonuts,8399819
2026-07-05T14:11:49.552090,2026-07-05T14:11:49.564080+00:00,154.9,50,ask,DiligentDonuts,FlawlessFlatbreads,8399901
2026-07-05T14:11:50.665672,2026-07-05T14:11:50.674246+00:00,155.3,43,bid,CostlyCorianders,EarnestEspressos,8399917
2026-07-05T14:11:53.767752,2026-07-05T14:11:53.779463+00:00,155.1,50,ask,EarnestEspressos,FlawlessFlatbreads,8399963
2026-07-05T14:11:55.874727,2026-07-05T14:11:55.886558+00:00,155.1,50,ask,EarnestEspressos,FlawlessFlatbreads,8399986
2026-07-05T14:11:56.153683,2026-07-05T14:11:56.164006+00:00,155.2,11,bid,Xuanyu Liu,DiligentDonuts,8399991
2026-07-05T14:11:56.245754,2026-07-05T14:11:56.252245+00:00,155.2,45,bid,CostlyCorianders,DiligentDonuts,8399994
2026-07-05T14:12:00.044622,2026-07-05T14:12:00.051744+00:00,155.6,50,bid,FlawlessFlatbreads,DiligentDonuts,8400044
2026-07-05T14:12:00.913989,2026-07-05T14:12:00.925699+00:00,155.1,42,ask,DiligentDonuts,CostlyCorianders,8400053
2026-07-05T14:12:02.220400,2026-07-05T14:12:02.231966+00:00,155.0,50,ask,DiligentDonuts,FlawlessFlatbreads,8400085
2026-07-05T14:12:04.305573,2026-07-05T14:12:04.316484+00:00,155.1,48,bid,CostlyCorianders,EarnestEspressos,8400119
2026-07-05T14:12:04.328862,2026-07-05T14:12:04.340501+00:00,154.6,50,ask,EarnestEspressos,FlawlessFlatbreads,8400120
2026-07-05T14:12:04.359658,2026-07-05T14:12:04.371152+00:00,155.0,44,ask,DiligentDonuts,CostlyCorianders,8400121
2026-07-05T14:12:04.539051,2026-07-05T14:12:04.549705+00:00,155.1,23,bid,Xuanyu Liu,EarnestEspressos,8400127
2026-07-05T14:12:05.859607,2026-07-05T14:12:05.867978+00:00,155.1,6,bid,Xuanyu Liu,EarnestEspressos,8400147
2026-07-05T14:12:06.441566,2026-07-05T14:12:06.458597+00:00,155.0,50,ask,DiligentDonuts,FlawlessFlatbreads,8400157
2026-07-05T14:12:08.012379,2026-07-05T14:12:08.024095+00:00,155.0,43,ask,EarnestEspressos,CostlyCorianders,8400184
2026-07-05T14:12:08.498177,2026-07-05T14:12:08.505339+00:00,155.3,50,bid,FlawlessFlatbreads,DiligentDonuts,8400197
2026-07-05T14:12:10.605148,2026-07-05T14:12:10.618162+00:00,155.3,50,bid,FlawlessFlatbreads,DiligentDonuts,8400224
2026-07-05T14:12:13.726995,2026-07-05T14:12:13.735677+00:00,155.2,29,ask,DiligentDonuts,Xuanyu Liu,8400267
2026-07-05T14:12:13.975507,2026-07-05T14:12:13.983829+00:00,155.2,44,bid,CostlyCorianders,DiligentDonuts,8400269
2026-07-05T14:12:15.497919,2026-07-05T14:12:15.506448+00:00,155.2,46,bid,CostlyCorianders,DiligentDonuts,8400307
2026-07-05T14:12:16.759724,2026-07-05T14:12:16.768784+00:00,155.1,12,bid,Xuanyu Liu,EarnestEspressos,8400333
2026-07-05T14:12:16.991736,2026-07-05T14:12:16.999363+00:00,155.1,100,bid,DiligentDonuts,EarnestEspressos,8400337
2026-07-05T14:12:18.223489,2026-07-05T14:12:18.235657+00:00,154.6,43,ask,EarnestEspressos,CostlyCorianders,8400351
2026-07-05T14:12:19.282273,2026-07-05T14:12:19.294295+00:00,155.0,49,ask,EarnestEspressos,CostlyCorianders,8400372
2026-07-05T14:12:19.985937,2026-07-05T14:12:19.997784+00:00,155.0,46,ask,EarnestEspressos,CostlyCorianders,8400385
2026-07-05T14:12:21.190554,2026-07-05T14:12:21.199340+00:00,155.0,50,ask,EarnestEspressos,FlawlessFlatbreads,8400399
2026-07-05T14:12:21.551623,2026-07-05T14:12:21.560415+00:00,155.3,48,bid,CostlyCorianders,DiligentDonuts,8400404
2026-07-05T14:12:22.292539,2026-07-05T14:12:22.302731+00:00,155.1,11,bid,Xuanyu Liu,EarnestEspressos,8400415
2026-07-05T14:12:22.622991,2026-07-05T14:12:22.634602+00:00,154.8,45,ask,DiligentDonuts,CostlyCorianders,8400420
2026-07-05T14:12:25.399427,2026-07-05T14:12:25.409354+00:00,154.8,50,ask,DiligentDonuts,FlawlessFlatbreads,8400456
2026-07-05T14:12:25.712134,2026-07-05T14:12:25.721731+00:00,155.1,41,bid,CostlyCorianders,EarnestEspressos,8400461
2026-07-05T14:12:26.495266,2026-07-05T14:12:26.507311+00:00,155.1,100,bid,DiligentDonuts,EarnestEspressos,8400473
2026-07-05T14:12:27.456133,2026-07-05T14:12:27.467996+00:00,155.1,9,bid,FlawlessFlatbreads,EarnestEspressos,8400486
2026-07-05T14:12:27.456133,2026-07-05T14:12:27.467996+00:00,155.6,41,bid,FlawlessFlatbreads,DiligentDonuts,8400487
2026-07-05T14:12:28.891325,2026-07-05T14:12:28.901291+00:00,155.3,11,ask,EarnestEspressos,Xuanyu Liu,8400506
2026-07-05T14:12:29.618835,2026-07-05T14:12:29.626634+00:00,155.3,50,ask,EarnestEspressos,FlawlessFlatbreads,8400519
2026-07-05T14:12:29.709412,2026-07-05T14:12:29.721141+00:00,155.3,89,ask,EarnestEspressos,DiligentDonuts,8400520
2026-07-05T14:12:29.725025,2026-07-05T14:12:29.733529+00:00,155.1,11,bid,Xuanyu Liu,DiligentDonuts,8400521
2026-07-05T14:12:34.267201,2026-07-05T14:12:34.274880+00:00,155.3,42,bid,CostlyCorianders,EarnestEspressos,8400575
2026-07-05T14:12:35.894418,2026-07-05T14:12:35.906093+00:00,155.3,50,bid,FlawlessFlatbreads,DiligentDonuts,8400602
2026-07-05T14:12:38.055666,2026-07-05T14:12:38.058590+00:00,155.0,50,ask,DiligentDonuts,FlawlessFlatbreads,8400636
2026-07-05T14:12:42.271164,2026-07-05T14:12:42.279076+00:00,154.8,50,ask,EarnestEspressos,FlawlessFlatbreads,8400692
2026-07-05T14:12:43.000924,2026-07-05T14:12:43.011543+00:00,154.9,48,ask,DiligentDonuts,CostlyCorianders,8400699
2026-07-05T14:12:44.418600,2026-07-05T14:12:44.430460+00:00,154.9,47,ask,DiligentDonuts,CostlyCorianders,8400728
2026-07-05T14:12:45.498961,2026-07-05T14:12:45.509885+00:00,155.1,48,bid,CostlyCorianders,EarnestEspressos,8400746
2026-07-05T14:12:46.439045,2026-07-05T14:12:46.445793+00:00,155.1,50,bid,FlawlessFlatbreads,EarnestEspressos,8400758
2026-07-05T14:12:48.157259,2026-07-05T14:12:48.169162+00:00,155.1,49,bid,CostlyCorianders,DiligentDonuts,8400785
2026-07-05T14:12:48.597571,2026-07-05T14:12:48.607027+00:00,155.0,50,ask,EarnestEspressos,FlawlessFlatbreads,8400797
2026-07-05T14:12:50.155689,2026-07-05T14:12:50.167441+00:00,155.0,43,ask,EarnestEspressos,CostlyCorianders,8400821
2026-07-05T14:12:50.624282,2026-07-05T14:12:50.635982+00:00,155.2,48,bid,CostlyCorianders,DiligentDonuts,8400832
2026-07-05T14:12:51.825054,2026-07-05T14:12:51.838270+00:00,155.0,6,bid,Xuanyu Liu,EarnestEspressos,8400854
2026-07-05T14:12:52.756996,2026-07-05T14:12:52.765380+00:00,155.0,50,bid,FlawlessFlatbreads,EarnestEspressos,8400872
2026-07-05T14:12:54.863284,2026-07-05T14:12:54.874103+00:00,155.4,50,bid,FlawlessFlatbreads,DiligentDonuts,8400901
2026-07-05T14:12:55.701219,2026-07-05T14:12:55.708803+00:00,155.1,17,ask,DiligentDonuts,Xuanyu Liu,8400917
2026-07-05T14:12:55.786450,2026-07-05T14:12:55.798283+00:00,155.1,49,ask,DiligentDonuts,CostlyCorianders,8400919
2026-07-05T14:12:56.318571,2026-07-05T14:12:56.330391+00:00,155.1,34,ask,DiligentDonuts,CostlyCorianders,8400922
2026-07-05T14:12:56.318571,2026-07-05T14:12:56.330391+00:00,154.9,13,ask,EarnestEspressos,CostlyCorianders,8400923
2026-07-05T14:12:56.779017,2026-07-05T14:12:56.791091+00:00,155.4,47,bid,CostlyCorianders,EarnestEspressos,8400930
2026-07-05T14:12:59.082059,2026-07-05T14:12:59.095515+00:00,155.0,50,bid,FlawlessFlatbreads,DiligentDonuts,8400958
2026-07-05T14:12:59.255502,2026-07-05T14:12:59.268657+00:00,155.0,42,bid,CostlyCorianders,DiligentDonuts,8400964
2026-07-05T14:12:59.633777,2026-07-05T14:12:59.642534+00:00,155.0,8,bid,Xuanyu Liu,DiligentDonuts,8400969
2026-07-05T14:13:01.202325,2026-07-05T14:13:01.214066+00:00,155.5,50,bid,FlawlessFlatbreads,EarnestEspressos,8400988
2026-07-05T14:13:03.327529,2026-07-05T14:13:03.335264+00:00,155.5,50,bid,FlawlessFlatbreads,EarnestEspressos,8401026
2026-07-05T14:13:03.438244,2026-07-05T14:13:03.447783+00:00,155.5,20,ask,EarnestEspressos,Xuanyu Liu,8401029
2026-07-05T14:13:04.693908,2026-07-05T14:13:04.705826+00:00,155.5,48,ask,EarnestEspressos,CostlyCorianders,8401051
2026-07-05T14:13:04.877029,2026-07-05T14:13:04.884653+00:00,155.5,11,ask,EarnestEspressos,Xuanyu Liu,8401053
2026-07-05T14:13:05.488177,2026-07-05T14:13:05.500212+00:00,155.5,50,ask,EarnestEspressos,FlawlessFlatbreads,8401063
2026-07-05T14:13:07.567982,2026-07-05T14:13:07.576447+00:00,155.4,50,bid,FlawlessFlatbreads,EarnestEspressos,8401085
2026-07-05T14:13:07.955731,2026-07-05T14:13:07.967824+00:00,155.4,41,bid,CostlyCorianders,EarnestEspressos,8401093
2026-07-05T14:13:09.599106,2026-07-05T14:13:09.608682+00:00,155.2,46,ask,DiligentDonuts,CostlyCorianders,8401112
2026-07-05T14:13:09.674895,2026-07-05T14:13:09.686513+00:00,155.4,50,bid,FlawlessFlatbreads,EarnestEspressos,8401113
2026-07-05T14:13:11.834292,2026-07-05T14:13:11.840948+00:00,155.5,50,ask,EarnestEspressos,FlawlessFlatbreads,8401152
2026-07-05T14:13:12.418851,2026-07-05T14:13:12.429319+00:00,155.5,43,ask,EarnestEspressos,CostlyCorianders,8401157
2026-07-05T14:13:13.888933,2026-07-05T14:13:13.900739+00:00,155.6,50,bid,FlawlessFlatbreads,DiligentDonuts,8401180
2026-07-05T14:13:14.515128,2026-07-05T14:13:14.526990+00:00,155.6,45,bid,CostlyCorianders,EarnestEspressos,8401187
2026-07-05T14:13:15.996995,2026-07-05T14:13:16.008760+00:00,155.6,50,bid,FlawlessFlatbreads,EarnestEspressos,8401204
2026-07-05T14:13:16.093638,2026-07-05T14:13:16.107458+00:00,155.6,100,bid,EarnestEspressos,DiligentDonuts,8401209
2026-07-05T14:13:17.085523,2026-07-05T14:13:17.093051+00:00,155.6,48,ask,EarnestEspressos,CostlyCorianders,8401219
2026-07-05T14:13:17.323341,2026-07-05T14:13:17.332456+00:00,155.6,2,ask,EarnestEspressos,Xuanyu Liu,8401223
2026-07-05T14:13:18.104268,2026-07-05T14:13:18.115903+00:00,155.9,50,bid,FlawlessFlatbreads,DiligentDonuts,8401239
2026-07-05T14:13:19.308107,2026-07-05T14:13:19.315891+00:00,155.4,100,ask,DiligentDonuts,EarnestEspressos,8401263
2026-07-05T14:13:19.317135,2026-07-05T14:13:19.325807+00:00,155.4,2,bid,Xuanyu Liu,EarnestEspressos,8401264
2026-07-05T14:13:19.534320,2026-07-05T14:13:19.541438+00:00,155.4,43,bid,CostlyCorianders,EarnestEspressos,8401266
2026-07-05T14:13:20.151598,2026-07-05T14:13:20.158383+00:00,155.4,5,bid,CostlyCorianders,EarnestEspressos,8401273
2026-07-05T14:13:20.206614,2026-07-05T14:13:20.218436+00:00,154.9,48,ask,EarnestEspressos,CostlyCorianders,8401274
2026-07-05T14:13:20.286046,2026-07-05T14:13:20.296427+00:00,154.9,50,ask,EarnestEspressos,FlawlessFlatbreads,8401276
2026-07-05T14:13:20.703951,2026-07-05T14:13:20.710835+00:00,155.7,42,bid,CostlyCorianders,DiligentDonuts,8401287
2026-07-05T14:13:22.341230,2026-07-05T14:13:22.352957+00:00,155.7,50,bid,FlawlessFlatbreads,DiligentDonuts,8401306
2026-07-05T14:13:22.932513,2026-07-05T14:13:22.940686+00:00,155.7,8,bid,CostlyCorianders,DiligentDonuts,8401314
2026-07-05T14:13:22.932513,2026-07-05T14:13:22.945988+00:00,155.8,39,bid,CostlyCorianders,EarnestEspressos,8401315
2026-07-05T14:13:22.987937,2026-07-05T14:13:22.995554+00:00,155.3,48,ask,EarnestEspressos,CostlyCorianders,8401317
2026-07-05T14:13:23.501485,2026-07-05T14:13:23.513211+00:00,155.7,49,ask,DiligentDonuts,CostlyCorianders,8401327
2026-07-05T14:13:24.031885,2026-07-05T14:13:24.043312+00:00,155.7,44,ask,DiligentDonuts,CostlyCorianders,8401333
2026-07-05T14:13:25.134679,2026-07-05T14:13:25.147278+00:00,155.8,44,bid,CostlyCorianders,EarnestEspressos,8401345
2026-07-05T14:13:25.642373,2026-07-05T14:13:25.653829+00:00,156.0,43,bid,CostlyCorianders,EarnestEspressos,8401355
2026-07-05T14:13:26.156175,2026-07-05T14:13:26.151142+00:00,155.7,7,ask,DiligentDonuts,CostlyCorianders,8401373
2026-07-05T14:13:26.156175,2026-07-05T14:13:26.169584+00:00,155.5,35,ask,EarnestEspressos,CostlyCorianders,8401374
2026-07-05T14:13:26.603707,2026-07-05T14:13:26.615662+00:00,155.5,50,ask,EarnestEspressos,FlawlessFlatbreads,8401375
2026-07-05T14:13:26.640711,2026-07-05T14:13:26.648454+00:00,156.0,47,bid,CostlyCorianders,EarnestEspressos,8401377
2026-07-05T14:13:28.711226,2026-07-05T14:13:28.720035+00:00,155.4,50,ask,DiligentDonuts,FlawlessFlatbreads,8401403
2026-07-05T14:13:29.068527,2026-07-05T14:13:29.080305+00:00,155.7,42,bid,CostlyCorianders,EarnestEspressos,8401408
2026-07-05T14:13:29.709691,2026-07-05T14:13:29.721619+00:00,155.4,48,ask,DiligentDonuts,CostlyCorianders,8401425
2026-07-05T14:13:30.668972,2026-07-05T14:13:30.680602+00:00,155.5,42,bid,CostlyCorianders,DiligentDonuts,8401438
2026-07-05T14:13:30.819048,2026-07-05T14:13:30.826020+00:00,155.2,50,ask,EarnestEspressos,FlawlessFlatbreads,8401439
2026-07-05T14:13:32.678978,2026-07-05T14:13:32.690868+00:00,155.3,40,ask,EarnestEspressos,CostlyCorianders,8401466
2026-07-05T14:13:32.925286,2026-07-05T14:13:32.936993+00:00,155.3,50,ask,EarnestEspressos,FlawlessFlatbreads,8401468
2026-07-05T14:13:33.249185,2026-07-05T14:13:33.255854+00:00,155.3,41,ask,EarnestEspressos,CostlyCorianders,8401476
2026-07-05T14:13:33.718666,2026-07-05T14:13:33.727458+00:00,155.7,41,bid,CostlyCorianders,DiligentDonuts,8401482
2026-07-05T14:13:34.803510,2026-07-05T14:13:34.814379+00:00,155.7,44,bid,CostlyCorianders,DiligentDonuts,8401498
2026-07-05T14:13:34.861606,2026-07-05T14:13:34.874285+00:00,155.3,19,ask,EarnestEspressos,CostlyCorianders,8401501
2026-07-05T14:13:34.861606,2026-07-05T14:13:34.874285+00:00,155.2,26,ask,DiligentDonuts,CostlyCorianders,8401502
2026-07-05T14:13:35.150073,2026-07-05T14:13:35.159628+00:00,155.3,11,bid,Xuanyu Liu,EarnestEspressos,8401505
2026-07-05T14:13:36.105525,2026-07-05T14:13:36.113827+00:00,155.3,100,bid,DiligentDonuts,EarnestEspressos,8401518
2026-07-05T14:13:39.191716,2026-07-05T14:13:39.203409+00:00,155.6,50,bid,FlawlessFlatbreads,EarnestEspressos,8401560
2026-07-05T14:13:41.298583,2026-07-05T14:13:41.305733+00:00,155.5,50,bid,FlawlessFlatbreads,DiligentDonuts,8401581
2026-07-05T14:13:41.818586,2026-07-05T14:13:41.826175+00:00,155.3,41,ask,EarnestEspressos,CostlyCorianders,8401593
2026-07-05T14:13:43.404360,2026-07-05T14:13:43.416099+00:00,155.6,50,bid,FlawlessFlatbreads,DiligentDonuts,8401606
2026-07-05T14:13:44.961791,2026-07-05T14:13:44.973483+00:00,155.5,47,bid,CostlyCorianders,EarnestEspressos,8401619
2026-07-05T14:13:47.380650,2026-07-05T14:13:47.388307+00:00,155.1,42,ask,DiligentDonuts,CostlyCorianders,8401643
2026-07-05T14:13:49.003543,2026-07-05T14:13:49.015183+00:00,155.5,48,bid,CostlyCorianders,DiligentDonuts,8401666
2026-07-05T14:13:49.727144,2026-07-05T14:13:49.739088+00:00,155.5,50,bid,FlawlessFlatbreads,DiligentDonuts,8401675
2026-07-05T14:13:50.081800,2026-07-05T14:13:50.093618+00:00,155.1,45,ask,EarnestEspressos,CostlyCorianders,8401680
2026-07-05T14:13:51.835664,2026-07-05T14:13:51.842176+00:00,155.3,50,bid,FlawlessFlatbreads,EarnestEspressos,8401711
2026-07-05T14:13:51.925703,2026-07-05T14:13:51.936174+00:00,155.3,100,bid,DiligentDonuts,EarnestEspressos,8401715
2026-07-05T14:13:53.993110,2026-07-05T14:13:54.005056+00:00,154.8,50,ask,EarnestEspressos,FlawlessFlatbreads,8401741
2026-07-05T14:13:54.059537,2026-07-05T14:13:54.067964+00:00,155.5,11,ask,EarnestEspressos,Xuanyu Liu,8401743
2026-07-05T14:13:56.100106,2026-07-05T14:13:56.111854+00:00,155.5,50,ask,EarnestEspressos,FlawlessFlatbreads,8401779
2026-07-05T14:13:58.207740,2026-07-05T14:13:58.219508+00:00,155.7,50,ask,EarnestEspressos,FlawlessFlatbreads,8401802
2026-07-05T14:14:00.262908,2026-07-05T14:14:00.274136+00:00,156.0,50,bid,FlawlessFlatbreads,DiligentDonuts,8401835
2026-07-05T14:14:02.136740,2026-07-05T14:14:02.148777+00:00,155.9,46,bid,CostlyCorianders,EarnestEspressos,8401858
2026-07-05T14:14:02.372189,2026-07-05T14:14:02.389350+00:00,155.9,50,bid,FlawlessFlatbreads,EarnestEspressos,8401859
2026-07-05T14:14:03.196843,2026-07-05T14:14:03.208599+00:00,155.9,47,bid,CostlyCorianders,EarnestEspressos,8401872
2026-07-05T14:14:03.549705,2026-07-05T14:14:03.559490+00:00,156.1,11,ask,EarnestEspressos,Xuanyu Liu,8401876
2026-07-05T14:14:04.479689,2026-07-05T14:14:04.491254+00:00,156.2,50,bid,FlawlessFlatbreads,DiligentDonuts,8401896
