timestamp,recv_time,price,volume,aggressor_side,buyer,seller,trade_id
2026-07-13T08:00:00.035113,2026-07-13T08:00:00.001257+00:00,70.1,1,bid,Kelvin Chan,Zhengnan Hua,649819
2026-07-13T08:00:00.072572,2026-07-13T08:00:00.001257+00:00,70.1,1,bid,Kelvin Chan,Zhengnan Hua,649821
2026-07-13T08:00:00.795182,2026-07-13T08:00:00.776088+00:00,70.0,20,bid,Peter Chen,EarnestEspressos,649842
2026-07-13T08:00:00.815264,2026-07-13T08:00:00.826133+00:00,70.0,20,bid,Peter Chen,EarnestEspressos,649844
2026-07-13T08:00:00.882372,2026-07-13T08:00:00.891999+00:00,70.0,20,bid,Peter Chen,EarnestEspressos,649846
2026-07-13T08:00:00.961833,2026-07-13T08:00:00.970920+00:00,70.0,20,bid,Peter Jeregui,EarnestEspressos,649853
2026-07-13T08:00:01.020975,2026-07-13T08:00:01.029985+00:00,70.0,20,bid,Peter Chen,EarnestEspressos,649855
2026-07-13T08:00:01.319344,2026-07-13T08:00:01.328607+00:00,70.0,1,bid,Zhili Qi,EarnestEspressos,649868
2026-07-13T08:00:01.406754,2026-07-13T08:00:01.417639+00:00,70.0,15,bid,Peter Jeregui,EarnestEspressos,649870
2026-07-13T08:00:01.483333,2026-07-13T08:00:01.491133+00:00,70.0,25,bid,Dinh Nguyen,EarnestEspressos,649871
2026-07-13T08:00:01.508673,2026-07-13T08:00:01.520399+00:00,70.0,8,bid,Gourab Sharma,EarnestEspressos,649872
2026-07-13T08:00:01.634688,2026-07-13T08:00:01.644577+00:00,70.0,1,bid,Zhili Qi,EarnestEspressos,649876
2026-07-13T08:00:01.670392,2026-07-13T08:00:01.679245+00:00,69.8,30,ask,Yashwanth Madan,FlawlessFlatbreads,649881
2026-07-13T08:00:01.670392,2026-07-13T08:00:01.679245+00:00,69.7,20,ask,DiligentDonuts,FlawlessFlatbreads,649882
2026-07-13T08:00:01.737120,2026-07-13T08:00:01.725015+00:00,70.0,2,bid,Dinh Nguyen,Zhengnan Hua,649883
2026-07-13T08:00:02.239748,2026-07-13T08:00:02.251252+00:00,70.1,10,bid,CostlyCorianders,Zhengnan Hua,649888
2026-07-13T08:00:02.239748,2026-07-13T08:00:02.251252+00:00,70.2,31,bid,CostlyCorianders,DiligentDonuts,649889
2026-07-13T08:00:03.778864,2026-07-13T08:00:03.790484+00:00,69.9,10,ask,Zhengnan Hua,FlawlessFlatbreads,649915
2026-07-13T08:00:03.778864,2026-07-13T08:00:03.790484+00:00,69.8,40,ask,DiligentDonuts,FlawlessFlatbreads,649916
2026-07-13T08:00:04.068298,2026-07-13T08:00:04.076424+00:00,70.1,1,bid,Zhili Qi,Zhengnan Hua,649921
2026-07-13T08:00:04.733777,2026-07-13T08:00:04.745481+00:00,70.1,10,ask,Zhengnan Hua,Yashwanth Madan,649932
2026-07-13T08:00:05.892219,2026-07-13T08:00:05.904873+00:00,70.0,50,ask,EarnestEspressos,FlawlessFlatbreads,649956
2026-07-13T08:00:06.701912,2026-07-13T08:00:06.713943+00:00,70.0,20,ask,EarnestEspressos,Yashwanth Madan,649971
2026-07-13T08:00:07.722568,2026-07-13T08:00:07.732866+00:00,69.8,26,ask,EarnestEspressos,Yashwanth Madan,649995
2026-07-13T08:00:07.998945,2026-07-13T08:00:08.007142+00:00,69.8,50,ask,EarnestEspressos,FlawlessFlatbreads,650007
2026-07-13T08:00:08.589476,2026-07-13T08:00:08.597094+00:00,70.1,1,bid,Zhili Qi,Zhengnan Hua,650027
2026-07-13T08:00:08.907264,2026-07-13T08:00:08.915441+00:00,70.1,1,bid,Zhili Qi,Zhengnan Hua,650033
2026-07-13T08:00:09.171077,2026-07-13T08:00:09.181865+00:00,69.8,45,ask,EarnestEspressos,CostlyCorianders,650047
2026-07-13T08:00:09.743199,2026-07-13T08:00:09.752506+00:00,70.1,1,bid,Zhili Qi,Zhengnan Hua,650057
2026-07-13T08:00:10.059645,2026-07-13T08:00:10.070624+00:00,70.1,1,bid,Zhili Qi,Zhengnan Hua,650062
2026-07-13T08:00:10.110652,2026-07-13T08:00:10.122895+00:00,69.8,20,ask,EarnestEspressos,FlawlessFlatbreads,650063
2026-07-13T08:00:10.110652,2026-07-13T08:00:10.122895+00:00,69.8,30,ask,Yashwanth Madan,CostlyCorianders,650064
2026-07-13T08:00:10.268814,2026-07-13T08:00:10.280385+00:00,69.8,2,ask,Scott Bagby,CostlyCorianders,650065
2026-07-13T08:00:10.281672,2026-07-13T08:00:10.286842+00:00,69.8,20,bid,Xuanyu Liu,EarnestEspressos,650066
2026-07-13T08:00:10.291440,2026-07-13T08:00:10.302362+00:00,69.8,21,bid,Gourab Sharma,EarnestEspressos,650067
2026-07-13T08:00:10.374188,2026-07-13T08:00:10.385270+00:00,69.8,1,bid,Zhili Qi,EarnestEspressos,650071
2026-07-13T08:00:10.448083,2026-07-13T08:00:10.451018+00:00,69.8,30,bid,Yashwanth Madan,EarnestEspressos,650078
2026-07-13T08:00:10.453715,2026-07-13T08:00:10.451018+00:00,69.8,25,bid,Peter Jeregui,EarnestEspressos,650079
2026-07-13T08:00:10.628604,2026-07-13T08:00:10.639745+00:00,69.8,50,bid,Zhengnan Hua,EarnestEspressos,650087
2026-07-13T08:00:10.688564,2026-07-13T08:00:10.699439+00:00,69.8,1,bid,Zhili Qi,EarnestEspressos,650090
2026-07-13T08:00:11.001745,2026-07-13T08:00:11.008625+00:00,69.8,1,bid,Zhili Qi,Zhengnan Hua,650100
2026-07-13T08:00:11.260040,2026-07-13T08:00:11.271430+00:00,69.8,9,bid,Benjamin Lu,Zhengnan Hua,650104
2026-07-13T08:00:12.159568,2026-07-13T08:00:12.163438+00:00,69.8,2,ask,Scott Bagby,EarnestEspressos,650124
2026-07-13T08:00:12.220627,2026-07-13T08:00:12.232838+00:00,69.7,1,ask,Zhili Qi,FlawlessFlatbreads,650125
2026-07-13T08:00:12.220627,2026-07-13T08:00:12.232838+00:00,69.7,49,ask,DiligentDonuts,FlawlessFlatbreads,650126
2026-07-13T08:00:12.472031,2026-07-13T08:00:12.481672+00:00,70.1,10,bid,CostlyCorianders,Zhengnan Hua,650131
2026-07-13T08:00:12.472031,2026-07-13T08:00:12.481672+00:00,70.1,1,bid,CostlyCorianders,Zhili Qi,650132
2026-07-13T08:00:12.472031,2026-07-13T08:00:12.487092+00:00,70.2,32,bid,CostlyCorianders,DiligentDonuts,650133
2026-07-13T08:00:13.317181,2026-07-13T08:00:13.328696+00:00,70.0,10,bid,Gourab Sharma,Zhengnan Hua,650145
2026-07-13T08:00:13.391574,2026-07-13T08:00:13.395930+00:00,69.8,9,ask,EarnestEspressos,Xuanyu Liu,650150
2026-07-13T08:00:14.330421,2026-07-13T08:00:14.341855+00:00,69.8,50,ask,EarnestEspressos,FlawlessFlatbreads,650162
2026-07-13T08:00:14.388968,2026-07-13T08:00:14.398737+00:00,70.0,4,bid,Gourab Sharma,Zhengnan Hua,650165
2026-07-13T08:00:14.428707,2026-07-13T08:00:14.433228+00:00,69.8,6,ask,EarnestEspressos,Xuanyu Liu,650167
2026-07-13T08:00:15.840443,2026-07-13T08:00:15.847905+00:00,69.8,49,ask,EarnestEspressos,CostlyCorianders,650200
2026-07-13T08:00:16.055471,2026-07-13T08:00:16.057502+00:00,70.0,1,bid,Zhili Qi,DiligentDonuts,650202
2026-07-13T08:00:16.289367,2026-07-13T08:00:16.295896+00:00,70.0,10,bid,Benjamin Lu,DiligentDonuts,650210
2026-07-13T08:00:16.370519,2026-07-13T08:00:16.379366+00:00,70.0,1,bid,Zhili Qi,DiligentDonuts,650212
2026-07-13T08:00:16.435596,2026-07-13T08:00:16.443658+00:00,69.8,36,ask,EarnestEspressos,FlawlessFlatbreads,650213
2026-07-13T08:00:16.435596,2026-07-13T08:00:16.458784+00:00,69.6,2,ask,Scott Bagby,FlawlessFlatbreads,650214
2026-07-13T08:00:16.435596,2026-07-13T08:00:16.458784+00:00,69.6,12,ask,Andy Garg,FlawlessFlatbreads,650215
2026-07-13T08:00:16.455783,2026-07-13T08:00:16.463754+00:00,70.0,5,bid,Gourab Sharma,DiligentDonuts,650217
2026-07-13T08:00:16.607711,2026-07-13T08:00:16.612350+00:00,69.8,17,bid,Xuanyu Liu,EarnestEspressos,650221
2026-07-13T08:00:16.630273,2026-07-13T08:00:16.642189+00:00,69.8,8,bid,Yashwanth Madan,EarnestEspressos,650222
2026-07-13T08:00:16.680245,2026-07-13T08:00:16.690093+00:00,69.8,44,bid,Zhengnan Hua,EarnestEspressos,650227
2026-07-13T08:00:16.690154,2026-07-13T08:00:16.700612+00:00,69.8,1,bid,Zhili Qi,EarnestEspressos,650229
2026-07-13T08:00:16.975756,2026-07-13T08:00:16.982422+00:00,69.8,3,bid,Yashwanth Madan,EarnestEspressos,650233
2026-07-13T08:00:16.983914,2026-07-13T08:00:16.987972+00:00,69.8,6,bid,Xuanyu Liu,EarnestEspressos,650234
2026-07-13T08:00:17.302804,2026-07-13T08:00:17.313437+00:00,69.8,40,bid,Benjamin Lu,EarnestEspressos,650244
2026-07-13T08:00:17.319114,2026-07-13T08:00:17.330629+00:00,69.8,1,bid,Yashwanth Madan,EarnestEspressos,650245
2026-07-13T08:00:18.199483,2026-07-13T08:00:18.210683+00:00,69.8,2,bid,Scott Bagby,EarnestEspressos,650261
2026-07-13T08:00:18.222277,2026-07-13T08:00:18.225943+00:00,69.7,2,ask,Scott Bagby,Xuanyu Liu,650262
2026-07-13T08:00:18.548325,2026-07-13T08:00:18.558542+00:00,69.4,23,ask,Andy Garg,FlawlessFlatbreads,650274
2026-07-13T08:00:18.548325,2026-07-13T08:00:18.558542+00:00,69.3,27,ask,EarnestEspressos,FlawlessFlatbreads,650275
2026-07-13T08:00:18.671821,2026-07-13T08:00:18.684268+00:00,69.8,28,bid,CostlyCorianders,EarnestEspressos,650276
2026-07-13T08:00:18.671821,2026-07-13T08:00:18.684268+00:00,69.8,10,bid,CostlyCorianders,Zhengnan Hua,650277
2026-07-13T08:00:18.671821,2026-07-13T08:00:18.684268+00:00,69.8,1,bid,CostlyCorianders,Zhili Qi,650278
2026-07-13T08:00:18.671821,2026-07-13T08:00:18.689423+00:00,70.1,4,bid,CostlyCorianders,DiligentDonuts,650279
2026-07-13T08:00:19.665735,2026-07-13T08:00:19.677439+00:00,69.6,47,ask,DiligentDonuts,CostlyCorianders,650301
2026-07-13T08:00:19.712897,2026-07-13T08:00:19.720111+00:00,69.9,10,bid,Gourab Sharma,Zhengnan Hua,650302
2026-07-13T08:00:19.716083,2026-07-13T08:00:19.720111+00:00,69.7,4,ask,EarnestEspressos,Xuanyu Liu,650303
2026-07-13T08:00:19.778286,2026-07-13T08:00:19.782066+00:00,69.7,6,ask,EarnestEspressos,Xuanyu Liu,650307
2026-07-13T08:00:20.658401,2026-07-13T08:00:20.669987+00:00,69.7,50,ask,EarnestEspressos,FlawlessFlatbreads,650317
2026-07-13T08:00:20.800072,2026-07-13T08:00:20.811486+00:00,69.9,10,bid,Gourab Sharma,Zhengnan Hua,650320
2026-07-13T08:00:21.377535,2026-07-13T08:00:21.386999+00:00,70.1,40,bid,CostlyCorianders,DiligentDonuts,650335
2026-07-13T08:00:21.884639,2026-07-13T08:00:21.891701+00:00,70.0,10,bid,Gourab Sharma,Zhengnan Hua,650353
2026-07-13T08:00:22.349046,2026-07-13T08:00:22.358645+00:00,70.1,43,bid,CostlyCorianders,DiligentDonuts,650373
2026-07-13T08:00:22.412325,2026-07-13T08:00:22.416369+00:00,69.8,2,ask,Scott Bagby,Xuanyu Liu,650376
2026-07-13T08:00:22.417506,2026-07-13T08:00:22.421781+00:00,69.7,3,ask,EarnestEspressos,Xuanyu Liu,650377
2026-07-13T08:00:22.767195,2026-07-13T08:00:22.774045+00:00,69.7,50,ask,EarnestEspressos,FlawlessFlatbreads,650387
2026-07-13T08:00:22.916102,2026-07-13T08:00:22.927874+00:00,69.6,100,ask,DiligentDonuts,EarnestEspressos,650390
2026-07-13T08:00:22.916102,2026-07-13T08:00:22.927874+00:00,69.6,1,ask,Zhili Qi,EarnestEspressos,650391
2026-07-13T08:00:22.922520,2026-07-13T08:00:22.933550+00:00,69.1,45,ask,EarnestEspressos,CostlyCorianders,650392
2026-07-13T08:00:22.929373,2026-07-13T08:00:22.933550+00:00,69.6,11,bid,Xuanyu Liu,EarnestEspressos,650393
2026-07-13T08:00:22.935794,2026-07-13T08:00:22.953912+00:00,69.6,10,bid,Gourab Sharma,EarnestEspressos,650394
2026-07-13T08:00:23.052524,2026-07-13T08:00:23.064237+00:00,69.6,1,bid,Yashwanth Madan,EarnestEspressos,650401
2026-07-13T08:00:23.725822,2026-07-13T08:00:23.729987+00:00,69.6,23,bid,Xuanyu Liu,EarnestEspressos,650424
2026-07-13T08:00:23.811678,2026-07-13T08:00:23.823261+00:00,69.6,4,bid,Yashwanth Madan,EarnestEspressos,650426
2026-07-13T08:00:24.014560,2026-07-13T08:00:24.024204+00:00,69.7,6,bid,Gourab Sharma,Zhengnan Hua,650437
2026-07-13T08:00:24.176405,2026-07-13T08:00:24.188368+00:00,69.7,2,bid,Yashwanth Madan,Zhengnan Hua,650441
2026-07-13T08:00:24.262596,2026-07-13T08:00:24.274271+00:00,69.7,2,bid,Scott Bagby,Zhengnan Hua,650445
2026-07-13T08:00:24.286423,2026-07-13T08:00:24.290223+00:00,69.7,2,ask,Scott Bagby,Xuanyu Liu,650447
2026-07-13T08:00:24.874607,2026-07-13T08:00:24.883149+00:00,69.1,50,ask,EarnestEspressos,FlawlessFlatbreads,650453
2026-07-13T08:00:25.510396,2026-07-13T08:00:25.522138+00:00,69.8,10,bid,CostlyCorianders,Zhengnan Hua,650471
2026-07-13T08:00:25.510396,2026-07-13T08:00:25.522138+00:00,70.0,36,bid,CostlyCorianders,DiligentDonuts,650472
2026-07-13T08:00:26.348630,2026-07-13T08:00:26.352667+00:00,69.6,10,ask,EarnestEspressos,Xuanyu Liu,650477
2026-07-13T08:00:26.627674,2026-07-13T08:00:26.637366+00:00,69.6,48,ask,EarnestEspressos,CostlyCorianders,650480
2026-07-13T08:00:26.980402,2026-07-13T08:00:26.992126+00:00,69.6,50,ask,EarnestEspressos,FlawlessFlatbreads,650490
2026-07-13T08:00:27.314897,2026-07-13T08:00:27.318984+00:00,69.7,2,ask,Scott Bagby,Xuanyu Liu,650495
2026-07-13T08:00:27.870069,2026-07-13T08:00:27.874808+00:00,69.7,1,ask,Kelvin Chan,Xuanyu Liu,650502
2026-07-13T08:00:27.891450,2026-07-13T08:00:27.896118+00:00,69.6,8,ask,EarnestEspressos,Xuanyu Liu,650504
2026-07-13T08:00:27.961936,2026-07-13T08:00:27.966469+00:00,69.7,1,ask,Kelvin Chan,Xuanyu Liu,650510
2026-07-13T08:00:28.003669,2026-07-13T08:00:28.013736+00:00,69.6,4,ask,EarnestEspressos,Yashwanth Madan,650512
2026-07-13T08:00:28.102509,2026-07-13T08:00:28.107339+00:00,69.7,1,ask,Kelvin Chan,Xuanyu Liu,650514
2026-07-13T08:00:28.152538,2026-07-13T08:00:28.156790+00:00,69.7,1,ask,Kelvin Chan,Xuanyu Liu,650517
2026-07-13T08:00:28.160962,2026-07-13T08:00:28.177190+00:00,69.6,30,ask,EarnestEspressos,CostlyCorianders,650518
2026-07-13T08:00:28.750721,2026-07-13T08:00:28.757523+00:00,69.8,1,bid,CostlyCorianders,Zhili Qi,650532
2026-07-13T08:00:28.750721,2026-07-13T08:00:28.757523+00:00,69.9,45,bid,CostlyCorianders,DiligentDonuts,650533
2026-07-13T08:00:29.087050,2026-07-13T08:00:29.095832+00:00,69.5,1,ask,Zhili Qi,FlawlessFlatbreads,650550
2026-07-13T08:00:29.243467,2026-07-13T08:00:29.264808+00:00,69.4,100,ask,DiligentDonuts,EarnestEspressos,650552
2026-07-13T08:00:29.259693,2026-07-13T08:00:29.264808+00:00,69.4,37,bid,Xuanyu Liu,EarnestEspressos,650553
2026-07-13T08:00:29.342556,2026-07-13T08:00:29.354247+00:00,69.4,13,bid,Peter Jeregui,EarnestEspressos,650558
2026-07-13T08:00:29.348655,2026-07-13T08:00:29.359537+00:00,69.8,2,bid,Peter Jeregui,Zhengnan Hua,650559
2026-07-13T08:00:29.553301,2026-07-13T08:00:29.565124+00:00,69.8,2,bid,Peter Jeregui,Zhengnan Hua,650563
2026-07-13T08:00:29.759444,2026-07-13T08:00:29.768940+00:00,69.8,2,bid,Peter Jeregui,Zhengnan Hua,650568
2026-07-13T08:00:29.964311,2026-07-13T08:00:29.976088+00:00,69.8,1,bid,Peter Jeregui,Zhili Qi,650569
2026-07-13T08:00:29.964311,2026-07-13T08:00:29.976088+00:00,69.9,1,bid,Peter Jeregui,DiligentDonuts,650570
2026-07-13T08:00:30.174045,2026-07-13T08:00:30.184523+00:00,69.8,2,bid,Peter Jeregui,Zhengnan Hua,650587
2026-07-13T08:00:30.326242,2026-07-13T08:00:30.335991+00:00,69.8,2,bid,Peter Jeregui,Zhengnan Hua,650590
2026-07-13T08:00:30.352956,2026-07-13T08:00:30.356932+00:00,69.7,2,ask,Scott Bagby,Xuanyu Liu,650593
2026-07-13T08:00:30.379050,2026-07-13T08:00:30.390503+00:00,69.8,2,bid,Scott Bagby,Zhengnan Hua,650594
2026-07-13T08:00:31.090308,2026-07-13T08:00:31.094164+00:00,69.6,1,ask,Zhili Qi,Xuanyu Liu,650608
2026-07-13T08:00:31.144215,2026-07-13T08:00:31.161242+00:00,69.9,50,bid,FlawlessFlatbreads,DiligentDonuts,650610
2026-07-13T08:00:31.236218,2026-07-13T08:00:31.240364+00:00,69.5,14,ask,DiligentDonuts,Xuanyu Liu,650611
2026-07-13T08:00:31.612463,2026-07-13T08:00:31.616656+00:00,69.5,6,ask,DiligentDonuts,Xuanyu Liu,650623
2026-07-13T08:00:31.866652,2026-07-13T08:00:31.878346+00:00,69.5,43,ask,DiligentDonuts,CostlyCorianders,650626
2026-07-13T08:00:32.448147,2026-07-13T08:00:32.451695+00:00,69.6,10,ask,Zhengnan Hua,Xuanyu Liu,650646
2026-07-13T08:00:33.253473,2026-07-13T08:00:33.256623+00:00,69.8,10,bid,FlawlessFlatbreads,Zhengnan Hua,650666
2026-07-13T08:00:33.253473,2026-07-13T08:00:33.256623+00:00,69.9,40,bid,FlawlessFlatbreads,EarnestEspressos,650667
2026-07-13T08:00:33.382892,2026-07-13T08:00:33.387331+00:00,69.6,1,ask,Scott Bagby,Xuanyu Liu,650669
2026-07-13T08:00:33.660795,2026-07-13T08:00:33.664571+00:00,69.7,10,ask,Zhengnan Hua,Xuanyu Liu,650674
2026-07-13T08:00:35.361538,2026-07-13T08:00:35.369388+00:00,69.7,50,bid,FlawlessFlatbreads,DiligentDonuts,650706
2026-07-13T08:00:35.533468,2026-07-13T08:00:35.537631+00:00,69.7,4,bid,Xuanyu Liu,DiligentDonuts,650712
2026-07-13T08:00:35.538703,2026-07-13T08:00:35.542643+00:00,69.7,6,bid,Xuanyu Liu,DiligentDonuts,650713
2026-07-13T08:00:36.392998,2026-07-13T08:00:36.403504+00:00,69.7,2,bid,Scott Bagby,DiligentDonuts,650735
2026-07-13T08:00:37.195526,2026-07-13T08:00:37.215743+00:00,69.7,6,bid,Xuanyu Liu,DiligentDonuts,650749
2026-07-13T08:00:37.475255,2026-07-13T08:00:37.482224+00:00,69.7,32,bid,FlawlessFlatbreads,DiligentDonuts,650758
2026-07-13T08:00:37.475255,2026-07-13T08:00:37.487436+00:00,69.7,10,bid,FlawlessFlatbreads,Zhengnan Hua,650759
2026-07-13T08:00:37.475255,2026-07-13T08:00:37.487436+00:00,69.9,1,bid,FlawlessFlatbreads,Zhili Qi,650760
2026-07-13T08:00:37.475255,2026-07-13T08:00:37.492881+00:00,70.0,1,bid,FlawlessFlatbreads,Kelvin Chan,650761
2026-07-13T08:00:37.475255,2026-07-13T08:00:37.492881+00:00,70.0,6,bid,FlawlessFlatbreads,EarnestEspressos,650762
2026-07-13T08:00:38.069583,2026-07-13T08:00:38.079568+00:00,70.0,44,bid,CostlyCorianders,EarnestEspressos,650782
2026-07-13T08:00:38.170600,2026-07-13T08:00:38.178076+00:00,69.6,2,ask,Scott Bagby,Xuanyu Liu,650784
2026-07-13T08:00:38.170600,2026-07-13T08:00:38.178076+00:00,69.6,4,ask,DiligentDonuts,Xuanyu Liu,650785
2026-07-13T08:00:38.505091,2026-07-13T08:00:38.509208+00:00,69.7,10,ask,Zhengnan Hua,Xuanyu Liu,650794
2026-07-13T08:00:38.645306,2026-07-13T08:00:38.653490+00:00,69.6,49,ask,DiligentDonuts,CostlyCorianders,650798
2026-07-13T08:00:38.706692,2026-07-13T08:00:38.712031+00:00,69.7,1,ask,EarnestEspressos,Xuanyu Liu,650800
2026-07-13T08:00:38.765525,2026-07-13T08:00:38.776439+00:00,69.7,2,ask,EarnestEspressos,Yashwanth Madan,650802
2026-07-13T08:00:39.428930,2026-07-13T08:00:39.438307+00:00,69.7,7,ask,EarnestEspressos,Benjamin Lu,650822
2026-07-13T08:00:39.666345,2026-07-13T08:00:39.678749+00:00,69.7,50,ask,EarnestEspressos,FlawlessFlatbreads,650832
2026-07-13T08:00:40.364432,2026-07-13T08:00:40.376178+00:00,69.9,5,bid,CostlyCorianders,Kelvin Chan,650843
2026-07-13T08:00:40.364432,2026-07-13T08:00:40.376178+00:00,69.9,10,bid,CostlyCorianders,Zhengnan Hua,650844
2026-07-13T08:00:40.364432,2026-07-13T08:00:40.376178+00:00,69.9,1,bid,CostlyCorianders,Zhili Qi,650845
2026-07-13T08:00:40.364432,2026-07-13T08:00:40.381481+00:00,70.0,24,bid,CostlyCorianders,Andy Garg,650846
2026-07-13T08:00:41.212305,2026-07-13T08:00:41.216313+00:00,69.7,9,ask,EarnestEspressos,Xuanyu Liu,650870
2026-07-13T08:00:41.352128,2026-07-13T08:00:41.363627+00:00,69.7,43,ask,EarnestEspressos,Yashwanth Madan,650872
2026-07-13T08:00:41.447052,2026-07-13T08:00:41.458590+00:00,69.7,18,ask,EarnestEspressos,Benjamin Lu,650874
2026-07-13T08:00:41.721621,2026-07-13T08:00:41.733453+00:00,69.9,50,bid,FlawlessFlatbreads,DiligentDonuts,650876
2026-07-13T08:00:41.904706,2026-07-13T08:00:41.921217+00:00,69.7,10,ask,Zhengnan Hua,EarnestEspressos,650880
2026-07-13T08:00:41.904706,2026-07-13T08:00:41.921217+00:00,69.6,2,ask,Scott Bagby,EarnestEspressos,650881
2026-07-13T08:00:41.917534,2026-07-13T08:00:41.921217+00:00,69.6,9,bid,Xuanyu Liu,EarnestEspressos,650882
2026-07-13T08:00:43.533403,2026-07-13T08:00:43.541090+00:00,69.6,1,bid,Zhili Qi,EarnestEspressos,650934
2026-07-13T08:00:43.583502,2026-07-13T08:00:43.596822+00:00,69.6,40,bid,CostlyCorianders,EarnestEspressos,650936
2026-07-13T08:00:43.639092,2026-07-13T08:00:43.650381+00:00,69.4,45,ask,DiligentDonuts,CostlyCorianders,650939
2026-07-13T08:00:43.852656,2026-07-13T08:00:43.858582+00:00,69.6,50,bid,FlawlessFlatbreads,EarnestEspressos,650947
2026-07-13T08:00:44.654619,2026-07-13T08:00:44.663941+00:00,69.5,10,bid,CostlyCorianders,Zhengnan Hua,650972
2026-07-13T08:00:44.654619,2026-07-13T08:00:44.663941+00:00,69.6,34,bid,CostlyCorianders,EarnestEspressos,650973
2026-07-13T08:00:45.016343,2026-07-13T08:00:45.026566+00:00,69.6,100,bid,EarnestEspressos,DiligentDonuts,650979
2026-07-13T08:00:45.060850,2026-07-13T08:00:45.065432+00:00,69.6,9,ask,EarnestEspressos,Xuanyu Liu,650980
2026-07-13T08:00:45.468712,2026-07-13T08:00:45.475351+00:00,69.6,1,ask,EarnestEspressos,Benjamin Lu,650990
2026-07-13T08:00:45.965076,2026-07-13T08:00:45.974009+00:00,69.8,2,bid,FlawlessFlatbreads,Scott Bagby,650994
2026-07-13T08:00:45.965076,2026-07-13T08:00:45.974009+00:00,69.8,10,bid,FlawlessFlatbreads,Zhengnan Hua,650995
2026-07-13T08:00:45.965076,2026-07-13T08:00:45.979246+00:00,69.8,1,bid,FlawlessFlatbreads,Zhili Qi,650996
2026-07-13T08:00:45.965076,2026-07-13T08:00:45.979246+00:00,69.9,2,bid,FlawlessFlatbreads,Kelvin Chan,650997
2026-07-13T08:00:45.965076,2026-07-13T08:00:45.979246+00:00,69.9,35,bid,FlawlessFlatbreads,Andy Garg,650998
2026-07-13T08:00:46.229203,2026-07-13T08:00:46.240896+00:00,69.6,40,ask,EarnestEspressos,CostlyCorianders,651008
2026-07-13T08:00:46.229203,2026-07-13T08:00:46.240896+00:00,69.6,5,ask,Zhengnan Hua,CostlyCorianders,651009
2026-07-13T08:00:46.481570,2026-07-13T08:00:46.488220+00:00,69.6,5,ask,Zhengnan Hua,Benjamin Lu,651016
2026-07-13T08:00:46.739348,2026-07-13T08:00:46.750920+00:00,69.3,1,ask,Zhili Qi,CostlyCorianders,651020
2026-07-13T08:00:47.264699,2026-07-13T08:00:47.276660+00:00,69.6,10,bid,CostlyCorianders,Zhengnan Hua,651034
2026-07-13T08:00:47.264699,2026-07-13T08:00:47.276660+00:00,69.6,1,bid,CostlyCorianders,Zhili Qi,651035
2026-07-13T08:00:47.264699,2026-07-13T08:00:47.276660+00:00,69.8,4,bid,CostlyCorianders,Kelvin Chan,651036
2026-07-13T08:00:47.264699,2026-07-13T08:00:47.281912+00:00,69.9,28,bid,CostlyCorianders,Andy Garg,651037
2026-07-13T08:00:47.322369,2026-07-13T08:00:47.332224+00:00,69.4,40,ask,DiligentDonuts,CostlyCorianders,651043
2026-07-13T08:00:48.088433,2026-07-13T08:00:48.111079+00:00,69.8,1,bid,FlawlessFlatbreads,Zhili Qi,651057
2026-07-13T08:00:48.088433,2026-07-13T08:00:48.111079+00:00,69.9,49,bid,FlawlessFlatbreads,DiligentDonuts,651058
2026-07-13T08:00:48.242029,2026-07-13T08:00:48.248481+00:00,69.5,10,ask,Zhengnan Hua,EarnestEspressos,651063
2026-07-13T08:00:48.265003,2026-07-13T08:00:48.270896+00:00,69.5,14,bid,Xuanyu Liu,EarnestEspressos,651064
2026-07-13T08:00:48.501594,2026-07-13T08:00:48.512116+00:00,69.5,5,bid,Benjamin Lu,EarnestEspressos,651069
2026-07-13T08:00:48.638568,2026-07-13T08:00:48.644956+00:00,69.5,1,bid,Zhili Qi,EarnestEspressos,651075
2026-07-13T08:00:48.743318,2026-07-13T08:00:48.747505+00:00,69.5,6,bid,Xuanyu Liu,EarnestEspressos,651080
2026-07-13T08:00:48.823002,2026-07-13T08:00:48.831652+00:00,69.5,40,bid,Andy Garg,EarnestEspressos,651082
2026-07-13T08:00:49.233100,2026-07-13T08:00:49.242400+00:00,69.5,44,bid,CostlyCorianders,EarnestEspressos,651085
2026-07-13T08:00:49.313281,2026-07-13T08:00:49.322681+00:00,69.4,41,ask,DiligentDonuts,CostlyCorianders,651086
2026-07-13T08:00:49.518525,2026-07-13T08:00:49.529018+00:00,69.5,19,bid,Benjamin Lu,EarnestEspressos,651093
2026-07-13T08:00:49.914612,2026-07-13T08:00:49.924384+00:00,69.4,19,ask,DiligentDonuts,CostlyCorianders,651102
2026-07-13T08:00:49.914612,2026-07-13T08:00:49.924384+00:00,69.4,28,ask,Andy Garg,CostlyCorianders,651103
2026-07-13T08:00:50.050925,2026-07-13T08:00:50.055204+00:00,69.5,11,bid,Xuanyu Liu,EarnestEspressos,651116
2026-07-13T08:00:50.191653,2026-07-13T08:00:50.202265+00:00,69.5,10,bid,Yashwanth Madan,Zhengnan Hua,651124
2026-07-13T08:00:50.200804,2026-07-13T08:00:50.207503+00:00,69.7,1,bid,FlawlessFlatbreads,Zhili Qi,651125
2026-07-13T08:00:50.200804,2026-07-13T08:00:50.213103+00:00,69.8,3,bid,FlawlessFlatbreads,Kelvin Chan,651126
2026-07-13T08:00:50.200804,2026-07-13T08:00:50.213103+00:00,69.9,2,bid,FlawlessFlatbreads,Scott Bagby,651127
2026-07-13T08:00:50.200804,2026-07-13T08:00:50.213103+00:00,70.1,40,bid,FlawlessFlatbreads,Andy Garg,651128
2026-07-13T08:00:50.659809,2026-07-13T08:00:50.663830+00:00,69.6,10,ask,Zhengnan Hua,Xuanyu Liu,651140
2026-07-13T08:00:51.352519,2026-07-13T08:00:51.364091+00:00,69.8,10,bid,EarnestEspressos,Zhengnan Hua,651153
2026-07-13T08:00:51.352519,2026-07-13T08:00:51.364091+00:00,69.8,6,bid,EarnestEspressos,Kelvin Chan,651154
2026-07-13T08:00:51.360105,2026-07-13T08:00:51.364091+00:00,69.8,21,ask,EarnestEspressos,Xuanyu Liu,651156
2026-07-13T08:00:51.536055,2026-07-13T08:00:51.544345+00:00,69.8,57,ask,EarnestEspressos,Benjamin Lu,651159
2026-07-13T08:00:51.575257,2026-07-13T08:00:51.586399+00:00,69.8,44,ask,EarnestEspressos,Yashwanth Madan,651161
2026-07-13T08:00:51.863760,2026-07-13T08:00:51.874290+00:00,69.8,2,ask,EarnestEspressos,Zhengnan Hua,651167
2026-07-13T08:00:52.322623,2026-07-13T08:00:52.333765+00:00,69.9,10,bid,FlawlessFlatbreads,Zhengnan Hua,651180
2026-07-13T08:00:52.322623,2026-07-13T08:00:52.333765+00:00,69.9,1,bid,FlawlessFlatbreads,Zhili Qi,651181
2026-07-13T08:00:52.322623,2026-07-13T08:00:52.333765+00:00,70.0,39,bid,FlawlessFlatbreads,DiligentDonuts,651182
2026-07-13T08:00:54.430755,2026-07-13T08:00:54.442681+00:00,69.9,3,bid,FlawlessFlatbreads,Kelvin Chan,651224
2026-07-13T08:00:54.430755,2026-07-13T08:00:54.442681+00:00,69.9,1,bid,FlawlessFlatbreads,Zhili Qi,651225
2026-07-13T08:00:54.430755,2026-07-13T08:00:54.442681+00:00,69.9,10,bid,FlawlessFlatbreads,Zhengnan Hua,651226
2026-07-13T08:00:54.430755,2026-07-13T08:00:54.442681+00:00,70.0,2,bid,FlawlessFlatbreads,Scott Bagby,651227
2026-07-13T08:00:54.430755,2026-07-13T08:00:54.442681+00:00,70.1,34,bid,FlawlessFlatbreads,Andy Garg,651228
2026-07-13T08:00:54.568945,2026-07-13T08:00:54.580192+00:00,69.8,10,ask,Zhengnan Hua,EarnestEspressos,651234
2026-07-13T08:00:54.568945,2026-07-13T08:00:54.580192+00:00,69.6,100,ask,DiligentDonuts,EarnestEspressos,651235
2026-07-13T08:00:54.568945,2026-07-13T08:00:54.580192+00:00,69.6,40,ask,Andy Garg,EarnestEspressos,651236
2026-07-13T08:00:54.638493,2026-07-13T08:00:54.648038+00:00,70.1,40,bid,CostlyCorianders,DiligentDonuts,651239
2026-07-13T08:00:55.795293,2026-07-13T08:00:55.802780+00:00,69.8,1,bid,Zhili Qi,Zhengnan Hua,651267
2026-07-13T08:00:56.567214,2026-07-13T08:00:56.575630+00:00,69.9,1,bid,FlawlessFlatbreads,Zhili Qi,651284
2026-07-13T08:00:56.567214,2026-07-13T08:00:56.580639+00:00,70.1,2,bid,FlawlessFlatbreads,Scott Bagby,651285
2026-07-13T08:00:56.567214,2026-07-13T08:00:56.580639+00:00,70.1,40,bid,FlawlessFlatbreads,Andy Garg,651286
2026-07-13T08:00:56.838401,2026-07-13T08:00:56.845454+00:00,69.8,1,bid,Zhili Qi,DiligentDonuts,651295
2026-07-13T08:00:56.914174,2026-07-13T08:00:56.926245+00:00,69.6,1,ask,Scott Bagby,CostlyCorianders,651297
2026-07-13T08:00:56.914174,2026-07-13T08:00:56.926245+00:00,69.6,40,ask,Andy Garg,CostlyCorianders,651298
2026-07-13T08:00:56.914174,2026-07-13T08:00:56.931825+00:00,69.6,2,ask,Zhengnan Hua,CostlyCorianders,651299
2026-07-13T08:00:57.681427,2026-07-13T08:00:57.693207+00:00,69.8,99,bid,EarnestEspressos,DiligentDonuts,651315
2026-07-13T08:00:57.681427,2026-07-13T08:00:57.693207+00:00,69.8,10,bid,EarnestEspressos,Zhengnan Hua,651316
2026-07-13T08:00:58.676642,2026-07-13T08:00:58.685519+00:00,70.0,2,bid,FlawlessFlatbreads,Scott Bagby,651341
2026-07-13T08:00:58.676642,2026-07-13T08:00:58.690840+00:00,70.0,10,bid,FlawlessFlatbreads,Zhengnan Hua,651342
2026-07-13T08:00:58.676642,2026-07-13T08:00:58.690840+00:00,70.0,1,bid,FlawlessFlatbreads,Zhili Qi,651343
2026-07-13T08:00:58.676642,2026-07-13T08:00:58.690840+00:00,70.3,37,bid,FlawlessFlatbreads,EarnestEspressos,651344
2026-07-13T08:00:59.501298,2026-07-13T08:00:59.513023+00:00,70.0,1,bid,CostlyCorianders,Zhili Qi,651359
2026-07-13T08:00:59.501298,2026-07-13T08:00:59.513023+00:00,70.1,39,bid,CostlyCorianders,Andy Garg,651360
2026-07-13T08:01:00.081608,2026-07-13T08:01:00.089559+00:00,69.9,10,ask,Zhengnan Hua,CostlyCorianders,651372
2026-07-13T08:01:00.081608,2026-07-13T08:01:00.095099+00:00,69.8,30,ask,EarnestEspressos,CostlyCorianders,651373
2026-07-13T08:01:00.412651,2026-07-13T08:01:00.419806+00:00,69.8,9,ask,EarnestEspressos,Zhengnan Hua,651382
2026-07-13T08:01:00.574909,2026-07-13T08:01:00.585575+00:00,69.8,2,ask,EarnestEspressos,Benjamin Lu,651391
2026-07-13T08:01:00.574909,2026-07-13T08:01:00.585575+00:00,69.8,10,ask,Zhengnan Hua,Benjamin Lu,651392
2026-07-13T08:01:00.710570,2026-07-13T08:01:00.722481+00:00,69.9,2,bid,CostlyCorianders,Scott Bagby,651395
2026-07-13T08:01:00.710570,2026-07-13T08:01:00.722481+00:00,70.0,1,bid,CostlyCorianders,Zhili Qi,651396
2026-07-13T08:01:00.710570,2026-07-13T08:01:00.722481+00:00,70.0,30,bid,CostlyCorianders,Yashwanth Madan,651397
2026-07-13T08:01:00.710570,2026-07-13T08:01:00.722481+00:00,70.1,12,bid,CostlyCorianders,Andy Garg,651398
2026-07-13T08:01:00.809915,2026-07-13T08:01:00.821535+00:00,70.1,28,bid,FlawlessFlatbreads,Andy Garg,651399
2026-07-13T08:01:00.809915,2026-07-13T08:01:00.821535+00:00,70.2,22,bid,FlawlessFlatbreads,DiligentDonuts,651400
2026-07-13T08:01:00.917564,2026-07-13T08:01:00.929180+00:00,69.7,100,ask,DiligentDonuts,EarnestEspressos,651404
2026-07-13T08:01:01.357283,2026-07-13T08:01:01.363982+00:00,69.6,30,bid,Yashwanth Madan,EarnestEspressos,651410
2026-07-13T08:01:01.368330,2026-07-13T08:01:01.379648+00:00,69.6,1,bid,Zhili Qi,EarnestEspressos,651412
2026-07-13T08:01:01.413819,2026-07-13T08:01:01.429386+00:00,69.5,40,ask,Andy Garg,CostlyCorianders,651414
2026-07-13T08:01:01.413819,2026-07-13T08:01:01.429386+00:00,69.4,1,ask,Scott Bagby,CostlyCorianders,651415
2026-07-13T08:01:01.589696,2026-07-13T08:01:01.597023+00:00,69.6,12,bid,Benjamin Lu,EarnestEspressos,651419
2026-07-13T08:01:01.689196,2026-07-13T08:01:01.699335+00:00,69.5,1,bid,Zhili Qi,Zhengnan Hua,651422
2026-07-13T08:01:01.883910,2026-07-13T08:01:01.887645+00:00,69.5,9,bid,Xuanyu Liu,Zhengnan Hua,651431
2026-07-13T08:01:01.926925,2026-07-13T08:01:01.935567+00:00,69.6,7,bid,Andy Garg,EarnestEspressos,651432
2026-07-13T08:01:02.918096,2026-07-13T08:01:02.929619+00:00,69.8,1,bid,FlawlessFlatbreads,Zhili Qi,651443
2026-07-13T08:01:02.918096,2026-07-13T08:01:02.929619+00:00,69.9,49,bid,FlawlessFlatbreads,DiligentDonuts,651444
2026-07-13T08:01:04.025536,2026-07-13T08:01:04.043233+00:00,69.8,1,bid,EarnestEspressos,Zhili Qi,651468
2026-07-13T08:01:04.039533,2026-07-13T08:01:04.043233+00:00,69.8,9,ask,EarnestEspressos,Xuanyu Liu,651469
2026-07-13T08:01:04.060568,2026-07-13T08:01:04.068492+00:00,69.8,28,ask,EarnestEspressos,Zhengnan Hua,651471
2026-07-13T08:01:04.607841,2026-07-13T08:01:04.614510+00:00,69.9,19,bid,Benjamin Lu,DiligentDonuts,651484
2026-07-13T08:01:04.659579,2026-07-13T08:01:04.668955+00:00,69.9,1,bid,Zhili Qi,DiligentDonuts,651486
2026-07-13T08:01:04.805076,2026-07-13T08:01:04.817163+00:00,69.9,31,bid,CostlyCorianders,DiligentDonuts,651487
2026-07-13T08:01:04.805076,2026-07-13T08:01:04.817163+00:00,70.0,2,bid,CostlyCorianders,Scott Bagby,651488
2026-07-13T08:01:04.805076,2026-07-13T08:01:04.817163+00:00,70.0,6,bid,CostlyCorianders,Kelvin Chan,651489
2026-07-13T08:01:04.805076,2026-07-13T08:01:04.817163+00:00,70.3,10,bid,CostlyCorianders,EarnestEspressos,651490
2026-07-13T08:01:05.038446,2026-07-13T08:01:05.058818+00:00,70.2,1,bid,FlawlessFlatbreads,Zhili Qi,651496
2026-07-13T08:01:05.038446,2026-07-13T08:01:05.058818+00:00,70.3,49,bid,FlawlessFlatbreads,EarnestEspressos,651497
2026-07-13T08:01:06.489328,2026-07-13T08:01:06.496137+00:00,69.8,34,ask,EarnestEspressos,Zhengnan Hua,651524
2026-07-13T08:01:06.624358,2026-07-13T08:01:06.635797+00:00,69.8,19,ask,EarnestEspressos,Benjamin Lu,651526
2026-07-13T08:01:07.147213,2026-07-13T08:01:07.154758+00:00,70.0,2,bid,FlawlessFlatbreads,Scott Bagby,651535
2026-07-13T08:01:07.147213,2026-07-13T08:01:07.154758+00:00,70.0,4,bid,FlawlessFlatbreads,Kelvin Chan,651536
2026-07-13T08:01:07.147213,2026-07-13T08:01:07.154758+00:00,70.0,1,bid,FlawlessFlatbreads,Zhili Qi,651537
2026-07-13T08:01:07.147213,2026-07-13T08:01:07.154758+00:00,70.1,40,bid,FlawlessFlatbreads,Andy Garg,651538
2026-07-13T08:01:07.147213,2026-07-13T08:01:07.154758+00:00,70.1,3,bid,FlawlessFlatbreads,DiligentDonuts,651539
2026-07-13T08:01:07.421881,2026-07-13T08:01:07.433715+00:00,70.1,45,bid,CostlyCorianders,DiligentDonuts,651547
2026-07-13T08:01:09.291407,2026-07-13T08:01:09.304635+00:00,70.2,1,bid,FlawlessFlatbreads,Zhili Qi,651590
2026-07-13T08:01:09.291407,2026-07-13T08:01:09.304635+00:00,70.4,49,bid,FlawlessFlatbreads,EarnestEspressos,651591
2026-07-13T08:01:10.460455,2026-07-13T08:01:10.474941+00:00,70.1,45,ask,DiligentDonuts,CostlyCorianders,651612
2026-07-13T08:01:11.104772,2026-07-13T08:01:11.116458+00:00,70.1,50,ask,EarnestEspressos,Peter Chen,651632
2026-07-13T08:01:11.109609,2026-07-13T08:01:11.116458+00:00,70.1,5,ask,DiligentDonuts,Xuanyu Liu,651633
2026-07-13T08:01:11.109609,2026-07-13T08:01:11.116458+00:00,70.1,10,ask,Zhengnan Hua,Xuanyu Liu,651634
2026-07-13T08:01:11.109609,2026-07-13T08:01:11.116458+00:00,70.1,16,ask,EarnestEspressos,Xuanyu Liu,651635
2026-07-13T08:01:11.148396,2026-07-13T08:01:11.157030+00:00,70.1,35,ask,EarnestEspressos,Andy Garg,651639
2026-07-13T08:01:11.169763,2026-07-13T08:01:11.178370+00:00,70.1,50,ask,DiligentDonuts,Peter Chen,651640
2026-07-13T08:01:11.197544,2026-07-13T08:01:11.209063+00:00,70.1,49,ask,EarnestEspressos,Yashwanth Madan,651643
2026-07-13T08:01:11.217188,2026-07-13T08:01:11.228862+00:00,69.9,1,ask,Zhili Qi,Gourab Sharma,651644
2026-07-13T08:01:11.271839,2026-07-13T08:01:11.275918+00:00,70.0,1,bid,Xuanyu Liu,Zhili Qi,651649
2026-07-13T08:01:11.379848,2026-07-13T08:01:11.391971+00:00,69.9,10,ask,Zhengnan Hua,Peter Chen,651655
2026-07-13T08:01:11.390899,2026-07-13T08:01:11.402497+00:00,69.8,1,ask,Scott Bagby,Peter Chen,651657
2026-07-13T08:01:11.390899,2026-07-13T08:01:11.402497+00:00,69.7,2,ask,Kelvin Chan,Peter Chen,651658
2026-07-13T08:01:11.390899,2026-07-13T08:01:11.402497+00:00,69.6,7,ask,Andy Garg,Peter Chen,651659
2026-07-13T08:01:11.400370,2026-07-13T08:01:11.407713+00:00,70.3,40,bid,FlawlessFlatbreads,Andy Garg,651660
2026-07-13T08:01:11.400370,2026-07-13T08:01:11.412738+00:00,70.4,2,bid,FlawlessFlatbreads,Scott Bagby,651661
2026-07-13T08:01:11.400370,2026-07-13T08:01:11.412738+00:00,70.6,8,bid,FlawlessFlatbreads,DiligentDonuts,651662
2026-07-13T08:01:11.792841,2026-07-13T08:01:11.796363+00:00,70.0,1,bid,Xuanyu Liu,Zhili Qi,651669
2026-07-13T08:01:12.329922,2026-07-13T08:01:12.334418+00:00,70.0,1,bid,Xuanyu Liu,Zhili Qi,651681
2026-07-13T08:01:12.420671,2026-07-13T08:01:12.424970+00:00,69.9,28,bid,Xuanyu Liu,DiligentDonuts,651684
2026-07-13T08:01:12.598103,2026-07-13T08:01:12.606129+00:00,69.9,49,bid,Yashwanth Madan,DiligentDonuts,651688
2026-07-13T08:01:13.533388,2026-07-13T08:01:13.542738+00:00,69.9,23,bid,FlawlessFlatbreads,DiligentDonuts,651702
2026-07-13T08:01:13.533388,2026-07-13T08:01:13.542738+00:00,69.9,2,bid,FlawlessFlatbreads,Scott Bagby,651703
2026-07-13T08:01:13.533388,2026-07-13T08:01:13.548047+00:00,70.0,1,bid,FlawlessFlatbreads,Zhili Qi,651704
2026-07-13T08:01:13.533388,2026-07-13T08:01:13.548047+00:00,70.1,5,bid,FlawlessFlatbreads,Kelvin Chan,651705
2026-07-13T08:01:13.533388,2026-07-13T08:01:13.548047+00:00,70.7,7,bid,FlawlessFlatbreads,Andy Garg,651706
2026-07-13T08:01:13.588486,2026-07-13T08:01:13.597117+00:00,69.8,40,ask,Andy Garg,EarnestEspressos,651707
2026-07-13T08:01:13.610966,2026-07-13T08:01:13.625352+00:00,69.8,20,bid,Peter Chen,EarnestEspressos,651710
2026-07-13T08:01:13.683080,2026-07-13T08:01:13.690630+00:00,69.8,20,bid,Peter Chen,EarnestEspressos,651712
2026-07-13T08:01:13.746020,2026-07-13T08:01:13.757455+00:00,69.8,20,bid,Peter Chen,EarnestEspressos,651716
2026-07-13T08:01:13.763140,2026-07-13T08:01:13.773135+00:00,69.8,6,bid,Zhengnan Hua,EarnestEspressos,651718
2026-07-13T08:01:13.808000,2026-07-13T08:01:13.817605+00:00,69.8,20,bid,Peter Chen,EarnestEspressos,651720
2026-07-13T08:01:13.855811,2026-07-13T08:01:13.864689+00:00,69.8,24,bid,Andy Garg,EarnestEspressos,651721
2026-07-13T08:01:14.771795,2026-07-13T08:01:14.780331+00:00,70.1,4,bid,CostlyCorianders,Kelvin Chan,651738
2026-07-13T08:01:14.771795,2026-07-13T08:01:14.785326+00:00,70.1,1,bid,CostlyCorianders,Zhili Qi,651739
2026-07-13T08:01:15.365484,2026-07-13T08:01:15.377359+00:00,69.9,10,ask,Zhengnan Hua,CostlyCorianders,651749
2026-07-13T08:01:15.365484,2026-07-13T08:01:15.377359+00:00,69.8,1,ask,Zhili Qi,CostlyCorianders,651750
2026-07-13T08:01:15.365484,2026-07-13T08:01:15.377359+00:00,69.8,3,ask,Kelvin Chan,CostlyCorianders,651751
2026-07-13T08:01:15.365484,2026-07-13T08:01:15.377359+00:00,69.7,28,ask,Andy Garg,CostlyCorianders,651752
2026-07-13T08:01:15.646720,2026-07-13T08:01:15.653159+00:00,70.0,1,bid,FlawlessFlatbreads,Zhili Qi,651757
2026-07-13T08:01:15.646720,2026-07-13T08:01:15.653159+00:00,70.2,30,bid,FlawlessFlatbreads,Yashwanth Madan,651758
2026-07-13T08:01:15.646720,2026-07-13T08:01:15.653159+00:00,70.3,19,bid,FlawlessFlatbreads,Andy Garg,651759
2026-07-13T08:01:16.004843,2026-07-13T08:01:16.016663+00:00,69.9,49,ask,DiligentDonuts,CostlyCorianders,651764
2026-07-13T08:01:16.192609,2026-07-13T08:01:16.199819+00:00,69.9,6,ask,DiligentDonuts,Zhengnan Hua,651772
2026-07-13T08:01:17.664465,2026-07-13T08:01:17.675574+00:00,70.0,18,ask,EarnestEspressos,Benjamin Lu,651800
2026-07-13T08:01:17.760941,2026-07-13T08:01:17.775469+00:00,70.2,2,bid,FlawlessFlatbreads,Scott Bagby,651802
2026-07-13T08:01:17.760941,2026-07-13T08:01:17.780745+00:00,70.2,1,bid,FlawlessFlatbreads,Zhili Qi,651803
2026-07-13T08:01:17.760941,2026-07-13T08:01:17.780745+00:00,70.4,47,bid,FlawlessFlatbreads,DiligentDonuts,651804
2026-07-13T08:01:19.875231,2026-07-13T08:01:19.887170+00:00,70.2,2,bid,FlawlessFlatbreads,Scott Bagby,651836
2026-07-13T08:01:19.875231,2026-07-13T08:01:19.887170+00:00,70.2,1,bid,FlawlessFlatbreads,Zhili Qi,651837
2026-07-13T08:01:19.875231,2026-07-13T08:01:19.887170+00:00,70.4,47,bid,FlawlessFlatbreads,DiligentDonuts,651838
2026-07-13T08:01:20.225971,2026-07-13T08:01:20.235697+00:00,70.2,1,bid,CostlyCorianders,Zhili Qi,651847
2026-07-13T08:01:20.225971,2026-07-13T08:01:20.235697+00:00,70.2,1,bid,CostlyCorianders,Kelvin Chan,651848
2026-07-13T08:01:20.225971,2026-07-13T08:01:20.235697+00:00,70.4,39,bid,CostlyCorianders,DiligentDonuts,651849
2026-07-13T08:01:20.291565,2026-07-13T08:01:20.296024+00:00,70.0,10,ask,Zhengnan Hua,Xuanyu Liu,651854
2026-07-13T08:01:20.299018,2026-07-13T08:01:20.311653+00:00,69.9,85,ask,DiligentDonuts,Peter Jeregui,651855
2026-07-13T08:01:20.326957,2026-07-13T08:01:20.337861+00:00,69.9,15,ask,DiligentDonuts,Peter Chen,651858
2026-07-13T08:01:20.326957,2026-07-13T08:01:20.337861+00:00,69.9,4,ask,Kelvin Chan,Peter Chen,651859
2026-07-13T08:01:20.326957,2026-07-13T08:01:20.337861+00:00,69.9,1,ask,EarnestEspressos,Peter Chen,651860
2026-07-13T08:01:20.379478,2026-07-13T08:01:20.391193+00:00,69.9,33,ask,EarnestEspressos,Andy Garg,651864
2026-07-13T08:01:20.391112,2026-07-13T08:01:20.401462+00:00,69.9,20,ask,EarnestEspressos,Peter Chen,651865
2026-07-13T08:01:20.430430,2026-07-13T08:01:20.441824+00:00,69.9,96,ask,EarnestEspressos,Gourab Sharma,651867
2026-07-13T08:01:20.430430,2026-07-13T08:01:20.441824+00:00,69.9,5,ask,Kelvin Chan,Gourab Sharma,651868
2026-07-13T08:01:21.052204,2026-07-13T08:01:21.058581+00:00,69.9,5,ask,Kelvin Chan,Peter Chen,651882
2026-07-13T08:01:21.052204,2026-07-13T08:01:21.058581+00:00,69.9,10,ask,Zhengnan Hua,Peter Chen,651883
2026-07-13T08:01:21.062689,2026-07-13T08:01:21.074548+00:00,69.6,1,ask,Scott Bagby,Peter Chen,651885
2026-07-13T08:01:21.062689,2026-07-13T08:01:21.074548+00:00,69.6,4,ask,Andy Garg,Peter Chen,651886
2026-07-13T08:01:21.169879,2026-07-13T08:01:21.173604+00:00,70.0,1,bid,Xuanyu Liu,Zhili Qi,651890
2026-07-13T08:01:21.865505,2026-07-13T08:01:21.877390+00:00,70.1,2,bid,CostlyCorianders,Scott Bagby,651911
2026-07-13T08:01:21.865505,2026-07-13T08:01:21.877390+00:00,70.2,1,bid,CostlyCorianders,Kelvin Chan,651912
2026-07-13T08:01:21.865505,2026-07-13T08:01:21.877390+00:00,70.2,1,bid,CostlyCorianders,Zhili Qi,651913
2026-07-13T08:01:21.865505,2026-07-13T08:01:21.877390+00:00,70.4,36,bid,CostlyCorianders,EarnestEspressos,651914
2026-07-13T08:01:22.003862,2026-07-13T08:01:22.020787+00:00,70.3,50,bid,FlawlessFlatbreads,DiligentDonuts,651915
2026-07-13T08:01:23.007736,2026-07-13T08:01:23.019303+00:00,70.0,10,ask,Zhengnan Hua,CostlyCorianders,651941
2026-07-13T08:01:23.007736,2026-07-13T08:01:23.019303+00:00,69.8,34,ask,Andy Garg,CostlyCorianders,651942
2026-07-13T08:01:23.109404,2026-07-13T08:01:23.113653+00:00,69.9,9,bid,Xuanyu Liu,EarnestEspressos,651947
2026-07-13T08:01:23.246866,2026-07-13T08:01:23.258752+00:00,69.9,30,bid,Yashwanth Madan,EarnestEspressos,651949
2026-07-13T08:01:23.521829,2026-07-13T08:01:23.533561+00:00,69.9,43,bid,CostlyCorianders,EarnestEspressos,651953
2026-07-13T08:01:24.109926,2026-07-13T08:01:24.121819+00:00,69.9,50,bid,FlawlessFlatbreads,EarnestEspressos,651970
2026-07-13T08:01:24.560791,2026-07-13T08:01:24.572381+00:00,69.8,42,ask,DiligentDonuts,CostlyCorianders,651982
2026-07-13T08:01:24.774173,2026-07-13T08:01:24.783316+00:00,69.8,2,ask,DiligentDonuts,Dinh Nguyen,651987
2026-07-13T08:01:25.046931,2026-07-13T08:01:25.058587+00:00,69.9,18,bid,CostlyCorianders,EarnestEspressos,651992
2026-07-13T08:01:25.046931,2026-07-13T08:01:25.058587+00:00,70.0,2,bid,CostlyCorianders,Scott Bagby,651993
2026-07-13T08:01:25.046931,2026-07-13T08:01:25.058587+00:00,70.0,1,bid,CostlyCorianders,Zhili Qi,651994
2026-07-13T08:01:25.046931,2026-07-13T08:01:25.058587+00:00,70.3,19,bid,CostlyCorianders,Andy Garg,651995
2026-07-13T08:01:25.105371,2026-07-13T08:01:25.114899+00:00,69.8,10,ask,Zhengnan Hua,CostlyCorianders,651997
2026-07-13T08:01:25.586416,2026-07-13T08:01:25.596079+00:00,70.0,1,bid,CostlyCorianders,Zhili Qi,652008
2026-07-13T08:01:25.586416,2026-07-13T08:01:25.596079+00:00,70.1,30,bid,CostlyCorianders,Yashwanth Madan,652009
2026-07-13T08:01:25.586416,2026-07-13T08:01:25.596079+00:00,70.2,9,bid,CostlyCorianders,DiligentDonuts,652010
2026-07-13T08:01:26.197165,2026-07-13T08:01:26.207962+00:00,69.9,10,ask,Zhengnan Hua,CostlyCorianders,652024
2026-07-13T08:01:26.197165,2026-07-13T08:01:26.207962+00:00,69.8,36,ask,Andy Garg,CostlyCorianders,652025
2026-07-13T08:01:26.219514,2026-07-13T08:01:26.230262+00:00,70.1,10,bid,FlawlessFlatbreads,Zhengnan Hua,652026
2026-07-13T08:01:26.219514,2026-07-13T08:01:26.230262+00:00,70.2,40,bid,FlawlessFlatbreads,DiligentDonuts,652027
2026-07-13T08:01:26.819868,2026-07-13T08:01:26.828135+00:00,70.2,43,bid,CostlyCorianders,DiligentDonuts,652040
2026-07-13T08:01:27.221939,2026-07-13T08:01:27.232721+00:00,70.0,2,ask,EarnestEspressos,Dinh Nguyen,652051
2026-07-13T08:01:28.168225,2026-07-13T08:01:28.186809+00:00,70.1,2,bid,DiligentDonuts,Scott Bagby,652059
2026-07-13T08:01:28.182561,2026-07-13T08:01:28.186809+00:00,70.1,9,ask,DiligentDonuts,Xuanyu Liu,652061
2026-07-13T08:01:28.331488,2026-07-13T08:01:28.342385+00:00,70.2,1,bid,FlawlessFlatbreads,Zhili Qi,652068
2026-07-13T08:01:28.331488,2026-07-13T08:01:28.342385+00:00,70.2,10,bid,FlawlessFlatbreads,Zhengnan Hua,652069
2026-07-13T08:01:28.331488,2026-07-13T08:01:28.342385+00:00,70.4,39,bid,FlawlessFlatbreads,Andy Garg,652070
2026-07-13T08:01:28.459899,2026-07-13T08:01:28.471319+00:00,70.1,49,ask,DiligentDonuts,CostlyCorianders,652079
2026-07-13T08:01:28.477127,2026-07-13T08:01:28.488664+00:00,70.1,2,ask,DiligentDonuts,Dinh Nguyen,652080
2026-07-13T08:01:29.044365,2026-07-13T08:01:29.058595+00:00,70.4,30,bid,CostlyCorianders,Yashwanth Madan,652088
2026-07-13T08:01:29.044365,2026-07-13T08:01:29.058595+00:00,70.4,1,bid,CostlyCorianders,Zhili Qi,652089
2026-07-13T08:01:29.044365,2026-07-13T08:01:29.058595+00:00,70.5,12,bid,CostlyCorianders,EarnestEspressos,652090
2026-07-13T08:01:29.384376,2026-07-13T08:01:29.394036+00:00,70.2,20,ask,EarnestEspressos,Peter Chen,652100
2026-07-13T08:01:29.445544,2026-07-13T08:01:29.454304+00:00,70.2,20,ask,EarnestEspressos,Peter Chen,652105
2026-07-13T08:01:29.657760,2026-07-13T08:01:29.668999+00:00,70.2,20,ask,EarnestEspressos,Peter Chen,652111
2026-07-13T08:01:29.718610,2026-07-13T08:01:29.730612+00:00,70.2,20,ask,EarnestEspressos,Peter Chen,652114
2026-07-13T08:01:29.721453,2026-07-13T08:01:29.730612+00:00,70.2,25,ask,EarnestEspressos,Dinh Nguyen,652115
2026-07-13T08:01:29.765587,2026-07-13T08:01:29.774480+00:00,70.2,18,ask,EarnestEspressos,Benjamin Lu,652123
2026-07-13T08:01:29.779055,2026-07-13T08:01:29.790693+00:00,70.2,20,ask,EarnestEspressos,Peter Chen,652124
2026-07-13T08:01:30.190376,2026-07-13T08:01:30.199389+00:00,70.2,1,ask,EarnestEspressos,Zhili Qi,652135
2026-07-13T08:01:30.240453,2026-07-13T08:01:30.251507+00:00,70.2,2,ask,EarnestEspressos,Dinh Nguyen,652137
2026-07-13T08:01:30.470716,2026-07-13T08:01:30.487706+00:00,70.6,50,bid,FlawlessFlatbreads,DiligentDonuts,652145
2026-07-13T08:01:30.482167,2026-07-13T08:01:30.487706+00:00,70.2,4,ask,EarnestEspressos,Xuanyu Liu,652147
2026-07-13T08:01:30.482167,2026-07-13T08:01:30.487706+00:00,70.2,7,ask,Zhengnan Hua,Xuanyu Liu,652148
2026-07-13T08:01:30.505877,2026-07-13T08:01:30.517607+00:00,70.2,1,ask,Zhengnan Hua,Zhili Qi,652149
2026-07-13T08:01:30.542891,2026-07-13T08:01:30.549976+00:00,70.1,16,ask,DiligentDonuts,Andy Garg,652151
2026-07-13T08:01:30.622444,2026-07-13T08:01:30.633102+00:00,70.1,5,ask,DiligentDonuts,Gourab Sharma,652152
2026-07-13T08:01:30.745853,2026-07-13T08:01:30.757609+00:00,70.2,10,ask,Zhengnan Hua,Peter Jeregui,652159
2026-07-13T08:01:30.756997,2026-07-13T08:01:30.757609+00:00,70.1,2,ask,DiligentDonuts,Peter Jeregui,652161
2026-07-13T08:01:30.816973,2026-07-13T08:01:30.821793+00:00,70.1,11,ask,DiligentDonuts,Xuanyu Liu,652163
2026-07-13T08:01:30.826197,2026-07-13T08:01:30.837400+00:00,70.1,1,ask,DiligentDonuts,Zhili Qi,652164
2026-07-13T08:01:30.873292,2026-07-13T08:01:30.881123+00:00,70.1,3,ask,DiligentDonuts,Scott Bagby,652168
2026-07-13T08:01:30.962374,2026-07-13T08:01:30.974184+00:00,69.9,1,ask,Kelvin Chan,Peter Jeregui,652171
2026-07-13T08:01:30.962374,2026-07-13T08:01:30.974184+00:00,69.6,1,ask,Andy Garg,Peter Jeregui,652172
2026-07-13T08:01:31.159503,2026-07-13T08:01:31.163380+00:00,70.0,1,bid,Xuanyu Liu,Zhili Qi,652174
2026-07-13T08:01:31.950525,2026-07-13T08:01:31.954993+00:00,70.0,4,bid,Xuanyu Liu,Zhengnan Hua,652195
2026-07-13T08:01:32.122396,2026-07-13T08:01:32.126932+00:00,70.0,6,bid,Xuanyu Liu,Zhengnan Hua,652198
2026-07-13T08:01:32.128792,2026-07-13T08:01:32.134500+00:00,70.1,2,bid,Xuanyu Liu,Scott Bagby,652199
2026-07-13T08:01:32.128792,2026-07-13T08:01:32.134500+00:00,70.1,1,bid,Xuanyu Liu,Zhili Qi,652200
2026-07-13T08:01:32.578402,2026-07-13T08:01:32.585770+00:00,70.2,50,bid,FlawlessFlatbreads,DiligentDonuts,652206
2026-07-13T08:01:32.610619,2026-07-13T08:01:32.615276+00:00,69.9,17,bid,Xuanyu Liu,EarnestEspressos,652207
2026-07-13T08:01:32.761144,2026-07-13T08:01:32.768778+00:00,69.9,30,bid,Yashwanth Madan,EarnestEspressos,652209
2026-07-13T08:01:33.366960,2026-07-13T08:01:33.377818+00:00,69.9,1,bid,Kelvin Chan,EarnestEspressos,652224
2026-07-13T08:01:33.455908,2026-07-13T08:01:33.465462+00:00,69.9,1,bid,Kelvin Chan,EarnestEspressos,652229
2026-07-13T08:01:33.996226,2026-07-13T08:01:34.008382+00:00,69.7,2,ask,DiligentDonuts,Dinh Nguyen,652235
2026-07-13T08:01:34.507343,2026-07-13T08:01:34.511384+00:00,69.8,9,ask,DiligentDonuts,Xuanyu Liu,652247
2026-07-13T08:01:34.712633,2026-07-13T08:01:34.722039+00:00,69.9,50,bid,FlawlessFlatbreads,EarnestEspressos,652257
2026-07-13T08:01:35.215162,2026-07-13T08:01:35.226579+00:00,69.8,2,ask,DiligentDonuts,Dinh Nguyen,652262
2026-07-13T08:01:35.705666,2026-07-13T08:01:35.712434+00:00,69.9,1,bid,Kelvin Chan,Scott Bagby,652273
2026-07-13T08:01:36.055657,2026-07-13T08:01:36.059737+00:00,69.9,1,bid,Xuanyu Liu,Scott Bagby,652287
2026-07-13T08:01:36.471146,2026-07-13T08:01:36.478104+00:00,69.8,1,ask,DiligentDonuts,Dinh Nguyen,652293
2026-07-13T08:01:36.789651,2026-07-13T08:01:36.794295+00:00,69.9,1,ask,Zhengnan Hua,Xuanyu Liu,652297
2026-07-13T08:01:36.819433,2026-07-13T08:01:36.831258+00:00,70.1,50,bid,FlawlessFlatbreads,EarnestEspressos,652298
2026-07-13T08:01:36.912871,2026-07-13T08:01:36.916686+00:00,69.9,5,ask,Zhengnan Hua,Xuanyu Liu,652299
2026-07-13T08:01:36.917739,2026-07-13T08:01:36.921637+00:00,69.9,4,ask,Zhengnan Hua,Xuanyu Liu,652300
2026-07-13T08:01:36.993810,2026-07-13T08:01:37.004403+00:00,69.8,1,ask,DiligentDonuts,Zhili Qi,652302
2026-07-13T08:01:37.306347,2026-07-13T08:01:37.317720+00:00,69.8,1,ask,DiligentDonuts,Zhili Qi,652309
2026-07-13T08:01:37.366085,2026-07-13T08:01:37.370762+00:00,69.9,2,bid,Xuanyu Liu,Scott Bagby,652312
2026-07-13T08:01:37.373996,2026-07-13T08:01:37.378358+00:00,70.1,2,bid,Xuanyu Liu,EarnestEspressos,652313
2026-07-13T08:01:37.763660,2026-07-13T08:01:37.774334+00:00,70.0,48,ask,DiligentDonuts,CostlyCorianders,652323
2026-07-13T08:01:38.354737,2026-07-13T08:01:38.356621+00:00,70.0,43,ask,DiligentDonuts,CostlyCorianders,652335
2026-07-13T08:01:38.690239,2026-07-13T08:01:38.696370+00:00,70.0,9,ask,DiligentDonuts,Xuanyu Liu,652341
2026-07-13T08:01:38.690239,2026-07-13T08:01:38.696370+00:00,70.0,3,ask,Zhengnan Hua,Xuanyu Liu,652342
2026-07-13T08:01:38.736739,2026-07-13T08:01:38.745960+00:00,70.0,7,ask,Zhengnan Hua,Yashwanth Madan,652346
2026-07-13T08:01:38.984199,2026-07-13T08:01:38.991426+00:00,69.9,1,ask,Zhili Qi,FlawlessFlatbreads,652363
2026-07-13T08:01:38.984199,2026-07-13T08:01:38.996448+00:00,69.9,1,ask,Kelvin Chan,FlawlessFlatbreads,652364
2026-07-13T08:01:38.984199,2026-07-13T08:01:38.996448+00:00,69.8,48,ask,EarnestEspressos,FlawlessFlatbreads,652365
2026-07-13T08:01:39.645149,2026-07-13T08:01:39.656636+00:00,69.9,10,ask,Zhengnan Hua,Dinh Nguyen,652376
2026-07-13T08:01:39.977544,2026-07-13T08:01:39.981317+00:00,69.9,2,bid,Xuanyu Liu,Scott Bagby,652389
2026-07-13T08:01:40.003190,2026-07-13T08:01:40.007259+00:00,70.1,4,bid,Xuanyu Liu,Zhengnan Hua,652390
2026-07-13T08:01:40.168174,2026-07-13T08:01:40.177200+00:00,69.8,2,ask,EarnestEspressos,Dinh Nguyen,652396
2026-07-13T08:01:40.774624,2026-07-13T08:01:40.795036+00:00,70.1,6,bid,Xuanyu Liu,Zhengnan Hua,652410
2026-07-13T08:01:41.093374,2026-07-13T08:01:41.100117+00:00,69.9,10,ask,Zhengnan Hua,FlawlessFlatbreads,652420
2026-07-13T08:01:41.093374,2026-07-13T08:01:41.105388+00:00,69.8,40,ask,EarnestEspressos,FlawlessFlatbreads,652421
2026-07-13T08:01:41.886403,2026-07-13T08:01:41.887266+00:00,70.0,1,ask,Zhengnan Hua,Zhili Qi,652438
2026-07-13T08:01:42.135571,2026-07-13T08:01:42.143629+00:00,70.1,10,bid,CostlyCorianders,Zhengnan Hua,652445
2026-07-13T08:01:42.135571,2026-07-13T08:01:42.148816+00:00,70.1,35,bid,CostlyCorianders,EarnestEspressos,652446
2026-07-13T08:01:42.200068,2026-07-13T08:01:42.208987+00:00,70.0,1,ask,Zhengnan Hua,Zhili Qi,652447
2026-07-13T08:01:42.514440,2026-07-13T08:01:42.520901+00:00,70.0,1,ask,Zhengnan Hua,Zhili Qi,652458
2026-07-13T08:01:42.617171,2026-07-13T08:01:42.626043+00:00,70.0,7,ask,Zhengnan Hua,Dinh Nguyen,652461
2026-07-13T08:01:43.146126,2026-07-13T08:01:43.158763+00:00,69.9,2,ask,Kelvin Chan,Dinh Nguyen,652474
2026-07-13T08:01:43.209928,2026-07-13T08:01:43.225221+00:00,69.9,2,ask,Kelvin Chan,FlawlessFlatbreads,652475
2026-07-13T08:01:43.209928,2026-07-13T08:01:43.225221+00:00,69.9,10,ask,Zhengnan Hua,FlawlessFlatbreads,652476
2026-07-13T08:01:43.209928,2026-07-13T08:01:43.225221+00:00,69.8,1,ask,Zhili Qi,FlawlessFlatbreads,652477
2026-07-13T08:01:43.209928,2026-07-13T08:01:43.230606+00:00,69.7,37,ask,Andy Garg,FlawlessFlatbreads,652478
2026-07-13T08:01:43.939322,2026-07-13T08:01:43.943211+00:00,69.9,4,ask,Kelvin Chan,Xuanyu Liu,652492
2026-07-13T08:01:44.164422,2026-07-13T08:01:44.174688+00:00,69.8,1,ask,Zhili Qi,CostlyCorianders,652495
2026-07-13T08:01:44.164422,2026-07-13T08:01:44.174688+00:00,69.8,4,ask,Kelvin Chan,CostlyCorianders,652496
2026-07-13T08:01:44.164422,2026-07-13T08:01:44.174688+00:00,69.8,10,ask,Zhengnan Hua,CostlyCorianders,652497
2026-07-13T08:01:44.164422,2026-07-13T08:01:44.179688+00:00,69.6,32,ask,EarnestEspressos,CostlyCorianders,652498
2026-07-13T08:01:44.407743,2026-07-13T08:01:44.417643+00:00,69.8,4,ask,Kelvin Chan,Dinh Nguyen,652503
2026-07-13T08:01:44.631660,2026-07-13T08:01:44.640391+00:00,69.6,1,ask,EarnestEspressos,Zhili Qi,652507
2026-07-13T08:01:44.635426,2026-07-13T08:01:44.645544+00:00,70.0,43,bid,CostlyCorianders,DiligentDonuts,652508
2026-07-13T08:01:45.250215,2026-07-13T08:01:45.254998+00:00,70.0,15,bid,Xuanyu Liu,DiligentDonuts,652538
2026-07-13T08:01:45.271570,2026-07-13T08:01:45.276020+00:00,69.9,3,bid,Xuanyu Liu,EarnestEspressos,652539
2026-07-13T08:01:45.817064,2026-07-13T08:01:45.823611+00:00,69.9,1,bid,Benjamin Lu,EarnestEspressos,652547
2026-07-13T08:01:46.225243,2026-07-13T08:01:46.239430+00:00,69.8,2,ask,Kelvin Chan,CostlyCorianders,652555
2026-07-13T08:01:46.225243,2026-07-13T08:01:46.239430+00:00,69.8,1,ask,Zhili Qi,CostlyCorianders,652556
2026-07-13T08:01:46.774574,2026-07-13T08:01:46.786411+00:00,69.7,1,ask,Zhili Qi,CostlyCorianders,652566
2026-07-13T08:01:46.981187,2026-07-13T08:01:46.990142+00:00,69.8,2,bid,Kelvin Chan,Zhengnan Hua,652572
2026-07-13T08:01:47.013291,2026-07-13T08:01:47.020685+00:00,69.8,2,bid,Kelvin Chan,Zhengnan Hua,652573
2026-07-13T08:01:47.046335,2026-07-13T08:01:47.057200+00:00,69.8,2,bid,Kelvin Chan,Zhengnan Hua,652574
2026-07-13T08:01:47.154008,2026-07-13T08:01:47.165533+00:00,69.8,4,bid,DiligentDonuts,Zhengnan Hua,652576
2026-07-13T08:01:47.423562,2026-07-13T08:01:47.438039+00:00,69.9,48,bid,CostlyCorianders,EarnestEspressos,652583
2026-07-13T08:01:47.430079,2026-07-13T08:01:47.438039+00:00,69.8,50,ask,DiligentDonuts,FlawlessFlatbreads,652584
2026-07-13T08:01:47.453183,2026-07-13T08:01:47.464793+00:00,69.8,2,ask,DiligentDonuts,Dinh Nguyen,652586
2026-07-13T08:01:48.445076,2026-07-13T08:01:48.458563+00:00,69.8,44,ask,DiligentDonuts,CostlyCorianders,652607
2026-07-13T08:01:48.445076,2026-07-13T08:01:48.458563+00:00,69.8,5,ask,Zhengnan Hua,CostlyCorianders,652608
2026-07-13T08:01:48.730165,2026-07-13T08:01:48.736980+00:00,69.7,2,ask,EarnestEspressos,Dinh Nguyen,652611
2026-07-13T08:01:49.031509,2026-07-13T08:01:49.035474+00:00,69.8,2,ask,Kelvin Chan,Xuanyu Liu,652615
2026-07-13T08:01:49.067792,2026-07-13T08:01:49.071412+00:00,69.8,1,ask,Kelvin Chan,Xuanyu Liu,652617
2026-07-13T08:01:49.536996,2026-07-13T08:01:49.545009+00:00,69.8,1,ask,Kelvin Chan,FlawlessFlatbreads,652625
2026-07-13T08:01:49.536996,2026-07-13T08:01:49.550332+00:00,69.7,49,ask,EarnestEspressos,FlawlessFlatbreads,652626
2026-07-13T08:01:49.981922,2026-07-13T08:01:49.989309+00:00,69.8,1,ask,Kelvin Chan,Dinh Nguyen,652635
2026-07-13T08:01:49.981922,2026-07-13T08:01:49.994633+00:00,69.7,1,ask,EarnestEspressos,Dinh Nguyen,652636
2026-07-13T08:01:50.499160,2026-07-13T08:01:50.503176+00:00,70.0,3,bid,Xuanyu Liu,Zhengnan Hua,652651
2026-07-13T08:01:51.667942,2026-07-13T08:01:51.685298+00:00,69.8,1,ask,Zhili Qi,FlawlessFlatbreads,652667
2026-07-13T08:01:51.667942,2026-07-13T08:01:51.685298+00:00,69.8,1,ask,Kelvin Chan,FlawlessFlatbreads,652668
2026-07-13T08:01:51.667942,2026-07-13T08:01:51.690580+00:00,69.8,10,ask,Zhengnan Hua,FlawlessFlatbreads,652669
2026-07-13T08:01:51.667942,2026-07-13T08:01:51.690580+00:00,69.8,38,ask,EarnestEspressos,FlawlessFlatbreads,652670
2026-07-13T08:01:53.699160,2026-07-13T08:01:53.705903+00:00,69.8,2,ask,EarnestEspressos,Dinh Nguyen,652705
2026-07-13T08:01:53.778247,2026-07-13T08:01:53.789683+00:00,69.8,50,ask,EarnestEspressos,FlawlessFlatbreads,652707
2026-07-13T08:01:54.508736,2026-07-13T08:01:54.520497+00:00,70.0,5,bid,CostlyCorianders,Kelvin Chan,652719
2026-07-13T08:01:54.508736,2026-07-13T08:01:54.520497+00:00,70.0,39,bid,CostlyCorianders,DiligentDonuts,652720
2026-07-13T08:01:54.749345,2026-07-13T08:01:54.755682+00:00,69.7,1,ask,Kelvin Chan,EarnestEspressos,652726
2026-07-13T08:01:54.749345,2026-07-13T08:01:54.755682+00:00,69.7,1,ask,Zhili Qi,EarnestEspressos,652727
2026-07-13T08:01:54.822916,2026-07-13T08:01:54.831598+00:00,69.7,1,bid,Kelvin Chan,EarnestEspressos,652728
2026-07-13T08:01:54.854177,2026-07-13T08:01:54.865246+00:00,69.7,18,bid,Benjamin Lu,EarnestEspressos,652730
2026-07-13T08:01:54.860023,2026-07-13T08:01:54.870524+00:00,69.7,1,bid,Kelvin Chan,EarnestEspressos,652731
2026-07-13T08:01:54.889969,2026-07-13T08:01:54.901790+00:00,69.7,1,bid,Kelvin Chan,EarnestEspressos,652732
2026-07-13T08:01:54.960245,2026-07-13T08:01:54.971039+00:00,69.7,7,bid,Yashwanth Madan,EarnestEspressos,652734
2026-07-13T08:01:54.992143,2026-07-13T08:01:55.003489+00:00,69.7,49,bid,CostlyCorianders,EarnestEspressos,652736
2026-07-13T08:01:55.035920,2026-07-13T08:01:55.046088+00:00,69.7,1,bid,Kelvin Chan,EarnestEspressos,652737
2026-07-13T08:01:55.111498,2026-07-13T08:01:55.118195+00:00,69.7,1,bid,Kelvin Chan,EarnestEspressos,652738
2026-07-13T08:01:55.144536,2026-07-13T08:01:55.155687+00:00,69.7,1,bid,Kelvin Chan,EarnestEspressos,652739
2026-07-13T08:01:55.177404,2026-07-13T08:01:55.188526+00:00,69.7,1,bid,Kelvin Chan,EarnestEspressos,652740
2026-07-13T08:01:55.232570,2026-07-13T08:01:55.241700+00:00,69.7,1,bid,Kelvin Chan,EarnestEspressos,652741
2026-07-13T08:01:55.257441,2026-07-13T08:01:55.268960+00:00,69.7,1,bid,Kelvin Chan,EarnestEspressos,652742
2026-07-13T08:01:55.702088,2026-07-13T08:01:55.712709+00:00,69.7,1,bid,Kelvin Chan,EarnestEspressos,652747
2026-07-13T08:01:55.744183,2026-07-13T08:01:55.756029+00:00,69.7,20,bid,Peter Chen,EarnestEspressos,652751
2026-07-13T08:01:55.751271,2026-07-13T08:01:55.756029+00:00,69.7,1,bid,Kelvin Chan,EarnestEspressos,652752
2026-07-13T08:01:55.803277,2026-07-13T08:01:55.810618+00:00,69.7,20,bid,Peter Chen,EarnestEspressos,652754
2026-07-13T08:01:55.824068,2026-07-13T08:01:55.831514+00:00,69.7,23,bid,Peter Jeregui,EarnestEspressos,652756
2026-07-13T08:01:55.824068,2026-07-13T08:01:55.836510+00:00,69.7,10,bid,Peter Jeregui,Zhengnan Hua,652757
2026-07-13T08:01:55.829893,2026-07-13T08:01:55.836510+00:00,69.9,1,bid,Peter Jeregui,Scott Bagby,652758
2026-07-13T08:01:55.884393,2026-07-13T08:01:55.895169+00:00,69.6,40,ask,Andy Garg,FlawlessFlatbreads,652761
2026-07-13T08:01:55.884393,2026-07-13T08:01:55.895169+00:00,69.5,10,ask,DiligentDonuts,FlawlessFlatbreads,652762
2026-07-13T08:01:57.161064,2026-07-13T08:01:57.172985+00:00,69.7,10,ask,Zhengnan Hua,CostlyCorianders,652790
2026-07-13T08:01:57.161064,2026-07-13T08:01:57.172985+00:00,69.7,1,ask,Kelvin Chan,CostlyCorianders,652791
2026-07-13T08:01:57.161064,2026-07-13T08:01:57.172985+00:00,69.7,1,ask,Zhili Qi,CostlyCorianders,652792
2026-07-13T08:01:57.161064,2026-07-13T08:01:57.178539+00:00,69.6,32,ask,DiligentDonuts,CostlyCorianders,652793
2026-07-13T08:01:57.992942,2026-07-13T08:01:58.002535+00:00,69.8,50,ask,EarnestEspressos,FlawlessFlatbreads,652817
2026-07-13T08:01:58.661187,2026-07-13T08:01:58.672996+00:00,69.8,2,ask,EarnestEspressos,Dinh Nguyen,652825
2026-07-13T08:01:59.606088,2026-07-13T08:01:59.614396+00:00,69.8,48,ask,EarnestEspressos,CostlyCorianders,652846
2026-07-13T08:01:59.910160,2026-07-13T08:01:59.919619+00:00,69.8,2,ask,EarnestEspressos,Dinh Nguyen,652856
2026-07-13T08:02:00.048847,2026-07-13T08:02:00.058565+00:00,69.9,2,bid,FlawlessFlatbreads,Scott Bagby,652863
2026-07-13T08:02:00.048847,2026-07-13T08:02:00.058565+00:00,69.9,10,bid,FlawlessFlatbreads,Zhengnan Hua,652864
2026-07-13T08:02:00.048847,2026-07-13T08:02:00.058565+00:00,69.9,38,bid,FlawlessFlatbreads,DiligentDonuts,652865
2026-07-13T08:02:01.119166,2026-07-13T08:02:01.129480+00:00,69.7,2,ask,Zhengnan Hua,Dinh Nguyen,652885
2026-07-13T08:02:02.216925,2026-07-13T08:02:02.224808+00:00,69.6,1,ask,Zhili Qi,FlawlessFlatbreads,652915
2026-07-13T08:02:02.216925,2026-07-13T08:02:02.230301+00:00,69.5,1,ask,Scott Bagby,FlawlessFlatbreads,652916
2026-07-13T08:02:02.216925,2026-07-13T08:02:02.230301+00:00,69.4,48,ask,DiligentDonuts,FlawlessFlatbreads,652917
2026-07-13T08:02:02.274730,2026-07-13T08:02:02.286202+00:00,69.7,10,bid,Peter Chen,Zhengnan Hua,652923
2026-07-13T08:02:02.279291,2026-07-13T08:02:02.286202+00:00,69.8,10,bid,Peter Chen,EarnestEspressos,652924
2026-07-13T08:02:03.644381,2026-07-13T08:02:03.655774+00:00,69.7,10,bid,Peter Chen,Zhengnan Hua,652965
2026-07-13T08:02:03.650084,2026-07-13T08:02:03.655774+00:00,69.8,10,bid,Peter Chen,EarnestEspressos,652966
2026-07-13T08:02:06.428884,2026-07-13T08:02:06.440605+00:00,69.7,10,ask,Zhengnan Hua,FlawlessFlatbreads,653029
2026-07-13T08:02:06.428884,2026-07-13T08:02:06.440605+00:00,69.6,40,ask,EarnestEspressos,FlawlessFlatbreads,653030
2026-07-13T08:02:07.101624,2026-07-13T08:02:07.110805+00:00,69.9,10,bid,CostlyCorianders,Zhengnan Hua,653043
2026-07-13T08:02:07.101624,2026-07-13T08:02:07.110805+00:00,70.0,34,bid,CostlyCorianders,DiligentDonuts,653044
2026-07-13T08:02:08.997590,2026-07-13T08:02:09.009204+00:00,69.8,46,bid,CostlyCorianders,EarnestEspressos,653080
2026-07-13T08:02:10.177027,2026-07-13T08:02:10.186439+00:00,69.8,50,bid,Peter Chen,EarnestEspressos,653104
2026-07-13T08:02:10.230055,2026-07-13T08:02:10.242362+00:00,69.8,30,bid,Yashwanth Madan,EarnestEspressos,653105
2026-07-13T08:02:10.245187,2026-07-13T08:02:10.252915+00:00,69.8,24,bid,Peter Chen,EarnestEspressos,653107
2026-07-13T08:02:10.245187,2026-07-13T08:02:10.252915+00:00,69.8,10,bid,Peter Chen,Zhengnan Hua,653108
2026-07-13T08:02:10.258554,2026-07-13T08:02:10.268992+00:00,69.9,2,bid,Peter Chen,Kelvin Chan,653110
2026-07-13T08:02:10.258554,2026-07-13T08:02:10.268992+00:00,70.0,1,bid,Peter Chen,Zhili Qi,653111
2026-07-13T08:02:10.258554,2026-07-13T08:02:10.268992+00:00,70.1,12,bid,Peter Chen,DiligentDonuts,653112
2026-07-13T08:02:10.525003,2026-07-13T08:02:10.535079+00:00,70.1,88,bid,EarnestEspressos,DiligentDonuts,653122
2026-07-13T08:02:10.525003,2026-07-13T08:02:10.535079+00:00,70.1,1,bid,EarnestEspressos,Scott Bagby,653123
2026-07-13T08:02:10.525003,2026-07-13T08:02:10.535079+00:00,70.2,1,bid,EarnestEspressos,Zhili Qi,653124
2026-07-13T08:02:10.541572,2026-07-13T08:02:10.545658+00:00,70.2,9,ask,EarnestEspressos,Xuanyu Liu,653125
2026-07-13T08:02:10.577103,2026-07-13T08:02:10.588710+00:00,70.2,20,ask,EarnestEspressos,Peter Chen,653130
2026-07-13T08:02:10.642233,2026-07-13T08:02:10.653593+00:00,70.2,20,ask,EarnestEspressos,Peter Chen,653134
2026-07-13T08:02:10.655284,2026-07-13T08:02:10.664183+00:00,70.2,11,ask,EarnestEspressos,FlawlessFlatbreads,653136
2026-07-13T08:02:10.655284,2026-07-13T08:02:10.664183+00:00,69.8,1,ask,Zhili Qi,FlawlessFlatbreads,653137
2026-07-13T08:02:10.655284,2026-07-13T08:02:10.669367+00:00,69.7,1,ask,Scott Bagby,FlawlessFlatbreads,653138
2026-07-13T08:02:10.655284,2026-07-13T08:02:10.669367+00:00,69.6,37,ask,DiligentDonuts,FlawlessFlatbreads,653139
2026-07-13T08:02:12.118501,2026-07-13T08:02:12.130357+00:00,70.0,2,ask,Zhengnan Hua,Peter Jeregui,653185
2026-07-13T08:02:12.239253,2026-07-13T08:02:12.253281+00:00,70.0,2,ask,Zhengnan Hua,Peter Jeregui,653186
2026-07-13T08:02:12.324567,2026-07-13T08:02:12.336415+00:00,70.0,2,ask,Zhengnan Hua,Peter Jeregui,653189
2026-07-13T08:02:12.530752,2026-07-13T08:02:12.542425+00:00,70.0,2,ask,Zhengnan Hua,Dinh Nguyen,653193
2026-07-13T08:02:12.766509,2026-07-13T08:02:12.777985+00:00,70.0,2,ask,Zhengnan Hua,FlawlessFlatbreads,653197
2026-07-13T08:02:12.766509,2026-07-13T08:02:12.777985+00:00,70.0,48,ask,DiligentDonuts,FlawlessFlatbreads,653198
2026-07-13T08:02:13.477206,2026-07-13T08:02:13.487234+00:00,70.1,2,ask,Zhengnan Hua,Dinh Nguyen,653221
2026-07-13T08:02:13.556398,2026-07-13T08:02:13.570333+00:00,70.1,8,ask,Zhengnan Hua,CostlyCorianders,653223
2026-07-13T08:02:13.556398,2026-07-13T08:02:13.570333+00:00,70.0,32,ask,DiligentDonuts,CostlyCorianders,653224
2026-07-13T08:02:13.759553,2026-07-13T08:02:13.764250+00:00,70.1,9,bid,Xuanyu Liu,EarnestEspressos,653228
2026-07-13T08:02:14.874767,2026-07-13T08:02:14.883012+00:00,70.0,20,ask,DiligentDonuts,FlawlessFlatbreads,653249
2026-07-13T08:02:14.874767,2026-07-13T08:02:14.883012+00:00,70.0,10,ask,Zhengnan Hua,FlawlessFlatbreads,653250
2026-07-13T08:02:14.874767,2026-07-13T08:02:14.888477+00:00,69.9,1,ask,Zhili Qi,FlawlessFlatbreads,653251
2026-07-13T08:02:14.874767,2026-07-13T08:02:14.888477+00:00,69.8,2,ask,Scott Bagby,FlawlessFlatbreads,653252
2026-07-13T08:02:14.874767,2026-07-13T08:02:14.888477+00:00,69.6,4,ask,Kelvin Chan,FlawlessFlatbreads,653253
2026-07-13T08:02:14.874767,2026-07-13T08:02:14.888477+00:00,69.6,13,ask,EarnestEspressos,FlawlessFlatbreads,653254
2026-07-13T08:02:15.733198,2026-07-13T08:02:15.740918+00:00,69.8,1,ask,Zhili Qi,CostlyCorianders,653273
2026-07-13T08:02:15.733198,2026-07-13T08:02:15.746280+00:00,69.7,48,ask,DiligentDonuts,CostlyCorianders,653274
2026-07-13T08:02:16.817472,2026-07-13T08:02:16.826114+00:00,70.0,10,bid,Peter Chen,Zhengnan Hua,653291
2026-07-13T08:02:16.821440,2026-07-13T08:02:16.831323+00:00,70.1,1,bid,Peter Chen,Scott Bagby,653292
2026-07-13T08:02:16.821440,2026-07-13T08:02:16.831323+00:00,70.2,9,bid,Peter Chen,DiligentDonuts,653293
2026-07-13T08:02:16.986627,2026-07-13T08:02:16.998279+00:00,69.8,1,ask,Zhili Qi,FlawlessFlatbreads,653295
2026-07-13T08:02:16.986627,2026-07-13T08:02:16.998279+00:00,69.8,30,ask,Yashwanth Madan,FlawlessFlatbreads,653296
2026-07-13T08:02:16.986627,2026-07-13T08:02:16.998279+00:00,69.7,19,ask,DiligentDonuts,FlawlessFlatbreads,653297
2026-07-13T08:02:17.821341,2026-07-13T08:02:17.829368+00:00,70.1,45,bid,CostlyCorianders,EarnestEspressos,653314
2026-07-13T08:02:18.045604,2026-07-13T08:02:18.050325+00:00,69.9,3,ask,Zhengnan Hua,Xuanyu Liu,653324
2026-07-13T08:02:18.217002,2026-07-13T08:02:18.228750+00:00,69.9,7,ask,Zhengnan Hua,Yashwanth Madan,653327
2026-07-13T08:02:18.856550,2026-07-13T08:02:18.861894+00:00,69.8,3,bid,Xuanyu Liu,DiligentDonuts,653335
2026-07-13T08:02:19.025495,2026-07-13T08:02:19.036723+00:00,69.8,43,bid,CostlyCorianders,DiligentDonuts,653338
2026-07-13T08:02:19.097251,2026-07-13T08:02:19.101990+00:00,69.7,2,ask,Scott Bagby,FlawlessFlatbreads,653342
2026-07-13T08:02:19.097251,2026-07-13T08:02:19.101990+00:00,69.7,5,ask,Kelvin Chan,FlawlessFlatbreads,653343
2026-07-13T08:02:19.097251,2026-07-13T08:02:19.112342+00:00,69.7,1,ask,Zhili Qi,FlawlessFlatbreads,653344
2026-07-13T08:02:21.208058,2026-07-13T08:02:21.218747+00:00,69.6,1,ask,Zhili Qi,FlawlessFlatbreads,653394
2026-07-13T08:02:21.208058,2026-07-13T08:02:21.218747+00:00,69.5,1,ask,Scott Bagby,FlawlessFlatbreads,653395
2026-07-13T08:02:21.208058,2026-07-13T08:02:21.218747+00:00,69.5,48,ask,EarnestEspressos,FlawlessFlatbreads,653396
2026-07-13T08:02:21.991004,2026-07-13T08:02:22.001069+00:00,69.7,10,bid,Peter Chen,Zhengnan Hua,653412
2026-07-13T08:02:21.995401,2026-07-13T08:02:22.006549+00:00,69.9,1,bid,Peter Chen,Zhili Qi,653413
2026-07-13T08:02:21.995401,2026-07-13T08:02:22.006549+00:00,70.0,1,bid,Peter Chen,Scott Bagby,653414
2026-07-13T08:02:21.995401,2026-07-13T08:02:22.006549+00:00,70.0,8,bid,Peter Chen,EarnestEspressos,653415
2026-07-13T08:02:23.317040,2026-07-13T08:02:23.328976+00:00,69.7,10,ask,Zhengnan Hua,FlawlessFlatbreads,653431
2026-07-13T08:02:23.317040,2026-07-13T08:02:23.328976+00:00,69.6,2,ask,Scott Bagby,FlawlessFlatbreads,653432
2026-07-13T08:02:23.317040,2026-07-13T08:02:23.328976+00:00,69.6,1,ask,Zhili Qi,FlawlessFlatbreads,653433
2026-07-13T08:02:23.317040,2026-07-13T08:02:23.328976+00:00,69.4,37,ask,DiligentDonuts,FlawlessFlatbreads,653434
2026-07-13T08:02:23.906255,2026-07-13T08:02:23.927836+00:00,69.5,1,ask,Zhili Qi,CostlyCorianders,653452
2026-07-13T08:02:23.906255,2026-07-13T08:02:23.927836+00:00,69.4,44,ask,DiligentDonuts,CostlyCorianders,653453
2026-07-13T08:02:25.214834,2026-07-13T08:02:25.224479+00:00,69.6,20,bid,Peter Chen,DiligentDonuts,653480
2026-07-13T08:02:25.295461,2026-07-13T08:02:25.305257+00:00,69.6,6,bid,Peter Jeregui,DiligentDonuts,653486
2026-07-13T08:02:25.366605,2026-07-13T08:02:25.374205+00:00,69.6,6,bid,Zhengnan Hua,DiligentDonuts,653488
2026-07-13T08:02:25.427801,2026-07-13T08:02:25.437849+00:00,69.5,1,ask,Zhili Qi,FlawlessFlatbreads,653490
2026-07-13T08:02:25.427801,2026-07-13T08:02:25.437849+00:00,69.4,49,ask,EarnestEspressos,FlawlessFlatbreads,653491
2026-07-13T08:02:25.512939,2026-07-13T08:02:25.523942+00:00,69.6,1,bid,Zhili Qi,DiligentDonuts,653493
2026-07-13T08:02:25.578383,2026-07-13T08:02:25.590261+00:00,69.4,46,ask,EarnestEspressos,CostlyCorianders,653495
2026-07-13T08:02:25.773169,2026-07-13T08:02:25.780608+00:00,69.6,13,bid,Gourab Sharma,DiligentDonuts,653497
2026-07-13T08:02:25.828615,2026-07-13T08:02:25.841714+00:00,69.6,1,bid,Peter Chen,DiligentDonuts,653501
2026-07-13T08:02:26.020377,2026-07-13T08:02:26.028564+00:00,69.6,18,bid,Benjamin Lu,DiligentDonuts,653506
2026-07-13T08:02:26.142529,2026-07-13T08:02:26.149124+00:00,69.6,1,bid,Zhili Qi,DiligentDonuts,653509
2026-07-13T08:02:26.417159,2026-07-13T08:02:26.435068+00:00,69.4,1,ask,Scott Bagby,EarnestEspressos,653516
2026-07-13T08:02:26.430920,2026-07-13T08:02:26.435068+00:00,69.4,9,bid,Xuanyu Liu,EarnestEspressos,653518
2026-07-13T08:02:26.459641,2026-07-13T08:02:26.471492+00:00,69.4,1,bid,Zhili Qi,EarnestEspressos,653521
2026-07-13T08:02:26.473849,2026-07-13T08:02:26.481745+00:00,69.4,34,bid,Yashwanth Madan,EarnestEspressos,653522
2026-07-13T08:02:26.517008,2026-07-13T08:02:26.523278+00:00,69.4,50,bid,Zhengnan Hua,EarnestEspressos,653525
2026-07-13T08:02:26.579581,2026-07-13T08:02:26.589101+00:00,69.4,25,bid,Dinh Nguyen,EarnestEspressos,653528
2026-07-13T08:02:26.582611,2026-07-13T08:02:26.589101+00:00,69.4,30,bid,Peter Jeregui,EarnestEspressos,653529
2026-07-13T08:02:26.582611,2026-07-13T08:02:26.594597+00:00,69.4,10,bid,Peter Jeregui,Zhengnan Hua,653530
2026-07-13T08:02:27.232517,2026-07-13T08:02:27.238660+00:00,69.3,1,ask,Zhili Qi,Xuanyu Liu,653544
2026-07-13T08:02:27.232517,2026-07-13T08:02:27.238660+00:00,69.3,8,ask,Andy Garg,Xuanyu Liu,653545
2026-07-13T08:02:27.537380,2026-07-13T08:02:27.548993+00:00,69.2,40,ask,Andy Garg,FlawlessFlatbreads,653558
2026-07-13T08:02:27.537380,2026-07-13T08:02:27.548993+00:00,69.1,10,ask,DiligentDonuts,FlawlessFlatbreads,653559
2026-07-13T08:02:27.744636,2026-07-13T08:02:27.748600+00:00,69.4,9,bid,Xuanyu Liu,Zhengnan Hua,653566
2026-07-13T08:02:27.824815,2026-07-13T08:02:27.834262+00:00,69.4,1,bid,Gourab Sharma,Zhengnan Hua,653571
2026-07-13T08:02:28.047865,2026-07-13T08:02:28.058579+00:00,69.6,1,bid,Zhili Qi,DiligentDonuts,653577
2026-07-13T08:02:28.322233,2026-07-13T08:02:28.332979+00:00,69.8,1,bid,Dinh Nguyen,Scott Bagby,653585
2026-07-13T08:02:28.322233,2026-07-13T08:02:28.332979+00:00,69.8,1,bid,Dinh Nguyen,Andy Garg,653586
2026-07-13T08:02:28.465065,2026-07-13T08:02:28.468903+00:00,69.4,2,ask,Scott Bagby,Xuanyu Liu,653591
2026-07-13T08:02:29.145973,2026-07-13T08:02:29.158564+00:00,69.6,10,bid,CostlyCorianders,Zhengnan Hua,653602
2026-07-13T08:02:29.145973,2026-07-13T08:02:29.158564+00:00,69.7,1,bid,CostlyCorianders,Scott Bagby,653603
2026-07-13T08:02:29.145973,2026-07-13T08:02:29.158564+00:00,69.7,30,bid,CostlyCorianders,Andy Garg,653604
2026-07-13T08:02:29.534821,2026-07-13T08:02:29.538303+00:00,69.4,7,ask,EarnestEspressos,Xuanyu Liu,653619
2026-07-13T08:02:29.593707,2026-07-13T08:02:29.605167+00:00,69.7,1,bid,FlawlessFlatbreads,Zhili Qi,653621
2026-07-13T08:02:29.593707,2026-07-13T08:02:29.605167+00:00,69.8,5,bid,FlawlessFlatbreads,Kelvin Chan,653622
2026-07-13T08:02:29.593707,2026-07-13T08:02:29.605167+00:00,69.8,44,bid,FlawlessFlatbreads,DiligentDonuts,653623
2026-07-13T08:02:29.951959,2026-07-13T08:02:29.963837+00:00,69.8,1,bid,Zhili Qi,DiligentDonuts,653639
2026-07-13T08:02:30.192755,2026-07-13T08:02:30.204293+00:00,69.7,7,bid,Gourab Sharma,Zhengnan Hua,653644
2026-07-13T08:02:30.266452,2026-07-13T08:02:30.277985+00:00,69.7,1,bid,Zhili Qi,Zhengnan Hua,653648
2026-07-13T08:02:30.580288,2026-07-13T08:02:30.591329+00:00,69.7,1,bid,Zhili Qi,Zhengnan Hua,653659
2026-07-13T08:02:30.894073,2026-07-13T08:02:30.903882+00:00,69.7,1,bid,Zhili Qi,Zhengnan Hua,653674
2026-07-13T08:02:31.294207,2026-07-13T08:02:31.305855+00:00,69.8,2,bid,Dinh Nguyen,DiligentDonuts,653687
2026-07-13T08:02:31.703925,2026-07-13T08:02:31.712533+00:00,69.7,10,bid,FlawlessFlatbreads,Zhengnan Hua,653695
2026-07-13T08:02:31.703925,2026-07-13T08:02:31.712533+00:00,69.8,4,bid,FlawlessFlatbreads,Kelvin Chan,653696
2026-07-13T08:02:31.703925,2026-07-13T08:02:31.717806+00:00,69.8,1,bid,FlawlessFlatbreads,Zhili Qi,653697
2026-07-13T08:02:31.703925,2026-07-13T08:02:31.717806+00:00,69.9,35,bid,FlawlessFlatbreads,EarnestEspressos,653698
2026-07-13T08:02:33.761224,2026-07-13T08:02:33.772648+00:00,69.8,2,bid,Dinh Nguyen,Kelvin Chan,653742
2026-07-13T08:02:33.790987,2026-07-13T08:02:33.799131+00:00,69.7,18,ask,EarnestEspressos,Zhengnan Hua,653744
2026-07-13T08:02:33.814046,2026-07-13T08:02:33.825924+00:00,69.8,2,bid,FlawlessFlatbreads,Kelvin Chan,653745
2026-07-13T08:02:33.814046,2026-07-13T08:02:33.825924+00:00,69.8,10,bid,FlawlessFlatbreads,Zhengnan Hua,653746
2026-07-13T08:02:33.814046,2026-07-13T08:02:33.825924+00:00,69.9,1,bid,FlawlessFlatbreads,Zhili Qi,653747
2026-07-13T08:02:33.814046,2026-07-13T08:02:33.825924+00:00,69.9,1,bid,FlawlessFlatbreads,Scott Bagby,653748
2026-07-13T08:02:33.814046,2026-07-13T08:02:33.825924+00:00,70.0,36,bid,FlawlessFlatbreads,DiligentDonuts,653749
2026-07-13T08:02:34.359353,2026-07-13T08:02:34.369205+00:00,69.8,1,bid,Zhili Qi,Kelvin Chan,653761
2026-07-13T08:02:34.599713,2026-07-13T08:02:34.611500+00:00,69.8,4,bid,DiligentDonuts,Kelvin Chan,653762
2026-07-13T08:02:35.203926,2026-07-13T08:02:35.211395+00:00,69.8,57,ask,DiligentDonuts,Yashwanth Madan,653786
2026-07-13T08:02:35.925784,2026-07-13T08:02:35.937404+00:00,70.0,1,bid,FlawlessFlatbreads,Zhili Qi,653799
2026-07-13T08:02:35.925784,2026-07-13T08:02:35.937404+00:00,70.0,10,bid,FlawlessFlatbreads,Zhengnan Hua,653800
2026-07-13T08:02:35.925784,2026-07-13T08:02:35.937404+00:00,70.0,1,bid,FlawlessFlatbreads,Scott Bagby,653801
2026-07-13T08:02:35.925784,2026-07-13T08:02:35.937404+00:00,70.1,38,bid,FlawlessFlatbreads,Andy Garg,653802
2026-07-13T08:02:36.234386,2026-07-13T08:02:36.244177+00:00,69.8,10,ask,DiligentDonuts,Zhengnan Hua,653810
2026-07-13T08:02:36.531875,2026-07-13T08:02:36.539861+00:00,69.9,10,ask,Zhengnan Hua,CostlyCorianders,653830
2026-07-13T08:02:36.531875,2026-07-13T08:02:36.545313+00:00,69.8,29,ask,DiligentDonuts,CostlyCorianders,653831
2026-07-13T08:02:36.531875,2026-07-13T08:02:36.545313+00:00,69.7,2,ask,Scott Bagby,CostlyCorianders,653832
2026-07-13T08:02:36.531875,2026-07-13T08:02:36.545313+00:00,69.6,8,ask,EarnestEspressos,CostlyCorianders,653833
2026-07-13T08:02:38.037541,2026-07-13T08:02:38.047784+00:00,69.9,10,bid,FlawlessFlatbreads,Zhengnan Hua,653852
2026-07-13T08:02:38.037541,2026-07-13T08:02:38.047784+00:00,69.9,1,bid,FlawlessFlatbreads,Scott Bagby,653853
2026-07-13T08:02:38.037541,2026-07-13T08:02:38.047784+00:00,69.9,39,bid,FlawlessFlatbreads,DiligentDonuts,653854
2026-07-13T08:02:38.695342,2026-07-13T08:02:38.703248+00:00,69.6,10,ask,EarnestEspressos,Zhengnan Hua,653869
2026-07-13T08:02:38.977642,2026-07-13T08:02:38.986271+00:00,69.9,45,bid,CostlyCorianders,DiligentDonuts,653879
2026-07-13T08:02:40.006353,2026-07-13T08:02:40.017883+00:00,69.9,2,bid,Dinh Nguyen,DiligentDonuts,653900
2026-07-13T08:02:40.149847,2026-07-13T08:02:40.161732+00:00,69.9,14,bid,FlawlessFlatbreads,DiligentDonuts,653902
2026-07-13T08:02:40.149847,2026-07-13T08:02:40.161732+00:00,69.9,3,bid,FlawlessFlatbreads,Kelvin Chan,653903
2026-07-13T08:02:40.149847,2026-07-13T08:02:40.161732+00:00,69.9,1,bid,FlawlessFlatbreads,Zhili Qi,653904
2026-07-13T08:02:40.149847,2026-07-13T08:02:40.166994+00:00,70.0,32,bid,FlawlessFlatbreads,EarnestEspressos,653905
2026-07-13T08:02:40.493385,2026-07-13T08:02:40.503101+00:00,70.0,40,bid,CostlyCorianders,EarnestEspressos,653915
2026-07-13T08:02:41.123742,2026-07-13T08:02:41.130729+00:00,69.7,8,ask,DiligentDonuts,Zhengnan Hua,653929
2026-07-13T08:02:42.312550,2026-07-13T08:02:42.323983+00:00,69.8,50,ask,EarnestEspressos,FlawlessFlatbreads,653963
2026-07-13T08:02:42.342151,2026-07-13T08:02:42.349828+00:00,69.8,10,ask,EarnestEspressos,Zhengnan Hua,653965
2026-07-13T08:02:42.511304,2026-07-13T08:02:42.523224+00:00,69.9,1,bid,Dinh Nguyen,Scott Bagby,653968
2026-07-13T08:02:42.511304,2026-07-13T08:02:42.523224+00:00,70.0,1,bid,Dinh Nguyen,Zhili Qi,653969
2026-07-13T08:02:43.424903,2026-07-13T08:02:43.436794+00:00,69.8,42,ask,EarnestEspressos,CostlyCorianders,653987
2026-07-13T08:02:44.418835,2026-07-13T08:02:44.425728+00:00,69.8,48,ask,EarnestEspressos,FlawlessFlatbreads,654001
2026-07-13T08:02:44.418835,2026-07-13T08:02:44.430969+00:00,69.8,2,ask,Zhengnan Hua,FlawlessFlatbreads,654002
2026-07-13T08:02:44.569081,2026-07-13T08:02:44.575950+00:00,69.7,2,ask,Scott Bagby,CostlyCorianders,654009
2026-07-13T08:02:44.569081,2026-07-13T08:02:44.581399+00:00,69.7,39,ask,DiligentDonuts,CostlyCorianders,654010
2026-07-13T08:02:45.131492,2026-07-13T08:02:45.141246+00:00,70.0,1,bid,CostlyCorianders,Scott Bagby,654024
2026-07-13T08:02:45.131492,2026-07-13T08:02:45.141246+00:00,70.0,5,bid,CostlyCorianders,Kelvin Chan,654025
2026-07-13T08:02:45.131492,2026-07-13T08:02:45.146534+00:00,70.0,1,bid,CostlyCorianders,Zhili Qi,654026
2026-07-13T08:02:45.131492,2026-07-13T08:02:45.146534+00:00,70.2,37,bid,CostlyCorianders,DiligentDonuts,654027
2026-07-13T08:02:45.397573,2026-07-13T08:02:45.409890+00:00,69.8,10,ask,Zhengnan Hua,EarnestEspressos,654032
2026-07-13T08:02:45.397573,2026-07-13T08:02:45.409890+00:00,69.7,61,ask,DiligentDonuts,EarnestEspressos,654033
2026-07-13T08:02:45.397573,2026-07-13T08:02:45.409890+00:00,69.7,1,ask,Zhili Qi,EarnestEspressos,654034
2026-07-13T08:02:45.778584,2026-07-13T08:02:45.788887+00:00,69.7,1,bid,Zhili Qi,EarnestEspressos,654047
2026-07-13T08:02:45.977291,2026-07-13T08:02:45.983779+00:00,69.7,6,bid,Zhengnan Hua,EarnestEspressos,654058
2026-07-13T08:02:46.092164,2026-07-13T08:02:46.099671+00:00,69.7,1,bid,Zhili Qi,EarnestEspressos,654061
2026-07-13T08:02:46.196239,2026-07-13T08:02:46.208171+00:00,69.5,40,ask,Andy Garg,CostlyCorianders,654062
2026-07-13T08:02:46.196239,2026-07-13T08:02:46.208171+00:00,69.5,1,ask,Zhengnan Hua,CostlyCorianders,654063
2026-07-13T08:02:46.405605,2026-07-13T08:02:46.412935+00:00,69.7,1,bid,Zhili Qi,EarnestEspressos,654068
2026-07-13T08:02:46.476462,2026-07-13T08:02:46.483083+00:00,69.7,50,bid,FlawlessFlatbreads,EarnestEspressos,654070
2026-07-13T08:02:46.479998,2026-07-13T08:02:46.488288+00:00,69.7,19,bid,Dinh Nguyen,EarnestEspressos,654071
2026-07-13T08:02:48.582838,2026-07-13T08:02:48.590544+00:00,69.8,42,ask,EarnestEspressos,CostlyCorianders,654116
2026-07-13T08:02:48.585799,2026-07-13T08:02:48.595567+00:00,69.9,1,bid,FlawlessFlatbreads,Scott Bagby,654117
2026-07-13T08:02:48.585799,2026-07-13T08:02:48.595567+00:00,69.9,49,bid,FlawlessFlatbreads,DiligentDonuts,654118
2026-07-13T08:02:50.493250,2026-07-13T08:02:50.504828+00:00,69.9,2,bid,Dinh Nguyen,Kelvin Chan,654152
2026-07-13T08:02:50.828412,2026-07-13T08:02:50.839507+00:00,69.8,6,ask,EarnestEspressos,Zhengnan Hua,654159
2026-07-13T08:02:51.208341,2026-07-13T08:02:51.217927+00:00,69.9,5,bid,CostlyCorianders,Kelvin Chan,654167
2026-07-13T08:02:51.208341,2026-07-13T08:02:51.217927+00:00,70.0,1,bid,CostlyCorianders,Zhili Qi,654168
2026-07-13T08:02:51.208341,2026-07-13T08:02:51.217927+00:00,70.0,1,bid,CostlyCorianders,Scott Bagby,654169
2026-07-13T08:02:51.208341,2026-07-13T08:02:51.222983+00:00,70.1,35,bid,CostlyCorianders,DiligentDonuts,654170
2026-07-13T08:02:52.247401,2026-07-13T08:02:52.255173+00:00,70.0,5,bid,CostlyCorianders,Kelvin Chan,654196
2026-07-13T08:02:52.247401,2026-07-13T08:02:52.255173+00:00,70.0,1,bid,CostlyCorianders,Zhili Qi,654197
2026-07-13T08:02:52.247401,2026-07-13T08:02:52.255173+00:00,70.1,43,bid,CostlyCorianders,DiligentDonuts,654198
2026-07-13T08:02:52.871936,2026-07-13T08:02:52.883795+00:00,69.8,50,ask,EarnestEspressos,FlawlessFlatbreads,654208
2026-07-13T08:02:54.900387,2026-07-13T08:02:54.904749+00:00,69.9,3,ask,DiligentDonuts,Xuanyu Liu,654245
2026-07-13T08:02:54.928714,2026-07-13T08:02:54.937309+00:00,70.0,1,bid,FlawlessFlatbreads,Scott Bagby,654246
2026-07-13T08:02:54.928714,2026-07-13T08:02:54.937309+00:00,70.1,1,bid,FlawlessFlatbreads,Zhili Qi,654247
2026-07-13T08:02:54.928714,2026-07-13T08:02:54.942940+00:00,70.1,48,bid,FlawlessFlatbreads,EarnestEspressos,654248
2026-07-13T08:02:55.109245,2026-07-13T08:02:55.120708+00:00,69.9,18,ask,DiligentDonuts,Benjamin Lu,654259
2026-07-13T08:02:57.044513,2026-07-13T08:02:57.069025+00:00,70.0,2,bid,FlawlessFlatbreads,Kelvin Chan,654288
2026-07-13T08:02:57.044513,2026-07-13T08:02:57.069025+00:00,70.0,1,bid,FlawlessFlatbreads,Zhili Qi,654289
2026-07-13T08:02:57.044513,2026-07-13T08:02:57.069025+00:00,70.0,1,bid,FlawlessFlatbreads,Scott Bagby,654290
2026-07-13T08:02:57.044513,2026-07-13T08:02:57.069025+00:00,70.1,46,bid,FlawlessFlatbreads,EarnestEspressos,654291
2026-07-13T08:02:57.521115,2026-07-13T08:02:57.524847+00:00,70.0,1,bid,Xuanyu Liu,Zhili Qi,654305
2026-07-13T08:02:59.161132,2026-07-13T08:02:59.172811+00:00,70.1,4,bid,FlawlessFlatbreads,Kelvin Chan,654332
2026-07-13T08:02:59.161132,2026-07-13T08:02:59.172811+00:00,70.1,1,bid,FlawlessFlatbreads,Scott Bagby,654333
2026-07-13T08:02:59.161132,2026-07-13T08:02:59.172811+00:00,70.1,1,bid,FlawlessFlatbreads,Zhili Qi,654334
2026-07-13T08:02:59.161132,2026-07-13T08:02:59.172811+00:00,70.1,40,bid,FlawlessFlatbreads,Andy Garg,654335
2026-07-13T08:02:59.161132,2026-07-13T08:02:59.172811+00:00,70.3,4,bid,FlawlessFlatbreads,DiligentDonuts,654336
2026-07-13T08:02:59.835320,2026-07-13T08:02:59.842292+00:00,69.9,45,ask,EarnestEspressos,CostlyCorianders,654355
2026-07-13T08:03:00.144691,2026-07-13T08:03:00.163650+00:00,69.9,20,ask,EarnestEspressos,Peter Chen,654366
2026-07-13T08:03:00.165398,2026-07-13T08:03:00.170613+00:00,69.9,7,ask,EarnestEspressos,Xuanyu Liu,654368
2026-07-13T08:03:00.171575,2026-07-13T08:03:00.186113+00:00,69.9,60,ask,EarnestEspressos,Peter Jeregui,654369
2026-07-13T08:03:00.206480,2026-07-13T08:03:00.222080+00:00,69.9,18,ask,EarnestEspressos,Peter Chen,654371
2026-07-13T08:03:00.206480,2026-07-13T08:03:00.222080+00:00,69.9,2,ask,Zhengnan Hua,Peter Chen,654372
2026-07-13T08:03:00.280666,2026-07-13T08:03:00.288816+00:00,69.9,8,ask,Zhengnan Hua,Peter Chen,654375
2026-07-13T08:03:00.295999,2026-07-13T08:03:00.304454+00:00,69.8,2,ask,Scott Bagby,Peter Chen,654379
2026-07-13T08:03:00.295999,2026-07-13T08:03:00.304454+00:00,69.8,10,ask,DiligentDonuts,Peter Chen,654380
2026-07-13T08:03:00.464693,2026-07-13T08:03:00.474208+00:00,70.0,1,bid,CostlyCorianders,Zhili Qi,654385
2026-07-13T08:03:00.464693,2026-07-13T08:03:00.474208+00:00,70.1,3,bid,CostlyCorianders,Kelvin Chan,654386
2026-07-13T08:03:00.464693,2026-07-13T08:03:00.474208+00:00,70.1,30,bid,CostlyCorianders,Yashwanth Madan,654387
2026-07-13T08:03:00.464693,2026-07-13T08:03:00.479467+00:00,70.1,8,bid,CostlyCorianders,Andy Garg,654388
2026-07-13T08:03:00.548453,2026-07-13T08:03:00.563856+00:00,69.9,10,ask,Zhengnan Hua,Gourab Sharma,654390
2026-07-13T08:03:01.045282,2026-07-13T08:03:01.056711+00:00,69.8,2,ask,DiligentDonuts,Dinh Nguyen,654400
2026-07-13T08:03:01.219844,2026-07-13T08:03:01.231120+00:00,69.8,88,ask,DiligentDonuts,EarnestEspressos,654402
2026-07-13T08:03:01.219844,2026-07-13T08:03:01.231120+00:00,69.7,1,ask,Kelvin Chan,EarnestEspressos,654403
2026-07-13T08:03:01.219844,2026-07-13T08:03:01.231120+00:00,69.6,1,ask,Zhili Qi,EarnestEspressos,654404
2026-07-13T08:03:01.232457,2026-07-13T08:03:01.236548+00:00,69.6,9,bid,Xuanyu Liu,EarnestEspressos,654405
2026-07-13T08:03:01.258911,2026-07-13T08:03:01.269643+00:00,69.6,20,bid,Peter Chen,EarnestEspressos,654407
2026-07-13T08:03:01.295826,2026-07-13T08:03:01.311488+00:00,69.6,31,bid,FlawlessFlatbreads,EarnestEspressos,654408
2026-07-13T08:03:01.295826,2026-07-13T08:03:01.311488+00:00,70.0,1,bid,FlawlessFlatbreads,Zhili Qi,654409
2026-07-13T08:03:01.295826,2026-07-13T08:03:01.311488+00:00,70.1,18,bid,FlawlessFlatbreads,Andy Garg,654410
2026-07-13T08:03:01.717032,2026-07-13T08:03:01.729000+00:00,69.9,1,bid,Yashwanth Madan,Zhili Qi,654425
2026-07-13T08:03:01.771052,2026-07-13T08:03:01.781146+00:00,69.8,10,bid,Peter Chen,Zhengnan Hua,654428
2026-07-13T08:03:01.775835,2026-07-13T08:03:01.786610+00:00,70.3,10,bid,Peter Chen,DiligentDonuts,654429
2026-07-13T08:03:02.168032,2026-07-13T08:03:02.177013+00:00,70.0,1,bid,Yashwanth Madan,Scott Bagby,654435
2026-07-13T08:03:02.199004,2026-07-13T08:03:02.205711+00:00,70.1,1,bid,CostlyCorianders,Zhili Qi,654437
2026-07-13T08:03:03.405951,2026-07-13T08:03:03.417829+00:00,70.0,50,bid,FlawlessFlatbreads,DiligentDonuts,654466
2026-07-13T08:03:03.524258,2026-07-13T08:03:03.535683+00:00,69.9,2,ask,Zhengnan Hua,Dinh Nguyen,654467
2026-07-13T08:03:04.783292,2026-07-13T08:03:04.794989+00:00,69.8,2,ask,Kelvin Chan,Dinh Nguyen,654489
2026-07-13T08:03:05.467056,2026-07-13T08:03:05.478726+00:00,69.9,1,bid,Yashwanth Madan,Scott Bagby,654501
2026-07-13T08:03:05.518152,2026-07-13T08:03:05.528751+00:00,70.0,50,bid,FlawlessFlatbreads,DiligentDonuts,654503
2026-07-13T08:03:05.767021,2026-07-13T08:03:05.773591+00:00,69.8,1,ask,Kelvin Chan,CostlyCorianders,654508
2026-07-13T08:03:05.767021,2026-07-13T08:03:05.773591+00:00,69.8,10,ask,Zhengnan Hua,CostlyCorianders,654509
2026-07-13T08:03:05.767021,2026-07-13T08:03:05.773591+00:00,69.7,30,ask,EarnestEspressos,CostlyCorianders,654510
2026-07-13T08:03:06.690334,2026-07-13T08:03:06.701042+00:00,69.9,10,ask,Zhengnan Hua,Peter Chen,654531
2026-07-13T08:03:06.700044,2026-07-13T08:03:06.716667+00:00,69.8,3,ask,Kelvin Chan,Peter Chen,654533
2026-07-13T08:03:06.700044,2026-07-13T08:03:06.716667+00:00,69.8,7,ask,DiligentDonuts,Peter Chen,654534
2026-07-13T08:03:07.239568,2026-07-13T08:03:07.258607+00:00,69.8,2,ask,DiligentDonuts,Dinh Nguyen,654546
2026-07-13T08:03:08.381167,2026-07-13T08:03:08.392542+00:00,69.8,43,ask,DiligentDonuts,CostlyCorianders,654565
2026-07-13T08:03:08.461264,2026-07-13T08:03:08.473162+00:00,69.8,2,ask,DiligentDonuts,Dinh Nguyen,654566
2026-07-13T08:03:09.690012,2026-07-13T08:03:09.700682+00:00,69.8,2,ask,Kelvin Chan,Dinh Nguyen,654595
2026-07-13T08:03:09.737284,2026-07-13T08:03:09.748853+00:00,70.0,1,bid,FlawlessFlatbreads,Zhili Qi,654599
2026-07-13T08:03:09.737284,2026-07-13T08:03:09.748853+00:00,70.0,10,bid,FlawlessFlatbreads,Zhengnan Hua,654600
2026-07-13T08:03:09.737284,2026-07-13T08:03:09.748853+00:00,70.0,1,bid,FlawlessFlatbreads,Scott Bagby,654601
2026-07-13T08:03:09.737284,2026-07-13T08:03:09.748853+00:00,70.0,38,bid,FlawlessFlatbreads,DiligentDonuts,654602
2026-07-13T08:03:10.720433,2026-07-13T08:03:10.763782+00:00,70.0,27,bid,Yashwanth Madan,DiligentDonuts,654624
2026-07-13T08:03:11.288747,2026-07-13T08:03:11.299402+00:00,70.0,35,bid,CostlyCorianders,DiligentDonuts,654636
2026-07-13T08:03:11.288747,2026-07-13T08:03:11.299402+00:00,70.0,1,bid,CostlyCorianders,Scott Bagby,654637
2026-07-13T08:03:11.288747,2026-07-13T08:03:11.299402+00:00,70.1,1,bid,CostlyCorianders,Zhili Qi,654638
2026-07-13T08:03:11.288747,2026-07-13T08:03:11.304932+00:00,70.1,1,bid,CostlyCorianders,Kelvin Chan,654639
2026-07-13T08:03:11.288747,2026-07-13T08:03:11.304932+00:00,70.3,4,bid,CostlyCorianders,EarnestEspressos,654640
2026-07-13T08:03:11.903004,2026-07-13T08:03:11.914735+00:00,69.9,10,ask,Zhengnan Hua,FlawlessFlatbreads,654647
2026-07-13T08:03:11.903004,2026-07-13T08:03:11.914735+00:00,69.8,1,ask,Kelvin Chan,FlawlessFlatbreads,654648
2026-07-13T08:03:11.903004,2026-07-13T08:03:11.914735+00:00,69.8,39,ask,EarnestEspressos,FlawlessFlatbreads,654649
2026-07-13T08:03:12.247544,2026-07-13T08:03:12.258596+00:00,69.8,48,ask,EarnestEspressos,CostlyCorianders,654660
2026-07-13T08:03:13.242716,2026-07-13T08:03:13.246613+00:00,70.0,3,ask,DiligentDonuts,Xuanyu Liu,654679
2026-07-13T08:03:13.898697,2026-07-13T08:03:13.905596+00:00,70.0,97,ask,DiligentDonuts,EarnestEspressos,654706
2026-07-13T08:03:13.898697,2026-07-13T08:03:13.919898+00:00,70.0,10,ask,Zhengnan Hua,EarnestEspressos,654707
2026-07-13T08:03:13.915435,2026-07-13T08:03:13.919898+00:00,70.0,3,bid,Xuanyu Liu,EarnestEspressos,654708
2026-07-13T08:03:14.015125,2026-07-13T08:03:14.025931+00:00,69.9,2,ask,Scott Bagby,FlawlessFlatbreads,654709
2026-07-13T08:03:14.015125,2026-07-13T08:03:14.025931+00:00,69.8,1,ask,Zhili Qi,FlawlessFlatbreads,654710
2026-07-13T08:03:14.015125,2026-07-13T08:03:14.025931+00:00,69.8,1,ask,Kelvin Chan,FlawlessFlatbreads,654711
2026-07-13T08:03:14.015125,2026-07-13T08:03:14.031284+00:00,69.7,40,ask,Andy Garg,FlawlessFlatbreads,654712
2026-07-13T08:03:14.015125,2026-07-13T08:03:14.031284+00:00,69.5,6,ask,EarnestEspressos,FlawlessFlatbreads,654713
2026-07-13T08:03:15.119065,2026-07-13T08:03:15.129840+00:00,69.9,10,bid,Sze-Yong Ng,Zhengnan Hua,654738
2026-07-13T08:03:15.880880,2026-07-13T08:03:15.885136+00:00,69.8,9,ask,Zhengnan Hua,Xuanyu Liu,654759
2026-07-13T08:03:15.923006,2026-07-13T08:03:15.934782+00:00,69.8,1,ask,Zhengnan Hua,Peter Chen,654760
2026-07-13T08:03:15.938023,2026-07-13T08:03:15.945023+00:00,69.7,1,ask,Zhili Qi,Peter Chen,654762
2026-07-13T08:03:15.938023,2026-07-13T08:03:15.945023+00:00,69.7,14,ask,DiligentDonuts,Peter Chen,654763
2026-07-13T08:03:15.993673,2026-07-13T08:03:16.000087+00:00,69.7,4,ask,DiligentDonuts,Peter Chen,654764
2026-07-13T08:03:16.077788,2026-07-13T08:03:16.089642+00:00,70.0,40,bid,FlawlessFlatbreads,EarnestEspressos,654766
2026-07-13T08:03:16.077788,2026-07-13T08:03:16.089642+00:00,70.0,10,bid,FlawlessFlatbreads,Andy Garg,654767
2026-07-13T08:03:17.074808,2026-07-13T08:03:17.089781+00:00,69.8,20,ask,EarnestEspressos,Peter Chen,654794
2026-07-13T08:03:17.115047,2026-07-13T08:03:17.126729+00:00,69.8,10,ask,EarnestEspressos,Sze-Yong Ng,654796
2026-07-13T08:03:17.146623,2026-07-13T08:03:17.158647+00:00,69.8,20,ask,EarnestEspressos,Peter Chen,654798
2026-07-13T08:03:17.180174,2026-07-13T08:03:17.189820+00:00,69.8,19,ask,EarnestEspressos,Benjamin Lu,654803
2026-07-13T08:03:17.202036,2026-07-13T08:03:17.206588+00:00,69.9,6,bid,Xuanyu Liu,Zhengnan Hua,654804
2026-07-13T08:03:18.193073,2026-07-13T08:03:18.204945+00:00,69.9,1,bid,FlawlessFlatbreads,Scott Bagby,654822
2026-07-13T08:03:18.193073,2026-07-13T08:03:18.204945+00:00,69.9,10,bid,FlawlessFlatbreads,Zhengnan Hua,654823
2026-07-13T08:03:18.193073,2026-07-13T08:03:18.204945+00:00,70.0,1,bid,FlawlessFlatbreads,Zhili Qi,654824
2026-07-13T08:03:18.193073,2026-07-13T08:03:18.204945+00:00,70.1,4,bid,FlawlessFlatbreads,Kelvin Chan,654825
2026-07-13T08:03:18.193073,2026-07-13T08:03:18.210452+00:00,70.2,34,bid,FlawlessFlatbreads,DiligentDonuts,654826
2026-07-13T08:03:19.830504,2026-07-13T08:03:19.834830+00:00,69.8,6,ask,EarnestEspressos,Xuanyu Liu,654866
2026-07-13T08:03:19.866171,2026-07-13T08:03:19.875034+00:00,69.8,20,ask,EarnestEspressos,Peter Chen,654868
2026-07-13T08:03:19.924770,2026-07-13T08:03:19.933013+00:00,69.8,1,ask,EarnestEspressos,Zhili Qi,654874
2026-07-13T08:03:19.933965,2026-07-13T08:03:19.943196+00:00,69.8,20,ask,EarnestEspressos,Peter Chen,654877
2026-07-13T08:03:19.992985,2026-07-13T08:03:19.999471+00:00,69.8,20,ask,EarnestEspressos,Peter Chen,654882
2026-07-13T08:03:20.051954,2026-07-13T08:03:20.063923+00:00,69.8,14,ask,EarnestEspressos,Peter Chen,654884
2026-07-13T08:03:20.051954,2026-07-13T08:03:20.063923+00:00,69.8,6,ask,Zhengnan Hua,Peter Chen,654885
2026-07-13T08:03:20.113290,2026-07-13T08:03:20.124512+00:00,69.8,4,ask,Zhengnan Hua,Peter Chen,654887
2026-07-13T08:03:20.122359,2026-07-13T08:03:20.129517+00:00,69.7,15,ask,DiligentDonuts,Peter Chen,654889
2026-07-13T08:03:20.176854,2026-07-13T08:03:20.188549+00:00,69.7,1,ask,DiligentDonuts,Peter Chen,654890
2026-07-13T08:03:20.244415,2026-07-13T08:03:20.252017+00:00,69.7,84,ask,DiligentDonuts,EarnestEspressos,654893
2026-07-13T08:03:20.259509,2026-07-13T08:03:20.263411+00:00,69.7,9,bid,Xuanyu Liu,EarnestEspressos,654894
2026-07-13T08:03:20.323641,2026-07-13T08:03:20.333473+00:00,69.7,50,bid,FlawlessFlatbreads,EarnestEspressos,654896
2026-07-13T08:03:21.161077,2026-07-13T08:03:21.170058+00:00,69.7,7,bid,Sze-Yong Ng,EarnestEspressos,654912
2026-07-13T08:03:21.161077,2026-07-13T08:03:21.170058+00:00,69.7,10,bid,Sze-Yong Ng,Zhengnan Hua,654913
2026-07-13T08:03:21.576703,2026-07-13T08:03:21.587440+00:00,69.9,1,bid,CostlyCorianders,Scott Bagby,654924
2026-07-13T08:03:21.576703,2026-07-13T08:03:21.587440+00:00,70.0,1,bid,CostlyCorianders,Zhili Qi,654925
2026-07-13T08:03:21.576703,2026-07-13T08:03:21.587440+00:00,70.1,38,bid,CostlyCorianders,Andy Garg,654926
2026-07-13T08:03:22.175982,2026-07-13T08:03:22.187323+00:00,70.0,1,bid,CostlyCorianders,Zhili Qi,654932
2026-07-13T08:03:22.175982,2026-07-13T08:03:22.187323+00:00,70.2,40,bid,CostlyCorianders,Andy Garg,654933
2026-07-13T08:03:22.487824,2026-07-13T08:03:22.499189+00:00,69.7,40,ask,Andy Garg,FlawlessFlatbreads,654943
2026-07-13T08:03:22.487824,2026-07-13T08:03:22.499189+00:00,69.7,10,ask,Zhengnan Hua,FlawlessFlatbreads,654944
2026-07-13T08:03:23.355134,2026-07-13T08:03:23.372070+00:00,69.8,100,bid,EarnestEspressos,DiligentDonuts,654962
2026-07-13T08:03:23.355134,2026-07-13T08:03:23.372070+00:00,69.8,10,bid,EarnestEspressos,Zhengnan Hua,654963
2026-07-13T08:03:23.368034,2026-07-13T08:03:23.372070+00:00,69.9,9,ask,EarnestEspressos,Xuanyu Liu,654965
2026-07-13T08:03:23.433896,2026-07-13T08:03:23.444854+00:00,69.9,1,ask,EarnestEspressos,Zhili Qi,654968
2026-07-13T08:03:23.456643,2026-07-13T08:03:23.463977+00:00,69.9,17,ask,EarnestEspressos,Sze-Yong Ng,654970
2026-07-13T08:03:23.745983,2026-07-13T08:03:23.758762+00:00,69.9,11,ask,EarnestEspressos,Gourab Sharma,654976
2026-07-13T08:03:23.750791,2026-07-13T08:03:23.758762+00:00,69.9,1,ask,EarnestEspressos,Zhili Qi,654977
2026-07-13T08:03:23.970629,2026-07-13T08:03:23.981507+00:00,69.9,1,ask,EarnestEspressos,Dinh Nguyen,654980
2026-07-13T08:03:23.970629,2026-07-13T08:03:23.981507+00:00,69.9,10,ask,Zhengnan Hua,Dinh Nguyen,654981
2026-07-13T08:03:24.599228,2026-07-13T08:03:24.607314+00:00,69.7,2,ask,Scott Bagby,FlawlessFlatbreads,654988
2026-07-13T08:03:24.599228,2026-07-13T08:03:24.612538+00:00,69.6,1,ask,Zhili Qi,FlawlessFlatbreads,654989
2026-07-13T08:03:24.599228,2026-07-13T08:03:24.612538+00:00,69.5,40,ask,Andy Garg,FlawlessFlatbreads,654990
2026-07-13T08:03:24.599228,2026-07-13T08:03:24.612538+00:00,69.3,7,ask,DiligentDonuts,FlawlessFlatbreads,654991
2026-07-13T08:03:25.974751,2026-07-13T08:03:25.985360+00:00,69.7,1,ask,Kelvin Chan,Dinh Nguyen,655017
2026-07-13T08:03:25.974751,2026-07-13T08:03:25.985360+00:00,69.6,1,ask,Zhili Qi,Dinh Nguyen,655018
2026-07-13T08:03:26.387531,2026-07-13T08:03:26.391433+00:00,69.8,1,bid,Xuanyu Liu,Scott Bagby,655023
2026-07-13T08:03:26.574486,2026-07-13T08:03:26.584991+00:00,69.7,1,ask,Kelvin Chan,EarnestEspressos,655024
2026-07-13T08:03:26.586317,2026-07-13T08:03:26.590364+00:00,69.7,8,bid,Xuanyu Liu,EarnestEspressos,655025
2026-07-13T08:03:26.601383,2026-07-13T08:03:26.612158+00:00,69.7,1,bid,Kelvin Chan,EarnestEspressos,655026
2026-07-13T08:03:26.645817,2026-07-13T08:03:26.668640+00:00,69.7,1,bid,Kelvin Chan,EarnestEspressos,655027
2026-07-13T08:03:26.732061,2026-07-13T08:03:26.758607+00:00,69.7,1,bid,Kelvin Chan,EarnestEspressos,655031
2026-07-13T08:03:26.822948,2026-07-13T08:03:26.834352+00:00,69.6,10,ask,Zhengnan Hua,CostlyCorianders,655032
2026-07-13T08:03:26.822948,2026-07-13T08:03:26.834352+00:00,69.5,30,ask,DiligentDonuts,CostlyCorianders,655033
2026-07-13T08:03:27.147341,2026-07-13T08:03:27.155966+00:00,69.7,1,bid,Kelvin Chan,EarnestEspressos,655035
2026-07-13T08:03:27.701102,2026-07-13T08:03:27.710517+00:00,69.7,1,bid,Kelvin Chan,EarnestEspressos,655049
2026-07-13T08:03:27.791298,2026-07-13T08:03:27.800505+00:00,69.7,1,bid,Kelvin Chan,EarnestEspressos,655053
2026-07-13T08:03:27.822817,2026-07-13T08:03:27.830926+00:00,69.7,39,bid,Sze-Yong Ng,EarnestEspressos,655056
2026-07-13T08:03:27.863137,2026-07-13T08:03:27.873946+00:00,69.7,1,bid,Kelvin Chan,EarnestEspressos,655058
2026-07-13T08:03:28.290452,2026-07-13T08:03:28.300103+00:00,69.7,18,bid,Benjamin Lu,EarnestEspressos,655067
2026-07-13T08:03:28.816669,2026-07-13T08:03:28.832095+00:00,69.5,2,ask,Scott Bagby,FlawlessFlatbreads,655079
2026-07-13T08:03:28.816669,2026-07-13T08:03:28.832095+00:00,69.5,10,ask,Zhengnan Hua,FlawlessFlatbreads,655080
2026-07-13T08:03:28.816669,2026-07-13T08:03:28.832095+00:00,69.5,38,ask,DiligentDonuts,FlawlessFlatbreads,655081
2026-07-13T08:03:29.484332,2026-07-13T08:03:29.495817+00:00,69.7,44,bid,CostlyCorianders,EarnestEspressos,655097
2026-07-13T08:03:30.586147,2026-07-13T08:03:30.597638+00:00,69.6,46,ask,EarnestEspressos,CostlyCorianders,655123
2026-07-13T08:03:30.983939,2026-07-13T08:03:30.992676+00:00,69.6,2,ask,EarnestEspressos,Dinh Nguyen,655131
2026-07-13T08:03:31.045241,2026-07-13T08:03:31.058561+00:00,69.8,1,bid,CostlyCorianders,Scott Bagby,655132
2026-07-13T08:03:31.045241,2026-07-13T08:03:31.058561+00:00,69.8,10,bid,CostlyCorianders,Zhengnan Hua,655133
2026-07-13T08:03:31.045241,2026-07-13T08:03:31.058561+00:00,69.9,1,bid,CostlyCorianders,Zhili Qi,655134
2026-07-13T08:03:31.045241,2026-07-13T08:03:31.058561+00:00,70.0,3,bid,CostlyCorianders,Kelvin Chan,655135
2026-07-13T08:03:31.045241,2026-07-13T08:03:31.058561+00:00,70.0,31,bid,CostlyCorianders,DiligentDonuts,655136
2026-07-13T08:03:31.515789,2026-07-13T08:03:31.522854+00:00,69.6,44,ask,EarnestEspressos,CostlyCorianders,655145
2026-07-13T08:03:32.559916,2026-07-13T08:03:32.571438+00:00,69.8,10,bid,CostlyCorianders,Zhengnan Hua,655163
2026-07-13T08:03:32.559916,2026-07-13T08:03:32.571438+00:00,69.8,1,bid,CostlyCorianders,Scott Bagby,655164
2026-07-13T08:03:32.559916,2026-07-13T08:03:32.571438+00:00,69.9,31,bid,CostlyCorianders,DiligentDonuts,655165
2026-07-13T08:03:32.980926,2026-07-13T08:03:32.988155+00:00,69.8,50,bid,FlawlessFlatbreads,EarnestEspressos,655176
2026-07-13T08:03:34.321191,2026-07-13T08:03:34.333684+00:00,69.6,1,ask,Kelvin Chan,CostlyCorianders,655194
2026-07-13T08:03:34.321191,2026-07-13T08:03:34.344089+00:00,69.6,1,ask,Zhili Qi,CostlyCorianders,655195
2026-07-13T08:03:34.321191,2026-07-13T08:03:34.344089+00:00,69.5,2,ask,Scott Bagby,CostlyCorianders,655196
2026-07-13T08:03:34.321191,2026-07-13T08:03:34.344089+00:00,69.5,40,ask,Andy Garg,CostlyCorianders,655197
2026-07-13T08:03:34.330584,2026-07-13T08:03:34.344089+00:00,69.8,1,bid,Benjamin Lu,EarnestEspressos,655198
2026-07-13T08:03:34.563265,2026-07-13T08:03:34.569975+00:00,69.7,10,bid,Peter Chen,Zhengnan Hua,655203
2026-07-13T08:03:34.567799,2026-07-13T08:03:34.574982+00:00,69.8,10,bid,Peter Chen,EarnestEspressos,655204
2026-07-13T08:03:35.139411,2026-07-13T08:03:35.151109+00:00,69.7,2,ask,Scott Bagby,FlawlessFlatbreads,655215
2026-07-13T08:03:35.139411,2026-07-13T08:03:35.151109+00:00,69.6,10,ask,Zhengnan Hua,FlawlessFlatbreads,655216
2026-07-13T08:03:35.139411,2026-07-13T08:03:35.151109+00:00,69.6,38,ask,DiligentDonuts,FlawlessFlatbreads,655217
2026-07-13T08:03:35.836897,2026-07-13T08:03:35.846728+00:00,69.8,43,bid,CostlyCorianders,EarnestEspressos,655229
2026-07-13T08:03:36.037081,2026-07-13T08:03:36.048596+00:00,69.8,10,bid,EarnestEspressos,Zhengnan Hua,655236
2026-07-13T08:03:36.896221,2026-07-13T08:03:36.900148+00:00,69.8,9,ask,EarnestEspressos,Xuanyu Liu,655249
2026-07-13T08:03:36.927582,2026-07-13T08:03:36.936161+00:00,69.8,20,ask,EarnestEspressos,Peter Chen,655252
2026-07-13T08:03:36.965109,2026-07-13T08:03:36.976441+00:00,69.8,39,ask,EarnestEspressos,Sze-Yong Ng,655255
2026-07-13T08:03:37.046454,2026-07-13T08:03:37.044476+00:00,69.8,40,ask,EarnestEspressos,Andy Garg,655259
2026-07-13T08:03:37.199816,2026-07-13T08:03:37.210630+00:00,69.8,1,ask,EarnestEspressos,Zhili Qi,655264
2026-07-13T08:03:37.204253,2026-07-13T08:03:37.215636+00:00,69.9,10,bid,FlawlessFlatbreads,Zhengnan Hua,655265
2026-07-13T08:03:37.204253,2026-07-13T08:03:37.215636+00:00,70.0,1,bid,FlawlessFlatbreads,Scott Bagby,655266
2026-07-13T08:03:37.204253,2026-07-13T08:03:37.215636+00:00,70.0,39,bid,FlawlessFlatbreads,Andy Garg,655267
2026-07-13T08:03:37.333280,2026-07-13T08:03:37.342071+00:00,69.8,25,ask,EarnestEspressos,Dinh Nguyen,655274
2026-07-13T08:03:37.358350,2026-07-13T08:03:37.369060+00:00,69.8,6,ask,EarnestEspressos,Benjamin Lu,655277
2026-07-13T08:03:37.358350,2026-07-13T08:03:37.369060+00:00,69.8,10,ask,Zhengnan Hua,Benjamin Lu,655278
2026-07-13T08:03:37.604446,2026-07-13T08:03:37.615141+00:00,69.6,49,ask,DiligentDonuts,CostlyCorianders,655288
2026-07-13T08:03:38.038152,2026-07-13T08:03:38.042086+00:00,69.7,9,bid,Xuanyu Liu,DiligentDonuts,655298
2026-07-13T08:03:38.206969,2026-07-13T08:03:38.217267+00:00,69.7,39,bid,Sze-Yong Ng,DiligentDonuts,655301
2026-07-13T08:03:39.070286,2026-07-13T08:03:39.081296+00:00,69.7,42,bid,CostlyCorianders,DiligentDonuts,655321
2026-07-13T08:03:39.258167,2026-07-13T08:03:39.266313+00:00,69.6,4,ask,Kelvin Chan,EarnestEspressos,655323
2026-07-13T08:03:39.652926,2026-07-13T08:03:39.664474+00:00,69.5,2,ask,Scott Bagby,CostlyCorianders,655336
2026-07-13T08:03:39.652926,2026-07-13T08:03:39.664474+00:00,69.5,10,ask,Zhengnan Hua,CostlyCorianders,655337
2026-07-13T08:03:39.652926,2026-07-13T08:03:39.664474+00:00,69.4,1,ask,Zhili Qi,CostlyCorianders,655338
2026-07-13T08:03:39.652926,2026-07-13T08:03:39.664474+00:00,69.3,33,ask,Andy Garg,CostlyCorianders,655339
2026-07-13T08:03:40.608980,2026-07-13T08:03:40.616781+00:00,69.5,4,bid,Kelvin Chan,Zhengnan Hua,655353
2026-07-13T08:03:41.379223,2026-07-13T08:03:41.385537+00:00,69.5,6,bid,Benjamin Lu,Zhengnan Hua,655372
