timestamp,recv_time,price,volume,aggressor_side,buyer,seller,trade_id
2026-07-16T03:00:00.165939,2026-07-16T03:00:00.081545+00:00,68.8,50,ask,,,5868994
2026-07-16T03:00:01.236210,2026-07-16T03:00:01.245323+00:00,68.9,10,ask,,,5869008
2026-07-16T03:00:01.236210,2026-07-16T03:00:01.245323+00:00,68.9,3,ask,,,5869009
2026-07-16T03:00:01.802788,2026-07-16T03:00:01.808883+00:00,69.0,10,bid,,,5869018
2026-07-16T03:00:01.802788,2026-07-16T03:00:01.808883+00:00,69.1,37,bid,,,5869019
2026-07-16T03:00:02.275051,2026-07-16T03:00:02.282989+00:00,68.9,10,ask,,,5869031
2026-07-16T03:00:02.275051,2026-07-16T03:00:02.282989+00:00,68.8,3,ask,,,5869032
2026-07-16T03:00:02.275051,2026-07-16T03:00:02.282989+00:00,68.7,37,ask,,,5869033
2026-07-16T03:00:04.137970,2026-07-16T03:00:04.154885+00:00,69.0,10,bid,,,5869060
2026-07-16T03:00:04.137970,2026-07-16T03:00:04.154885+00:00,69.0,10,bid,,,5869061
2026-07-16T03:00:04.137970,2026-07-16T03:00:04.154885+00:00,69.0,6,bid,,,5869062
2026-07-16T03:00:04.138394,2026-07-16T03:00:04.165498+00:00,69.0,38,bid,,,5869063
2026-07-16T03:00:04.165766,2026-07-16T03:00:04.176058+00:00,69.0,6,bid,,,5869064
2026-07-16T03:00:04.182239,2026-07-16T03:00:04.186607+00:00,69.1,24,bid,,,5869066
2026-07-16T03:00:04.357998,2026-07-16T03:00:04.370150+00:00,69.1,50,bid,,,5869072
2026-07-16T03:00:05.479992,2026-07-16T03:00:05.488956+00:00,68.9,30,ask,,,5869090
2026-07-16T03:00:05.484545,2026-07-16T03:00:05.499568+00:00,68.9,31,ask,,,5869092
2026-07-16T03:00:05.484545,2026-07-16T03:00:05.499568+00:00,68.9,19,ask,,,5869093
2026-07-16T03:00:05.519706,2026-07-16T03:00:05.531443+00:00,68.9,31,ask,,,5869096
2026-07-16T03:00:05.544895,2026-07-16T03:00:05.552631+00:00,68.8,10,ask,,,5869098
2026-07-16T03:00:05.544895,2026-07-16T03:00:05.552631+00:00,68.8,10,ask,,,5869099
2026-07-16T03:00:06.808647,2026-07-16T03:00:06.811228+00:00,68.8,10,bid,,,5869129
2026-07-16T03:00:06.808647,2026-07-16T03:00:06.821804+00:00,68.8,20,bid,,,5869130
2026-07-16T03:00:07.175989,2026-07-16T03:00:07.182964+00:00,68.7,10,ask,,,5869142
2026-07-16T03:00:07.175989,2026-07-16T03:00:07.182964+00:00,68.7,21,ask,,,5869143
2026-07-16T03:00:07.175989,2026-07-16T03:00:07.182964+00:00,68.7,12,ask,,,5869144
2026-07-16T03:00:08.127953,2026-07-16T03:00:08.131490+00:00,68.8,30,bid,,,5869159
2026-07-16T03:00:08.133523,2026-07-16T03:00:08.142204+00:00,68.8,30,bid,,,5869160
2026-07-16T03:00:08.133523,2026-07-16T03:00:08.142204+00:00,68.8,37,bid,,,5869161
2026-07-16T03:00:08.198321,2026-07-16T03:00:08.205262+00:00,68.7,61,ask,,,5869164
2026-07-16T03:00:08.896525,2026-07-16T03:00:08.906347+00:00,68.7,10,ask,,,5869172
2026-07-16T03:00:08.923394,2026-07-16T03:00:08.927513+00:00,68.8,40,bid,,,5869173
2026-07-16T03:00:09.909313,2026-07-16T03:00:09.915183+00:00,68.8,10,bid,,,5869192
2026-07-16T03:00:10.945677,2026-07-16T03:00:10.952351+00:00,68.7,10,ask,,,5869202
2026-07-16T03:00:12.105064,2026-07-16T03:00:12.126837+00:00,68.7,21,ask,,,5869228
2026-07-16T03:00:12.105064,2026-07-16T03:00:12.126837+00:00,68.7,17,ask,,,5869229
2026-07-16T03:00:12.121273,2026-07-16T03:00:12.126837+00:00,68.7,20,ask,,,5869231
2026-07-16T03:00:12.137722,2026-07-16T03:00:12.148222+00:00,68.6,10,ask,,,5869233
2026-07-16T03:00:12.954024,2026-07-16T03:00:12.961142+00:00,68.5,9,ask,,,5869242
2026-07-16T03:00:12.954024,2026-07-16T03:00:12.961142+00:00,68.4,31,ask,,,5869243
2026-07-16T03:00:13.435719,2026-07-16T03:00:13.445476+00:00,68.6,10,ask,,,5869253
2026-07-16T03:00:13.461860,2026-07-16T03:00:13.477078+00:00,68.6,44,bid,,,5869256
2026-07-16T03:00:13.522428,2026-07-16T03:00:13.530059+00:00,68.6,30,bid,,,5869263
2026-07-16T03:00:13.534280,2026-07-16T03:00:13.540687+00:00,68.6,16,bid,,,5869264
2026-07-16T03:00:13.544398,2026-07-16T03:00:13.551215+00:00,68.7,10,bid,,,5869265
2026-07-16T03:00:13.544398,2026-07-16T03:00:13.551215+00:00,68.8,10,bid,,,5869266
2026-07-16T03:00:13.544398,2026-07-16T03:00:13.551215+00:00,68.8,10,bid,,,5869267
2026-07-16T03:00:13.845777,2026-07-16T03:00:13.847446+00:00,68.8,2,bid,,,5869276
2026-07-16T03:00:14.034139,2026-07-16T03:00:14.040658+00:00,68.8,8,bid,,,5869284
2026-07-16T03:00:14.034139,2026-07-16T03:00:14.040658+00:00,68.8,40,bid,,,5869285
2026-07-16T03:00:14.501197,2026-07-16T03:00:14.511862+00:00,68.6,10,ask,,,5869289
2026-07-16T03:00:14.501197,2026-07-16T03:00:14.511862+00:00,68.6,31,ask,,,5869290
2026-07-16T03:00:14.984294,2026-07-16T03:00:14.993395+00:00,68.6,46,ask,,,5869294
2026-07-16T03:00:14.984294,2026-07-16T03:00:14.993395+00:00,68.6,4,ask,,,5869295
2026-07-16T03:00:16.079615,2026-07-16T03:00:16.090030+00:00,68.7,10,ask,,,5869308
2026-07-16T03:00:16.114232,2026-07-16T03:00:16.122149+00:00,68.7,6,ask,,,5869309
2026-07-16T03:00:16.114232,2026-07-16T03:00:16.122149+00:00,68.5,10,ask,,,5869310
2026-07-16T03:00:16.114232,2026-07-16T03:00:16.122149+00:00,68.5,10,ask,,,5869311
2026-07-16T03:00:16.114232,2026-07-16T03:00:16.132811+00:00,68.4,22,ask,,,5869312
2026-07-16T03:00:17.129585,2026-07-16T03:00:17.137948+00:00,68.5,10,ask,,,5869331
2026-07-16T03:00:17.129585,2026-07-16T03:00:17.148492+00:00,68.4,40,ask,,,5869332
2026-07-16T03:00:17.340342,2026-07-16T03:00:17.348525+00:00,68.5,2,bid,,,5869334
2026-07-16T03:00:18.721897,2026-07-16T03:00:18.733212+00:00,68.5,10,ask,,,5869351
2026-07-16T03:00:18.721897,2026-07-16T03:00:18.733212+00:00,68.5,14,ask,,,5869352
2026-07-16T03:00:18.851009,2026-07-16T03:00:18.860588+00:00,68.6,36,bid,,,5869365
2026-07-16T03:00:18.851206,2026-07-16T03:00:18.860588+00:00,68.6,1,bid,,,5869366
2026-07-16T03:00:18.851206,2026-07-16T03:00:18.871257+00:00,68.6,10,bid,,,5869367
2026-07-16T03:00:18.851206,2026-07-16T03:00:18.871257+00:00,68.6,19,bid,,,5869368
2026-07-16T03:00:18.874934,2026-07-16T03:00:18.881873+00:00,68.6,31,bid,,,5869369
2026-07-16T03:00:18.964478,2026-07-16T03:00:18.967140+00:00,68.6,53,bid,,,5869373
2026-07-16T03:00:19.014925,2026-07-16T03:00:19.020353+00:00,68.6,5,bid,,,5869379
2026-07-16T03:00:19.015144,2026-07-16T03:00:19.031063+00:00,68.6,25,bid,,,5869380
2026-07-16T03:00:19.128205,2026-07-16T03:00:19.136913+00:00,68.6,12,bid,,,5869383
2026-07-16T03:00:19.141039,2026-07-16T03:00:19.147502+00:00,68.6,5,bid,,,5869385
2026-07-16T03:00:19.141039,2026-07-16T03:00:19.147502+00:00,68.6,5,bid,,,5869386
2026-07-16T03:00:19.245886,2026-07-16T03:00:19.249781+00:00,68.5,9,ask,,,5869391
2026-07-16T03:00:19.245886,2026-07-16T03:00:19.249781+00:00,68.4,41,ask,,,5869392
2026-07-16T03:00:19.300694,2026-07-16T03:00:19.302894+00:00,68.6,45,bid,,,5869394
2026-07-16T03:00:20.706000,2026-07-16T03:00:20.719186+00:00,68.6,10,bid,,,5869430
2026-07-16T03:00:20.706000,2026-07-16T03:00:20.719186+00:00,68.6,37,bid,,,5869431
2026-07-16T03:00:21.319741,2026-07-16T03:00:21.329907+00:00,68.5,10,bid,,,5869438
2026-07-16T03:00:21.319741,2026-07-16T03:00:21.329907+00:00,68.5,37,bid,,,5869439
2026-07-16T03:00:21.319741,2026-07-16T03:00:21.329907+00:00,68.6,50,bid,,,5869440
2026-07-16T03:00:21.319741,2026-07-16T03:00:21.329907+00:00,68.6,30,bid,,,5869441
2026-07-16T03:00:21.332701,2026-07-16T03:00:21.340562+00:00,68.6,23,ask,,,5869442
2026-07-16T03:00:21.378308,2026-07-16T03:00:21.393400+00:00,68.4,10,ask,,,5869444
2026-07-16T03:00:21.378308,2026-07-16T03:00:21.393400+00:00,68.4,6,ask,,,5869445
2026-07-16T03:00:21.378308,2026-07-16T03:00:21.393400+00:00,68.4,34,ask,,,5869446
2026-07-16T03:00:21.514283,2026-07-16T03:00:21.520475+00:00,68.5,25,bid,,,5869453
2026-07-16T03:00:21.523749,2026-07-16T03:00:21.531022+00:00,68.5,25,bid,,,5869455
2026-07-16T03:00:21.523749,2026-07-16T03:00:21.531022+00:00,68.5,5,bid,,,5869456
2026-07-16T03:00:21.539600,2026-07-16T03:00:21.541581+00:00,68.5,29,bid,,,5869457
2026-07-16T03:00:21.687793,2026-07-16T03:00:21.689651+00:00,68.6,30,bid,,,5869461
2026-07-16T03:00:21.687793,2026-07-16T03:00:21.700234+00:00,68.8,14,bid,,,5869462
2026-07-16T03:00:22.831877,2026-07-16T03:00:22.841753+00:00,68.5,10,ask,,,5869482
2026-07-16T03:00:22.831877,2026-07-16T03:00:22.841753+00:00,68.5,10,ask,,,5869483
2026-07-16T03:00:22.831877,2026-07-16T03:00:22.841753+00:00,68.5,18,ask,,,5869484
2026-07-16T03:00:22.842434,2026-07-16T03:00:22.852352+00:00,68.5,30,ask,,,5869485
2026-07-16T03:00:23.083941,2026-07-16T03:00:23.090424+00:00,68.5,2,ask,,,5869490
2026-07-16T03:00:23.155848,2026-07-16T03:00:23.164503+00:00,68.4,2,ask,,,5869493
2026-07-16T03:00:23.440221,2026-07-16T03:00:23.449012+00:00,68.5,10,bid,,,5869501
2026-07-16T03:00:23.440221,2026-07-16T03:00:23.449012+00:00,68.5,40,bid,,,5869502
2026-07-16T03:00:23.974620,2026-07-16T03:00:23.985945+00:00,68.5,46,bid,,,5869511
2026-07-16T03:00:23.996583,2026-07-16T03:00:24.007212+00:00,68.6,30,bid,,,5869513
2026-07-16T03:00:24.145755,2026-07-16T03:00:24.156778+00:00,68.6,5,bid,,,5869518
2026-07-16T03:00:24.206357,2026-07-16T03:00:24.210077+00:00,68.6,2,bid,,,5869521
2026-07-16T03:00:24.229688,2026-07-16T03:00:24.242498+00:00,68.6,10,bid,,,5869523
2026-07-16T03:00:24.236325,2026-07-16T03:00:24.242498+00:00,68.6,38,bid,,,5869524
2026-07-16T03:00:24.300110,2026-07-16T03:00:24.309662+00:00,68.6,15,bid,,,5869529
2026-07-16T03:00:24.300110,2026-07-16T03:00:24.309662+00:00,68.6,29,bid,,,5869530
2026-07-16T03:00:24.543162,2026-07-16T03:00:24.551985+00:00,68.6,12,bid,,,5869535
2026-07-16T03:00:25.455363,2026-07-16T03:00:25.460379+00:00,68.6,10,bid,,,5869551
2026-07-16T03:00:25.463367,2026-07-16T03:00:25.471308+00:00,68.7,23,bid,,,5869552
2026-07-16T03:00:25.482366,2026-07-16T03:00:25.492612+00:00,68.7,25,bid,,,5869554
2026-07-16T03:00:25.557388,2026-07-16T03:00:25.567317+00:00,68.7,50,bid,,,5869558
2026-07-16T03:00:25.690971,2026-07-16T03:00:25.696230+00:00,68.7,52,bid,,,5869566
2026-07-16T03:00:25.690971,2026-07-16T03:00:25.696230+00:00,68.7,2,bid,,,5869567
2026-07-16T03:00:26.071447,2026-07-16T03:00:26.082242+00:00,68.9,10,bid,,,5869572
2026-07-16T03:00:26.076927,2026-07-16T03:00:26.082242+00:00,68.9,10,ask,,,5869573
2026-07-16T03:00:26.160759,2026-07-16T03:00:26.166878+00:00,68.9,14,ask,,,5869577
2026-07-16T03:00:26.448295,2026-07-16T03:00:26.451083+00:00,68.9,41,ask,,,5869582
2026-07-16T03:00:27.298550,2026-07-16T03:00:27.305968+00:00,68.9,10,ask,,,5869598
2026-07-16T03:00:27.406586,2026-07-16T03:00:27.437495+00:00,68.9,15,ask,,,5869605
2026-07-16T03:00:27.406586,2026-07-16T03:00:27.437495+00:00,68.9,46,ask,,,5869606
2026-07-16T03:00:27.416520,2026-07-16T03:00:27.437495+00:00,68.9,4,ask,,,5869608
2026-07-16T03:00:27.442837,2026-07-16T03:00:27.448671+00:00,68.8,26,ask,,,5869610
2026-07-16T03:00:27.669647,2026-07-16T03:00:27.679740+00:00,68.9,38,bid,,,5869616
2026-07-16T03:00:27.669647,2026-07-16T03:00:27.679740+00:00,68.9,50,bid,,,5869617
2026-07-16T03:00:27.676078,2026-07-16T03:00:27.679740+00:00,69.0,50,bid,,,5869618
2026-07-16T03:00:27.694852,2026-07-16T03:00:27.701139+00:00,68.9,30,ask,,,5869620
2026-07-16T03:00:27.725593,2026-07-16T03:00:27.732983+00:00,68.9,30,ask,,,5869622
2026-07-16T03:00:27.756212,2026-07-16T03:00:27.764550+00:00,68.9,2,ask,,,5869624
2026-07-16T03:00:27.756212,2026-07-16T03:00:27.764550+00:00,68.9,8,ask,,,5869625
2026-07-16T03:00:27.860251,2026-07-16T03:00:27.869868+00:00,68.9,14,ask,,,5869629
2026-07-16T03:00:28.010640,2026-07-16T03:00:28.018182+00:00,68.9,44,ask,,,5869631
2026-07-16T03:00:28.961578,2026-07-16T03:00:28.968918+00:00,68.9,7,ask,,,5869655
2026-07-16T03:00:28.966173,2026-07-16T03:00:28.968918+00:00,68.9,3,ask,,,5869656
2026-07-16T03:00:28.966173,2026-07-16T03:00:28.979613+00:00,68.9,39,ask,,,5869657
2026-07-16T03:00:28.989398,2026-07-16T03:00:29.000866+00:00,68.9,7,ask,,,5869661
2026-07-16T03:00:29.115302,2026-07-16T03:00:29.117732+00:00,68.9,3,ask,,,5869663
2026-07-16T03:00:29.215393,2026-07-16T03:00:29.223475+00:00,68.9,1,ask,,,5869664
2026-07-16T03:00:29.309284,2026-07-16T03:00:29.318485+00:00,68.8,70,ask,,,5869668
2026-07-16T03:00:29.336574,2026-07-16T03:00:29.339708+00:00,68.7,10,ask,,,5869669
2026-07-16T03:00:29.341839,2026-07-16T03:00:29.350461+00:00,68.7,2,ask,,,5869670
2026-07-16T03:00:29.668200,2026-07-16T03:00:29.677375+00:00,68.8,30,bid,,,5869681
2026-07-16T03:00:29.668200,2026-07-16T03:00:29.677375+00:00,68.8,14,bid,,,5869682
2026-07-16T03:00:29.799044,2026-07-16T03:00:29.813251+00:00,68.8,3,bid,,,5869688
2026-07-16T03:00:29.799044,2026-07-16T03:00:29.813251+00:00,68.8,47,bid,,,5869689
2026-07-16T03:00:30.638907,2026-07-16T03:00:30.641824+00:00,68.5,10,ask,,,5869705
2026-07-16T03:00:30.638907,2026-07-16T03:00:30.652317+00:00,68.4,37,ask,,,5869706
2026-07-16T03:00:30.909324,2026-07-16T03:00:30.916646+00:00,68.6,42,bid,,,5869710
2026-07-16T03:00:31.598028,2026-07-16T03:00:31.611897+00:00,68.5,10,bid,,,5869722
2026-07-16T03:00:31.598028,2026-07-16T03:00:31.611897+00:00,68.5,28,bid,,,5869723
2026-07-16T03:00:31.618917,2026-07-16T03:00:31.622562+00:00,68.5,22,bid,,,5869725
2026-07-16T03:00:31.625601,2026-07-16T03:00:31.633133+00:00,68.6,7,bid,,,5869726
2026-07-16T03:00:31.636647,2026-07-16T03:00:31.643772+00:00,68.6,30,bid,,,5869728
2026-07-16T03:00:31.913015,2026-07-16T03:00:31.916772+00:00,68.6,50,bid,,,5869735
2026-07-16T03:00:32.422297,2026-07-16T03:00:32.432042+00:00,68.6,21,bid,,,5869742
2026-07-16T03:00:32.422297,2026-07-16T03:00:32.432042+00:00,68.6,42,bid,,,5869743
2026-07-16T03:00:32.422297,2026-07-16T03:00:32.432042+00:00,68.6,37,bid,,,5869744
2026-07-16T03:00:32.446144,2026-07-16T03:00:32.453192+00:00,68.6,10,bid,,,5869745
2026-07-16T03:00:34.035616,2026-07-16T03:00:34.039968+00:00,68.8,50,bid,,,5869766
2026-07-16T03:00:34.035616,2026-07-16T03:00:34.039968+00:00,68.8,10,bid,,,5869767
2026-07-16T03:00:34.036014,2026-07-16T03:00:34.050605+00:00,68.9,6,bid,,,5869768
2026-07-16T03:00:34.036014,2026-07-16T03:00:34.050605+00:00,68.9,11,bid,,,5869769
2026-07-16T03:00:34.036014,2026-07-16T03:00:34.050605+00:00,69.1,33,bid,,,5869770
2026-07-16T03:00:34.052822,2026-07-16T03:00:34.061155+00:00,68.8,38,ask,,,5869771
2026-07-16T03:00:34.053056,2026-07-16T03:00:34.071801+00:00,68.8,42,ask,,,5869772
2026-07-16T03:00:34.120497,2026-07-16T03:00:34.124842+00:00,68.8,10,ask,,,5869775
2026-07-16T03:00:34.120497,2026-07-16T03:00:34.124842+00:00,68.8,20,ask,,,5869776
2026-07-16T03:00:34.493273,2026-07-16T03:00:34.495195+00:00,68.8,12,ask,,,5869781
2026-07-16T03:00:34.515795,2026-07-16T03:00:34.527055+00:00,68.8,16,ask,,,5869783
2026-07-16T03:00:34.523744,2026-07-16T03:00:34.527055+00:00,68.8,2,ask,,,5869784
2026-07-16T03:00:35.541668,2026-07-16T03:00:35.551256+00:00,68.8,10,ask,,,5869804
2026-07-16T03:00:35.557206,2026-07-16T03:00:35.561906+00:00,68.8,2,ask,,,5869805
2026-07-16T03:00:36.099928,2026-07-16T03:00:36.109621+00:00,68.9,10,bid,,,5869813
2026-07-16T03:00:36.099928,2026-07-16T03:00:36.109621+00:00,68.9,39,bid,,,5869814
2026-07-16T03:00:36.151675,2026-07-16T03:00:36.162878+00:00,68.9,11,bid,,,5869818
2026-07-16T03:00:36.151675,2026-07-16T03:00:36.162878+00:00,68.9,2,bid,,,5869819
2026-07-16T03:00:36.151675,2026-07-16T03:00:36.162878+00:00,69.0,37,bid,,,5869820
2026-07-16T03:00:36.689764,2026-07-16T03:00:36.699677+00:00,68.8,10,ask,,,5869826
2026-07-16T03:00:36.689764,2026-07-16T03:00:36.699677+00:00,68.7,37,ask,,,5869827
2026-07-16T03:00:37.383880,2026-07-16T03:00:37.395117+00:00,68.8,28,bid,,,5869836
2026-07-16T03:00:37.389654,2026-07-16T03:00:37.395117+00:00,68.8,3,bid,,,5869837
2026-07-16T03:00:37.414907,2026-07-16T03:00:37.416595+00:00,68.8,30,bid,,,5869840
2026-07-16T03:00:37.460307,2026-07-16T03:00:37.469611+00:00,68.8,30,bid,,,5869842
2026-07-16T03:00:37.495212,2026-07-16T03:00:37.501186+00:00,68.8,59,bid,,,5869844
2026-07-16T03:00:37.524751,2026-07-16T03:00:37.532974+00:00,69.0,30,bid,,,5869846
2026-07-16T03:00:38.332158,2026-07-16T03:00:38.338226+00:00,68.9,14,ask,,,5869855
2026-07-16T03:00:38.332158,2026-07-16T03:00:38.338226+00:00,68.9,36,ask,,,5869856
2026-07-16T03:00:38.612618,2026-07-16T03:00:38.621784+00:00,69.0,10,bid,,,5869860
2026-07-16T03:00:38.712085,2026-07-16T03:00:38.717158+00:00,68.9,3,ask,,,5869867
2026-07-16T03:00:38.720841,2026-07-16T03:00:38.738446+00:00,68.9,11,ask,,,5869869
2026-07-16T03:00:38.720841,2026-07-16T03:00:38.738446+00:00,68.9,10,ask,,,5869870
2026-07-16T03:00:38.993770,2026-07-16T03:00:39.002779+00:00,68.8,14,ask,,,5869881
2026-07-16T03:00:39.635829,2026-07-16T03:00:39.644227+00:00,68.8,10,ask,,,5869893
2026-07-16T03:00:40.369831,2026-07-16T03:00:40.372277+00:00,68.9,24,bid,,,5869902
2026-07-16T03:00:40.369831,2026-07-16T03:00:40.382870+00:00,68.9,50,bid,,,5869903
2026-07-16T03:00:40.385282,2026-07-16T03:00:40.393432+00:00,68.9,38,ask,,,5869905
2026-07-16T03:00:40.392516,2026-07-16T03:00:40.404124+00:00,69.0,30,bid,,,5869906
2026-07-16T03:00:40.392516,2026-07-16T03:00:40.404124+00:00,69.0,20,bid,,,5869907
2026-07-16T03:00:40.401381,2026-07-16T03:00:40.404124+00:00,68.9,30,ask,,,5869908
2026-07-16T03:00:40.451862,2026-07-16T03:00:40.456831+00:00,69.0,17,bid,,,5869910
2026-07-16T03:00:40.451862,2026-07-16T03:00:40.456831+00:00,69.0,32,bid,,,5869911
2026-07-16T03:00:40.459864,2026-07-16T03:00:40.467388+00:00,68.9,8,ask,,,5869912
2026-07-16T03:00:41.972286,2026-07-16T03:00:41.988937+00:00,68.9,10,bid,,,5869937
2026-07-16T03:00:41.972286,2026-07-16T03:00:41.988937+00:00,69.1,6,bid,,,5869938
2026-07-16T03:00:42.511433,2026-07-16T03:00:42.514437+00:00,68.8,47,ask,,,5869947
2026-07-16T03:00:43.505246,2026-07-16T03:00:43.513389+00:00,69.0,39,bid,,,5869959
2026-07-16T03:00:43.505246,2026-07-16T03:00:43.513389+00:00,69.0,4,bid,,,5869960
2026-07-16T03:00:43.593323,2026-07-16T03:00:43.597417+00:00,68.9,10,ask,,,5869961
2026-07-16T03:00:43.593323,2026-07-16T03:00:43.607911+00:00,68.9,50,ask,,,5869962
2026-07-16T03:00:43.593323,2026-07-16T03:00:43.607911+00:00,68.9,10,ask,,,5869963
2026-07-16T03:00:43.593323,2026-07-16T03:00:43.607911+00:00,68.9,78,ask,,,5869964
2026-07-16T03:00:44.569427,2026-07-16T03:00:44.581212+00:00,68.9,2,bid,,,5869978
2026-07-16T03:00:44.569427,2026-07-16T03:00:44.581212+00:00,68.9,46,bid,,,5869979
2026-07-16T03:00:44.673538,2026-07-16T03:00:44.676179+00:00,68.8,50,ask,,,5869983
2026-07-16T03:00:45.313097,2026-07-16T03:00:45.321644+00:00,68.8,6,ask,,,5869989
2026-07-16T03:00:45.327152,2026-07-16T03:00:45.332366+00:00,68.8,30,ask,,,5869990
2026-07-16T03:00:45.801016,2026-07-16T03:00:45.807692+00:00,68.9,10,bid,,,5870003
2026-07-16T03:00:45.801016,2026-07-16T03:00:45.807692+00:00,68.9,28,bid,,,5870004
2026-07-16T03:00:45.817583,2026-07-16T03:00:45.828853+00:00,68.9,30,bid,,,5870006
2026-07-16T03:00:45.821847,2026-07-16T03:00:45.828853+00:00,68.9,10,bid,,,5870007
2026-07-16T03:00:45.829093,2026-07-16T03:00:45.839500+00:00,68.9,10,bid,,,5870008
2026-07-16T03:00:45.849247,2026-07-16T03:00:45.860567+00:00,69.0,20,bid,,,5870010
2026-07-16T03:00:46.766449,2026-07-16T03:00:46.781037+00:00,69.0,45,bid,,,5870023
2026-07-16T03:00:46.766449,2026-07-16T03:00:46.781037+00:00,69.0,16,bid,,,5870024
2026-07-16T03:00:46.766449,2026-07-16T03:00:46.781037+00:00,69.1,89,bid,,,5870025
2026-07-16T03:00:46.832098,2026-07-16T03:00:46.845159+00:00,68.9,10,ask,,,5870031
2026-07-16T03:00:46.832098,2026-07-16T03:00:46.845159+00:00,68.9,40,ask,,,5870032
2026-07-16T03:00:46.900928,2026-07-16T03:00:46.909316+00:00,69.0,10,ask,,,5870037
2026-07-16T03:00:48.027112,2026-07-16T03:00:48.043445+00:00,68.9,18,ask,,,5870057
2026-07-16T03:00:48.027377,2026-07-16T03:00:48.043445+00:00,68.9,30,ask,,,5870058
2026-07-16T03:00:48.054811,2026-07-16T03:00:48.064916+00:00,68.9,2,ask,,,5870060
2026-07-16T03:00:48.099328,2026-07-16T03:00:48.107257+00:00,68.9,25,ask,,,5870064
2026-07-16T03:00:48.099328,2026-07-16T03:00:48.107257+00:00,68.9,10,ask,,,5870065
2026-07-16T03:00:48.099328,2026-07-16T03:00:48.107257+00:00,68.9,3,ask,,,5870066
2026-07-16T03:00:48.111628,2026-07-16T03:00:48.117776+00:00,68.9,30,ask,,,5870067
2026-07-16T03:00:48.921185,2026-07-16T03:00:48.932934+00:00,68.9,10,ask,,,5870083
2026-07-16T03:00:48.944653,2026-07-16T03:00:48.954101+00:00,68.9,50,ask,,,5870084
2026-07-16T03:00:49.260648,2026-07-16T03:00:49.270610+00:00,69.0,38,bid,,,5870098
2026-07-16T03:00:49.265665,2026-07-16T03:00:49.281119+00:00,69.0,16,bid,,,5870099
2026-07-16T03:00:49.278684,2026-07-16T03:00:49.281119+00:00,69.0,34,bid,,,5870100
2026-07-16T03:00:49.289846,2026-07-16T03:00:49.302289+00:00,69.1,23,bid,,,5870103
2026-07-16T03:00:50.303532,2026-07-16T03:00:50.312299+00:00,69.0,10,ask,,,5870117
2026-07-16T03:00:50.303532,2026-07-16T03:00:50.312299+00:00,69.0,37,ask,,,5870118
2026-07-16T03:00:50.726039,2026-07-16T03:00:50.747716+00:00,69.0,49,ask,,,5870136
2026-07-16T03:00:50.752273,2026-07-16T03:00:50.758374+00:00,69.0,14,ask,,,5870138
2026-07-16T03:00:50.752943,2026-07-16T03:00:50.769004+00:00,69.0,3,ask,,,5870140
2026-07-16T03:00:50.752943,2026-07-16T03:00:50.769004+00:00,69.0,10,ask,,,5870141
2026-07-16T03:00:50.752943,2026-07-16T03:00:50.779540+00:00,69.0,10,ask,,,5870142
2026-07-16T03:00:50.752943,2026-07-16T03:00:50.779540+00:00,69.0,7,ask,,,5870143
2026-07-16T03:00:50.776692,2026-07-16T03:00:50.790085+00:00,69.0,43,ask,,,5870144
2026-07-16T03:00:50.776692,2026-07-16T03:00:50.790085+00:00,69.0,8,ask,,,5870145
2026-07-16T03:00:50.864993,2026-07-16T03:00:50.874493+00:00,68.9,40,ask,,,5870147
2026-07-16T03:00:50.864993,2026-07-16T03:00:50.874493+00:00,68.9,10,ask,,,5870148
2026-07-16T03:00:50.864993,2026-07-16T03:00:50.874493+00:00,68.9,1,ask,,,5870149
2026-07-16T03:00:50.920875,2026-07-16T03:00:50.927262+00:00,69.0,7,bid,,,5870152
2026-07-16T03:00:50.932583,2026-07-16T03:00:50.937893+00:00,69.0,13,bid,,,5870153
2026-07-16T03:00:51.082864,2026-07-16T03:00:51.086469+00:00,68.9,50,ask,,,5870156
2026-07-16T03:00:51.267095,2026-07-16T03:00:51.277989+00:00,69.0,20,bid,,,5870159
2026-07-16T03:00:51.267095,2026-07-16T03:00:51.277989+00:00,69.0,22,bid,,,5870160
2026-07-16T03:00:52.066777,2026-07-16T03:00:52.068401+00:00,68.9,10,ask,,,5870175
2026-07-16T03:00:52.232495,2026-07-16T03:00:52.238989+00:00,69.0,2,bid,,,5870178
2026-07-16T03:00:53.176502,2026-07-16T03:00:53.178530+00:00,68.9,10,ask,,,5870196
2026-07-16T03:00:53.176502,2026-07-16T03:00:53.189184+00:00,68.9,32,ask,,,5870197
2026-07-16T03:00:53.176502,2026-07-16T03:00:53.189184+00:00,68.9,10,ask,,,5870198
2026-07-16T03:00:53.195374,2026-07-16T03:00:53.199827+00:00,68.8,6,ask,,,5870199
2026-07-16T03:00:53.195374,2026-07-16T03:00:53.199827+00:00,68.8,10,ask,,,5870200
2026-07-16T03:00:53.195374,2026-07-16T03:00:53.210352+00:00,68.8,34,ask,,,5870201
2026-07-16T03:00:53.260967,2026-07-16T03:00:53.263243+00:00,68.9,2,bid,,,5870208
2026-07-16T03:00:53.890283,2026-07-16T03:00:53.893174+00:00,68.8,44,ask,,,5870226
2026-07-16T03:00:54.285447,2026-07-16T03:00:54.287086+00:00,68.9,2,bid,,,5870232
2026-07-16T03:00:54.750485,2026-07-16T03:00:54.757190+00:00,68.8,10,ask,,,5870244
2026-07-16T03:00:54.750485,2026-07-16T03:00:54.757190+00:00,68.8,10,ask,,,5870245
2026-07-16T03:00:54.834847,2026-07-16T03:00:54.841505+00:00,68.6,6,ask,,,5870250
2026-07-16T03:00:54.834847,2026-07-16T03:00:54.841505+00:00,68.4,35,ask,,,5870251
2026-07-16T03:00:55.131724,2026-07-16T03:00:55.137990+00:00,68.7,10,bid,,,5870262
2026-07-16T03:00:55.872540,2026-07-16T03:00:55.882214+00:00,68.8,30,bid,,,5870282
2026-07-16T03:00:55.888827,2026-07-16T03:00:55.892880+00:00,68.8,50,bid,,,5870284
2026-07-16T03:00:55.888827,2026-07-16T03:00:55.892880+00:00,68.8,1,bid,,,5870285
2026-07-16T03:00:55.889392,2026-07-16T03:00:55.903457+00:00,68.8,45,bid,,,5870287
2026-07-16T03:00:55.913038,2026-07-16T03:00:55.924579+00:00,68.8,4,bid,,,5870288
2026-07-16T03:00:55.932808,2026-07-16T03:00:55.945747+00:00,68.9,45,bid,,,5870292
2026-07-16T03:00:56.346738,2026-07-16T03:00:56.356004+00:00,68.9,2,bid,,,5870299
2026-07-16T03:00:57.250904,2026-07-16T03:00:57.280461+00:00,68.9,3,bid,,,5870307
2026-07-16T03:00:57.268543,2026-07-16T03:00:57.280461+00:00,68.9,51,bid,,,5870310
2026-07-16T03:00:57.275325,2026-07-16T03:00:57.291316+00:00,68.9,30,bid,,,5870312
2026-07-16T03:00:57.287565,2026-07-16T03:00:57.301934+00:00,68.9,20,bid,,,5870313
2026-07-16T03:00:57.318495,2026-07-16T03:00:57.323213+00:00,69.0,22,bid,,,5870317
2026-07-16T03:00:57.326777,2026-07-16T03:00:57.333816+00:00,69.0,8,bid,,,5870318
2026-07-16T03:00:57.326777,2026-07-16T03:00:57.333816+00:00,69.0,2,bid,,,5870319
2026-07-16T03:00:57.327253,2026-07-16T03:00:57.344360+00:00,69.0,15,bid,,,5870320
2026-07-16T03:00:57.363594,2026-07-16T03:00:57.365484+00:00,69.0,22,bid,,,5870322
2026-07-16T03:00:57.378468,2026-07-16T03:00:57.386560+00:00,69.0,19,bid,,,5870323
2026-07-16T03:00:57.378468,2026-07-16T03:00:57.386560+00:00,69.0,10,bid,,,5870324
2026-07-16T03:00:57.378468,2026-07-16T03:00:57.386560+00:00,69.1,6,bid,,,5870325
2026-07-16T03:00:57.378468,2026-07-16T03:00:57.397081+00:00,69.1,15,bid,,,5870326
2026-07-16T03:00:57.473660,2026-07-16T03:00:57.482196+00:00,69.1,2,bid,,,5870329
2026-07-16T03:00:57.498431,2026-07-16T03:00:57.503332+00:00,69.1,5,bid,,,5870331
2026-07-16T03:00:57.935282,2026-07-16T03:00:57.937571+00:00,69.1,42,bid,,,5870347
2026-07-16T03:00:58.178356,2026-07-16T03:00:58.179958+00:00,69.1,10,bid,,,5870352
2026-07-16T03:00:58.504446,2026-07-16T03:00:58.508286+00:00,69.1,2,bid,,,5870355
2026-07-16T03:00:59.399012,2026-07-16T03:00:59.410215+00:00,69.1,47,bid,,,5870380
2026-07-16T03:00:59.494242,2026-07-16T03:00:59.505462+00:00,69.1,32,bid,,,5870384
2026-07-16T03:00:59.494242,2026-07-16T03:00:59.516036+00:00,69.1,10,bid,,,5870385
2026-07-16T03:00:59.494242,2026-07-16T03:00:59.516036+00:00,69.1,8,bid,,,5870386
2026-07-16T03:00:59.494242,2026-07-16T03:00:59.516036+00:00,69.1,30,bid,,,5870387
2026-07-16T03:00:59.494242,2026-07-16T03:00:59.516036+00:00,69.2,6,bid,,,5870388
2026-07-16T03:00:59.494242,2026-07-16T03:00:59.516036+00:00,69.2,30,bid,,,5870389
2026-07-16T03:00:59.523336,2026-07-16T03:00:59.558292+00:00,69.4,50,bid,,,5870390
2026-07-16T03:00:59.543533,2026-07-16T03:00:59.558292+00:00,69.3,12,ask,,,5870391
2026-07-16T03:00:59.552179,2026-07-16T03:00:59.569276+00:00,69.3,22,ask,,,5870395
2026-07-16T03:00:59.599597,2026-07-16T03:00:59.601210+00:00,69.0,34,ask,,,5870399
2026-07-16T03:00:59.606679,2026-07-16T03:00:59.611775+00:00,69.0,16,ask,,,5870400
2026-07-16T03:01:00.462750,2026-07-16T03:01:00.471481+00:00,69.0,18,ask,,,5870427
2026-07-16T03:01:00.462750,2026-07-16T03:01:00.471481+00:00,69.0,10,ask,,,5870428
2026-07-16T03:01:00.462750,2026-07-16T03:01:00.471481+00:00,69.0,11,ask,,,5870429
2026-07-16T03:01:00.479097,2026-07-16T03:01:00.482021+00:00,69.0,30,ask,,,5870431
2026-07-16T03:01:00.510886,2026-07-16T03:01:00.513781+00:00,69.0,9,ask,,,5870433
2026-07-16T03:01:00.510886,2026-07-16T03:01:00.524327+00:00,69.0,20,ask,,,5870434
2026-07-16T03:01:00.592159,2026-07-16T03:01:00.597873+00:00,69.0,28,ask,,,5870436
2026-07-16T03:01:00.712290,2026-07-16T03:01:00.714356+00:00,69.0,2,ask,,,5870442
2026-07-16T03:01:01.236443,2026-07-16T03:01:01.240651+00:00,68.9,10,ask,,,5870450
2026-07-16T03:01:01.322850,2026-07-16T03:01:01.328940+00:00,68.9,3,ask,,,5870451
2026-07-16T03:01:01.644801,2026-07-16T03:01:01.656064+00:00,69.0,14,bid,,,5870457
2026-07-16T03:01:01.644801,2026-07-16T03:01:01.656064+00:00,69.0,36,bid,,,5870458
2026-07-16T03:01:01.753758,2026-07-16T03:01:01.761070+00:00,68.9,29,ask,,,5870461
2026-07-16T03:01:01.766532,2026-07-16T03:01:01.771794+00:00,68.9,1,ask,,,5870463
2026-07-16T03:01:01.766532,2026-07-16T03:01:01.771794+00:00,68.9,1,ask,,,5870464
2026-07-16T03:01:02.202578,2026-07-16T03:01:02.205518+00:00,68.9,44,ask,,,5870474
2026-07-16T03:01:02.257946,2026-07-16T03:01:02.268733+00:00,68.9,10,ask,,,5870475
2026-07-16T03:01:02.834681,2026-07-16T03:01:02.842043+00:00,69.0,1,bid,,,5870497
2026-07-16T03:01:03.272960,2026-07-16T03:01:03.284073+00:00,69.0,10,bid,,,5870504
2026-07-16T03:01:03.756175,2026-07-16T03:01:03.758306+00:00,69.0,50,bid,,,5870511
2026-07-16T03:01:05.369038,2026-07-16T03:01:05.378775+00:00,68.9,10,ask,,,5870538
2026-07-16T03:01:05.864080,2026-07-16T03:01:05.873866+00:00,69.0,10,bid,,,5870552
2026-07-16T03:01:05.864080,2026-07-16T03:01:05.873866+00:00,69.0,40,bid,,,5870553
2026-07-16T03:01:05.922827,2026-07-16T03:01:05.926816+00:00,68.9,2,ask,,,5870555
2026-07-16T03:01:05.949322,2026-07-16T03:01:05.958756+00:00,68.9,49,ask,,,5870556
2026-07-16T03:01:05.949322,2026-07-16T03:01:05.958756+00:00,68.9,50,ask,,,5870557
2026-07-16T03:01:07.403103,2026-07-16T03:01:07.407038+00:00,68.9,10,bid,,,5870579
2026-07-16T03:01:07.980974,2026-07-16T03:01:07.988049+00:00,68.9,41,bid,,,5870595
2026-07-16T03:01:07.980974,2026-07-16T03:01:07.988049+00:00,68.9,9,bid,,,5870596
2026-07-16T03:01:08.145569,2026-07-16T03:01:08.153014+00:00,68.8,45,ask,,,5870603
2026-07-16T03:01:08.427027,2026-07-16T03:01:08.436658+00:00,68.8,10,ask,,,5870607
2026-07-16T03:01:09.064241,2026-07-16T03:01:09.068060+00:00,68.9,71,bid,,,5870615
2026-07-16T03:01:09.064241,2026-07-16T03:01:09.078563+00:00,68.9,10,bid,,,5870616
2026-07-16T03:01:09.064241,2026-07-16T03:01:09.078563+00:00,68.9,10,bid,,,5870617
2026-07-16T03:01:09.064241,2026-07-16T03:01:09.078563+00:00,68.9,50,bid,,,5870618
2026-07-16T03:01:09.064241,2026-07-16T03:01:09.078563+00:00,68.9,9,bid,,,5870619
2026-07-16T03:01:10.093598,2026-07-16T03:01:10.096295+00:00,68.9,10,bid,,,5870640
2026-07-16T03:01:10.093598,2026-07-16T03:01:10.106893+00:00,68.9,10,bid,,,5870641
2026-07-16T03:01:10.093598,2026-07-16T03:01:10.106893+00:00,68.9,10,bid,,,5870642
2026-07-16T03:01:10.093598,2026-07-16T03:01:10.106893+00:00,68.9,20,bid,,,5870643
2026-07-16T03:01:10.282218,2026-07-16T03:01:10.286760+00:00,68.8,45,ask,,,5870650
2026-07-16T03:01:10.282218,2026-07-16T03:01:10.297297+00:00,68.8,4,ask,,,5870651
2026-07-16T03:01:10.522448,2026-07-16T03:01:10.529002+00:00,68.9,10,bid,,,5870655
2026-07-16T03:01:10.627408,2026-07-16T03:01:10.636603+00:00,68.8,76,ask,,,5870656
2026-07-16T03:01:10.627408,2026-07-16T03:01:10.636603+00:00,68.8,24,ask,,,5870657
2026-07-16T03:01:11.526310,2026-07-16T03:01:11.530302+00:00,68.9,47,bid,,,5870670
2026-07-16T03:01:11.758161,2026-07-16T03:01:11.762051+00:00,68.8,1,ask,,,5870675
2026-07-16T03:01:11.758161,2026-07-16T03:01:11.762051+00:00,68.8,41,ask,,,5870676
2026-07-16T03:01:11.764374,2026-07-16T03:01:11.772641+00:00,68.8,9,ask,,,5870677
2026-07-16T03:01:11.801437,2026-07-16T03:01:11.804444+00:00,68.7,30,ask,,,5870682
2026-07-16T03:01:11.807509,2026-07-16T03:01:11.815025+00:00,68.7,40,ask,,,5870683
2026-07-16T03:01:11.807509,2026-07-16T03:01:11.815025+00:00,68.7,5,ask,,,5870684
2026-07-16T03:01:12.092088,2026-07-16T03:01:12.099409+00:00,68.7,2,ask,,,5870687
2026-07-16T03:01:12.218615,2026-07-16T03:01:12.226665+00:00,68.8,10,bid,,,5870694
2026-07-16T03:01:12.218615,2026-07-16T03:01:12.226665+00:00,68.8,40,bid,,,5870695
2026-07-16T03:01:12.380818,2026-07-16T03:01:12.384734+00:00,68.8,10,bid,,,5870698
2026-07-16T03:01:12.380818,2026-07-16T03:01:12.395377+00:00,68.8,15,bid,,,5870699
2026-07-16T03:01:13.083504,2026-07-16T03:01:13.093109+00:00,68.8,29,bid,,,5870710
2026-07-16T03:01:13.083504,2026-07-16T03:01:13.093109+00:00,68.8,1,bid,,,5870711
2026-07-16T03:01:13.154018,2026-07-16T03:01:13.156384+00:00,68.8,42,bid,,,5870712
2026-07-16T03:01:13.169026,2026-07-16T03:01:13.177452+00:00,68.8,22,bid,,,5870714
2026-07-16T03:01:13.218307,2026-07-16T03:01:13.219868+00:00,68.8,9,bid,,,5870716
2026-07-16T03:01:13.259967,2026-07-16T03:01:13.262080+00:00,68.8,25,bid,,,5870718
2026-07-16T03:01:13.478034,2026-07-16T03:01:13.483402+00:00,68.8,25,bid,,,5870725
2026-07-16T03:01:13.575170,2026-07-16T03:01:13.577870+00:00,68.8,10,bid,,,5870726
2026-07-16T03:01:14.054954,2026-07-16T03:01:14.062663+00:00,68.8,16,bid,,,5870733
2026-07-16T03:01:14.054954,2026-07-16T03:01:14.062663+00:00,68.8,30,bid,,,5870734
2026-07-16T03:01:14.328452,2026-07-16T03:01:14.335726+00:00,68.8,20,bid,,,5870739
2026-07-16T03:01:14.328452,2026-07-16T03:01:14.335726+00:00,68.8,25,bid,,,5870740
2026-07-16T03:01:14.328452,2026-07-16T03:01:14.335726+00:00,68.9,5,bid,,,5870741
2026-07-16T03:01:14.635872,2026-07-16T03:01:14.641699+00:00,68.8,10,ask,,,5870746
2026-07-16T03:01:15.079116,2026-07-16T03:01:15.083128+00:00,68.9,25,bid,,,5870763
2026-07-16T03:01:15.218027,2026-07-16T03:01:15.220415+00:00,69.0,25,bid,,,5870766
2026-07-16T03:01:15.218027,2026-07-16T03:01:15.230972+00:00,69.0,24,bid,,,5870767
2026-07-16T03:01:15.446597,2026-07-16T03:01:15.452125+00:00,68.9,3,ask,,,5870773
2026-07-16T03:01:15.460395,2026-07-16T03:01:15.462664+00:00,69.0,7,bid,,,5870774
2026-07-16T03:01:15.460395,2026-07-16T03:01:15.473188+00:00,69.0,25,bid,,,5870775
2026-07-16T03:01:15.517034,2026-07-16T03:01:15.525956+00:00,69.1,25,ask,,,5870776
2026-07-16T03:01:15.656362,2026-07-16T03:01:15.662574+00:00,69.1,10,ask,,,5870778
2026-07-16T03:01:15.714244,2026-07-16T03:01:15.725938+00:00,69.1,42,ask,,,5870780
2026-07-16T03:01:15.727938,2026-07-16T03:01:15.736566+00:00,69.1,14,ask,,,5870782
2026-07-16T03:01:15.732619,2026-07-16T03:01:15.736566+00:00,69.1,27,ask,,,5870783
2026-07-16T03:01:15.732619,2026-07-16T03:01:15.747235+00:00,69.1,3,ask,,,5870784
2026-07-16T03:01:15.744084,2026-07-16T03:01:15.757868+00:00,69.1,41,ask,,,5870786
2026-07-16T03:01:15.774314,2026-07-16T03:01:15.779092+00:00,68.9,10,ask,,,5870789
2026-07-16T03:01:15.774314,2026-07-16T03:01:15.779092+00:00,68.9,25,ask,,,5870790
2026-07-16T03:01:15.774314,2026-07-16T03:01:15.789735+00:00,68.8,6,ask,,,5870791
2026-07-16T03:01:15.967308,2026-07-16T03:01:15.971601+00:00,68.9,3,ask,,,5870796
2026-07-16T03:01:16.336842,2026-07-16T03:01:16.342463+00:00,68.9,25,ask,,,5870801
2026-07-16T03:01:16.336842,2026-07-16T03:01:16.342463+00:00,68.8,17,ask,,,5870802
2026-07-16T03:01:16.453111,2026-07-16T03:01:16.459708+00:00,69.0,44,bid,,,5870803
2026-07-16T03:01:16.453111,2026-07-16T03:01:16.459708+00:00,69.0,6,bid,,,5870804
2026-07-16T03:01:16.700020,2026-07-16T03:01:16.702183+00:00,68.9,10,ask,,,5870809
2026-07-16T03:01:16.727516,2026-07-16T03:01:16.734022+00:00,68.9,25,ask,,,5870811
2026-07-16T03:01:17.078307,2026-07-16T03:01:17.103058+00:00,69.0,17,bid,,,5870820
2026-07-16T03:01:17.078307,2026-07-16T03:01:17.113664+00:00,69.0,10,bid,,,5870821
2026-07-16T03:01:17.078307,2026-07-16T03:01:17.113664+00:00,69.0,25,bid,,,5870822
2026-07-16T03:01:17.143095,2026-07-16T03:01:17.156194+00:00,69.1,10,bid,,,5870825
2026-07-16T03:01:17.143095,2026-07-16T03:01:17.166816+00:00,69.1,40,bid,,,5870826
2026-07-16T03:01:17.143543,2026-07-16T03:01:17.166816+00:00,69.1,30,bid,,,5870827
2026-07-16T03:01:17.263472,2026-07-16T03:01:17.272463+00:00,69.0,25,bid,,,5870836
2026-07-16T03:01:17.280968,2026-07-16T03:01:17.293549+00:00,69.1,25,bid,,,5870839
2026-07-16T03:01:17.305917,2026-07-16T03:01:17.315043+00:00,69.1,2,bid,,,5870841
2026-07-16T03:01:17.512076,2026-07-16T03:01:17.516304+00:00,69.0,25,ask,,,5870853
2026-07-16T03:01:17.596019,2026-07-16T03:01:17.600695+00:00,68.9,10,ask,,,5870858
2026-07-16T03:01:17.687953,2026-07-16T03:01:17.696213+00:00,69.0,18,ask,,,5870861
2026-07-16T03:01:17.692228,2026-07-16T03:01:17.696213+00:00,69.0,7,ask,,,5870862
2026-07-16T03:01:18.574186,2026-07-16T03:01:18.580861+00:00,69.0,10,bid,,,5870871
2026-07-16T03:01:18.574186,2026-07-16T03:01:18.580861+00:00,69.0,6,bid,,,5870872
2026-07-16T03:01:18.574186,2026-07-16T03:01:18.580861+00:00,69.0,25,bid,,,5870873
2026-07-16T03:01:18.574186,2026-07-16T03:01:18.591460+00:00,69.1,3,bid,,,5870874
2026-07-16T03:01:18.574186,2026-07-16T03:01:18.591460+00:00,69.2,6,bid,,,5870875
2026-07-16T03:01:18.759261,2026-07-16T03:01:18.770686+00:00,69.0,10,bid,,,5870883
2026-07-16T03:01:19.015542,2026-07-16T03:01:19.022731+00:00,68.9,45,ask,,,5870887
2026-07-16T03:01:19.932028,2026-07-16T03:01:19.933834+00:00,68.9,46,ask,,,5870905
2026-07-16T03:01:20.472383,2026-07-16T03:01:20.483684+00:00,69.0,44,bid,,,5870914
2026-07-16T03:01:20.690699,2026-07-16T03:01:20.694410+00:00,69.0,50,bid,,,5870919
2026-07-16T03:01:21.814695,2026-07-16T03:01:21.823028+00:00,69.0,10,bid,,,5870942
2026-07-16T03:01:22.193496,2026-07-16T03:01:22.202632+00:00,69.0,46,bid,,,5870949
2026-07-16T03:01:22.813508,2026-07-16T03:01:22.818435+00:00,69.0,25,bid,,,5870960
2026-07-16T03:01:22.851160,2026-07-16T03:01:22.860683+00:00,68.9,50,ask,,,5870961
2026-07-16T03:01:23.665234,2026-07-16T03:01:23.674634+00:00,68.9,50,ask,,,5870978
2026-07-16T03:01:23.683709,2026-07-16T03:01:23.695757+00:00,68.9,27,ask,,,5870981
2026-07-16T03:01:23.683709,2026-07-16T03:01:23.695757+00:00,68.9,15,ask,,,5870982
2026-07-16T03:01:23.702795,2026-07-16T03:01:23.716881+00:00,68.9,57,ask,,,5870983
2026-07-16T03:01:23.752667,2026-07-16T03:01:23.759306+00:00,68.9,34,ask,,,5870984
2026-07-16T03:01:23.773244,2026-07-16T03:01:23.780399+00:00,68.9,30,ask,,,5870985
2026-07-16T03:01:23.797477,2026-07-16T03:01:23.811994+00:00,68.9,14,ask,,,5870989
2026-07-16T03:01:23.797477,2026-07-16T03:01:23.811994+00:00,68.9,16,ask,,,5870990
2026-07-16T03:01:23.798209,2026-07-16T03:01:23.822519+00:00,68.9,76,ask,,,5870991
2026-07-16T03:01:23.851340,2026-07-16T03:01:23.854337+00:00,68.9,8,ask,,,5870994
2026-07-16T03:01:23.851340,2026-07-16T03:01:23.864931+00:00,68.9,22,ask,,,5870995
2026-07-16T03:01:23.872640,2026-07-16T03:01:23.886179+00:00,68.9,12,ask,,,5870997
2026-07-16T03:01:23.892776,2026-07-16T03:01:23.896831+00:00,68.9,10,ask,,,5870998
2026-07-16T03:01:23.896962,2026-07-16T03:01:23.907453+00:00,68.9,6,ask,,,5870999
2026-07-16T03:01:23.896962,2026-07-16T03:01:23.907453+00:00,68.9,15,ask,,,5871000
2026-07-16T03:01:23.937993,2026-07-16T03:01:23.950172+00:00,68.9,10,ask,,,5871004
2026-07-16T03:01:23.958318,2026-07-16T03:01:23.960785+00:00,68.9,5,ask,,,5871005
2026-07-16T03:01:24.051459,2026-07-16T03:01:24.055990+00:00,68.9,25,ask,,,5871008
2026-07-16T03:01:24.283597,2026-07-16T03:01:24.288206+00:00,68.9,25,ask,,,5871017
2026-07-16T03:01:24.289982,2026-07-16T03:01:24.298768+00:00,68.9,20,ask,,,5871018
2026-07-16T03:01:24.502669,2026-07-16T03:01:24.509681+00:00,68.9,5,ask,,,5871023
2026-07-16T03:01:24.502669,2026-07-16T03:01:24.509681+00:00,68.9,5,ask,,,5871024
2026-07-16T03:01:24.809559,2026-07-16T03:01:24.814807+00:00,68.9,10,bid,,,5871034
2026-07-16T03:01:24.809559,2026-07-16T03:01:24.814807+00:00,68.9,20,bid,,,5871035
2026-07-16T03:01:24.859142,2026-07-16T03:01:24.867403+00:00,68.9,25,bid,,,5871036
2026-07-16T03:01:24.954077,2026-07-16T03:01:24.962764+00:00,68.9,10,ask,,,5871039
2026-07-16T03:01:24.980965,2026-07-16T03:01:24.983805+00:00,68.8,3,ask,,,5871040
2026-07-16T03:01:24.980965,2026-07-16T03:01:24.994350+00:00,68.8,47,ask,,,5871041
2026-07-16T03:01:25.021260,2026-07-16T03:01:25.025960+00:00,68.9,15,bid,,,5871044
2026-07-16T03:01:25.031743,2026-07-16T03:01:25.036593+00:00,68.8,30,ask,,,5871045
2026-07-16T03:01:25.031743,2026-07-16T03:01:25.036593+00:00,68.8,50,ask,,,5871046
2026-07-16T03:01:25.031743,2026-07-16T03:01:25.047229+00:00,68.8,25,ask,,,5871047
2026-07-16T03:01:25.031743,2026-07-16T03:01:25.047229+00:00,68.8,23,ask,,,5871048
2026-07-16T03:01:25.059995,2026-07-16T03:01:25.068473+00:00,68.8,5,bid,,,5871049
2026-07-16T03:01:25.071225,2026-07-16T03:01:25.079088+00:00,68.8,17,bid,,,5871051
2026-07-16T03:01:25.082540,2026-07-16T03:01:25.089741+00:00,69.0,22,bid,,,5871053
2026-07-16T03:01:25.743759,2026-07-16T03:01:25.747741+00:00,69.0,10,bid,,,5871066
2026-07-16T03:01:25.743759,2026-07-16T03:01:25.747741+00:00,69.0,39,bid,,,5871067
2026-07-16T03:01:25.801343,2026-07-16T03:01:25.811038+00:00,68.9,10,ask,,,5871068
2026-07-16T03:01:25.801343,2026-07-16T03:01:25.811038+00:00,68.9,39,ask,,,5871069
2026-07-16T03:01:25.949829,2026-07-16T03:01:25.956228+00:00,69.0,10,bid,,,5871074
2026-07-16T03:01:26.269127,2026-07-16T03:01:26.280398+00:00,69.0,25,bid,,,5871084
2026-07-16T03:01:26.629663,2026-07-16T03:01:26.641124+00:00,68.9,2,ask,,,5871087
2026-07-16T03:01:26.973033,2026-07-16T03:01:26.979312+00:00,68.9,7,ask,,,5871096
2026-07-16T03:01:26.973033,2026-07-16T03:01:26.979312+00:00,68.9,25,ask,,,5871097
2026-07-16T03:01:26.973033,2026-07-16T03:01:26.989850+00:00,68.9,10,ask,,,5871098
2026-07-16T03:01:27.091784,2026-07-16T03:01:27.095202+00:00,68.9,11,ask,,,5871099
2026-07-16T03:01:27.091784,2026-07-16T03:01:27.105703+00:00,68.9,25,ask,,,5871100
2026-07-16T03:01:27.091784,2026-07-16T03:01:27.105703+00:00,68.9,5,ask,,,5871101
2026-07-16T03:01:27.091784,2026-07-16T03:01:27.105703+00:00,68.8,5,ask,,,5871102
2026-07-16T03:01:27.091784,2026-07-16T03:01:27.105703+00:00,68.8,4,ask,,,5871103
2026-07-16T03:01:27.626991,2026-07-16T03:01:27.643137+00:00,68.9,3,ask,,,5871118
2026-07-16T03:01:27.645131,2026-07-16T03:01:27.653732+00:00,68.9,22,ask,,,5871120
2026-07-16T03:01:27.667641,2026-07-16T03:01:27.675123+00:00,68.8,10,ask,,,5871124
2026-07-16T03:01:27.680761,2026-07-16T03:01:27.685705+00:00,68.8,10,ask,,,5871125
2026-07-16T03:01:27.696087,2026-07-16T03:01:27.706864+00:00,68.8,15,ask,,,5871127
2026-07-16T03:01:27.716514,2026-07-16T03:01:27.731565+00:00,68.7,2,ask,,,5871131
2026-07-16T03:01:28.001332,2026-07-16T03:01:28.007472+00:00,68.7,4,ask,,,5871141
2026-07-16T03:01:28.001332,2026-07-16T03:01:28.007472+00:00,68.7,6,ask,,,5871142
2026-07-16T03:01:28.354945,2026-07-16T03:01:28.366543+00:00,68.7,25,ask,,,5871146
2026-07-16T03:01:28.375150,2026-07-16T03:01:28.377077+00:00,68.7,5,ask,,,5871147
2026-07-16T03:01:28.408179,2026-07-16T03:01:28.419208+00:00,68.8,47,bid,,,5871150
2026-07-16T03:01:28.579269,2026-07-16T03:01:28.588318+00:00,68.7,25,ask,,,5871157
2026-07-16T03:01:28.662623,2026-07-16T03:01:28.668392+00:00,68.7,3,bid,,,5871158
2026-07-16T03:01:28.783046,2026-07-16T03:01:28.794942+00:00,68.6,4,ask,,,5871161
2026-07-16T03:01:28.795396,2026-07-16T03:01:28.805594+00:00,68.7,25,bid,,,5871162
2026-07-16T03:01:29.020845,2026-07-16T03:01:29.028889+00:00,68.7,10,bid,,,5871174
2026-07-16T03:01:29.203329,2026-07-16T03:01:29.208541+00:00,68.7,3,bid,,,5871177
2026-07-16T03:01:29.235468,2026-07-16T03:01:29.240066+00:00,68.6,50,ask,,,5871178
2026-07-16T03:01:29.434476,2026-07-16T03:01:29.436131+00:00,68.6,45,ask,,,5871181
2026-07-16T03:01:29.630770,2026-07-16T03:01:29.636359+00:00,68.6,100,ask,,,5871185
2026-07-16T03:01:29.656047,2026-07-16T03:01:29.668049+00:00,68.7,25,bid,,,5871188
2026-07-16T03:01:29.656047,2026-07-16T03:01:29.668049+00:00,68.7,2,bid,,,5871189
2026-07-16T03:01:29.665355,2026-07-16T03:01:29.668049+00:00,68.7,30,bid,,,5871190
2026-07-16T03:01:29.688871,2026-07-16T03:01:29.711518+00:00,68.7,18,bid,,,5871191
2026-07-16T03:01:29.932246,2026-07-16T03:01:29.934478+00:00,68.7,10,ask,,,5871199
2026-07-16T03:01:30.050498,2026-07-16T03:01:30.061123+00:00,68.7,12,bid,,,5871201
2026-07-16T03:01:30.161965,2026-07-16T03:01:30.166707+00:00,68.7,25,bid,,,5871204
2026-07-16T03:01:30.175047,2026-07-16T03:01:30.177234+00:00,68.7,25,bid,,,5871205
2026-07-16T03:01:30.188788,2026-07-16T03:01:30.198356+00:00,68.8,5,bid,,,5871206
2026-07-16T03:01:30.853899,2026-07-16T03:01:30.863310+00:00,68.8,5,bid,,,5871225
2026-07-16T03:01:30.853899,2026-07-16T03:01:30.863310+00:00,68.8,7,bid,,,5871226
2026-07-16T03:01:31.076473,2026-07-16T03:01:31.084993+00:00,68.8,10,bid,,,5871232
2026-07-16T03:01:31.346915,2026-07-16T03:01:31.350984+00:00,68.7,8,ask,,,5871235
2026-07-16T03:01:31.346915,2026-07-16T03:01:31.350984+00:00,68.7,42,ask,,,5871236
2026-07-16T03:01:31.491358,2026-07-16T03:01:31.499217+00:00,68.8,25,bid,,,5871239
2026-07-16T03:01:32.101525,2026-07-16T03:01:32.110215+00:00,68.7,5,ask,,,5871249
2026-07-16T03:01:32.101525,2026-07-16T03:01:32.110215+00:00,68.7,5,ask,,,5871250
2026-07-16T03:01:33.472395,2026-07-16T03:01:33.478227+00:00,68.7,25,ask,,,5871265
2026-07-16T03:01:33.718498,2026-07-16T03:01:33.730446+00:00,68.7,31,ask,,,5871268
2026-07-16T03:01:33.718498,2026-07-16T03:01:33.730446+00:00,68.7,10,ask,,,5871269
2026-07-16T03:01:35.469954,2026-07-16T03:01:35.473888+00:00,68.8,48,bid,,,5871292
2026-07-16T03:01:35.558777,2026-07-16T03:01:35.564003+00:00,68.7,3,ask,,,5871297
2026-07-16T03:01:35.563178,2026-07-16T03:01:35.574598+00:00,68.7,47,ask,,,5871298
2026-07-16T03:01:35.563178,2026-07-16T03:01:35.574598+00:00,68.7,3,ask,,,5871299
2026-07-16T03:01:35.563558,2026-07-16T03:01:35.574598+00:00,68.7,22,ask,,,5871300
2026-07-16T03:01:35.597383,2026-07-16T03:01:35.606248+00:00,68.6,6,ask,,,5871304
2026-07-16T03:01:35.597383,2026-07-16T03:01:35.606248+00:00,68.6,10,ask,,,5871305
2026-07-16T03:01:35.597383,2026-07-16T03:01:35.606248+00:00,68.6,14,ask,,,5871306
2026-07-16T03:01:35.609195,2026-07-16T03:01:35.616813+00:00,68.6,9,ask,,,5871307
2026-07-16T03:01:35.654993,2026-07-16T03:01:35.659392+00:00,68.6,30,ask,,,5871311
2026-07-16T03:01:35.655358,2026-07-16T03:01:35.670000+00:00,68.6,17,ask,,,5871312
2026-07-16T03:01:35.713390,2026-07-16T03:01:35.723359+00:00,68.6,20,ask,,,5871314
2026-07-16T03:01:35.723275,2026-07-16T03:01:35.733921+00:00,68.6,5,ask,,,5871315
2026-07-16T03:01:35.735000,2026-07-16T03:01:35.744615+00:00,68.5,8,ask,,,5871316
2026-07-16T03:01:36.012837,2026-07-16T03:01:36.020673+00:00,68.5,3,ask,,,5871325
2026-07-16T03:01:36.106574,2026-07-16T03:01:36.115425+00:00,68.6,43,bid,,,5871326
2026-07-16T03:01:36.158550,2026-07-16T03:01:36.162999+00:00,68.5,3,bid,,,5871330
2026-07-16T03:01:36.276527,2026-07-16T03:01:36.278803+00:00,68.4,10,ask,,,5871332
2026-07-16T03:01:36.716050,2026-07-16T03:01:36.728510+00:00,68.4,41,ask,,,5871338
2026-07-16T03:01:36.716050,2026-07-16T03:01:36.728510+00:00,68.4,7,ask,,,5871339
2026-07-16T03:01:36.891470,2026-07-16T03:01:36.907158+00:00,68.5,3,bid,,,5871353
2026-07-16T03:01:36.912060,2026-07-16T03:01:36.917753+00:00,68.5,50,bid,,,5871354
2026-07-16T03:01:36.912060,2026-07-16T03:01:36.928319+00:00,68.5,25,bid,,,5871355
2026-07-16T03:01:36.938761,2026-07-16T03:01:36.949444+00:00,68.6,10,bid,,,5871359
2026-07-16T03:01:36.938761,2026-07-16T03:01:36.949444+00:00,68.6,20,bid,,,5871360
2026-07-16T03:01:36.953543,2026-07-16T03:01:36.960018+00:00,68.6,78,bid,,,5871361
2026-07-16T03:01:36.961701,2026-07-16T03:01:36.970538+00:00,68.6,2,bid,,,5871362
2026-07-16T03:01:36.961701,2026-07-16T03:01:36.970538+00:00,68.6,21,bid,,,5871363
2026-07-16T03:01:36.986173,2026-07-16T03:01:36.991646+00:00,68.6,25,bid,,,5871366
2026-07-16T03:01:36.986495,2026-07-16T03:01:37.002258+00:00,68.6,1,bid,,,5871367
2026-07-16T03:01:37.003108,2026-07-16T03:01:37.012811+00:00,68.6,23,bid,,,5871368
2026-07-16T03:01:37.084024,2026-07-16T03:01:37.087091+00:00,68.5,25,bid,,,5871371
2026-07-16T03:01:37.313803,2026-07-16T03:01:37.318513+00:00,68.5,10,ask,,,5871377
2026-07-16T03:01:37.313803,2026-07-16T03:01:37.329140+00:00,68.4,4,ask,,,5871378
2026-07-16T03:01:37.313803,2026-07-16T03:01:37.329140+00:00,68.4,10,ask,,,5871379
2026-07-16T03:01:37.313803,2026-07-16T03:01:37.329140+00:00,68.4,20,ask,,,5871380
2026-07-16T03:01:37.396646,2026-07-16T03:01:37.403443+00:00,68.6,25,bid,,,5871382
2026-07-16T03:01:37.396646,2026-07-16T03:01:37.403443+00:00,68.6,3,bid,,,5871383
2026-07-16T03:01:37.598496,2026-07-16T03:01:37.614418+00:00,68.6,14,bid,,,5871386
2026-07-16T03:01:37.614151,2026-07-16T03:01:37.625067+00:00,68.6,11,bid,,,5871387
2026-07-16T03:01:37.709835,2026-07-16T03:01:37.720468+00:00,68.5,28,ask,,,5871390
2026-07-16T03:01:37.709835,2026-07-16T03:01:37.720468+00:00,68.5,22,ask,,,5871391
2026-07-16T03:01:37.855911,2026-07-16T03:01:37.860937+00:00,68.6,6,bid,,,5871393
2026-07-16T03:01:37.863767,2026-07-16T03:01:37.871501+00:00,68.6,19,bid,,,5871394
2026-07-16T03:01:37.863767,2026-07-16T03:01:37.871501+00:00,68.6,11,bid,,,5871395
2026-07-16T03:01:38.177932,2026-07-16T03:01:38.183285+00:00,68.6,3,ask,,,5871398
2026-07-16T03:01:38.328726,2026-07-16T03:01:38.331790+00:00,68.6,10,ask,,,5871401
2026-07-16T03:01:38.362907,2026-07-16T03:01:38.374046+00:00,68.7,48,bid,,,5871403
2026-07-16T03:01:38.503499,2026-07-16T03:01:38.511327+00:00,68.6,25,ask,,,5871407
2026-07-16T03:01:39.247308,2026-07-16T03:01:39.259070+00:00,68.6,3,bid,,,5871412
2026-07-16T03:01:39.247308,2026-07-16T03:01:39.259070+00:00,68.6,41,bid,,,5871413
2026-07-16T03:01:39.473003,2026-07-16T03:01:39.480407+00:00,68.6,9,bid,,,5871416
2026-07-16T03:01:39.473003,2026-07-16T03:01:39.480407+00:00,68.6,4,bid,,,5871417
2026-07-16T03:01:39.825790,2026-07-16T03:01:39.838511+00:00,68.5,49,ask,,,5871422
2026-07-16T03:01:39.825790,2026-07-16T03:01:39.838511+00:00,68.5,1,ask,,,5871423
2026-07-16T03:01:40.388538,2026-07-16T03:01:40.400522+00:00,68.6,10,bid,,,5871426
2026-07-16T03:01:40.946404,2026-07-16T03:01:40.950489+00:00,68.6,25,bid,,,5871432
2026-07-16T03:01:41.297008,2026-07-16T03:01:41.300511+00:00,68.6,19,ask,,,5871436
2026-07-16T03:01:41.410861,2026-07-16T03:01:41.418561+00:00,68.6,10,ask,,,5871439
2026-07-16T03:01:41.954777,2026-07-16T03:01:41.968838+00:00,68.6,10,ask,,,5871447
2026-07-16T03:01:41.954777,2026-07-16T03:01:41.968838+00:00,68.6,25,ask,,,5871448
2026-07-16T03:01:41.954777,2026-07-16T03:01:41.968838+00:00,68.6,15,ask,,,5871449
2026-07-16T03:01:42.648936,2026-07-16T03:01:42.654691+00:00,68.6,10,ask,,,5871461
2026-07-16T03:01:42.648936,2026-07-16T03:01:42.654691+00:00,68.6,15,ask,,,5871462
2026-07-16T03:01:43.354616,2026-07-16T03:01:43.361569+00:00,68.6,2,ask,,,5871473
2026-07-16T03:01:43.448118,2026-07-16T03:01:43.455918+00:00,68.6,10,ask,,,5871475
2026-07-16T03:01:44.066819,2026-07-16T03:01:44.077673+00:00,68.6,50,ask,,,5871488
2026-07-16T03:01:44.387765,2026-07-16T03:01:44.393323+00:00,68.6,2,ask,,,5871494
2026-07-16T03:01:44.394573,2026-07-16T03:01:44.403895+00:00,68.6,2,ask,,,5871495
2026-07-16T03:01:45.526930,2026-07-16T03:01:45.531739+00:00,68.7,10,bid,,,5871512
2026-07-16T03:01:45.982319,2026-07-16T03:01:45.986033+00:00,68.6,6,ask,,,5871516
2026-07-16T03:01:45.982319,2026-07-16T03:01:45.996538+00:00,68.6,42,ask,,,5871517
2026-07-16T03:01:46.196418,2026-07-16T03:01:46.208027+00:00,68.6,8,ask,,,5871520
2026-07-16T03:01:46.196418,2026-07-16T03:01:46.208027+00:00,68.6,4,ask,,,5871521
2026-07-16T03:01:46.196418,2026-07-16T03:01:46.208027+00:00,68.6,25,ask,,,5871522
2026-07-16T03:01:46.196418,2026-07-16T03:01:46.218535+00:00,68.5,4,ask,,,5871523
2026-07-16T03:01:46.196418,2026-07-16T03:01:46.218535+00:00,68.5,9,ask,,,5871524
2026-07-16T03:01:46.250497,2026-07-16T03:01:46.260765+00:00,68.7,38,bid,,,5871530
2026-07-16T03:01:46.264331,2026-07-16T03:01:46.271315+00:00,68.7,32,bid,,,5871532
2026-07-16T03:01:46.264331,2026-07-16T03:01:46.271315+00:00,68.7,2,bid,,,5871533
2026-07-16T03:01:46.281477,2026-07-16T03:01:46.292408+00:00,68.7,30,bid,,,5871534
2026-07-16T03:01:46.288419,2026-07-16T03:01:46.292408+00:00,68.7,45,bid,,,5871535
2026-07-16T03:01:46.292731,2026-07-16T03:01:46.303046+00:00,68.7,56,bid,,,5871536
2026-07-16T03:01:46.343009,2026-07-16T03:01:46.345792+00:00,68.7,17,bid,,,5871540
2026-07-16T03:01:46.343009,2026-07-16T03:01:46.356427+00:00,68.7,13,bid,,,5871541
2026-07-16T03:01:46.370692,2026-07-16T03:01:46.377508+00:00,68.7,20,bid,,,5871544
2026-07-16T03:01:46.413927,2026-07-16T03:01:46.420520+00:00,68.7,5,bid,,,5871547
2026-07-16T03:01:46.413927,2026-07-16T03:01:46.420520+00:00,68.7,10,bid,,,5871548
2026-07-16T03:01:46.470533,2026-07-16T03:01:46.473599+00:00,68.7,25,bid,,,5871554
2026-07-16T03:01:46.515996,2026-07-16T03:01:46.526230+00:00,68.7,21,bid,,,5871555
2026-07-16T03:01:46.543378,2026-07-16T03:01:46.547281+00:00,68.8,10,bid,,,5871557
2026-07-16T03:01:47.078870,2026-07-16T03:01:47.085256+00:00,68.8,48,bid,,,5871569
2026-07-16T03:01:47.218744,2026-07-16T03:01:47.223119+00:00,68.8,42,bid,,,5871572
2026-07-16T03:01:47.218744,2026-07-16T03:01:47.233916+00:00,68.8,50,bid,,,5871573
2026-07-16T03:01:47.218744,2026-07-16T03:01:47.233916+00:00,68.8,25,bid,,,5871574
2026-07-16T03:01:47.218744,2026-07-16T03:01:47.233916+00:00,68.9,6,bid,,,5871575
2026-07-16T03:01:47.218744,2026-07-16T03:01:47.233916+00:00,68.9,10,bid,,,5871576
2026-07-16T03:01:47.218744,2026-07-16T03:01:47.233916+00:00,68.9,17,bid,,,5871577
2026-07-16T03:01:47.410001,2026-07-16T03:01:47.414749+00:00,68.8,25,bid,,,5871580
2026-07-16T03:01:47.556822,2026-07-16T03:01:47.562556+00:00,68.8,9,bid,,,5871581
2026-07-16T03:01:47.645133,2026-07-16T03:01:47.647794+00:00,68.8,1,ask,,,5871585
2026-07-16T03:01:47.645133,2026-07-16T03:01:47.658384+00:00,68.8,24,ask,,,5871586
2026-07-16T03:01:47.656541,2026-07-16T03:01:47.668943+00:00,68.8,26,ask,,,5871587
2026-07-16T03:01:47.656541,2026-07-16T03:01:47.668943+00:00,68.8,4,ask,,,5871588
2026-07-16T03:01:47.670587,2026-07-16T03:01:47.679484+00:00,68.8,10,ask,,,5871589
2026-07-16T03:01:47.670914,2026-07-16T03:01:47.679484+00:00,68.7,41,ask,,,5871590
2026-07-16T03:01:48.266175,2026-07-16T03:01:48.269891+00:00,68.8,14,bid,,,5871607
2026-07-16T03:01:48.266175,2026-07-16T03:01:48.280393+00:00,68.8,36,bid,,,5871608
2026-07-16T03:01:48.570039,2026-07-16T03:01:48.576640+00:00,68.7,25,ask,,,5871613
2026-07-16T03:01:48.583046,2026-07-16T03:01:48.587160+00:00,68.7,10,ask,,,5871614
2026-07-16T03:01:48.780953,2026-07-16T03:01:48.787392+00:00,68.7,15,ask,,,5871621
2026-07-16T03:01:48.780953,2026-07-16T03:01:48.787392+00:00,68.7,25,ask,,,5871622
2026-07-16T03:01:48.780953,2026-07-16T03:01:48.787392+00:00,68.7,16,ask,,,5871623
2026-07-16T03:01:49.597232,2026-07-16T03:01:49.609292+00:00,68.8,10,bid,,,5871636
2026-07-16T03:01:49.671519,2026-07-16T03:01:49.682690+00:00,68.8,25,bid,,,5871637
2026-07-16T03:01:50.218528,2026-07-16T03:01:50.220136+00:00,68.7,30,ask,,,5871648
2026-07-16T03:01:50.223207,2026-07-16T03:01:50.230679+00:00,68.7,54,ask,,,5871650
2026-07-16T03:01:50.223207,2026-07-16T03:01:50.230679+00:00,68.7,16,ask,,,5871651
2026-07-16T03:01:50.233713,2026-07-16T03:01:50.241248+00:00,68.7,26,ask,,,5871652
2026-07-16T03:01:50.233713,2026-07-16T03:01:50.241248+00:00,68.7,23,ask,,,5871653
2026-07-16T03:01:50.247654,2026-07-16T03:01:50.251781+00:00,68.7,4,ask,,,5871655
2026-07-16T03:01:50.247654,2026-07-16T03:01:50.251781+00:00,68.7,25,ask,,,5871656
2026-07-16T03:01:50.247654,2026-07-16T03:01:50.262315+00:00,68.7,1,ask,,,5871657
2026-07-16T03:01:50.267570,2026-07-16T03:01:50.272840+00:00,68.7,40,ask,,,5871660
2026-07-16T03:01:50.379942,2026-07-16T03:01:50.390286+00:00,68.7,25,bid,,,5871666
2026-07-16T03:01:50.379942,2026-07-16T03:01:50.390286+00:00,68.8,25,bid,,,5871667
2026-07-16T03:01:50.391067,2026-07-16T03:01:50.401360+00:00,68.6,25,ask,,,5871668
2026-07-16T03:01:50.391067,2026-07-16T03:01:50.401360+00:00,68.6,2,ask,,,5871669
2026-07-16T03:01:50.523765,2026-07-16T03:01:50.530184+00:00,68.6,42,bid,,,5871675
2026-07-16T03:01:50.569848,2026-07-16T03:01:50.573637+00:00,68.6,30,bid,,,5871676
2026-07-16T03:01:50.579744,2026-07-16T03:01:50.584338+00:00,68.6,25,bid,,,5871677
2026-07-16T03:01:51.195851,2026-07-16T03:01:51.207808+00:00,68.6,42,bid,,,5871686
2026-07-16T03:01:52.115992,2026-07-16T03:01:52.117930+00:00,68.5,10,ask,,,5871706
2026-07-16T03:01:52.120476,2026-07-16T03:01:52.128502+00:00,68.5,15,bid,,,5871707
2026-07-16T03:01:52.494333,2026-07-16T03:01:52.497370+00:00,68.6,11,bid,,,5871710
2026-07-16T03:01:52.494333,2026-07-16T03:01:52.507887+00:00,68.6,39,bid,,,5871711
2026-07-16T03:01:52.685045,2026-07-16T03:01:52.686682+00:00,68.5,10,ask,,,5871716
2026-07-16T03:01:53.574368,2026-07-16T03:01:53.583246+00:00,68.5,50,bid,,,5871739
2026-07-16T03:01:53.574368,2026-07-16T03:01:53.583246+00:00,68.5,25,bid,,,5871740
2026-07-16T03:01:53.574368,2026-07-16T03:01:53.583246+00:00,68.5,61,bid,,,5871741
2026-07-16T03:01:53.574368,2026-07-16T03:01:53.583246+00:00,68.6,14,bid,,,5871742
2026-07-16T03:01:54.264326,2026-07-16T03:01:54.278251+00:00,68.5,10,bid,,,5871754
2026-07-16T03:01:54.264326,2026-07-16T03:01:54.278251+00:00,68.5,28,bid,,,5871755
2026-07-16T03:01:54.290000,2026-07-16T03:01:54.299481+00:00,68.5,22,bid,,,5871758
2026-07-16T03:01:54.290000,2026-07-16T03:01:54.299481+00:00,68.5,25,bid,,,5871759
2026-07-16T03:01:54.313510,2026-07-16T03:01:54.320687+00:00,68.6,10,bid,,,5871761
2026-07-16T03:01:54.313510,2026-07-16T03:01:54.320687+00:00,68.6,20,bid,,,5871762
2026-07-16T03:01:54.313918,2026-07-16T03:01:54.331215+00:00,68.6,49,bid,,,5871763
2026-07-16T03:01:54.612548,2026-07-16T03:01:54.624631+00:00,68.6,1,bid,,,5871771
2026-07-16T03:01:54.612548,2026-07-16T03:01:54.624631+00:00,68.6,25,bid,,,5871772
2026-07-16T03:01:54.612548,2026-07-16T03:01:54.624631+00:00,68.7,24,bid,,,5871773
2026-07-16T03:01:54.696006,2026-07-16T03:01:54.698101+00:00,68.7,2,bid,,,5871775
2026-07-16T03:01:54.750748,2026-07-16T03:01:54.761523+00:00,68.7,3,bid,,,5871780
2026-07-16T03:01:54.771875,2026-07-16T03:01:54.782633+00:00,68.6,10,ask,,,5871781
2026-07-16T03:01:55.317313,2026-07-16T03:01:55.322644+00:00,68.6,38,ask,,,5871790
2026-07-16T03:01:55.323590,2026-07-16T03:01:55.333209+00:00,68.6,30,ask,,,5871791
2026-07-16T03:01:55.369042,2026-07-16T03:01:55.375485+00:00,68.6,12,ask,,,5871793
2026-07-16T03:01:55.369042,2026-07-16T03:01:55.375485+00:00,68.6,3,ask,,,5871794
2026-07-16T03:01:55.582190,2026-07-16T03:01:55.586464+00:00,68.6,42,ask,,,5871798
2026-07-16T03:01:55.586168,2026-07-16T03:01:55.597013+00:00,68.6,8,ask,,,5871799
2026-07-16T03:01:55.586168,2026-07-16T03:01:55.597013+00:00,68.6,25,ask,,,5871800
2026-07-16T03:01:55.614983,2026-07-16T03:01:55.618146+00:00,68.5,10,ask,,,5871805
2026-07-16T03:01:55.614983,2026-07-16T03:01:55.628686+00:00,68.5,20,ask,,,5871806
2026-07-16T03:01:55.749313,2026-07-16T03:01:55.755171+00:00,68.5,10,ask,,,5871807
2026-07-16T03:01:55.762227,2026-07-16T03:01:55.765836+00:00,68.5,2,ask,,,5871808
2026-07-16T03:01:55.882190,2026-07-16T03:01:55.892993+00:00,68.5,25,ask,,,5871817
2026-07-16T03:01:56.099483,2026-07-16T03:01:56.103233+00:00,68.5,25,ask,,,5871819
2026-07-16T03:01:56.722787,2026-07-16T03:01:56.726139+00:00,68.6,13,bid,,,5871827
2026-07-16T03:01:56.722787,2026-07-16T03:01:56.736660+00:00,68.6,10,bid,,,5871828
2026-07-16T03:01:56.722787,2026-07-16T03:01:56.736660+00:00,68.6,25,bid,,,5871829
2026-07-16T03:01:56.722787,2026-07-16T03:01:56.736660+00:00,68.6,2,bid,,,5871830
2026-07-16T03:01:56.765314,2026-07-16T03:01:56.768359+00:00,68.5,10,ask,,,5871831
2026-07-16T03:01:56.801218,2026-07-16T03:01:56.810274+00:00,68.5,8,ask,,,5871832
2026-07-16T03:01:56.801218,2026-07-16T03:01:56.810274+00:00,68.5,50,ask,,,5871833
2026-07-16T03:01:56.801218,2026-07-16T03:01:56.810274+00:00,68.5,25,ask,,,5871834
2026-07-16T03:01:56.959654,2026-07-16T03:01:56.968664+00:00,68.5,25,bid,,,5871838
2026-07-16T03:01:57.744800,2026-07-16T03:01:57.751697+00:00,68.5,42,bid,,,5871855
2026-07-16T03:01:57.753649,2026-07-16T03:01:57.762346+00:00,68.5,30,bid,,,5871856
2026-07-16T03:01:57.777712,2026-07-16T03:01:57.783416+00:00,68.5,10,bid,,,5871857
2026-07-16T03:01:57.859570,2026-07-16T03:01:57.870765+00:00,68.5,25,bid,,,5871858
2026-07-16T03:01:58.278765,2026-07-16T03:01:58.292746+00:00,68.5,38,bid,,,5871865
2026-07-16T03:01:58.305496,2026-07-16T03:01:58.313986+00:00,68.5,12,bid,,,5871866
2026-07-16T03:01:58.305496,2026-07-16T03:01:58.313986+00:00,68.5,18,bid,,,5871867
2026-07-16T03:01:58.305975,2026-07-16T03:01:58.313986+00:00,68.5,82,bid,,,5871868
2026-07-16T03:01:58.305975,2026-07-16T03:01:58.324603+00:00,68.5,2,bid,,,5871869
2026-07-16T03:01:58.322610,2026-07-16T03:01:58.324603+00:00,68.5,1,bid,,,5871870
2026-07-16T03:01:58.664259,2026-07-16T03:01:58.672597+00:00,68.5,42,ask,,,5871877
2026-07-16T03:01:58.799743,2026-07-16T03:01:58.809584+00:00,68.6,10,bid,,,5871880
2026-07-16T03:01:59.252522,2026-07-16T03:01:59.262835+00:00,68.5,46,ask,,,5871884
2026-07-16T03:01:59.578597,2026-07-16T03:01:59.590247+00:00,68.5,34,ask,,,5871889
2026-07-16T03:01:59.578597,2026-07-16T03:01:59.590247+00:00,68.5,4,ask,,,5871890
2026-07-16T03:01:59.600504,2026-07-16T03:01:59.611684+00:00,68.5,6,ask,,,5871891
2026-07-16T03:01:59.600504,2026-07-16T03:01:59.611684+00:00,68.5,24,ask,,,5871892
2026-07-16T03:01:59.828050,2026-07-16T03:01:59.833798+00:00,68.5,10,ask,,,5871895
2026-07-16T03:01:59.858573,2026-07-16T03:01:59.865460+00:00,68.5,25,ask,,,5871896
2026-07-16T03:01:59.919513,2026-07-16T03:01:59.928649+00:00,68.6,55,bid,,,5871898
2026-07-16T03:01:59.919513,2026-07-16T03:01:59.928649+00:00,68.6,48,bid,,,5871899
2026-07-16T03:01:59.919513,2026-07-16T03:01:59.928649+00:00,68.6,47,bid,,,5871900
2026-07-16T03:01:59.975684,2026-07-16T03:01:59.981458+00:00,68.5,2,ask,,,5871903
2026-07-16T03:02:00.089853,2026-07-16T03:02:00.098460+00:00,68.5,23,ask,,,5871908
2026-07-16T03:02:00.089853,2026-07-16T03:02:00.098460+00:00,68.5,2,ask,,,5871909
2026-07-16T03:02:00.345968,2026-07-16T03:02:00.351750+00:00,68.5,44,ask,,,5871915
2026-07-16T03:02:00.744630,2026-07-16T03:02:00.748134+00:00,68.5,25,ask,,,5871922
2026-07-16T03:02:00.848284,2026-07-16T03:02:00.853071+00:00,68.5,10,ask,,,5871925
2026-07-16T03:02:01.378511,2026-07-16T03:02:01.380059+00:00,68.6,48,bid,,,5871932
2026-07-16T03:02:01.883267,2026-07-16T03:02:01.896593+00:00,68.6,47,bid,,,5871938
2026-07-16T03:02:01.904380,2026-07-16T03:02:01.907227+00:00,68.6,3,bid,,,5871941
2026-07-16T03:02:01.904380,2026-07-16T03:02:01.917910+00:00,68.6,7,bid,,,5871942
2026-07-16T03:02:02.440763,2026-07-16T03:02:02.444602+00:00,68.6,25,bid,,,5871951
2026-07-16T03:02:02.440763,2026-07-16T03:02:02.444602+00:00,68.6,18,bid,,,5871952
2026-07-16T03:02:02.511471,2026-07-16T03:02:02.518720+00:00,68.6,25,bid,,,5871955
2026-07-16T03:02:02.930590,2026-07-16T03:02:02.941702+00:00,68.6,7,bid,,,5871957
2026-07-16T03:02:02.930590,2026-07-16T03:02:02.941702+00:00,68.6,3,bid,,,5871958
2026-07-16T03:02:03.142455,2026-07-16T03:02:03.153549+00:00,68.5,50,ask,,,5871961
2026-07-16T03:02:03.615051,2026-07-16T03:02:03.616565+00:00,68.6,25,bid,,,5871968
2026-07-16T03:02:05.048584,2026-07-16T03:02:05.054139+00:00,68.5,10,ask,,,5871984
2026-07-16T03:02:05.096586,2026-07-16T03:02:05.107257+00:00,68.5,8,ask,,,5871988
2026-07-16T03:02:05.252498,2026-07-16T03:02:05.254777+00:00,68.5,50,ask,,,5871991
2026-07-16T03:02:07.330818,2026-07-16T03:02:07.334654+00:00,68.5,50,bid,,,5872010
2026-07-16T03:02:07.730479,2026-07-16T03:02:07.736045+00:00,68.4,10,ask,,,5872019
2026-07-16T03:02:07.730479,2026-07-16T03:02:07.736045+00:00,68.4,20,ask,,,5872020
2026-07-16T03:02:07.730479,2026-07-16T03:02:07.746610+00:00,68.4,11,ask,,,5872021
2026-07-16T03:02:07.955773,2026-07-16T03:02:07.957660+00:00,68.5,25,bid,,,5872025
2026-07-16T03:02:08.105380,2026-07-16T03:02:08.115931+00:00,68.5,10,bid,,,5872027
2026-07-16T03:02:08.170197,2026-07-16T03:02:08.179009+00:00,68.5,15,bid,,,5872028
2026-07-16T03:02:08.391054,2026-07-16T03:02:08.400059+00:00,68.5,25,ask,,,5872029
2026-07-16T03:02:08.854047,2026-07-16T03:02:08.861124+00:00,68.5,25,ask,,,5872040
2026-07-16T03:02:08.854047,2026-07-16T03:02:08.861124+00:00,68.5,42,ask,,,5872041
2026-07-16T03:02:08.854047,2026-07-16T03:02:08.871993+00:00,68.5,25,ask,,,5872042
2026-07-16T03:02:08.917752,2026-07-16T03:02:08.925454+00:00,68.4,10,ask,,,5872047
2026-07-16T03:02:08.917752,2026-07-16T03:02:08.925454+00:00,68.4,20,ask,,,5872048
2026-07-16T03:02:08.951888,2026-07-16T03:02:08.957428+00:00,68.4,30,ask,,,5872050
2026-07-16T03:02:08.951888,2026-07-16T03:02:08.957428+00:00,68.4,28,ask,,,5872051
2026-07-16T03:02:09.146550,2026-07-16T03:02:09.148374+00:00,68.4,10,ask,,,5872054
2026-07-16T03:02:09.192183,2026-07-16T03:02:09.200851+00:00,68.4,2,ask,,,5872055
2026-07-16T03:02:09.238669,2026-07-16T03:02:09.242898+00:00,68.4,10,ask,,,5872058
2026-07-16T03:02:09.238669,2026-07-16T03:02:09.253396+00:00,68.4,25,ask,,,5872059
2026-07-16T03:02:09.238669,2026-07-16T03:02:09.253396+00:00,68.3,10,ask,,,5872060
2026-07-16T03:02:10.207253,2026-07-16T03:02:10.212689+00:00,68.4,30,bid,,,5872070
2026-07-16T03:02:10.297868,2026-07-16T03:02:10.307722+00:00,68.4,30,bid,,,5872072
2026-07-16T03:02:10.297868,2026-07-16T03:02:10.307722+00:00,68.4,11,bid,,,5872073
2026-07-16T03:02:10.560611,2026-07-16T03:02:10.562271+00:00,68.4,10,bid,,,5872079
2026-07-16T03:02:10.560611,2026-07-16T03:02:10.572945+00:00,68.4,15,bid,,,5872080
2026-07-16T03:02:10.837986,2026-07-16T03:02:10.848152+00:00,68.3,16,ask,,,5872085
2026-07-16T03:02:10.837986,2026-07-16T03:02:10.848152+00:00,68.3,10,ask,,,5872086
2026-07-16T03:02:10.837986,2026-07-16T03:02:10.848152+00:00,68.3,14,ask,,,5872087
2026-07-16T03:02:10.997836,2026-07-16T03:02:11.008005+00:00,68.4,25,bid,,,5872091
2026-07-16T03:02:11.178707,2026-07-16T03:02:11.187603+00:00,68.4,10,bid,,,5872096
2026-07-16T03:02:11.377216,2026-07-16T03:02:11.389508+00:00,68.4,15,bid,,,5872103
2026-07-16T03:02:11.377216,2026-07-16T03:02:11.389508+00:00,68.4,25,bid,,,5872104
2026-07-16T03:02:11.377216,2026-07-16T03:02:11.389508+00:00,68.5,8,bid,,,5872105
2026-07-16T03:02:11.521217,2026-07-16T03:02:11.526538+00:00,68.4,25,ask,,,5872108
2026-07-16T03:02:11.521217,2026-07-16T03:02:11.526538+00:00,68.4,17,ask,,,5872109
2026-07-16T03:02:11.528406,2026-07-16T03:02:11.537271+00:00,68.4,30,ask,,,5872110
2026-07-16T03:02:11.538192,2026-07-16T03:02:11.547911+00:00,68.4,3,ask,,,5872112
2026-07-16T03:02:11.609869,2026-07-16T03:02:11.621903+00:00,68.3,10,ask,,,5872115
2026-07-16T03:02:11.609869,2026-07-16T03:02:11.621903+00:00,68.3,10,ask,,,5872116
2026-07-16T03:02:11.609869,2026-07-16T03:02:11.621903+00:00,68.3,30,ask,,,5872117
2026-07-16T03:02:11.629463,2026-07-16T03:02:11.643094+00:00,68.3,2,ask,,,5872118
2026-07-16T03:02:12.283135,2026-07-16T03:02:12.289293+00:00,68.2,20,ask,,,5872140
2026-07-16T03:02:12.642809,2026-07-16T03:02:12.647857+00:00,68.2,25,ask,,,5872143
2026-07-16T03:02:12.832977,2026-07-16T03:02:12.841336+00:00,68.3,2,bid,,,5872149
2026-07-16T03:02:12.857119,2026-07-16T03:02:12.916513+00:00,68.3,8,bid,,,5872153
2026-07-16T03:02:12.857119,2026-07-16T03:02:12.916513+00:00,68.3,34,bid,,,5872154
2026-07-16T03:02:12.890794,2026-07-16T03:02:12.916513+00:00,68.3,3,bid,,,5872157
2026-07-16T03:02:12.911079,2026-07-16T03:02:12.916513+00:00,68.3,13,bid,,,5872161
2026-07-16T03:02:12.911079,2026-07-16T03:02:12.916513+00:00,68.3,25,bid,,,5872162
2026-07-16T03:02:12.922780,2026-07-16T03:02:12.927454+00:00,68.4,70,bid,,,5872164
2026-07-16T03:02:12.932992,2026-07-16T03:02:12.938139+00:00,68.5,13,bid,,,5872166
2026-07-16T03:02:12.939538,2026-07-16T03:02:12.948956+00:00,68.5,30,bid,,,5872167
2026-07-16T03:02:13.061545,2026-07-16T03:02:13.065929+00:00,68.5,30,bid,,,5872174
2026-07-16T03:02:13.122605,2026-07-16T03:02:13.129277+00:00,68.4,10,bid,,,5872178
2026-07-16T03:02:13.132092,2026-07-16T03:02:13.139843+00:00,68.4,15,bid,,,5872179
2026-07-16T03:02:13.136842,2026-07-16T03:02:13.139843+00:00,68.3,25,ask,,,5872180
2026-07-16T03:02:13.136842,2026-07-16T03:02:13.150565+00:00,68.2,21,ask,,,5872181
2026-07-16T03:02:13.671652,2026-07-16T03:02:13.677771+00:00,68.5,50,bid,,,5872192
2026-07-16T03:02:14.244378,2026-07-16T03:02:14.258795+00:00,68.4,10,ask,,,5872202
2026-07-16T03:02:14.244378,2026-07-16T03:02:14.258795+00:00,68.4,10,ask,,,5872203
2026-07-16T03:02:14.244378,2026-07-16T03:02:14.258795+00:00,68.4,28,ask,,,5872204
2026-07-16T03:02:14.275766,2026-07-16T03:02:14.280036+00:00,68.5,10,bid,,,5872205
2026-07-16T03:02:14.780749,2026-07-16T03:02:14.785676+00:00,68.4,3,ask,,,5872218
2026-07-16T03:02:14.937792,2026-07-16T03:02:14.943462+00:00,68.4,14,ask,,,5872220
2026-07-16T03:02:15.304993,2026-07-16T03:02:15.317056+00:00,68.4,10,ask,,,5872226
2026-07-16T03:02:15.377119,2026-07-16T03:02:15.380883+00:00,68.4,16,ask,,,5872228
2026-07-16T03:02:15.387451,2026-07-16T03:02:15.391561+00:00,68.4,2,ask,,,5872229
2026-07-16T03:02:15.809583,2026-07-16T03:02:15.826675+00:00,68.5,40,bid,,,5872242
2026-07-16T03:02:15.809583,2026-07-16T03:02:15.826675+00:00,68.5,50,bid,,,5872243
2026-07-16T03:02:15.809583,2026-07-16T03:02:15.837657+00:00,68.5,40,bid,,,5872244
2026-07-16T03:02:15.809583,2026-07-16T03:02:15.837657+00:00,68.6,20,bid,,,5872245
2026-07-16T03:02:15.810007,2026-07-16T03:02:15.837657+00:00,68.6,10,bid,,,5872246
2026-07-16T03:02:15.810007,2026-07-16T03:02:15.837657+00:00,68.6,40,bid,,,5872247
2026-07-16T03:02:16.840361,2026-07-16T03:02:16.846592+00:00,68.4,7,ask,,,5872265
2026-07-16T03:02:16.840361,2026-07-16T03:02:16.846592+00:00,68.4,23,ask,,,5872266
2026-07-16T03:02:16.907024,2026-07-16T03:02:16.920821+00:00,68.4,38,ask,,,5872269
2026-07-16T03:02:16.918767,2026-07-16T03:02:16.920821+00:00,68.4,19,ask,,,5872270
2026-07-16T03:02:16.918767,2026-07-16T03:02:16.931396+00:00,68.4,6,ask,,,5872271
2026-07-16T03:02:16.944875,2026-07-16T03:02:16.952736+00:00,68.4,4,ask,,,5872274
2026-07-16T03:02:16.944875,2026-07-16T03:02:16.952736+00:00,68.4,10,ask,,,5872275
2026-07-16T03:02:17.135798,2026-07-16T03:02:17.144012+00:00,68.4,25,ask,,,5872279
2026-07-16T03:02:17.348809,2026-07-16T03:02:17.356488+00:00,68.4,10,bid,,,5872282
2026-07-16T03:02:17.361993,2026-07-16T03:02:17.367041+00:00,68.4,15,ask,,,5872283
2026-07-16T03:02:17.982476,2026-07-16T03:02:17.988928+00:00,68.3,25,ask,,,5872287
2026-07-16T03:02:17.982476,2026-07-16T03:02:17.988928+00:00,68.3,25,ask,,,5872288
2026-07-16T03:02:18.360193,2026-07-16T03:02:18.368929+00:00,68.4,10,bid,,,5872291
2026-07-16T03:02:18.437403,2026-07-16T03:02:18.442795+00:00,68.4,38,bid,,,5872292
2026-07-16T03:02:18.451499,2026-07-16T03:02:18.463909+00:00,68.4,50,bid,,,5872294
2026-07-16T03:02:18.468099,2026-07-16T03:02:18.474489+00:00,68.4,25,bid,,,5872298
2026-07-16T03:02:18.478604,2026-07-16T03:02:18.485121+00:00,68.5,49,bid,,,5872299
2026-07-16T03:02:18.478878,2026-07-16T03:02:18.485121+00:00,68.5,30,bid,,,5872300
2026-07-16T03:02:18.487390,2026-07-16T03:02:18.495712+00:00,68.5,21,bid,,,5872301
2026-07-16T03:02:18.487390,2026-07-16T03:02:18.495712+00:00,68.5,37,bid,,,5872302
2026-07-16T03:02:18.487390,2026-07-16T03:02:18.495712+00:00,68.6,10,bid,,,5872303
2026-07-16T03:02:19.376127,2026-07-16T03:02:19.380904+00:00,68.5,5,bid,,,5872311
2026-07-16T03:02:19.376127,2026-07-16T03:02:19.380904+00:00,68.5,1,bid,,,5872312
2026-07-16T03:02:19.376127,2026-07-16T03:02:19.391516+00:00,68.5,4,bid,,,5872313
2026-07-16T03:02:20.060062,2026-07-16T03:02:20.066504+00:00,68.5,41,bid,,,5872325
2026-07-16T03:02:20.060062,2026-07-16T03:02:20.066504+00:00,68.5,9,bid,,,5872326
2026-07-16T03:02:20.409539,2026-07-16T03:02:20.416519+00:00,68.4,10,ask,,,5872332
2026-07-16T03:02:21.424081,2026-07-16T03:02:21.430883+00:00,68.5,10,bid,,,5872352
2026-07-16T03:02:22.172766,2026-07-16T03:02:22.179070+00:00,68.5,31,bid,,,5872360
2026-07-16T03:02:22.172766,2026-07-16T03:02:22.179070+00:00,68.5,19,bid,,,5872361
2026-07-16T03:02:22.443509,2026-07-16T03:02:22.453238+00:00,68.5,10,ask,,,5872365
2026-07-16T03:02:22.544762,2026-07-16T03:02:22.548299+00:00,68.5,25,ask,,,5872366
2026-07-16T03:02:24.355892,2026-07-16T03:02:24.366746+00:00,68.5,13,ask,,,5872392
2026-07-16T03:02:24.355892,2026-07-16T03:02:24.366746+00:00,68.5,10,ask,,,5872393
2026-07-16T03:02:24.355892,2026-07-16T03:02:24.366746+00:00,68.5,27,ask,,,5872394
2026-07-16T03:02:24.483761,2026-07-16T03:02:24.492788+00:00,68.5,10,ask,,,5872397
2026-07-16T03:02:24.754249,2026-07-16T03:02:24.756063+00:00,68.5,25,ask,,,5872406
2026-07-16T03:02:24.775213,2026-07-16T03:02:24.777108+00:00,68.5,38,ask,,,5872407
2026-07-16T03:02:26.468876,2026-07-16T03:02:26.481253+00:00,68.4,10,ask,,,5872438
2026-07-16T03:02:26.468876,2026-07-16T03:02:26.481253+00:00,68.4,10,ask,,,5872439
2026-07-16T03:02:26.468876,2026-07-16T03:02:26.481253+00:00,68.4,30,ask,,,5872440
2026-07-16T03:02:26.539255,2026-07-16T03:02:26.544225+00:00,68.4,10,ask,,,5872443
2026-07-16T03:02:26.943823,2026-07-16T03:02:26.946143+00:00,68.5,42,bid,,,5872449
2026-07-16T03:02:27.631955,2026-07-16T03:02:27.641957+00:00,68.5,25,bid,,,5872456
2026-07-16T03:02:28.001639,2026-07-16T03:02:28.010872+00:00,68.5,49,bid,,,5872458
2026-07-16T03:02:28.507925,2026-07-16T03:02:28.516919+00:00,68.5,61,bid,,,5872461
2026-07-16T03:02:28.507925,2026-07-16T03:02:28.516919+00:00,68.5,50,bid,,,5872462
2026-07-16T03:02:28.507925,2026-07-16T03:02:28.516919+00:00,68.6,39,bid,,,5872463
2026-07-16T03:02:28.604383,2026-07-16T03:02:28.612649+00:00,68.5,10,bid,,,5872467
2026-07-16T03:02:28.611026,2026-07-16T03:02:28.612649+00:00,68.4,10,ask,,,5872468
2026-07-16T03:02:28.611026,2026-07-16T03:02:28.623364+00:00,68.4,36,ask,,,5872469
2026-07-16T03:02:28.624035,2026-07-16T03:02:28.633979+00:00,68.4,14,ask,,,5872470
2026-07-16T03:02:28.624035,2026-07-16T03:02:28.633979+00:00,68.4,36,ask,,,5872471
2026-07-16T03:02:29.633901,2026-07-16T03:02:29.637192+00:00,68.4,2,ask,,,5872485
2026-07-16T03:02:29.633901,2026-07-16T03:02:29.647836+00:00,68.4,8,ask,,,5872486
2026-07-16T03:02:30.294909,2026-07-16T03:02:30.307193+00:00,68.5,25,bid,,,5872495
2026-07-16T03:02:30.508784,2026-07-16T03:02:30.519657+00:00,68.5,25,bid,,,5872501
2026-07-16T03:02:30.683517,2026-07-16T03:02:30.689210+00:00,68.6,23,bid,,,5872504
2026-07-16T03:02:30.683517,2026-07-16T03:02:30.689210+00:00,68.6,25,bid,,,5872505
2026-07-16T03:02:30.683517,2026-07-16T03:02:30.689210+00:00,68.6,2,bid,,,5872506
2026-07-16T03:02:31.349916,2026-07-16T03:02:31.353976+00:00,68.5,10,ask,,,5872515
2026-07-16T03:02:31.349916,2026-07-16T03:02:31.353976+00:00,68.5,32,ask,,,5872516
2026-07-16T03:02:31.364108,2026-07-16T03:02:31.375167+00:00,68.5,18,ask,,,5872518
2026-07-16T03:02:31.364108,2026-07-16T03:02:31.375167+00:00,68.5,25,ask,,,5872519
2026-07-16T03:02:31.392197,2026-07-16T03:02:31.396597+00:00,68.2,30,ask,,,5872523
2026-07-16T03:02:31.434445,2026-07-16T03:02:31.440702+00:00,68.4,25,ask,,,5872526
2026-07-16T03:02:31.668928,2026-07-16T03:02:31.680631+00:00,68.3,10,ask,,,5872533
2026-07-16T03:02:31.754277,2026-07-16T03:02:31.765144+00:00,68.3,15,ask,,,5872536
2026-07-16T03:02:31.840845,2026-07-16T03:02:31.849807+00:00,68.3,25,bid,,,5872540
2026-07-16T03:02:32.057754,2026-07-16T03:02:32.059747+00:00,68.3,2,bid,,,5872542
2026-07-16T03:02:32.673554,2026-07-16T03:02:32.679203+00:00,68.3,3,bid,,,5872548
2026-07-16T03:02:32.688416,2026-07-16T03:02:32.700619+00:00,68.3,103,bid,,,5872550
2026-07-16T03:02:32.705536,2026-07-16T03:02:32.721982+00:00,68.3,2,bid,,,5872553
2026-07-16T03:02:32.705536,2026-07-16T03:02:32.721982+00:00,68.3,28,bid,,,5872554
2026-07-16T03:02:32.729275,2026-07-16T03:02:32.743094+00:00,68.3,2,bid,,,5872557
2026-07-16T03:02:32.729554,2026-07-16T03:02:32.743094+00:00,68.3,20,bid,,,5872558
2026-07-16T03:02:32.850186,2026-07-16T03:02:32.919725+00:00,68.4,25,bid,,,5872566
2026-07-16T03:02:32.850186,2026-07-16T03:02:32.919725+00:00,68.4,10,bid,,,5872567
2026-07-16T03:02:32.850186,2026-07-16T03:02:32.919725+00:00,68.7,15,bid,,,5872568
2026-07-16T03:02:32.897180,2026-07-16T03:02:32.919725+00:00,68.7,2,bid,,,5872573
2026-07-16T03:02:32.925005,2026-07-16T03:02:32.931612+00:00,68.7,30,bid,,,5872575
2026-07-16T03:02:32.959369,2026-07-16T03:02:32.963704+00:00,68.4,10,ask,,,5872577
2026-07-16T03:02:32.971905,2026-07-16T03:02:32.974251+00:00,68.4,15,bid,,,5872578
2026-07-16T03:02:33.014635,2026-07-16T03:02:33.016615+00:00,68.9,10,bid,,,5872581
2026-07-16T03:02:33.068292,2026-07-16T03:02:33.075554+00:00,68.9,45,bid,,,5872585
2026-07-16T03:02:33.916491,2026-07-16T03:02:33.926227+00:00,68.5,10,bid,,,5872596
2026-07-16T03:02:33.981292,2026-07-16T03:02:34.008039+00:00,68.4,3,ask,,,5872600
2026-07-16T03:02:34.044013,2026-07-16T03:02:34.072529+00:00,68.4,3,ask,,,5872605
2026-07-16T03:02:34.074231,2026-07-16T03:02:34.083450+00:00,68.4,30,ask,,,5872608
2026-07-16T03:02:34.088728,2026-07-16T03:02:34.094249+00:00,68.4,14,ask,,,5872610
2026-07-16T03:02:34.088728,2026-07-16T03:02:34.094249+00:00,68.4,43,ask,,,5872611
2026-07-16T03:02:34.096904,2026-07-16T03:02:34.105026+00:00,68.4,57,ask,,,5872612
2026-07-16T03:02:34.096904,2026-07-16T03:02:34.105026+00:00,68.4,10,ask,,,5872613
2026-07-16T03:02:34.110029,2026-07-16T03:02:34.115635+00:00,68.4,2,bid,,,5872614
2026-07-16T03:02:34.154172,2026-07-16T03:02:34.158205+00:00,68.3,10,ask,,,5872620
2026-07-16T03:02:34.154172,2026-07-16T03:02:34.158205+00:00,68.3,5,ask,,,5872621
2026-07-16T03:02:34.160683,2026-07-16T03:02:34.168861+00:00,68.3,20,ask,,,5872622
2026-07-16T03:02:34.200261,2026-07-16T03:02:34.211262+00:00,68.2,10,ask,,,5872625
2026-07-16T03:02:34.324232,2026-07-16T03:02:34.329033+00:00,68.2,25,ask,,,5872629
2026-07-16T03:02:34.340149,2026-07-16T03:02:34.350666+00:00,67.8,10,ask,,,5872630
2026-07-16T03:02:34.541920,2026-07-16T03:02:34.547383+00:00,68.2,3,bid,,,5872638
2026-07-16T03:02:34.865512,2026-07-16T03:02:34.875410+00:00,68.2,23,bid,,,5872642
2026-07-16T03:02:34.865512,2026-07-16T03:02:34.875410+00:00,68.2,22,bid,,,5872643
2026-07-16T03:02:34.865512,2026-07-16T03:02:34.875410+00:00,68.2,25,bid,,,5872644
2026-07-16T03:02:34.865512,2026-07-16T03:02:34.875410+00:00,68.2,23,bid,,,5872645
2026-07-16T03:02:34.876803,2026-07-16T03:02:34.886049+00:00,68.2,57,ask,,,5872646
2026-07-16T03:02:34.938828,2026-07-16T03:02:34.951281+00:00,68.1,12,ask,,,5872648
2026-07-16T03:02:34.954008,2026-07-16T03:02:34.961968+00:00,68.2,10,ask,,,5872649
2026-07-16T03:02:34.967559,2026-07-16T03:02:34.972620+00:00,68.2,25,bid,,,5872650
2026-07-16T03:02:34.967559,2026-07-16T03:02:34.972620+00:00,68.6,10,bid,,,5872651
2026-07-16T03:02:34.967559,2026-07-16T03:02:34.983304+00:00,68.7,15,bid,,,5872652
2026-07-16T03:02:35.593245,2026-07-16T03:02:35.595112+00:00,68.1,43,ask,,,5872664
2026-07-16T03:02:35.953724,2026-07-16T03:02:35.963397+00:00,68.2,10,bid,,,5872666
2026-07-16T03:02:36.510420,2026-07-16T03:02:36.515741+00:00,68.2,25,bid,,,5872679
2026-07-16T03:02:36.510420,2026-07-16T03:02:36.515741+00:00,68.3,23,bid,,,5872680
2026-07-16T03:02:36.976291,2026-07-16T03:02:36.982385+00:00,68.2,10,bid,,,5872698
2026-07-16T03:02:37.101194,2026-07-16T03:02:37.109477+00:00,68.1,37,ask,,,5872700
2026-07-16T03:02:37.101194,2026-07-16T03:02:37.109477+00:00,68.1,5,ask,,,5872701
2026-07-16T03:02:37.115242,2026-07-16T03:02:37.120017+00:00,68.2,2,bid,,,5872704
2026-07-16T03:02:37.710645,2026-07-16T03:02:37.720897+00:00,68.2,5,bid,,,5872713
2026-07-16T03:02:38.008582,2026-07-16T03:02:38.018766+00:00,68.2,25,ask,,,5872716
2026-07-16T03:02:38.008582,2026-07-16T03:02:38.018766+00:00,68.2,1,ask,,,5872717
2026-07-16T03:02:38.018090,2026-07-16T03:02:38.029317+00:00,68.2,13,ask,,,5872718
2026-07-16T03:02:38.031137,2026-07-16T03:02:38.039863+00:00,68.2,10,ask,,,5872719
2026-07-16T03:02:38.150765,2026-07-16T03:02:38.156041+00:00,68.2,25,ask,,,5872725
2026-07-16T03:02:38.367571,2026-07-16T03:02:38.377327+00:00,68.2,1,ask,,,5872726
2026-07-16T03:02:39.049454,2026-07-16T03:02:39.061258+00:00,68.2,10,bid,,,5872730
2026-07-16T03:02:39.235121,2026-07-16T03:02:39.239919+00:00,68.1,50,ask,,,5872734
2026-07-16T03:02:39.348485,2026-07-16T03:02:39.355863+00:00,68.2,40,bid,,,5872743
2026-07-16T03:02:39.348485,2026-07-16T03:02:39.355863+00:00,68.2,25,bid,,,5872744
2026-07-16T03:02:39.363800,2026-07-16T03:02:39.377035+00:00,68.3,30,bid,,,5872746
2026-07-16T03:02:39.363997,2026-07-16T03:02:39.377035+00:00,68.3,49,bid,,,5872747
2026-07-16T03:02:40.071313,2026-07-16T03:02:40.081154+00:00,68.3,10,bid,,,5872755
2026-07-16T03:02:40.140247,2026-07-16T03:02:40.144428+00:00,68.3,25,bid,,,5872758
2026-07-16T03:02:40.190015,2026-07-16T03:02:40.197011+00:00,68.3,2,bid,,,5872759
2026-07-16T03:02:40.356278,2026-07-16T03:02:40.366285+00:00,68.3,25,bid,,,5872763
2026-07-16T03:02:41.213712,2026-07-16T03:02:41.221188+00:00,68.3,79,bid,,,5872775
2026-07-16T03:02:41.213712,2026-07-16T03:02:41.221188+00:00,68.3,25,bid,,,5872776
2026-07-16T03:02:41.213712,2026-07-16T03:02:41.221188+00:00,68.4,46,bid,,,5872777
2026-07-16T03:02:41.229099,2026-07-16T03:02:41.231772+00:00,68.4,2,bid,,,5872778
2026-07-16T03:02:41.350685,2026-07-16T03:02:41.358808+00:00,68.3,25,ask,,,5872784
2026-07-16T03:02:41.350685,2026-07-16T03:02:41.358808+00:00,68.3,25,ask,,,5872785
2026-07-16T03:02:42.260556,2026-07-16T03:02:42.267000+00:00,68.3,2,bid,,,5872797
2026-07-16T03:02:43.287668,2026-07-16T03:02:43.299400+00:00,68.3,2,bid,,,5872808
2026-07-16T03:02:43.464626,2026-07-16T03:02:43.468410+00:00,68.2,50,ask,,,5872811
2026-07-16T03:02:44.317722,2026-07-16T03:02:44.323003+00:00,68.3,2,bid,,,5872821
2026-07-16T03:02:44.670594,2026-07-16T03:02:44.682296+00:00,68.2,30,ask,,,5872832
2026-07-16T03:02:44.994991,2026-07-16T03:02:44.999803+00:00,68.2,49,ask,,,5872842
2026-07-16T03:02:46.011902,2026-07-16T03:02:46.020761+00:00,68.3,50,bid,,,5872857
2026-07-16T03:02:46.012310,2026-07-16T03:02:46.020761+00:00,68.3,95,bid,,,5872858
2026-07-16T03:02:46.012611,2026-07-16T03:02:46.031320+00:00,68.3,5,bid,,,5872859
2026-07-16T03:02:46.012611,2026-07-16T03:02:46.031320+00:00,68.3,25,bid,,,5872860
2026-07-16T03:02:46.012997,2026-07-16T03:02:46.031320+00:00,68.3,50,bid,,,5872861
2026-07-16T03:02:46.012997,2026-07-16T03:02:46.041877+00:00,68.3,10,bid,,,5872862
2026-07-16T03:02:46.012997,2026-07-16T03:02:46.041877+00:00,68.3,20,bid,,,5872863
2026-07-16T03:02:46.136744,2026-07-16T03:02:46.147643+00:00,68.3,5,bid,,,5872869
2026-07-16T03:02:46.136744,2026-07-16T03:02:46.147643+00:00,68.3,5,bid,,,5872870
2026-07-16T03:02:46.163303,2026-07-16T03:02:46.168755+00:00,68.4,10,bid,,,5872871
2026-07-16T03:02:46.228263,2026-07-16T03:02:46.232597+00:00,68.4,10,bid,,,5872874
2026-07-16T03:02:46.370915,2026-07-16T03:02:46.380383+00:00,68.4,2,bid,,,5872876
2026-07-16T03:02:47.253599,2026-07-16T03:02:47.257760+00:00,68.3,9,ask,,,5872886
2026-07-16T03:02:47.253599,2026-07-16T03:02:47.257760+00:00,68.3,1,ask,,,5872887
2026-07-16T03:02:47.346358,2026-07-16T03:02:47.353297+00:00,68.3,10,ask,,,5872889
2026-07-16T03:02:47.363928,2026-07-16T03:02:47.374536+00:00,68.3,30,ask,,,5872890
2026-07-16T03:02:47.634831,2026-07-16T03:02:47.638718+00:00,68.4,50,bid,,,5872897
2026-07-16T03:02:48.274073,2026-07-16T03:02:48.281367+00:00,68.3,10,ask,,,5872907
2026-07-16T03:02:48.278383,2026-07-16T03:02:48.281367+00:00,68.3,25,ask,,,5872908
2026-07-16T03:02:49.154378,2026-07-16T03:02:49.158406+00:00,68.4,10,bid,,,5872923
2026-07-16T03:02:49.154378,2026-07-16T03:02:49.158406+00:00,68.4,15,bid,,,5872924
2026-07-16T03:02:49.286678,2026-07-16T03:02:49.294597+00:00,68.4,10,bid,,,5872925
2026-07-16T03:02:49.371404,2026-07-16T03:02:49.378350+00:00,68.4,16,bid,,,5872926
2026-07-16T03:02:49.591934,2026-07-16T03:02:49.598744+00:00,68.4,25,ask,,,5872932
2026-07-16T03:02:49.745789,2026-07-16T03:02:49.756560+00:00,68.5,10,bid,,,5872934
2026-07-16T03:02:49.745789,2026-07-16T03:02:49.756560+00:00,68.6,10,bid,,,5872935
2026-07-16T03:02:49.745789,2026-07-16T03:02:49.756560+00:00,68.6,10,bid,,,5872936
2026-07-16T03:02:49.745789,2026-07-16T03:02:49.756560+00:00,68.7,20,bid,,,5872937
2026-07-16T03:02:49.940154,2026-07-16T03:02:49.945698+00:00,68.4,25,ask,,,5872941
2026-07-16T03:02:49.940154,2026-07-16T03:02:49.945698+00:00,68.4,72,ask,,,5872942
2026-07-16T03:02:49.940154,2026-07-16T03:02:49.945698+00:00,68.4,25,ask,,,5872943
2026-07-16T03:02:49.940154,2026-07-16T03:02:49.956355+00:00,68.4,8,ask,,,5872944
2026-07-16T03:02:49.973957,2026-07-16T03:02:49.977575+00:00,68.3,60,ask,,,5872948
2026-07-16T03:02:49.978806,2026-07-16T03:02:49.988231+00:00,68.3,30,ask,,,5872949
2026-07-16T03:02:50.030724,2026-07-16T03:02:50.040997+00:00,68.3,25,ask,,,5872955
2026-07-16T03:02:50.030724,2026-07-16T03:02:50.040997+00:00,68.3,50,ask,,,5872956
2026-07-16T03:02:50.315154,2026-07-16T03:02:50.325692+00:00,68.3,10,ask,,,5872968
2026-07-16T03:02:50.564242,2026-07-16T03:02:50.568097+00:00,68.3,16,ask,,,5872975
2026-07-16T03:02:51.259288,2026-07-16T03:02:51.265251+00:00,68.4,30,bid,,,5872984
2026-07-16T03:02:51.338547,2026-07-16T03:02:51.349898+00:00,68.4,10,bid,,,5872985
2026-07-16T03:02:51.342605,2026-07-16T03:02:51.349898+00:00,68.4,25,bid,,,5872986
2026-07-16T03:02:51.596124,2026-07-16T03:02:51.604396+00:00,68.4,2,bid,,,5872991
2026-07-16T03:02:51.781718,2026-07-16T03:02:51.792950+00:00,68.4,13,bid,,,5872993
2026-07-16T03:02:51.781718,2026-07-16T03:02:51.792950+00:00,68.4,12,bid,,,5872994
2026-07-16T03:02:51.862899,2026-07-16T03:02:51.866644+00:00,68.4,50,bid,,,5872998
2026-07-16T03:02:52.221910,2026-07-16T03:02:52.227527+00:00,68.4,25,bid,,,5873003
2026-07-16T03:02:52.369668,2026-07-16T03:02:52.376756+00:00,68.4,10,bid,,,5873004
2026-07-16T03:02:52.627738,2026-07-16T03:02:52.630329+00:00,68.4,2,bid,,,5873007
2026-07-16T03:02:53.685127,2026-07-16T03:02:53.689939+00:00,68.4,2,bid,,,5873024
2026-07-16T03:02:53.909739,2026-07-16T03:02:53.911741+00:00,68.4,50,bid,,,5873028
2026-07-16T03:02:53.909739,2026-07-16T03:02:53.922277+00:00,68.4,25,bid,,,5873029
2026-07-16T03:02:54.001266,2026-07-16T03:02:54.017468+00:00,68.5,10,bid,,,5873032
2026-07-16T03:02:54.001266,2026-07-16T03:02:54.017468+00:00,68.5,40,bid,,,5873033
2026-07-16T03:02:54.074766,2026-07-16T03:02:54.080818+00:00,68.4,25,ask,,,5873039
2026-07-16T03:02:54.292030,2026-07-16T03:02:54.303126+00:00,68.4,25,ask,,,5873043
2026-07-16T03:02:54.509927,2026-07-16T03:02:54.514782+00:00,68.4,25,ask,,,5873046
2026-07-16T03:02:54.745409,2026-07-16T03:02:54.757316+00:00,68.4,6,ask,,,5873051
2026-07-16T03:02:54.750518,2026-07-16T03:02:54.757316+00:00,68.4,25,ask,,,5873052
2026-07-16T03:02:54.964828,2026-07-16T03:02:54.968366+00:00,68.4,22,ask,,,5873058
2026-07-16T03:02:54.964828,2026-07-16T03:02:54.968366+00:00,68.4,3,ask,,,5873059
2026-07-16T03:02:55.254691,2026-07-16T03:02:55.264512+00:00,68.4,42,ask,,,5873065
2026-07-16T03:02:55.262332,2026-07-16T03:02:55.264512+00:00,68.4,8,ask,,,5873066
2026-07-16T03:02:55.262332,2026-07-16T03:02:55.275119+00:00,68.4,22,ask,,,5873067
2026-07-16T03:02:55.272154,2026-07-16T03:02:55.275119+00:00,68.4,3,ask,,,5873068
2026-07-16T03:02:55.298650,2026-07-16T03:02:55.306913+00:00,68.3,2,ask,,,5873072
2026-07-16T03:02:55.314942,2026-07-16T03:02:55.317439+00:00,68.3,27,ask,,,5873073
2026-07-16T03:02:55.480646,2026-07-16T03:02:55.483072+00:00,68.3,10,ask,,,5873083
2026-07-16T03:02:56.029963,2026-07-16T03:02:56.040924+00:00,68.4,47,bid,,,5873097
2026-07-16T03:02:56.120036,2026-07-16T03:02:56.125081+00:00,68.4,33,bid,,,5873101
2026-07-16T03:02:56.120036,2026-07-16T03:02:56.125081+00:00,68.4,10,bid,,,5873102
2026-07-16T03:02:56.120036,2026-07-16T03:02:56.135626+00:00,68.4,7,bid,,,5873103
2026-07-16T03:02:57.166343,2026-07-16T03:02:57.168563+00:00,68.3,44,ask,,,5873120
2026-07-16T03:02:57.166343,2026-07-16T03:02:57.179076+00:00,68.3,10,ask,,,5873121
2026-07-16T03:02:57.166343,2026-07-16T03:02:57.179076+00:00,68.3,78,ask,,,5873122
2026-07-16T03:02:57.166343,2026-07-16T03:02:57.179076+00:00,68.3,18,ask,,,5873123
2026-07-16T03:02:57.903219,2026-07-16T03:02:57.908831+00:00,68.3,49,ask,,,5873135
2026-07-16T03:02:57.907290,2026-07-16T03:02:57.908831+00:00,68.3,1,ask,,,5873136
2026-07-16T03:02:57.907290,2026-07-16T03:02:57.919394+00:00,68.3,10,ask,,,5873137
2026-07-16T03:02:57.916833,2026-07-16T03:02:57.919394+00:00,68.3,14,ask,,,5873138
2026-07-16T03:02:57.921114,2026-07-16T03:02:57.930121+00:00,68.3,11,ask,,,5873140
2026-07-16T03:02:58.237927,2026-07-16T03:02:58.254622+00:00,68.3,25,bid,,,5873152
2026-07-16T03:02:58.237927,2026-07-16T03:02:58.254622+00:00,68.3,10,bid,,,5873153
2026-07-16T03:02:58.237927,2026-07-16T03:02:58.265159+00:00,68.4,15,bid,,,5873154
2026-07-16T03:02:58.534378,2026-07-16T03:02:58.538870+00:00,68.2,10,ask,,,5873158
2026-07-16T03:02:59.023964,2026-07-16T03:02:59.034586+00:00,68.3,10,bid,,,5873162
2026-07-16T03:02:59.023964,2026-07-16T03:02:59.034586+00:00,68.3,30,bid,,,5873163
2026-07-16T03:02:59.255021,2026-07-16T03:02:59.266607+00:00,68.2,4,ask,,,5873166
2026-07-16T03:03:00.354174,2026-07-16T03:03:00.364076+00:00,68.2,46,bid,,,5873181
2026-07-16T03:03:00.354174,2026-07-16T03:03:00.364076+00:00,68.2,4,bid,,,5873182
2026-07-16T03:03:00.682173,2026-07-16T03:03:00.691125+00:00,68.1,42,ask,,,5873188
2026-07-16T03:03:01.265847,2026-07-16T03:03:01.291755+00:00,68.2,47,bid,,,5873200
2026-07-16T03:03:01.266037,2026-07-16T03:03:01.302468+00:00,68.2,3,bid,,,5873201
2026-07-16T03:03:01.307567,2026-07-16T03:03:01.313066+00:00,68.3,10,bid,,,5873202
2026-07-16T03:03:01.307567,2026-07-16T03:03:01.313066+00:00,68.3,20,bid,,,5873203
2026-07-16T03:03:01.583814,2026-07-16T03:03:01.587361+00:00,68.3,10,bid,,,5873206
2026-07-16T03:03:01.774647,2026-07-16T03:03:01.777230+00:00,68.2,10,ask,,,5873208
2026-07-16T03:03:01.774647,2026-07-16T03:03:01.787794+00:00,68.2,25,ask,,,5873209
2026-07-16T03:03:01.774647,2026-07-16T03:03:01.787794+00:00,68.1,7,ask,,,5873210
2026-07-16T03:03:01.891392,2026-07-16T03:03:01.897844+00:00,68.3,3,bid,,,5873216
2026-07-16T03:03:01.906724,2026-07-16T03:03:01.919153+00:00,68.3,17,bid,,,5873217
2026-07-16T03:03:01.906724,2026-07-16T03:03:01.919153+00:00,68.3,25,bid,,,5873218
2026-07-16T03:03:01.926022,2026-07-16T03:03:01.929699+00:00,68.3,45,bid,,,5873219
2026-07-16T03:03:01.946771,2026-07-16T03:03:01.950888+00:00,68.1,3,ask,,,5873220
2026-07-16T03:03:01.946771,2026-07-16T03:03:01.950888+00:00,68.1,42,ask,,,5873221
2026-07-16T03:03:02.113404,2026-07-16T03:03:02.119887+00:00,68.3,2,bid,,,5873226
2026-07-16T03:03:02.219068,2026-07-16T03:03:02.225527+00:00,68.3,3,bid,,,5873230
2026-07-16T03:03:02.219068,2026-07-16T03:03:02.225527+00:00,68.3,8,bid,,,5873231
2026-07-16T03:03:02.364799,2026-07-16T03:03:02.373125+00:00,68.3,17,bid,,,5873232
2026-07-16T03:03:02.404260,2026-07-16T03:03:02.416610+00:00,68.3,25,bid,,,5873234
2026-07-16T03:03:02.468323,2026-07-16T03:03:02.480434+00:00,68.3,3,bid,,,5873238
2026-07-16T03:03:02.468323,2026-07-16T03:03:02.491436+00:00,68.4,40,bid,,,5873239
2026-07-16T03:03:02.468323,2026-07-16T03:03:02.491436+00:00,68.4,7,bid,,,5873240
2026-07-16T03:03:03.150174,2026-07-16T03:03:03.159124+00:00,68.4,6,bid,,,5873251
2026-07-16T03:03:03.162447,2026-07-16T03:03:03.187423+00:00,68.4,2,bid,,,5873252
2026-07-16T03:03:03.180901,2026-07-16T03:03:03.187423+00:00,68.3,3,ask,,,5873254
2026-07-16T03:03:03.925233,2026-07-16T03:03:03.937211+00:00,68.4,25,bid,,,5873266
2026-07-16T03:03:03.925233,2026-07-16T03:03:03.937211+00:00,68.5,10,bid,,,5873267
2026-07-16T03:03:03.925233,2026-07-16T03:03:03.937211+00:00,68.6,10,bid,,,5873268
2026-07-16T03:03:03.996125,2026-07-16T03:03:04.000343+00:00,68.4,3,ask,,,5873270
2026-07-16T03:03:04.582234,2026-07-16T03:03:04.589496+00:00,68.5,14,bid,,,5873277
2026-07-16T03:03:04.582234,2026-07-16T03:03:04.589496+00:00,68.5,17,bid,,,5873278
2026-07-16T03:03:04.582234,2026-07-16T03:03:04.589496+00:00,68.5,10,bid,,,5873279
2026-07-16T03:03:04.582234,2026-07-16T03:03:04.589496+00:00,68.5,9,bid,,,5873280
2026-07-16T03:03:04.694446,2026-07-16T03:03:04.705313+00:00,68.5,10,bid,,,5873286
2026-07-16T03:03:06.707968,2026-07-16T03:03:06.722008+00:00,68.5,10,bid,,,5873314
2026-07-16T03:03:06.729203,2026-07-16T03:03:06.732596+00:00,68.5,10,bid,,,5873315
2026-07-16T03:03:06.936000,2026-07-16T03:03:06.943454+00:00,68.5,10,ask,,,5873319
2026-07-16T03:03:08.769410,2026-07-16T03:03:08.771426+00:00,68.6,10,ask,,,5873346
2026-07-16T03:03:08.868449,2026-07-16T03:03:08.877046+00:00,68.6,50,ask,,,5873347
2026-07-16T03:03:09.790630,2026-07-16T03:03:09.796229+00:00,68.6,10,ask,,,5873364
2026-07-16T03:03:10.017992,2026-07-16T03:03:10.028280+00:00,68.6,24,ask,,,5873370
2026-07-16T03:03:10.700140,2026-07-16T03:03:10.705413+00:00,68.6,41,ask,,,5873375
2026-07-16T03:03:10.743861,2026-07-16T03:03:10.756181+00:00,68.6,9,ask,,,5873379
2026-07-16T03:03:10.743861,2026-07-16T03:03:10.756181+00:00,68.6,25,ask,,,5873380
2026-07-16T03:03:10.777346,2026-07-16T03:03:10.787797+00:00,68.5,1,ask,,,5873386
2026-07-16T03:03:10.782059,2026-07-16T03:03:10.787797+00:00,68.5,9,ask,,,5873387
2026-07-16T03:03:10.782059,2026-07-16T03:03:10.787797+00:00,68.5,21,ask,,,5873388
2026-07-16T03:03:10.809023,2026-07-16T03:03:10.819445+00:00,68.5,42,ask,,,5873393
2026-07-16T03:03:10.813412,2026-07-16T03:03:10.819445+00:00,68.5,7,ask,,,5873394
2026-07-16T03:03:10.818331,2026-07-16T03:03:10.830020+00:00,68.4,7,ask,,,5873395
2026-07-16T03:03:10.855613,2026-07-16T03:03:10.861754+00:00,68.6,10,bid,,,5873397
2026-07-16T03:03:10.855613,2026-07-16T03:03:10.861754+00:00,68.6,12,bid,,,5873398
2026-07-16T03:03:10.963606,2026-07-16T03:03:10.978119+00:00,68.7,50,bid,,,5873399
2026-07-16T03:03:11.331404,2026-07-16T03:03:11.337844+00:00,68.7,47,bid,,,5873403
2026-07-16T03:03:11.391531,2026-07-16T03:03:11.401351+00:00,68.6,16,ask,,,5873405
2026-07-16T03:03:11.391531,2026-07-16T03:03:11.401351+00:00,68.6,3,ask,,,5873406
2026-07-16T03:03:11.391531,2026-07-16T03:03:11.401351+00:00,68.6,25,ask,,,5873407
2026-07-16T03:03:11.630896,2026-07-16T03:03:11.635582+00:00,68.6,3,bid,,,5873409
2026-07-16T03:03:11.851458,2026-07-16T03:03:11.857755+00:00,68.6,10,bid,,,5873413
2026-07-16T03:03:11.861760,2026-07-16T03:03:11.868375+00:00,68.6,15,bid,,,5873415
2026-07-16T03:03:11.861760,2026-07-16T03:03:11.868375+00:00,68.7,32,bid,,,5873416
2026-07-16T03:03:12.059443,2026-07-16T03:03:12.065010+00:00,68.6,3,ask,,,5873424
2026-07-16T03:03:12.882632,2026-07-16T03:03:12.893933+00:00,68.6,10,ask,,,5873439
2026-07-16T03:03:13.141562,2026-07-16T03:03:13.148682+00:00,68.6,50,ask,,,5873444
2026-07-16T03:03:13.464190,2026-07-16T03:03:13.475114+00:00,68.6,4,ask,,,5873448
2026-07-16T03:03:13.464190,2026-07-16T03:03:13.475114+00:00,68.6,32,ask,,,5873449
2026-07-16T03:03:13.464190,2026-07-16T03:03:13.475114+00:00,68.6,11,ask,,,5873450
2026-07-16T03:03:13.976305,2026-07-16T03:03:13.980761+00:00,68.6,4,ask,,,5873457
2026-07-16T03:03:13.976305,2026-07-16T03:03:13.980761+00:00,68.6,25,ask,,,5873458
2026-07-16T03:03:13.976305,2026-07-16T03:03:13.991365+00:00,68.6,10,ask,,,5873459
2026-07-16T03:03:13.976305,2026-07-16T03:03:13.991365+00:00,68.5,5,ask,,,5873460
2026-07-16T03:03:14.918166,2026-07-16T03:03:14.920850+00:00,68.6,10,ask,,,5873473
2026-07-16T03:03:15.255347,2026-07-16T03:03:15.260799+00:00,68.5,50,ask,,,5873478
2026-07-16T03:03:16.150955,2026-07-16T03:03:16.157598+00:00,68.6,25,bid,,,5873486
2026-07-16T03:03:16.150955,2026-07-16T03:03:16.157598+00:00,68.6,15,bid,,,5873487
2026-07-16T03:03:16.894370,2026-07-16T03:03:16.902024+00:00,68.6,25,bid,,,5873504
2026-07-16T03:03:16.950655,2026-07-16T03:03:16.954618+00:00,68.6,10,bid,,,5873505
2026-07-16T03:03:17.371264,2026-07-16T03:03:17.375662+00:00,68.5,28,ask,,,5873506
2026-07-16T03:03:17.371264,2026-07-16T03:03:17.375662+00:00,68.5,15,ask,,,5873507
2026-07-16T03:03:17.371264,2026-07-16T03:03:17.386182+00:00,68.5,7,ask,,,5873508
2026-07-16T03:03:18.006820,2026-07-16T03:03:18.016343+00:00,68.5,10,ask,,,5873527
2026-07-16T03:03:19.024482,2026-07-16T03:03:19.028033+00:00,68.5,10,bid,,,5873532
2026-07-16T03:03:19.492965,2026-07-16T03:03:19.509066+00:00,68.4,50,ask,,,5873543
2026-07-16T03:03:20.477959,2026-07-16T03:03:20.488974+00:00,68.5,42,bid,,,5873555
2026-07-16T03:03:20.505885,2026-07-16T03:03:20.510215+00:00,68.5,8,bid,,,5873557
2026-07-16T03:03:20.505885,2026-07-16T03:03:20.510215+00:00,68.5,10,bid,,,5873558
2026-07-16T03:03:20.565345,2026-07-16T03:03:20.573554+00:00,68.5,12,bid,,,5873561
2026-07-16T03:03:20.704192,2026-07-16T03:03:20.711099+00:00,68.5,13,bid,,,5873568
2026-07-16T03:03:21.081389,2026-07-16T03:03:21.089597+00:00,68.6,10,bid,,,5873572
2026-07-16T03:03:21.603715,2026-07-16T03:03:21.607227+00:00,68.5,23,ask,,,5873577
2026-07-16T03:03:21.603715,2026-07-16T03:03:21.617713+00:00,68.5,27,ask,,,5873578
2026-07-16T03:03:21.864852,2026-07-16T03:03:21.870211+00:00,68.5,23,ask,,,5873581
2026-07-16T03:03:21.864852,2026-07-16T03:03:21.870211+00:00,68.5,25,ask,,,5873582
2026-07-16T03:03:22.390273,2026-07-16T03:03:22.395451+00:00,68.6,43,bid,,,5873596
2026-07-16T03:03:22.390273,2026-07-16T03:03:22.395451+00:00,68.6,1,bid,,,5873597
2026-07-16T03:03:23.740764,2026-07-16T03:03:23.755602+00:00,68.5,50,ask,,,5873616
2026-07-16T03:03:25.798931,2026-07-16T03:03:25.806126+00:00,68.6,50,bid,,,5873645
2026-07-16T03:03:26.159010,2026-07-16T03:03:26.164567+00:00,68.5,15,ask,,,5873652
2026-07-16T03:03:26.159010,2026-07-16T03:03:26.164567+00:00,68.5,10,ask,,,5873653
2026-07-16T03:03:26.196927,2026-07-16T03:03:26.206705+00:00,68.5,10,ask,,,5873655
2026-07-16T03:03:29.164547,2026-07-16T03:03:29.179510+00:00,68.6,10,bid,,,5873693
2026-07-16T03:03:29.164547,2026-07-16T03:03:29.179510+00:00,68.6,25,bid,,,5873694
2026-07-16T03:03:29.164547,2026-07-16T03:03:29.179510+00:00,68.6,8,bid,,,5873695
2026-07-16T03:03:29.248581,2026-07-16T03:03:29.253451+00:00,68.6,25,bid,,,5873696
2026-07-16T03:03:29.253848,2026-07-16T03:03:29.263929+00:00,68.6,10,bid,,,5873697
2026-07-16T03:03:30.018950,2026-07-16T03:03:30.024508+00:00,68.6,50,bid,,,5873707
2026-07-16T03:03:30.272098,2026-07-16T03:03:30.279492+00:00,68.6,10,bid,,,5873711
2026-07-16T03:03:30.583235,2026-07-16T03:03:30.584963+00:00,68.6,25,bid,,,5873713
2026-07-16T03:03:31.014516,2026-07-16T03:03:31.017781+00:00,68.6,25,bid,,,5873719
2026-07-16T03:03:32.003588,2026-07-16T03:03:32.007861+00:00,68.5,43,ask,,,5873729
2026-07-16T03:03:32.151476,2026-07-16T03:03:32.156343+00:00,68.6,50,bid,,,5873731
2026-07-16T03:03:33.180168,2026-07-16T03:03:33.186082+00:00,68.5,43,ask,,,5873745
2026-07-16T03:03:33.635024,2026-07-16T03:03:33.640142+00:00,68.6,25,bid,,,5873750
2026-07-16T03:03:33.851662,2026-07-16T03:03:33.901754+00:00,68.6,10,bid,,,5873763
2026-07-16T03:03:33.851662,2026-07-16T03:03:33.901754+00:00,68.6,28,bid,,,5873764
2026-07-16T03:03:33.870978,2026-07-16T03:03:33.901754+00:00,68.6,22,bid,,,5873766
2026-07-16T03:03:33.883788,2026-07-16T03:03:33.901754+00:00,68.7,70,bid,,,5873767
2026-07-16T03:03:33.895653,2026-07-16T03:03:33.901754+00:00,68.8,70,bid,,,5873768
2026-07-16T03:03:34.260836,2026-07-16T03:03:34.271952+00:00,68.7,38,bid,,,5873772
2026-07-16T03:03:34.260836,2026-07-16T03:03:34.271952+00:00,68.7,12,bid,,,5873773
2026-07-16T03:03:34.423877,2026-07-16T03:03:34.429653+00:00,68.7,10,bid,,,5873774
2026-07-16T03:03:35.271980,2026-07-16T03:03:35.283794+00:00,68.7,25,bid,,,5873787
2026-07-16T03:03:35.283575,2026-07-16T03:03:35.294354+00:00,68.7,38,ask,,,5873789
2026-07-16T03:03:35.442743,2026-07-16T03:03:35.452306+00:00,68.7,25,ask,,,5873791
2026-07-16T03:03:35.683783,2026-07-16T03:03:35.695116+00:00,68.7,25,ask,,,5873795
2026-07-16T03:03:35.899597,2026-07-16T03:03:35.906921+00:00,68.7,25,ask,,,5873796
2026-07-16T03:03:36.402439,2026-07-16T03:03:36.442149+00:00,68.8,14,bid,,,5873805
2026-07-16T03:03:36.402439,2026-07-16T03:03:36.442149+00:00,68.8,10,bid,,,5873806
2026-07-16T03:03:36.402439,2026-07-16T03:03:36.442149+00:00,68.8,7,bid,,,5873807
2026-07-16T03:03:36.402439,2026-07-16T03:03:36.442149+00:00,68.9,10,bid,,,5873808
2026-07-16T03:03:36.402439,2026-07-16T03:03:36.442149+00:00,68.9,9,bid,,,5873809
2026-07-16T03:03:37.803124,2026-07-16T03:03:37.806419+00:00,68.8,10,bid,,,5873833
2026-07-16T03:03:37.803124,2026-07-16T03:03:37.816970+00:00,68.8,10,bid,,,5873834
2026-07-16T03:03:37.803124,2026-07-16T03:03:37.816970+00:00,69.0,2,bid,,,5873835
2026-07-16T03:03:37.803124,2026-07-16T03:03:37.816970+00:00,69.2,25,bid,,,5873836
2026-07-16T03:03:38.447179,2026-07-16T03:03:38.455629+00:00,69.1,18,bid,,,5873849
2026-07-16T03:03:38.493097,2026-07-16T03:03:38.497932+00:00,68.9,10,ask,,,5873851
2026-07-16T03:03:38.509223,2026-07-16T03:03:38.519207+00:00,68.9,20,bid,,,5873853
2026-07-16T03:03:38.517954,2026-07-16T03:03:38.529819+00:00,68.8,50,ask,,,5873855
2026-07-16T03:03:38.517954,2026-07-16T03:03:38.529819+00:00,68.8,25,ask,,,5873856
2026-07-16T03:03:38.534086,2026-07-16T03:03:38.540364+00:00,68.9,50,bid,,,5873859
2026-07-16T03:03:39.074308,2026-07-16T03:03:39.079434+00:00,68.8,2,ask,,,5873867
2026-07-16T03:03:39.360721,2026-07-16T03:03:39.364422+00:00,68.8,8,ask,,,5873873
2026-07-16T03:03:39.360721,2026-07-16T03:03:39.375070+00:00,68.8,17,ask,,,5873874
2026-07-16T03:03:39.477570,2026-07-16T03:03:39.481082+00:00,68.8,33,ask,,,5873879
2026-07-16T03:03:39.477570,2026-07-16T03:03:39.491567+00:00,68.7,15,ask,,,5873880
2026-07-16T03:03:39.946497,2026-07-16T03:03:39.955791+00:00,68.8,25,ask,,,5873890
2026-07-16T03:03:39.946497,2026-07-16T03:03:39.955791+00:00,68.8,5,ask,,,5873891
2026-07-16T03:03:39.952654,2026-07-16T03:03:39.955791+00:00,68.8,32,ask,,,5873892
2026-07-16T03:03:39.953063,2026-07-16T03:03:39.966396+00:00,68.8,13,ask,,,5873893
2026-07-16T03:03:40.013430,2026-07-16T03:03:40.019458+00:00,68.7,10,ask,,,5873896
