timestamp,recv_time,price,volume,aggressor_side,buyer,seller,trade_id
2026-07-05T07:00:00.229048,2026-07-05T07:00:00.241358+00:00,141.0,47,bid,CostlyCorianders,DiligentDonuts,8005204
2026-07-05T07:00:00.901010,2026-07-05T07:00:00.909590+00:00,141.0,50,bid,FlawlessFlatbreads,DiligentDonuts,8005217
2026-07-05T07:00:01.238004,2026-07-05T07:00:01.252522+00:00,141.1,12,ask,DiligentDonuts,Xuanyu Liu,8005225
2026-07-05T07:00:01.378510,2026-07-05T07:00:01.388736+00:00,141.1,40,ask,DiligentDonuts,CostlyCorianders,8005229
2026-07-05T07:00:02.581372,2026-07-05T07:00:02.592485+00:00,141.1,11,ask,DiligentDonuts,Xuanyu Liu,8005243
2026-07-05T07:00:03.010506,2026-07-05T07:00:03.022299+00:00,141.3,50,bid,FlawlessFlatbreads,EarnestEspressos,8005255
2026-07-05T07:00:06.193358,2026-07-05T07:00:06.205458+00:00,140.8,47,ask,DiligentDonuts,CostlyCorianders,8005300
2026-07-05T07:00:07.285818,2026-07-05T07:00:07.298162+00:00,140.8,50,ask,DiligentDonuts,FlawlessFlatbreads,8005315
2026-07-05T07:00:08.215963,2026-07-05T07:00:08.227936+00:00,141.0,47,bid,CostlyCorianders,DiligentDonuts,8005329
2026-07-05T07:00:08.562724,2026-07-05T07:00:08.574514+00:00,141.0,53,bid,EarnestEspressos,DiligentDonuts,8005335
2026-07-05T07:00:08.674526,2026-07-05T07:00:08.685341+00:00,141.0,49,ask,EarnestEspressos,CostlyCorianders,8005338
2026-07-05T07:00:09.417553,2026-07-05T07:00:09.425810+00:00,141.0,48,ask,EarnestEspressos,FlawlessFlatbreads,8005350
2026-07-05T07:00:09.417553,2026-07-05T07:00:09.430959+00:00,140.5,2,ask,DiligentDonuts,FlawlessFlatbreads,8005351
2026-07-05T07:00:10.426314,2026-07-05T07:00:10.438323+00:00,141.5,46,bid,CostlyCorianders,EarnestEspressos,8005364
2026-07-05T07:00:11.052314,2026-07-05T07:00:11.058572+00:00,140.9,42,ask,DiligentDonuts,CostlyCorianders,8005373
2026-07-05T07:00:11.545307,2026-07-05T07:00:11.563879+00:00,140.9,50,ask,DiligentDonuts,FlawlessFlatbreads,8005380
2026-07-05T07:00:11.680624,2026-07-05T07:00:11.764564+00:00,140.9,8,ask,DiligentDonuts,CostlyCorianders,8005382
2026-07-05T07:00:16.103494,2026-07-05T07:00:16.115217+00:00,141.3,42,bid,CostlyCorianders,DiligentDonuts,8005430
2026-07-05T07:00:18.116089,2026-07-05T07:00:18.128045+00:00,140.9,48,ask,DiligentDonuts,CostlyCorianders,8005463
2026-07-05T07:00:20.981650,2026-07-05T07:00:20.993672+00:00,141.2,40,bid,CostlyCorianders,EarnestEspressos,8005497
2026-07-05T07:00:22.152638,2026-07-05T07:00:22.164593+00:00,141.0,50,ask,EarnestEspressos,FlawlessFlatbreads,8005524
2026-07-05T07:00:24.260237,2026-07-05T07:00:24.271930+00:00,141.0,50,ask,EarnestEspressos,FlawlessFlatbreads,8005555
2026-07-05T07:00:24.472681,2026-07-05T07:00:24.482414+00:00,141.1,11,bid,Xuanyu Liu,EarnestEspressos,8005562
2026-07-05T07:00:24.680507,2026-07-05T07:00:24.692676+00:00,140.9,47,ask,DiligentDonuts,CostlyCorianders,8005566
2026-07-05T07:00:24.742993,2026-07-05T07:00:24.754089+00:00,141.1,12,bid,Xuanyu Liu,EarnestEspressos,8005569
2026-07-05T07:00:26.376025,2026-07-05T07:00:26.388404+00:00,140.9,50,ask,DiligentDonuts,FlawlessFlatbreads,8005597
2026-07-05T07:00:27.370914,2026-07-05T07:00:27.381646+00:00,141.0,11,bid,Xuanyu Liu,DiligentDonuts,8005607
2026-07-05T07:00:27.790523,2026-07-05T07:00:27.802405+00:00,141.0,47,bid,CostlyCorianders,DiligentDonuts,8005621
2026-07-05T07:00:28.432849,2026-07-05T07:00:28.445411+00:00,141.0,42,bid,FlawlessFlatbreads,DiligentDonuts,8005634
2026-07-05T07:00:28.809848,2026-07-05T07:00:28.821796+00:00,140.8,41,ask,EarnestEspressos,CostlyCorianders,8005643
2026-07-05T07:00:29.945100,2026-07-05T07:00:29.956891+00:00,140.8,11,ask,EarnestEspressos,Xuanyu Liu,8005658
2026-07-05T07:00:30.324955,2026-07-05T07:00:30.332613+00:00,141.1,46,bid,CostlyCorianders,DiligentDonuts,8005667
2026-07-05T07:00:30.626948,2026-07-05T07:00:30.638838+00:00,140.8,50,ask,EarnestEspressos,FlawlessFlatbreads,8005669
2026-07-05T07:00:30.812574,2026-07-05T07:00:30.836002+00:00,140.6,100,ask,DiligentDonuts,EarnestEspressos,8005677
2026-07-05T07:00:30.826581,2026-07-05T07:00:30.836002+00:00,140.4,22,bid,Xuanyu Liu,EarnestEspressos,8005679
2026-07-05T07:00:31.314040,2026-07-05T07:00:31.323516+00:00,140.4,12,bid,Xuanyu Liu,EarnestEspressos,8005685
2026-07-05T07:00:32.733881,2026-07-05T07:00:32.745658+00:00,139.9,50,ask,EarnestEspressos,FlawlessFlatbreads,8005710
2026-07-05T07:00:33.866654,2026-07-05T07:00:33.874582+00:00,140.0,45,ask,DiligentDonuts,CostlyCorianders,8005725
2026-07-05T07:00:34.850173,2026-07-05T07:00:34.857099+00:00,140.0,50,ask,DiligentDonuts,FlawlessFlatbreads,8005749
2026-07-05T07:00:35.997331,2026-07-05T07:00:36.008095+00:00,140.5,40,bid,CostlyCorianders,DiligentDonuts,8005773
2026-07-05T07:00:36.907014,2026-07-05T07:00:36.918932+00:00,140.3,50,bid,FlawlessFlatbreads,DiligentDonuts,8005791
2026-07-05T07:00:39.035810,2026-07-05T07:00:39.043571+00:00,140.3,50,bid,FlawlessFlatbreads,DiligentDonuts,8005828
2026-07-05T07:00:41.142747,2026-07-05T07:00:41.158601+00:00,140.6,50,bid,FlawlessFlatbreads,EarnestEspressos,8005857
2026-07-05T07:00:41.759467,2026-07-05T07:00:41.771466+00:00,140.6,45,bid,CostlyCorianders,EarnestEspressos,8005863
2026-07-05T07:00:43.288417,2026-07-05T07:00:43.298461+00:00,140.6,50,bid,FlawlessFlatbreads,EarnestEspressos,8005875
2026-07-05T07:00:43.424034,2026-07-05T07:00:43.436702+00:00,140.8,100,bid,EarnestEspressos,DiligentDonuts,8005878
2026-07-05T07:00:43.499046,2026-07-05T07:00:43.511595+00:00,140.8,46,ask,EarnestEspressos,Xuanyu Liu,8005883
2026-07-05T07:00:43.680699,2026-07-05T07:00:43.693423+00:00,140.8,4,ask,EarnestEspressos,CostlyCorianders,8005885
2026-07-05T07:00:43.680699,2026-07-05T07:00:43.693423+00:00,140.3,42,ask,DiligentDonuts,CostlyCorianders,8005886
2026-07-05T07:00:47.452411,2026-07-05T07:00:47.464711+00:00,140.8,40,bid,CostlyCorianders,EarnestEspressos,8005933
2026-07-05T07:00:47.560651,2026-07-05T07:00:47.569632+00:00,140.5,50,ask,DiligentDonuts,FlawlessFlatbreads,8005936
2026-07-05T07:00:48.652603,2026-07-05T07:00:48.661468+00:00,140.3,42,ask,EarnestEspressos,CostlyCorianders,8005947
2026-07-05T07:00:49.209775,2026-07-05T07:00:49.221903+00:00,140.8,41,bid,CostlyCorianders,EarnestEspressos,8005954
2026-07-05T07:00:49.266590,2026-07-05T07:00:49.279012+00:00,140.5,45,ask,DiligentDonuts,CostlyCorianders,8005956
2026-07-05T07:00:49.776466,2026-07-05T07:00:49.788685+00:00,141.0,48,bid,CostlyCorianders,DiligentDonuts,8005969
2026-07-05T07:00:49.832314,2026-07-05T07:00:49.844239+00:00,140.5,43,ask,DiligentDonuts,CostlyCorianders,8005971
2026-07-05T07:00:50.479270,2026-07-05T07:00:50.487934+00:00,140.5,12,ask,DiligentDonuts,CostlyCorianders,8005977
2026-07-05T07:00:50.479270,2026-07-05T07:00:50.492952+00:00,140.4,34,ask,EarnestEspressos,CostlyCorianders,8005978
2026-07-05T07:00:51.757825,2026-07-05T07:00:51.770427+00:00,140.9,50,bid,FlawlessFlatbreads,EarnestEspressos,8006005
2026-07-05T07:00:53.162214,2026-07-05T07:00:53.174795+00:00,140.9,49,bid,CostlyCorianders,EarnestEspressos,8006031
2026-07-05T07:00:53.866205,2026-07-05T07:00:53.878125+00:00,140.9,50,bid,FlawlessFlatbreads,EarnestEspressos,8006044
2026-07-05T07:00:55.994736,2026-07-05T07:00:56.003489+00:00,140.8,50,bid,FlawlessFlatbreads,DiligentDonuts,8006071
2026-07-05T07:00:56.076043,2026-07-05T07:00:56.088352+00:00,140.8,50,bid,EarnestEspressos,DiligentDonuts,8006073
2026-07-05T07:00:58.102583,2026-07-05T07:00:58.110769+00:00,141.4,50,bid,FlawlessFlatbreads,EarnestEspressos,8006096
2026-07-05T07:00:58.247429,2026-07-05T07:00:58.254129+00:00,140.9,41,ask,EarnestEspressos,CostlyCorianders,8006097
2026-07-05T07:00:59.660412,2026-07-05T07:00:59.672684+00:00,141.1,43,bid,CostlyCorianders,DiligentDonuts,8006122
2026-07-05T07:01:00.223314,2026-07-05T07:01:00.230736+00:00,141.1,50,bid,FlawlessFlatbreads,DiligentDonuts,8006133
2026-07-05T07:01:00.283468,2026-07-05T07:01:00.295680+00:00,140.7,45,ask,EarnestEspressos,CostlyCorianders,8006134
2026-07-05T07:01:02.330551,2026-07-05T07:01:02.342225+00:00,141.2,50,bid,FlawlessFlatbreads,EarnestEspressos,8006160
2026-07-05T07:01:02.827057,2026-07-05T07:01:02.837648+00:00,140.8,11,ask,DiligentDonuts,Xuanyu Liu,8006162
2026-07-05T07:01:04.457745,2026-07-05T07:01:04.469366+00:00,141.1,50,bid,FlawlessFlatbreads,EarnestEspressos,8006192
2026-07-05T07:01:05.469983,2026-07-05T07:01:05.482101+00:00,140.9,23,ask,DiligentDonuts,Xuanyu Liu,8006202
2026-07-05T07:01:06.199482,2026-07-05T07:01:06.207945+00:00,141.1,43,bid,CostlyCorianders,EarnestEspressos,8006223
2026-07-05T07:01:06.564276,2026-07-05T07:01:06.576092+00:00,141.1,50,bid,FlawlessFlatbreads,EarnestEspressos,8006232
2026-07-05T07:01:08.711059,2026-07-05T07:01:08.726783+00:00,141.0,50,bid,FlawlessFlatbreads,DiligentDonuts,8006265
2026-07-05T07:01:08.770506,2026-07-05T07:01:08.779707+00:00,141.0,50,bid,EarnestEspressos,DiligentDonuts,8006267
2026-07-05T07:01:08.838659,2026-07-05T07:01:08.849140+00:00,141.1,3,ask,EarnestEspressos,Xuanyu Liu,8006268
2026-07-05T07:01:09.211862,2026-07-05T07:01:09.218776+00:00,141.1,44,ask,EarnestEspressos,CostlyCorianders,8006278
2026-07-05T07:01:10.284568,2026-07-05T07:01:10.296530+00:00,141.1,46,ask,EarnestEspressos,CostlyCorianders,8006296
2026-07-05T07:01:11.774112,2026-07-05T07:01:11.781971+00:00,141.1,7,ask,EarnestEspressos,CostlyCorianders,8006322
2026-07-05T07:01:11.993274,2026-07-05T07:01:12.002609+00:00,140.8,100,ask,DiligentDonuts,EarnestEspressos,8006326
2026-07-05T07:01:13.006065,2026-07-05T07:01:13.017974+00:00,140.3,50,ask,EarnestEspressos,FlawlessFlatbreads,8006346
2026-07-05T07:01:15.116330,2026-07-05T07:01:15.126731+00:00,140.6,50,ask,EarnestEspressos,FlawlessFlatbreads,8006380
2026-07-05T07:01:15.743115,2026-07-05T07:01:15.758592+00:00,140.9,46,bid,CostlyCorianders,DiligentDonuts,8006387
2026-07-05T07:01:17.228125,2026-07-05T07:01:17.236931+00:00,140.7,50,ask,DiligentDonuts,FlawlessFlatbreads,8006409
2026-07-05T07:01:17.297717,2026-07-05T07:01:17.306326+00:00,140.7,49,ask,DiligentDonuts,CostlyCorianders,8006412
2026-07-05T07:01:17.805331,2026-07-05T07:01:17.817621+00:00,141.1,41,bid,CostlyCorianders,EarnestEspressos,8006422
2026-07-05T07:01:18.876855,2026-07-05T07:01:18.889067+00:00,140.7,1,ask,DiligentDonuts,CostlyCorianders,8006434
2026-07-05T07:01:21.244278,2026-07-05T07:01:21.253780+00:00,140.7,3,bid,Xuanyu Liu,DiligentDonuts,8006479
2026-07-05T07:01:21.409641,2026-07-05T07:01:21.418795+00:00,140.7,50,bid,FlawlessFlatbreads,DiligentDonuts,8006483
2026-07-05T07:01:23.401681,2026-07-05T07:01:23.409054+00:00,140.7,45,bid,CostlyCorianders,DiligentDonuts,8006513
2026-07-05T07:01:23.519700,2026-07-05T07:01:23.531384+00:00,141.0,50,bid,FlawlessFlatbreads,EarnestEspressos,8006516
2026-07-05T07:01:25.722213,2026-07-05T07:01:25.734748+00:00,140.8,50,ask,EarnestEspressos,FlawlessFlatbreads,8006549
2026-07-05T07:01:25.905123,2026-07-05T07:01:25.917253+00:00,140.8,43,ask,EarnestEspressos,CostlyCorianders,8006551
2026-07-05T07:01:27.779003,2026-07-05T07:01:27.790844+00:00,141.3,50,bid,FlawlessFlatbreads,EarnestEspressos,8006568
2026-07-05T07:01:28.783033,2026-07-05T07:01:28.793634+00:00,140.8,48,ask,DiligentDonuts,CostlyCorianders,8006586
2026-07-05T07:01:29.885590,2026-07-05T07:01:29.895640+00:00,141.3,50,bid,FlawlessFlatbreads,EarnestEspressos,8006605
2026-07-05T07:01:31.992617,2026-07-05T07:01:32.004660+00:00,141.0,50,bid,FlawlessFlatbreads,DiligentDonuts,8006634
2026-07-05T07:01:34.114999,2026-07-05T07:01:34.127989+00:00,141.1,50,bid,FlawlessFlatbreads,DiligentDonuts,8006661
2026-07-05T07:01:36.227630,2026-07-05T07:01:36.239815+00:00,140.8,50,bid,FlawlessFlatbreads,EarnestEspressos,8006685
2026-07-05T07:01:36.534831,2026-07-05T07:01:36.544585+00:00,140.8,43,bid,CostlyCorianders,EarnestEspressos,8006689
2026-07-05T07:01:37.036748,2026-07-05T07:01:37.046555+00:00,140.7,3,ask,DiligentDonuts,Xuanyu Liu,8006697
2026-07-05T07:01:38.424709,2026-07-05T07:01:38.437039+00:00,140.8,50,ask,EarnestEspressos,FlawlessFlatbreads,8006718
2026-07-05T07:01:38.675330,2026-07-05T07:01:38.687664+00:00,141.2,42,bid,CostlyCorianders,DiligentDonuts,8006722
2026-07-05T07:01:40.537776,2026-07-05T07:01:40.545975+00:00,140.9,50,ask,EarnestEspressos,FlawlessFlatbreads,8006745
2026-07-05T07:01:42.516751,2026-07-05T07:01:42.524322+00:00,140.9,44,ask,EarnestEspressos,CostlyCorianders,8006770
2026-07-05T07:01:43.003975,2026-07-05T07:01:43.015730+00:00,141.2,48,bid,CostlyCorianders,DiligentDonuts,8006778
2026-07-05T07:01:43.719106,2026-07-05T07:01:43.731869+00:00,140.8,100,ask,DiligentDonuts,EarnestEspressos,8006790
2026-07-05T07:01:44.108633,2026-07-05T07:01:44.117867+00:00,140.7,49,bid,CostlyCorianders,EarnestEspressos,8006795
2026-07-05T07:01:45.112894,2026-07-05T07:01:45.119834+00:00,140.2,42,ask,EarnestEspressos,CostlyCorianders,8006807
2026-07-05T07:01:46.831021,2026-07-05T07:01:46.844668+00:00,140.9,50,bid,FlawlessFlatbreads,DiligentDonuts,8006833
2026-07-05T07:01:48.989546,2026-07-05T07:01:48.998722+00:00,140.5,50,ask,EarnestEspressos,FlawlessFlatbreads,8006857
2026-07-05T07:01:51.063751,2026-07-05T07:01:51.075443+00:00,140.7,50,bid,FlawlessFlatbreads,EarnestEspressos,8006891
2026-07-05T07:01:51.312652,2026-07-05T07:01:51.324316+00:00,140.5,42,ask,DiligentDonuts,CostlyCorianders,8006895
2026-07-05T07:01:53.221691,2026-07-05T07:01:53.233866+00:00,140.2,50,ask,DiligentDonuts,FlawlessFlatbreads,8006930
2026-07-05T07:01:55.302239,2026-07-05T07:01:55.311902+00:00,140.6,50,bid,FlawlessFlatbreads,DiligentDonuts,8006959
2026-07-05T07:01:57.408794,2026-07-05T07:01:57.420964+00:00,140.5,50,bid,FlawlessFlatbreads,EarnestEspressos,8006991
2026-07-05T07:01:57.486721,2026-07-05T07:01:57.498938+00:00,140.1,44,ask,DiligentDonuts,CostlyCorianders,8006992
2026-07-05T07:01:59.588756,2026-07-05T07:01:59.598112+00:00,140.4,50,ask,EarnestEspressos,FlawlessFlatbreads,8007011
2026-07-05T07:02:01.551292,2026-07-05T07:02:01.557854+00:00,140.4,100,ask,EarnestEspressos,DiligentDonuts,8007037
2026-07-05T07:02:03.782059,2026-07-05T07:02:03.790334+00:00,140.4,50,bid,FlawlessFlatbreads,EarnestEspressos,8007073
2026-07-05T07:02:05.944818,2026-07-05T07:02:05.956777+00:00,140.3,50,ask,DiligentDonuts,FlawlessFlatbreads,8007102
2026-07-05T07:02:06.319966,2026-07-05T07:02:06.327067+00:00,140.5,40,bid,CostlyCorianders,EarnestEspressos,8007115
2026-07-05T07:02:06.897951,2026-07-05T07:02:06.910447+00:00,140.5,48,bid,CostlyCorianders,EarnestEspressos,8007119
2026-07-05T07:02:06.956136,2026-07-05T07:02:06.968783+00:00,140.3,46,ask,DiligentDonuts,CostlyCorianders,8007120
2026-07-05T07:02:08.072908,2026-07-05T07:02:08.084794+00:00,140.0,50,ask,EarnestEspressos,FlawlessFlatbreads,8007133
2026-07-05T07:02:09.829837,2026-07-05T07:02:09.850692+00:00,140.3,46,ask,EarnestEspressos,CostlyCorianders,8007153
2026-07-05T07:02:10.179418,2026-07-05T07:02:10.191541+00:00,140.3,50,ask,EarnestEspressos,FlawlessFlatbreads,8007156
2026-07-05T07:02:10.958442,2026-07-05T07:02:10.970436+00:00,140.8,41,bid,CostlyCorianders,EarnestEspressos,8007165
2026-07-05T07:02:11.525822,2026-07-05T07:02:11.504195+00:00,140.3,44,ask,EarnestEspressos,CostlyCorianders,8007171
2026-07-05T07:02:12.293535,2026-07-05T07:02:12.303183+00:00,140.1,50,ask,DiligentDonuts,FlawlessFlatbreads,8007182
2026-07-05T07:02:12.850540,2026-07-05T07:02:12.860155+00:00,140.4,3,bid,Xuanyu Liu,EarnestEspressos,8007188
2026-07-05T07:02:12.965661,2026-07-05T07:02:12.977433+00:00,140.4,48,bid,CostlyCorianders,EarnestEspressos,8007190
2026-07-05T07:02:13.904483,2026-07-05T07:02:13.915055+00:00,140.4,11,bid,Xuanyu Liu,EarnestEspressos,8007209
2026-07-05T07:02:14.399676,2026-07-05T07:02:14.406561+00:00,140.3,50,ask,DiligentDonuts,FlawlessFlatbreads,8007215
2026-07-05T07:02:14.600415,2026-07-05T07:02:14.609613+00:00,140.4,23,bid,Xuanyu Liu,EarnestEspressos,8007222
2026-07-05T07:02:15.359311,2026-07-05T07:02:15.368389+00:00,140.4,11,ask,EarnestEspressos,Xuanyu Liu,8007233
2026-07-05T07:02:15.766457,2026-07-05T07:02:15.778690+00:00,140.4,49,ask,EarnestEspressos,CostlyCorianders,8007243
2026-07-05T07:02:16.506484,2026-07-05T07:02:16.518654+00:00,140.4,50,ask,EarnestEspressos,FlawlessFlatbreads,8007249
2026-07-05T07:02:16.726053,2026-07-05T07:02:16.732642+00:00,140.8,45,bid,CostlyCorianders,DiligentDonuts,8007260
2026-07-05T07:02:18.613454,2026-07-05T07:02:18.625166+00:00,140.3,50,ask,DiligentDonuts,FlawlessFlatbreads,8007285
2026-07-05T07:02:21.339640,2026-07-05T07:02:21.347363+00:00,140.5,41,bid,CostlyCorianders,EarnestEspressos,8007328
2026-07-05T07:02:22.540127,2026-07-05T07:02:22.551394+00:00,140.2,42,ask,EarnestEspressos,CostlyCorianders,8007342
2026-07-05T07:02:22.785257,2026-07-05T07:02:22.793765+00:00,140.5,50,bid,FlawlessFlatbreads,DiligentDonuts,8007348
2026-07-05T07:02:24.894171,2026-07-05T07:02:24.904537+00:00,140.6,50,bid,FlawlessFlatbreads,EarnestEspressos,8007373
2026-07-05T07:02:27.058522,2026-07-05T07:02:27.071610+00:00,140.3,50,ask,DiligentDonuts,FlawlessFlatbreads,8007405
2026-07-05T07:02:29.113722,2026-07-05T07:02:29.125514+00:00,140.8,50,bid,FlawlessFlatbreads,DiligentDonuts,8007445
2026-07-05T07:02:31.257471,2026-07-05T07:02:31.269208+00:00,140.9,50,bid,FlawlessFlatbreads,DiligentDonuts,8007470
2026-07-05T07:02:31.847028,2026-07-05T07:02:31.852356+00:00,140.9,46,bid,CostlyCorianders,DiligentDonuts,8007477
2026-07-05T07:02:33.151970,2026-07-05T07:02:33.162826+00:00,140.7,12,ask,DiligentDonuts,Xuanyu Liu,8007495
2026-07-05T07:02:33.366101,2026-07-05T07:02:33.373765+00:00,140.9,50,bid,FlawlessFlatbreads,EarnestEspressos,8007502
2026-07-05T07:02:35.560000,2026-07-05T07:02:35.572163+00:00,140.7,50,ask,DiligentDonuts,FlawlessFlatbreads,8007538
2026-07-05T07:02:37.063471,2026-07-05T07:02:37.070208+00:00,140.6,43,ask,EarnestEspressos,CostlyCorianders,8007558
2026-07-05T07:02:37.685081,2026-07-05T07:02:37.696380+00:00,140.5,50,ask,DiligentDonuts,FlawlessFlatbreads,8007571
2026-07-05T07:02:39.792552,2026-07-05T07:02:39.803428+00:00,140.4,50,ask,EarnestEspressos,FlawlessFlatbreads,8007597
2026-07-05T07:02:40.016796,2026-07-05T07:02:40.028708+00:00,140.8,41,bid,CostlyCorianders,DiligentDonuts,8007600
2026-07-05T07:02:41.901931,2026-07-05T07:02:41.909232+00:00,140.3,50,ask,DiligentDonuts,FlawlessFlatbreads,8007622
2026-07-05T07:02:44.007900,2026-07-05T07:02:44.019979+00:00,140.2,50,ask,DiligentDonuts,FlawlessFlatbreads,8007643
2026-07-05T07:02:47.803514,2026-07-05T07:02:47.815706+00:00,140.0,47,ask,DiligentDonuts,CostlyCorianders,8007693
2026-07-05T07:02:48.374244,2026-07-05T07:02:48.386120+00:00,140.5,48,bid,CostlyCorianders,DiligentDonuts,8007702
2026-07-05T07:02:49.413123,2026-07-05T07:02:49.424478+00:00,140.5,12,bid,Xuanyu Liu,EarnestEspressos,8007717
2026-07-05T07:02:49.519485,2026-07-05T07:02:49.526692+00:00,140.5,41,bid,CostlyCorianders,EarnestEspressos,8007723
2026-07-05T07:02:49.574835,2026-07-05T07:02:49.586750+00:00,140.1,43,ask,DiligentDonuts,CostlyCorianders,8007725
2026-07-05T07:02:50.385792,2026-07-05T07:02:50.397071+00:00,140.4,50,ask,EarnestEspressos,FlawlessFlatbreads,8007734
2026-07-05T07:02:52.492491,2026-07-05T07:02:52.504335+00:00,140.4,50,ask,EarnestEspressos,FlawlessFlatbreads,8007766
2026-07-05T07:02:53.427987,2026-07-05T07:02:53.443877+00:00,140.4,48,bid,CostlyCorianders,EarnestEspressos,8007774
2026-07-05T07:02:54.548063,2026-07-05T07:02:54.558181+00:00,140.4,50,bid,FlawlessFlatbreads,EarnestEspressos,8007781
2026-07-05T07:02:56.492757,2026-07-05T07:02:56.500562+00:00,140.3,100,bid,EarnestEspressos,DiligentDonuts,8007815
2026-07-05T07:02:56.664307,2026-07-05T07:02:56.676604+00:00,140.8,50,bid,FlawlessFlatbreads,EarnestEspressos,8007820
2026-07-05T07:02:57.132462,2026-07-05T07:02:57.144948+00:00,140.3,45,ask,EarnestEspressos,CostlyCorianders,8007824
2026-07-05T07:02:58.773587,2026-07-05T07:02:58.785478+00:00,140.6,50,bid,FlawlessFlatbreads,DiligentDonuts,8007854
2026-07-05T07:02:59.938305,2026-07-05T07:02:59.948112+00:00,140.3,11,bid,Xuanyu Liu,EarnestEspressos,8007873
2026-07-05T07:03:00.904248,2026-07-05T07:03:00.916008+00:00,140.3,50,bid,FlawlessFlatbreads,EarnestEspressos,8007886
2026-07-05T07:03:01.806453,2026-07-05T07:03:01.818574+00:00,140.2,11,ask,DiligentDonuts,Xuanyu Liu,8007896
2026-07-05T07:03:03.010455,2026-07-05T07:03:03.022339+00:00,140.4,50,bid,FlawlessFlatbreads,EarnestEspressos,8007910
2026-07-05T07:03:03.943760,2026-07-05T07:03:03.958598+00:00,140.2,41,ask,DiligentDonuts,CostlyCorianders,8007923
2026-07-05T07:03:04.494964,2026-07-05T07:03:04.507218+00:00,140.4,46,bid,CostlyCorianders,EarnestEspressos,8007931
2026-07-05T07:03:05.257017,2026-07-05T07:03:05.270636+00:00,140.4,11,bid,Xuanyu Liu,EarnestEspressos,8007949
2026-07-05T07:03:05.993217,2026-07-05T07:03:06.000844+00:00,140.5,100,bid,EarnestEspressos,DiligentDonuts,8007958
2026-07-05T07:03:06.062953,2026-07-05T07:03:06.072122+00:00,140.8,23,ask,EarnestEspressos,Xuanyu Liu,8007962
2026-07-05T07:03:06.576461,2026-07-05T07:03:06.586346+00:00,140.8,14,ask,EarnestEspressos,Xuanyu Liu,8007972
2026-07-05T07:03:07.222662,2026-07-05T07:03:07.229636+00:00,141.3,50,bid,FlawlessFlatbreads,EarnestEspressos,8007984
2026-07-05T07:03:08.255683,2026-07-05T07:03:08.267972+00:00,140.8,13,ask,EarnestEspressos,CostlyCorianders,8007995
2026-07-05T07:03:08.255683,2026-07-05T07:03:08.267972+00:00,140.5,28,ask,DiligentDonuts,CostlyCorianders,8007996
2026-07-05T07:03:08.843623,2026-07-05T07:03:08.858582+00:00,141.0,46,bid,CostlyCorianders,DiligentDonuts,8008010
2026-07-05T07:03:08.899173,2026-07-05T07:03:08.911401+00:00,140.5,48,ask,DiligentDonuts,CostlyCorianders,8008011
2026-07-05T07:03:09.383409,2026-07-05T07:03:09.391967+00:00,140.5,24,ask,DiligentDonuts,FlawlessFlatbreads,8008013
2026-07-05T07:03:09.383409,2026-07-05T07:03:09.391967+00:00,140.2,26,ask,EarnestEspressos,FlawlessFlatbreads,8008014
2026-07-05T07:03:10.111213,2026-07-05T07:03:10.123075+00:00,140.7,42,bid,CostlyCorianders,EarnestEspressos,8008024
2026-07-05T07:03:10.508554,2026-07-05T07:03:10.517907+00:00,140.7,3,bid,Xuanyu Liu,EarnestEspressos,8008030
2026-07-05T07:03:11.096460,2026-07-05T07:03:11.105562+00:00,140.7,44,bid,CostlyCorianders,EarnestEspressos,8008037
2026-07-05T07:03:11.493004,2026-07-05T07:03:11.564853+00:00,140.5,50,ask,DiligentDonuts,FlawlessFlatbreads,8008047
2026-07-05T07:03:13.600614,2026-07-05T07:03:13.612910+00:00,140.5,50,ask,DiligentDonuts,FlawlessFlatbreads,8008076
2026-07-05T07:03:14.339067,2026-07-05T07:03:14.350845+00:00,140.5,100,ask,EarnestEspressos,DiligentDonuts,8008097
2026-07-05T07:03:14.727731,2026-07-05T07:03:14.739527+00:00,140.5,49,ask,EarnestEspressos,CostlyCorianders,8008098
2026-07-05T07:03:15.559490,2026-07-05T07:03:15.569080+00:00,140.2,23,bid,Xuanyu Liu,EarnestEspressos,8008109
2026-07-05T07:03:15.710787,2026-07-05T07:03:15.717704+00:00,139.8,50,ask,DiligentDonuts,FlawlessFlatbreads,8008111
2026-07-05T07:03:17.768231,2026-07-05T07:03:17.780031+00:00,140.2,50,bid,FlawlessFlatbreads,EarnestEspressos,8008142
2026-07-05T07:03:20.321617,2026-07-05T07:03:20.328484+00:00,140.5,44,bid,CostlyCorianders,DiligentDonuts,8008177
2026-07-05T07:03:21.979260,2026-07-05T07:03:21.988633+00:00,140.4,50,bid,FlawlessFlatbreads,EarnestEspressos,8008210
2026-07-05T07:03:22.337387,2026-07-05T07:03:22.349303+00:00,140.1,41,ask,DiligentDonuts,CostlyCorianders,8008221
2026-07-05T07:03:23.307335,2026-07-05T07:03:23.319101+00:00,140.1,42,ask,DiligentDonuts,CostlyCorianders,8008232
2026-07-05T07:03:24.086450,2026-07-05T07:03:24.098685+00:00,140.3,50,bid,FlawlessFlatbreads,DiligentDonuts,8008243
2026-07-05T07:03:26.041801,2026-07-05T07:03:26.053921+00:00,140.3,48,bid,CostlyCorianders,DiligentDonuts,8008276
2026-07-05T07:03:26.244821,2026-07-05T07:03:26.256636+00:00,140.2,50,ask,EarnestEspressos,FlawlessFlatbreads,8008283
2026-07-05T07:03:26.501492,2026-07-05T07:03:26.512509+00:00,140.2,48,ask,EarnestEspressos,CostlyCorianders,8008286
2026-07-05T07:03:27.101094,2026-07-05T07:03:27.112814+00:00,140.2,40,ask,EarnestEspressos,CostlyCorianders,8008291
2026-07-05T07:03:28.196925,2026-07-05T07:03:28.211021+00:00,140.2,100,ask,DiligentDonuts,EarnestEspressos,8008313
2026-07-05T07:03:28.351809,2026-07-05T07:03:28.363880+00:00,139.7,50,ask,EarnestEspressos,FlawlessFlatbreads,8008318
2026-07-05T07:03:28.733562,2026-07-05T07:03:28.745130+00:00,140.2,42,bid,CostlyCorianders,EarnestEspressos,8008322
2026-07-05T07:03:30.459867,2026-07-05T07:03:30.472027+00:00,139.8,50,ask,DiligentDonuts,FlawlessFlatbreads,8008357
2026-07-05T07:03:32.262779,2026-07-05T07:03:32.271615+00:00,140.3,40,bid,CostlyCorianders,DiligentDonuts,8008373
2026-07-05T07:03:32.568634,2026-07-05T07:03:32.580579+00:00,139.9,50,ask,EarnestEspressos,FlawlessFlatbreads,8008381
2026-07-05T07:03:34.675649,2026-07-05T07:03:34.687638+00:00,139.8,50,ask,DiligentDonuts,FlawlessFlatbreads,8008414
2026-07-05T07:03:35.572399,2026-07-05T07:03:35.584279+00:00,140.2,43,bid,CostlyCorianders,EarnestEspressos,8008419
2026-07-05T07:03:36.785326,2026-07-05T07:03:36.797251+00:00,139.7,50,ask,EarnestEspressos,FlawlessFlatbreads,8008445
2026-07-05T07:03:37.119932,2026-07-05T07:03:37.131868+00:00,139.7,43,ask,EarnestEspressos,CostlyCorianders,8008450
2026-07-05T07:03:37.738688,2026-07-05T07:03:37.746996+00:00,139.9,11,bid,Xuanyu Liu,EarnestEspressos,8008461
2026-07-05T07:03:38.893782,2026-07-05T07:03:38.906029+00:00,139.6,50,ask,DiligentDonuts,FlawlessFlatbreads,8008479
2026-07-05T07:03:40.540915,2026-07-05T07:03:40.550407+00:00,139.9,12,bid,Xuanyu Liu,EarnestEspressos,8008512
2026-07-05T07:03:42.051657,2026-07-05T07:03:42.062283+00:00,139.9,11,bid,Xuanyu Liu,DiligentDonuts,8008542
2026-07-05T07:03:43.123342,2026-07-05T07:03:43.135569+00:00,139.6,50,ask,EarnestEspressos,FlawlessFlatbreads,8008555
2026-07-05T07:03:43.170352,2026-07-05T07:03:43.182598+00:00,140.1,42,bid,CostlyCorianders,EarnestEspressos,8008557
2026-07-05T07:03:43.719850,2026-07-05T07:03:43.731855+00:00,139.6,45,ask,EarnestEspressos,CostlyCorianders,8008563
2026-07-05T07:03:45.054051,2026-07-05T07:03:45.066250+00:00,139.9,49,bid,CostlyCorianders,EarnestEspressos,8008592
2026-07-05T07:03:45.660197,2026-07-05T07:03:45.672915+00:00,139.6,43,ask,DiligentDonuts,CostlyCorianders,8008598
2026-07-05T07:03:46.599819,2026-07-05T07:03:46.611152+00:00,139.9,11,bid,Xuanyu Liu,EarnestEspressos,8008606
2026-07-05T07:03:47.294709,2026-07-05T07:03:47.305608+00:00,140.0,50,bid,FlawlessFlatbreads,DiligentDonuts,8008618
2026-07-05T07:03:48.333170,2026-07-05T07:03:48.342864+00:00,139.8,41,ask,EarnestEspressos,CostlyCorianders,8008629
2026-07-05T07:03:49.402028,2026-07-05T07:03:49.414177+00:00,140.1,50,bid,FlawlessFlatbreads,DiligentDonuts,8008647
2026-07-05T07:03:51.515720,2026-07-05T07:03:51.522530+00:00,140.0,50,bid,FlawlessFlatbreads,EarnestEspressos,8008675
2026-07-05T07:03:52.637841,2026-07-05T07:03:52.647655+00:00,140.0,41,bid,CostlyCorianders,EarnestEspressos,8008679
2026-07-05T07:03:53.674937,2026-07-05T07:03:53.683971+00:00,139.9,50,ask,EarnestEspressos,FlawlessFlatbreads,8008689
2026-07-05T07:03:53.696941,2026-07-05T07:03:53.708622+00:00,139.9,40,ask,EarnestEspressos,CostlyCorianders,8008690
2026-07-05T07:03:53.875655,2026-07-05T07:03:53.884807+00:00,139.9,22,ask,EarnestEspressos,Xuanyu Liu,8008701
2026-07-05T07:03:55.786045,2026-07-05T07:03:55.798549+00:00,140.1,49,bid,CostlyCorianders,DiligentDonuts,8008733
2026-07-05T07:03:55.810031,2026-07-05T07:03:55.822324+00:00,139.9,38,ask,EarnestEspressos,FlawlessFlatbreads,8008734
2026-07-05T07:03:55.810031,2026-07-05T07:03:55.822324+00:00,139.6,12,ask,DiligentDonuts,FlawlessFlatbreads,8008735
2026-07-05T07:03:56.273918,2026-07-05T07:03:56.283244+00:00,140.1,45,bid,CostlyCorianders,DiligentDonuts,8008741
2026-07-05T07:03:56.712764,2026-07-05T07:03:56.740182+00:00,139.6,88,ask,DiligentDonuts,EarnestEspressos,8008748
2026-07-05T07:03:56.726169,2026-07-05T07:03:56.740182+00:00,139.6,22,bid,Xuanyu Liu,EarnestEspressos,8008749
2026-07-05T07:03:56.821251,2026-07-05T07:03:56.834165+00:00,139.1,42,ask,EarnestEspressos,CostlyCorianders,8008755
2026-07-05T07:03:57.367182,2026-07-05T07:03:57.379215+00:00,139.6,40,bid,CostlyCorianders,EarnestEspressos,8008763
2026-07-05T07:03:57.367182,2026-07-05T07:03:57.379215+00:00,140.1,1,bid,CostlyCorianders,DiligentDonuts,8008764
2026-07-05T07:03:57.868346,2026-07-05T07:03:57.876563+00:00,140.1,5,bid,FlawlessFlatbreads,DiligentDonuts,8008777
2026-07-05T07:04:02.431672,2026-07-05T07:04:02.439236+00:00,139.9,47,ask,EarnestEspressos,CostlyCorianders,8008845
2026-07-05T07:04:03.064934,2026-07-05T07:04:03.074440+00:00,140.1,12,bid,Xuanyu Liu,EarnestEspressos,8008858
2026-07-05T07:04:04.958002,2026-07-05T07:04:04.970389+00:00,140.1,100,bid,DiligentDonuts,EarnestEspressos,8008887
2026-07-05T07:04:06.159529,2026-07-05T07:04:06.168834+00:00,140.1,23,ask,EarnestEspressos,Xuanyu Liu,8008897
2026-07-05T07:04:06.407363,2026-07-05T07:04:06.418237+00:00,140.1,50,ask,EarnestEspressos,FlawlessFlatbreads,8008902
2026-07-05T07:04:08.036422,2026-07-05T07:04:08.043484+00:00,140.1,40,ask,EarnestEspressos,CostlyCorianders,8008923
2026-07-05T07:04:08.475994,2026-07-05T07:04:08.495223+00:00,140.2,50,bid,FlawlessFlatbreads,DiligentDonuts,8008937
2026-07-05T07:04:12.688945,2026-07-05T07:04:12.696210+00:00,140.3,50,bid,FlawlessFlatbreads,DiligentDonuts,8008989
2026-07-05T07:04:13.054026,2026-07-05T07:04:13.066085+00:00,140.3,46,bid,CostlyCorianders,DiligentDonuts,8008994
2026-07-05T07:04:14.452476,2026-07-05T07:04:14.458539+00:00,140.3,100,bid,DiligentDonuts,EarnestEspressos,8009018
2026-07-05T07:04:14.794482,2026-07-05T07:04:14.806448+00:00,140.3,50,bid,FlawlessFlatbreads,EarnestEspressos,8009023
2026-07-05T07:04:15.659665,2026-07-05T07:04:15.669144+00:00,140.4,11,ask,EarnestEspressos,Xuanyu Liu,8009033
2026-07-05T07:04:16.975199,2026-07-05T07:04:16.985177+00:00,140.4,50,ask,EarnestEspressos,FlawlessFlatbreads,8009056
2026-07-05T07:04:18.846746,2026-07-05T07:04:18.858620+00:00,140.6,43,bid,CostlyCorianders,DiligentDonuts,8009083
2026-07-05T07:04:19.082190,2026-07-05T07:04:19.094099+00:00,140.4,50,ask,EarnestEspressos,FlawlessFlatbreads,8009090
2026-07-05T07:04:20.455772,2026-07-05T07:04:20.467773+00:00,140.4,45,ask,EarnestEspressos,CostlyCorianders,8009108
2026-07-05T07:04:20.572829,2026-07-05T07:04:20.584850+00:00,140.6,11,bid,Xuanyu Liu,DiligentDonuts,8009112
2026-07-05T07:04:21.189704,2026-07-05T07:04:21.198264+00:00,140.5,50,ask,DiligentDonuts,FlawlessFlatbreads,8009122
2026-07-05T07:04:22.106210,2026-07-05T07:04:22.117884+00:00,140.7,41,bid,CostlyCorianders,EarnestEspressos,8009140
2026-07-05T07:04:23.101267,2026-07-05T07:04:23.110327+00:00,140.5,42,ask,DiligentDonuts,CostlyCorianders,8009158
2026-07-05T07:04:23.300680,2026-07-05T07:04:23.312498+00:00,140.5,8,ask,DiligentDonuts,FlawlessFlatbreads,8009160
2026-07-05T07:04:23.300680,2026-07-05T07:04:23.312498+00:00,140.2,42,ask,EarnestEspressos,FlawlessFlatbreads,8009161
2026-07-05T07:04:25.125526,2026-07-05T07:04:25.137689+00:00,140.8,49,bid,CostlyCorianders,DiligentDonuts,8009184
2026-07-05T07:04:25.409194,2026-07-05T07:04:25.421403+00:00,140.4,50,ask,EarnestEspressos,FlawlessFlatbreads,8009190
2026-07-05T07:04:25.622280,2026-07-05T07:04:25.634522+00:00,140.4,49,ask,EarnestEspressos,CostlyCorianders,8009192
2026-07-05T07:04:27.516855,2026-07-05T07:04:27.529285+00:00,140.6,50,ask,DiligentDonuts,FlawlessFlatbreads,8009218
2026-07-05T07:04:28.356638,2026-07-05T07:04:28.365067+00:00,140.6,50,ask,DiligentDonuts,EarnestEspressos,8009235
2026-07-05T07:04:28.366393,2026-07-05T07:04:28.375566+00:00,140.5,34,bid,Xuanyu Liu,EarnestEspressos,8009236
2026-07-05T07:04:28.687014,2026-07-05T07:04:28.699318+00:00,140.5,49,bid,CostlyCorianders,EarnestEspressos,8009240
2026-07-05T07:04:29.635681,2026-07-05T07:04:29.644098+00:00,140.0,50,ask,EarnestEspressos,FlawlessFlatbreads,8009258
2026-07-05T07:04:30.110645,2026-07-05T07:04:30.122859+00:00,140.0,45,ask,EarnestEspressos,CostlyCorianders,8009263
2026-07-05T07:04:31.741742,2026-07-05T07:04:31.758608+00:00,140.2,50,ask,DiligentDonuts,FlawlessFlatbreads,8009290
2026-07-05T07:04:32.679733,2026-07-05T07:04:32.690148+00:00,140.6,49,bid,CostlyCorianders,EarnestEspressos,8009299
2026-07-05T07:04:33.894924,2026-07-05T07:04:33.907101+00:00,140.1,50,ask,EarnestEspressos,FlawlessFlatbreads,8009322
2026-07-05T07:04:34.181257,2026-07-05T07:04:34.193090+00:00,140.5,41,bid,CostlyCorianders,DiligentDonuts,8009325
2026-07-05T07:04:36.006037,2026-07-05T07:04:36.015699+00:00,140.3,50,ask,EarnestEspressos,FlawlessFlatbreads,8009345
2026-07-05T07:04:36.292790,2026-07-05T07:04:36.310397+00:00,140.5,6,bid,Xuanyu Liu,DiligentDonuts,8009350
2026-07-05T07:04:36.952281,2026-07-05T07:04:36.964839+00:00,140.4,47,ask,DiligentDonuts,CostlyCorianders,8009358
2026-07-05T07:04:38.095673,2026-07-05T07:04:38.106695+00:00,140.6,43,bid,CostlyCorianders,EarnestEspressos,8009370
2026-07-05T07:04:38.112601,2026-07-05T07:04:38.124496+00:00,140.4,50,ask,DiligentDonuts,FlawlessFlatbreads,8009371
2026-07-05T07:04:38.724679,2026-07-05T07:04:38.736814+00:00,140.4,3,ask,DiligentDonuts,CostlyCorianders,8009377
2026-07-05T07:04:38.724679,2026-07-05T07:04:38.736814+00:00,140.1,43,ask,EarnestEspressos,CostlyCorianders,8009378
2026-07-05T07:04:40.218972,2026-07-05T07:04:40.231440+00:00,140.1,50,ask,EarnestEspressos,FlawlessFlatbreads,8009406
2026-07-05T07:04:41.788274,2026-07-05T07:04:41.800608+00:00,140.1,45,ask,DiligentDonuts,CostlyCorianders,8009422
2026-07-05T07:04:42.338657,2026-07-05T07:04:42.352637+00:00,140.1,50,ask,DiligentDonuts,FlawlessFlatbreads,8009431
2026-07-05T07:04:43.975905,2026-07-05T07:04:43.988100+00:00,140.2,42,bid,CostlyCorianders,DiligentDonuts,8009447
2026-07-05T07:04:44.394317,2026-07-05T07:04:44.397684+00:00,140.1,50,bid,FlawlessFlatbreads,EarnestEspressos,8009456
2026-07-05T07:04:46.512549,2026-07-05T07:04:46.522606+00:00,139.9,50,bid,FlawlessFlatbreads,DiligentDonuts,8009487
2026-07-05T07:04:47.342306,2026-07-05T07:04:47.358578+00:00,139.9,50,bid,EarnestEspressos,DiligentDonuts,8009504
2026-07-05T07:04:48.171388,2026-07-05T07:04:48.180678+00:00,140.4,40,bid,CostlyCorianders,EarnestEspressos,8009514
2026-07-05T07:04:48.702073,2026-07-05T07:04:48.713852+00:00,139.9,50,ask,EarnestEspressos,FlawlessFlatbreads,8009525
2026-07-05T07:04:49.720682,2026-07-05T07:04:49.728822+00:00,139.9,49,ask,EarnestEspressos,CostlyCorianders,8009530
2026-07-05T07:04:50.246747,2026-07-05T07:04:50.250701+00:00,139.9,1,ask,EarnestEspressos,CostlyCorianders,8009538
2026-07-05T07:04:50.758503,2026-07-05T07:04:50.769777+00:00,139.7,50,bid,FlawlessFlatbreads,EarnestEspressos,8009551
2026-07-05T07:04:52.460639,2026-07-05T07:04:52.472904+00:00,139.7,100,bid,DiligentDonuts,EarnestEspressos,8009566
2026-07-05T07:04:52.903395,2026-07-05T07:04:52.915135+00:00,140.2,50,bid,FlawlessFlatbreads,DiligentDonuts,8009572
2026-07-05T07:04:54.925384,2026-07-05T07:04:54.937763+00:00,140.2,41,bid,CostlyCorianders,DiligentDonuts,8009602
2026-07-05T07:04:55.010635,2026-07-05T07:04:55.019750+00:00,140.2,9,bid,FlawlessFlatbreads,DiligentDonuts,8009603
2026-07-05T07:04:55.010635,2026-07-05T07:04:55.019750+00:00,140.3,41,bid,FlawlessFlatbreads,EarnestEspressos,8009604
2026-07-05T07:04:57.059425,2026-07-05T07:04:57.070415+00:00,140.1,45,bid,CostlyCorianders,DiligentDonuts,8009637
2026-07-05T07:04:57.121442,2026-07-05T07:04:57.133325+00:00,140.1,50,bid,FlawlessFlatbreads,DiligentDonuts,8009639
2026-07-05T07:04:59.230893,2026-07-05T07:04:59.243176+00:00,140.4,50,bid,FlawlessFlatbreads,EarnestEspressos,8009668
2026-07-05T07:05:01.360855,2026-07-05T07:05:01.373358+00:00,140.6,50,bid,FlawlessFlatbreads,DiligentDonuts,8009699
2026-07-05T07:05:02.087192,2026-07-05T07:05:02.099600+00:00,140.3,40,ask,EarnestEspressos,CostlyCorianders,8009711
2026-07-05T07:05:03.471192,2026-07-05T07:05:03.479606+00:00,140.6,50,bid,FlawlessFlatbreads,EarnestEspressos,8009734
2026-07-05T07:05:04.336954,2026-07-05T07:05:04.348913+00:00,140.2,47,ask,DiligentDonuts,CostlyCorianders,8009739
2026-07-05T07:05:04.901256,2026-07-05T07:05:04.913266+00:00,140.6,49,bid,CostlyCorianders,EarnestEspressos,8009747
2026-07-05T07:05:05.607424,2026-07-05T07:05:05.619780+00:00,140.6,50,bid,FlawlessFlatbreads,EarnestEspressos,8009760
2026-07-05T07:05:06.332084,2026-07-05T07:05:06.343993+00:00,140.7,100,bid,EarnestEspressos,DiligentDonuts,8009768
2026-07-05T07:05:06.402308,2026-07-05T07:05:06.411600+00:00,140.8,40,ask,EarnestEspressos,Xuanyu Liu,8009770
2026-07-05T07:05:07.772484,2026-07-05T07:05:07.789603+00:00,140.2,50,ask,DiligentDonuts,FlawlessFlatbreads,8009797
2026-07-05T07:05:09.085570,2026-07-05T07:05:09.097545+00:00,140.3,42,ask,DiligentDonuts,CostlyCorianders,8009818
2026-07-05T07:05:09.892204,2026-07-05T07:05:09.905036+00:00,140.3,50,ask,DiligentDonuts,FlawlessFlatbreads,8009826
2026-07-05T07:05:11.565809,2026-07-05T07:05:11.576850+00:00,140.4,11,bid,Xuanyu Liu,DiligentDonuts,8009856
2026-07-05T07:05:11.950638,2026-07-05T07:05:11.963644+00:00,140.4,50,bid,FlawlessFlatbreads,DiligentDonuts,8009866
2026-07-05T07:05:12.652472,2026-07-05T07:05:12.664722+00:00,140.4,12,bid,Xuanyu Liu,DiligentDonuts,8009884
2026-07-05T07:05:14.062029,2026-07-05T07:05:14.074291+00:00,140.4,27,bid,FlawlessFlatbreads,DiligentDonuts,8009910
2026-07-05T07:05:14.062029,2026-07-05T07:05:14.074291+00:00,140.6,23,bid,FlawlessFlatbreads,EarnestEspressos,8009911
2026-07-05T07:05:16.113622,2026-07-05T07:05:16.125666+00:00,140.7,45,bid,CostlyCorianders,EarnestEspressos,8009940
2026-07-05T07:05:16.173166,2026-07-05T07:05:16.185308+00:00,140.7,50,bid,FlawlessFlatbreads,EarnestEspressos,8009941
2026-07-05T07:05:16.708955,2026-07-05T07:05:16.720888+00:00,140.7,40,bid,CostlyCorianders,EarnestEspressos,8009948
2026-07-05T07:05:17.716024,2026-07-05T07:05:17.726895+00:00,140.3,43,ask,DiligentDonuts,CostlyCorianders,8009968
2026-07-05T07:05:18.310678,2026-07-05T07:05:18.319981+00:00,140.6,50,bid,FlawlessFlatbreads,DiligentDonuts,8009975
2026-07-05T07:05:19.012334,2026-07-05T07:05:19.024390+00:00,140.6,50,bid,EarnestEspressos,DiligentDonuts,8009990
2026-07-05T07:05:19.081793,2026-07-05T07:05:19.092448+00:00,140.7,23,ask,EarnestEspressos,Xuanyu Liu,8009991
2026-07-05T07:05:19.214245,2026-07-05T07:05:19.224610+00:00,140.7,11,ask,EarnestEspressos,Xuanyu Liu,8009996
2026-07-05T07:05:19.819543,2026-07-05T07:05:19.831475+00:00,140.7,42,ask,EarnestEspressos,CostlyCorianders,8010004
2026-07-05T07:05:21.506616,2026-07-05T07:05:21.515969+00:00,140.7,24,ask,EarnestEspressos,CostlyCorianders,8010024
2026-07-05T07:05:21.506616,2026-07-05T07:05:21.515969+00:00,140.5,23,ask,DiligentDonuts,CostlyCorianders,8010025
2026-07-05T07:05:22.132379,2026-07-05T07:05:22.140047+00:00,141.0,44,bid,CostlyCorianders,DiligentDonuts,8010038
2026-07-05T07:05:22.405329,2026-07-05T07:05:22.416439+00:00,140.7,11,bid,Xuanyu Liu,EarnestEspressos,8010043
2026-07-05T07:05:22.537865,2026-07-05T07:05:22.546923+00:00,140.7,50,bid,FlawlessFlatbreads,EarnestEspressos,8010045
2026-07-05T07:05:23.118131,2026-07-05T07:05:23.126329+00:00,140.7,47,bid,CostlyCorianders,EarnestEspressos,8010048
2026-07-05T07:05:23.172763,2026-07-05T07:05:23.184670+00:00,140.5,49,ask,DiligentDonuts,CostlyCorianders,8010053
2026-07-05T07:05:23.715190,2026-07-05T07:05:23.727484+00:00,140.7,42,bid,CostlyCorianders,EarnestEspressos,8010065
2026-07-05T07:05:23.715190,2026-07-05T07:05:23.727484+00:00,141.0,3,bid,CostlyCorianders,DiligentDonuts,8010066
2026-07-05T07:05:24.314951,2026-07-05T07:05:24.326121+00:00,140.3,40,ask,DiligentDonuts,CostlyCorianders,8010078
2026-07-05T07:05:24.647094,2026-07-05T07:05:24.659127+00:00,140.8,50,bid,FlawlessFlatbreads,DiligentDonuts,8010083
2026-07-05T07:05:25.339089,2026-07-05T07:05:25.346192+00:00,140.8,50,bid,EarnestEspressos,DiligentDonuts,8010090
2026-07-05T07:05:25.498196,2026-07-05T07:05:25.508046+00:00,140.8,49,ask,EarnestEspressos,CostlyCorianders,8010093
2026-07-05T07:05:26.778947,2026-07-05T07:05:26.791324+00:00,141.3,50,bid,FlawlessFlatbreads,EarnestEspressos,8010108
2026-07-05T07:05:28.888243,2026-07-05T07:05:28.900142+00:00,141.3,50,bid,FlawlessFlatbreads,DiligentDonuts,8010137
2026-07-05T07:05:30.128233,2026-07-05T07:05:30.140419+00:00,141.3,46,bid,CostlyCorianders,DiligentDonuts,8010153
2026-07-05T07:05:30.464729,2026-07-05T07:05:30.475932+00:00,141.2,11,ask,DiligentDonuts,Xuanyu Liu,8010159
2026-07-05T07:05:31.028023,2026-07-05T07:05:31.039062+00:00,141.4,50,bid,FlawlessFlatbreads,EarnestEspressos,8010171
2026-07-05T07:05:31.706982,2026-07-05T07:05:31.719492+00:00,141.2,42,ask,DiligentDonuts,CostlyCorianders,8010179
2026-07-05T07:05:32.186513,2026-07-05T07:05:32.198664+00:00,141.2,44,ask,DiligentDonuts,CostlyCorianders,8010190
2026-07-05T07:05:33.155435,2026-07-05T07:05:33.165119+00:00,141.7,50,bid,FlawlessFlatbreads,DiligentDonuts,8010203
2026-07-05T07:05:33.670484,2026-07-05T07:05:33.679859+00:00,141.2,12,ask,EarnestEspressos,Xuanyu Liu,8010211
2026-07-05T07:05:35.341470,2026-07-05T07:05:35.353782+00:00,141.0,50,ask,DiligentDonuts,FlawlessFlatbreads,8010235
2026-07-05T07:05:37.456291,2026-07-05T07:05:37.469273+00:00,141.0,50,ask,EarnestEspressos,FlawlessFlatbreads,8010262
2026-07-05T07:05:38.923506,2026-07-05T07:05:38.939057+00:00,141.3,12,bid,Xuanyu Liu,DiligentDonuts,8010281
2026-07-05T07:05:39.512941,2026-07-05T07:05:39.524733+00:00,141.3,50,bid,FlawlessFlatbreads,DiligentDonuts,8010297
2026-07-05T07:05:39.786836,2026-07-05T07:05:39.795379+00:00,141.3,38,bid,CostlyCorianders,DiligentDonuts,8010301
2026-07-05T07:05:39.786836,2026-07-05T07:05:39.800380+00:00,141.5,3,bid,CostlyCorianders,EarnestEspressos,8010302
2026-07-05T07:05:40.253420,2026-07-05T07:05:40.264114+00:00,141.4,12,ask,DiligentDonuts,Xuanyu Liu,8010313
2026-07-05T07:05:40.287348,2026-07-05T07:05:40.299394+00:00,141.4,45,ask,DiligentDonuts,CostlyCorianders,8010315
2026-07-05T07:05:41.232517,2026-07-05T07:05:41.244826+00:00,141.4,43,ask,DiligentDonuts,EarnestEspressos,8010327
2026-07-05T07:05:41.437492,2026-07-05T07:05:41.458807+00:00,141.4,41,bid,CostlyCorianders,EarnestEspressos,8010330
2026-07-05T07:05:43.802469,2026-07-05T07:05:43.814328+00:00,140.9,50,ask,EarnestEspressos,FlawlessFlatbreads,8010370
2026-07-05T07:05:45.417442,2026-07-05T07:05:45.425277+00:00,141.3,41,bid,CostlyCorianders,DiligentDonuts,8010396
2026-07-05T07:05:47.988630,2026-07-05T07:05:47.997548+00:00,141.5,50,bid,FlawlessFlatbreads,DiligentDonuts,8010438
2026-07-05T07:05:50.095764,2026-07-05T07:05:50.108043+00:00,141.5,50,bid,FlawlessFlatbreads,EarnestEspressos,8010471
2026-07-05T07:05:50.873670,2026-07-05T07:05:50.881079+00:00,141.6,46,bid,CostlyCorianders,DiligentDonuts,8010475
2026-07-05T07:05:53.311705,2026-07-05T07:05:53.326131+00:00,141.4,45,ask,DiligentDonuts,CostlyCorianders,8010511
2026-07-05T07:05:54.415383,2026-07-05T07:05:54.425067+00:00,141.5,50,ask,EarnestEspressos,FlawlessFlatbreads,8010531
2026-07-05T07:05:54.786722,2026-07-05T07:05:54.795850+00:00,141.5,43,ask,EarnestEspressos,CostlyCorianders,8010540
2026-07-05T07:05:55.303430,2026-07-05T07:05:55.315254+00:00,141.8,47,bid,CostlyCorianders,DiligentDonuts,8010548
2026-07-05T07:05:56.343268,2026-07-05T07:05:56.358579+00:00,141.9,42,bid,CostlyCorianders,DiligentDonuts,8010572
2026-07-05T07:05:56.524625,2026-07-05T07:05:56.535562+00:00,141.5,50,ask,EarnestEspressos,FlawlessFlatbreads,8010577
2026-07-05T07:05:58.649158,2026-07-05T07:05:58.658561+00:00,141.4,50,ask,DiligentDonuts,FlawlessFlatbreads,8010611
2026-07-05T07:05:59.450965,2026-07-05T07:05:59.458605+00:00,141.5,49,ask,DiligentDonuts,CostlyCorianders,8010626
2026-07-05T07:05:59.972192,2026-07-05T07:05:59.982947+00:00,141.5,46,ask,DiligentDonuts,CostlyCorianders,8010635
2026-07-05T07:06:00.246152,2026-07-05T07:06:00.258590+00:00,141.5,5,ask,DiligentDonuts,EarnestEspressos,8010643
2026-07-05T07:06:00.704788,2026-07-05T07:06:00.713351+00:00,141.4,50,bid,FlawlessFlatbreads,EarnestEspressos,8010649
2026-07-05T07:06:01.187692,2026-07-05T07:06:01.199817+00:00,141.4,45,bid,CostlyCorianders,EarnestEspressos,8010656
2026-07-05T07:06:02.681272,2026-07-05T07:06:02.690033+00:00,141.2,42,ask,DiligentDonuts,CostlyCorianders,8010678
2026-07-05T07:06:02.885826,2026-07-05T07:06:02.895894+00:00,141.2,50,ask,DiligentDonuts,FlawlessFlatbreads,8010682
2026-07-05T07:06:04.943918,2026-07-05T07:06:04.955616+00:00,141.7,50,bid,FlawlessFlatbreads,DiligentDonuts,8010715
2026-07-05T07:06:06.052874,2026-07-05T07:06:06.063800+00:00,141.7,49,bid,CostlyCorianders,DiligentDonuts,8010726
2026-07-05T07:06:07.058395,2026-07-05T07:06:07.070095+00:00,141.7,50,bid,FlawlessFlatbreads,DiligentDonuts,8010752
2026-07-05T07:06:08.540216,2026-07-05T07:06:08.552040+00:00,141.2,40,ask,EarnestEspressos,CostlyCorianders,8010771
2026-07-05T07:06:11.369050,2026-07-05T07:06:11.380612+00:00,141.2,50,ask,DiligentDonuts,FlawlessFlatbreads,8010808
2026-07-05T07:06:15.611948,2026-07-05T07:06:15.625940+00:00,141.2,50,ask,DiligentDonuts,FlawlessFlatbreads,8010869
2026-07-05T07:06:17.719907,2026-07-05T07:06:17.728962+00:00,141.2,50,ask,DiligentDonuts,FlawlessFlatbreads,8010899
2026-07-05T07:06:18.376673,2026-07-05T07:06:18.386582+00:00,141.2,12,bid,Xuanyu Liu,DiligentDonuts,8010917
2026-07-05T07:06:18.732888,2026-07-05T07:06:18.744923+00:00,141.2,45,bid,CostlyCorianders,DiligentDonuts,8010922
2026-07-05T07:06:19.726263,2026-07-05T07:06:19.737923+00:00,141.0,45,ask,EarnestEspressos,CostlyCorianders,8010934
2026-07-05T07:06:19.776416,2026-07-05T07:06:19.788421+00:00,141.2,43,bid,FlawlessFlatbreads,DiligentDonuts,8010935
2026-07-05T07:06:19.776416,2026-07-05T07:06:19.788421+00:00,141.5,7,bid,FlawlessFlatbreads,EarnestEspressos,8010936
2026-07-05T07:06:21.750226,2026-07-05T07:06:21.762518+00:00,141.4,23,ask,DiligentDonuts,Xuanyu Liu,8010971
2026-07-05T07:06:21.791573,2026-07-05T07:06:21.803328+00:00,141.5,47,bid,CostlyCorianders,EarnestEspressos,8010973
2026-07-05T07:06:21.887072,2026-07-05T07:06:21.903044+00:00,141.5,50,bid,FlawlessFlatbreads,EarnestEspressos,8010977
2026-07-05T07:06:23.994242,2026-07-05T07:06:24.006921+00:00,141.6,50,bid,FlawlessFlatbreads,EarnestEspressos,8011003
2026-07-05T07:06:24.799436,2026-07-05T07:06:24.811466+00:00,141.1,43,ask,EarnestEspressos,CostlyCorianders,8011015
2026-07-05T07:06:25.837623,2026-07-05T07:06:25.849671+00:00,141.6,41,bid,CostlyCorianders,DiligentDonuts,8011034
2026-07-05T07:06:26.138384,2026-07-05T07:06:26.150180+00:00,141.6,50,bid,FlawlessFlatbreads,DiligentDonuts,8011038
2026-07-05T07:06:26.783801,2026-07-05T07:06:26.793310+00:00,141.3,43,ask,EarnestEspressos,CostlyCorianders,8011046
2026-07-05T07:06:28.245118,2026-07-05T07:06:28.248476+00:00,141.7,50,bid,FlawlessFlatbreads,DiligentDonuts,8011060
2026-07-05T07:06:30.377582,2026-07-05T07:06:30.389758+00:00,141.5,50,bid,FlawlessFlatbreads,EarnestEspressos,8011088
2026-07-05T07:06:30.442719,2026-07-05T07:06:30.463626+00:00,141.2,43,ask,DiligentDonuts,CostlyCorianders,8011089
2026-07-05T07:06:32.541930,2026-07-05T07:06:32.558619+00:00,141.1,50,ask,DiligentDonuts,FlawlessFlatbreads,8011110
2026-07-05T07:06:34.599368,2026-07-05T07:06:34.613716+00:00,141.4,50,bid,FlawlessFlatbreads,DiligentDonuts,8011137
2026-07-05T07:06:36.711093,2026-07-05T07:06:36.723250+00:00,141.4,50,bid,FlawlessFlatbreads,DiligentDonuts,8011169
2026-07-05T07:06:36.910718,2026-07-05T07:06:36.923109+00:00,141.5,44,bid,CostlyCorianders,EarnestEspressos,8011171
2026-07-05T07:06:37.994094,2026-07-05T07:06:38.005747+00:00,141.5,45,bid,CostlyCorianders,EarnestEspressos,8011186
2026-07-05T07:06:38.169446,2026-07-05T07:06:38.179905+00:00,141.4,23,ask,EarnestEspressos,Xuanyu Liu,8011188
2026-07-05T07:06:38.842667,2026-07-05T07:06:38.858575+00:00,141.6,50,bid,FlawlessFlatbreads,DiligentDonuts,8011200
2026-07-05T07:06:43.111003,2026-07-05T07:06:43.120158+00:00,141.3,50,ask,DiligentDonuts,FlawlessFlatbreads,8011256
2026-07-05T07:06:47.327696,2026-07-05T07:06:47.339164+00:00,141.4,50,ask,DiligentDonuts,FlawlessFlatbreads,8011303
2026-07-05T07:06:48.722386,2026-07-05T07:06:48.734630+00:00,141.4,43,ask,DiligentDonuts,CostlyCorianders,8011318
2026-07-05T07:06:49.353479,2026-07-05T07:06:49.355811+00:00,141.4,7,ask,DiligentDonuts,CostlyCorianders,8011329
2026-07-05T07:06:49.353479,2026-07-05T07:06:49.368935+00:00,141.3,35,ask,EarnestEspressos,CostlyCorianders,8011330
2026-07-05T07:06:49.434990,2026-07-05T07:06:49.443785+00:00,141.3,50,ask,EarnestEspressos,FlawlessFlatbreads,8011331
2026-07-05T07:06:49.682250,2026-07-05T07:06:49.694908+00:00,141.3,65,ask,EarnestEspressos,DiligentDonuts,8011334
2026-07-05T07:06:50.871784,2026-07-05T07:06:50.881335+00:00,141.2,11,bid,Xuanyu Liu,EarnestEspressos,8011352
2026-07-05T07:06:51.489730,2026-07-05T07:06:51.501645+00:00,141.2,50,bid,FlawlessFlatbreads,EarnestEspressos,8011366
2026-07-05T07:06:53.648961,2026-07-05T07:06:53.656070+00:00,141.0,50,ask,DiligentDonuts,FlawlessFlatbreads,8011402
2026-07-05T07:06:55.706902,2026-07-05T07:06:55.718506+00:00,141.5,50,bid,FlawlessFlatbreads,DiligentDonuts,8011437
2026-07-05T07:06:56.795993,2026-07-05T07:06:56.808111+00:00,141.4,43,bid,CostlyCorianders,DiligentDonuts,8011452
2026-07-05T07:06:57.931892,2026-07-05T07:06:57.944544+00:00,140.9,49,ask,DiligentDonuts,CostlyCorianders,8011473
2026-07-05T07:06:59.018907,2026-07-05T07:06:59.030945+00:00,141.3,48,bid,CostlyCorianders,EarnestEspressos,8011490
2026-07-05T07:06:59.536589,2026-07-05T07:06:59.548886+00:00,140.9,42,ask,DiligentDonuts,CostlyCorianders,8011504
2026-07-05T07:06:59.917868,2026-07-05T07:06:59.929966+00:00,141.3,50,bid,FlawlessFlatbreads,EarnestEspressos,8011510
2026-07-05T07:07:00.499460,2026-07-05T07:07:00.511117+00:00,141.4,46,bid,CostlyCorianders,DiligentDonuts,8011516
2026-07-05T07:07:02.027561,2026-07-05T07:07:02.039400+00:00,141.4,50,bid,FlawlessFlatbreads,DiligentDonuts,8011528
2026-07-05T07:07:02.140276,2026-07-05T07:07:02.150243+00:00,140.9,40,ask,DiligentDonuts,CostlyCorianders,8011530
2026-07-05T07:07:03.249297,2026-07-05T07:07:03.258560+00:00,141.4,44,bid,CostlyCorianders,EarnestEspressos,8011549
2026-07-05T07:07:03.518058,2026-07-05T07:07:03.530515+00:00,141.3,11,ask,EarnestEspressos,Xuanyu Liu,8011552
2026-07-05T07:07:05.698969,2026-07-05T07:07:05.711042+00:00,141.5,41,bid,CostlyCorianders,DiligentDonuts,8011579
2026-07-05T07:07:06.238157,2026-07-05T07:07:06.247475+00:00,141.5,50,bid,FlawlessFlatbreads,DiligentDonuts,8011584
2026-07-05T07:07:06.544245,2026-07-05T07:07:06.553776+00:00,141.3,3,ask,EarnestEspressos,Xuanyu Liu,8011589
2026-07-05T07:07:06.798837,2026-07-05T07:07:06.810020+00:00,141.1,47,ask,EarnestEspressos,CostlyCorianders,8011594
2026-07-05T07:07:08.345678,2026-07-05T07:07:08.353322+00:00,141.5,9,bid,FlawlessFlatbreads,DiligentDonuts,8011610
2026-07-05T07:07:08.345678,2026-07-05T07:07:08.358526+00:00,141.6,41,bid,FlawlessFlatbreads,EarnestEspressos,8011611
2026-07-05T07:07:09.325580,2026-07-05T07:07:09.336980+00:00,141.1,42,ask,EarnestEspressos,CostlyCorianders,8011624
2026-07-05T07:07:10.505853,2026-07-05T07:07:10.513895+00:00,141.1,50,ask,DiligentDonuts,FlawlessFlatbreads,8011643
2026-07-05T07:07:10.853455,2026-07-05T07:07:10.865428+00:00,141.1,46,ask,DiligentDonuts,CostlyCorianders,8011647
2026-07-05T07:07:12.612369,2026-07-05T07:07:12.624480+00:00,140.8,50,ask,EarnestEspressos,FlawlessFlatbreads,8011672
2026-07-05T07:07:14.149296,2026-07-05T07:07:14.155872+00:00,141.2,48,bid,CostlyCorianders,DiligentDonuts,8011700
2026-07-05T07:07:14.720513,2026-07-05T07:07:14.732288+00:00,140.8,50,ask,EarnestEspressos,FlawlessFlatbreads,8011711
2026-07-05T07:07:16.828417,2026-07-05T07:07:16.839171+00:00,140.6,50,ask,EarnestEspressos,FlawlessFlatbreads,8011739
2026-07-05T07:07:18.514993,2026-07-05T07:07:18.527272+00:00,141.1,48,bid,CostlyCorianders,EarnestEspressos,8011766
2026-07-05T07:07:18.935223,2026-07-05T07:07:18.947996+00:00,141.0,50,ask,DiligentDonuts,FlawlessFlatbreads,8011767
2026-07-05T07:07:19.382658,2026-07-05T07:07:19.402510+00:00,141.0,50,ask,DiligentDonuts,EarnestEspressos,8011775
2026-07-05T07:07:19.393372,2026-07-05T07:07:19.402510+00:00,140.9,3,bid,Xuanyu Liu,EarnestEspressos,8011776
2026-07-05T07:07:20.648335,2026-07-05T07:07:20.655172+00:00,140.9,48,bid,CostlyCorianders,EarnestEspressos,8011795
2026-07-05T07:07:20.703532,2026-07-05T07:07:20.716454+00:00,140.4,48,ask,EarnestEspressos,CostlyCorianders,8011798
2026-07-05T07:07:21.046875,2026-07-05T07:07:21.055196+00:00,140.4,50,ask,EarnestEspressos,FlawlessFlatbreads,8011807
2026-07-05T07:07:21.509460,2026-07-05T07:07:21.518619+00:00,140.9,23,bid,Xuanyu Liu,EarnestEspressos,8011815
2026-07-05T07:07:23.154118,2026-07-05T07:07:23.158041+00:00,140.8,50,ask,EarnestEspressos,FlawlessFlatbreads,8011843
2026-07-05T07:07:23.208331,2026-07-05T07:07:23.219425+00:00,140.8,44,ask,EarnestEspressos,CostlyCorianders,8011845
2026-07-05T07:07:25.283236,2026-07-05T07:07:25.295236+00:00,140.8,50,ask,EarnestEspressos,FlawlessFlatbreads,8011886
2026-07-05T07:07:25.713325,2026-07-05T07:07:25.731520+00:00,140.6,100,ask,DiligentDonuts,EarnestEspressos,8011895
2026-07-05T07:07:25.723045,2026-07-05T07:07:25.731520+00:00,140.6,23,bid,Xuanyu Liu,EarnestEspressos,8011896
2026-07-05T07:07:26.772770,2026-07-05T07:07:26.782032+00:00,140.6,11,bid,Xuanyu Liu,EarnestEspressos,8011908
2026-07-05T07:07:27.066639,2026-07-05T07:07:27.078669+00:00,140.6,16,bid,CostlyCorianders,EarnestEspressos,8011913
2026-07-05T07:07:27.066639,2026-07-05T07:07:27.078669+00:00,141.1,27,bid,CostlyCorianders,DiligentDonuts,8011914
2026-07-05T07:07:27.391292,2026-07-05T07:07:27.398874+00:00,140.1,50,ask,EarnestEspressos,FlawlessFlatbreads,8011918
2026-07-05T07:07:29.161189,2026-07-05T07:07:29.173357+00:00,141.0,42,bid,CostlyCorianders,DiligentDonuts,8011945
2026-07-05T07:07:29.522838,2026-07-05T07:07:29.534892+00:00,140.6,50,ask,EarnestEspressos,FlawlessFlatbreads,8011948
2026-07-05T07:07:30.198097,2026-07-05T07:07:30.208171+00:00,140.6,48,ask,EarnestEspressos,CostlyCorianders,8011961
2026-07-05T07:07:30.702956,2026-07-05T07:07:30.712911+00:00,140.6,11,ask,EarnestEspressos,Xuanyu Liu,8011969
2026-07-05T07:07:31.239897,2026-07-05T07:07:31.251168+00:00,141.1,47,bid,CostlyCorianders,EarnestEspressos,8011975
2026-07-05T07:07:31.633347,2026-07-05T07:07:31.645938+00:00,140.6,41,ask,EarnestEspressos,FlawlessFlatbreads,8011978
2026-07-05T07:07:31.633347,2026-07-05T07:07:31.645938+00:00,140.6,9,ask,DiligentDonuts,FlawlessFlatbreads,8011979
2026-07-05T07:07:32.047870,2026-07-05T07:07:32.069033+00:00,140.6,91,ask,DiligentDonuts,EarnestEspressos,8011985
2026-07-05T07:07:32.059537,2026-07-05T07:07:32.069033+00:00,140.4,22,bid,Xuanyu Liu,EarnestEspressos,8011986
2026-07-05T07:07:33.176215,2026-07-05T07:07:33.190402+00:00,140.4,12,bid,Xuanyu Liu,EarnestEspressos,8011999
2026-07-05T07:07:33.696728,2026-07-05T07:07:33.706389+00:00,140.4,25,bid,FlawlessFlatbreads,EarnestEspressos,8012009
2026-07-05T07:07:33.696728,2026-07-05T07:07:33.711389+00:00,141.1,25,bid,FlawlessFlatbreads,DiligentDonuts,8012010
2026-07-05T07:07:34.689190,2026-07-05T07:07:34.701100+00:00,140.8,48,bid,CostlyCorianders,DiligentDonuts,8012021
2026-07-05T07:07:35.171218,2026-07-05T07:07:35.180574+00:00,140.7,23,ask,EarnestEspressos,Xuanyu Liu,8012031
2026-07-05T07:07:35.805781,2026-07-05T07:07:35.818277+00:00,140.8,50,bid,FlawlessFlatbreads,DiligentDonuts,8012042
2026-07-05T07:07:37.938013,2026-07-05T07:07:37.945657+00:00,141.2,50,bid,FlawlessFlatbreads,EarnestEspressos,8012059
2026-07-05T07:07:38.334247,2026-07-05T07:07:38.342552+00:00,141.0,23,ask,EarnestEspressos,Xuanyu Liu,8012066
2026-07-05T07:07:40.045615,2026-07-05T07:07:40.058594+00:00,141.3,50,bid,FlawlessFlatbreads,DiligentDonuts,8012086
2026-07-05T07:07:42.153057,2026-07-05T07:07:42.155901+00:00,141.6,50,bid,FlawlessFlatbreads,DiligentDonuts,8012131
2026-07-05T07:07:43.394238,2026-07-05T07:07:43.403354+00:00,141.3,11,ask,DiligentDonuts,Xuanyu Liu,8012150
2026-07-05T07:07:43.404532,2026-07-05T07:07:43.413319+00:00,141.3,12,ask,DiligentDonuts,Xuanyu Liu,8012152
2026-07-05T07:07:46.430729,2026-07-05T07:07:46.441018+00:00,141.3,42,ask,DiligentDonuts,CostlyCorianders,8012207
2026-07-05T07:07:46.452617,2026-07-05T07:07:46.464112+00:00,141.3,11,ask,DiligentDonuts,Xuanyu Liu,8012209
2026-07-05T07:07:48.487923,2026-07-05T07:07:48.495412+00:00,141.2,50,bid,FlawlessFlatbreads,EarnestEspressos,8012225
2026-07-05T07:07:50.596221,2026-07-05T07:07:50.608762+00:00,141.2,50,bid,FlawlessFlatbreads,EarnestEspressos,8012254
2026-07-05T07:07:50.993735,2026-07-05T07:07:51.005594+00:00,141.3,100,bid,EarnestEspressos,DiligentDonuts,8012256
2026-07-05T07:07:52.711183,2026-07-05T07:07:52.722882+00:00,141.8,50,bid,FlawlessFlatbreads,EarnestEspressos,8012277
2026-07-05T07:07:56.736259,2026-07-05T07:07:56.748066+00:00,141.4,48,ask,DiligentDonuts,CostlyCorianders,8012330
2026-07-05T07:07:57.004581,2026-07-05T07:07:57.016463+00:00,141.4,50,ask,DiligentDonuts,FlawlessFlatbreads,8012333
2026-07-05T07:07:58.421969,2026-07-05T07:07:58.434262+00:00,141.4,2,ask,DiligentDonuts,CostlyCorianders,8012355
2026-07-05T07:07:58.421969,2026-07-05T07:07:58.434262+00:00,141.1,39,ask,EarnestEspressos,CostlyCorianders,8012356
2026-07-05T07:07:59.980430,2026-07-05T07:07:59.992423+00:00,141.5,44,bid,CostlyCorianders,DiligentDonuts,8012370
2026-07-05T07:08:00.635316,2026-07-05T07:08:00.647436+00:00,141.0,47,ask,DiligentDonuts,CostlyCorianders,8012384
2026-07-05T07:08:01.209986,2026-07-05T07:08:01.221965+00:00,141.5,50,bid,FlawlessFlatbreads,DiligentDonuts,8012389
2026-07-05T07:08:03.371003,2026-07-05T07:08:03.380420+00:00,141.0,50,ask,EarnestEspressos,FlawlessFlatbreads,8012425
2026-07-05T07:08:04.835701,2026-07-05T07:08:04.847197+00:00,141.2,11,bid,Xuanyu Liu,EarnestEspressos,8012450
2026-07-05T07:08:05.426186,2026-07-05T07:08:05.437967+00:00,141.2,50,bid,FlawlessFlatbreads,EarnestEspressos,8012461
2026-07-05T07:08:05.522340,2026-07-05T07:08:05.534657+00:00,141.2,40,bid,CostlyCorianders,EarnestEspressos,8012464
2026-07-05T07:08:07.210757,2026-07-05T07:08:07.223700+00:00,141.1,44,ask,DiligentDonuts,CostlyCorianders,8012481
2026-07-05T07:08:09.721815,2026-07-05T07:08:09.732458+00:00,141.0,50,ask,EarnestEspressos,FlawlessFlatbreads,8012531
2026-07-05T07:08:09.839297,2026-07-05T07:08:09.846904+00:00,141.5,43,bid,CostlyCorianders,EarnestEspressos,8012536
2026-07-05T07:08:11.853267,2026-07-05T07:08:11.866910+00:00,140.9,50,ask,EarnestEspressos,FlawlessFlatbreads,8012569
2026-07-05T07:08:11.939523,2026-07-05T07:08:11.947212+00:00,141.0,45,ask,DiligentDonuts,CostlyCorianders,8012574
2026-07-05T07:08:16.548958,2026-07-05T07:08:16.555761+00:00,141.1,49,bid,CostlyCorianders,DiligentDonuts,8012641
2026-07-05T07:08:17.779539,2026-07-05T07:08:17.791680+00:00,141.1,40,bid,CostlyCorianders,DiligentDonuts,8012662
2026-07-05T07:08:17.988703,2026-07-05T07:08:17.997857+00:00,141.1,11,bid,Xuanyu Liu,DiligentDonuts,8012665
2026-07-05T07:08:17.998871,2026-07-05T07:08:18.007687+00:00,141.2,1,bid,Xuanyu Liu,EarnestEspressos,8012667
2026-07-05T07:08:18.353715,2026-07-05T07:08:18.363620+00:00,141.2,48,bid,CostlyCorianders,EarnestEspressos,8012669
2026-07-05T07:08:18.516002,2026-07-05T07:08:18.529968+00:00,141.1,12,ask,DiligentDonuts,Xuanyu Liu,8012674
2026-07-05T07:08:18.992550,2026-07-05T07:08:19.000132+00:00,141.1,48,ask,DiligentDonuts,CostlyCorianders,8012687
2026-07-05T07:08:22.341947,2026-07-05T07:08:22.353832+00:00,141.2,50,bid,FlawlessFlatbreads,DiligentDonuts,8012733
2026-07-05T07:08:24.050661,2026-07-05T07:08:24.061818+00:00,141.1,11,ask,EarnestEspressos,Xuanyu Liu,8012757
2026-07-05T07:08:24.450795,2026-07-05T07:08:24.463864+00:00,141.2,50,bid,FlawlessFlatbreads,DiligentDonuts,8012764
2026-07-05T07:08:26.095575,2026-07-05T07:08:26.103155+00:00,140.8,41,ask,DiligentDonuts,CostlyCorianders,8012790
2026-07-05T07:08:26.558920,2026-07-05T07:08:26.570910+00:00,141.3,50,bid,FlawlessFlatbreads,DiligentDonuts,8012795
2026-07-05T07:08:26.626889,2026-07-05T07:08:26.638462+00:00,141.3,40,bid,CostlyCorianders,DiligentDonuts,8012797
2026-07-05T07:08:26.680413,2026-07-05T07:08:26.692150+00:00,140.8,48,ask,DiligentDonuts,CostlyCorianders,8012798
2026-07-05T07:08:28.665738,2026-07-05T07:08:28.678080+00:00,141.2,50,bid,FlawlessFlatbreads,DiligentDonuts,8012829
2026-07-05T07:08:30.774792,2026-07-05T07:08:30.786823+00:00,141.2,50,bid,FlawlessFlatbreads,DiligentDonuts,8012863
2026-07-05T07:08:31.748030,2026-07-05T07:08:31.760060+00:00,140.9,43,ask,DiligentDonuts,CostlyCorianders,8012890
2026-07-05T07:08:32.883435,2026-07-05T07:08:32.895611+00:00,141.3,50,bid,FlawlessFlatbreads,EarnestEspressos,8012911
2026-07-05T07:08:34.991767,2026-07-05T07:08:35.003635+00:00,141.3,50,bid,FlawlessFlatbreads,EarnestEspressos,8012958
2026-07-05T07:08:38.109334,2026-07-05T07:08:38.121134+00:00,141.3,41,bid,CostlyCorianders,DiligentDonuts,8012998
2026-07-05T07:08:38.490659,2026-07-05T07:08:38.500205+00:00,141.0,3,ask,EarnestEspressos,Xuanyu Liu,8013007
2026-07-05T07:08:39.256263,2026-07-05T07:08:39.270122+00:00,141.0,50,ask,EarnestEspressos,FlawlessFlatbreads,8013016
2026-07-05T07:08:41.366020,2026-07-05T07:08:41.375963+00:00,141.0,50,ask,EarnestEspressos,FlawlessFlatbreads,8013048
2026-07-05T07:08:41.700440,2026-07-05T07:08:41.708634+00:00,141.0,100,ask,DiligentDonuts,EarnestEspressos,8013052
2026-07-05T07:08:42.333618,2026-07-05T07:08:42.345669+00:00,141.0,48,bid,CostlyCorianders,EarnestEspressos,8013063
2026-07-05T07:08:42.840214,2026-07-05T07:08:42.852583+00:00,140.5,44,ask,EarnestEspressos,CostlyCorianders,8013070
2026-07-05T07:08:43.421977,2026-07-05T07:08:43.434072+00:00,141.0,2,bid,FlawlessFlatbreads,EarnestEspressos,8013081
2026-07-05T07:08:45.532160,2026-07-05T07:08:45.543070+00:00,141.0,50,bid,FlawlessFlatbreads,DiligentDonuts,8013108
2026-07-05T07:08:46.888221,2026-07-05T07:08:46.897672+00:00,140.9,48,ask,EarnestEspressos,CostlyCorianders,8013122
2026-07-05T07:08:47.640295,2026-07-05T07:08:47.647045+00:00,141.2,50,bid,FlawlessFlatbreads,DiligentDonuts,8013135
2026-07-05T07:08:49.004687,2026-07-05T07:08:49.016885+00:00,141.2,48,bid,CostlyCorianders,DiligentDonuts,8013153
2026-07-05T07:08:49.745845,2026-07-05T07:08:49.758091+00:00,141.2,2,bid,FlawlessFlatbreads,DiligentDonuts,8013165
2026-07-05T07:08:50.190863,2026-07-05T07:08:50.202979+00:00,140.8,45,ask,EarnestEspressos,CostlyCorianders,8013168
2026-07-05T07:08:51.205862,2026-07-05T07:08:51.216813+00:00,140.8,100,ask,DiligentDonuts,EarnestEspressos,8013186
2026-07-05T07:08:51.854951,2026-07-05T07:08:51.867348+00:00,140.8,50,bid,FlawlessFlatbreads,EarnestEspressos,8013197
2026-07-05T07:08:56.065219,2026-07-05T07:08:56.075856+00:00,140.9,50,bid,FlawlessFlatbreads,DiligentDonuts,8013245
2026-07-05T07:08:56.112820,2026-07-05T07:08:56.125267+00:00,140.8,40,ask,EarnestEspressos,CostlyCorianders,8013246
2026-07-05T07:08:58.223456,2026-07-05T07:08:58.235249+00:00,140.8,50,ask,EarnestEspressos,FlawlessFlatbreads,8013257
2026-07-05T07:09:00.304552,2026-07-05T07:09:00.311920+00:00,141.0,50,bid,FlawlessFlatbreads,DiligentDonuts,8013284
2026-07-05T07:09:02.412625,2026-07-05T07:09:02.424799+00:00,141.0,50,bid,FlawlessFlatbreads,DiligentDonuts,8013320
2026-07-05T07:09:02.542877,2026-07-05T07:09:02.552287+00:00,140.9,3,ask,DiligentDonuts,Xuanyu Liu,8013321
2026-07-05T07:09:02.955769,2026-07-05T07:09:02.958561+00:00,141.0,43,bid,CostlyCorianders,EarnestEspressos,8013327
2026-07-05T07:09:04.528889,2026-07-05T07:09:04.545592+00:00,141.2,50,bid,FlawlessFlatbreads,EarnestEspressos,8013355
2026-07-05T07:09:06.688518,2026-07-05T07:09:06.698951+00:00,140.8,50,ask,DiligentDonuts,FlawlessFlatbreads,8013382
2026-07-05T07:09:08.406384,2026-07-05T07:09:08.418504+00:00,141.3,45,bid,CostlyCorianders,DiligentDonuts,8013406
2026-07-05T07:09:08.821911,2026-07-05T07:09:08.829289+00:00,141.0,50,ask,EarnestEspressos,FlawlessFlatbreads,8013410
2026-07-05T07:09:09.020115,2026-07-05T07:09:09.032268+00:00,141.0,44,ask,EarnestEspressos,CostlyCorianders,8013416
2026-07-05T07:09:09.597854,2026-07-05T07:09:09.605270+00:00,141.0,40,ask,EarnestEspressos,CostlyCorianders,8013421
2026-07-05T07:09:10.240287,2026-07-05T07:09:10.252468+00:00,141.1,48,bid,CostlyCorianders,EarnestEspressos,8013429
2026-07-05T07:09:10.927961,2026-07-05T07:09:10.939915+00:00,140.9,50,ask,DiligentDonuts,FlawlessFlatbreads,8013437
2026-07-05T07:09:12.376162,2026-07-05T07:09:12.387686+00:00,141.1,42,bid,CostlyCorianders,EarnestEspressos,8013453
2026-07-05T07:09:15.562287,2026-07-05T07:09:15.576283+00:00,141.0,42,ask,EarnestEspressos,CostlyCorianders,8013491
2026-07-05T07:09:16.056278,2026-07-05T07:09:16.058576+00:00,141.4,43,bid,CostlyCorianders,DiligentDonuts,8013501
2026-07-05T07:09:18.870644,2026-07-05T07:09:18.882920+00:00,140.9,48,ask,EarnestEspressos,CostlyCorianders,8013533
2026-07-05T07:09:19.688241,2026-07-05T07:09:19.700533+00:00,140.9,100,ask,DiligentDonuts,EarnestEspressos,8013545
2026-07-05T07:09:19.708617,2026-07-05T07:09:19.722194+00:00,140.8,3,bid,Xuanyu Liu,EarnestEspressos,8013546
2026-07-05T07:09:21.485802,2026-07-05T07:09:21.500297+00:00,140.3,50,ask,EarnestEspressos,FlawlessFlatbreads,8013570
2026-07-05T07:09:22.263528,2026-07-05T07:09:22.271872+00:00,140.7,40,ask,DiligentDonuts,CostlyCorianders,8013586
2026-07-05T07:09:23.280764,2026-07-05T07:09:23.288789+00:00,141.0,43,bid,CostlyCorianders,EarnestEspressos,8013597
2026-07-05T07:09:23.594101,2026-07-05T07:09:23.606036+00:00,140.7,50,ask,DiligentDonuts,FlawlessFlatbreads,8013604
2026-07-05T07:09:23.778597,2026-07-05T07:09:23.791095+00:00,141.0,42,bid,CostlyCorianders,EarnestEspressos,8013606
2026-07-05T07:09:24.365634,2026-07-05T07:09:24.378429+00:00,141.0,44,bid,CostlyCorianders,EarnestEspressos,8013610
2026-07-05T07:09:25.701638,2026-07-05T07:09:25.713794+00:00,140.5,50,ask,EarnestEspressos,FlawlessFlatbreads,8013632
2026-07-05T07:09:25.974165,2026-07-05T07:09:25.981422+00:00,140.9,100,bid,EarnestEspressos,DiligentDonuts,8013633
2026-07-05T07:09:26.502245,2026-07-05T07:09:26.508898+00:00,140.9,45,ask,EarnestEspressos,CostlyCorianders,8013638
2026-07-05T07:09:27.487964,2026-07-05T07:09:27.496907+00:00,140.9,3,ask,EarnestEspressos,Xuanyu Liu,8013664
2026-07-05T07:09:27.557226,2026-07-05T07:09:27.568745+00:00,140.9,2,ask,EarnestEspressos,CostlyCorianders,8013666
2026-07-05T07:09:27.557226,2026-07-05T07:09:27.568745+00:00,140.4,38,ask,DiligentDonuts,CostlyCorianders,8013667
2026-07-05T07:09:27.810515,2026-07-05T07:09:27.822515+00:00,140.4,50,ask,DiligentDonuts,FlawlessFlatbreads,8013668
2026-07-05T07:09:29.204420,2026-07-05T07:09:29.215786+00:00,140.6,3,bid,Xuanyu Liu,EarnestEspressos,8013696
2026-07-05T07:09:29.932195,2026-07-05T07:09:29.944214+00:00,140.2,50,ask,DiligentDonuts,FlawlessFlatbreads,8013715
2026-07-05T07:09:32.039971,2026-07-05T07:09:32.048576+00:00,140.2,50,ask,DiligentDonuts,FlawlessFlatbreads,8013748
2026-07-05T07:09:32.726921,2026-07-05T07:09:32.736506+00:00,140.4,3,bid,Xuanyu Liu,EarnestEspressos,8013752
2026-07-05T07:09:34.147422,2026-07-05T07:09:34.158582+00:00,139.9,50,ask,EarnestEspressos,FlawlessFlatbreads,8013775
2026-07-05T07:09:35.124926,2026-07-05T07:09:35.132421+00:00,140.4,41,bid,CostlyCorianders,EarnestEspressos,8013787
2026-07-05T07:09:36.257909,2026-07-05T07:09:36.269979+00:00,140.1,50,ask,EarnestEspressos,FlawlessFlatbreads,8013809
2026-07-05T07:09:37.525669,2026-07-05T07:09:37.533206+00:00,140.1,49,ask,EarnestEspressos,CostlyCorianders,8013829
2026-07-05T07:09:37.985214,2026-07-05T07:09:37.999952+00:00,140.4,11,bid,Xuanyu Liu,DiligentDonuts,8013839
2026-07-05T07:09:38.691823,2026-07-05T07:09:38.700906+00:00,140.3,12,bid,Xuanyu Liu,EarnestEspressos,8013850
2026-07-05T07:09:40.029048,2026-07-05T07:09:40.041104+00:00,140.3,45,bid,CostlyCorianders,EarnestEspressos,8013866
2026-07-05T07:09:40.418235,2026-07-05T07:09:40.430393+00:00,140.3,50,bid,FlawlessFlatbreads,EarnestEspressos,8013872
2026-07-05T07:09:40.597265,2026-07-05T07:09:40.605224+00:00,140.3,43,bid,CostlyCorianders,EarnestEspressos,8013879
2026-07-05T07:09:42.525211,2026-07-05T07:09:42.537033+00:00,140.5,50,bid,FlawlessFlatbreads,DiligentDonuts,8013901
2026-07-05T07:09:44.642266,2026-07-05T07:09:44.658605+00:00,140.6,50,bid,FlawlessFlatbreads,DiligentDonuts,8013934
2026-07-05T07:09:47.182587,2026-07-05T07:09:47.193132+00:00,140.4,12,ask,DiligentDonuts,Xuanyu Liu,8013975
2026-07-05T07:09:47.521901,2026-07-05T07:09:47.534166+00:00,140.4,46,ask,DiligentDonuts,CostlyCorianders,8013979
2026-07-05T07:09:48.628254,2026-07-05T07:09:48.640628+00:00,140.7,47,bid,CostlyCorianders,EarnestEspressos,8013998
2026-07-05T07:09:48.856595,2026-07-05T07:09:48.868646+00:00,140.7,50,bid,FlawlessFlatbreads,EarnestEspressos,8013999
2026-07-05T07:09:50.964650,2026-07-05T07:09:50.977334+00:00,140.6,50,bid,FlawlessFlatbreads,DiligentDonuts,8014032
2026-07-05T07:09:51.282956,2026-07-05T07:09:51.291399+00:00,140.5,14,ask,EarnestEspressos,Xuanyu Liu,8014037
2026-07-05T07:09:53.074045,2026-07-05T07:09:53.085970+00:00,140.6,50,bid,FlawlessFlatbreads,DiligentDonuts,8014057
2026-07-05T07:09:55.181253,2026-07-05T07:09:55.193666+00:00,140.8,50,bid,FlawlessFlatbreads,DiligentDonuts,8014091
2026-07-05T07:09:55.644315,2026-07-05T07:09:55.656155+00:00,140.6,40,ask,EarnestEspressos,CostlyCorianders,8014096
2026-07-05T07:09:56.665767,2026-07-05T07:09:56.677974+00:00,140.6,49,ask,EarnestEspressos,CostlyCorianders,8014111
2026-07-05T07:09:57.290502,2026-07-05T07:09:57.302262+00:00,141.0,50,bid,FlawlessFlatbreads,DiligentDonuts,8014120
2026-07-05T07:09:58.472183,2026-07-05T07:09:58.481198+00:00,140.6,41,bid,CostlyCorianders,EarnestEspressos,8014131
2026-07-05T07:09:59.397086,2026-07-05T07:09:59.404629+00:00,140.6,50,bid,FlawlessFlatbreads,EarnestEspressos,8014145
2026-07-05T07:09:59.558364,2026-07-05T07:09:59.570553+00:00,140.6,59,bid,DiligentDonuts,EarnestEspressos,8014147
2026-07-05T07:10:01.502956,2026-07-05T07:10:01.509984+00:00,141.1,50,bid,FlawlessFlatbreads,DiligentDonuts,8014177
2026-07-05T07:10:05.768373,2026-07-05T07:10:05.780050+00:00,140.6,50,ask,EarnestEspressos,FlawlessFlatbreads,8014232
2026-07-05T07:10:07.595855,2026-07-05T07:10:07.608369+00:00,140.4,44,ask,DiligentDonuts,CostlyCorianders,8014256
2026-07-05T07:10:07.876815,2026-07-05T07:10:07.889102+00:00,140.4,50,ask,DiligentDonuts,FlawlessFlatbreads,8014259
2026-07-05T07:10:08.511459,2026-07-05T07:10:08.523342+00:00,140.9,43,bid,CostlyCorianders,DiligentDonuts,8014268
2026-07-05T07:10:09.990310,2026-07-05T07:10:10.002272+00:00,140.4,50,ask,EarnestEspressos,FlawlessFlatbreads,8014292
2026-07-05T07:10:11.207492,2026-07-05T07:10:11.219449+00:00,140.4,40,ask,DiligentDonuts,CostlyCorianders,8014305
2026-07-05T07:10:13.349335,2026-07-05T07:10:13.356381+00:00,140.8,44,bid,CostlyCorianders,DiligentDonuts,8014343
2026-07-05T07:10:14.150018,2026-07-05T07:10:14.158593+00:00,140.8,50,bid,FlawlessFlatbreads,DiligentDonuts,8014349
2026-07-05T07:10:17.482277,2026-07-05T07:10:17.494387+00:00,140.5,47,ask,DiligentDonuts,CostlyCorianders,8014397
2026-07-05T07:10:18.362470,2026-07-05T07:10:18.374871+00:00,140.6,50,bid,FlawlessFlatbreads,EarnestEspressos,8014410
2026-07-05T07:10:18.555994,2026-07-05T07:10:18.554221+00:00,140.6,100,bid,DiligentDonuts,EarnestEspressos,8014417
2026-07-05T07:10:19.528373,2026-07-05T07:10:19.536159+00:00,141.1,47,bid,CostlyCorianders,DiligentDonuts,8014428
2026-07-05T07:10:19.789415,2026-07-05T07:10:19.798714+00:00,140.8,14,ask,EarnestEspressos,Xuanyu Liu,8014436
2026-07-05T07:10:20.127022,2026-07-05T07:10:20.139098+00:00,140.8,41,ask,EarnestEspressos,CostlyCorianders,8014443
2026-07-05T07:10:21.300116,2026-07-05T07:10:21.311788+00:00,140.8,4,ask,EarnestEspressos,Aaron Tian,8014467
2026-07-05T07:10:21.783162,2026-07-05T07:10:21.794491+00:00,140.8,91,ask,EarnestEspressos,DiligentDonuts,8014474
2026-07-05T07:10:22.316504,2026-07-05T07:10:22.328478+00:00,140.7,9,bid,CostlyCorianders,DiligentDonuts,8014484
2026-07-05T07:10:22.599490,2026-07-05T07:10:22.607211+00:00,141.3,50,bid,FlawlessFlatbreads,EarnestEspressos,8014497
2026-07-05T07:10:24.824158,2026-07-05T07:10:24.836301+00:00,140.8,40,ask,EarnestEspressos,CostlyCorianders,8014529
2026-07-05T07:10:25.283563,2026-07-05T07:10:25.295711+00:00,141.2,43,bid,CostlyCorianders,DiligentDonuts,8014542
2026-07-05T07:10:26.327318,2026-07-05T07:10:26.336396+00:00,141.0,49,bid,CostlyCorianders,EarnestEspressos,8014557
2026-07-05T07:10:26.825061,2026-07-05T07:10:26.836744+00:00,141.0,50,bid,FlawlessFlatbreads,EarnestEspressos,8014565
2026-07-05T07:10:28.468028,2026-07-05T07:10:28.479781+00:00,140.6,41,ask,DiligentDonuts,CostlyCorianders,8014588
2026-07-05T07:10:31.122514,2026-07-05T07:10:31.134616+00:00,140.6,50,ask,DiligentDonuts,FlawlessFlatbreads,8014637
2026-07-05T07:10:34.607874,2026-07-05T07:10:34.625286+00:00,141.0,25,ask,EarnestEspressos,Harold Schneider,8014690
2026-07-05T07:10:34.829087,2026-07-05T07:10:34.840049+00:00,141.0,12,ask,EarnestEspressos,Xuanyu Liu,8014702
2026-07-05T07:10:35.291640,2026-07-05T07:10:35.304096+00:00,141.2,50,bid,EarnestEspressos,DiligentDonuts,8014709
2026-07-05T07:10:35.637861,2026-07-05T07:10:35.649859+00:00,141.2,50,bid,FlawlessFlatbreads,DiligentDonuts,8014717
2026-07-05T07:10:37.071772,2026-07-05T07:10:37.081761+00:00,141.2,45,ask,EarnestEspressos,CostlyCorianders,8014748
2026-07-05T07:10:37.432597,2026-07-05T07:10:37.439420+00:00,141.7,50,bid,FlawlessFlatbreads,EarnestEspressos,8014755
2026-07-05T07:10:39.633830,2026-07-05T07:10:39.644503+00:00,141.2,25,ask,DiligentDonuts,Harold Schneider,8014788
2026-07-05T07:10:41.710035,2026-07-05T07:10:41.722297+00:00,141.2,50,ask,DiligentDonuts,FlawlessFlatbreads,8014813
2026-07-05T07:10:43.847864,2026-07-05T07:10:43.858553+00:00,141.2,50,ask,DiligentDonuts,FlawlessFlatbreads,8014841
2026-07-05T07:10:46.660011,2026-07-05T07:10:46.671999+00:00,141.4,47,bid,CostlyCorianders,DiligentDonuts,8014881
2026-07-05T07:10:47.272569,2026-07-05T07:10:47.284847+00:00,141.4,46,bid,CostlyCorianders,EarnestEspressos,8014890
2026-07-05T07:10:47.328916,2026-07-05T07:10:47.340885+00:00,141.1,47,ask,DiligentDonuts,CostlyCorianders,8014892
2026-07-05T07:10:48.007260,2026-07-05T07:10:48.016203+00:00,141.4,50,bid,FlawlessFlatbreads,EarnestEspressos,8014907
2026-07-05T07:10:48.134953,2026-07-05T07:10:48.147508+00:00,141.4,23,bid,Xuanyu Liu,EarnestEspressos,8014908
2026-07-05T07:10:48.318959,2026-07-05T07:10:48.330766+00:00,141.6,100,bid,EarnestEspressos,DiligentDonuts,8014913
2026-07-05T07:10:48.385500,2026-07-05T07:10:48.394736+00:00,141.6,11,ask,EarnestEspressos,Xuanyu Liu,8014914
2026-07-05T07:10:48.783645,2026-07-05T07:10:48.793447+00:00,141.6,39,ask,EarnestEspressos,CostlyCorianders,8014920
2026-07-05T07:10:48.783645,2026-07-05T07:10:48.798613+00:00,141.1,7,ask,DiligentDonuts,CostlyCorianders,8014921
2026-07-05T07:10:50.168150,2026-07-05T07:10:50.180046+00:00,141.1,46,ask,DiligentDonuts,FlawlessFlatbreads,8014936
2026-07-05T07:10:50.983095,2026-07-05T07:10:50.994834+00:00,141.8,42,bid,CostlyCorianders,DiligentDonuts,8014949
2026-07-05T07:10:52.280248,2026-07-05T07:10:52.291788+00:00,141.3,50,ask,DiligentDonuts,FlawlessFlatbreads,8014978
2026-07-05T07:10:54.388222,2026-07-05T07:10:54.399242+00:00,141.1,50,ask,DiligentDonuts,FlawlessFlatbreads,8015009
2026-07-05T07:10:54.940397,2026-07-05T07:10:54.952090+00:00,141.4,40,bid,CostlyCorianders,EarnestEspressos,8015012
2026-07-05T07:10:56.009336,2026-07-05T07:10:56.022069+00:00,141.1,47,ask,DiligentDonuts,CostlyCorianders,8015034
2026-07-05T07:10:56.495539,2026-07-05T07:10:56.504718+00:00,141.1,3,ask,DiligentDonuts,FlawlessFlatbreads,8015043
2026-07-05T07:10:56.929595,2026-07-05T07:10:56.941417+00:00,140.9,44,ask,EarnestEspressos,CostlyCorianders,8015050
2026-07-05T07:10:58.550781,2026-07-05T07:10:58.558586+00:00,141.1,50,bid,FlawlessFlatbreads,EarnestEspressos,8015076
2026-07-05T07:10:58.973178,2026-07-05T07:10:58.982549+00:00,141.1,11,bid,Xuanyu Liu,EarnestEspressos,8015079
2026-07-05T07:10:59.584841,2026-07-05T07:10:59.597311+00:00,141.1,3,bid,Xuanyu Liu,EarnestEspressos,8015089
2026-07-05T07:11:00.708833,2026-07-05T07:11:00.718260+00:00,140.7,50,ask,DiligentDonuts,FlawlessFlatbreads,8015110
2026-07-05T07:11:02.815018,2026-07-05T07:11:02.826788+00:00,141.1,50,ask,EarnestEspressos,FlawlessFlatbreads,8015144
2026-07-05T07:11:04.925467,2026-07-05T07:11:04.934970+00:00,140.9,50,ask,EarnestEspressos,FlawlessFlatbreads,8015177
2026-07-05T07:11:05.095547,2026-07-05T07:11:05.104357+00:00,141.3,47,bid,CostlyCorianders,DiligentDonuts,8015182
2026-07-05T07:11:08.269453,2026-07-05T07:11:08.281349+00:00,141.2,45,bid,CostlyCorianders,DiligentDonuts,8015217
2026-07-05T07:11:09.143225,2026-07-05T07:11:09.150759+00:00,140.9,50,ask,EarnestEspressos,FlawlessFlatbreads,8015230
2026-07-05T07:11:09.193359,2026-07-05T07:11:09.205238+00:00,141.4,40,bid,CostlyCorianders,EarnestEspressos,8015231
2026-07-05T07:11:09.714755,2026-07-05T07:11:09.725927+00:00,141.4,25,bid,Harold Schneider,EarnestEspressos,8015237
2026-07-05T07:11:09.817031,2026-07-05T07:11:09.825544+00:00,141.2,48,ask,DiligentDonuts,CostlyCorianders,8015240
2026-07-05T07:11:11.250026,2026-07-05T07:11:11.258564+00:00,141.2,50,ask,DiligentDonuts,FlawlessFlatbreads,8015261
2026-07-05T07:11:11.422419,2026-07-05T07:11:11.433324+00:00,141.2,2,ask,DiligentDonuts,CostlyCorianders,8015269
2026-07-05T07:11:11.422419,2026-07-05T07:11:11.433324+00:00,141.1,46,ask,EarnestEspressos,CostlyCorianders,8015270
2026-07-05T07:11:13.356139,2026-07-05T07:11:13.368306+00:00,141.1,50,ask,EarnestEspressos,FlawlessFlatbreads,8015298
2026-07-05T07:11:13.728781,2026-07-05T07:11:13.738590+00:00,141.2,3,bid,Xuanyu Liu,EarnestEspressos,8015302
2026-07-05T07:11:13.898653,2026-07-05T07:11:13.910592+00:00,141.2,4,bid,Aaron Tian,EarnestEspressos,8015308
2026-07-05T07:11:14.130558,2026-07-05T07:11:14.139786+00:00,141.2,11,bid,Xuanyu Liu,EarnestEspressos,8015310
2026-07-05T07:11:14.756079,2026-07-05T07:11:14.758591+00:00,141.2,25,bid,Harold Schneider,EarnestEspressos,8015321
2026-07-05T07:11:15.212336,2026-07-05T07:11:15.220791+00:00,141.2,41,bid,CostlyCorianders,EarnestEspressos,8015328
2026-07-05T07:11:15.464331,2026-07-05T07:11:15.476389+00:00,141.0,50,ask,DiligentDonuts,FlawlessFlatbreads,8015332
2026-07-05T07:11:17.571172,2026-07-05T07:11:17.578964+00:00,141.1,50,ask,EarnestEspressos,FlawlessFlatbreads,8015363
2026-07-05T07:11:21.240056,2026-07-05T07:11:21.258564+00:00,141.3,44,bid,CostlyCorianders,DiligentDonuts,8015414
2026-07-05T07:11:21.733270,2026-07-05T07:11:21.743481+00:00,141.3,50,bid,FlawlessFlatbreads,DiligentDonuts,8015425
2026-07-05T07:11:21.830779,2026-07-05T07:11:21.842677+00:00,141.0,43,ask,EarnestEspressos,CostlyCorianders,8015428
2026-07-05T07:11:22.424736,2026-07-05T07:11:22.433694+00:00,141.5,47,bid,CostlyCorianders,EarnestEspressos,8015436
2026-07-05T07:11:23.842363,2026-07-05T07:11:23.858567+00:00,141.5,50,bid,FlawlessFlatbreads,EarnestEspressos,8015459
2026-07-05T07:11:25.565803,2026-07-05T07:11:25.574336+00:00,141.0,40,ask,EarnestEspressos,CostlyCorianders,8015499
2026-07-05T07:11:25.949867,2026-07-05T07:11:25.956607+00:00,141.5,50,bid,FlawlessFlatbreads,EarnestEspressos,8015507
2026-07-05T07:11:27.290093,2026-07-05T07:11:27.301077+00:00,141.5,43,bid,CostlyCorianders,DiligentDonuts,8015514
2026-07-05T07:11:27.346283,2026-07-05T07:11:27.358594+00:00,141.2,43,ask,EarnestEspressos,CostlyCorianders,8015515
2026-07-05T07:11:30.212472,2026-07-05T07:11:30.224352+00:00,141.1,50,ask,DiligentDonuts,FlawlessFlatbreads,8015563
2026-07-05T07:11:32.009153,2026-07-05T07:11:32.020814+00:00,141.5,46,bid,CostlyCorianders,EarnestEspressos,8015579
2026-07-05T07:11:32.289716,2026-07-05T07:11:32.300219+00:00,141.5,50,bid,FlawlessFlatbreads,EarnestEspressos,8015588
2026-07-05T07:11:32.659555,2026-07-05T07:11:32.669999+00:00,141.4,11,ask,EarnestEspressos,Xuanyu Liu,8015594
2026-07-05T07:11:34.405040,2026-07-05T07:11:34.415950+00:00,141.6,50,bid,FlawlessFlatbreads,DiligentDonuts,8015614
2026-07-05T07:11:36.522552,2026-07-05T07:11:36.531419+00:00,141.8,50,bid,FlawlessFlatbreads,DiligentDonuts,8015659
2026-07-05T07:11:36.582970,2026-07-05T07:11:36.591448+00:00,141.6,3,ask,EarnestEspressos,Xuanyu Liu,8015661
2026-07-05T07:11:37.024754,2026-07-05T07:11:37.036837+00:00,141.6,47,ask,EarnestEspressos,CostlyCorianders,8015674
2026-07-05T07:11:38.085536,2026-07-05T07:11:38.097530+00:00,141.6,47,ask,EarnestEspressos,CostlyCorianders,8015694
2026-07-05T07:11:38.697743,2026-07-05T07:11:38.711551+00:00,141.6,50,ask,EarnestEspressos,FlawlessFlatbreads,8015704
2026-07-05T07:11:39.050124,2026-07-05T07:11:39.069161+00:00,141.5,100,ask,DiligentDonuts,EarnestEspressos,8015710
2026-07-05T07:11:39.059488,2026-07-05T07:11:39.069161+00:00,141.4,3,bid,Xuanyu Liu,EarnestEspressos,8015711
2026-07-05T07:11:42.543864,2026-07-05T07:11:42.558590+00:00,141.7,44,bid,CostlyCorianders,DiligentDonuts,8015758
2026-07-05T07:11:42.857277,2026-07-05T07:11:42.869211+00:00,141.7,50,bid,FlawlessFlatbreads,DiligentDonuts,8015763
2026-07-05T07:11:44.015871,2026-07-05T07:11:44.027758+00:00,141.7,6,bid,CostlyCorianders,DiligentDonuts,8015779
2026-07-05T07:11:44.015871,2026-07-05T07:11:44.027758+00:00,141.8,39,bid,CostlyCorianders,EarnestEspressos,8015780
2026-07-05T07:11:45.058556,2026-07-05T07:11:45.070544+00:00,141.6,50,ask,DiligentDonuts,FlawlessFlatbreads,8015798
2026-07-05T07:11:45.071863,2026-07-05T07:11:45.083112+00:00,141.6,3,ask,DiligentDonuts,Xuanyu Liu,8015799
2026-07-05T07:11:47.115058,2026-07-05T07:11:47.127363+00:00,142.0,50,bid,FlawlessFlatbreads,EarnestEspressos,8015831
2026-07-05T07:11:51.224220,2026-07-05T07:11:51.231734+00:00,141.7,50,bid,FlawlessFlatbreads,DiligentDonuts,8015880
2026-07-05T07:11:53.192680,2026-07-05T07:11:53.202381+00:00,141.4,3,ask,EarnestEspressos,Xuanyu Liu,8015911
2026-07-05T07:11:53.332325,2026-07-05T07:11:53.344225+00:00,141.7,50,bid,FlawlessFlatbreads,DiligentDonuts,8015914
2026-07-05T07:11:54.082347,2026-07-05T07:11:54.094498+00:00,141.4,45,ask,EarnestEspressos,CostlyCorianders,8015927
2026-07-05T07:11:55.441528,2026-07-05T07:11:55.452129+00:00,141.5,50,bid,FlawlessFlatbreads,EarnestEspressos,8015941
2026-07-05T07:11:56.202574,2026-07-05T07:11:56.214370+00:00,141.1,41,ask,DiligentDonuts,CostlyCorianders,8015958
2026-07-05T07:11:57.549678,2026-07-05T07:11:57.561737+00:00,141.5,50,bid,FlawlessFlatbreads,EarnestEspressos,8015973
2026-07-05T07:11:59.657455,2026-07-05T07:11:59.670028+00:00,141.6,50,bid,FlawlessFlatbreads,DiligentDonuts,8016000
2026-07-05T07:12:01.708286,2026-07-05T07:12:01.720074+00:00,141.8,48,bid,CostlyCorianders,DiligentDonuts,8016041
2026-07-05T07:12:01.764825,2026-07-05T07:12:01.776664+00:00,141.5,48,ask,EarnestEspressos,CostlyCorianders,8016043
2026-07-05T07:12:01.819564,2026-07-05T07:12:01.831656+00:00,141.5,50,ask,EarnestEspressos,FlawlessFlatbreads,8016044
2026-07-05T07:12:03.927329,2026-07-05T07:12:03.938487+00:00,141.5,50,ask,EarnestEspressos,FlawlessFlatbreads,8016087
2026-07-05T07:12:06.036354,2026-07-05T07:12:06.048386+00:00,141.5,50,ask,DiligentDonuts,FlawlessFlatbreads,8016111
2026-07-05T07:12:06.359524,2026-07-05T07:12:06.368476+00:00,141.6,3,bid,Xuanyu Liu,EarnestEspressos,8016118
2026-07-05T07:12:08.148720,2026-07-05T07:12:08.155499+00:00,141.4,50,ask,DiligentDonuts,FlawlessFlatbreads,8016148
2026-07-05T07:12:09.872372,2026-07-05T07:12:09.881782+00:00,141.7,47,bid,CostlyCorianders,EarnestEspressos,8016171
2026-07-05T07:12:10.255511,2026-07-05T07:12:10.252976+00:00,141.5,50,ask,DiligentDonuts,FlawlessFlatbreads,8016177
2026-07-05T07:12:10.354539,2026-07-05T07:12:10.366245+00:00,141.7,40,bid,CostlyCorianders,EarnestEspressos,8016181
2026-07-05T07:12:12.362664,2026-07-05T07:12:12.374321+00:00,141.6,50,ask,EarnestEspressos,FlawlessFlatbreads,8016207
2026-07-05T07:12:14.469740,2026-07-05T07:12:14.477216+00:00,141.3,50,ask,DiligentDonuts,FlawlessFlatbreads,8016230
2026-07-05T07:12:15.417479,2026-07-05T07:12:15.429512+00:00,141.3,44,ask,DiligentDonuts,CostlyCorianders,8016245
2026-07-05T07:12:15.770036,2026-07-05T07:12:15.777474+00:00,141.3,100,ask,EarnestEspressos,DiligentDonuts,8016252
2026-07-05T07:12:15.966624,2026-07-05T07:12:15.979092+00:00,141.3,43,ask,EarnestEspressos,CostlyCorianders,8016254
2026-07-05T07:12:16.575608,2026-07-05T07:12:16.588158+00:00,141.3,7,ask,EarnestEspressos,FlawlessFlatbreads,8016265
2026-07-05T07:12:16.575608,2026-07-05T07:12:16.588158+00:00,140.8,43,ask,DiligentDonuts,FlawlessFlatbreads,8016266
2026-07-05T07:12:17.069805,2026-07-05T07:12:17.085975+00:00,140.9,3,bid,Xuanyu Liu,EarnestEspressos,8016282
2026-07-05T07:12:17.087275,2026-07-05T07:12:17.096882+00:00,140.9,11,bid,Xuanyu Liu,EarnestEspressos,8016284
2026-07-05T07:12:18.214807,2026-07-05T07:12:18.226538+00:00,140.9,12,bid,Xuanyu Liu,EarnestEspressos,8016295
2026-07-05T07:12:18.686536,2026-07-05T07:12:18.698755+00:00,140.8,50,ask,DiligentDonuts,FlawlessFlatbreads,8016301
2026-07-05T07:12:19.531209,2026-07-05T07:12:19.540832+00:00,140.9,11,bid,Xuanyu Liu,EarnestEspressos,8016314
2026-07-05T07:12:20.798264,2026-07-05T07:12:20.808779+00:00,140.9,50,ask,EarnestEspressos,FlawlessFlatbreads,8016326
2026-07-05T07:12:24.969928,2026-07-05T07:12:24.984593+00:00,141.0,50,bid,FlawlessFlatbreads,EarnestEspressos,8016379
2026-07-05T07:12:25.231541,2026-07-05T07:12:25.243763+00:00,141.0,100,bid,DiligentDonuts,EarnestEspressos,8016382
2026-07-05T07:12:26.503057,2026-07-05T07:12:26.512787+00:00,141.2,23,ask,EarnestEspressos,Xuanyu Liu,8016396
2026-07-05T07:12:28.016825,2026-07-05T07:12:28.029674+00:00,141.5,41,bid,CostlyCorianders,DiligentDonuts,8016419
2026-07-05T07:12:28.509888,2026-07-05T07:12:28.517769+00:00,141.2,42,ask,EarnestEspressos,CostlyCorianders,8016426
2026-07-05T07:12:29.250701,2026-07-05T07:12:29.258561+00:00,141.2,50,ask,EarnestEspressos,FlawlessFlatbreads,8016438
2026-07-05T07:12:30.544931,2026-07-05T07:12:30.555374+00:00,141.4,40,bid,CostlyCorianders,DiligentDonuts,8016457
2026-07-05T07:12:33.074192,2026-07-05T07:12:33.083001+00:00,141.0,42,ask,DiligentDonuts,CostlyCorianders,8016492
2026-07-05T07:12:33.477438,2026-07-05T07:12:33.488921+00:00,141.0,50,ask,DiligentDonuts,FlawlessFlatbreads,8016503
2026-07-05T07:12:35.232234,2026-07-05T07:12:35.247534+00:00,141.2,12,bid,Xuanyu Liu,DiligentDonuts,8016525
2026-07-05T07:12:35.589154,2026-07-05T07:12:35.598283+00:00,140.9,50,ask,EarnestEspressos,FlawlessFlatbreads,8016536
2026-07-05T07:12:36.451684,2026-07-05T07:12:36.463235+00:00,141.2,11,bid,Xuanyu Liu,DiligentDonuts,8016549
2026-07-05T07:12:37.072368,2026-07-05T07:12:37.083550+00:00,141.2,12,bid,Xuanyu Liu,DiligentDonuts,8016557
2026-07-05T07:12:37.669631,2026-07-05T07:12:37.679499+00:00,141.2,50,bid,FlawlessFlatbreads,DiligentDonuts,8016569
2026-07-05T07:12:39.826087,2026-07-05T07:12:39.838029+00:00,141.2,50,ask,DiligentDonuts,FlawlessFlatbreads,8016589
2026-07-05T07:12:41.294025,2026-07-05T07:12:41.311163+00:00,141.5,47,bid,CostlyCorianders,EarnestEspressos,8016604
2026-07-05T07:12:41.949634,2026-07-05T07:12:41.956621+00:00,141.2,50,ask,DiligentDonuts,FlawlessFlatbreads,8016617
2026-07-05T07:12:44.055557,2026-07-05T07:12:44.067717+00:00,141.3,50,ask,EarnestEspressos,FlawlessFlatbreads,8016635
2026-07-05T07:12:44.444425,2026-07-05T07:12:44.463647+00:00,141.3,43,ask,EarnestEspressos,CostlyCorianders,8016646
2026-07-05T07:12:46.190408,2026-07-05T07:12:46.202769+00:00,141.2,50,ask,DiligentDonuts,FlawlessFlatbreads,8016661
2026-07-05T07:12:47.059520,2026-07-05T07:12:47.068937+00:00,141.3,11,bid,Xuanyu Liu,EarnestEspressos,8016680
2026-07-05T07:12:48.247221,2026-07-05T07:12:48.254043+00:00,141.3,50,bid,FlawlessFlatbreads,EarnestEspressos,8016693
2026-07-05T07:12:50.540389,2026-07-05T07:12:50.547732+00:00,141.5,46,bid,CostlyCorianders,DiligentDonuts,8016725
2026-07-05T07:12:52.486655,2026-07-05T07:12:52.498944+00:00,141.8,50,bid,FlawlessFlatbreads,DiligentDonuts,8016749
2026-07-05T07:12:54.612500,2026-07-05T07:12:54.622492+00:00,141.8,50,bid,FlawlessFlatbreads,DiligentDonuts,8016771
2026-07-05T07:12:56.777316,2026-07-05T07:12:56.789518+00:00,141.4,50,ask,DiligentDonuts,FlawlessFlatbreads,8016809
2026-07-05T07:12:58.903543,2026-07-05T07:12:58.919540+00:00,141.5,50,ask,DiligentDonuts,FlawlessFlatbreads,8016833
2026-07-05T07:13:00.277604,2026-07-05T07:13:00.289720+00:00,141.9,48,bid,CostlyCorianders,EarnestEspressos,8016853
2026-07-05T07:13:00.960982,2026-07-05T07:13:00.973118+00:00,141.9,50,bid,FlawlessFlatbreads,EarnestEspressos,8016862
2026-07-05T07:13:01.359972,2026-07-05T07:13:01.371698+00:00,141.8,23,ask,EarnestEspressos,Xuanyu Liu,8016869
2026-07-05T07:13:01.881147,2026-07-05T07:13:01.890397+00:00,141.8,11,ask,EarnestEspressos,Xuanyu Liu,8016877
2026-07-05T07:13:03.082683,2026-07-05T07:13:03.096229+00:00,141.9,50,bid,FlawlessFlatbreads,DiligentDonuts,8016901
2026-07-05T07:13:03.354877,2026-07-05T07:13:03.366815+00:00,141.8,100,ask,EarnestEspressos,DiligentDonuts,8016906
2026-07-05T07:13:05.000285,2026-07-05T07:13:05.010467+00:00,141.6,11,bid,Xuanyu Liu,EarnestEspressos,8016927
2026-07-05T07:13:05.198921,2026-07-05T07:13:05.206104+00:00,141.6,50,bid,FlawlessFlatbreads,EarnestEspressos,8016932
2026-07-05T07:13:05.491486,2026-07-05T07:13:05.502514+00:00,141.6,12,bid,Xuanyu Liu,EarnestEspressos,8016939
2026-07-05T07:13:06.207225,2026-07-05T07:13:06.216957+00:00,141.6,11,bid,Xuanyu Liu,EarnestEspressos,8016947
2026-07-05T07:13:06.464340,2026-07-05T07:13:06.476488+00:00,141.6,66,bid,DiligentDonuts,EarnestEspressos,8016950
2026-07-05T07:13:06.532644,2026-07-05T07:13:06.543153+00:00,141.9,23,ask,DiligentDonuts,Xuanyu Liu,8016951
2026-07-05T07:13:06.788295,2026-07-05T07:13:06.800098+00:00,141.9,11,ask,DiligentDonuts,Xuanyu Liu,8016955
2026-07-05T07:13:08.058328,2026-07-05T07:13:08.070181+00:00,141.9,48,ask,EarnestEspressos,CostlyCorianders,8016976
2026-07-05T07:13:08.591681,2026-07-05T07:13:08.603805+00:00,142.4,46,bid,CostlyCorianders,DiligentDonuts,8016983
2026-07-05T07:13:09.407890,2026-07-05T07:13:09.418735+00:00,141.9,23,ask,EarnestEspressos,Xuanyu Liu,8016993
2026-07-05T07:13:09.683362,2026-07-05T07:13:09.693048+00:00,141.9,79,ask,EarnestEspressos,DiligentDonuts,8016999
2026-07-05T07:13:10.909863,2026-07-05T07:13:10.968355+00:00,141.7,11,bid,Xuanyu Liu,EarnestEspressos,8017013
2026-07-05T07:13:11.553634,2026-07-05T07:13:11.564575+00:00,141.7,50,bid,FlawlessFlatbreads,EarnestEspressos,8017018
2026-07-05T07:13:13.400831,2026-07-05T07:13:13.413429+00:00,141.6,49,ask,DiligentDonuts,CostlyCorianders,8017049
2026-07-05T07:13:13.663629,2026-07-05T07:13:13.671486+00:00,141.7,50,bid,FlawlessFlatbreads,EarnestEspressos,8017055
2026-07-05T07:13:14.033389,2026-07-05T07:13:14.045325+00:00,141.6,46,ask,DiligentDonuts,CostlyCorianders,8017056
2026-07-05T07:13:15.771690,2026-07-05T07:13:15.782300+00:00,142.0,50,bid,FlawlessFlatbreads,EarnestEspressos,8017083
2026-07-05T07:13:16.109993,2026-07-05T07:13:16.122067+00:00,141.6,48,bid,CostlyCorianders,DiligentDonuts,8017093
2026-07-05T07:13:16.764673,2026-07-05T07:13:16.776399+00:00,141.6,47,bid,CostlyCorianders,DiligentDonuts,8017100
2026-07-05T07:13:17.173613,2026-07-05T07:13:17.185655+00:00,141.6,5,bid,EarnestEspressos,DiligentDonuts,8017108
2026-07-05T07:13:17.881788,2026-07-05T07:13:17.889317+00:00,142.1,50,bid,FlawlessFlatbreads,EarnestEspressos,8017118
2026-07-05T07:13:18.820656,2026-07-05T07:13:18.828959+00:00,141.6,41,ask,EarnestEspressos,CostlyCorianders,8017132
2026-07-05T07:13:19.390959,2026-07-05T07:13:19.402621+00:00,141.6,44,ask,EarnestEspressos,CostlyCorianders,8017139
2026-07-05T07:13:20.056108,2026-07-05T07:13:20.069129+00:00,141.6,50,ask,EarnestEspressos,FlawlessFlatbreads,8017156
2026-07-05T07:13:22.111762,2026-07-05T07:13:22.121241+00:00,141.8,50,bid,FlawlessFlatbreads,EarnestEspressos,8017184
2026-07-05T07:13:22.397766,2026-07-05T07:13:22.409815+00:00,141.8,44,bid,CostlyCorianders,EarnestEspressos,8017187
2026-07-05T07:13:24.223076,2026-07-05T07:13:24.232822+00:00,142.2,50,bid,FlawlessFlatbreads,DiligentDonuts,8017212
2026-07-05T07:13:25.770146,2026-07-05T07:13:25.782020+00:00,141.8,46,ask,DiligentDonuts,CostlyCorianders,8017239
2026-07-05T07:13:26.337191,2026-07-05T07:13:26.344301+00:00,142.2,50,bid,FlawlessFlatbreads,EarnestEspressos,8017243
2026-07-05T07:13:26.673693,2026-07-05T07:13:26.718573+00:00,142.0,11,ask,EarnestEspressos,Xuanyu Liu,8017247
2026-07-05T07:13:27.771533,2026-07-05T07:13:27.785069+00:00,142.0,3,ask,EarnestEspressos,Xuanyu Liu,8017263
2026-07-05T07:13:28.447207,2026-07-05T07:13:28.451891+00:00,142.3,50,bid,FlawlessFlatbreads,DiligentDonuts,8017277
2026-07-05T07:13:29.481575,2026-07-05T07:13:29.493806+00:00,142.3,40,bid,CostlyCorianders,DiligentDonuts,8017290
2026-07-05T07:13:30.590966,2026-07-05T07:13:30.601191+00:00,142.3,50,bid,FlawlessFlatbreads,DiligentDonuts,8017309
2026-07-05T07:13:31.127692,2026-07-05T07:13:31.140256+00:00,142.3,10,bid,CostlyCorianders,DiligentDonuts,8017312
2026-07-05T07:13:31.844486,2026-07-05T07:13:31.854823+00:00,142.4,100,bid,DiligentDonuts,EarnestEspressos,8017326
2026-07-05T07:13:32.697495,2026-07-05T07:13:32.704515+00:00,142.4,50,bid,FlawlessFlatbreads,EarnestEspressos,8017333
2026-07-05T07:13:32.997506,2026-07-05T07:13:33.010087+00:00,142.8,26,ask,EarnestEspressos,Xuanyu Liu,8017343
2026-07-05T07:13:33.040611,2026-07-05T07:13:33.049769+00:00,142.8,11,ask,EarnestEspressos,Xuanyu Liu,8017350
2026-07-05T07:13:33.795044,2026-07-05T07:13:33.807324+00:00,142.8,47,ask,EarnestEspressos,CostlyCorianders,8017361
2026-07-05T07:13:34.877758,2026-07-05T07:13:34.889816+00:00,142.8,50,ask,EarnestEspressos,FlawlessFlatbreads,8017379
2026-07-05T07:13:34.992527,2026-07-05T07:13:35.004209+00:00,142.8,16,ask,EarnestEspressos,CostlyCorianders,8017380
2026-07-05T07:13:35.072869,2026-07-05T07:13:35.082548+00:00,142.5,11,bid,Xuanyu Liu,DiligentDonuts,8017383
2026-07-05T07:13:36.022382,2026-07-05T07:13:36.035116+00:00,142.5,45,bid,CostlyCorianders,DiligentDonuts,8017408
2026-07-05T07:13:36.483436,2026-07-05T07:13:36.493446+00:00,142.0,47,ask,DiligentDonuts,CostlyCorianders,8017415
2026-07-05T07:13:37.003007,2026-07-05T07:13:37.015034+00:00,142.0,50,ask,DiligentDonuts,FlawlessFlatbreads,8017426
2026-07-05T07:13:37.121221,2026-07-05T07:13:37.133578+00:00,142.5,44,bid,CostlyCorianders,DiligentDonuts,8017427
2026-07-05T07:13:37.121221,2026-07-05T07:13:37.133578+00:00,142.5,2,bid,CostlyCorianders,EarnestEspressos,8017428
2026-07-05T07:13:39.118193,2026-07-05T07:13:39.131569+00:00,142.0,50,ask,EarnestEspressos,FlawlessFlatbreads,8017453
2026-07-05T07:13:39.383278,2026-07-05T07:13:39.425714+00:00,142.3,12,bid,Xuanyu Liu,EarnestEspressos,8017456
2026-07-05T07:13:39.657196,2026-07-05T07:13:39.667264+00:00,142.3,11,bid,Xuanyu Liu,EarnestEspressos,8017465
2026-07-05T07:13:41.228507,2026-07-05T07:13:41.239127+00:00,141.9,50,ask,DiligentDonuts,FlawlessFlatbreads,8017487
2026-07-05T07:13:42.226854,2026-07-05T07:13:42.239049+00:00,141.8,49,ask,EarnestEspressos,CostlyCorianders,8017494
2026-07-05T07:13:42.549735,2026-07-05T07:13:42.566774+00:00,142.1,3,bid,Xuanyu Liu,EarnestEspressos,8017500
2026-07-05T07:13:43.339262,2026-07-05T07:13:43.351215+00:00,141.8,50,ask,DiligentDonuts,FlawlessFlatbreads,8017513
2026-07-05T07:13:43.955045,2026-07-05T07:13:43.949621+00:00,142.1,48,bid,CostlyCorianders,EarnestEspressos,8017519
2026-07-05T07:13:44.512194,2026-07-05T07:13:44.522889+00:00,141.6,43,ask,EarnestEspressos,CostlyCorianders,8017529
2026-07-05T07:13:45.466007,2026-07-05T07:13:45.479541+00:00,141.6,50,ask,EarnestEspressos,FlawlessFlatbreads,8017541
2026-07-05T07:13:47.527865,2026-07-05T07:13:47.538839+00:00,142.0,50,bid,FlawlessFlatbreads,EarnestEspressos,8017572
2026-07-05T07:13:47.597012,2026-07-05T07:13:47.609064+00:00,142.0,49,bid,CostlyCorianders,EarnestEspressos,8017573
2026-07-05T07:13:49.638535,2026-07-05T07:13:49.647923+00:00,142.3,50,bid,FlawlessFlatbreads,DiligentDonuts,8017591
2026-07-05T07:13:49.712558,2026-07-05T07:13:49.725750+00:00,142.0,49,ask,EarnestEspressos,CostlyCorianders,8017594
2026-07-05T07:13:51.229067,2026-07-05T07:13:51.240950+00:00,142.3,45,bid,CostlyCorianders,DiligentDonuts,8017619
2026-07-05T07:13:51.768663,2026-07-05T07:13:51.780462+00:00,142.3,50,bid,FlawlessFlatbreads,DiligentDonuts,8017626
2026-07-05T07:13:52.257616,2026-07-05T07:13:52.268900+00:00,142.0,48,bid,CostlyCorianders,EarnestEspressos,8017639
2026-07-05T07:13:53.287328,2026-07-05T07:13:53.298979+00:00,141.8,42,ask,DiligentDonuts,CostlyCorianders,8017651
2026-07-05T07:13:53.877532,2026-07-05T07:13:53.885015+00:00,142.0,50,bid,FlawlessFlatbreads,EarnestEspressos,8017657
2026-07-05T07:13:54.682595,2026-07-05T07:13:54.694835+00:00,141.7,43,ask,DiligentDonuts,CostlyCorianders,8017669
2026-07-05T07:13:55.733951,2026-07-05T07:13:55.741013+00:00,142.2,47,bid,CostlyCorianders,DiligentDonuts,8017686
2026-07-05T07:13:56.038442,2026-07-05T07:13:56.050513+00:00,141.8,50,ask,EarnestEspressos,FlawlessFlatbreads,8017690
2026-07-05T07:13:56.296380,2026-07-05T07:13:56.309290+00:00,141.8,49,ask,EarnestEspressos,CostlyCorianders,8017693
2026-07-05T07:13:58.857999,2026-07-05T07:13:58.869686+00:00,142.4,40,bid,CostlyCorianders,DiligentDonuts,8017751
2026-07-05T07:14:00.197977,2026-07-05T07:14:00.209834+00:00,142.4,50,bid,FlawlessFlatbreads,DiligentDonuts,8017768
2026-07-05T07:14:00.731920,2026-07-05T07:14:00.744060+00:00,142.4,47,ask,DiligentDonuts,CostlyCorianders,8017779
2026-07-05T07:14:01.230014,2026-07-05T07:14:01.242291+00:00,142.4,44,ask,DiligentDonuts,CostlyCorianders,8017784
2026-07-05T07:14:01.521412,2026-07-05T07:14:01.533700+00:00,142.4,9,ask,DiligentDonuts,EarnestEspressos,8017791
2026-07-05T07:14:02.305324,2026-07-05T07:14:02.317899+00:00,142.4,50,bid,FlawlessFlatbreads,EarnestEspressos,8017805
2026-07-05T07:14:02.880986,2026-07-05T07:14:02.894480+00:00,142.4,46,bid,CostlyCorianders,EarnestEspressos,8017809
2026-07-05T07:14:04.287499,2026-07-05T07:14:04.296780+00:00,142.4,45,bid,CostlyCorianders,EarnestEspressos,8017830
2026-07-05T07:14:04.287499,2026-07-05T07:14:04.296780+00:00,142.5,3,bid,CostlyCorianders,DiligentDonuts,8017831
2026-07-05T07:14:04.466641,2026-07-05T07:14:04.474154+00:00,142.0,50,ask,DiligentDonuts,FlawlessFlatbreads,8017836
2026-07-05T07:14:05.939853,2026-07-05T07:14:05.951789+00:00,142.3,45,ask,EarnestEspressos,CostlyCorianders,8017850
2026-07-05T07:14:06.522748,2026-07-05T07:14:06.534893+00:00,142.5,50,bid,FlawlessFlatbreads,DiligentDonuts,8017862
2026-07-05T07:14:08.629414,2026-07-05T07:14:08.636418+00:00,142.5,50,bid,FlawlessFlatbreads,DiligentDonuts,8017901
2026-07-05T07:14:10.739682,2026-07-05T07:14:10.747326+00:00,142.6,50,bid,FlawlessFlatbreads,EarnestEspressos,8017926
2026-07-05T07:14:11.165498,2026-07-05T07:14:11.177567+00:00,142.7,45,bid,CostlyCorianders,DiligentDonuts,8017934
2026-07-05T07:14:12.856508,2026-07-05T07:14:12.858559+00:00,142.7,50,bid,FlawlessFlatbreads,DiligentDonuts,8017965
2026-07-05T07:14:16.156334,2026-07-05T07:14:16.158573+00:00,142.4,43,ask,EarnestEspressos,CostlyCorianders,8018013
2026-07-05T07:14:17.711196,2026-07-05T07:14:17.723620+00:00,142.7,40,bid,CostlyCorianders,EarnestEspressos,8018037
2026-07-05T07:14:18.245454,2026-07-05T07:14:18.257650+00:00,142.7,45,bid,CostlyCorianders,EarnestEspressos,8018045
2026-07-05T07:14:19.891517,2026-07-05T07:14:19.899806+00:00,142.6,42,ask,DiligentDonuts,CostlyCorianders,8018065
2026-07-05T07:14:20.470275,2026-07-05T07:14:20.484530+00:00,142.6,14,ask,DiligentDonuts,Xuanyu Liu,8018076
2026-07-05T07:14:21.327653,2026-07-05T07:14:21.336016+00:00,142.6,44,ask,DiligentDonuts,FlawlessFlatbreads,8018093
2026-07-05T07:14:21.327653,2026-07-05T07:14:21.341348+00:00,142.6,6,ask,EarnestEspressos,FlawlessFlatbreads,8018094
2026-07-05T07:14:23.229183,2026-07-05T07:14:23.241204+00:00,142.8,41,bid,CostlyCorianders,DiligentDonuts,8018118
2026-07-05T07:14:25.257257,2026-07-05T07:14:25.269199+00:00,142.5,25,ask,EarnestEspressos,Harold Schneider,8018146
2026-07-05T07:14:25.323397,2026-07-05T07:14:25.335811+00:00,142.6,10,ask,Harold Schneider,CostlyCorianders,8018149
2026-07-05T07:14:25.323397,2026-07-05T07:14:25.335811+00:00,142.5,30,ask,EarnestEspressos,CostlyCorianders,8018150
2026-07-05T07:14:25.540767,2026-07-05T07:14:25.552838+00:00,142.5,50,ask,EarnestEspressos,FlawlessFlatbreads,8018153
2026-07-05T07:14:25.866418,2026-07-05T07:14:25.875210+00:00,142.5,41,ask,EarnestEspressos,CostlyCorianders,8018158
2026-07-05T07:14:26.374729,2026-07-05T07:14:26.387620+00:00,142.7,10,bid,CostlyCorianders,Harold Schneider,8018168
2026-07-05T07:14:26.374729,2026-07-05T07:14:26.387620+00:00,142.8,37,bid,CostlyCorianders,DiligentDonuts,8018169
2026-07-05T07:14:26.867872,2026-07-05T07:14:26.878681+00:00,142.4,11,bid,Xuanyu Liu,EarnestEspressos,8018176
2026-07-05T07:14:27.598054,2026-07-05T07:14:27.609097+00:00,142.4,50,bid,FlawlessFlatbreads,EarnestEspressos,8018193
2026-07-05T07:14:28.379852,2026-07-05T07:14:28.389222+00:00,142.4,3,bid,Xuanyu Liu,EarnestEspressos,8018201
2026-07-05T07:14:28.872206,2026-07-05T07:14:28.884595+00:00,142.4,86,bid,DiligentDonuts,EarnestEspressos,8018208
