timestamp,recv_time,price,volume,aggressor_side,buyer,seller,trade_id
2026-07-04T22:00:01.167343,2026-07-04T22:00:01.179134+00:00,136.1,50,bid,FlawlessFlatbreads,DiligentDonuts,7535269
2026-07-04T22:00:03.204253,2026-07-04T22:00:03.213879+00:00,136.0,14,ask,DiligentDonuts,Xuanyu Liu,7535305
2026-07-04T22:00:03.325513,2026-07-04T22:00:03.331748+00:00,136.0,50,ask,DiligentDonuts,FlawlessFlatbreads,7535307
2026-07-04T22:00:05.433791,2026-07-04T22:00:05.442889+00:00,136.0,50,ask,DiligentDonuts,FlawlessFlatbreads,7535338
2026-07-04T22:00:07.374210,2026-07-04T22:00:07.386089+00:00,136.4,40,bid,CostlyCorianders,EarnestEspressos,7535370
2026-07-04T22:00:07.540797,2026-07-04T22:00:07.552313+00:00,136.2,50,ask,EarnestEspressos,FlawlessFlatbreads,7535372
2026-07-04T22:00:08.374828,2026-07-04T22:00:08.386568+00:00,136.2,43,ask,EarnestEspressos,CostlyCorianders,7535382
2026-07-04T22:00:09.647162,2026-07-04T22:00:09.653678+00:00,136.2,50,ask,EarnestEspressos,FlawlessFlatbreads,7535399
2026-07-04T22:00:09.783606,2026-07-04T22:00:09.795476+00:00,136.6,46,bid,CostlyCorianders,DiligentDonuts,7535400
2026-07-04T22:00:10.719556,2026-07-04T22:00:10.740563+00:00,136.1,100,ask,DiligentDonuts,EarnestEspressos,7535415
2026-07-04T22:00:10.732180,2026-07-04T22:00:10.740563+00:00,136.1,14,bid,Xuanyu Liu,EarnestEspressos,7535416
2026-07-04T22:00:11.072258,2026-07-04T22:00:11.080445+00:00,136.1,3,bid,Xuanyu Liu,EarnestEspressos,7535425
2026-07-04T22:00:11.163498,2026-07-04T22:00:11.171927+00:00,136.1,33,bid,DiligentDonuts,EarnestEspressos,7535427
2026-07-04T22:00:11.258251,2026-07-04T22:00:11.270132+00:00,136.2,41,ask,DiligentDonuts,CostlyCorianders,7535428
2026-07-04T22:00:11.757205,2026-07-04T22:00:11.769925+00:00,136.2,26,ask,DiligentDonuts,FlawlessFlatbreads,7535429
2026-07-04T22:00:11.757205,2026-07-04T22:00:11.769925+00:00,135.6,24,ask,EarnestEspressos,FlawlessFlatbreads,7535430
2026-07-04T22:00:12.327013,2026-07-04T22:00:12.338658+00:00,136.7,46,bid,CostlyCorianders,DiligentDonuts,7535443
2026-07-04T22:00:13.864056,2026-07-04T22:00:13.875665+00:00,136.2,50,ask,EarnestEspressos,FlawlessFlatbreads,7535455
2026-07-04T22:00:14.075169,2026-07-04T22:00:14.082923+00:00,136.2,3,ask,EarnestEspressos,Xuanyu Liu,7535460
2026-07-04T22:00:15.972160,2026-07-04T22:00:15.979688+00:00,136.2,50,ask,EarnestEspressos,FlawlessFlatbreads,7535490
2026-07-04T22:00:16.407869,2026-07-04T22:00:16.415107+00:00,136.3,41,bid,CostlyCorianders,DiligentDonuts,7535495
2026-07-04T22:00:18.078212,2026-07-04T22:00:18.090755+00:00,136.0,50,ask,DiligentDonuts,FlawlessFlatbreads,7535513
2026-07-04T22:00:18.563978,2026-07-04T22:00:18.573897+00:00,136.3,46,bid,CostlyCorianders,EarnestEspressos,7535525
2026-07-04T22:00:20.132867,2026-07-04T22:00:20.144258+00:00,136.5,50,bid,FlawlessFlatbreads,DiligentDonuts,7535546
2026-07-04T22:00:21.184244,2026-07-04T22:00:21.195731+00:00,136.3,47,ask,DiligentDonuts,CostlyCorianders,7535563
2026-07-04T22:00:21.681832,2026-07-04T22:00:21.696056+00:00,136.3,45,ask,DiligentDonuts,CostlyCorianders,7535566
2026-07-04T22:00:22.239606,2026-07-04T22:00:22.251242+00:00,136.7,50,bid,FlawlessFlatbreads,EarnestEspressos,7535577
2026-07-04T22:00:22.816946,2026-07-04T22:00:22.824876+00:00,136.7,49,bid,CostlyCorianders,EarnestEspressos,7535588
2026-07-04T22:00:23.323387,2026-07-04T22:00:23.327191+00:00,136.7,100,bid,EarnestEspressos,DiligentDonuts,7535596
2026-07-04T22:00:24.348373,2026-07-04T22:00:24.354576+00:00,136.8,50,bid,FlawlessFlatbreads,DiligentDonuts,7535607
2026-07-04T22:00:26.455136,2026-07-04T22:00:26.438282+00:00,136.8,50,bid,FlawlessFlatbreads,DiligentDonuts,7535631
2026-07-04T22:00:26.978058,2026-07-04T22:00:26.989764+00:00,136.8,100,bid,DiligentDonuts,EarnestEspressos,7535637
2026-07-04T22:00:27.377989,2026-07-04T22:00:27.388838+00:00,136.3,44,ask,EarnestEspressos,CostlyCorianders,7535648
2026-07-04T22:00:28.563200,2026-07-04T22:00:28.577386+00:00,136.8,50,bid,FlawlessFlatbreads,EarnestEspressos,7535668
2026-07-04T22:00:30.669452,2026-07-04T22:00:30.681045+00:00,137.0,50,bid,FlawlessFlatbreads,DiligentDonuts,7535696
2026-07-04T22:00:31.052511,2026-07-04T22:00:31.052118+00:00,136.8,48,ask,EarnestEspressos,CostlyCorianders,7535704
2026-07-04T22:00:32.776709,2026-07-04T22:00:32.788420+00:00,137.0,50,bid,FlawlessFlatbreads,DiligentDonuts,7535740
2026-07-04T22:00:34.883355,2026-07-04T22:00:34.890885+00:00,137.2,50,bid,FlawlessFlatbreads,EarnestEspressos,7535773
2026-07-04T22:00:39.435083,2026-07-04T22:00:39.446707+00:00,137.4,47,bid,CostlyCorianders,DiligentDonuts,7535834
2026-07-04T22:00:39.913905,2026-07-04T22:00:39.925505+00:00,137.4,44,ask,DiligentDonuts,CostlyCorianders,7535848
2026-07-04T22:00:39.946251,2026-07-04T22:00:39.954122+00:00,137.4,3,ask,DiligentDonuts,Xuanyu Liu,7535849
2026-07-04T22:00:40.853570,2026-07-04T22:00:40.865222+00:00,137.4,25,ask,DiligentDonuts,Yinxuan Li,7535858
2026-07-04T22:00:40.898168,2026-07-04T22:00:40.909957+00:00,137.8,49,bid,CostlyCorianders,EarnestEspressos,7535860
2026-07-04T22:00:40.952874,2026-07-04T22:00:40.960357+00:00,137.4,28,ask,DiligentDonuts,CostlyCorianders,7535862
2026-07-04T22:00:40.952874,2026-07-04T22:00:40.965573+00:00,137.3,19,ask,EarnestEspressos,CostlyCorianders,7535863
2026-07-04T22:00:41.222442,2026-07-04T22:00:41.234273+00:00,137.8,50,bid,FlawlessFlatbreads,EarnestEspressos,7535874
2026-07-04T22:00:42.092516,2026-07-04T22:00:42.104168+00:00,137.3,43,ask,EarnestEspressos,CostlyCorianders,7535885
2026-07-04T22:00:42.722136,2026-07-04T22:00:42.733875+00:00,137.8,46,bid,CostlyCorianders,EarnestEspressos,7535895
2026-07-04T22:00:43.349200,2026-07-04T22:00:43.358313+00:00,137.6,49,bid,CostlyCorianders,DiligentDonuts,7535901
2026-07-04T22:00:43.384401,2026-07-04T22:00:43.394033+00:00,137.3,50,ask,EarnestEspressos,FlawlessFlatbreads,7535902
2026-07-04T22:00:45.454901,2026-07-04T22:00:45.474311+00:00,137.6,51,bid,EarnestEspressos,DiligentDonuts,7535928
2026-07-04T22:00:45.508843,2026-07-04T22:00:45.518005+00:00,137.6,50,ask,EarnestEspressos,FlawlessFlatbreads,7535931
2026-07-04T22:00:45.869037,2026-07-04T22:00:45.878293+00:00,137.6,25,ask,EarnestEspressos,Yinxuan Li,7535936
2026-07-04T22:00:46.122924,2026-07-04T22:00:46.129480+00:00,137.6,24,ask,EarnestEspressos,CostlyCorianders,7535941
2026-07-04T22:00:46.122924,2026-07-04T22:00:46.134953+00:00,137.5,22,ask,DiligentDonuts,CostlyCorianders,7535942
2026-07-04T22:00:47.117097,2026-07-04T22:00:47.128686+00:00,138.0,45,bid,CostlyCorianders,DiligentDonuts,7535949
2026-07-04T22:00:47.614787,2026-07-04T22:00:47.622926+00:00,137.5,50,ask,DiligentDonuts,FlawlessFlatbreads,7535963
2026-07-04T22:00:48.095143,2026-07-04T22:00:48.106569+00:00,137.5,28,ask,DiligentDonuts,CostlyCorianders,7535972
2026-07-04T22:00:49.171975,2026-07-04T22:00:49.179421+00:00,137.6,100,bid,DiligentDonuts,EarnestEspressos,7535986
2026-07-04T22:00:50.050662,2026-07-04T22:00:50.063689+00:00,137.6,46,bid,CostlyCorianders,EarnestEspressos,7535990
2026-07-04T22:00:51.775303,2026-07-04T22:00:51.784199+00:00,138.1,50,bid,FlawlessFlatbreads,DiligentDonuts,7536018
2026-07-04T22:00:54.705030,2026-07-04T22:00:54.716954+00:00,137.7,48,ask,EarnestEspressos,CostlyCorianders,7536056
2026-07-04T22:00:55.272998,2026-07-04T22:00:55.284682+00:00,137.7,47,ask,EarnestEspressos,CostlyCorianders,7536063
2026-07-04T22:00:56.000787,2026-07-04T22:00:56.012426+00:00,138.1,50,bid,FlawlessFlatbreads,DiligentDonuts,7536071
2026-07-04T22:00:56.964129,2026-07-04T22:00:56.974566+00:00,138.1,49,bid,CostlyCorianders,DiligentDonuts,7536088
2026-07-04T22:00:58.107984,2026-07-04T22:00:58.114627+00:00,138.1,1,bid,FlawlessFlatbreads,DiligentDonuts,7536100
2026-07-04T22:00:58.404596,2026-07-04T22:00:58.416163+00:00,137.6,45,ask,DiligentDonuts,CostlyCorianders,7536108
2026-07-04T22:00:58.659370,2026-07-04T22:00:58.669874+00:00,137.9,100,bid,DiligentDonuts,EarnestEspressos,7536109
2026-07-04T22:01:01.659456,2026-07-04T22:01:01.671039+00:00,137.7,44,ask,EarnestEspressos,CostlyCorianders,7536156
2026-07-04T22:01:04.443594,2026-07-04T22:01:04.445396+00:00,137.8,100,bid,EarnestEspressos,DiligentDonuts,7536199
2026-07-04T22:01:04.529033,2026-07-04T22:01:04.540876+00:00,137.8,50,ask,EarnestEspressos,FlawlessFlatbreads,7536202
2026-07-04T22:01:05.660970,2026-07-04T22:01:05.671670+00:00,138.3,49,bid,CostlyCorianders,EarnestEspressos,7536222
2026-07-04T22:01:06.659888,2026-07-04T22:01:06.669520+00:00,137.8,50,ask,DiligentDonuts,FlawlessFlatbreads,7536237
2026-07-04T22:01:08.766299,2026-07-04T22:01:08.773043+00:00,137.8,50,ask,DiligentDonuts,FlawlessFlatbreads,7536266
2026-07-04T22:01:09.816636,2026-07-04T22:01:09.828222+00:00,137.9,49,bid,CostlyCorianders,EarnestEspressos,7536280
2026-07-04T22:01:10.097791,2026-07-04T22:01:10.106920+00:00,137.9,3,bid,Xuanyu Liu,EarnestEspressos,7536286
2026-07-04T22:01:10.385084,2026-07-04T22:01:10.391992+00:00,137.8,48,ask,EarnestEspressos,FlawlessFlatbreads,7536293
2026-07-04T22:01:10.878410,2026-07-04T22:01:10.890072+00:00,137.8,2,ask,DiligentDonuts,FlawlessFlatbreads,7536294
2026-07-04T22:01:10.878410,2026-07-04T22:01:10.890072+00:00,137.8,48,ask,DiligentDonuts,CostlyCorianders,7536295
2026-07-04T22:01:11.961454,2026-07-04T22:01:11.969161+00:00,138.2,49,bid,CostlyCorianders,DiligentDonuts,7536315
2026-07-04T22:01:17.143703,2026-07-04T22:01:17.153160+00:00,138.0,50,bid,FlawlessFlatbreads,EarnestEspressos,7536385
2026-07-04T22:01:19.302173,2026-07-04T22:01:19.309206+00:00,137.7,50,ask,DiligentDonuts,FlawlessFlatbreads,7536411
2026-07-04T22:01:21.357857,2026-07-04T22:01:21.369539+00:00,138.1,50,bid,FlawlessFlatbreads,DiligentDonuts,7536438
2026-07-04T22:01:23.464037,2026-07-04T22:01:23.476054+00:00,138.1,50,bid,FlawlessFlatbreads,DiligentDonuts,7536465
2026-07-04T22:01:23.588656,2026-07-04T22:01:23.595880+00:00,137.7,46,ask,EarnestEspressos,CostlyCorianders,7536467
2026-07-04T22:01:25.573474,2026-07-04T22:01:25.585116+00:00,138.2,50,bid,FlawlessFlatbreads,EarnestEspressos,7536493
2026-07-04T22:01:27.683343,2026-07-04T22:01:27.694832+00:00,138.3,50,bid,FlawlessFlatbreads,EarnestEspressos,7536541
2026-07-04T22:01:29.445908,2026-07-04T22:01:29.463631+00:00,138.3,49,bid,CostlyCorianders,EarnestEspressos,7536570
2026-07-04T22:01:29.501654,2026-07-04T22:01:29.513275+00:00,137.9,43,ask,DiligentDonuts,CostlyCorianders,7536571
2026-07-04T22:01:29.759537,2026-07-04T22:01:29.767704+00:00,138.1,3,ask,EarnestEspressos,Xuanyu Liu,7536574
2026-07-04T22:01:29.841110,2026-07-04T22:01:29.852783+00:00,138.1,50,ask,EarnestEspressos,FlawlessFlatbreads,7536577
2026-07-04T22:01:30.112236,2026-07-04T22:01:30.123986+00:00,138.1,44,ask,EarnestEspressos,CostlyCorianders,7536579
2026-07-04T22:01:30.923133,2026-07-04T22:01:30.934665+00:00,138.1,25,ask,EarnestEspressos,Yinxuan Li,7536594
2026-07-04T22:01:31.948843,2026-07-04T22:01:31.958609+00:00,138.1,28,ask,EarnestEspressos,FlawlessFlatbreads,7536603
2026-07-04T22:01:31.948843,2026-07-04T22:01:31.958609+00:00,137.7,22,ask,DiligentDonuts,FlawlessFlatbreads,7536604
2026-07-04T22:01:32.678388,2026-07-04T22:01:32.688835+00:00,138.2,43,bid,CostlyCorianders,DiligentDonuts,7536620
2026-07-04T22:01:33.683879,2026-07-04T22:01:33.695283+00:00,138.0,45,bid,CostlyCorianders,EarnestEspressos,7536632
2026-07-04T22:01:34.067624,2026-07-04T22:01:34.076721+00:00,137.7,50,ask,DiligentDonuts,FlawlessFlatbreads,7536637
2026-07-04T22:01:36.123506,2026-07-04T22:01:36.134790+00:00,138.2,50,bid,FlawlessFlatbreads,DiligentDonuts,7536662
2026-07-04T22:01:36.329387,2026-07-04T22:01:36.341169+00:00,137.7,47,ask,DiligentDonuts,CostlyCorianders,7536667
2026-07-04T22:01:38.281792,2026-07-04T22:01:38.293591+00:00,137.7,50,ask,EarnestEspressos,FlawlessFlatbreads,7536695
2026-07-04T22:01:38.299417,2026-07-04T22:01:38.311116+00:00,138.2,40,bid,CostlyCorianders,EarnestEspressos,7536696
2026-07-04T22:01:39.353792,2026-07-04T22:01:39.369108+00:00,137.7,48,ask,DiligentDonuts,CostlyCorianders,7536713
2026-07-04T22:01:40.481326,2026-07-04T22:01:40.493181+00:00,137.5,48,ask,EarnestEspressos,CostlyCorianders,7536722
2026-07-04T22:01:42.443074,2026-07-04T22:01:42.463659+00:00,137.9,50,bid,FlawlessFlatbreads,DiligentDonuts,7536753
2026-07-04T22:01:42.904872,2026-07-04T22:01:42.914155+00:00,137.9,3,bid,Xuanyu Liu,DiligentDonuts,7536759
2026-07-04T22:01:44.482152,2026-07-04T22:01:44.493878+00:00,137.9,47,bid,CostlyCorianders,EarnestEspressos,7536782
2026-07-04T22:01:44.549944,2026-07-04T22:01:44.558582+00:00,137.9,50,bid,FlawlessFlatbreads,EarnestEspressos,7536783
2026-07-04T22:01:45.540707,2026-07-04T22:01:45.547834+00:00,138.2,43,bid,CostlyCorianders,DiligentDonuts,7536799
2026-07-04T22:01:46.657630,2026-07-04T22:01:46.669209+00:00,138.2,50,bid,FlawlessFlatbreads,EarnestEspressos,7536816
2026-07-04T22:01:49.239078,2026-07-04T22:01:49.250609+00:00,137.9,40,ask,EarnestEspressos,CostlyCorianders,7536847
2026-07-04T22:01:49.734192,2026-07-04T22:01:49.740587+00:00,137.9,42,ask,EarnestEspressos,CostlyCorianders,7536857
2026-07-04T22:01:50.764906,2026-07-04T22:01:50.774020+00:00,137.9,14,ask,EarnestEspressos,Xuanyu Liu,7536867
2026-07-04T22:01:50.868790,2026-07-04T22:01:50.880378+00:00,138.1,50,bid,FlawlessFlatbreads,DiligentDonuts,7536870
2026-07-04T22:01:50.953977,2026-07-04T22:01:50.952679+00:00,137.9,25,ask,EarnestEspressos,Yinxuan Li,7536872
2026-07-04T22:01:51.327811,2026-07-04T22:01:53.096715+00:00,137.9,29,ask,EarnestEspressos,CostlyCorianders,7536875
2026-07-04T22:01:51.915849,2026-07-04T22:01:53.096715+00:00,137.6,100,ask,DiligentDonuts,EarnestEspressos,7536890
2026-07-04T22:01:52.976869,2026-07-04T22:01:53.096715+00:00,137.6,50,bid,FlawlessFlatbreads,EarnestEspressos,7536908
2026-07-04T22:01:54.081271,2026-07-04T22:01:54.093009+00:00,137.9,44,bid,CostlyCorianders,DiligentDonuts,7536922
2026-07-04T22:01:54.686567,2026-07-04T22:01:54.694986+00:00,137.9,11,bid,Xuanyu Liu,DiligentDonuts,7536933
2026-07-04T22:01:55.028194,2026-07-04T22:01:55.031984+00:00,137.9,45,bid,EarnestEspressos,DiligentDonuts,7536937
2026-07-04T22:01:55.138498,2026-07-04T22:01:55.145581+00:00,138.1,50,ask,EarnestEspressos,FlawlessFlatbreads,7536941
2026-07-04T22:01:55.545260,2026-07-04T22:01:55.551706+00:00,138.1,43,ask,EarnestEspressos,CostlyCorianders,7536959
2026-07-04T22:01:57.003536,2026-07-04T22:01:57.009876+00:00,138.4,42,bid,CostlyCorianders,DiligentDonuts,7536981
2026-07-04T22:01:57.244616,2026-07-04T22:01:57.256261+00:00,138.1,12,ask,EarnestEspressos,FlawlessFlatbreads,7536987
2026-07-04T22:01:57.244616,2026-07-04T22:01:57.256261+00:00,137.9,38,ask,DiligentDonuts,FlawlessFlatbreads,7536988
2026-07-04T22:01:58.246037,2026-07-04T22:01:58.258556+00:00,137.9,62,ask,DiligentDonuts,EarnestEspressos,7537001
2026-07-04T22:01:58.612590,2026-07-04T22:01:58.620437+00:00,137.9,3,bid,Xuanyu Liu,EarnestEspressos,7537007
2026-07-04T22:01:59.351705,2026-07-04T22:01:59.360486+00:00,137.8,50,ask,DiligentDonuts,FlawlessFlatbreads,7537020
2026-07-04T22:02:01.460215,2026-07-04T22:02:01.472177+00:00,137.8,50,ask,DiligentDonuts,FlawlessFlatbreads,7537047
2026-07-04T22:02:03.597919,2026-07-04T22:02:03.609106+00:00,137.7,50,ask,EarnestEspressos,FlawlessFlatbreads,7537085
2026-07-04T22:02:05.706497,2026-07-04T22:02:05.719351+00:00,137.5,50,ask,EarnestEspressos,FlawlessFlatbreads,7537118
2026-07-04T22:02:06.935047,2026-07-04T22:02:06.947039+00:00,138.0,49,bid,CostlyCorianders,EarnestEspressos,7537129
2026-07-04T22:02:07.777830,2026-07-04T22:02:07.790424+00:00,137.9,50,bid,FlawlessFlatbreads,EarnestEspressos,7537145
2026-07-04T22:02:09.883762,2026-07-04T22:02:09.895448+00:00,137.9,50,bid,FlawlessFlatbreads,EarnestEspressos,7537182
2026-07-04T22:02:10.410114,2026-07-04T22:02:10.418585+00:00,137.9,3,bid,Xuanyu Liu,EarnestEspressos,7537189
2026-07-04T22:02:10.855581,2026-07-04T22:02:10.866928+00:00,138.0,100,bid,EarnestEspressos,DiligentDonuts,7537205
2026-07-04T22:02:10.917721,2026-07-04T22:02:10.927002+00:00,138.3,3,ask,EarnestEspressos,Xuanyu Liu,7537206
2026-07-04T22:02:11.999747,2026-07-04T22:02:12.010131+00:00,138.6,50,bid,FlawlessFlatbreads,DiligentDonuts,7537225
2026-07-04T22:02:12.370991,2026-07-04T22:02:12.378544+00:00,138.3,41,ask,EarnestEspressos,CostlyCorianders,7537234
2026-07-04T22:02:14.156685,2026-07-04T22:02:14.152648+00:00,138.1,50,ask,DiligentDonuts,FlawlessFlatbreads,7537266
2026-07-04T22:02:15.937368,2026-07-04T22:02:15.947047+00:00,138.3,43,bid,CostlyCorianders,EarnestEspressos,7537284
2026-07-04T22:02:16.262556,2026-07-04T22:02:16.269211+00:00,138.1,50,ask,DiligentDonuts,FlawlessFlatbreads,7537289
2026-07-04T22:02:18.159312,2026-07-04T22:02:18.170947+00:00,138.4,42,bid,CostlyCorianders,EarnestEspressos,7537315
2026-07-04T22:02:18.318183,2026-07-04T22:02:18.328563+00:00,138.4,50,bid,FlawlessFlatbreads,EarnestEspressos,7537320
2026-07-04T22:02:20.424158,2026-07-04T22:02:20.435600+00:00,138.4,50,bid,FlawlessFlatbreads,DiligentDonuts,7537354
2026-07-04T22:02:22.592504,2026-07-04T22:02:22.604467+00:00,138.2,50,ask,EarnestEspressos,FlawlessFlatbreads,7537388
2026-07-04T22:02:24.294270,2026-07-04T22:02:24.305878+00:00,137.9,45,ask,EarnestEspressos,CostlyCorianders,7537413
2026-07-04T22:02:24.699471,2026-07-04T22:02:24.709627+00:00,137.9,50,ask,EarnestEspressos,FlawlessFlatbreads,7537422
2026-07-04T22:02:24.906959,2026-07-04T22:02:24.918791+00:00,137.9,47,ask,EarnestEspressos,CostlyCorianders,7537424
2026-07-04T22:02:26.724519,2026-07-04T22:02:26.732921+00:00,137.8,100,ask,DiligentDonuts,EarnestEspressos,7537450
2026-07-04T22:02:26.806219,2026-07-04T22:02:26.818064+00:00,137.2,50,ask,EarnestEspressos,FlawlessFlatbreads,7537454
2026-07-04T22:02:27.159621,2026-07-04T22:02:27.175531+00:00,137.7,14,bid,Xuanyu Liu,EarnestEspressos,7537459
2026-07-04T22:02:27.330309,2026-07-04T22:02:27.339621+00:00,137.7,36,bid,DiligentDonuts,EarnestEspressos,7537463
2026-07-04T22:02:30.676517,2026-07-04T22:02:30.683429+00:00,138.3,45,bid,CostlyCorianders,DiligentDonuts,7537507
2026-07-04T22:02:30.966524,2026-07-04T22:02:30.978322+00:00,138.3,50,bid,FlawlessFlatbreads,DiligentDonuts,7537512
2026-07-04T22:02:33.075244,2026-07-04T22:02:33.087130+00:00,138.3,5,bid,FlawlessFlatbreads,DiligentDonuts,7537541
2026-07-04T22:02:35.182876,2026-07-04T22:02:35.194630+00:00,138.6,50,bid,FlawlessFlatbreads,EarnestEspressos,7537578
2026-07-04T22:02:36.174673,2026-07-04T22:02:36.183114+00:00,138.5,11,ask,EarnestEspressos,Xuanyu Liu,7537594
2026-07-04T22:02:36.616191,2026-07-04T22:02:36.626518+00:00,138.5,3,ask,EarnestEspressos,Xuanyu Liu,7537603
2026-07-04T22:02:38.394953,2026-07-04T22:02:38.406946+00:00,138.5,48,ask,EarnestEspressos,CostlyCorianders,7537630
2026-07-04T22:02:39.394759,2026-07-04T22:02:39.406356+00:00,138.8,50,bid,FlawlessFlatbreads,DiligentDonuts,7537646
2026-07-04T22:02:41.012319,2026-07-04T22:02:41.021452+00:00,138.9,25,bid,Yinxuan Li,EarnestEspressos,7537667
2026-07-04T22:02:41.501039,2026-07-04T22:02:41.511711+00:00,138.9,50,bid,FlawlessFlatbreads,EarnestEspressos,7537672
2026-07-04T22:02:43.659487,2026-07-04T22:02:43.671107+00:00,138.9,50,ask,EarnestEspressos,FlawlessFlatbreads,7537717
2026-07-04T22:02:45.765760,2026-07-04T22:02:45.775623+00:00,138.9,50,ask,DiligentDonuts,FlawlessFlatbreads,7537755
2026-07-04T22:02:46.072216,2026-07-04T22:02:46.083885+00:00,138.9,40,ask,DiligentDonuts,CostlyCorianders,7537761
2026-07-04T22:02:47.871231,2026-07-04T22:02:47.882734+00:00,138.8,50,ask,EarnestEspressos,FlawlessFlatbreads,7537797
2026-07-04T22:02:48.553890,2026-07-04T22:02:48.570299+00:00,138.9,43,bid,CostlyCorianders,DiligentDonuts,7537808
2026-07-04T22:02:49.928810,2026-07-04T22:02:49.940757+00:00,139.1,50,bid,FlawlessFlatbreads,EarnestEspressos,7537834
2026-07-04T22:02:52.087819,2026-07-04T22:02:52.099762+00:00,138.8,50,ask,DiligentDonuts,FlawlessFlatbreads,7537879
2026-07-04T22:02:52.488899,2026-07-04T22:02:52.500501+00:00,139.2,47,bid,CostlyCorianders,EarnestEspressos,7537888
2026-07-04T22:02:52.543676,2026-07-04T22:02:52.555479+00:00,138.8,41,ask,DiligentDonuts,CostlyCorianders,7537889
2026-07-04T22:02:52.691027,2026-07-04T22:02:52.699000+00:00,138.8,100,ask,EarnestEspressos,DiligentDonuts,7537892
2026-07-04T22:02:53.546661,2026-07-04T22:02:53.563823+00:00,138.8,46,ask,EarnestEspressos,CostlyCorianders,7537905
2026-07-04T22:02:54.196491,2026-07-04T22:02:54.204192+00:00,138.8,4,ask,EarnestEspressos,FlawlessFlatbreads,7537918
2026-07-04T22:02:54.196491,2026-07-04T22:02:54.209583+00:00,138.1,46,ask,DiligentDonuts,FlawlessFlatbreads,7537919
2026-07-04T22:02:56.037330,2026-07-04T22:02:56.044391+00:00,138.4,25,bid,Yinxuan Li,EarnestEspressos,7537949
2026-07-04T22:02:56.305997,2026-07-04T22:02:56.317564+00:00,138.3,50,ask,DiligentDonuts,FlawlessFlatbreads,7537955
2026-07-04T22:02:57.560130,2026-07-04T22:02:57.568847+00:00,138.4,3,bid,Xuanyu Liu,EarnestEspressos,7537974
2026-07-04T22:02:57.633760,2026-07-04T22:02:57.645561+00:00,138.4,42,bid,CostlyCorianders,EarnestEspressos,7537976
2026-07-04T22:02:58.411674,2026-07-04T22:02:58.420899+00:00,138.3,50,ask,DiligentDonuts,FlawlessFlatbreads,7537989
2026-07-04T22:03:00.521468,2026-07-04T22:03:00.530100+00:00,138.3,50,ask,EarnestEspressos,FlawlessFlatbreads,7538020
2026-07-04T22:03:02.626863,2026-07-04T22:03:02.638340+00:00,138.1,50,ask,DiligentDonuts,FlawlessFlatbreads,7538062
2026-07-04T22:03:03.700527,2026-07-04T22:03:03.712319+00:00,138.5,44,bid,CostlyCorianders,EarnestEspressos,7538085
2026-07-04T22:03:04.751605,2026-07-04T22:03:04.755616+00:00,138.2,50,ask,EarnestEspressos,FlawlessFlatbreads,7538095
2026-07-04T22:03:05.369086,2026-07-04T22:03:05.377536+00:00,138.3,11,bid,Xuanyu Liu,DiligentDonuts,7538110
2026-07-04T22:03:05.543402,2026-07-04T22:03:05.558599+00:00,138.3,46,bid,CostlyCorianders,DiligentDonuts,7538115
2026-07-04T22:03:06.057695,2026-07-04T22:03:06.069223+00:00,138.3,25,bid,Yinxuan Li,DiligentDonuts,7538124
2026-07-04T22:03:06.857972,2026-07-04T22:03:06.869838+00:00,138.2,50,ask,EarnestEspressos,FlawlessFlatbreads,7538136
2026-07-04T22:03:08.464030,2026-07-04T22:03:08.475866+00:00,138.3,100,bid,DiligentDonuts,EarnestEspressos,7538173
2026-07-04T22:03:08.969003,2026-07-04T22:03:08.980475+00:00,137.8,50,ask,EarnestEspressos,FlawlessFlatbreads,7538177
2026-07-04T22:03:10.340110,2026-07-04T22:03:10.358578+00:00,137.8,44,ask,EarnestEspressos,CostlyCorianders,7538199
2026-07-04T22:03:11.072369,2026-07-04T22:03:11.078785+00:00,138.1,25,bid,Yinxuan Li,EarnestEspressos,7538214
2026-07-04T22:03:11.075820,2026-07-04T22:03:11.084083+00:00,137.6,50,ask,EarnestEspressos,FlawlessFlatbreads,7538215
2026-07-04T22:03:13.192242,2026-07-04T22:03:13.202017+00:00,137.6,50,ask,EarnestEspressos,FlawlessFlatbreads,7538240
2026-07-04T22:03:14.198631,2026-07-04T22:03:14.207991+00:00,137.7,23,bid,Xuanyu Liu,EarnestEspressos,7538253
2026-07-04T22:03:14.397796,2026-07-04T22:03:14.406752+00:00,137.7,12,bid,Xuanyu Liu,EarnestEspressos,7538258
2026-07-04T22:03:14.552373,2026-07-04T22:03:14.564419+00:00,137.7,45,bid,CostlyCorianders,EarnestEspressos,7538265
2026-07-04T22:03:14.591736,2026-07-04T22:03:14.602476+00:00,137.7,11,bid,Xuanyu Liu,EarnestEspressos,7538267
2026-07-04T22:03:14.686412,2026-07-04T22:03:14.697800+00:00,137.7,22,bid,Zihao Wu,EarnestEspressos,7538270
2026-07-04T22:03:14.791421,2026-07-04T22:03:14.803332+00:00,137.7,37,bid,DiligentDonuts,EarnestEspressos,7538271
2026-07-04T22:03:15.155445,2026-07-04T22:03:15.157837+00:00,138.2,46,bid,CostlyCorianders,DiligentDonuts,7538275
2026-07-04T22:03:15.208963,2026-07-04T22:03:15.217571+00:00,137.7,47,ask,DiligentDonuts,CostlyCorianders,7538277
2026-07-04T22:03:15.297837,2026-07-04T22:03:15.309719+00:00,137.7,16,ask,DiligentDonuts,FlawlessFlatbreads,7538279
2026-07-04T22:03:15.297837,2026-07-04T22:03:15.309719+00:00,137.2,34,ask,EarnestEspressos,FlawlessFlatbreads,7538280
2026-07-04T22:03:16.667655,2026-07-04T22:03:16.679519+00:00,138.2,42,bid,CostlyCorianders,DiligentDonuts,7538296
2026-07-04T22:03:17.411412,2026-07-04T22:03:17.424036+00:00,137.9,50,ask,EarnestEspressos,FlawlessFlatbreads,7538311
2026-07-04T22:03:19.518199,2026-07-04T22:03:19.530017+00:00,137.9,50,ask,EarnestEspressos,FlawlessFlatbreads,7538333
2026-07-04T22:03:21.578920,2026-07-04T22:03:21.587065+00:00,138.1,50,bid,FlawlessFlatbreads,EarnestEspressos,7538362
2026-07-04T22:03:23.017823,2026-07-04T22:03:23.029348+00:00,138.1,48,bid,CostlyCorianders,EarnestEspressos,7538389
2026-07-04T22:03:23.072277,2026-07-04T22:03:23.084160+00:00,137.8,40,ask,DiligentDonuts,CostlyCorianders,7538390
2026-07-04T22:03:23.711737,2026-07-04T22:03:23.723246+00:00,138.3,50,bid,FlawlessFlatbreads,DiligentDonuts,7538397
2026-07-04T22:03:25.103902,2026-07-04T22:03:25.112074+00:00,138.2,11,ask,EarnestEspressos,Xuanyu Liu,7538414
2026-07-04T22:03:25.818752,2026-07-04T22:03:25.829894+00:00,138.5,50,bid,FlawlessFlatbreads,DiligentDonuts,7538420
2026-07-04T22:03:28.000278,2026-07-04T22:03:28.009844+00:00,138.1,50,ask,EarnestEspressos,FlawlessFlatbreads,7538453
2026-07-04T22:03:28.217597,2026-07-04T22:03:28.227175+00:00,138.1,44,ask,EarnestEspressos,CostlyCorianders,7538459
2026-07-04T22:03:30.055355,2026-07-04T22:03:30.066148+00:00,138.2,50,bid,FlawlessFlatbreads,EarnestEspressos,7538488
2026-07-04T22:03:32.175663,2026-07-04T22:03:32.187596+00:00,138.2,50,bid,FlawlessFlatbreads,EarnestEspressos,7538527
2026-07-04T22:03:32.338503,2026-07-04T22:03:32.350212+00:00,138.1,46,ask,DiligentDonuts,CostlyCorianders,7538530
2026-07-04T22:03:32.966599,2026-07-04T22:03:32.973696+00:00,138.2,11,bid,Xuanyu Liu,EarnestEspressos,7538549
2026-07-04T22:03:33.447563,2026-07-04T22:03:33.463904+00:00,138.6,42,bid,CostlyCorianders,DiligentDonuts,7538559
2026-07-04T22:03:35.585930,2026-07-04T22:03:35.593680+00:00,138.3,11,ask,EarnestEspressos,Xuanyu Liu,7538593
2026-07-04T22:03:35.601450,2026-07-04T22:03:35.608871+00:00,138.3,22,ask,EarnestEspressos,Zihao Wu,7538597
2026-07-04T22:03:36.169619,2026-07-04T22:03:36.179331+00:00,138.3,48,ask,EarnestEspressos,CostlyCorianders,7538606
2026-07-04T22:03:36.391773,2026-07-04T22:03:36.403368+00:00,138.8,50,bid,FlawlessFlatbreads,DiligentDonuts,7538609
2026-07-04T22:03:38.548199,2026-07-04T22:03:38.563613+00:00,138.5,50,ask,EarnestEspressos,FlawlessFlatbreads,7538631
2026-07-04T22:03:39.268052,2026-07-04T22:03:39.279501+00:00,139.0,45,bid,CostlyCorianders,EarnestEspressos,7538649
2026-07-04T22:03:40.086980,2026-07-04T22:03:40.095429+00:00,138.6,100,bid,DiligentDonuts,EarnestEspressos,7538669
2026-07-04T22:03:40.654658,2026-07-04T22:03:40.658556+00:00,138.1,50,ask,EarnestEspressos,FlawlessFlatbreads,7538679
2026-07-04T22:03:42.760798,2026-07-04T22:03:42.772345+00:00,138.5,50,ask,EarnestEspressos,FlawlessFlatbreads,7538700
2026-07-04T22:03:43.164477,2026-07-04T22:03:43.174107+00:00,139.0,47,bid,CostlyCorianders,EarnestEspressos,7538703
2026-07-04T22:03:43.683279,2026-07-04T22:03:43.694857+00:00,138.5,42,ask,EarnestEspressos,CostlyCorianders,7538712
2026-07-04T22:03:44.587032,2026-07-04T22:03:44.598572+00:00,138.5,45,ask,EarnestEspressos,CostlyCorianders,7538719
2026-07-04T22:03:46.970969,2026-07-04T22:03:46.982543+00:00,138.5,50,ask,DiligentDonuts,FlawlessFlatbreads,7538755
2026-07-04T22:03:48.151094,2026-07-04T22:03:48.157444+00:00,138.6,48,bid,CostlyCorianders,EarnestEspressos,7538775
2026-07-04T22:03:48.327481,2026-07-04T22:03:48.335730+00:00,138.6,11,bid,Xuanyu Liu,EarnestEspressos,7538783
2026-07-04T22:03:49.078199,2026-07-04T22:03:49.089854+00:00,138.5,50,ask,DiligentDonuts,FlawlessFlatbreads,7538796
2026-07-04T22:03:49.270732,2026-07-04T22:03:49.283698+00:00,138.3,40,ask,EarnestEspressos,CostlyCorianders,7538801
2026-07-04T22:03:49.975425,2026-07-04T22:03:49.983077+00:00,138.5,11,bid,Xuanyu Liu,DiligentDonuts,7538815
2026-07-04T22:03:51.182664,2026-07-04T22:03:51.194276+00:00,138.3,50,ask,EarnestEspressos,FlawlessFlatbreads,7538831
2026-07-04T22:03:52.990685,2026-07-04T22:03:53.002344+00:00,138.4,45,bid,CostlyCorianders,DiligentDonuts,7538854
2026-07-04T22:03:53.289236,2026-07-04T22:03:53.301012+00:00,138.0,50,ask,EarnestEspressos,FlawlessFlatbreads,7538859
2026-07-04T22:03:53.499771,2026-07-04T22:03:53.509242+00:00,138.0,46,ask,EarnestEspressos,CostlyCorianders,7538860
2026-07-04T22:03:55.319781,2026-07-04T22:03:55.328695+00:00,138.1,23,bid,Xuanyu Liu,EarnestEspressos,7538891
2026-07-04T22:03:55.395827,2026-07-04T22:03:55.404071+00:00,137.9,50,ask,DiligentDonuts,FlawlessFlatbreads,7538894
2026-07-04T22:03:55.914043,2026-07-04T22:03:55.924999+00:00,138.1,100,bid,DiligentDonuts,EarnestEspressos,7538902
2026-07-04T22:03:56.515252,2026-07-04T22:03:56.523474+00:00,138.1,6,bid,Xuanyu Liu,EarnestEspressos,7538914
2026-07-04T22:03:59.615209,2026-07-04T22:03:59.625486+00:00,138.0,50,ask,EarnestEspressos,FlawlessFlatbreads,7538960
2026-07-04T22:04:00.447556,2026-07-04T22:04:00.456449+00:00,138.0,6,ask,EarnestEspressos,Xuanyu Liu,7538972
2026-07-04T22:04:01.670520,2026-07-04T22:04:01.682216+00:00,138.1,50,bid,FlawlessFlatbreads,EarnestEspressos,7538999
2026-07-04T22:04:02.013942,2026-07-04T22:04:02.025907+00:00,138.1,40,bid,CostlyCorianders,EarnestEspressos,7539001
2026-07-04T22:04:02.576504,2026-07-04T22:04:02.585685+00:00,138.1,46,bid,CostlyCorianders,EarnestEspressos,7539017
2026-07-04T22:04:03.597288,2026-07-04T22:04:03.604798+00:00,138.1,14,bid,CostlyCorianders,EarnestEspressos,7539038
2026-07-04T22:04:03.597288,2026-07-04T22:04:03.609787+00:00,138.2,35,bid,CostlyCorianders,DiligentDonuts,7539039
2026-07-04T22:04:04.753281,2026-07-04T22:04:04.764880+00:00,138.2,65,bid,EarnestEspressos,DiligentDonuts,7539053
2026-07-04T22:04:04.820948,2026-07-04T22:04:04.829347+00:00,138.5,23,ask,EarnestEspressos,Xuanyu Liu,7539054
2026-07-04T22:04:05.583420,2026-07-04T22:04:05.595185+00:00,138.5,46,ask,EarnestEspressos,CostlyCorianders,7539067
2026-07-04T22:04:05.883185,2026-07-04T22:04:05.894767+00:00,138.6,50,bid,FlawlessFlatbreads,DiligentDonuts,7539071
2026-07-04T22:04:06.572700,2026-07-04T22:04:06.584820+00:00,138.5,16,ask,EarnestEspressos,CostlyCorianders,7539079
2026-07-04T22:04:06.572700,2026-07-04T22:04:06.584820+00:00,138.1,32,ask,DiligentDonuts,CostlyCorianders,7539080
2026-07-04T22:04:07.990428,2026-07-04T22:04:07.997211+00:00,138.4,50,bid,FlawlessFlatbreads,EarnestEspressos,7539106
2026-07-04T22:04:08.044983,2026-07-04T22:04:08.058547+00:00,138.4,47,bid,CostlyCorianders,EarnestEspressos,7539108
2026-07-04T22:04:08.726235,2026-07-04T22:04:08.738188+00:00,138.3,46,ask,DiligentDonuts,CostlyCorianders,7539116
2026-07-04T22:04:09.629855,2026-07-04T22:04:09.639387+00:00,138.4,12,bid,Xuanyu Liu,EarnestEspressos,7539129
2026-07-04T22:04:11.737128,2026-07-04T22:04:11.764276+00:00,138.5,44,ask,EarnestEspressos,CostlyCorianders,7539166
2026-07-04T22:04:12.204217,2026-07-04T22:04:12.216096+00:00,138.6,50,bid,FlawlessFlatbreads,DiligentDonuts,7539178
2026-07-04T22:04:14.330266,2026-07-04T22:04:14.341337+00:00,138.6,50,bid,FlawlessFlatbreads,DiligentDonuts,7539219
2026-07-04T22:04:16.312066,2026-07-04T22:04:16.323587+00:00,138.8,40,bid,CostlyCorianders,EarnestEspressos,7539258
2026-07-04T22:04:16.436239,2026-07-04T22:04:16.458552+00:00,138.8,50,bid,FlawlessFlatbreads,EarnestEspressos,7539260
2026-07-04T22:04:17.416849,2026-07-04T22:04:17.425096+00:00,138.6,12,ask,EarnestEspressos,Xuanyu Liu,7539273
2026-07-04T22:04:17.434154,2026-07-04T22:04:17.440479+00:00,139.0,49,bid,CostlyCorianders,DiligentDonuts,7539275
2026-07-04T22:04:18.550541,2026-07-04T22:04:18.558569+00:00,139.1,50,bid,FlawlessFlatbreads,EarnestEspressos,7539301
2026-07-04T22:04:20.580264,2026-07-04T22:04:20.589033+00:00,138.8,22,ask,EarnestEspressos,Xuanyu Liu,7539339
2026-07-04T22:04:20.657578,2026-07-04T22:04:20.669126+00:00,139.1,50,bid,FlawlessFlatbreads,DiligentDonuts,7539341
2026-07-04T22:04:21.435267,2026-07-04T22:04:21.445098+00:00,138.8,12,ask,EarnestEspressos,Xuanyu Liu,7539359
2026-07-04T22:04:21.698084,2026-07-04T22:04:21.705891+00:00,138.8,47,ask,EarnestEspressos,CostlyCorianders,7539371
2026-07-04T22:04:22.797807,2026-07-04T22:04:22.806674+00:00,139.2,50,bid,FlawlessFlatbreads,EarnestEspressos,7539389
2026-07-04T22:04:27.010877,2026-07-04T22:04:27.022697+00:00,139.1,50,bid,FlawlessFlatbreads,EarnestEspressos,7539455
2026-07-04T22:04:27.713606,2026-07-04T22:04:27.721241+00:00,139.1,40,bid,CostlyCorianders,EarnestEspressos,7539466
2026-07-04T22:04:29.679322,2026-07-04T22:04:29.687228+00:00,138.8,47,ask,DiligentDonuts,CostlyCorianders,7539518
2026-07-04T22:04:30.069990,2026-07-04T22:04:30.078318+00:00,139.1,11,ask,EarnestEspressos,Xuanyu Liu,7539519
2026-07-04T22:04:30.611150,2026-07-04T22:04:30.621046+00:00,139.1,12,ask,EarnestEspressos,Xuanyu Liu,7539529
2026-07-04T22:04:30.775819,2026-07-04T22:04:30.783992+00:00,139.1,100,ask,EarnestEspressos,DiligentDonuts,7539532
2026-07-04T22:04:31.276999,2026-07-04T22:04:31.288247+00:00,139.1,27,ask,EarnestEspressos,FlawlessFlatbreads,7539545
2026-07-04T22:04:31.276999,2026-07-04T22:04:31.288247+00:00,138.6,23,ask,DiligentDonuts,FlawlessFlatbreads,7539546
2026-07-04T22:04:32.099234,2026-07-04T22:04:32.110991+00:00,138.6,45,ask,DiligentDonuts,CostlyCorianders,7539565
2026-07-04T22:04:33.279088,2026-07-04T22:04:33.286795+00:00,138.9,12,bid,Xuanyu Liu,EarnestEspressos,7539584
2026-07-04T22:04:33.386253,2026-07-04T22:04:33.397752+00:00,138.6,32,ask,DiligentDonuts,FlawlessFlatbreads,7539588
2026-07-04T22:04:33.386253,2026-07-04T22:04:33.397752+00:00,138.4,18,ask,EarnestEspressos,FlawlessFlatbreads,7539589
2026-07-04T22:04:35.512094,2026-07-04T22:04:35.524633+00:00,138.7,50,ask,DiligentDonuts,FlawlessFlatbreads,7539620
2026-07-04T22:04:37.507720,2026-07-04T22:04:37.519504+00:00,139.0,40,bid,CostlyCorianders,EarnestEspressos,7539655
2026-07-04T22:04:37.618774,2026-07-04T22:04:37.630714+00:00,138.5,50,ask,EarnestEspressos,FlawlessFlatbreads,7539656
2026-07-04T22:04:38.963007,2026-07-04T22:04:38.971207+00:00,139.0,49,bid,CostlyCorianders,EarnestEspressos,7539679
2026-07-04T22:04:39.675746,2026-07-04T22:04:39.687529+00:00,139.0,50,bid,FlawlessFlatbreads,DiligentDonuts,7539699
2026-07-04T22:04:41.647724,2026-07-04T22:04:41.659124+00:00,138.6,48,ask,DiligentDonuts,CostlyCorianders,7539734
2026-07-04T22:04:41.807540,2026-07-04T22:04:41.819479+00:00,139.0,50,bid,FlawlessFlatbreads,EarnestEspressos,7539738
2026-07-04T22:04:43.915748,2026-07-04T22:04:43.925208+00:00,139.1,50,bid,FlawlessFlatbreads,DiligentDonuts,7539770
2026-07-04T22:04:44.118971,2026-07-04T22:04:44.130711+00:00,139.1,43,bid,CostlyCorianders,DiligentDonuts,7539775
2026-07-04T22:04:45.142726,2026-07-04T22:04:45.150315+00:00,138.9,44,ask,EarnestEspressos,CostlyCorianders,7539796
2026-07-04T22:04:45.206926,2026-07-04T22:04:45.223509+00:00,139.1,7,bid,Xuanyu Liu,DiligentDonuts,7539799
2026-07-04T22:04:46.023713,2026-07-04T22:04:46.032836+00:00,139.7,50,bid,FlawlessFlatbreads,EarnestEspressos,7539808
2026-07-04T22:04:46.474718,2026-07-04T22:04:46.486503+00:00,139.2,46,ask,EarnestEspressos,CostlyCorianders,7539820
2026-07-04T22:04:47.018242,2026-07-04T22:04:47.025342+00:00,139.6,43,bid,CostlyCorianders,DiligentDonuts,7539828
2026-07-04T22:04:47.506586,2026-07-04T22:04:47.518217+00:00,139.2,43,ask,EarnestEspressos,CostlyCorianders,7539840
2026-07-04T22:04:47.685534,2026-07-04T22:04:47.694176+00:00,139.2,7,ask,EarnestEspressos,Xuanyu Liu,7539850
2026-07-04T22:04:47.980994,2026-07-04T22:04:47.992470+00:00,139.2,47,ask,EarnestEspressos,CostlyCorianders,7539852
2026-07-04T22:04:48.185711,2026-07-04T22:04:48.194623+00:00,139.2,7,ask,EarnestEspressos,FlawlessFlatbreads,7539858
2026-07-04T22:04:48.185711,2026-07-04T22:04:48.194623+00:00,139.1,43,ask,DiligentDonuts,FlawlessFlatbreads,7539859
2026-07-04T22:04:49.090813,2026-07-04T22:04:49.102444+00:00,139.1,57,ask,DiligentDonuts,EarnestEspressos,7539872
2026-07-04T22:04:49.103578,2026-07-04T22:04:49.112083+00:00,138.9,23,bid,Xuanyu Liu,EarnestEspressos,7539873
2026-07-04T22:04:50.089381,2026-07-04T22:04:50.097662+00:00,138.9,11,bid,Xuanyu Liu,EarnestEspressos,7539890
2026-07-04T22:04:50.243471,2026-07-04T22:04:50.255459+00:00,138.9,50,bid,FlawlessFlatbreads,EarnestEspressos,7539893
2026-07-04T22:04:50.301473,2026-07-04T22:04:50.309973+00:00,138.9,9,bid,Xuanyu Liu,EarnestEspressos,7539896
2026-07-04T22:04:50.326138,2026-07-04T22:04:50.337823+00:00,139.3,42,bid,CostlyCorianders,DiligentDonuts,7539898
2026-07-04T22:04:52.213526,2026-07-04T22:04:52.223508+00:00,139.0,9,ask,EarnestEspressos,Xuanyu Liu,7539935
2026-07-04T22:04:52.339802,2026-07-04T22:04:52.351656+00:00,139.3,49,bid,CostlyCorianders,DiligentDonuts,7539937
2026-07-04T22:04:52.354178,2026-07-04T22:04:52.365976+00:00,139.3,9,bid,FlawlessFlatbreads,DiligentDonuts,7539938
2026-07-04T22:04:52.354178,2026-07-04T22:04:52.365976+00:00,139.5,41,bid,FlawlessFlatbreads,EarnestEspressos,7539939
2026-07-04T22:04:52.869771,2026-07-04T22:04:52.880920+00:00,139.2,23,ask,DiligentDonuts,Xuanyu Liu,7539944
2026-07-04T22:04:53.304085,2026-07-04T22:04:53.315678+00:00,139.2,41,ask,DiligentDonuts,CostlyCorianders,7539953
2026-07-04T22:04:54.462088,2026-07-04T22:04:54.473771+00:00,139.5,50,bid,FlawlessFlatbreads,EarnestEspressos,7539972
2026-07-04T22:04:55.375722,2026-07-04T22:04:55.382895+00:00,139.4,23,ask,EarnestEspressos,Xuanyu Liu,7539983
2026-07-04T22:04:55.807737,2026-07-04T22:04:55.819730+00:00,139.4,40,ask,EarnestEspressos,CostlyCorianders,7539988
2026-07-04T22:04:58.674467,2026-07-04T22:04:58.685963+00:00,139.5,50,bid,FlawlessFlatbreads,DiligentDonuts,7540041
2026-07-04T22:04:59.731914,2026-07-04T22:04:59.741091+00:00,139.6,45,bid,CostlyCorianders,DiligentDonuts,7540057
2026-07-04T22:05:00.334038,2026-07-04T22:05:00.349299+00:00,139.6,48,bid,CostlyCorianders,DiligentDonuts,7540069
2026-07-04T22:05:00.781507,2026-07-04T22:05:00.789140+00:00,139.6,7,bid,FlawlessFlatbreads,DiligentDonuts,7540077
2026-07-04T22:05:00.781507,2026-07-04T22:05:00.794122+00:00,139.7,43,bid,FlawlessFlatbreads,EarnestEspressos,7540078
2026-07-04T22:05:01.496928,2026-07-04T22:05:01.508622+00:00,139.2,42,ask,EarnestEspressos,CostlyCorianders,7540085
2026-07-04T22:05:02.359409,2026-07-04T22:05:02.370086+00:00,139.5,11,ask,DiligentDonuts,Xuanyu Liu,7540099
2026-07-04T22:05:04.524915,2026-07-04T22:05:04.536786+00:00,139.5,41,ask,DiligentDonuts,CostlyCorianders,7540140
2026-07-04T22:05:06.026428,2026-07-04T22:05:06.037886+00:00,139.6,41,bid,CostlyCorianders,EarnestEspressos,7540154
2026-07-04T22:05:06.675497,2026-07-04T22:05:06.687371+00:00,139.6,42,bid,CostlyCorianders,EarnestEspressos,7540167
2026-07-04T22:05:07.095760,2026-07-04T22:05:07.106305+00:00,139.6,50,bid,FlawlessFlatbreads,EarnestEspressos,7540170
2026-07-04T22:05:08.023300,2026-07-04T22:05:08.031972+00:00,139.7,3,ask,EarnestEspressos,Xuanyu Liu,7540186
2026-07-04T22:05:08.948463,2026-07-04T22:05:08.959993+00:00,139.7,48,ask,EarnestEspressos,CostlyCorianders,7540199
2026-07-04T22:05:09.205625,2026-07-04T22:05:09.213335+00:00,139.9,50,bid,FlawlessFlatbreads,DiligentDonuts,7540204
2026-07-04T22:05:10.538609,2026-07-04T22:05:10.550433+00:00,139.9,44,bid,CostlyCorianders,DiligentDonuts,7540226
2026-07-04T22:05:11.169676,2026-07-04T22:05:11.181296+00:00,139.4,45,ask,DiligentDonuts,CostlyCorianders,7540233
2026-07-04T22:05:11.311341,2026-07-04T22:05:11.323000+00:00,139.9,6,bid,FlawlessFlatbreads,DiligentDonuts,7540239
2026-07-04T22:05:11.311341,2026-07-04T22:05:11.323000+00:00,140.1,44,bid,FlawlessFlatbreads,EarnestEspressos,7540240
2026-07-04T22:05:12.842182,2026-07-04T22:05:12.853948+00:00,139.6,49,ask,EarnestEspressos,CostlyCorianders,7540273
2026-07-04T22:05:13.419912,2026-07-04T22:05:13.431686+00:00,139.9,50,bid,FlawlessFlatbreads,DiligentDonuts,7540280
2026-07-04T22:05:14.572161,2026-07-04T22:05:14.583964+00:00,139.9,46,bid,CostlyCorianders,DiligentDonuts,7540293
2026-07-04T22:05:16.560847,2026-07-04T22:05:16.569571+00:00,139.8,3,ask,DiligentDonuts,Xuanyu Liu,7540322
2026-07-04T22:05:17.631334,2026-07-04T22:05:17.642851+00:00,139.9,50,bid,FlawlessFlatbreads,EarnestEspressos,7540333
2026-07-04T22:05:18.215210,2026-07-04T22:05:18.223483+00:00,139.8,49,ask,DiligentDonuts,CostlyCorianders,7540343
2026-07-04T22:05:19.738524,2026-07-04T22:05:19.758612+00:00,139.9,50,bid,FlawlessFlatbreads,EarnestEspressos,7540363
2026-07-04T22:05:21.895716,2026-07-04T22:05:21.907198+00:00,139.9,50,ask,EarnestEspressos,FlawlessFlatbreads,7540395
2026-07-04T22:05:23.952256,2026-07-04T22:05:23.958603+00:00,140.2,50,bid,FlawlessFlatbreads,DiligentDonuts,7540431
2026-07-04T22:05:28.240062,2026-07-04T22:05:28.249300+00:00,139.8,50,ask,EarnestEspressos,FlawlessFlatbreads,7540487
2026-07-04T22:05:30.346544,2026-07-04T22:05:30.358588+00:00,139.8,50,ask,DiligentDonuts,FlawlessFlatbreads,7540516
2026-07-04T22:05:32.473023,2026-07-04T22:05:32.481971+00:00,139.8,50,ask,DiligentDonuts,FlawlessFlatbreads,7540542
2026-07-04T22:05:33.938915,2026-07-04T22:05:33.949026+00:00,140.1,46,bid,CostlyCorianders,EarnestEspressos,7540555
2026-07-04T22:05:35.394796,2026-07-04T22:05:35.406657+00:00,139.6,44,ask,EarnestEspressos,CostlyCorianders,7540565
2026-07-04T22:05:37.551943,2026-07-04T22:05:37.563641+00:00,140.3,42,bid,CostlyCorianders,EarnestEspressos,7540598
2026-07-04T22:05:38.800342,2026-07-04T22:05:38.809667+00:00,139.8,50,ask,EarnestEspressos,FlawlessFlatbreads,7540612
2026-07-04T22:05:39.603834,2026-07-04T22:05:39.615488+00:00,139.8,47,ask,DiligentDonuts,CostlyCorianders,7540628
2026-07-04T22:05:40.881839,2026-07-04T22:05:40.889884+00:00,140.1,50,bid,FlawlessFlatbreads,DiligentDonuts,7540645
2026-07-04T22:05:42.861274,2026-07-04T22:05:42.869924+00:00,139.7,3,bid,Xuanyu Liu,EarnestEspressos,7540689
2026-07-04T22:05:42.987765,2026-07-04T22:05:42.999501+00:00,139.7,50,bid,FlawlessFlatbreads,EarnestEspressos,7540693
2026-07-04T22:05:45.094358,2026-07-04T22:05:45.101279+00:00,139.7,50,bid,FlawlessFlatbreads,EarnestEspressos,7540734
2026-07-04T22:05:45.972758,2026-07-04T22:05:45.981048+00:00,139.6,42,ask,EarnestEspressos,CostlyCorianders,7540754
2026-07-04T22:05:46.502105,2026-07-04T22:05:46.513734+00:00,140.0,46,bid,CostlyCorianders,DiligentDonuts,7540761
2026-07-04T22:05:47.200305,2026-07-04T22:05:47.211752+00:00,139.9,50,bid,FlawlessFlatbreads,DiligentDonuts,7540765
2026-07-04T22:05:48.141378,2026-07-04T22:05:48.149600+00:00,139.6,3,ask,EarnestEspressos,Xuanyu Liu,7540777
2026-07-04T22:05:49.449667,2026-07-04T22:05:49.458540+00:00,139.9,49,bid,CostlyCorianders,DiligentDonuts,7540796
2026-07-04T22:05:51.413599,2026-07-04T22:05:51.424388+00:00,139.9,50,bid,FlawlessFlatbreads,EarnestEspressos,7540827
2026-07-04T22:05:51.444607,2026-07-04T22:05:51.458569+00:00,139.4,45,ask,EarnestEspressos,CostlyCorianders,7540828
2026-07-04T22:05:51.920879,2026-07-04T22:05:51.932415+00:00,139.4,44,ask,EarnestEspressos,CostlyCorianders,7540835
2026-07-04T22:05:53.520057,2026-07-04T22:05:53.531450+00:00,139.6,50,bid,FlawlessFlatbreads,EarnestEspressos,7540863
2026-07-04T22:05:53.554950,2026-07-04T22:05:53.548324+00:00,139.6,49,bid,CostlyCorianders,EarnestEspressos,7540864
2026-07-04T22:05:54.637327,2026-07-04T22:05:54.644736+00:00,139.5,49,ask,DiligentDonuts,CostlyCorianders,7540884
2026-07-04T22:05:55.695284,2026-07-04T22:05:55.706886+00:00,139.6,50,ask,EarnestEspressos,FlawlessFlatbreads,7540898
2026-07-04T22:05:55.735140,2026-07-04T22:05:55.746664+00:00,140.0,47,bid,CostlyCorianders,DiligentDonuts,7540899
2026-07-04T22:05:55.977287,2026-07-04T22:05:56.030990+00:00,139.6,11,ask,EarnestEspressos,Xuanyu Liu,7540905
2026-07-04T22:05:56.227931,2026-07-04T22:05:56.234517+00:00,139.6,25,ask,EarnestEspressos,Yinxuan Li,7540917
2026-07-04T22:05:57.290184,2026-07-04T22:05:57.300225+00:00,139.6,43,ask,EarnestEspressos,CostlyCorianders,7540938
2026-07-04T22:05:59.137101,2026-07-04T22:05:59.146353+00:00,139.6,11,bid,Xuanyu Liu,EarnestEspressos,7540966
2026-07-04T22:05:59.266601,2026-07-04T22:05:59.276193+00:00,139.6,100,bid,DiligentDonuts,EarnestEspressos,7540971
2026-07-04T22:06:04.062034,2026-07-04T22:06:04.073768+00:00,139.9,50,bid,FlawlessFlatbreads,DiligentDonuts,7541028
2026-07-04T22:06:05.554959,2026-07-04T22:06:05.566754+00:00,140.1,43,bid,CostlyCorianders,EarnestEspressos,7541049
2026-07-04T22:06:06.170084,2026-07-04T22:06:06.182082+00:00,139.9,50,bid,FlawlessFlatbreads,DiligentDonuts,7541052
2026-07-04T22:06:06.242795,2026-07-04T22:06:06.264025+00:00,139.6,25,ask,EarnestEspressos,Yinxuan Li,7541054
2026-07-04T22:06:06.476233,2026-07-04T22:06:06.483964+00:00,139.6,11,ask,EarnestEspressos,Xuanyu Liu,7541064
2026-07-04T22:06:07.025515,2026-07-04T22:06:07.032574+00:00,139.6,43,ask,EarnestEspressos,CostlyCorianders,7541077
2026-07-04T22:06:08.636282,2026-07-04T22:06:08.648079+00:00,139.8,42,bid,CostlyCorianders,EarnestEspressos,7541100
2026-07-04T22:06:10.441738,2026-07-04T22:06:10.451085+00:00,139.5,50,ask,DiligentDonuts,FlawlessFlatbreads,7541120
2026-07-04T22:06:10.937593,2026-07-04T22:06:10.948265+00:00,139.8,49,bid,CostlyCorianders,EarnestEspressos,7541130
2026-07-04T22:06:11.770704,2026-07-04T22:06:11.779114+00:00,139.8,23,ask,EarnestEspressos,Xuanyu Liu,7541142
2026-07-04T22:06:11.964869,2026-07-04T22:06:11.976461+00:00,139.8,100,ask,EarnestEspressos,DiligentDonuts,7541146
2026-07-04T22:06:12.498586,2026-07-04T22:06:12.510053+00:00,140.3,50,bid,FlawlessFlatbreads,EarnestEspressos,7541151
2026-07-04T22:06:16.262852,2026-07-04T22:06:16.274676+00:00,139.9,25,ask,DiligentDonuts,Yinxuan Li,7541201
2026-07-04T22:06:18.863102,2026-07-04T22:06:18.874596+00:00,139.9,50,ask,DiligentDonuts,FlawlessFlatbreads,7541238
2026-07-04T22:06:20.979427,2026-07-04T22:06:20.989297+00:00,139.9,50,ask,DiligentDonuts,FlawlessFlatbreads,7541275
2026-07-04T22:06:22.205312,2026-07-04T22:06:22.213190+00:00,139.9,11,bid,Xuanyu Liu,DiligentDonuts,7541293
2026-07-04T22:06:23.085088,2026-07-04T22:06:23.096581+00:00,139.5,50,ask,EarnestEspressos,FlawlessFlatbreads,7541307
2026-07-04T22:06:25.192504,2026-07-04T22:06:25.203935+00:00,139.6,50,ask,DiligentDonuts,FlawlessFlatbreads,7541328
2026-07-04T22:06:26.175246,2026-07-04T22:06:26.186890+00:00,139.6,44,ask,DiligentDonuts,CostlyCorianders,7541336
2026-07-04T22:06:27.298438,2026-07-04T22:06:27.309837+00:00,139.6,6,ask,DiligentDonuts,FlawlessFlatbreads,7541348
2026-07-04T22:06:28.197806,2026-07-04T22:06:28.206873+00:00,139.9,12,bid,Xuanyu Liu,DiligentDonuts,7541363
2026-07-04T22:06:29.403476,2026-07-04T22:06:29.409960+00:00,139.5,50,ask,EarnestEspressos,FlawlessFlatbreads,7541386
2026-07-04T22:06:31.186312,2026-07-04T22:06:31.198091+00:00,139.7,46,bid,CostlyCorianders,EarnestEspressos,7541411
2026-07-04T22:06:31.829849,2026-07-04T22:06:31.838053+00:00,139.7,11,bid,Xuanyu Liu,EarnestEspressos,7541424
2026-07-04T22:06:33.625122,2026-07-04T22:06:33.634502+00:00,139.5,50,ask,EarnestEspressos,FlawlessFlatbreads,7541452
2026-07-04T22:06:34.471768,2026-07-04T22:06:34.483365+00:00,139.5,44,ask,EarnestEspressos,CostlyCorianders,7541468
2026-07-04T22:06:35.731387,2026-07-04T22:06:35.743087+00:00,139.5,50,ask,EarnestEspressos,FlawlessFlatbreads,7541491
2026-07-04T22:06:36.635634,2026-07-04T22:06:36.656389+00:00,139.3,100,ask,DiligentDonuts,EarnestEspressos,7541509
2026-07-04T22:06:36.648226,2026-07-04T22:06:36.656389+00:00,139.2,3,bid,Xuanyu Liu,EarnestEspressos,7541510
2026-07-04T22:06:37.320999,2026-07-04T22:06:37.327855+00:00,139.2,45,bid,CostlyCorianders,EarnestEspressos,7541514
2026-07-04T22:06:37.794507,2026-07-04T22:06:37.804953+00:00,139.2,2,bid,FlawlessFlatbreads,EarnestEspressos,7541521
2026-07-04T22:06:37.794507,2026-07-04T22:06:37.804953+00:00,139.4,48,bid,CostlyCorianders,DiligentDonuts,7541522
2026-07-04T22:06:37.862369,2026-07-04T22:06:37.874130+00:00,139.4,48,bid,FlawlessFlatbreads,DiligentDonuts,7541524
2026-07-04T22:06:39.592690,2026-07-04T22:06:39.600036+00:00,138.9,45,ask,DiligentDonuts,CostlyCorianders,7541546
2026-07-04T22:06:39.904319,2026-07-04T22:06:39.914050+00:00,139.4,4,bid,FlawlessFlatbreads,DiligentDonuts,7541551
2026-07-04T22:06:39.904319,2026-07-04T22:06:39.914050+00:00,139.7,46,bid,FlawlessFlatbreads,EarnestEspressos,7541552
2026-07-04T22:06:42.030094,2026-07-04T22:06:42.039485+00:00,139.4,50,bid,EarnestEspressos,DiligentDonuts,7541575
2026-07-04T22:06:42.903836,2026-07-04T22:06:42.958689+00:00,139.4,50,bid,FlawlessFlatbreads,DiligentDonuts,7541587
2026-07-04T22:06:43.181616,2026-07-04T22:06:43.189329+00:00,139.5,26,ask,EarnestEspressos,Xuanyu Liu,7541595
2026-07-04T22:06:43.592196,2026-07-04T22:06:43.603784+00:00,139.5,74,ask,EarnestEspressos,DiligentDonuts,7541605
2026-07-04T22:06:44.139640,2026-07-04T22:06:44.151317+00:00,139.5,26,bid,FlawlessFlatbreads,DiligentDonuts,7541611
2026-07-04T22:06:44.306211,2026-07-04T22:06:44.317923+00:00,139.0,49,ask,DiligentDonuts,CostlyCorianders,7541612
2026-07-04T22:06:46.130887,2026-07-04T22:06:46.139181+00:00,139.2,23,bid,Xuanyu Liu,EarnestEspressos,7541643
2026-07-04T22:06:46.246520,2026-07-04T22:06:46.258556+00:00,139.2,50,bid,FlawlessFlatbreads,EarnestEspressos,7541647
2026-07-04T22:06:46.701838,2026-07-04T22:06:46.713370+00:00,139.2,77,bid,DiligentDonuts,EarnestEspressos,7541653
2026-07-04T22:06:46.945755,2026-07-04T22:06:46.958704+00:00,139.7,44,bid,CostlyCorianders,DiligentDonuts,7541665
2026-07-04T22:06:46.998663,2026-07-04T22:06:47.010081+00:00,139.2,23,ask,DiligentDonuts,CostlyCorianders,7541666
2026-07-04T22:06:48.191176,2026-07-04T22:06:48.198403+00:00,139.7,42,bid,CostlyCorianders,DiligentDonuts,7541685
2026-07-04T22:06:50.514954,2026-07-04T22:06:50.525010+00:00,139.5,50,ask,EarnestEspressos,FlawlessFlatbreads,7541718
2026-07-04T22:06:52.621591,2026-07-04T22:06:52.633131+00:00,139.4,50,ask,DiligentDonuts,FlawlessFlatbreads,7541745
2026-07-04T22:06:54.241922,2026-07-04T22:06:54.253509+00:00,139.3,43,ask,EarnestEspressos,CostlyCorianders,7541771
2026-07-04T22:06:54.751495,2026-07-04T22:06:54.756172+00:00,139.3,50,ask,EarnestEspressos,FlawlessFlatbreads,7541775
2026-07-04T22:06:55.627875,2026-07-04T22:06:55.639796+00:00,139.3,100,ask,DiligentDonuts,EarnestEspressos,7541800
2026-07-04T22:06:56.047934,2026-07-04T22:06:56.056022+00:00,139.2,3,bid,Xuanyu Liu,EarnestEspressos,7541804
2026-07-04T22:06:56.858127,2026-07-04T22:06:56.869469+00:00,138.8,50,ask,DiligentDonuts,FlawlessFlatbreads,7541809
2026-07-04T22:06:57.277512,2026-07-04T22:06:57.285226+00:00,139.2,42,bid,CostlyCorianders,EarnestEspressos,7541820
2026-07-04T22:06:57.931460,2026-07-04T22:06:57.941096+00:00,138.8,44,ask,DiligentDonuts,CostlyCorianders,7541833
2026-07-04T22:06:58.740243,2026-07-04T22:06:58.748616+00:00,139.3,100,bid,EarnestEspressos,DiligentDonuts,7541848
2026-07-04T22:06:58.991295,2026-07-04T22:06:59.001424+00:00,139.3,50,ask,EarnestEspressos,FlawlessFlatbreads,7541854
2026-07-04T22:06:59.607710,2026-07-04T22:06:59.619283+00:00,139.3,48,bid,CostlyCorianders,DiligentDonuts,7541859
2026-07-04T22:07:01.045695,2026-07-04T22:07:01.063639+00:00,139.3,50,bid,FlawlessFlatbreads,DiligentDonuts,7541880
2026-07-04T22:07:02.236880,2026-07-04T22:07:02.248399+00:00,138.8,49,ask,DiligentDonuts,CostlyCorianders,7541909
2026-07-04T22:07:03.151831,2026-07-04T22:07:03.158726+00:00,139.3,50,bid,FlawlessFlatbreads,EarnestEspressos,7541919
2026-07-04T22:07:03.916630,2026-07-04T22:07:03.926095+00:00,139.3,44,bid,CostlyCorianders,EarnestEspressos,7541931
2026-07-04T22:07:05.313424,2026-07-04T22:07:05.321241+00:00,139.0,50,ask,DiligentDonuts,FlawlessFlatbreads,7541950
2026-07-04T22:07:06.462622,2026-07-04T22:07:06.474237+00:00,139.0,48,ask,EarnestEspressos,CostlyCorianders,7541964
2026-07-04T22:07:07.114527,2026-07-04T22:07:07.127729+00:00,139.1,43,bid,CostlyCorianders,DiligentDonuts,7541974
2026-07-04T22:07:07.368695,2026-07-04T22:07:07.380294+00:00,139.1,50,bid,FlawlessFlatbreads,DiligentDonuts,7541979
2026-07-04T22:07:09.264504,2026-07-04T22:07:09.272736+00:00,139.0,40,ask,DiligentDonuts,CostlyCorianders,7542008
2026-07-04T22:07:09.481554,2026-07-04T22:07:09.489288+00:00,139.3,50,bid,FlawlessFlatbreads,EarnestEspressos,7542015
2026-07-04T22:07:10.370858,2026-07-04T22:07:10.382283+00:00,139.0,49,ask,DiligentDonuts,CostlyCorianders,7542034
2026-07-04T22:07:11.588876,2026-07-04T22:07:11.600346+00:00,139.5,50,bid,FlawlessFlatbreads,DiligentDonuts,7542057
2026-07-04T22:07:12.323660,2026-07-04T22:07:12.335300+00:00,139.3,47,bid,CostlyCorianders,DiligentDonuts,7542062
2026-07-04T22:07:13.696205,2026-07-04T22:07:13.707806+00:00,139.3,50,bid,FlawlessFlatbreads,DiligentDonuts,7542085
2026-07-04T22:07:14.222742,2026-07-04T22:07:14.231967+00:00,139.0,3,ask,EarnestEspressos,Xuanyu Liu,7542093
2026-07-04T22:07:15.315752,2026-07-04T22:07:15.327315+00:00,139.2,40,bid,CostlyCorianders,EarnestEspressos,7542112
2026-07-04T22:07:15.803021,2026-07-04T22:07:15.814537+00:00,139.2,50,bid,FlawlessFlatbreads,EarnestEspressos,7542114
2026-07-04T22:07:17.910676,2026-07-04T22:07:17.922263+00:00,139.3,50,bid,FlawlessFlatbreads,DiligentDonuts,7542137
2026-07-04T22:07:18.611234,2026-07-04T22:07:18.621913+00:00,139.1,11,ask,EarnestEspressos,Xuanyu Liu,7542145
2026-07-04T22:07:18.736065,2026-07-04T22:07:18.747403+00:00,139.1,42,ask,EarnestEspressos,CostlyCorianders,7542152
2026-07-04T22:07:19.920646,2026-07-04T22:07:19.928943+00:00,139.1,12,ask,EarnestEspressos,Xuanyu Liu,7542166
2026-07-04T22:07:20.017882,2026-07-04T22:07:20.029525+00:00,139.6,50,bid,FlawlessFlatbreads,EarnestEspressos,7542169
2026-07-04T22:07:21.333389,2026-07-04T22:07:21.344863+00:00,139.1,25,ask,DiligentDonuts,Yinxuan Li,7542189
2026-07-04T22:07:22.122858,2026-07-04T22:07:22.131788+00:00,139.3,50,bid,FlawlessFlatbreads,EarnestEspressos,7542199
2026-07-04T22:07:24.231303,2026-07-04T22:07:24.242911+00:00,139.3,50,bid,FlawlessFlatbreads,DiligentDonuts,7542228
2026-07-04T22:07:24.893399,2026-07-04T22:07:24.905035+00:00,139.5,47,bid,CostlyCorianders,EarnestEspressos,7542240
2026-07-04T22:07:25.159546,2026-07-04T22:07:25.167433+00:00,139.0,11,ask,EarnestEspressos,Xuanyu Liu,7542248
2026-07-04T22:07:26.340858,2026-07-04T22:07:26.352279+00:00,139.5,50,bid,FlawlessFlatbreads,EarnestEspressos,7542272
2026-07-04T22:07:26.348637,2026-07-04T22:07:26.352279+00:00,139.0,25,ask,EarnestEspressos,Yinxuan Li,7542273
2026-07-04T22:07:26.469728,2026-07-04T22:07:26.476969+00:00,139.0,12,ask,EarnestEspressos,Xuanyu Liu,7542277
2026-07-04T22:07:26.537717,2026-07-04T22:07:26.549608+00:00,139.0,41,ask,EarnestEspressos,CostlyCorianders,7542279
2026-07-04T22:07:27.063230,2026-07-04T22:07:27.071131+00:00,139.0,40,ask,EarnestEspressos,CostlyCorianders,7542290
2026-07-04T22:07:27.248680,2026-07-04T22:07:27.255184+00:00,139.0,100,ask,DiligentDonuts,EarnestEspressos,7542291
2026-07-04T22:07:28.446240,2026-07-04T22:07:28.452811+00:00,138.9,50,bid,FlawlessFlatbreads,DiligentDonuts,7542314
2026-07-04T22:07:28.631055,2026-07-04T22:07:28.642980+00:00,138.9,45,bid,CostlyCorianders,DiligentDonuts,7542315
2026-07-04T22:07:30.360433,2026-07-04T22:07:30.372134+00:00,138.9,5,bid,EarnestEspressos,DiligentDonuts,7542346
2026-07-04T22:07:30.427789,2026-07-04T22:07:30.436807+00:00,139.3,51,ask,EarnestEspressos,Xuanyu Liu,7542350
2026-07-04T22:07:30.554031,2026-07-04T22:07:30.565805+00:00,139.7,50,bid,FlawlessFlatbreads,EarnestEspressos,7542356
2026-07-04T22:07:30.907659,2026-07-04T22:07:30.914399+00:00,139.3,47,ask,EarnestEspressos,CostlyCorianders,7542361
2026-07-04T22:07:32.087897,2026-07-04T22:07:32.099634+00:00,139.3,40,ask,EarnestEspressos,CostlyCorianders,7542383
2026-07-04T22:07:33.598365,2026-07-04T22:07:33.605502+00:00,139.3,29,bid,Xuanyu Liu,EarnestEspressos,7542407
2026-07-04T22:07:34.158135,2026-07-04T22:07:34.169523+00:00,139.3,48,bid,CostlyCorianders,EarnestEspressos,7542414
2026-07-04T22:07:34.768633,2026-07-04T22:07:34.780210+00:00,139.3,50,bid,FlawlessFlatbreads,EarnestEspressos,7542423
2026-07-04T22:07:36.366270,2026-07-04T22:07:36.378103+00:00,139.0,25,ask,DiligentDonuts,Yinxuan Li,7542445
2026-07-04T22:07:36.876265,2026-07-04T22:07:36.887804+00:00,139.5,50,bid,FlawlessFlatbreads,DiligentDonuts,7542449
2026-07-04T22:07:37.206568,2026-07-04T22:07:37.218295+00:00,139.2,49,ask,EarnestEspressos,CostlyCorianders,7542463
2026-07-04T22:07:38.983044,2026-07-04T22:07:38.989904+00:00,139.6,50,bid,FlawlessFlatbreads,DiligentDonuts,7542492
2026-07-04T22:07:41.090147,2026-07-04T22:07:41.098925+00:00,139.4,50,bid,FlawlessFlatbreads,EarnestEspressos,7542519
2026-07-04T22:07:41.384553,2026-07-04T22:07:41.396327+00:00,139.2,25,ask,DiligentDonuts,Yinxuan Li,7542522
2026-07-04T22:07:42.215470,2026-07-04T22:07:42.223790+00:00,139.4,11,bid,Xuanyu Liu,EarnestEspressos,7542546
2026-07-04T22:07:43.250747,2026-07-04T22:07:43.258673+00:00,139.5,50,ask,EarnestEspressos,FlawlessFlatbreads,7542568
2026-07-04T22:07:45.357491,2026-07-04T22:07:45.369558+00:00,139.5,50,ask,EarnestEspressos,FlawlessFlatbreads,7542595
2026-07-04T22:07:45.430069,2026-07-04T22:07:45.440631+00:00,139.9,48,bid,CostlyCorianders,DiligentDonuts,7542596
2026-07-04T22:07:46.403416,2026-07-04T22:07:46.411811+00:00,139.4,25,ask,DiligentDonuts,Yinxuan Li,7542615
2026-07-04T22:07:47.484574,2026-07-04T22:07:47.496141+00:00,139.5,50,ask,DiligentDonuts,FlawlessFlatbreads,7542642
2026-07-04T22:07:49.591272,2026-07-04T22:07:49.602810+00:00,139.5,50,ask,DiligentDonuts,FlawlessFlatbreads,7542678
2026-07-04T22:07:51.700841,2026-07-04T22:07:51.711022+00:00,139.4,50,ask,DiligentDonuts,FlawlessFlatbreads,7542706
2026-07-04T22:07:52.576778,2026-07-04T22:07:52.586197+00:00,139.4,50,ask,DiligentDonuts,EarnestEspressos,7542720
2026-07-04T22:07:52.967810,2026-07-04T22:07:52.975686+00:00,139.3,23,bid,Xuanyu Liu,EarnestEspressos,7542722
2026-07-04T22:07:53.808996,2026-07-04T22:07:53.820957+00:00,138.9,50,ask,DiligentDonuts,FlawlessFlatbreads,7542730
2026-07-04T22:07:55.619786,2026-07-04T22:07:55.632206+00:00,139.3,43,bid,CostlyCorianders,EarnestEspressos,7542754
2026-07-04T22:07:55.699928,2026-07-04T22:07:55.709778+00:00,139.3,12,ask,EarnestEspressos,Xuanyu Liu,7542758
2026-07-04T22:07:55.917785,2026-07-04T22:07:55.927841+00:00,139.3,50,ask,EarnestEspressos,FlawlessFlatbreads,7542764
2026-07-04T22:07:56.390987,2026-07-04T22:07:56.398822+00:00,139.3,88,ask,EarnestEspressos,DiligentDonuts,7542766
2026-07-04T22:07:56.595332,2026-07-04T22:07:56.603539+00:00,139.0,12,bid,Xuanyu Liu,DiligentDonuts,7542771
2026-07-04T22:07:58.023095,2026-07-04T22:07:58.034528+00:00,138.5,50,ask,DiligentDonuts,FlawlessFlatbreads,7542793
2026-07-04T22:07:59.686495,2026-07-04T22:07:59.694940+00:00,139.2,43,bid,CostlyCorianders,DiligentDonuts,7542816
2026-07-04T22:08:00.143369,2026-07-04T22:08:00.152729+00:00,138.9,50,ask,EarnestEspressos,FlawlessFlatbreads,7542823
2026-07-04T22:08:01.633323,2026-07-04T22:08:01.640681+00:00,139.2,49,bid,CostlyCorianders,DiligentDonuts,7542849
2026-07-04T22:08:02.249487,2026-07-04T22:08:02.263853+00:00,138.8,50,ask,EarnestEspressos,FlawlessFlatbreads,7542854
2026-07-04T22:08:04.357028,2026-07-04T22:08:04.368713+00:00,139.2,50,ask,DiligentDonuts,FlawlessFlatbreads,7542875
2026-07-04T22:08:05.236405,2026-07-04T22:08:05.243055+00:00,139.2,50,ask,DiligentDonuts,EarnestEspressos,7542903
2026-07-04T22:08:05.249074,2026-07-04T22:08:05.258541+00:00,139.0,23,bid,Xuanyu Liu,EarnestEspressos,7542904
2026-07-04T22:08:05.273697,2026-07-04T22:08:05.284273+00:00,138.5,48,ask,EarnestEspressos,CostlyCorianders,7542907
2026-07-04T22:08:06.413717,2026-07-04T22:08:06.425640+00:00,139.0,50,bid,FlawlessFlatbreads,EarnestEspressos,7542929
2026-07-04T22:08:07.873465,2026-07-04T22:08:07.885167+00:00,139.0,27,bid,CostlyCorianders,EarnestEspressos,7542949
2026-07-04T22:08:07.873465,2026-07-04T22:08:07.885167+00:00,139.3,17,bid,CostlyCorianders,DiligentDonuts,7542950
2026-07-04T22:08:08.529746,2026-07-04T22:08:08.539097+00:00,139.3,50,bid,FlawlessFlatbreads,DiligentDonuts,7542960
2026-07-04T22:08:10.460464,2026-07-04T22:08:10.469535+00:00,139.0,44,ask,EarnestEspressos,CostlyCorianders,7542979
2026-07-04T22:08:12.277571,2026-07-04T22:08:12.289031+00:00,139.0,23,ask,DiligentDonuts,Xuanyu Liu,7543007
2026-07-04T22:08:12.385821,2026-07-04T22:08:12.396171+00:00,139.0,12,ask,DiligentDonuts,Xuanyu Liu,7543012
2026-07-04T22:08:12.490131,2026-07-04T22:08:12.501357+00:00,139.0,47,ask,DiligentDonuts,CostlyCorianders,7543014
2026-07-04T22:08:14.738547,2026-07-04T22:08:14.748932+00:00,139.0,18,ask,DiligentDonuts,EarnestEspressos,7543044
2026-07-04T22:08:15.193647,2026-07-04T22:08:15.205283+00:00,138.5,41,ask,EarnestEspressos,CostlyCorianders,7543052
2026-07-04T22:08:15.404822,2026-07-04T22:08:15.412953+00:00,138.7,12,bid,Xuanyu Liu,DiligentDonuts,7543057
2026-07-04T22:08:16.302294,2026-07-04T22:08:16.310970+00:00,138.7,42,bid,CostlyCorianders,DiligentDonuts,7543067
2026-07-04T22:08:17.013434,2026-07-04T22:08:17.020641+00:00,138.5,50,ask,EarnestEspressos,FlawlessFlatbreads,7543082
2026-07-04T22:08:17.913667,2026-07-04T22:08:17.922469+00:00,138.3,23,bid,Xuanyu Liu,EarnestEspressos,7543096
2026-07-04T22:08:19.121616,2026-07-04T22:08:19.133249+00:00,138.2,50,ask,DiligentDonuts,FlawlessFlatbreads,7543111
2026-07-04T22:08:19.578567,2026-07-04T22:08:19.588826+00:00,138.3,11,bid,Xuanyu Liu,EarnestEspressos,7543117
2026-07-04T22:08:19.882626,2026-07-04T22:08:19.894266+00:00,138.3,47,bid,CostlyCorianders,EarnestEspressos,7543120
2026-07-04T22:08:21.240233,2026-07-04T22:08:21.249975+00:00,138.2,50,ask,DiligentDonuts,FlawlessFlatbreads,7543132
2026-07-04T22:08:22.041257,2026-07-04T22:08:22.052890+00:00,138.0,49,ask,EarnestEspressos,CostlyCorianders,7543147
2026-07-04T22:08:23.346244,2026-07-04T22:08:23.374110+00:00,138.0,50,ask,EarnestEspressos,FlawlessFlatbreads,7543164
2026-07-04T22:08:23.778932,2026-07-04T22:08:23.791009+00:00,138.4,43,bid,CostlyCorianders,DiligentDonuts,7543170
2026-07-04T22:08:25.452373,2026-07-04T22:08:25.464068+00:00,138.1,50,ask,DiligentDonuts,FlawlessFlatbreads,7543195
2026-07-04T22:08:26.286295,2026-07-04T22:08:26.293571+00:00,138.3,40,bid,CostlyCorianders,EarnestEspressos,7543211
2026-07-04T22:08:27.561536,2026-07-04T22:08:27.573227+00:00,138.1,50,ask,DiligentDonuts,FlawlessFlatbreads,7543230
2026-07-04T22:08:28.678859,2026-07-04T22:08:28.690533+00:00,138.3,40,bid,CostlyCorianders,DiligentDonuts,7543250
2026-07-04T22:08:29.670729,2026-07-04T22:08:29.681370+00:00,138.0,50,ask,EarnestEspressos,FlawlessFlatbreads,7543262
2026-07-04T22:08:30.773798,2026-07-04T22:08:30.782302+00:00,138.1,3,bid,Xuanyu Liu,EarnestEspressos,7543285
2026-07-04T22:08:31.775750,2026-07-04T22:08:31.787249+00:00,137.9,50,ask,DiligentDonuts,FlawlessFlatbreads,7543292
2026-07-04T22:08:31.840068,2026-07-04T22:08:31.851696+00:00,137.9,41,ask,DiligentDonuts,CostlyCorianders,7543293
2026-07-04T22:08:33.883981,2026-07-04T22:08:33.895533+00:00,137.9,9,ask,DiligentDonuts,FlawlessFlatbreads,7543322
2026-07-04T22:08:33.883981,2026-07-04T22:08:33.895533+00:00,137.7,41,ask,EarnestEspressos,FlawlessFlatbreads,7543323
2026-07-04T22:08:35.992477,2026-07-04T22:08:36.004280+00:00,137.7,50,ask,EarnestEspressos,FlawlessFlatbreads,7543351
2026-07-04T22:08:36.093231,2026-07-04T22:08:36.104772+00:00,138.0,40,bid,CostlyCorianders,DiligentDonuts,7543354
2026-07-04T22:08:36.463288,2026-07-04T22:08:36.469656+00:00,138.0,25,bid,Yinxuan Li,DiligentDonuts,7543359
2026-07-04T22:08:38.099207,2026-07-04T22:08:38.111009+00:00,137.7,50,ask,DiligentDonuts,FlawlessFlatbreads,7543382
2026-07-04T22:08:40.095506,2026-07-04T22:08:40.105269+00:00,137.8,3,bid,Xuanyu Liu,EarnestEspressos,7543407
2026-07-04T22:08:40.223166,2026-07-04T22:08:40.232271+00:00,137.7,50,ask,DiligentDonuts,FlawlessFlatbreads,7543411
2026-07-04T22:08:41.476801,2026-07-04T22:08:41.484525+00:00,137.8,25,bid,Yinxuan Li,EarnestEspressos,7543429
2026-07-04T22:08:42.329193,2026-07-04T22:08:42.339343+00:00,137.5,50,ask,DiligentDonuts,FlawlessFlatbreads,7543438
2026-07-04T22:08:42.584098,2026-07-04T22:08:42.593751+00:00,137.8,11,bid,Xuanyu Liu,EarnestEspressos,7543441
2026-07-04T22:08:42.603513,2026-07-04T22:08:42.619642+00:00,137.5,49,ask,DiligentDonuts,CostlyCorianders,7543444
2026-07-04T22:08:44.434990,2026-07-04T22:08:44.446512+00:00,137.6,50,ask,EarnestEspressos,FlawlessFlatbreads,7543468
2026-07-04T22:08:46.491922,2026-07-04T22:08:46.503294+00:00,137.8,25,bid,Yinxuan Li,DiligentDonuts,7543491
2026-07-04T22:08:46.542458,2026-07-04T22:08:46.550553+00:00,137.3,50,ask,DiligentDonuts,FlawlessFlatbreads,7543495
2026-07-04T22:08:47.036970,2026-07-04T22:08:47.045088+00:00,137.5,12,bid,Xuanyu Liu,DiligentDonuts,7543510
2026-07-04T22:08:49.216519,2026-07-04T22:08:49.226857+00:00,137.5,11,bid,Xuanyu Liu,DiligentDonuts,7543542
2026-07-04T22:08:49.547778,2026-07-04T22:08:49.558545+00:00,137.5,45,bid,CostlyCorianders,DiligentDonuts,7543555
2026-07-04T22:08:51.506729,2026-07-04T22:08:51.513169+00:00,137.7,25,bid,Yinxuan Li,DiligentDonuts,7543577
2026-07-04T22:08:52.281566,2026-07-04T22:08:52.289606+00:00,137.7,48,bid,CostlyCorianders,DiligentDonuts,7543587
2026-07-04T22:08:52.335807,2026-07-04T22:08:52.347542+00:00,137.3,45,ask,EarnestEspressos,CostlyCorianders,7543588
2026-07-04T22:08:52.822175,2026-07-04T22:08:52.833720+00:00,137.7,27,bid,FlawlessFlatbreads,DiligentDonuts,7543598
2026-07-04T22:08:52.822175,2026-07-04T22:08:52.833720+00:00,137.8,23,bid,FlawlessFlatbreads,EarnestEspressos,7543599
2026-07-04T22:08:53.468929,2026-07-04T22:08:53.485138+00:00,137.6,45,ask,DiligentDonuts,CostlyCorianders,7543616
2026-07-04T22:08:54.996088,2026-07-04T22:08:55.007675+00:00,137.6,50,ask,DiligentDonuts,FlawlessFlatbreads,7543637
2026-07-04T22:08:56.160764,2026-07-04T22:08:56.168468+00:00,137.7,42,bid,CostlyCorianders,EarnestEspressos,7543655
2026-07-04T22:08:56.516898,2026-07-04T22:08:56.524238+00:00,137.7,25,bid,Yinxuan Li,EarnestEspressos,7543658
2026-07-04T22:08:57.051830,2026-07-04T22:08:57.058755+00:00,137.7,50,bid,FlawlessFlatbreads,EarnestEspressos,7543662
2026-07-04T22:08:58.928573,2026-07-04T22:08:58.935203+00:00,137.3,46,ask,DiligentDonuts,CostlyCorianders,7543694
2026-07-04T22:08:59.048486,2026-07-04T22:08:59.060458+00:00,137.8,100,bid,EarnestEspressos,DiligentDonuts,7543696
2026-07-04T22:08:59.211387,2026-07-04T22:08:59.222816+00:00,137.9,50,ask,EarnestEspressos,FlawlessFlatbreads,7543697
2026-07-04T22:08:59.540970,2026-07-04T22:08:59.548708+00:00,138.4,41,bid,CostlyCorianders,EarnestEspressos,7543698
2026-07-04T22:09:01.114481,2026-07-04T22:09:01.126057+00:00,137.6,42,ask,DiligentDonuts,CostlyCorianders,7543725
2026-07-04T22:09:01.332628,2026-07-04T22:09:01.341738+00:00,137.6,50,ask,DiligentDonuts,FlawlessFlatbreads,7543728
2026-07-04T22:09:01.602306,2026-07-04T22:09:01.614042+00:00,138.1,42,bid,CostlyCorianders,DiligentDonuts,7543731
2026-07-04T22:09:03.387333,2026-07-04T22:09:03.398763+00:00,137.8,50,bid,FlawlessFlatbreads,EarnestEspressos,7543759
2026-07-04T22:09:04.386026,2026-07-04T22:09:04.395385+00:00,137.3,44,ask,EarnestEspressos,CostlyCorianders,7543770
2026-07-04T22:09:05.494467,2026-07-04T22:09:05.506306+00:00,137.6,50,bid,FlawlessFlatbreads,EarnestEspressos,7543791
2026-07-04T22:09:05.578880,2026-07-04T22:09:05.589930+00:00,137.6,48,bid,CostlyCorianders,EarnestEspressos,7543793
2026-07-04T22:09:06.537735,2026-07-04T22:09:06.549123+00:00,137.6,25,bid,Yinxuan Li,EarnestEspressos,7543814
2026-07-04T22:09:07.114271,2026-07-04T22:09:07.125072+00:00,137.1,44,ask,EarnestEspressos,CostlyCorianders,7543822
2026-07-04T22:09:07.631894,2026-07-04T22:09:07.643605+00:00,137.6,27,bid,FlawlessFlatbreads,EarnestEspressos,7543831
2026-07-04T22:09:07.631894,2026-07-04T22:09:07.643605+00:00,137.6,23,bid,FlawlessFlatbreads,DiligentDonuts,7543832
2026-07-04T22:09:08.533578,2026-07-04T22:09:08.545389+00:00,137.6,77,bid,EarnestEspressos,DiligentDonuts,7543839
2026-07-04T22:09:08.555590,2026-07-04T22:09:08.558558+00:00,137.6,41,ask,EarnestEspressos,CostlyCorianders,7543841
2026-07-04T22:09:09.250624,2026-07-04T22:09:09.263217+00:00,137.6,11,ask,EarnestEspressos,Xuanyu Liu,7543856
2026-07-04T22:09:09.740242,2026-07-04T22:09:09.750763+00:00,138.0,50,bid,FlawlessFlatbreads,DiligentDonuts,7543860
2026-07-04T22:09:10.460819,2026-07-04T22:09:10.474662+00:00,138.0,49,bid,CostlyCorianders,DiligentDonuts,7543883
2026-07-04T22:09:11.602870,2026-07-04T22:09:11.614025+00:00,137.6,21,ask,EarnestEspressos,CostlyCorianders,7543899
2026-07-04T22:09:11.602870,2026-07-04T22:09:11.614025+00:00,137.5,24,ask,DiligentDonuts,CostlyCorianders,7543900
2026-07-04T22:09:11.852375,2026-07-04T22:09:11.864110+00:00,137.6,50,bid,FlawlessFlatbreads,EarnestEspressos,7543903
2026-07-04T22:09:12.301815,2026-07-04T22:09:12.313417+00:00,137.6,100,bid,DiligentDonuts,EarnestEspressos,7543914
2026-07-04T22:09:13.965383,2026-07-04T22:09:13.974103+00:00,138.3,50,bid,FlawlessFlatbreads,DiligentDonuts,7543927
2026-07-04T22:09:14.796208,2026-07-04T22:09:14.803626+00:00,138.3,41,bid,CostlyCorianders,DiligentDonuts,7543946
2026-07-04T22:09:16.094356,2026-07-04T22:09:16.106268+00:00,138.2,50,bid,FlawlessFlatbreads,EarnestEspressos,7543961
2026-07-04T22:09:17.933284,2026-07-04T22:09:17.944956+00:00,138.2,46,bid,CostlyCorianders,EarnestEspressos,7543978
2026-07-04T22:09:18.020248,2026-07-04T22:09:18.031826+00:00,138.2,100,bid,EarnestEspressos,DiligentDonuts,7543980
2026-07-04T22:09:18.087413,2026-07-04T22:09:18.095918+00:00,138.2,26,ask,EarnestEspressos,Xuanyu Liu,7543984
2026-07-04T22:09:18.202445,2026-07-04T22:09:18.212324+00:00,138.7,50,bid,FlawlessFlatbreads,EarnestEspressos,7543989
2026-07-04T22:09:20.307976,2026-07-04T22:09:20.316502+00:00,138.7,50,bid,FlawlessFlatbreads,EarnestEspressos,7544029
2026-07-04T22:09:20.314829,2026-07-04T22:09:20.321723+00:00,138.2,24,ask,EarnestEspressos,CostlyCorianders,7544030
2026-07-04T22:09:20.314829,2026-07-04T22:09:20.326880+00:00,138.2,18,ask,DiligentDonuts,CostlyCorianders,7544031
2026-07-04T22:09:22.414148,2026-07-04T22:09:22.425786+00:00,138.7,50,bid,FlawlessFlatbreads,EarnestEspressos,7544053
2026-07-04T22:09:24.338461,2026-07-04T22:09:24.347701+00:00,138.5,47,ask,DiligentDonuts,CostlyCorianders,7544085
2026-07-04T22:09:24.521094,2026-07-04T22:09:24.533065+00:00,138.9,50,bid,FlawlessFlatbreads,EarnestEspressos,7544089
2026-07-04T22:09:25.674326,2026-07-04T22:09:25.685949+00:00,138.4,45,ask,EarnestEspressos,CostlyCorianders,7544105
2026-07-04T22:09:26.631260,2026-07-04T22:09:26.638321+00:00,138.6,50,bid,FlawlessFlatbreads,DiligentDonuts,7544123
2026-07-04T22:09:28.738053,2026-07-04T22:09:28.749794+00:00,138.8,50,bid,FlawlessFlatbreads,DiligentDonuts,7544150
2026-07-04T22:09:30.745639,2026-07-04T22:09:30.758558+00:00,138.8,49,bid,CostlyCorianders,DiligentDonuts,7544180
2026-07-04T22:09:30.847061,2026-07-04T22:09:30.855443+00:00,138.8,1,bid,FlawlessFlatbreads,DiligentDonuts,7544184
2026-07-04T22:09:30.847061,2026-07-04T22:09:30.855443+00:00,139.1,49,bid,FlawlessFlatbreads,EarnestEspressos,7544185
2026-07-04T22:09:32.262163,2026-07-04T22:09:32.270081+00:00,138.7,3,ask,DiligentDonuts,Xuanyu Liu,7544201
2026-07-04T22:09:32.958764,2026-07-04T22:09:32.968670+00:00,139.1,50,bid,FlawlessFlatbreads,EarnestEspressos,7544211
2026-07-04T22:09:33.839524,2026-07-04T22:09:33.849879+00:00,139.1,46,ask,EarnestEspressos,Xuanyu Liu,7544222
2026-07-04T22:09:34.021481,2026-07-04T22:09:34.030871+00:00,139.1,45,ask,EarnestEspressos,CostlyCorianders,7544225
2026-07-04T22:09:34.484578,2026-07-04T22:09:34.495724+00:00,139.1,59,ask,EarnestEspressos,DiligentDonuts,7544228
2026-07-04T22:09:35.063919,2026-07-04T22:09:35.075755+00:00,139.1,41,bid,FlawlessFlatbreads,DiligentDonuts,7544233
2026-07-04T22:09:35.063919,2026-07-04T22:09:35.075755+00:00,139.6,9,bid,FlawlessFlatbreads,EarnestEspressos,7544234
2026-07-04T22:09:36.568022,2026-07-04T22:09:36.579608+00:00,138.6,25,ask,DiligentDonuts,Yinxuan Li,7544254
2026-07-04T22:09:37.076015,2026-07-04T22:09:37.083557+00:00,138.7,23,bid,Xuanyu Liu,EarnestEspressos,7544259
2026-07-04T22:09:37.172691,2026-07-04T22:09:37.184596+00:00,138.7,50,bid,FlawlessFlatbreads,EarnestEspressos,7544262
2026-07-04T22:09:37.595635,2026-07-04T22:09:37.602033+00:00,138.7,77,bid,DiligentDonuts,EarnestEspressos,7544264
2026-07-04T22:09:39.336697,2026-07-04T22:09:39.348322+00:00,138.8,23,ask,DiligentDonuts,FlawlessFlatbreads,7544292
2026-07-04T22:09:39.336697,2026-07-04T22:09:39.348322+00:00,138.2,27,ask,EarnestEspressos,FlawlessFlatbreads,7544293
2026-07-04T22:09:41.442673,2026-07-04T22:09:41.463655+00:00,138.9,50,ask,EarnestEspressos,FlawlessFlatbreads,7544323
2026-07-04T22:09:41.583024,2026-07-04T22:09:41.595057+00:00,138.9,25,ask,EarnestEspressos,Yinxuan Li,7544325
2026-07-04T22:09:43.548570,2026-07-04T22:09:43.555035+00:00,138.8,50,ask,EarnestEspressos,FlawlessFlatbreads,7544364
2026-07-04T22:09:47.712165,2026-07-04T22:09:47.719907+00:00,139.3,50,bid,FlawlessFlatbreads,EarnestEspressos,7544419
2026-07-04T22:09:49.818661,2026-07-04T22:09:49.827764+00:00,139.4,50,bid,FlawlessFlatbreads,DiligentDonuts,7544455
2026-07-04T22:09:51.604658,2026-07-04T22:09:51.611641+00:00,139.0,25,ask,EarnestEspressos,Yinxuan Li,7544474
2026-07-04T22:09:51.925774,2026-07-04T22:09:51.937503+00:00,139.4,50,bid,FlawlessFlatbreads,EarnestEspressos,7544482
2026-07-04T22:09:54.092782,2026-07-04T22:09:54.104296+00:00,138.9,50,ask,EarnestEspressos,FlawlessFlatbreads,7544511
2026-07-04T22:09:54.202537,2026-07-04T22:09:54.213983+00:00,138.9,42,ask,EarnestEspressos,CostlyCorianders,7544513
2026-07-04T22:09:56.199224,2026-07-04T22:09:56.209831+00:00,138.8,50,ask,DiligentDonuts,FlawlessFlatbreads,7544542
2026-07-04T22:09:56.840339,2026-07-04T22:09:56.849456+00:00,138.9,48,bid,CostlyCorianders,EarnestEspressos,7544549
2026-07-04T22:09:58.306868,2026-07-04T22:09:58.318405+00:00,138.6,50,ask,DiligentDonuts,FlawlessFlatbreads,7544568
2026-07-04T22:10:00.413054,2026-07-04T22:10:00.424775+00:00,138.6,50,ask,EarnestEspressos,FlawlessFlatbreads,7544596
2026-07-04T22:10:00.639967,2026-07-04T22:10:00.658588+00:00,139.0,46,bid,CostlyCorianders,DiligentDonuts,7544599
2026-07-04T22:10:01.713707,2026-07-04T22:10:01.725393+00:00,138.6,48,ask,EarnestEspressos,CostlyCorianders,7544622
2026-07-04T22:10:02.515794,2026-07-04T22:10:02.525018+00:00,138.7,12,bid,Xuanyu Liu,EarnestEspressos,7544631
2026-07-04T22:10:02.524187,2026-07-04T22:10:02.540282+00:00,138.5,50,ask,DiligentDonuts,FlawlessFlatbreads,7544633
2026-07-04T22:10:02.682267,2026-07-04T22:10:02.697372+00:00,138.7,11,bid,Xuanyu Liu,EarnestEspressos,7544639
2026-07-04T22:10:04.327714,2026-07-04T22:10:04.338820+00:00,138.7,3,bid,Xuanyu Liu,EarnestEspressos,7544665
2026-07-04T22:10:04.631140,2026-07-04T22:10:04.639416+00:00,138.6,50,ask,DiligentDonuts,FlawlessFlatbreads,7544671
2026-07-04T22:10:08.844615,2026-07-04T22:10:08.858557+00:00,139.0,43,bid,CostlyCorianders,DiligentDonuts,7544722
2026-07-04T22:10:08.862466,2026-07-04T22:10:08.873980+00:00,138.8,50,ask,EarnestEspressos,FlawlessFlatbreads,7544723
2026-07-04T22:10:09.326344,2026-07-04T22:10:09.337947+00:00,139.3,47,bid,CostlyCorianders,EarnestEspressos,7544727
2026-07-04T22:10:10.542985,2026-07-04T22:10:10.551032+00:00,139.0,3,ask,DiligentDonuts,Xuanyu Liu,7544749
2026-07-04T22:10:10.918073,2026-07-04T22:10:10.925560+00:00,139.3,50,bid,FlawlessFlatbreads,EarnestEspressos,7544756
2026-07-04T22:10:11.628915,2026-07-04T22:10:11.636593+00:00,139.0,25,ask,DiligentDonuts,Yinxuan Li,7544763
2026-07-04T22:10:13.024202,2026-07-04T22:10:13.035905+00:00,139.1,50,bid,FlawlessFlatbreads,DiligentDonuts,7544795
2026-07-04T22:10:13.407136,2026-07-04T22:10:13.418739+00:00,139.1,3,bid,Xuanyu Liu,DiligentDonuts,7544799
2026-07-04T22:10:14.977341,2026-07-04T22:10:14.988898+00:00,139.1,47,bid,EarnestEspressos,DiligentDonuts,7544826
2026-07-04T22:10:15.132102,2026-07-04T22:10:15.143910+00:00,139.6,50,bid,FlawlessFlatbreads,EarnestEspressos,7544830
2026-07-04T22:10:15.853198,2026-07-04T22:10:15.863413+00:00,139.2,3,ask,DiligentDonuts,Xuanyu Liu,7544843
2026-07-04T22:10:16.641932,2026-07-04T22:10:16.658580+00:00,139.2,25,ask,DiligentDonuts,Yinxuan Li,7544861
2026-07-04T22:10:17.291327,2026-07-04T22:10:17.298464+00:00,139.2,50,ask,DiligentDonuts,FlawlessFlatbreads,7544870
2026-07-04T22:10:19.345879,2026-07-04T22:10:19.357538+00:00,139.5,50,bid,FlawlessFlatbreads,EarnestEspressos,7544899
2026-07-04T22:10:21.274220,2026-07-04T22:10:21.285790+00:00,139.0,48,ask,DiligentDonuts,CostlyCorianders,7544918
2026-07-04T22:10:21.453670,2026-07-04T22:10:21.463721+00:00,139.5,50,bid,FlawlessFlatbreads,DiligentDonuts,7544925
2026-07-04T22:10:21.652882,2026-07-04T22:10:21.658561+00:00,139.1,25,ask,EarnestEspressos,Yinxuan Li,7544927
2026-07-04T22:10:23.561101,2026-07-04T22:10:23.575467+00:00,139.3,50,bid,FlawlessFlatbreads,DiligentDonuts,7544954
2026-07-04T22:10:23.616543,2026-07-04T22:10:23.623342+00:00,139.1,46,ask,EarnestEspressos,CostlyCorianders,7544957
2026-07-04T22:10:25.667851,2026-07-04T22:10:25.679418+00:00,139.6,50,bid,FlawlessFlatbreads,EarnestEspressos,7544988
2026-07-04T22:10:27.775115,2026-07-04T22:10:27.787040+00:00,139.7,50,bid,FlawlessFlatbreads,DiligentDonuts,7545011
2026-07-04T22:10:28.676135,2026-07-04T22:10:28.687869+00:00,139.9,42,bid,CostlyCorianders,EarnestEspressos,7545022
2026-07-04T22:10:29.882512,2026-07-04T22:10:29.894003+00:00,139.9,50,bid,FlawlessFlatbreads,EarnestEspressos,7545039
2026-07-04T22:10:30.833520,2026-07-04T22:10:30.843206+00:00,139.8,34,ask,EarnestEspressos,Xuanyu Liu,7545053
2026-07-04T22:10:30.975446,2026-07-04T22:10:30.984623+00:00,139.8,46,ask,EarnestEspressos,CostlyCorianders,7545058
2026-07-04T22:10:31.515679,2026-07-04T22:10:31.524335+00:00,139.8,12,ask,EarnestEspressos,Xuanyu Liu,7545071
2026-07-04T22:10:31.990582,2026-07-04T22:10:32.002536+00:00,140.0,50,bid,FlawlessFlatbreads,DiligentDonuts,7545079
2026-07-04T22:10:32.177967,2026-07-04T22:10:32.184596+00:00,139.8,40,ask,EarnestEspressos,CostlyCorianders,7545082
2026-07-04T22:10:34.097961,2026-07-04T22:10:34.108836+00:00,140.0,50,bid,FlawlessFlatbreads,DiligentDonuts,7545110
2026-07-04T22:10:34.592285,2026-07-04T22:10:34.602962+00:00,140.0,100,bid,DiligentDonuts,EarnestEspressos,7545121
2026-07-04T22:10:36.204851,2026-07-04T22:10:36.216441+00:00,140.0,50,bid,FlawlessFlatbreads,EarnestEspressos,7545151
2026-07-04T22:10:36.698939,2026-07-04T22:10:36.710891+00:00,140.5,42,bid,CostlyCorianders,DiligentDonuts,7545156
2026-07-04T22:10:38.312938,2026-07-04T22:10:38.324679+00:00,140.5,50,bid,FlawlessFlatbreads,DiligentDonuts,7545175
2026-07-04T22:10:38.423712,2026-07-04T22:10:38.432591+00:00,140.2,45,ask,EarnestEspressos,CostlyCorianders,7545180
2026-07-04T22:10:39.383105,2026-07-04T22:10:39.391184+00:00,140.2,11,ask,EarnestEspressos,Xuanyu Liu,7545197
2026-07-04T22:10:40.421057,2026-07-04T22:10:40.433002+00:00,140.4,50,bid,FlawlessFlatbreads,EarnestEspressos,7545206
2026-07-04T22:10:42.797192,2026-07-04T22:10:42.808795+00:00,140.4,44,bid,CostlyCorianders,EarnestEspressos,7545241
2026-07-04T22:10:44.379980,2026-07-04T22:10:44.391516+00:00,140.7,46,bid,CostlyCorianders,DiligentDonuts,7545271
2026-07-04T22:10:44.632741,2026-07-04T22:10:44.640793+00:00,140.7,50,bid,FlawlessFlatbreads,DiligentDonuts,7545277
2026-07-04T22:10:46.030598,2026-07-04T22:10:46.041854+00:00,140.3,44,ask,EarnestEspressos,CostlyCorianders,7545304
2026-07-04T22:10:46.503072,2026-07-04T22:10:46.514913+00:00,140.7,4,bid,CostlyCorianders,DiligentDonuts,7545308
2026-07-04T22:10:46.558884,2026-07-04T22:10:46.570497+00:00,140.3,46,ask,EarnestEspressos,CostlyCorianders,7545311
2026-07-04T22:10:46.737906,2026-07-04T22:10:46.749567+00:00,140.6,50,bid,FlawlessFlatbreads,EarnestEspressos,7545315
2026-07-04T22:10:47.275356,2026-07-04T22:10:47.284321+00:00,140.5,11,ask,DiligentDonuts,Xuanyu Liu,7545321
2026-07-04T22:10:48.031416,2026-07-04T22:10:48.039354+00:00,140.6,44,bid,CostlyCorianders,EarnestEspressos,7545333
2026-07-04T22:10:48.896003,2026-07-04T22:10:48.907656+00:00,140.5,50,ask,DiligentDonuts,FlawlessFlatbreads,7545341
2026-07-04T22:10:51.003237,2026-07-04T22:10:51.012076+00:00,140.8,50,ask,DiligentDonuts,FlawlessFlatbreads,7545371
2026-07-04T22:10:53.109111,2026-07-04T22:10:53.120693+00:00,140.9,50,ask,EarnestEspressos,FlawlessFlatbreads,7545407
2026-07-04T22:10:53.282148,2026-07-04T22:10:53.288886+00:00,140.9,46,ask,EarnestEspressos,CostlyCorianders,7545412
2026-07-04T22:10:54.345433,2026-07-04T22:10:54.352168+00:00,140.9,44,ask,EarnestEspressos,CostlyCorianders,7545424
2026-07-04T22:10:55.247386,2026-07-04T22:10:55.259055+00:00,140.9,10,ask,EarnestEspressos,FlawlessFlatbreads,7545441
2026-07-04T22:10:55.247386,2026-07-04T22:10:55.259055+00:00,140.6,40,ask,DiligentDonuts,FlawlessFlatbreads,7545442
2026-07-04T22:10:56.399144,2026-07-04T22:10:56.407252+00:00,140.7,49,bid,CostlyCorianders,EarnestEspressos,7545452
2026-07-04T22:10:56.464985,2026-07-04T22:10:56.472790+00:00,140.7,22,bid,Xuanyu Liu,EarnestEspressos,7545458
2026-07-04T22:10:57.357586,2026-07-04T22:10:57.369444+00:00,140.6,50,ask,DiligentDonuts,FlawlessFlatbreads,7545470
2026-07-04T22:10:59.430657,2026-07-04T22:10:59.442228+00:00,140.9,45,bid,CostlyCorianders,EarnestEspressos,7545495
2026-07-04T22:10:59.484311,2026-07-04T22:10:59.492634+00:00,140.6,50,ask,DiligentDonuts,FlawlessFlatbreads,7545499
2026-07-04T22:11:00.399525,2026-07-04T22:11:00.407747+00:00,140.6,12,bid,Xuanyu Liu,DiligentDonuts,7545508
2026-07-04T22:11:01.588942,2026-07-04T22:11:01.595955+00:00,140.4,50,ask,EarnestEspressos,FlawlessFlatbreads,7545526
2026-07-04T22:11:01.977669,2026-07-04T22:11:01.985619+00:00,140.6,43,bid,CostlyCorianders,DiligentDonuts,7545533
2026-07-04T22:11:02.452557,2026-07-04T22:11:02.468977+00:00,140.6,45,bid,EarnestEspressos,DiligentDonuts,7545537
2026-07-04T22:11:03.580909,2026-07-04T22:11:03.590076+00:00,140.6,44,ask,EarnestEspressos,CostlyCorianders,7545553
2026-07-04T22:11:03.701803,2026-07-04T22:11:03.710632+00:00,140.6,50,ask,EarnestEspressos,FlawlessFlatbreads,7545555
2026-07-04T22:11:05.808682,2026-07-04T22:11:05.823530+00:00,140.5,50,ask,DiligentDonuts,FlawlessFlatbreads,7545580
2026-07-04T22:11:05.982842,2026-07-04T22:11:05.994348+00:00,140.6,41,bid,CostlyCorianders,EarnestEspressos,7545581
2026-07-04T22:11:07.420148,2026-07-04T22:11:07.431852+00:00,140.4,40,ask,DiligentDonuts,CostlyCorianders,7545596
2026-07-04T22:11:07.915264,2026-07-04T22:11:07.922082+00:00,140.4,50,ask,DiligentDonuts,FlawlessFlatbreads,7545604
2026-07-04T22:11:07.933737,2026-07-04T22:11:07.941641+00:00,140.6,11,bid,Xuanyu Liu,EarnestEspressos,7545605
2026-07-04T22:11:08.532577,2026-07-04T22:11:08.542938+00:00,140.6,48,bid,CostlyCorianders,EarnestEspressos,7545618
2026-07-04T22:11:10.022149,2026-07-04T22:11:10.034034+00:00,140.4,50,ask,EarnestEspressos,FlawlessFlatbreads,7545634
2026-07-04T22:11:10.035332,2026-07-04T22:11:10.044369+00:00,140.6,42,bid,CostlyCorianders,DiligentDonuts,7545635
2026-07-04T22:11:12.152336,2026-07-04T22:11:12.156469+00:00,140.3,50,ask,EarnestEspressos,FlawlessFlatbreads,7545666
2026-07-04T22:11:14.208606,2026-07-04T22:11:14.220077+00:00,140.7,50,bid,FlawlessFlatbreads,DiligentDonuts,7545704
2026-07-04T22:11:14.343010,2026-07-04T22:11:14.358588+00:00,140.3,48,ask,EarnestEspressos,CostlyCorianders,7545706
2026-07-04T22:11:15.175740,2026-07-04T22:11:15.183906+00:00,140.6,12,bid,Xuanyu Liu,EarnestEspressos,7545719
2026-07-04T22:11:15.663727,2026-07-04T22:11:15.675454+00:00,140.6,49,bid,CostlyCorianders,EarnestEspressos,7545725
2026-07-04T22:11:15.771426,2026-07-04T22:11:15.779807+00:00,140.6,89,bid,DiligentDonuts,EarnestEspressos,7545726
2026-07-04T22:11:18.472857,2026-07-04T22:11:18.484797+00:00,140.6,11,ask,DiligentDonuts,FlawlessFlatbreads,7545755
2026-07-04T22:11:18.472857,2026-07-04T22:11:18.484797+00:00,140.6,39,ask,EarnestEspressos,FlawlessFlatbreads,7545756
2026-07-04T22:11:20.582078,2026-07-04T22:11:20.592845+00:00,140.6,50,ask,EarnestEspressos,FlawlessFlatbreads,7545788
2026-07-04T22:11:21.946955,2026-07-04T22:11:21.958575+00:00,140.4,42,ask,EarnestEspressos,CostlyCorianders,7545813
2026-07-04T22:11:22.688871,2026-07-04T22:11:22.699845+00:00,140.4,50,ask,EarnestEspressos,FlawlessFlatbreads,7545822
2026-07-04T22:11:24.030343,2026-07-04T22:11:24.041552+00:00,140.8,47,bid,CostlyCorianders,DiligentDonuts,7545837
2026-07-04T22:11:24.660763,2026-07-04T22:11:24.671356+00:00,140.6,11,bid,Xuanyu Liu,EarnestEspressos,7545845
2026-07-04T22:11:25.257854,2026-07-04T22:11:25.269756+00:00,140.6,100,bid,DiligentDonuts,EarnestEspressos,7545855
2026-07-04T22:11:26.854184,2026-07-04T22:11:26.851323+00:00,140.6,39,bid,FlawlessFlatbreads,EarnestEspressos,7545870
2026-07-04T22:11:26.854184,2026-07-04T22:11:26.851323+00:00,141.1,11,bid,FlawlessFlatbreads,DiligentDonuts,7545871
2026-07-04T22:11:27.878481,2026-07-04T22:11:27.887757+00:00,140.7,11,ask,EarnestEspressos,Xuanyu Liu,7545887
2026-07-04T22:11:28.042628,2026-07-04T22:11:28.051698+00:00,140.7,23,ask,EarnestEspressos,Xuanyu Liu,7545897
2026-07-04T22:11:28.163658,2026-07-04T22:11:28.175292+00:00,140.7,40,ask,EarnestEspressos,CostlyCorianders,7545905
2026-07-04T22:11:28.480029,2026-07-04T22:11:28.490084+00:00,140.7,76,ask,EarnestEspressos,DiligentDonuts,7545906
2026-07-04T22:11:29.013478,2026-07-04T22:11:29.025381+00:00,139.9,50,ask,DiligentDonuts,FlawlessFlatbreads,7545912
2026-07-04T22:11:29.349951,2026-07-04T22:11:29.358416+00:00,140.4,23,bid,Xuanyu Liu,DiligentDonuts,7545923
2026-07-04T22:11:30.670254,2026-07-04T22:11:30.678230+00:00,140.4,1,bid,Xuanyu Liu,DiligentDonuts,7545950
2026-07-04T22:11:30.979631,2026-07-04T22:11:30.988537+00:00,140.4,10,bid,Xuanyu Liu,EarnestEspressos,7545953
2026-07-04T22:11:31.119486,2026-07-04T22:11:31.131028+00:00,139.9,50,ask,DiligentDonuts,FlawlessFlatbreads,7545956
2026-07-04T22:11:31.787798,2026-07-04T22:11:31.795098+00:00,140.2,46,ask,DiligentDonuts,CostlyCorianders,7545968
2026-07-04T22:11:33.293458,2026-07-04T22:11:33.301268+00:00,140.4,3,bid,Xuanyu Liu,EarnestEspressos,7545985
2026-07-04T22:11:33.933114,2026-07-04T22:11:33.944184+00:00,140.4,42,bid,CostlyCorianders,EarnestEspressos,7545991
2026-07-04T22:11:34.602724,2026-07-04T22:11:34.610801+00:00,140.2,3,ask,DiligentDonuts,Xuanyu Liu,7546006
2026-07-04T22:11:35.335165,2026-07-04T22:11:35.347028+00:00,139.9,50,ask,EarnestEspressos,FlawlessFlatbreads,7546015
2026-07-04T22:11:35.502737,2026-07-04T22:11:35.514648+00:00,139.9,49,ask,EarnestEspressos,CostlyCorianders,7546021
2026-07-04T22:11:37.305696,2026-07-04T22:11:37.310592+00:00,139.9,3,bid,Xuanyu Liu,EarnestEspressos,7546040
2026-07-04T22:11:37.443678,2026-07-04T22:11:37.463843+00:00,139.8,50,ask,DiligentDonuts,FlawlessFlatbreads,7546042
2026-07-04T22:11:38.784775,2026-07-04T22:11:38.795832+00:00,139.9,43,bid,CostlyCorianders,EarnestEspressos,7546059
2026-07-04T22:11:39.424535,2026-07-04T22:11:39.433503+00:00,139.9,3,bid,Xuanyu Liu,EarnestEspressos,7546066
2026-07-04T22:11:39.549364,2026-07-04T22:11:39.559760+00:00,139.7,50,ask,DiligentDonuts,FlawlessFlatbreads,7546068
2026-07-04T22:11:40.894056,2026-07-04T22:11:40.905954+00:00,139.8,49,ask,EarnestEspressos,CostlyCorianders,7546085
2026-07-04T22:11:41.159518,2026-07-04T22:11:41.201958+00:00,139.8,3,ask,EarnestEspressos,Xuanyu Liu,7546089
2026-07-04T22:11:41.656292,2026-07-04T22:11:41.668096+00:00,139.8,50,ask,EarnestEspressos,FlawlessFlatbreads,7546099
2026-07-04T22:11:43.647484,2026-07-04T22:11:43.655820+00:00,139.6,3,bid,Xuanyu Liu,EarnestEspressos,7546125
2026-07-04T22:11:45.162283,2026-07-04T22:11:45.170517+00:00,139.6,44,bid,CostlyCorianders,EarnestEspressos,7546146
2026-07-04T22:11:45.817603,2026-07-04T22:11:45.829050+00:00,139.6,50,bid,FlawlessFlatbreads,EarnestEspressos,7546164
2026-07-04T22:11:47.925209,2026-07-04T22:11:47.932412+00:00,139.7,50,bid,FlawlessFlatbreads,DiligentDonuts,7546193
2026-07-04T22:11:50.032037,2026-07-04T22:11:50.043904+00:00,139.7,50,bid,FlawlessFlatbreads,DiligentDonuts,7546224
2026-07-04T22:11:50.292787,2026-07-04T22:11:50.311868+00:00,139.8,40,bid,CostlyCorianders,EarnestEspressos,7546228
2026-07-04T22:11:51.748872,2026-07-04T22:11:51.759853+00:00,139.8,25,bid,Yinxuan Li,EarnestEspressos,7546263
2026-07-04T22:11:52.379369,2026-07-04T22:11:52.391392+00:00,139.7,44,ask,DiligentDonuts,CostlyCorianders,7546268
2026-07-04T22:11:53.789553,2026-07-04T22:11:53.800975+00:00,139.9,100,ask,EarnestEspressos,DiligentDonuts,7546283
2026-07-04T22:11:54.298703,2026-07-04T22:11:54.310191+00:00,139.9,50,ask,EarnestEspressos,FlawlessFlatbreads,7546288
2026-07-04T22:11:54.948065,2026-07-04T22:11:54.963920+00:00,140.4,45,bid,CostlyCorianders,EarnestEspressos,7546300
2026-07-04T22:11:56.764730,2026-07-04T22:11:56.776338+00:00,140.0,25,bid,Yinxuan Li,EarnestEspressos,7546319
2026-07-04T22:11:57.913751,2026-07-04T22:11:57.925503+00:00,139.8,46,ask,DiligentDonuts,CostlyCorianders,7546340
2026-07-04T22:12:00.094052,2026-07-04T22:12:00.104160+00:00,140.0,40,bid,CostlyCorianders,EarnestEspressos,7546368
2026-07-04T22:12:00.587565,2026-07-04T22:12:00.598859+00:00,140.0,50,bid,FlawlessFlatbreads,EarnestEspressos,7546377
2026-07-04T22:12:00.587719,2026-07-04T22:12:00.598859+00:00,140.0,43,bid,CostlyCorianders,EarnestEspressos,7546378
2026-07-04T22:12:00.641257,2026-07-04T22:12:00.653096+00:00,139.7,43,ask,DiligentDonuts,CostlyCorianders,7546381
2026-07-04T22:12:01.216692,2026-07-04T22:12:01.226561+00:00,140.0,17,bid,CostlyCorianders,EarnestEspressos,7546397
2026-07-04T22:12:01.216692,2026-07-04T22:12:01.226561+00:00,140.2,28,bid,CostlyCorianders,DiligentDonuts,7546398
2026-07-04T22:12:02.578887,2026-07-04T22:12:02.590564+00:00,140.2,72,bid,EarnestEspressos,DiligentDonuts,7546419
2026-07-04T22:12:02.645058,2026-07-04T22:12:02.653510+00:00,140.2,3,ask,EarnestEspressos,Xuanyu Liu,7546424
2026-07-04T22:12:06.964893,2026-07-04T22:12:06.976740+00:00,140.0,50,ask,EarnestEspressos,FlawlessFlatbreads,7546494
2026-07-04T22:12:08.345866,2026-07-04T22:12:08.358599+00:00,140.0,46,ask,EarnestEspressos,CostlyCorianders,7546519
2026-07-04T22:12:08.723689,2026-07-04T22:12:08.731274+00:00,140.0,3,ask,EarnestEspressos,Xuanyu Liu,7546525
2026-07-04T22:12:08.961437,2026-07-04T22:12:08.973271+00:00,139.9,100,ask,DiligentDonuts,EarnestEspressos,7546531
2026-07-04T22:12:08.974465,2026-07-04T22:12:08.985650+00:00,139.6,3,bid,Xuanyu Liu,EarnestEspressos,7546532
2026-07-04T22:12:09.075996,2026-07-04T22:12:09.083967+00:00,139.1,50,ask,EarnestEspressos,FlawlessFlatbreads,7546536
2026-07-04T22:12:11.011352,2026-07-04T22:12:11.019598+00:00,139.6,41,bid,CostlyCorianders,EarnestEspressos,7546566
2026-07-04T22:12:11.183274,2026-07-04T22:12:11.191171+00:00,139.2,50,ask,DiligentDonuts,FlawlessFlatbreads,7546570
2026-07-04T22:12:11.340731,2026-07-04T22:12:11.349779+00:00,139.6,3,bid,Xuanyu Liu,EarnestEspressos,7546578
2026-07-04T22:12:11.787557,2026-07-04T22:12:11.794518+00:00,139.6,3,bid,Yinxuan Li,EarnestEspressos,7546592
2026-07-04T22:12:12.096172,2026-07-04T22:12:12.103254+00:00,139.7,100,bid,EarnestEspressos,DiligentDonuts,7546596
2026-07-04T22:12:13.304279,2026-07-04T22:12:13.313911+00:00,139.7,50,ask,EarnestEspressos,FlawlessFlatbreads,7546611
2026-07-04T22:12:15.308225,2026-07-04T22:12:15.319602+00:00,139.4,100,ask,DiligentDonuts,EarnestEspressos,7546633
2026-07-04T22:12:15.320764,2026-07-04T22:12:15.328625+00:00,139.4,11,bid,Xuanyu Liu,EarnestEspressos,7546634
2026-07-04T22:12:15.412280,2026-07-04T22:12:15.421881+00:00,138.9,50,ask,EarnestEspressos,FlawlessFlatbreads,7546638
2026-07-04T22:12:16.797852,2026-07-04T22:12:16.804705+00:00,139.4,25,bid,Yinxuan Li,EarnestEspressos,7546676
2026-07-04T22:12:16.923901,2026-07-04T22:12:16.936413+00:00,139.4,12,bid,Xuanyu Liu,EarnestEspressos,7546679
2026-07-04T22:12:17.292306,2026-07-04T22:12:17.299778+00:00,139.4,2,bid,CostlyCorianders,EarnestEspressos,7546690
2026-07-04T22:12:17.292306,2026-07-04T22:12:17.305224+00:00,139.6,46,bid,CostlyCorianders,DiligentDonuts,7546691
2026-07-04T22:12:17.525557,2026-07-04T22:12:17.540565+00:00,139.1,50,ask,DiligentDonuts,FlawlessFlatbreads,7546698
2026-07-04T22:12:19.632653,2026-07-04T22:12:19.644587+00:00,139.5,50,ask,EarnestEspressos,FlawlessFlatbreads,7546728
2026-07-04T22:12:20.509136,2026-07-04T22:12:20.517139+00:00,139.5,12,ask,EarnestEspressos,Xuanyu Liu,7546742
2026-07-04T22:12:21.740448,2026-07-04T22:12:21.752333+00:00,139.2,50,ask,DiligentDonuts,FlawlessFlatbreads,7546759
2026-07-04T22:12:21.843080,2026-07-04T22:12:21.863770+00:00,139.7,25,bid,Yinxuan Li,DiligentDonuts,7546764
2026-07-04T22:12:23.848202,2026-07-04T22:12:23.858546+00:00,139.3,50,ask,DiligentDonuts,FlawlessFlatbreads,7546797
2026-07-04T22:12:25.470212,2026-07-04T22:12:25.477468+00:00,139.4,12,bid,Xuanyu Liu,DiligentDonuts,7546817
2026-07-04T22:12:26.471911,2026-07-04T22:12:26.481086+00:00,139.2,44,ask,EarnestEspressos,CostlyCorianders,7546829
2026-07-04T22:12:26.857565,2026-07-04T22:12:26.864157+00:00,139.4,25,bid,Yinxuan Li,DiligentDonuts,7546837
2026-07-04T22:12:28.010143,2026-07-04T22:12:28.021737+00:00,139.4,50,bid,FlawlessFlatbreads,DiligentDonuts,7546861
2026-07-04T22:12:30.167584,2026-07-04T22:12:30.179193+00:00,139.2,50,ask,DiligentDonuts,FlawlessFlatbreads,7546891
2026-07-04T22:12:30.295251,2026-07-04T22:12:30.305467+00:00,139.2,40,ask,DiligentDonuts,CostlyCorianders,7546892
2026-07-04T22:12:31.867813,2026-07-04T22:12:31.874881+00:00,139.6,25,bid,Yinxuan Li,EarnestEspressos,7546920
2026-07-04T22:12:32.224292,2026-07-04T22:12:32.232233+00:00,139.6,50,bid,FlawlessFlatbreads,EarnestEspressos,7546931
2026-07-04T22:12:33.234110,2026-07-04T22:12:33.242826+00:00,139.6,42,bid,CostlyCorianders,EarnestEspressos,7546945
2026-07-04T22:12:33.937864,2026-07-04T22:12:33.944965+00:00,139.6,23,bid,Xuanyu Liu,EarnestEspressos,7546956
2026-07-04T22:12:34.262196,2026-07-04T22:12:34.273855+00:00,139.6,100,bid,EarnestEspressos,DiligentDonuts,7546961
2026-07-04T22:12:34.324855,2026-07-04T22:12:34.333700+00:00,140.1,35,ask,EarnestEspressos,Xuanyu Liu,7546963
2026-07-04T22:12:34.383538,2026-07-04T22:12:34.395365+00:00,140.1,15,ask,EarnestEspressos,FlawlessFlatbreads,7546965
2026-07-04T22:12:36.440493,2026-07-04T22:12:36.448481+00:00,140.2,50,bid,FlawlessFlatbreads,DiligentDonuts,7546996
2026-07-04T22:12:36.878109,2026-07-04T22:12:36.889570+00:00,140.2,25,bid,Yinxuan Li,DiligentDonuts,7546998
2026-07-04T22:12:37.857844,2026-07-04T22:12:37.869546+00:00,139.7,40,ask,DiligentDonuts,CostlyCorianders,7547013
2026-07-04T22:12:38.546870,2026-07-04T22:12:38.553287+00:00,140.0,50,bid,FlawlessFlatbreads,EarnestEspressos,7547025
2026-07-04T22:12:39.829301,2026-07-04T22:12:39.836674+00:00,139.7,46,ask,DiligentDonuts,CostlyCorianders,7547041
2026-07-04T22:12:40.653136,2026-07-04T22:12:40.664870+00:00,140.2,50,bid,FlawlessFlatbreads,DiligentDonuts,7547050
2026-07-04T22:12:41.893565,2026-07-04T22:12:41.905001+00:00,139.9,22,bid,Yinxuan Li,EarnestEspressos,7547065
2026-07-04T22:12:42.762516,2026-07-04T22:12:42.773998+00:00,139.9,50,bid,FlawlessFlatbreads,EarnestEspressos,7547075
2026-07-04T22:12:44.869799,2026-07-04T22:12:44.881494+00:00,140.2,50,bid,FlawlessFlatbreads,EarnestEspressos,7547101
2026-07-04T22:12:45.841512,2026-07-04T22:12:45.858593+00:00,140.2,40,bid,CostlyCorianders,EarnestEspressos,7547118
2026-07-04T22:12:46.936482,2026-07-04T22:12:46.944815+00:00,140.2,100,bid,EarnestEspressos,DiligentDonuts,7547136
2026-07-04T22:12:46.943480,2026-07-04T22:12:46.950018+00:00,140.2,46,ask,EarnestEspressos,CostlyCorianders,7547137
2026-07-04T22:12:47.003057,2026-07-04T22:12:47.012642+00:00,140.2,4,ask,EarnestEspressos,Xuanyu Liu,7547139
2026-07-04T22:12:49.080830,2026-07-04T22:12:49.092585+00:00,140.5,50,bid,FlawlessFlatbreads,DiligentDonuts,7547178
2026-07-04T22:12:50.661853,2026-07-04T22:12:50.669003+00:00,140.1,100,bid,DiligentDonuts,EarnestEspressos,7547198
2026-07-04T22:12:51.187000,2026-07-04T22:12:51.195590+00:00,140.1,50,bid,FlawlessFlatbreads,EarnestEspressos,7547202
2026-07-04T22:12:51.238832,2026-07-04T22:12:51.248302+00:00,140.6,49,bid,CostlyCorianders,DiligentDonuts,7547203
2026-07-04T22:12:53.270857,2026-07-04T22:12:53.279755+00:00,140.3,10,ask,EarnestEspressos,Xuanyu Liu,7547239
2026-07-04T22:12:55.457420,2026-07-04T22:12:55.469004+00:00,140.3,50,ask,EarnestEspressos,FlawlessFlatbreads,7547264
2026-07-04T22:12:58.479733,2026-07-04T22:12:58.490922+00:00,140.4,40,bid,CostlyCorianders,EarnestEspressos,7547308
2026-07-04T22:12:58.533630,2026-07-04T22:12:58.543867+00:00,139.9,44,ask,EarnestEspressos,CostlyCorianders,7547311
2026-07-04T22:12:59.690769,2026-07-04T22:12:59.699936+00:00,140.4,49,bid,CostlyCorianders,DiligentDonuts,7547332
2026-07-04T22:13:01.745112,2026-07-04T22:13:01.754221+00:00,140.5,50,bid,FlawlessFlatbreads,EarnestEspressos,7547369
2026-07-04T22:13:06.020848,2026-07-04T22:13:06.030006+00:00,140.4,50,ask,EarnestEspressos,FlawlessFlatbreads,7547446
2026-07-04T22:13:08.127928,2026-07-04T22:13:08.137182+00:00,140.4,50,ask,EarnestEspressos,FlawlessFlatbreads,7547468
2026-07-04T22:13:10.262348,2026-07-04T22:13:10.268925+00:00,140.4,50,ask,DiligentDonuts,FlawlessFlatbreads,7547494
2026-07-04T22:13:10.567992,2026-07-04T22:13:10.579589+00:00,140.4,44,ask,DiligentDonuts,CostlyCorianders,7547499
2026-07-04T22:13:12.368523,2026-07-04T22:13:12.380497+00:00,140.4,6,ask,DiligentDonuts,FlawlessFlatbreads,7547531
2026-07-04T22:13:12.368523,2026-07-04T22:13:12.380497+00:00,140.2,44,ask,EarnestEspressos,FlawlessFlatbreads,7547532
2026-07-04T22:13:12.794156,2026-07-04T22:13:12.803695+00:00,140.2,41,ask,EarnestEspressos,CostlyCorianders,7547541
2026-07-04T22:13:14.503381,2026-07-04T22:13:14.511997+00:00,140.2,50,ask,EarnestEspressos,FlawlessFlatbreads,7547573
2026-07-04T22:13:15.464685,2026-07-04T22:13:15.473659+00:00,140.3,26,bid,Xuanyu Liu,EarnestEspressos,7547583
2026-07-04T22:13:15.953235,2026-07-04T22:13:15.964752+00:00,140.3,100,bid,DiligentDonuts,EarnestEspressos,7547590
2026-07-04T22:13:16.557943,2026-07-04T22:13:16.569863+00:00,140.3,24,bid,FlawlessFlatbreads,EarnestEspressos,7547605
2026-07-04T22:13:17.827267,2026-07-04T22:13:17.834906+00:00,140.9,43,bid,CostlyCorianders,DiligentDonuts,7547621
2026-07-04T22:13:18.665089,2026-07-04T22:13:18.673566+00:00,140.6,50,bid,FlawlessFlatbreads,EarnestEspressos,7547637
2026-07-04T22:13:20.052965,2026-07-04T22:13:20.064513+00:00,140.4,42,bid,CostlyCorianders,DiligentDonuts,7547657
2026-07-04T22:13:20.779814,2026-07-04T22:13:20.787060+00:00,140.4,50,bid,FlawlessFlatbreads,DiligentDonuts,7547666
2026-07-04T22:13:21.742764,2026-07-04T22:13:21.751587+00:00,140.3,23,ask,EarnestEspressos,Xuanyu Liu,7547683
2026-07-04T22:13:22.885900,2026-07-04T22:13:22.897889+00:00,140.6,50,bid,FlawlessFlatbreads,DiligentDonuts,7547695
2026-07-04T22:13:24.993430,2026-07-04T22:13:25.004788+00:00,140.6,50,bid,FlawlessFlatbreads,DiligentDonuts,7547728
2026-07-04T22:13:25.459499,2026-07-04T22:13:25.466697+00:00,140.6,3,ask,DiligentDonuts,Xuanyu Liu,7547736
2026-07-04T22:13:27.072784,2026-07-04T22:13:27.082021+00:00,140.6,43,ask,DiligentDonuts,CostlyCorianders,7547758
2026-07-04T22:13:27.100076,2026-07-04T22:13:27.110777+00:00,140.8,50,bid,FlawlessFlatbreads,EarnestEspressos,7547759
2026-07-04T22:13:29.154137,2026-07-04T22:13:29.165859+00:00,140.7,41,bid,CostlyCorianders,DiligentDonuts,7547799
2026-07-04T22:13:29.225078,2026-07-04T22:13:29.236732+00:00,140.7,50,bid,FlawlessFlatbreads,DiligentDonuts,7547800
2026-07-04T22:13:30.184975,2026-07-04T22:13:30.195798+00:00,140.4,42,ask,EarnestEspressos,CostlyCorianders,7547812
2026-07-04T22:13:31.081087,2026-07-04T22:13:31.092730+00:00,140.4,45,ask,EarnestEspressos,CostlyCorianders,7547825
2026-07-04T22:13:31.333986,2026-07-04T22:13:31.341980+00:00,140.6,50,bid,FlawlessFlatbreads,EarnestEspressos,7547831
2026-07-04T22:13:31.760288,2026-07-04T22:13:31.769687+00:00,140.6,100,bid,DiligentDonuts,EarnestEspressos,7547841
2026-07-04T22:13:31.883977,2026-07-04T22:13:31.891649+00:00,141.4,45,bid,Zihao Wu,DiligentDonuts,7547846
2026-07-04T22:13:33.492571,2026-07-04T22:13:33.504177+00:00,140.1,50,ask,EarnestEspressos,FlawlessFlatbreads,7547870
2026-07-04T22:13:35.602370,2026-07-04T22:13:35.610122+00:00,140.4,50,ask,DiligentDonuts,FlawlessFlatbreads,7547892
2026-07-04T22:13:35.961331,2026-07-04T22:13:35.973108+00:00,140.8,41,bid,CostlyCorianders,EarnestEspressos,7547900
2026-07-04T22:13:39.214334,2026-07-04T22:13:39.224010+00:00,140.5,3,ask,EarnestEspressos,Xuanyu Liu,7547955
2026-07-04T22:13:39.507856,2026-07-04T22:13:39.519574+00:00,140.5,47,ask,EarnestEspressos,CostlyCorianders,7547963
2026-07-04T22:13:40.922052,2026-07-04T22:13:40.933214+00:00,140.2,44,ask,DiligentDonuts,CostlyCorianders,7547984
2026-07-04T22:13:41.866147,2026-07-04T22:13:41.877655+00:00,140.5,50,bid,FlawlessFlatbreads,DiligentDonuts,7547995
2026-07-04T22:13:42.800141,2026-07-04T22:13:42.811424+00:00,140.5,45,bid,CostlyCorianders,DiligentDonuts,7548011
2026-07-04T22:13:43.972995,2026-07-04T22:13:43.984489+00:00,140.5,5,bid,FlawlessFlatbreads,DiligentDonuts,7548023
2026-07-04T22:13:43.972995,2026-07-04T22:13:43.984489+00:00,140.9,45,bid,FlawlessFlatbreads,EarnestEspressos,7548024
