timestamp,recv_time,price,volume,aggressor_side,buyer,seller,trade_id
2026-07-05T04:00:01.227221,2026-07-05T04:00:01.240063+00:00,136.8,50,bid,FlawlessFlatbreads,EarnestEspressos,7848678
2026-07-05T04:00:03.342420,2026-07-05T04:00:03.355701+00:00,137.0,50,bid,FlawlessFlatbreads,DiligentDonuts,7848696
2026-07-05T04:00:04.176511,2026-07-05T04:00:04.184927+00:00,136.9,11,ask,DiligentDonuts,Xuanyu Liu,7848709
2026-07-05T04:00:04.203163,2026-07-05T04:00:04.215107+00:00,136.9,41,ask,DiligentDonuts,CostlyCorianders,7848711
2026-07-05T04:00:05.410414,2026-07-05T04:00:05.422796+00:00,137.3,44,bid,CostlyCorianders,EarnestEspressos,7848722
2026-07-05T04:00:05.455778,2026-07-05T04:00:05.468984+00:00,137.3,50,bid,FlawlessFlatbreads,EarnestEspressos,7848727
2026-07-05T04:00:07.565584,2026-07-05T04:00:07.577377+00:00,137.1,50,bid,FlawlessFlatbreads,DiligentDonuts,7848749
2026-07-05T04:00:08.636062,2026-07-05T04:00:08.644655+00:00,137.1,47,bid,CostlyCorianders,DiligentDonuts,7848760
2026-07-05T04:00:09.570557,2026-07-05T04:00:09.582336+00:00,137.0,40,ask,EarnestEspressos,CostlyCorianders,7848773
2026-07-05T04:00:09.725272,2026-07-05T04:00:09.721571+00:00,136.9,50,ask,EarnestEspressos,FlawlessFlatbreads,7848775
2026-07-05T04:00:11.109962,2026-07-05T04:00:11.121085+00:00,137.0,49,ask,DiligentDonuts,CostlyCorianders,7848791
2026-07-05T04:00:13.886698,2026-07-05T04:00:13.898796+00:00,137.2,50,bid,FlawlessFlatbreads,EarnestEspressos,7848826
2026-07-05T04:00:14.152412,2026-07-05T04:00:14.158578+00:00,137.2,40,bid,CostlyCorianders,EarnestEspressos,7848836
2026-07-05T04:00:14.206816,2026-07-05T04:00:14.216660+00:00,136.8,46,ask,DiligentDonuts,CostlyCorianders,7848838
2026-07-05T04:00:15.436043,2026-07-05T04:00:15.447966+00:00,137.2,48,bid,CostlyCorianders,EarnestEspressos,7848850
2026-07-05T04:00:15.911543,2026-07-05T04:00:15.921500+00:00,136.8,40,ask,DiligentDonuts,CostlyCorianders,7848852
2026-07-05T04:00:16.004866,2026-07-05T04:00:16.017038+00:00,137.3,50,bid,FlawlessFlatbreads,DiligentDonuts,7848855
2026-07-05T04:00:16.009138,2026-07-05T04:00:16.017038+00:00,137.3,50,bid,EarnestEspressos,DiligentDonuts,7848856
2026-07-05T04:00:16.078661,2026-07-05T04:00:16.088139+00:00,137.3,3,ask,EarnestEspressos,Xuanyu Liu,7848857
2026-07-05T04:00:16.740462,2026-07-05T04:00:16.749733+00:00,137.3,3,ask,EarnestEspressos,Xuanyu Liu,7848872
2026-07-05T04:00:17.028757,2026-07-05T04:00:17.040880+00:00,137.3,46,ask,EarnestEspressos,CostlyCorianders,7848875
2026-07-05T04:00:18.162891,2026-07-05T04:00:18.174644+00:00,137.3,48,ask,EarnestEspressos,FlawlessFlatbreads,7848892
2026-07-05T04:00:18.162891,2026-07-05T04:00:18.174644+00:00,136.9,2,ask,DiligentDonuts,FlawlessFlatbreads,7848893
2026-07-05T04:00:19.242074,2026-07-05T04:00:19.252036+00:00,137.1,3,bid,Xuanyu Liu,EarnestEspressos,7848906
2026-07-05T04:00:20.272617,2026-07-05T04:00:20.280330+00:00,136.9,50,ask,DiligentDonuts,FlawlessFlatbreads,7848922
2026-07-05T04:00:20.456555,2026-07-05T04:00:20.468844+00:00,137.1,47,bid,CostlyCorianders,EarnestEspressos,7848925
2026-07-05T04:00:21.099243,2026-07-05T04:00:21.107032+00:00,136.9,48,ask,DiligentDonuts,CostlyCorianders,7848937
2026-07-05T04:00:22.329256,2026-07-05T04:00:22.340823+00:00,137.4,50,bid,FlawlessFlatbreads,DiligentDonuts,7848954
2026-07-05T04:00:25.584373,2026-07-05T04:00:25.597365+00:00,137.2,46,bid,CostlyCorianders,DiligentDonuts,7848997
2026-07-05T04:00:26.070557,2026-07-05T04:00:26.082471+00:00,137.2,41,bid,CostlyCorianders,DiligentDonuts,7849007
2026-07-05T04:00:26.539457,2026-07-05T04:00:26.552174+00:00,137.1,50,bid,FlawlessFlatbreads,DiligentDonuts,7849013
2026-07-05T04:00:27.794759,2026-07-05T04:00:27.806456+00:00,136.7,47,ask,EarnestEspressos,CostlyCorianders,7849030
2026-07-05T04:00:28.647523,2026-07-05T04:00:28.650638+00:00,137.1,50,bid,FlawlessFlatbreads,DiligentDonuts,7849039
2026-07-05T04:00:29.373045,2026-07-05T04:00:29.381845+00:00,137.0,100,bid,DiligentDonuts,EarnestEspressos,7849044
2026-07-05T04:00:29.848985,2026-07-05T04:00:29.859006+00:00,137.0,3,bid,Xuanyu Liu,EarnestEspressos,7849054
2026-07-05T04:00:30.753629,2026-07-05T04:00:30.769044+00:00,137.0,47,bid,FlawlessFlatbreads,EarnestEspressos,7849074
2026-07-05T04:00:30.753629,2026-07-05T04:00:30.769044+00:00,137.6,3,bid,FlawlessFlatbreads,DiligentDonuts,7849075
2026-07-05T04:00:31.864223,2026-07-05T04:00:31.876862+00:00,137.3,45,ask,EarnestEspressos,CostlyCorianders,7849090
2026-07-05T04:00:31.867846,2026-07-05T04:00:31.876862+00:00,137.3,3,ask,EarnestEspressos,Xuanyu Liu,7849091
2026-07-05T04:00:32.478721,2026-07-05T04:00:32.488721+00:00,137.3,3,ask,EarnestEspressos,Xuanyu Liu,7849097
2026-07-05T04:00:32.862489,2026-07-05T04:00:32.874230+00:00,137.4,50,bid,FlawlessFlatbreads,DiligentDonuts,7849104
2026-07-05T04:00:35.018959,2026-07-05T04:00:35.027256+00:00,137.0,50,ask,EarnestEspressos,FlawlessFlatbreads,7849141
2026-07-05T04:00:37.154768,2026-07-05T04:00:37.167529+00:00,137.0,50,ask,EarnestEspressos,FlawlessFlatbreads,7849159
2026-07-05T04:00:38.117962,2026-07-05T04:00:38.130045+00:00,137.5,40,bid,CostlyCorianders,EarnestEspressos,7849171
2026-07-05T04:00:39.266376,2026-07-05T04:00:39.278556+00:00,136.9,50,ask,DiligentDonuts,FlawlessFlatbreads,7849181
2026-07-05T04:00:39.639490,2026-07-05T04:00:39.651408+00:00,137.3,46,bid,CostlyCorianders,EarnestEspressos,7849191
2026-07-05T04:00:40.238168,2026-07-05T04:00:40.250144+00:00,136.9,49,ask,DiligentDonuts,CostlyCorianders,7849196
2026-07-05T04:00:41.162577,2026-07-05T04:00:41.174659+00:00,137.3,40,bid,CostlyCorianders,EarnestEspressos,7849201
2026-07-05T04:00:41.383255,2026-07-05T04:00:41.393183+00:00,137.1,50,ask,EarnestEspressos,FlawlessFlatbreads,7849211
2026-07-05T04:00:42.148158,2026-07-05T04:00:42.163981+00:00,137.1,44,ask,EarnestEspressos,CostlyCorianders,7849216
2026-07-05T04:00:42.766153,2026-07-05T04:00:42.777796+00:00,137.1,48,ask,EarnestEspressos,CostlyCorianders,7849227
2026-07-05T04:00:43.501447,2026-07-05T04:00:43.512056+00:00,137.1,8,ask,EarnestEspressos,FlawlessFlatbreads,7849240
2026-07-05T04:00:44.599449,2026-07-05T04:00:44.610998+00:00,137.0,3,bid,Xuanyu Liu,EarnestEspressos,7849250
2026-07-05T04:00:44.795383,2026-07-05T04:00:44.807959+00:00,137.0,47,bid,CostlyCorianders,EarnestEspressos,7849252
2026-07-05T04:00:45.346151,2026-07-05T04:00:45.354074+00:00,137.0,41,bid,CostlyCorianders,EarnestEspressos,7849256
2026-07-05T04:00:45.620697,2026-07-05T04:00:45.633066+00:00,136.7,50,ask,DiligentDonuts,FlawlessFlatbreads,7849261
2026-07-05T04:00:45.898960,2026-07-05T04:00:45.911005+00:00,136.7,47,ask,DiligentDonuts,CostlyCorianders,7849263
2026-07-05T04:00:47.727244,2026-07-05T04:00:47.739041+00:00,136.9,50,ask,EarnestEspressos,FlawlessFlatbreads,7849282
2026-07-05T04:00:48.420954,2026-07-05T04:00:48.432772+00:00,136.9,100,ask,EarnestEspressos,DiligentDonuts,7849290
2026-07-05T04:00:48.842667,2026-07-05T04:00:48.854408+00:00,137.4,44,bid,CostlyCorianders,EarnestEspressos,7849297
2026-07-05T04:00:49.817003,2026-07-05T04:00:49.829285+00:00,137.4,50,bid,FlawlessFlatbreads,EarnestEspressos,7849312
2026-07-05T04:00:51.928754,2026-07-05T04:00:51.939905+00:00,137.1,50,bid,FlawlessFlatbreads,EarnestEspressos,7849330
2026-07-05T04:00:53.642435,2026-07-05T04:00:53.654790+00:00,136.8,43,ask,DiligentDonuts,CostlyCorianders,7849352
2026-07-05T04:00:56.209277,2026-07-05T04:00:56.218139+00:00,136.7,50,ask,EarnestEspressos,FlawlessFlatbreads,7849383
2026-07-05T04:00:57.225589,2026-07-05T04:00:57.237835+00:00,137.0,48,bid,CostlyCorianders,DiligentDonuts,7849390
2026-07-05T04:00:57.783457,2026-07-05T04:00:57.793361+00:00,136.7,48,ask,EarnestEspressos,CostlyCorianders,7849395
2026-07-05T04:00:58.326875,2026-07-05T04:00:58.335582+00:00,136.8,50,ask,DiligentDonuts,FlawlessFlatbreads,7849407
2026-07-05T04:01:00.432898,2026-07-05T04:01:00.444976+00:00,136.8,50,ask,DiligentDonuts,FlawlessFlatbreads,7849424
2026-07-05T04:01:00.889443,2026-07-05T04:01:00.901578+00:00,137.0,41,bid,CostlyCorianders,EarnestEspressos,7849430
2026-07-05T04:01:02.067234,2026-07-05T04:01:02.079305+00:00,137.0,44,bid,CostlyCorianders,EarnestEspressos,7849446
2026-07-05T04:01:03.233642,2026-07-05T04:01:03.243286+00:00,136.5,46,ask,EarnestEspressos,CostlyCorianders,7849461
2026-07-05T04:01:04.207510,2026-07-05T04:01:04.219851+00:00,136.6,41,ask,EarnestEspressos,CostlyCorianders,7849470
2026-07-05T04:01:06.821937,2026-07-05T04:01:06.828748+00:00,136.4,50,ask,DiligentDonuts,FlawlessFlatbreads,7849505
2026-07-05T04:01:06.965904,2026-07-05T04:01:06.978195+00:00,136.9,45,bid,CostlyCorianders,DiligentDonuts,7849506
2026-07-05T04:01:08.176766,2026-07-05T04:01:08.188733+00:00,136.9,40,bid,CostlyCorianders,EarnestEspressos,7849521
2026-07-05T04:01:09.202556,2026-07-05T04:01:09.210810+00:00,136.4,45,ask,EarnestEspressos,CostlyCorianders,7849532
2026-07-05T04:01:11.036675,2026-07-05T04:01:11.048675+00:00,136.4,50,ask,DiligentDonuts,FlawlessFlatbreads,7849553
2026-07-05T04:01:11.732958,2026-07-05T04:01:11.764028+00:00,136.8,46,bid,CostlyCorianders,EarnestEspressos,7849557
2026-07-05T04:01:13.148694,2026-07-05T04:01:13.163875+00:00,136.5,50,ask,EarnestEspressos,FlawlessFlatbreads,7849574
2026-07-05T04:01:13.423876,2026-07-05T04:01:13.433639+00:00,136.5,40,ask,EarnestEspressos,CostlyCorianders,7849578
2026-07-05T04:01:14.079925,2026-07-05T04:01:14.092329+00:00,136.7,41,bid,CostlyCorianders,DiligentDonuts,7849585
2026-07-05T04:01:15.233167,2026-07-05T04:01:15.240012+00:00,136.5,47,ask,EarnestEspressos,CostlyCorianders,7849599
2026-07-05T04:01:16.273634,2026-07-05T04:01:16.283199+00:00,136.4,26,bid,Xuanyu Liu,EarnestEspressos,7849612
2026-07-05T04:01:17.393237,2026-07-05T04:01:17.404953+00:00,136.3,50,ask,DiligentDonuts,FlawlessFlatbreads,7849621
2026-07-05T04:01:17.653480,2026-07-05T04:01:17.664525+00:00,136.4,11,bid,Xuanyu Liu,EarnestEspressos,7849623
2026-07-05T04:01:17.920415,2026-07-05T04:01:17.932433+00:00,136.4,49,bid,CostlyCorianders,EarnestEspressos,7849625
2026-07-05T04:01:18.524405,2026-07-05T04:01:18.536470+00:00,136.3,42,ask,DiligentDonuts,CostlyCorianders,7849634
2026-07-05T04:01:19.034317,2026-07-05T04:01:19.046095+00:00,136.4,41,bid,CostlyCorianders,EarnestEspressos,7849640
2026-07-05T04:01:19.630042,2026-07-05T04:01:19.641934+00:00,136.4,47,ask,EarnestEspressos,CostlyCorianders,7849650
2026-07-05T04:01:21.640598,2026-07-05T04:01:21.652669+00:00,136.4,50,ask,EarnestEspressos,FlawlessFlatbreads,7849667
2026-07-05T04:01:21.900512,2026-07-05T04:01:21.909910+00:00,136.5,45,bid,CostlyCorianders,DiligentDonuts,7849674
2026-07-05T04:01:23.256256,2026-07-05T04:01:23.265183+00:00,136.4,43,bid,CostlyCorianders,EarnestEspressos,7849694
2026-07-05T04:01:23.311727,2026-07-05T04:01:23.320883+00:00,136.0,49,ask,DiligentDonuts,CostlyCorianders,7849695
2026-07-05T04:01:23.756899,2026-07-05T04:01:23.763847+00:00,136.0,50,ask,DiligentDonuts,FlawlessFlatbreads,7849703
2026-07-05T04:01:25.257357,2026-07-05T04:01:25.269770+00:00,136.4,44,bid,CostlyCorianders,EarnestEspressos,7849714
2026-07-05T04:01:25.756591,2026-07-05T04:01:25.767326+00:00,136.3,40,ask,EarnestEspressos,CostlyCorianders,7849725
2026-07-05T04:01:25.864172,2026-07-05T04:01:25.873203+00:00,136.3,50,ask,EarnestEspressos,FlawlessFlatbreads,7849726
2026-07-05T04:01:26.473558,2026-07-05T04:01:26.482536+00:00,136.3,60,ask,EarnestEspressos,DiligentDonuts,7849730
2026-07-05T04:01:26.827305,2026-07-05T04:01:26.836534+00:00,136.2,40,bid,CostlyCorianders,DiligentDonuts,7849735
2026-07-05T04:01:27.902891,2026-07-05T04:01:27.911132+00:00,135.7,47,ask,DiligentDonuts,CostlyCorianders,7849743
2026-07-05T04:01:29.184754,2026-07-05T04:01:29.194587+00:00,136.0,12,bid,Xuanyu Liu,EarnestEspressos,7849760
2026-07-05T04:01:29.632205,2026-07-05T04:01:29.644822+00:00,135.8,47,ask,DiligentDonuts,CostlyCorianders,7849767
2026-07-05T04:01:30.060897,2026-07-05T04:01:30.073072+00:00,136.0,50,bid,FlawlessFlatbreads,EarnestEspressos,7849773
2026-07-05T04:01:30.555130,2026-07-05T04:01:30.567152+00:00,136.0,47,bid,CostlyCorianders,EarnestEspressos,7849782
2026-07-05T04:01:31.599903,2026-07-05T04:01:31.608841+00:00,136.0,11,bid,Xuanyu Liu,EarnestEspressos,7849794
2026-07-05T04:01:32.187391,2026-07-05T04:01:32.193830+00:00,136.2,50,bid,FlawlessFlatbreads,DiligentDonuts,7849806
2026-07-05T04:01:32.963997,2026-07-05T04:01:32.976361+00:00,136.4,45,bid,CostlyCorianders,DiligentDonuts,7849816
2026-07-05T04:01:34.294555,2026-07-05T04:01:34.306020+00:00,136.4,50,bid,FlawlessFlatbreads,DiligentDonuts,7849840
2026-07-05T04:01:36.623196,2026-07-05T04:01:36.635468+00:00,136.1,44,ask,EarnestEspressos,CostlyCorianders,7849872
2026-07-05T04:01:39.376675,2026-07-05T04:01:39.385090+00:00,136.2,11,ask,DiligentDonuts,Xuanyu Liu,7849906
2026-07-05T04:01:40.690353,2026-07-05T04:01:40.702322+00:00,136.2,12,ask,DiligentDonuts,Xuanyu Liu,7849928
2026-07-05T04:01:40.702270,2026-07-05T04:01:40.717804+00:00,136.2,50,ask,DiligentDonuts,FlawlessFlatbreads,7849930
2026-07-05T04:01:42.613781,2026-07-05T04:01:42.625742+00:00,136.3,47,bid,CostlyCorianders,EarnestEspressos,7849949
2026-07-05T04:01:42.809494,2026-07-05T04:01:42.821448+00:00,136.0,50,ask,DiligentDonuts,FlawlessFlatbreads,7849951
2026-07-05T04:01:45.929013,2026-07-05T04:01:45.937359+00:00,136.1,12,bid,Xuanyu Liu,DiligentDonuts,7849984
2026-07-05T04:01:46.969101,2026-07-05T04:01:46.980845+00:00,136.1,50,bid,FlawlessFlatbreads,DiligentDonuts,7850001
2026-07-05T04:01:47.026092,2026-07-05T04:01:47.038001+00:00,136.1,38,bid,CostlyCorianders,DiligentDonuts,7850005
2026-07-05T04:01:48.595957,2026-07-05T04:01:48.608109+00:00,136.1,46,ask,EarnestEspressos,CostlyCorianders,7850021
2026-07-05T04:01:49.631935,2026-07-05T04:01:49.643861+00:00,136.1,45,ask,EarnestEspressos,CostlyCorianders,7850035
2026-07-05T04:01:49.831340,2026-07-05T04:01:49.840267+00:00,136.1,12,ask,EarnestEspressos,Xuanyu Liu,7850040
2026-07-05T04:01:51.078006,2026-07-05T04:01:51.088867+00:00,136.1,100,ask,DiligentDonuts,EarnestEspressos,7850054
2026-07-05T04:01:51.176279,2026-07-05T04:01:51.185418+00:00,136.0,12,bid,Xuanyu Liu,EarnestEspressos,7850057
2026-07-05T04:01:51.247114,2026-07-05T04:01:51.259081+00:00,135.5,50,ask,EarnestEspressos,FlawlessFlatbreads,7850059
2026-07-05T04:01:51.447275,2026-07-05T04:01:51.454152+00:00,136.0,38,bid,CostlyCorianders,EarnestEspressos,7850061
2026-07-05T04:01:51.447275,2026-07-05T04:01:51.454152+00:00,136.6,3,bid,CostlyCorianders,DiligentDonuts,7850062
2026-07-05T04:01:51.997608,2026-07-05T04:01:52.009419+00:00,135.7,48,ask,DiligentDonuts,CostlyCorianders,7850070
2026-07-05T04:01:52.575051,2026-07-05T04:01:52.586957+00:00,136.2,41,bid,CostlyCorianders,DiligentDonuts,7850078
2026-07-05T04:01:53.117192,2026-07-05T04:01:53.129134+00:00,135.7,47,ask,DiligentDonuts,CostlyCorianders,7850089
2026-07-05T04:01:53.389128,2026-07-05T04:01:53.401528+00:00,135.7,5,ask,DiligentDonuts,FlawlessFlatbreads,7850096
2026-07-05T04:01:53.389128,2026-07-05T04:01:53.401528+00:00,135.5,45,ask,EarnestEspressos,FlawlessFlatbreads,7850097
2026-07-05T04:01:55.107494,2026-07-05T04:01:55.116929+00:00,136.0,11,bid,Xuanyu Liu,DiligentDonuts,7850120
2026-07-05T04:01:55.447773,2026-07-05T04:01:55.454666+00:00,136.0,50,bid,FlawlessFlatbreads,DiligentDonuts,7850128
2026-07-05T04:01:57.557438,2026-07-05T04:01:57.569867+00:00,136.0,39,bid,FlawlessFlatbreads,DiligentDonuts,7850159
2026-07-05T04:01:57.557438,2026-07-05T04:01:57.569867+00:00,136.3,11,bid,FlawlessFlatbreads,EarnestEspressos,7850160
2026-07-05T04:01:57.726110,2026-07-05T04:01:57.734392+00:00,135.8,11,ask,EarnestEspressos,Xuanyu Liu,7850164
2026-07-05T04:01:58.850856,2026-07-05T04:01:58.858563+00:00,135.8,47,ask,EarnestEspressos,CostlyCorianders,7850186
2026-07-05T04:01:59.669246,2026-07-05T04:01:59.678530+00:00,135.9,50,bid,FlawlessFlatbreads,DiligentDonuts,7850202
2026-07-05T04:02:01.011167,2026-07-05T04:02:01.023373+00:00,135.9,47,bid,CostlyCorianders,DiligentDonuts,7850218
2026-07-05T04:02:01.776010,2026-07-05T04:02:01.788359+00:00,136.0,50,bid,FlawlessFlatbreads,EarnestEspressos,7850233
2026-07-05T04:02:03.910429,2026-07-05T04:02:03.922437+00:00,136.1,50,bid,FlawlessFlatbreads,EarnestEspressos,7850274
2026-07-05T04:02:05.481668,2026-07-05T04:02:05.492288+00:00,136.0,12,ask,DiligentDonuts,Xuanyu Liu,7850289
2026-07-05T04:02:05.916932,2026-07-05T04:02:05.928674+00:00,136.0,47,ask,DiligentDonuts,CostlyCorianders,7850303
2026-07-05T04:02:06.019776,2026-07-05T04:02:06.029725+00:00,136.1,50,bid,FlawlessFlatbreads,EarnestEspressos,7850304
2026-07-05T04:02:06.938049,2026-07-05T04:02:06.948390+00:00,136.0,11,ask,DiligentDonuts,Xuanyu Liu,7850314
2026-07-05T04:02:07.635987,2026-07-05T04:02:07.647958+00:00,136.0,100,ask,EarnestEspressos,DiligentDonuts,7850322
2026-07-05T04:02:08.774379,2026-07-05T04:02:08.786033+00:00,136.5,42,bid,CostlyCorianders,EarnestEspressos,7850343
2026-07-05T04:02:09.357668,2026-07-05T04:02:09.369685+00:00,136.0,45,ask,EarnestEspressos,CostlyCorianders,7850352
2026-07-05T04:02:10.315722,2026-07-05T04:02:10.322738+00:00,135.5,50,ask,DiligentDonuts,FlawlessFlatbreads,7850368
2026-07-05T04:02:10.428033,2026-07-05T04:02:10.435555+00:00,136.0,49,bid,CostlyCorianders,EarnestEspressos,7850371
2026-07-05T04:02:11.460206,2026-07-05T04:02:11.470388+00:00,136.0,41,bid,CostlyCorianders,EarnestEspressos,7850384
2026-07-05T04:02:11.524238,2026-07-05T04:02:11.536036+00:00,135.7,45,ask,DiligentDonuts,CostlyCorianders,7850387
2026-07-05T04:02:12.422522,2026-07-05T04:02:12.434439+00:00,135.7,50,ask,DiligentDonuts,FlawlessFlatbreads,7850396
2026-07-05T04:02:13.357679,2026-07-05T04:02:13.367079+00:00,135.8,12,ask,EarnestEspressos,Xuanyu Liu,7850409
2026-07-05T04:02:13.825970,2026-07-05T04:02:13.837551+00:00,136.2,43,bid,CostlyCorianders,DiligentDonuts,7850415
2026-07-05T04:02:13.966809,2026-07-05T04:02:13.974136+00:00,135.8,100,ask,EarnestEspressos,DiligentDonuts,7850418
2026-07-05T04:02:14.481421,2026-07-05T04:02:14.493168+00:00,136.3,50,bid,FlawlessFlatbreads,EarnestEspressos,7850423
2026-07-05T04:02:14.924877,2026-07-05T04:02:14.937049+00:00,135.8,38,ask,EarnestEspressos,CostlyCorianders,7850431
2026-07-05T04:02:14.924877,2026-07-05T04:02:14.937049+00:00,135.3,7,ask,DiligentDonuts,CostlyCorianders,7850432
2026-07-05T04:02:16.446457,2026-07-05T04:02:16.446212+00:00,136.0,44,bid,CostlyCorianders,EarnestEspressos,7850460
2026-07-05T04:02:16.666466,2026-07-05T04:02:16.678438+00:00,135.5,50,ask,EarnestEspressos,FlawlessFlatbreads,7850464
2026-07-05T04:02:17.065789,2026-07-05T04:02:17.077748+00:00,135.5,44,ask,EarnestEspressos,CostlyCorianders,7850471
2026-07-05T04:02:19.610874,2026-07-05T04:02:19.620335+00:00,135.7,23,bid,Xuanyu Liu,EarnestEspressos,7850508
2026-07-05T04:02:20.277545,2026-07-05T04:02:20.286712+00:00,135.6,42,ask,DiligentDonuts,CostlyCorianders,7850521
2026-07-05T04:02:20.897397,2026-07-05T04:02:20.909128+00:00,135.6,50,ask,DiligentDonuts,FlawlessFlatbreads,7850525
2026-07-05T04:02:21.327758,2026-07-05T04:02:21.337716+00:00,135.7,49,bid,CostlyCorianders,EarnestEspressos,7850533
2026-07-05T04:02:21.879786,2026-07-05T04:02:21.887353+00:00,135.6,8,ask,DiligentDonuts,CostlyCorianders,7850541
2026-07-05T04:02:23.025706,2026-07-05T04:02:23.035162+00:00,135.4,50,ask,EarnestEspressos,FlawlessFlatbreads,7850556
2026-07-05T04:02:25.132596,2026-07-05T04:02:25.144363+00:00,135.4,50,ask,EarnestEspressos,FlawlessFlatbreads,7850589
2026-07-05T04:02:25.935822,2026-07-05T04:02:25.947797+00:00,135.5,12,bid,Xuanyu Liu,EarnestEspressos,7850595
2026-07-05T04:02:27.189017,2026-07-05T04:02:27.197716+00:00,135.5,50,bid,FlawlessFlatbreads,EarnestEspressos,7850614
2026-07-05T04:02:28.551765,2026-07-05T04:02:28.558252+00:00,135.5,44,bid,CostlyCorianders,EarnestEspressos,7850629
2026-07-05T04:02:29.372377,2026-07-05T04:02:29.384307+00:00,135.4,50,ask,DiligentDonuts,FlawlessFlatbreads,7850640
2026-07-05T04:02:33.165491,2026-07-05T04:02:33.177457+00:00,135.2,43,ask,EarnestEspressos,CostlyCorianders,7850676
2026-07-05T04:02:33.531330,2026-07-05T04:02:33.543310+00:00,135.4,50,bid,FlawlessFlatbreads,DiligentDonuts,7850681
2026-07-05T04:02:33.734678,2026-07-05T04:02:33.741972+00:00,135.4,41,bid,CostlyCorianders,DiligentDonuts,7850685
2026-07-05T04:02:35.640653,2026-07-05T04:02:35.652852+00:00,135.4,9,bid,FlawlessFlatbreads,DiligentDonuts,7850703
2026-07-05T04:02:35.640653,2026-07-05T04:02:35.652852+00:00,135.6,41,bid,FlawlessFlatbreads,EarnestEspressos,7850704
2026-07-05T04:02:37.750946,2026-07-05T04:02:37.758542+00:00,135.6,50,bid,FlawlessFlatbreads,EarnestEspressos,7850730
2026-07-05T04:02:38.494593,2026-07-05T04:02:38.504383+00:00,135.4,12,ask,DiligentDonuts,Xuanyu Liu,7850737
2026-07-05T04:02:39.859796,2026-07-05T04:02:39.871650+00:00,135.7,50,bid,FlawlessFlatbreads,DiligentDonuts,7850753
2026-07-05T04:02:39.895928,2026-07-05T04:02:39.907568+00:00,135.3,41,ask,EarnestEspressos,CostlyCorianders,7850754
2026-07-05T04:02:41.112063,2026-07-05T04:02:41.122442+00:00,135.3,23,ask,EarnestEspressos,Xuanyu Liu,7850774
2026-07-05T04:02:41.549270,2026-07-05T04:02:41.556050+00:00,135.7,40,bid,CostlyCorianders,DiligentDonuts,7850781
2026-07-05T04:02:41.744120,2026-07-05T04:02:41.756071+00:00,135.2,100,ask,DiligentDonuts,EarnestEspressos,7850782
2026-07-05T04:02:42.422401,2026-07-05T04:02:42.431405+00:00,135.2,35,bid,Xuanyu Liu,EarnestEspressos,7850795
2026-07-05T04:02:44.075332,2026-07-05T04:02:44.087692+00:00,135.2,15,bid,FlawlessFlatbreads,EarnestEspressos,7850818
2026-07-05T04:02:44.075332,2026-07-05T04:02:44.087692+00:00,135.3,35,bid,FlawlessFlatbreads,DiligentDonuts,7850819
2026-07-05T04:02:44.888204,2026-07-05T04:02:44.896886+00:00,135.3,65,bid,EarnestEspressos,DiligentDonuts,7850836
2026-07-05T04:02:44.959634,2026-07-05T04:02:44.971407+00:00,135.3,23,ask,EarnestEspressos,Xuanyu Liu,7850837
2026-07-05T04:02:45.042149,2026-07-05T04:02:45.052465+00:00,135.3,12,ask,EarnestEspressos,Xuanyu Liu,7850839
2026-07-05T04:02:46.243030,2026-07-05T04:02:46.258614+00:00,135.3,50,ask,EarnestEspressos,FlawlessFlatbreads,7850851
2026-07-05T04:02:48.110317,2026-07-05T04:02:48.120430+00:00,135.1,100,ask,DiligentDonuts,EarnestEspressos,7850877
2026-07-05T04:02:48.354075,2026-07-05T04:02:48.365961+00:00,134.6,50,ask,EarnestEspressos,FlawlessFlatbreads,7850883
2026-07-05T04:02:50.120989,2026-07-05T04:02:50.133403+00:00,135.1,44,bid,CostlyCorianders,EarnestEspressos,7850905
2026-07-05T04:02:50.176821,2026-07-05T04:02:50.188815+00:00,134.7,40,ask,DiligentDonuts,CostlyCorianders,7850906
2026-07-05T04:02:50.461655,2026-07-05T04:02:50.473330+00:00,134.7,50,ask,DiligentDonuts,FlawlessFlatbreads,7850912
2026-07-05T04:02:51.985868,2026-07-05T04:02:51.997820+00:00,134.9,100,ask,EarnestEspressos,DiligentDonuts,7850937
2026-07-05T04:02:52.570547,2026-07-05T04:02:52.582423+00:00,134.9,50,ask,EarnestEspressos,FlawlessFlatbreads,7850951
2026-07-05T04:02:52.742767,2026-07-05T04:02:52.754669+00:00,134.4,47,ask,DiligentDonuts,CostlyCorianders,7850952
2026-07-05T04:02:54.494658,2026-07-05T04:02:54.506869+00:00,135.1,23,bid,Xuanyu Liu,EarnestEspressos,7850972
2026-07-05T04:02:54.679203,2026-07-05T04:02:54.690829+00:00,134.6,50,ask,EarnestEspressos,FlawlessFlatbreads,7850977
2026-07-05T04:02:56.789269,2026-07-05T04:02:56.801193+00:00,134.8,50,ask,DiligentDonuts,FlawlessFlatbreads,7850998
2026-07-05T04:02:57.660242,2026-07-05T04:02:57.671432+00:00,134.9,12,bid,Xuanyu Liu,EarnestEspressos,7851008
2026-07-05T04:02:58.979161,2026-07-05T04:02:58.990364+00:00,134.9,25,bid,Harold Schneider,EarnestEspressos,7851027
2026-07-05T04:02:59.444696,2026-07-05T04:02:59.464042+00:00,134.9,42,bid,CostlyCorianders,EarnestEspressos,7851030
2026-07-05T04:03:01.004235,2026-07-05T04:03:01.016027+00:00,134.4,50,ask,DiligentDonuts,FlawlessFlatbreads,7851045
2026-07-05T04:03:01.634188,2026-07-05T04:03:01.645955+00:00,134.5,47,bid,CostlyCorianders,DiligentDonuts,7851060
2026-07-05T04:03:03.061212,2026-07-05T04:03:03.073670+00:00,134.5,50,bid,FlawlessFlatbreads,DiligentDonuts,7851074
2026-07-05T04:03:05.169681,2026-07-05T04:03:05.178664+00:00,134.8,50,bid,FlawlessFlatbreads,EarnestEspressos,7851090
2026-07-05T04:03:07.279309,2026-07-05T04:03:07.287341+00:00,134.8,50,bid,FlawlessFlatbreads,DiligentDonuts,7851112
2026-07-05T04:03:08.641160,2026-07-05T04:03:08.650618+00:00,134.5,12,ask,EarnestEspressos,Xuanyu Liu,7851128
2026-07-05T04:03:11.493269,2026-07-05T04:03:11.505500+00:00,135.1,50,bid,FlawlessFlatbreads,EarnestEspressos,7851174
2026-07-05T04:03:13.656258,2026-07-05T04:03:13.668848+00:00,134.6,50,ask,DiligentDonuts,FlawlessFlatbreads,7851204
2026-07-05T04:03:15.714985,2026-07-05T04:03:15.727046+00:00,134.9,50,bid,FlawlessFlatbreads,DiligentDonuts,7851237
2026-07-05T04:03:17.021777,2026-07-05T04:03:17.031623+00:00,134.8,11,ask,EarnestEspressos,Xuanyu Liu,7851246
2026-07-05T04:03:17.426562,2026-07-05T04:03:17.436130+00:00,134.8,45,ask,EarnestEspressos,CostlyCorianders,7851251
2026-07-05T04:03:17.824226,2026-07-05T04:03:17.832445+00:00,135.0,50,bid,FlawlessFlatbreads,DiligentDonuts,7851262
2026-07-05T04:03:18.099983,2026-07-05T04:03:18.108867+00:00,135.0,45,bid,CostlyCorianders,DiligentDonuts,7851267
2026-07-05T04:03:19.940501,2026-07-05T04:03:19.956662+00:00,135.0,5,bid,FlawlessFlatbreads,DiligentDonuts,7851295
2026-07-05T04:03:19.940501,2026-07-05T04:03:19.956662+00:00,135.0,45,bid,FlawlessFlatbreads,EarnestEspressos,7851296
2026-07-05T04:03:21.017006,2026-07-05T04:03:21.029047+00:00,134.9,47,ask,DiligentDonuts,CostlyCorianders,7851311
2026-07-05T04:03:21.760132,2026-07-05T04:03:21.769855+00:00,134.9,12,ask,DiligentDonuts,Xuanyu Liu,7851323
2026-07-05T04:03:22.038178,2026-07-05T04:03:22.048976+00:00,134.9,41,ask,DiligentDonuts,CostlyCorianders,7851329
2026-07-05T04:03:22.038178,2026-07-05T04:03:22.048976+00:00,134.5,4,ask,EarnestEspressos,CostlyCorianders,7851330
2026-07-05T04:03:24.156386,2026-07-05T04:03:24.157566+00:00,134.9,50,bid,FlawlessFlatbreads,DiligentDonuts,7851361
2026-07-05T04:03:24.595978,2026-07-05T04:03:24.606666+00:00,134.9,44,bid,CostlyCorianders,DiligentDonuts,7851378
2026-07-05T04:03:25.747019,2026-07-05T04:03:25.753879+00:00,134.9,6,bid,CostlyCorianders,DiligentDonuts,7851397
2026-07-05T04:03:26.268870,2026-07-05T04:03:26.280674+00:00,135.1,50,bid,FlawlessFlatbreads,EarnestEspressos,7851406
2026-07-05T04:03:26.393044,2026-07-05T04:03:26.402909+00:00,134.6,46,ask,EarnestEspressos,CostlyCorianders,7851407
2026-07-05T04:03:29.476022,2026-07-05T04:03:29.488191+00:00,134.9,48,ask,EarnestEspressos,CostlyCorianders,7851444
2026-07-05T04:03:30.514332,2026-07-05T04:03:30.531104+00:00,135.3,50,bid,FlawlessFlatbreads,DiligentDonuts,7851465
2026-07-05T04:03:30.621849,2026-07-05T04:03:30.633796+00:00,135.3,47,bid,CostlyCorianders,DiligentDonuts,7851467
2026-07-05T04:03:31.698258,2026-07-05T04:03:31.710865+00:00,135.3,3,bid,CostlyCorianders,DiligentDonuts,7851481
2026-07-05T04:03:31.698258,2026-07-05T04:03:31.710865+00:00,135.4,41,bid,CostlyCorianders,EarnestEspressos,7851482
2026-07-05T04:03:32.253173,2026-07-05T04:03:32.263399+00:00,134.9,11,ask,EarnestEspressos,Xuanyu Liu,7851487
2026-07-05T04:03:32.648578,2026-07-05T04:03:32.660494+00:00,135.0,50,bid,FlawlessFlatbreads,EarnestEspressos,7851497
2026-07-05T04:03:32.874393,2026-07-05T04:03:32.886515+00:00,134.8,48,ask,DiligentDonuts,CostlyCorianders,7851503
2026-07-05T04:03:33.462236,2026-07-05T04:03:33.474148+00:00,134.8,43,ask,DiligentDonuts,CostlyCorianders,7851505
2026-07-05T04:03:36.158108,2026-07-05T04:03:36.168802+00:00,135.2,46,bid,CostlyCorianders,EarnestEspressos,7851537
2026-07-05T04:03:36.619087,2026-07-05T04:03:36.631249+00:00,134.7,45,ask,EarnestEspressos,CostlyCorianders,7851545
2026-07-05T04:03:39.037595,2026-07-05T04:03:39.049581+00:00,134.7,50,ask,EarnestEspressos,FlawlessFlatbreads,7851571
2026-07-05T04:03:41.116294,2026-07-05T04:03:41.130135+00:00,135.2,50,bid,FlawlessFlatbreads,EarnestEspressos,7851594
2026-07-05T04:03:43.279497,2026-07-05T04:03:43.291387+00:00,134.8,50,ask,DiligentDonuts,FlawlessFlatbreads,7851611
2026-07-05T04:03:43.362816,2026-07-05T04:03:43.372779+00:00,135.2,47,bid,CostlyCorianders,EarnestEspressos,7851613
2026-07-05T04:03:44.273094,2026-07-05T04:03:44.285138+00:00,135.2,41,bid,CostlyCorianders,EarnestEspressos,7851621
2026-07-05T04:03:45.131592,2026-07-05T04:03:45.143160+00:00,135.0,3,ask,EarnestEspressos,Xuanyu Liu,7851629
2026-07-05T04:03:45.426692,2026-07-05T04:03:45.439205+00:00,135.0,50,ask,EarnestEspressos,FlawlessFlatbreads,7851635
2026-07-05T04:03:45.477441,2026-07-05T04:03:45.489928+00:00,135.0,48,ask,EarnestEspressos,CostlyCorianders,7851637
2026-07-05T04:03:45.810935,2026-07-05T04:03:45.823349+00:00,135.0,49,ask,EarnestEspressos,DiligentDonuts,7851642
2026-07-05T04:03:46.711199,2026-07-05T04:03:46.720508+00:00,135.0,3,bid,Xuanyu Liu,DiligentDonuts,7851659
2026-07-05T04:03:46.963684,2026-07-05T04:03:46.976276+00:00,135.0,42,bid,CostlyCorianders,DiligentDonuts,7851663
2026-07-05T04:03:47.535984,2026-07-05T04:03:47.548372+00:00,134.5,50,ask,DiligentDonuts,FlawlessFlatbreads,7851672
2026-07-05T04:03:48.473599,2026-07-05T04:03:48.482620+00:00,134.5,49,ask,DiligentDonuts,CostlyCorianders,7851686
2026-07-05T04:03:49.714095,2026-07-05T04:03:49.722827+00:00,135.0,43,bid,CostlyCorianders,EarnestEspressos,7851702
2026-07-05T04:03:50.275149,2026-07-05T04:03:50.285850+00:00,135.0,49,bid,CostlyCorianders,EarnestEspressos,7851707
2026-07-05T04:03:50.329439,2026-07-05T04:03:50.341143+00:00,134.6,46,ask,DiligentDonuts,CostlyCorianders,7851708
2026-07-05T04:03:50.885813,2026-07-05T04:03:50.897674+00:00,134.6,48,ask,DiligentDonuts,CostlyCorianders,7851710
2026-07-05T04:03:51.695387,2026-07-05T04:03:51.707795+00:00,135.1,50,bid,FlawlessFlatbreads,DiligentDonuts,7851725
2026-07-05T04:03:52.385567,2026-07-05T04:03:52.397759+00:00,135.0,46,ask,EarnestEspressos,CostlyCorianders,7851738
2026-07-05T04:03:53.264769,2026-07-05T04:03:53.276188+00:00,135.1,11,bid,Xuanyu Liu,DiligentDonuts,7851751
2026-07-05T04:03:53.823783,2026-07-05T04:03:53.835045+00:00,135.1,50,bid,FlawlessFlatbreads,DiligentDonuts,7851761
2026-07-05T04:03:55.930207,2026-07-05T04:03:55.942285+00:00,135.4,50,bid,FlawlessFlatbreads,EarnestEspressos,7851791
2026-07-05T04:03:58.130984,2026-07-05T04:03:58.143187+00:00,135.4,50,ask,EarnestEspressos,FlawlessFlatbreads,7851814
2026-07-05T04:03:58.498783,2026-07-05T04:03:58.507181+00:00,135.4,14,ask,EarnestEspressos,Xuanyu Liu,7851818
2026-07-05T04:04:00.238726,2026-07-05T04:04:00.251016+00:00,135.4,50,ask,EarnestEspressos,FlawlessFlatbreads,7851856
2026-07-05T04:04:01.033807,2026-07-05T04:04:01.044069+00:00,135.5,3,bid,Xuanyu Liu,EarnestEspressos,7851872
2026-07-05T04:04:01.682478,2026-07-05T04:04:01.691735+00:00,135.5,11,bid,Xuanyu Liu,EarnestEspressos,7851880
2026-07-05T04:04:02.371146,2026-07-05T04:04:02.382851+00:00,135.4,50,ask,DiligentDonuts,FlawlessFlatbreads,7851893
2026-07-05T04:04:04.427691,2026-07-05T04:04:04.435035+00:00,135.7,50,bid,FlawlessFlatbreads,EarnestEspressos,7851917
2026-07-05T04:04:05.073943,2026-07-05T04:04:05.087369+00:00,135.7,46,bid,CostlyCorianders,EarnestEspressos,7851931
2026-07-05T04:04:07.150274,2026-07-05T04:04:07.158596+00:00,135.7,44,bid,CostlyCorianders,EarnestEspressos,7851960
2026-07-05T04:04:07.298372,2026-07-05T04:04:07.309117+00:00,135.8,100,bid,EarnestEspressos,DiligentDonuts,7851961
2026-07-05T04:04:07.359634,2026-07-05T04:04:07.369014+00:00,135.9,11,ask,EarnestEspressos,Xuanyu Liu,7851964
2026-07-05T04:04:07.670933,2026-07-05T04:04:07.680526+00:00,135.9,3,ask,EarnestEspressos,Xuanyu Liu,7851970
2026-07-05T04:04:08.637776,2026-07-05T04:04:08.645530+00:00,136.4,50,bid,FlawlessFlatbreads,EarnestEspressos,7851988
2026-07-05T04:04:09.235877,2026-07-05T04:04:09.248325+00:00,136.0,47,ask,DiligentDonuts,CostlyCorianders,7851996
2026-07-05T04:04:10.781385,2026-07-05T04:04:10.791225+00:00,136.3,50,bid,FlawlessFlatbreads,EarnestEspressos,7852024
2026-07-05T04:04:11.279878,2026-07-05T04:04:11.290688+00:00,135.9,45,ask,EarnestEspressos,CostlyCorianders,7852032
2026-07-05T04:04:12.736386,2026-07-05T04:04:12.743980+00:00,136.2,40,bid,CostlyCorianders,DiligentDonuts,7852061
2026-07-05T04:04:12.892690,2026-07-05T04:04:12.904706+00:00,136.2,50,bid,FlawlessFlatbreads,DiligentDonuts,7852062
2026-07-05T04:04:15.019239,2026-07-05T04:04:15.026607+00:00,136.1,50,bid,FlawlessFlatbreads,EarnestEspressos,7852088
2026-07-05T04:04:15.476228,2026-07-05T04:04:15.484571+00:00,135.7,46,ask,DiligentDonuts,CostlyCorianders,7852099
2026-07-05T04:04:17.126814,2026-07-05T04:04:17.138617+00:00,136.2,50,bid,FlawlessFlatbreads,DiligentDonuts,7852116
2026-07-05T04:04:19.235682,2026-07-05T04:04:19.247691+00:00,136.3,50,bid,FlawlessFlatbreads,EarnestEspressos,7852150
2026-07-05T04:04:19.947158,2026-07-05T04:04:19.954093+00:00,136.5,100,bid,EarnestEspressos,DiligentDonuts,7852159
2026-07-05T04:04:20.800211,2026-07-05T04:04:20.809442+00:00,136.5,26,ask,EarnestEspressos,Xuanyu Liu,7852168
2026-07-05T04:04:21.341423,2026-07-05T04:04:21.353204+00:00,137.0,50,bid,FlawlessFlatbreads,EarnestEspressos,7852177
2026-07-05T04:04:21.851479,2026-07-05T04:04:21.858575+00:00,137.0,49,bid,CostlyCorianders,EarnestEspressos,7852180
2026-07-05T04:04:21.907200,2026-07-05T04:04:21.919075+00:00,136.5,24,ask,EarnestEspressos,CostlyCorianders,7852181
2026-07-05T04:04:21.907200,2026-07-05T04:04:21.919075+00:00,136.5,20,ask,DiligentDonuts,CostlyCorianders,7852182
2026-07-05T04:04:22.523292,2026-07-05T04:04:22.532473+00:00,137.0,44,bid,CostlyCorianders,EarnestEspressos,7852192
2026-07-05T04:04:23.419184,2026-07-05T04:04:23.428679+00:00,136.5,11,ask,DiligentDonuts,Xuanyu Liu,7852197
2026-07-05T04:04:23.530427,2026-07-05T04:04:23.537460+00:00,136.5,50,ask,DiligentDonuts,FlawlessFlatbreads,7852200
2026-07-05T04:04:23.545870,2026-07-05T04:04:23.557666+00:00,136.5,19,ask,DiligentDonuts,CostlyCorianders,7852201
2026-07-05T04:04:23.545870,2026-07-05T04:04:23.557666+00:00,136.2,27,ask,EarnestEspressos,CostlyCorianders,7852202
2026-07-05T04:04:23.808726,2026-07-05T04:04:23.818920+00:00,136.3,11,bid,Xuanyu Liu,DiligentDonuts,7852205
2026-07-05T04:04:25.639806,2026-07-05T04:04:25.646836+00:00,136.2,50,ask,EarnestEspressos,FlawlessFlatbreads,7852220
2026-07-05T04:04:26.053427,2026-07-05T04:04:26.078748+00:00,136.3,12,bid,Xuanyu Liu,DiligentDonuts,7852226
2026-07-05T04:04:29.831606,2026-07-05T04:04:29.843631+00:00,136.3,50,bid,FlawlessFlatbreads,EarnestEspressos,7852282
2026-07-05T04:04:31.946309,2026-07-05T04:04:31.958577+00:00,136.3,50,bid,FlawlessFlatbreads,EarnestEspressos,7852305
2026-07-05T04:04:32.143750,2026-07-05T04:04:32.155790+00:00,136.3,42,bid,CostlyCorianders,EarnestEspressos,7852311
2026-07-05T04:04:34.110845,2026-07-05T04:04:34.117543+00:00,136.3,50,ask,EarnestEspressos,FlawlessFlatbreads,7852331
2026-07-05T04:04:34.820205,2026-07-05T04:04:34.829919+00:00,136.4,49,bid,CostlyCorianders,DiligentDonuts,7852344
2026-07-05T04:04:34.874564,2026-07-05T04:04:34.882581+00:00,136.3,46,ask,EarnestEspressos,CostlyCorianders,7852345
2026-07-05T04:04:35.953626,2026-07-05T04:04:35.965743+00:00,136.0,43,ask,EarnestEspressos,CostlyCorianders,7852359
2026-07-05T04:04:36.252006,2026-07-05T04:04:36.253039+00:00,136.0,50,ask,EarnestEspressos,FlawlessFlatbreads,7852365
2026-07-05T04:04:37.543694,2026-07-05T04:04:37.558601+00:00,136.2,46,ask,DiligentDonuts,CostlyCorianders,7852386
2026-07-05T04:04:38.358467,2026-07-05T04:04:38.370182+00:00,136.2,50,ask,DiligentDonuts,FlawlessFlatbreads,7852398
2026-07-05T04:04:39.012084,2026-07-05T04:04:39.019428+00:00,136.2,4,ask,DiligentDonuts,EarnestEspressos,7852409
2026-07-05T04:04:39.025767,2026-07-05T04:04:39.034303+00:00,136.0,14,bid,Xuanyu Liu,EarnestEspressos,7852410
2026-07-05T04:04:40.492381,2026-07-05T04:04:40.514602+00:00,135.7,50,ask,DiligentDonuts,FlawlessFlatbreads,7852431
2026-07-05T04:04:42.600405,2026-07-05T04:04:42.612353+00:00,135.7,50,ask,DiligentDonuts,FlawlessFlatbreads,7852461
2026-07-05T04:04:44.740279,2026-07-05T04:04:44.752370+00:00,135.7,50,ask,EarnestEspressos,FlawlessFlatbreads,7852495
2026-07-05T04:04:45.359558,2026-07-05T04:04:45.369474+00:00,135.9,3,bid,Xuanyu Liu,EarnestEspressos,7852503
2026-07-05T04:04:45.711420,2026-07-05T04:04:45.722334+00:00,135.9,11,bid,Xuanyu Liu,EarnestEspressos,7852513
2026-07-05T04:04:46.802151,2026-07-05T04:04:46.813376+00:00,135.9,25,bid,Harold Schneider,EarnestEspressos,7852534
2026-07-05T04:04:46.833428,2026-07-05T04:04:46.840856+00:00,135.9,42,bid,CostlyCorianders,EarnestEspressos,7852536
2026-07-05T04:04:46.851345,2026-07-05T04:04:46.858734+00:00,135.7,50,ask,DiligentDonuts,FlawlessFlatbreads,7852537
2026-07-05T04:04:48.915119,2026-07-05T04:04:48.923601+00:00,136.2,50,bid,FlawlessFlatbreads,DiligentDonuts,7852567
2026-07-05T04:04:50.481370,2026-07-05T04:04:50.493238+00:00,136.0,40,bid,CostlyCorianders,DiligentDonuts,7852589
2026-07-05T04:04:51.021219,2026-07-05T04:04:51.033435+00:00,136.0,50,bid,FlawlessFlatbreads,DiligentDonuts,7852598
2026-07-05T04:04:51.822953,2026-07-05T04:04:51.832611+00:00,136.0,10,bid,Harold Schneider,DiligentDonuts,7852609
2026-07-05T04:04:52.259544,2026-07-05T04:04:52.268603+00:00,135.9,11,ask,EarnestEspressos,Xuanyu Liu,7852613
2026-07-05T04:04:53.150338,2026-07-05T04:04:53.156672+00:00,136.4,50,bid,FlawlessFlatbreads,EarnestEspressos,7852624
2026-07-05T04:04:55.264579,2026-07-05T04:04:55.274428+00:00,136.4,50,bid,FlawlessFlatbreads,DiligentDonuts,7852650
2026-07-05T04:04:55.555861,2026-07-05T04:04:55.556978+00:00,136.0,44,ask,EarnestEspressos,CostlyCorianders,7852655
2026-07-05T04:04:57.393901,2026-07-05T04:04:57.404230+00:00,136.5,50,bid,FlawlessFlatbreads,EarnestEspressos,7852680
2026-07-05T04:04:59.504929,2026-07-05T04:04:59.512488+00:00,136.5,50,bid,FlawlessFlatbreads,EarnestEspressos,7852710
2026-07-05T04:05:01.112389,2026-07-05T04:05:01.121561+00:00,136.3,3,ask,EarnestEspressos,Xuanyu Liu,7852742
2026-07-05T04:05:01.295538,2026-07-05T04:05:01.307594+00:00,136.5,48,bid,CostlyCorianders,DiligentDonuts,7852753
2026-07-05T04:05:01.614065,2026-07-05T04:05:01.625408+00:00,136.5,50,bid,FlawlessFlatbreads,DiligentDonuts,7852757
2026-07-05T04:05:02.932569,2026-07-05T04:05:02.944817+00:00,136.8,49,bid,CostlyCorianders,EarnestEspressos,7852770
2026-07-05T04:05:03.780719,2026-07-05T04:05:03.788262+00:00,136.5,50,ask,DiligentDonuts,FlawlessFlatbreads,7852791
2026-07-05T04:05:04.286506,2026-07-05T04:05:04.295909+00:00,136.7,14,ask,EarnestEspressos,Xuanyu Liu,7852797
2026-07-05T04:05:05.386963,2026-07-05T04:05:05.399140+00:00,136.7,45,ask,EarnestEspressos,CostlyCorianders,7852815
2026-07-05T04:05:05.904478,2026-07-05T04:05:05.916246+00:00,136.7,50,ask,EarnestEspressos,FlawlessFlatbreads,7852818
2026-07-05T04:05:07.461146,2026-07-05T04:05:07.469718+00:00,136.4,47,ask,DiligentDonuts,CostlyCorianders,7852841
2026-07-05T04:05:08.007099,2026-07-05T04:05:08.018001+00:00,136.6,11,bid,Xuanyu Liu,EarnestEspressos,7852844
2026-07-05T04:05:10.114541,2026-07-05T04:05:10.121890+00:00,136.4,50,ask,DiligentDonuts,FlawlessFlatbreads,7852863
2026-07-05T04:05:11.938218,2026-07-05T04:05:11.949660+00:00,136.8,3,bid,Xuanyu Liu,DiligentDonuts,7852886
2026-07-05T04:05:12.225021,2026-07-05T04:05:12.233253+00:00,136.4,50,ask,EarnestEspressos,FlawlessFlatbreads,7852895
2026-07-05T04:05:14.281185,2026-07-05T04:05:14.290772+00:00,136.8,50,bid,FlawlessFlatbreads,DiligentDonuts,7852916
2026-07-05T04:05:15.356276,2026-07-05T04:05:15.368354+00:00,136.9,49,bid,CostlyCorianders,EarnestEspressos,7852927
2026-07-05T04:05:15.851546,2026-07-05T04:05:15.864113+00:00,136.9,45,bid,CostlyCorianders,EarnestEspressos,7852930
2026-07-05T04:05:15.907790,2026-07-05T04:05:15.919954+00:00,136.6,44,ask,DiligentDonuts,CostlyCorianders,7852933
2026-07-05T04:05:16.388434,2026-07-05T04:05:16.395767+00:00,136.9,50,bid,FlawlessFlatbreads,EarnestEspressos,7852939
2026-07-05T04:05:16.469147,2026-07-05T04:05:16.481701+00:00,136.9,6,bid,CostlyCorianders,EarnestEspressos,7852940
2026-07-05T04:05:16.469147,2026-07-05T04:05:16.481701+00:00,137.1,39,bid,CostlyCorianders,DiligentDonuts,7852941
2026-07-05T04:05:16.961052,2026-07-05T04:05:16.981117+00:00,137.1,61,bid,EarnestEspressos,DiligentDonuts,7852950
2026-07-05T04:05:17.029936,2026-07-05T04:05:17.043361+00:00,137.1,14,ask,EarnestEspressos,Xuanyu Liu,7852954
2026-07-05T04:05:17.185003,2026-07-05T04:05:17.196027+00:00,137.1,23,ask,EarnestEspressos,Xuanyu Liu,7852958
2026-07-05T04:05:17.537010,2026-07-05T04:05:17.545722+00:00,137.1,45,ask,EarnestEspressos,CostlyCorianders,7852960
2026-07-05T04:05:17.655570,2026-07-05T04:05:17.667897+00:00,137.1,7,ask,EarnestEspressos,DiligentDonuts,7852963
2026-07-05T04:05:18.498986,2026-07-05T04:05:18.507007+00:00,137.1,50,bid,FlawlessFlatbreads,DiligentDonuts,7852984
2026-07-05T04:05:20.182624,2026-07-05T04:05:20.189936+00:00,136.6,100,ask,DiligentDonuts,EarnestEspressos,7853005
2026-07-05T04:05:20.196008,2026-07-05T04:05:20.206298+00:00,136.4,23,bid,Xuanyu Liu,EarnestEspressos,7853006
2026-07-05T04:05:20.592050,2026-07-05T04:05:20.602611+00:00,136.4,11,bid,Xuanyu Liu,EarnestEspressos,7853016
2026-07-05T04:05:20.682013,2026-07-05T04:05:20.694176+00:00,135.9,50,ask,EarnestEspressos,FlawlessFlatbreads,7853019
2026-07-05T04:05:22.354217,2026-07-05T04:05:22.358581+00:00,136.2,42,ask,DiligentDonuts,CostlyCorianders,7853035
2026-07-05T04:05:22.739595,2026-07-05T04:05:22.749640+00:00,136.4,16,bid,FlawlessFlatbreads,EarnestEspressos,7853039
2026-07-05T04:05:22.739595,2026-07-05T04:05:22.749640+00:00,136.7,34,bid,FlawlessFlatbreads,DiligentDonuts,7853040
2026-07-05T04:05:23.512810,2026-07-05T04:05:23.525121+00:00,136.7,46,bid,CostlyCorianders,DiligentDonuts,7853045
2026-07-05T04:05:27.048923,2026-07-05T04:05:27.055939+00:00,136.5,50,ask,EarnestEspressos,FlawlessFlatbreads,7853080
2026-07-05T04:05:27.872322,2026-07-05T04:05:27.882041+00:00,136.5,11,ask,EarnestEspressos,Xuanyu Liu,7853085
2026-07-05T04:05:29.157398,2026-07-05T04:05:29.164707+00:00,136.5,50,ask,EarnestEspressos,FlawlessFlatbreads,7853094
2026-07-05T04:05:29.490518,2026-07-05T04:05:29.501773+00:00,136.5,39,ask,EarnestEspressos,CostlyCorianders,7853100
2026-07-05T04:05:29.490518,2026-07-05T04:05:29.501773+00:00,136.4,10,ask,DiligentDonuts,CostlyCorianders,7853101
2026-07-05T04:05:29.703014,2026-07-05T04:05:29.727128+00:00,136.4,90,ask,DiligentDonuts,EarnestEspressos,7853102
2026-07-05T04:05:29.716330,2026-07-05T04:05:29.727128+00:00,136.2,14,bid,Xuanyu Liu,EarnestEspressos,7853103
2026-07-05T04:05:31.213564,2026-07-05T04:05:31.226174+00:00,136.2,46,bid,FlawlessFlatbreads,EarnestEspressos,7853124
2026-07-05T04:05:31.213564,2026-07-05T04:05:31.226174+00:00,136.5,4,bid,FlawlessFlatbreads,DiligentDonuts,7853125
2026-07-05T04:05:33.326045,2026-07-05T04:05:33.337745+00:00,136.5,50,bid,FlawlessFlatbreads,DiligentDonuts,7853156
2026-07-05T04:05:35.512247,2026-07-05T04:05:35.525578+00:00,136.2,50,ask,EarnestEspressos,FlawlessFlatbreads,7853181
2026-07-05T04:05:37.624297,2026-07-05T04:05:37.636079+00:00,136.1,50,ask,EarnestEspressos,FlawlessFlatbreads,7853205
2026-07-05T04:05:39.682245,2026-07-05T04:05:39.694103+00:00,136.6,50,bid,FlawlessFlatbreads,DiligentDonuts,7853231
2026-07-05T04:05:39.712894,2026-07-05T04:05:39.722817+00:00,136.6,40,bid,CostlyCorianders,DiligentDonuts,7853232
2026-07-05T04:05:41.220525,2026-07-05T04:05:41.230294+00:00,136.5,3,ask,DiligentDonuts,Xuanyu Liu,7853252
2026-07-05T04:05:41.809455,2026-07-05T04:05:41.817452+00:00,136.6,50,bid,FlawlessFlatbreads,EarnestEspressos,7853260
2026-07-05T04:05:42.600028,2026-07-05T04:05:42.608424+00:00,136.5,49,ask,DiligentDonuts,CostlyCorianders,7853274
2026-07-05T04:05:43.063756,2026-07-05T04:05:43.075561+00:00,136.9,43,bid,CostlyCorianders,EarnestEspressos,7853280
2026-07-05T04:05:43.672732,2026-07-05T04:05:43.684645+00:00,136.9,42,bid,CostlyCorianders,EarnestEspressos,7853287
2026-07-05T04:05:43.918659,2026-07-05T04:05:43.930133+00:00,136.9,50,bid,FlawlessFlatbreads,EarnestEspressos,7853290
2026-07-05T04:05:44.771410,2026-07-05T04:05:44.783460+00:00,136.5,46,ask,DiligentDonuts,CostlyCorianders,7853299
2026-07-05T04:05:45.338768,2026-07-05T04:05:45.358728+00:00,136.9,15,bid,CostlyCorianders,EarnestEspressos,7853308
2026-07-05T04:05:45.508431,2026-07-05T04:05:45.518365+00:00,136.9,34,ask,EarnestEspressos,Xuanyu Liu,7853310
2026-07-05T04:05:46.082923,2026-07-05T04:05:46.090602+00:00,136.9,50,ask,EarnestEspressos,FlawlessFlatbreads,7853325
2026-07-05T04:05:46.193698,2026-07-05T04:05:46.205473+00:00,136.9,66,ask,EarnestEspressos,DiligentDonuts,7853327
2026-07-05T04:05:47.618119,2026-07-05T04:05:47.627552+00:00,136.4,45,ask,DiligentDonuts,CostlyCorianders,7853343
2026-07-05T04:05:48.222080,2026-07-05T04:05:48.229870+00:00,136.4,50,ask,DiligentDonuts,FlawlessFlatbreads,7853357
2026-07-05T04:05:48.733512,2026-07-05T04:05:48.747878+00:00,136.5,11,bid,Xuanyu Liu,EarnestEspressos,7853360
2026-07-05T04:05:48.738450,2026-07-05T04:05:48.747878+00:00,136.4,5,ask,DiligentDonuts,CostlyCorianders,7853361
2026-07-05T04:05:52.297315,2026-07-05T04:05:52.309332+00:00,136.5,46,bid,CostlyCorianders,DiligentDonuts,7853412
2026-07-05T04:05:52.462270,2026-07-05T04:05:52.469186+00:00,136.2,50,ask,EarnestEspressos,FlawlessFlatbreads,7853414
2026-07-05T04:05:52.805818,2026-07-05T04:05:52.815173+00:00,136.2,46,ask,EarnestEspressos,CostlyCorianders,7853422
2026-07-05T04:05:53.801138,2026-07-05T04:05:53.813176+00:00,136.6,46,bid,CostlyCorianders,DiligentDonuts,7853429
2026-07-05T04:05:54.530972,2026-07-05T04:05:54.541776+00:00,136.6,50,bid,FlawlessFlatbreads,DiligentDonuts,7853442
2026-07-05T04:05:55.098106,2026-07-05T04:05:55.110212+00:00,136.3,26,bid,Xuanyu Liu,EarnestEspressos,7853449
2026-07-05T04:05:55.469311,2026-07-05T04:05:55.479520+00:00,136.3,42,bid,CostlyCorianders,EarnestEspressos,7853454
2026-07-05T04:05:55.631310,2026-07-05T04:05:55.643162+00:00,136.3,82,bid,DiligentDonuts,EarnestEspressos,7853456
2026-07-05T04:05:55.698838,2026-07-05T04:05:55.707115+00:00,136.6,3,ask,DiligentDonuts,Xuanyu Liu,7853458
2026-07-05T04:05:56.689605,2026-07-05T04:05:56.701959+00:00,136.6,15,ask,DiligentDonuts,FlawlessFlatbreads,7853477
2026-07-05T04:05:56.689605,2026-07-05T04:05:56.701959+00:00,135.8,35,ask,EarnestEspressos,FlawlessFlatbreads,7853478
2026-07-05T04:05:58.000394,2026-07-05T04:05:58.012637+00:00,135.8,47,ask,EarnestEspressos,CostlyCorianders,7853493
2026-07-05T04:05:58.799702,2026-07-05T04:05:58.809601+00:00,136.3,50,ask,DiligentDonuts,FlawlessFlatbreads,7853515
2026-07-05T04:05:59.467970,2026-07-05T04:05:59.475123+00:00,136.3,42,ask,DiligentDonuts,CostlyCorianders,7853524
2026-07-05T04:05:59.949782,2026-07-05T04:05:59.956651+00:00,136.3,8,ask,DiligentDonuts,CostlyCorianders,7853529
2026-07-05T04:06:00.924669,2026-07-05T04:06:00.932834+00:00,136.2,50,ask,EarnestEspressos,FlawlessFlatbreads,7853547
2026-07-05T04:06:01.790551,2026-07-05T04:06:01.802815+00:00,136.2,3,bid,Xuanyu Liu,EarnestEspressos,7853556
2026-07-05T04:06:03.038769,2026-07-05T04:06:03.049939+00:00,135.8,50,ask,DiligentDonuts,FlawlessFlatbreads,7853575
2026-07-05T04:06:03.078334,2026-07-05T04:06:03.090290+00:00,136.2,48,bid,CostlyCorianders,EarnestEspressos,7853576
2026-07-05T04:06:05.163602,2026-07-05T04:06:05.174131+00:00,136.1,50,ask,EarnestEspressos,FlawlessFlatbreads,7853609
2026-07-05T04:06:05.174507,2026-07-05T04:06:05.186378+00:00,136.1,100,ask,EarnestEspressos,DiligentDonuts,7853610
2026-07-05T04:06:05.972720,2026-07-05T04:06:05.983473+00:00,136.5,45,bid,CostlyCorianders,EarnestEspressos,7853619
2026-07-05T04:06:06.664022,2026-07-05T04:06:06.674218+00:00,135.6,47,ask,DiligentDonuts,CostlyCorianders,7853631
2026-07-05T04:06:07.269821,2026-07-05T04:06:07.281585+00:00,135.6,50,ask,DiligentDonuts,FlawlessFlatbreads,7853638
2026-07-05T04:06:09.415608,2026-07-05T04:06:09.423566+00:00,135.5,50,ask,EarnestEspressos,FlawlessFlatbreads,7853666
2026-07-05T04:06:10.849523,2026-07-05T04:06:10.858538+00:00,136.0,41,bid,CostlyCorianders,DiligentDonuts,7853689
2026-07-05T04:06:10.920439,2026-07-05T04:06:10.930556+00:00,135.7,3,bid,Xuanyu Liu,EarnestEspressos,7853691
2026-07-05T04:06:10.957402,2026-07-05T04:06:10.967021+00:00,135.7,34,bid,Xuanyu Liu,EarnestEspressos,7853694
2026-07-05T04:06:11.524288,2026-07-05T04:06:11.536154+00:00,135.4,50,ask,DiligentDonuts,FlawlessFlatbreads,7853702
2026-07-05T04:06:13.635866,2026-07-05T04:06:13.644610+00:00,135.4,50,ask,DiligentDonuts,FlawlessFlatbreads,7853719
2026-07-05T04:06:14.439652,2026-07-05T04:06:14.458740+00:00,135.8,44,bid,CostlyCorianders,EarnestEspressos,7853732
2026-07-05T04:06:15.741646,2026-07-05T04:06:15.753375+00:00,135.3,50,ask,EarnestEspressos,FlawlessFlatbreads,7853754
2026-07-05T04:06:17.869800,2026-07-05T04:06:17.879200+00:00,135.3,50,ask,EarnestEspressos,FlawlessFlatbreads,7853780
2026-07-05T04:06:19.976992,2026-07-05T04:06:19.985428+00:00,135.3,50,ask,EarnestEspressos,FlawlessFlatbreads,7853810
2026-07-05T04:06:20.445580,2026-07-05T04:06:20.452795+00:00,135.3,100,ask,DiligentDonuts,EarnestEspressos,7853819
2026-07-05T04:06:21.216938,2026-07-05T04:06:21.229190+00:00,135.3,45,bid,CostlyCorianders,EarnestEspressos,7853830
2026-07-05T04:06:22.115567,2026-07-05T04:06:22.123377+00:00,134.9,50,ask,DiligentDonuts,FlawlessFlatbreads,7853848
2026-07-05T04:06:22.303742,2026-07-05T04:06:22.316192+00:00,134.9,47,ask,DiligentDonuts,CostlyCorianders,7853851
2026-07-05T04:06:23.559412,2026-07-05T04:06:23.571745+00:00,135.4,100,bid,EarnestEspressos,DiligentDonuts,7853863
2026-07-05T04:06:24.149495,2026-07-05T04:06:24.156049+00:00,135.5,50,ask,EarnestEspressos,DiligentDonuts,7853870
2026-07-05T04:06:24.223907,2026-07-05T04:06:24.235805+00:00,135.0,50,ask,DiligentDonuts,FlawlessFlatbreads,7853873
2026-07-05T04:06:25.492091,2026-07-05T04:06:25.504751+00:00,135.0,42,ask,DiligentDonuts,CostlyCorianders,7853891
2026-07-05T04:06:26.337082,2026-07-05T04:06:26.346218+00:00,135.0,8,ask,DiligentDonuts,FlawlessFlatbreads,7853904
2026-07-05T04:06:26.789431,2026-07-05T04:06:26.803672+00:00,135.1,23,bid,Xuanyu Liu,EarnestEspressos,7853912
2026-07-05T04:06:27.247637,2026-07-05T04:06:27.256891+00:00,135.1,11,bid,Xuanyu Liu,EarnestEspressos,7853922
2026-07-05T04:06:28.443672,2026-07-05T04:06:28.450226+00:00,134.8,50,ask,DiligentDonuts,FlawlessFlatbreads,7853940
2026-07-05T04:06:29.062447,2026-07-05T04:06:29.074412+00:00,135.1,43,bid,CostlyCorianders,EarnestEspressos,7853948
2026-07-05T04:06:29.737332,2026-07-05T04:06:29.744765+00:00,135.1,49,bid,CostlyCorianders,EarnestEspressos,7853959
2026-07-05T04:06:29.802176,2026-07-05T04:06:29.814463+00:00,134.8,40,ask,DiligentDonuts,CostlyCorianders,7853960
2026-07-05T04:06:29.886009,2026-07-05T04:06:29.894741+00:00,135.3,100,bid,EarnestEspressos,DiligentDonuts,7853964
2026-07-05T04:06:30.004340,2026-07-05T04:06:30.016069+00:00,135.3,22,ask,EarnestEspressos,Xuanyu Liu,7853969
2026-07-05T04:06:30.304522,2026-07-05T04:06:30.316424+00:00,135.3,28,ask,EarnestEspressos,CostlyCorianders,7853975
2026-07-05T04:06:30.304522,2026-07-05T04:06:30.316424+00:00,134.8,10,ask,DiligentDonuts,CostlyCorianders,7853976
2026-07-05T04:06:30.575156,2026-07-05T04:06:30.583058+00:00,134.7,50,ask,DiligentDonuts,FlawlessFlatbreads,7853982
2026-07-05T04:06:32.521859,2026-07-05T04:06:32.534524+00:00,135.2,41,bid,CostlyCorianders,DiligentDonuts,7854014
2026-07-05T04:06:34.150020,2026-07-05T04:06:34.158552+00:00,134.5,44,ask,EarnestEspressos,CostlyCorianders,7854038
2026-07-05T04:06:34.818114,2026-07-05T04:06:34.826263+00:00,134.5,50,ask,EarnestEspressos,FlawlessFlatbreads,7854048
2026-07-05T04:06:36.340072,2026-07-05T04:06:36.349836+00:00,134.7,34,bid,Xuanyu Liu,EarnestEspressos,7854067
2026-07-05T04:06:36.925801,2026-07-05T04:06:36.933420+00:00,134.6,50,ask,DiligentDonuts,FlawlessFlatbreads,7854075
2026-07-05T04:06:36.950241,2026-07-05T04:06:36.959382+00:00,134.7,11,bid,Xuanyu Liu,EarnestEspressos,7854077
2026-07-05T04:06:37.432779,2026-07-05T04:06:37.444961+00:00,134.7,44,bid,CostlyCorianders,EarnestEspressos,7854080
2026-07-05T04:06:38.051456,2026-07-05T04:06:38.068674+00:00,134.7,42,bid,CostlyCorianders,EarnestEspressos,7854088
2026-07-05T04:06:39.033618,2026-07-05T04:06:39.045072+00:00,134.6,50,ask,DiligentDonuts,FlawlessFlatbreads,7854097
2026-07-05T04:06:41.088637,2026-07-05T04:06:41.099972+00:00,134.8,50,bid,FlawlessFlatbreads,DiligentDonuts,7854118
2026-07-05T04:06:42.072140,2026-07-05T04:06:42.085369+00:00,134.8,46,bid,CostlyCorianders,DiligentDonuts,7854131
2026-07-05T04:06:42.946769,2026-07-05T04:06:42.952687+00:00,134.8,4,bid,Harold Schneider,DiligentDonuts,7854150
2026-07-05T04:06:42.951662,2026-07-05T04:06:42.952687+00:00,135.2,2,bid,Harold Schneider,EarnestEspressos,7854151
2026-07-05T04:06:43.194394,2026-07-05T04:06:43.206669+00:00,135.0,50,bid,FlawlessFlatbreads,DiligentDonuts,7854157
2026-07-05T04:06:45.037789,2026-07-05T04:06:45.048409+00:00,134.8,10,ask,Harold Schneider,Xuanyu Liu,7854175
2026-07-05T04:06:45.217363,2026-07-05T04:06:45.229873+00:00,134.7,41,ask,EarnestEspressos,CostlyCorianders,7854181
2026-07-05T04:06:45.341378,2026-07-05T04:06:45.352133+00:00,135.0,50,bid,FlawlessFlatbreads,DiligentDonuts,7854184
2026-07-05T04:06:46.278502,2026-07-05T04:06:46.327616+00:00,134.8,1,ask,DiligentDonuts,Xuanyu Liu,7854194
2026-07-05T04:06:46.344234,2026-07-05T04:06:46.354327+00:00,134.8,12,ask,DiligentDonuts,Xuanyu Liu,7854197
2026-07-05T04:06:47.450175,2026-07-05T04:06:47.468724+00:00,135.0,50,bid,FlawlessFlatbreads,EarnestEspressos,7854213
2026-07-05T04:06:47.969654,2026-07-05T04:06:47.982084+00:00,135.0,2,bid,Harold Schneider,EarnestEspressos,7854223
2026-07-05T04:06:48.873042,2026-07-05T04:06:48.881022+00:00,134.8,41,ask,DiligentDonuts,CostlyCorianders,7854233
2026-07-05T04:06:51.029283,2026-07-05T04:06:51.041371+00:00,135.1,47,bid,CostlyCorianders,EarnestEspressos,7854267
2026-07-05T04:06:51.682811,2026-07-05T04:06:51.691506+00:00,135.1,50,bid,FlawlessFlatbreads,EarnestEspressos,7854274
2026-07-05T04:06:52.129882,2026-07-05T04:06:52.139878+00:00,135.1,22,ask,EarnestEspressos,Xuanyu Liu,7854277
2026-07-05T04:06:52.644940,2026-07-05T04:06:52.657096+00:00,135.1,100,ask,EarnestEspressos,DiligentDonuts,7854288
2026-07-05T04:06:52.985740,2026-07-05T04:06:52.994935+00:00,135.6,2,bid,Harold Schneider,EarnestEspressos,7854293
2026-07-05T04:06:54.788978,2026-07-05T04:06:54.800188+00:00,135.1,28,ask,EarnestEspressos,CostlyCorianders,7854315
2026-07-05T04:06:54.788978,2026-07-05T04:06:54.800188+00:00,134.6,15,ask,DiligentDonuts,CostlyCorianders,7854316
2026-07-05T04:06:56.859558,2026-07-05T04:06:56.869250+00:00,135.0,11,bid,Xuanyu Liu,EarnestEspressos,7854345
2026-07-05T04:06:57.564878,2026-07-05T04:06:57.574746+00:00,135.0,11,bid,Xuanyu Liu,EarnestEspressos,7854356
2026-07-05T04:06:57.999460,2026-07-05T04:06:58.011187+00:00,135.0,2,bid,Harold Schneider,EarnestEspressos,7854359
2026-07-05T04:06:58.049358,2026-07-05T04:06:58.058583+00:00,135.0,50,bid,FlawlessFlatbreads,EarnestEspressos,7854360
2026-07-05T04:07:00.155138,2026-07-05T04:07:00.166999+00:00,135.5,50,bid,FlawlessFlatbreads,EarnestEspressos,7854396
2026-07-05T04:07:00.795297,2026-07-05T04:07:00.809021+00:00,135.2,11,ask,DiligentDonuts,Xuanyu Liu,7854402
2026-07-05T04:07:00.989987,2026-07-05T04:07:01.002295+00:00,135.2,42,ask,DiligentDonuts,CostlyCorianders,7854406
2026-07-05T04:07:01.649264,2026-07-05T04:07:01.658557+00:00,135.7,100,bid,EarnestEspressos,DiligentDonuts,7854418
2026-07-05T04:07:02.103069,2026-07-05T04:07:02.111470+00:00,135.7,11,ask,EarnestEspressos,Xuanyu Liu,7854425
2026-07-05T04:07:02.333887,2026-07-05T04:07:02.358546+00:00,135.7,39,ask,EarnestEspressos,FlawlessFlatbreads,7854428
2026-07-05T04:07:04.879192,2026-07-05T04:07:04.891226+00:00,135.5,11,bid,Xuanyu Liu,EarnestEspressos,7854466
2026-07-05T04:07:05.142949,2026-07-05T04:07:05.158625+00:00,135.5,100,bid,DiligentDonuts,EarnestEspressos,7854472
2026-07-05T04:07:06.576987,2026-07-05T04:07:06.588896+00:00,135.0,50,ask,EarnestEspressos,FlawlessFlatbreads,7854483
2026-07-05T04:07:07.218812,2026-07-05T04:07:07.230914+00:00,135.5,39,bid,CostlyCorianders,EarnestEspressos,7854489
2026-07-05T04:07:07.218812,2026-07-05T04:07:07.230914+00:00,136.1,2,bid,CostlyCorianders,DiligentDonuts,7854490
2026-07-05T04:07:08.027105,2026-07-05T04:07:08.037545+00:00,136.1,2,bid,Harold Schneider,DiligentDonuts,7854500
2026-07-05T04:07:08.036642,2026-07-05T04:07:08.047984+00:00,135.8,2,bid,Harold Schneider,EarnestEspressos,7854501
2026-07-05T04:07:08.696043,2026-07-05T04:07:08.710789+00:00,135.3,50,ask,EarnestEspressos,FlawlessFlatbreads,7854513
2026-07-05T04:07:09.481825,2026-07-05T04:07:09.493618+00:00,135.3,48,ask,EarnestEspressos,CostlyCorianders,7854516
2026-07-05T04:07:10.751445,2026-07-05T04:07:10.761967+00:00,135.7,10,bid,FlawlessFlatbreads,Harold Schneider,7854533
2026-07-05T04:07:10.751445,2026-07-05T04:07:10.761967+00:00,135.8,40,bid,FlawlessFlatbreads,EarnestEspressos,7854534
2026-07-05T04:07:11.422174,2026-07-05T04:07:11.429028+00:00,135.6,48,bid,CostlyCorianders,EarnestEspressos,7854537
2026-07-05T04:07:12.442981,2026-07-05T04:07:12.448489+00:00,135.2,43,ask,DiligentDonuts,CostlyCorianders,7854549
2026-07-05T04:07:12.948671,2026-07-05T04:07:12.958603+00:00,135.2,50,ask,DiligentDonuts,FlawlessFlatbreads,7854554
2026-07-05T04:07:13.049980,2026-07-05T04:07:13.058596+00:00,135.6,2,bid,Harold Schneider,EarnestEspressos,7854558
2026-07-05T04:07:14.560367,2026-07-05T04:07:14.567797+00:00,135.5,10,bid,CostlyCorianders,Harold Schneider,7854573
2026-07-05T04:07:14.560367,2026-07-05T04:07:14.573026+00:00,135.7,34,bid,CostlyCorianders,DiligentDonuts,7854574
2026-07-05T04:07:15.006287,2026-07-05T04:07:15.018443+00:00,135.6,50,bid,FlawlessFlatbreads,DiligentDonuts,7854578
2026-07-05T04:07:16.077303,2026-07-05T04:07:16.089663+00:00,135.3,43,ask,EarnestEspressos,CostlyCorianders,7854600
2026-07-05T04:07:18.064503,2026-07-05T04:07:18.076829+00:00,135.6,2,bid,Harold Schneider,EarnestEspressos,7854632
2026-07-05T04:07:19.285398,2026-07-05T04:07:19.295036+00:00,135.3,50,ask,DiligentDonuts,FlawlessFlatbreads,7854644
2026-07-05T04:07:19.302454,2026-07-05T04:07:19.310914+00:00,135.6,41,bid,CostlyCorianders,EarnestEspressos,7854645
2026-07-05T04:07:21.408092,2026-07-05T04:07:21.416235+00:00,135.2,50,ask,EarnestEspressos,FlawlessFlatbreads,7854675
2026-07-05T04:07:22.292925,2026-07-05T04:07:22.304700+00:00,135.2,45,ask,EarnestEspressos,CostlyCorianders,7854691
2026-07-05T04:07:23.094577,2026-07-05T04:07:23.103119+00:00,135.5,2,bid,Harold Schneider,DiligentDonuts,7854705
2026-07-05T04:07:23.695802,2026-07-05T04:07:23.705261+00:00,135.5,44,bid,CostlyCorianders,DiligentDonuts,7854714
2026-07-05T04:07:24.321594,2026-07-05T04:07:24.333289+00:00,135.1,41,ask,DiligentDonuts,CostlyCorianders,7854724
2026-07-05T04:07:25.440186,2026-07-05T04:07:25.452129+00:00,135.3,42,bid,CostlyCorianders,EarnestEspressos,7854742
2026-07-05T04:07:25.568256,2026-07-05T04:07:25.580521+00:00,135.3,50,bid,FlawlessFlatbreads,EarnestEspressos,7854743
2026-07-05T04:07:25.784091,2026-07-05T04:07:25.793333+00:00,135.3,11,bid,Xuanyu Liu,EarnestEspressos,7854745
2026-07-05T04:07:27.745586,2026-07-05T04:07:27.758543+00:00,135.3,50,ask,EarnestEspressos,FlawlessFlatbreads,7854770
2026-07-05T04:07:27.937404,2026-07-05T04:07:27.949521+00:00,135.8,44,bid,CostlyCorianders,EarnestEspressos,7854775
2026-07-05T04:07:28.107561,2026-07-05T04:07:28.119591+00:00,135.8,2,bid,Harold Schneider,EarnestEspressos,7854776
2026-07-05T04:07:29.855088,2026-07-05T04:07:29.869220+00:00,135.4,10,ask,Harold Schneider,FlawlessFlatbreads,7854799
2026-07-05T04:07:29.855088,2026-07-05T04:07:29.869220+00:00,135.3,40,ask,EarnestEspressos,FlawlessFlatbreads,7854800
2026-07-05T04:07:31.912839,2026-07-05T04:07:31.924879+00:00,135.6,50,bid,FlawlessFlatbreads,DiligentDonuts,7854822
2026-07-05T04:07:33.130568,2026-07-05T04:07:33.137710+00:00,135.6,2,bid,Harold Schneider,DiligentDonuts,7854834
2026-07-05T04:07:34.019976,2026-07-05T04:07:34.032109+00:00,135.5,10,bid,FlawlessFlatbreads,Harold Schneider,7854846
2026-07-05T04:07:34.019976,2026-07-05T04:07:34.032109+00:00,135.7,40,bid,FlawlessFlatbreads,EarnestEspressos,7854847
2026-07-05T04:07:36.128373,2026-07-05T04:07:36.140305+00:00,135.7,50,bid,FlawlessFlatbreads,EarnestEspressos,7854867
2026-07-05T04:07:36.459557,2026-07-05T04:07:36.470869+00:00,135.7,11,ask,EarnestEspressos,Xuanyu Liu,7854872
2026-07-05T04:07:37.934223,2026-07-05T04:07:37.946397+00:00,135.7,46,ask,EarnestEspressos,CostlyCorianders,7854897
2026-07-05T04:07:38.147772,2026-07-05T04:07:38.154489+00:00,135.9,2,bid,Harold Schneider,DiligentDonuts,7854904
2026-07-05T04:07:38.236937,2026-07-05T04:07:38.244980+00:00,135.9,50,bid,FlawlessFlatbreads,DiligentDonuts,7854905
2026-07-05T04:07:40.344972,2026-07-05T04:07:40.353697+00:00,136.0,50,bid,FlawlessFlatbreads,EarnestEspressos,7854946
2026-07-05T04:07:42.452466,2026-07-05T04:07:42.464351+00:00,136.0,50,bid,FlawlessFlatbreads,EarnestEspressos,7854979
2026-07-05T04:07:42.794171,2026-07-05T04:07:42.805077+00:00,136.0,11,ask,EarnestEspressos,Xuanyu Liu,7854983
2026-07-05T04:07:42.804272,2026-07-05T04:07:42.820336+00:00,136.0,43,ask,EarnestEspressos,CostlyCorianders,7854985
2026-07-05T04:07:43.159501,2026-07-05T04:07:43.171483+00:00,136.2,2,bid,Harold Schneider,DiligentDonuts,7854989
2026-07-05T04:07:44.175302,2026-07-05T04:07:44.184588+00:00,136.0,12,ask,EarnestEspressos,Xuanyu Liu,7855003
2026-07-05T04:07:44.560778,2026-07-05T04:07:44.572794+00:00,136.2,50,bid,FlawlessFlatbreads,DiligentDonuts,7855012
2026-07-05T04:07:46.669907,2026-07-05T04:07:46.682177+00:00,136.3,50,bid,FlawlessFlatbreads,EarnestEspressos,7855041
2026-07-05T04:07:46.848213,2026-07-05T04:07:46.863947+00:00,136.3,48,bid,CostlyCorianders,EarnestEspressos,7855042
2026-07-05T04:07:47.399966,2026-07-05T04:07:47.411974+00:00,136.0,48,ask,DiligentDonuts,CostlyCorianders,7855049
2026-07-05T04:07:47.884584,2026-07-05T04:07:47.896538+00:00,136.0,42,ask,DiligentDonuts,CostlyCorianders,7855054
2026-07-05T04:07:48.170358,2026-07-05T04:07:48.179304+00:00,136.3,2,bid,Harold Schneider,EarnestEspressos,7855059
2026-07-05T04:07:48.828887,2026-07-05T04:07:48.842937+00:00,136.0,10,ask,DiligentDonuts,FlawlessFlatbreads,7855071
2026-07-05T04:07:48.828887,2026-07-05T04:07:48.842937+00:00,135.8,40,ask,EarnestEspressos,FlawlessFlatbreads,7855072
2026-07-05T04:07:50.887024,2026-07-05T04:07:50.899733+00:00,136.1,50,bid,FlawlessFlatbreads,DiligentDonuts,7855094
2026-07-05T04:07:51.988316,2026-07-05T04:07:52.000634+00:00,136.1,42,bid,CostlyCorianders,DiligentDonuts,7855104
2026-07-05T04:07:52.314550,2026-07-05T04:07:52.326329+00:00,136.1,8,bid,EarnestEspressos,DiligentDonuts,7855107
2026-07-05T04:07:53.047807,2026-07-05T04:07:53.063846+00:00,136.1,50,ask,EarnestEspressos,FlawlessFlatbreads,7855122
2026-07-05T04:07:53.370618,2026-07-05T04:07:53.380743+00:00,136.1,11,ask,EarnestEspressos,Xuanyu Liu,7855128
2026-07-05T04:07:54.999832,2026-07-05T04:07:55.010678+00:00,136.1,40,ask,EarnestEspressos,CostlyCorianders,7855153
2026-07-05T04:07:55.154077,2026-07-05T04:07:55.166499+00:00,136.1,41,ask,EarnestEspressos,FlawlessFlatbreads,7855155
2026-07-05T04:07:55.154077,2026-07-05T04:07:55.166499+00:00,136.0,9,ask,DiligentDonuts,FlawlessFlatbreads,7855156
2026-07-05T04:07:55.544233,2026-07-05T04:07:55.554543+00:00,136.1,11,bid,Xuanyu Liu,EarnestEspressos,7855161
2026-07-05T04:07:55.734061,2026-07-05T04:07:55.746108+00:00,136.1,100,bid,DiligentDonuts,EarnestEspressos,7855166
2026-07-05T04:07:57.212583,2026-07-05T04:07:57.225079+00:00,136.1,39,bid,FlawlessFlatbreads,EarnestEspressos,7855182
2026-07-05T04:07:57.212583,2026-07-05T04:07:57.225079+00:00,136.6,11,bid,FlawlessFlatbreads,DiligentDonuts,7855183
2026-07-05T04:07:58.659437,2026-07-05T04:07:58.668654+00:00,136.2,23,ask,EarnestEspressos,Xuanyu Liu,7855202
2026-07-05T04:07:58.956216,2026-07-05T04:07:58.969779+00:00,136.2,100,ask,EarnestEspressos,DiligentDonuts,7855205
2026-07-05T04:07:59.374321,2026-07-05T04:07:59.386465+00:00,136.2,27,ask,EarnestEspressos,FlawlessFlatbreads,7855213
2026-07-05T04:08:00.100910,2026-07-05T04:08:00.113288+00:00,136.7,46,bid,CostlyCorianders,EarnestEspressos,7855229
2026-07-05T04:08:01.481554,2026-07-05T04:08:01.493942+00:00,135.5,50,ask,DiligentDonuts,FlawlessFlatbreads,7855240
2026-07-05T04:08:01.870824,2026-07-05T04:08:01.879947+00:00,136.0,12,bid,Xuanyu Liu,EarnestEspressos,7855254
2026-07-05T04:08:02.402576,2026-07-05T04:08:02.415444+00:00,136.0,42,bid,CostlyCorianders,EarnestEspressos,7855267
2026-07-05T04:08:03.537800,2026-07-05T04:08:03.548450+00:00,136.0,50,bid,FlawlessFlatbreads,EarnestEspressos,7855278
2026-07-05T04:08:05.646736,2026-07-05T04:08:05.658643+00:00,135.9,50,bid,FlawlessFlatbreads,DiligentDonuts,7855311
2026-07-05T04:08:07.754562,2026-07-05T04:08:07.758548+00:00,135.9,50,bid,FlawlessFlatbreads,DiligentDonuts,7855338
2026-07-05T04:08:09.685725,2026-07-05T04:08:09.697884+00:00,135.8,48,ask,DiligentDonuts,CostlyCorianders,7855360
2026-07-05T04:08:09.865438,2026-07-05T04:08:09.872590+00:00,136.1,50,bid,FlawlessFlatbreads,EarnestEspressos,7855364
2026-07-05T04:08:10.196388,2026-07-05T04:08:10.207989+00:00,136.1,41,bid,CostlyCorianders,EarnestEspressos,7855366
2026-07-05T04:08:10.662847,2026-07-05T04:08:10.685182+00:00,136.1,47,bid,CostlyCorianders,EarnestEspressos,7855370
2026-07-05T04:08:11.301994,2026-07-05T04:08:11.312409+00:00,136.2,23,ask,EarnestEspressos,Xuanyu Liu,7855378
2026-07-05T04:08:11.975116,2026-07-05T04:08:11.982035+00:00,136.3,50,bid,FlawlessFlatbreads,DiligentDonuts,7855386
2026-07-05T04:08:14.083875,2026-07-05T04:08:14.095792+00:00,136.3,50,bid,FlawlessFlatbreads,DiligentDonuts,7855416
2026-07-05T04:08:17.505596,2026-07-05T04:08:17.514733+00:00,136.1,3,ask,EarnestEspressos,Xuanyu Liu,7855453
2026-07-05T04:08:17.897319,2026-07-05T04:08:17.909380+00:00,136.4,100,bid,DiligentDonuts,EarnestEspressos,7855458
2026-07-05T04:08:18.315243,2026-07-05T04:08:18.322364+00:00,136.4,50,bid,FlawlessFlatbreads,EarnestEspressos,7855467
2026-07-05T04:08:20.798411,2026-07-05T04:08:20.808857+00:00,136.7,14,ask,EarnestEspressos,Xuanyu Liu,7855502
2026-07-05T04:08:21.118893,2026-07-05T04:08:21.129018+00:00,136.7,100,ask,EarnestEspressos,DiligentDonuts,7855507
2026-07-05T04:08:21.432176,2026-07-05T04:08:21.444015+00:00,136.7,36,ask,EarnestEspressos,CostlyCorianders,7855513
2026-07-05T04:08:21.432176,2026-07-05T04:08:21.444015+00:00,135.8,7,ask,DiligentDonuts,CostlyCorianders,7855514
2026-07-05T04:08:23.655312,2026-07-05T04:08:23.667250+00:00,135.8,49,ask,DiligentDonuts,CostlyCorianders,7855540
2026-07-05T04:08:24.294875,2026-07-05T04:08:24.305106+00:00,136.5,14,bid,Xuanyu Liu,DiligentDonuts,7855547
2026-07-05T04:08:24.668115,2026-07-05T04:08:24.679929+00:00,136.5,50,bid,FlawlessFlatbreads,DiligentDonuts,7855550
2026-07-05T04:08:24.757334,2026-07-05T04:08:24.769494+00:00,136.3,46,ask,EarnestEspressos,CostlyCorianders,7855552
2026-07-05T04:08:26.776418,2026-07-05T04:08:26.785856+00:00,136.5,36,bid,FlawlessFlatbreads,DiligentDonuts,7855572
2026-07-05T04:08:26.776418,2026-07-05T04:08:26.785856+00:00,136.7,14,bid,FlawlessFlatbreads,EarnestEspressos,7855573
2026-07-05T04:08:29.071897,2026-07-05T04:08:29.080912+00:00,136.5,43,bid,CostlyCorianders,EarnestEspressos,7855594
2026-07-05T04:08:30.986023,2026-07-05T04:08:30.993520+00:00,136.1,46,ask,EarnestEspressos,CostlyCorianders,7855624
2026-07-05T04:08:33.094578,2026-07-05T04:08:33.106629+00:00,136.6,50,bid,FlawlessFlatbreads,EarnestEspressos,7855653
2026-07-05T04:08:35.273653,2026-07-05T04:08:35.280881+00:00,136.4,50,ask,EarnestEspressos,FlawlessFlatbreads,7855692
2026-07-05T04:08:36.888699,2026-07-05T04:08:36.895281+00:00,136.6,44,bid,CostlyCorianders,EarnestEspressos,7855711
2026-07-05T04:08:37.380778,2026-07-05T04:08:37.392931+00:00,136.2,50,ask,DiligentDonuts,FlawlessFlatbreads,7855719
2026-07-05T04:08:39.566133,2026-07-05T04:08:39.578187+00:00,136.6,49,bid,CostlyCorianders,EarnestEspressos,7855752
2026-07-05T04:08:43.653831,2026-07-05T04:08:43.665823+00:00,136.5,50,bid,FlawlessFlatbreads,DiligentDonuts,7855801
2026-07-05T04:08:44.046829,2026-07-05T04:08:44.059001+00:00,136.3,41,ask,EarnestEspressos,CostlyCorianders,7855814
2026-07-05T04:08:45.392219,2026-07-05T04:08:45.404409+00:00,136.3,49,ask,EarnestEspressos,CostlyCorianders,7855834
2026-07-05T04:08:45.782835,2026-07-05T04:08:45.795232+00:00,136.5,50,bid,FlawlessFlatbreads,DiligentDonuts,7855840
2026-07-05T04:08:46.494117,2026-07-05T04:08:46.502854+00:00,136.6,46,bid,CostlyCorianders,EarnestEspressos,7855844
2026-07-05T04:08:47.437981,2026-07-05T04:08:47.447427+00:00,136.5,47,ask,DiligentDonuts,CostlyCorianders,7855853
2026-07-05T04:08:47.893037,2026-07-05T04:08:47.904692+00:00,136.6,50,bid,FlawlessFlatbreads,EarnestEspressos,7855859
2026-07-05T04:08:48.505062,2026-07-05T04:08:48.514314+00:00,136.6,42,bid,CostlyCorianders,EarnestEspressos,7855866
2026-07-05T04:08:49.654014,2026-07-05T04:08:49.665987+00:00,136.9,44,ask,EarnestEspressos,CostlyCorianders,7855872
2026-07-05T04:08:50.080575,2026-07-05T04:08:50.092838+00:00,136.9,50,ask,EarnestEspressos,FlawlessFlatbreads,7855877
2026-07-05T04:08:51.257919,2026-07-05T04:08:51.271497+00:00,136.9,3,ask,EarnestEspressos,Xuanyu Liu,7855893
2026-07-05T04:08:51.295786,2026-07-05T04:08:51.308246+00:00,137.1,40,bid,CostlyCorianders,DiligentDonuts,7855896
2026-07-05T04:08:52.885111,2026-07-05T04:08:52.897754+00:00,136.6,48,ask,DiligentDonuts,CostlyCorianders,7855909
2026-07-05T04:08:53.526287,2026-07-05T04:08:53.538524+00:00,136.9,47,bid,CostlyCorianders,EarnestEspressos,7855918
2026-07-05T04:08:54.296510,2026-07-05T04:08:54.308429+00:00,136.6,50,ask,DiligentDonuts,FlawlessFlatbreads,7855929
2026-07-05T04:08:54.543298,2026-07-05T04:08:54.555039+00:00,136.9,41,bid,CostlyCorianders,EarnestEspressos,7855931
2026-07-05T04:08:55.958399,2026-07-05T04:08:55.970888+00:00,136.8,100,ask,EarnestEspressos,DiligentDonuts,7855946
2026-07-05T04:08:56.353355,2026-07-05T04:08:56.365468+00:00,137.3,50,bid,FlawlessFlatbreads,EarnestEspressos,7855950
2026-07-05T04:08:57.800886,2026-07-05T04:08:57.811099+00:00,136.8,11,ask,EarnestEspressos,Xuanyu Liu,7855971
2026-07-05T04:08:58.462413,2026-07-05T04:08:58.474253+00:00,137.3,50,bid,FlawlessFlatbreads,EarnestEspressos,7855983
2026-07-05T04:08:59.141915,2026-07-05T04:08:59.149612+00:00,136.9,11,bid,Xuanyu Liu,DiligentDonuts,7855993
2026-07-05T04:09:01.573112,2026-07-05T04:09:01.585580+00:00,136.5,41,ask,EarnestEspressos,CostlyCorianders,7856015
2026-07-05T04:09:02.724125,2026-07-05T04:09:02.736044+00:00,136.6,50,ask,DiligentDonuts,FlawlessFlatbreads,7856035
2026-07-05T04:09:03.205482,2026-07-05T04:09:03.217978+00:00,136.6,48,ask,DiligentDonuts,CostlyCorianders,7856039
2026-07-05T04:09:04.649633,2026-07-05T04:09:04.656526+00:00,137.0,45,bid,CostlyCorianders,EarnestEspressos,7856057
2026-07-05T04:09:04.780783,2026-07-05T04:09:04.789521+00:00,137.0,50,bid,FlawlessFlatbreads,EarnestEspressos,7856063
2026-07-05T04:09:05.444136,2026-07-05T04:09:05.456322+00:00,136.6,100,ask,EarnestEspressos,DiligentDonuts,7856074
2026-07-05T04:09:06.851325,2026-07-05T04:09:06.858576+00:00,136.6,48,ask,EarnestEspressos,CostlyCorianders,7856083
2026-07-05T04:09:06.938695,2026-07-05T04:09:06.950489+00:00,136.6,2,ask,EarnestEspressos,FlawlessFlatbreads,7856084
2026-07-05T04:09:09.046139,2026-07-05T04:09:09.058577+00:00,136.4,50,ask,DiligentDonuts,FlawlessFlatbreads,7856110
2026-07-05T04:09:11.099843,2026-07-05T04:09:11.111862+00:00,136.8,44,bid,CostlyCorianders,EarnestEspressos,7856141
2026-07-05T04:09:11.159577,2026-07-05T04:09:11.169932+00:00,136.4,50,ask,DiligentDonuts,FlawlessFlatbreads,7856144
2026-07-05T04:09:12.541292,2026-07-05T04:09:12.550721+00:00,136.7,45,bid,CostlyCorianders,DiligentDonuts,7856168
2026-07-05T04:09:13.267013,2026-07-05T04:09:13.278924+00:00,136.4,50,ask,EarnestEspressos,FlawlessFlatbreads,7856180
2026-07-05T04:09:15.322175,2026-07-05T04:09:15.329510+00:00,136.6,50,bid,FlawlessFlatbreads,EarnestEspressos,7856201
2026-07-05T04:09:16.109483,2026-07-05T04:09:16.121230+00:00,136.3,43,ask,DiligentDonuts,CostlyCorianders,7856208
2026-07-05T04:09:17.482653,2026-07-05T04:09:17.490658+00:00,136.3,50,ask,DiligentDonuts,FlawlessFlatbreads,7856227
2026-07-05T04:09:18.105437,2026-07-05T04:09:18.115400+00:00,136.3,3,bid,Xuanyu Liu,DiligentDonuts,7856234
2026-07-05T04:09:18.189904,2026-07-05T04:09:18.202034+00:00,136.1,42,ask,EarnestEspressos,CostlyCorianders,7856236
2026-07-05T04:09:18.729822,2026-07-05T04:09:18.742090+00:00,136.3,42,bid,CostlyCorianders,DiligentDonuts,7856246
2026-07-05T04:09:19.538031,2026-07-05T04:09:19.550149+00:00,136.3,50,bid,FlawlessFlatbreads,DiligentDonuts,7856255
2026-07-05T04:09:21.650491,2026-07-05T04:09:21.657033+00:00,136.4,49,bid,CostlyCorianders,EarnestEspressos,7856272
2026-07-05T04:09:21.698975,2026-07-05T04:09:21.710977+00:00,136.0,50,ask,DiligentDonuts,FlawlessFlatbreads,7856274
2026-07-05T04:09:24.425026,2026-07-05T04:09:24.436034+00:00,136.1,100,ask,EarnestEspressos,DiligentDonuts,7856314
2026-07-05T04:09:25.914192,2026-07-05T04:09:25.922587+00:00,136.1,50,ask,EarnestEspressos,FlawlessFlatbreads,7856335
2026-07-05T04:09:27.535166,2026-07-05T04:09:27.547666+00:00,135.9,100,bid,DiligentDonuts,EarnestEspressos,7856349
2026-07-05T04:09:27.997907,2026-07-05T04:09:28.007471+00:00,135.9,3,bid,Xuanyu Liu,EarnestEspressos,7856361
2026-07-05T04:09:30.135868,2026-07-05T04:09:30.158621+00:00,135.4,50,ask,EarnestEspressos,FlawlessFlatbreads,7856392
2026-07-05T04:09:31.623706,2026-07-05T04:09:31.635883+00:00,135.8,47,ask,DiligentDonuts,CostlyCorianders,7856410
2026-07-05T04:09:32.193507,2026-07-05T04:09:32.205474+00:00,136.1,50,bid,FlawlessFlatbreads,EarnestEspressos,7856419
2026-07-05T04:09:34.191071,2026-07-05T04:09:34.199827+00:00,135.9,41,ask,EarnestEspressos,CostlyCorianders,7856442
2026-07-05T04:09:34.300818,2026-07-05T04:09:34.312220+00:00,136.2,50,bid,FlawlessFlatbreads,DiligentDonuts,7856445
2026-07-05T04:09:35.211789,2026-07-05T04:09:35.222070+00:00,136.2,41,bid,CostlyCorianders,DiligentDonuts,7856460
2026-07-05T04:09:36.465589,2026-07-05T04:09:36.474985+00:00,135.9,50,ask,EarnestEspressos,FlawlessFlatbreads,7856478
2026-07-05T04:09:37.020293,2026-07-05T04:09:37.032392+00:00,136.2,100,bid,DiligentDonuts,EarnestEspressos,7856482
2026-07-05T04:09:38.474225,2026-07-05T04:09:38.484401+00:00,136.2,49,bid,CostlyCorianders,EarnestEspressos,7856495
2026-07-05T04:09:38.571106,2026-07-05T04:09:38.582991+00:00,135.7,50,ask,EarnestEspressos,FlawlessFlatbreads,7856497
2026-07-05T04:09:40.630228,2026-07-05T04:09:40.640220+00:00,136.3,50,bid,FlawlessFlatbreads,DiligentDonuts,7856517
2026-07-05T04:09:42.495913,2026-07-05T04:09:42.505696+00:00,136.1,3,ask,EarnestEspressos,Xuanyu Liu,7856529
2026-07-05T04:09:42.799550,2026-07-05T04:09:42.811155+00:00,136.1,50,ask,EarnestEspressos,FlawlessFlatbreads,7856536
2026-07-05T04:09:43.752737,2026-07-05T04:09:43.758580+00:00,135.8,48,ask,DiligentDonuts,CostlyCorianders,7856542
2026-07-05T04:09:44.274090,2026-07-05T04:09:44.284716+00:00,136.2,46,bid,CostlyCorianders,EarnestEspressos,7856551
2026-07-05T04:09:44.771142,2026-07-05T04:09:44.782897+00:00,135.8,49,ask,DiligentDonuts,CostlyCorianders,7856560
2026-07-05T04:09:44.928904,2026-07-05T04:09:44.941298+00:00,135.8,3,ask,DiligentDonuts,FlawlessFlatbreads,7856562
2026-07-05T04:09:47.037786,2026-07-05T04:09:47.045973+00:00,135.6,50,ask,EarnestEspressos,FlawlessFlatbreads,7856592
2026-07-05T04:09:47.755025,2026-07-05T04:09:47.765473+00:00,135.7,3,bid,Xuanyu Liu,DiligentDonuts,7856602
2026-07-05T04:09:49.144817,2026-07-05T04:09:49.162102+00:00,135.6,50,ask,EarnestEspressos,FlawlessFlatbreads,7856628
2026-07-05T04:09:51.255090,2026-07-05T04:09:51.266869+00:00,135.3,50,ask,EarnestEspressos,FlawlessFlatbreads,7856662
2026-07-05T04:09:51.964970,2026-07-05T04:09:51.974579+00:00,135.8,11,bid,Xuanyu Liu,EarnestEspressos,7856672
2026-07-05T04:09:53.377442,2026-07-05T04:09:53.391821+00:00,135.5,50,ask,DiligentDonuts,FlawlessFlatbreads,7856694
2026-07-05T04:09:54.320147,2026-07-05T04:09:54.329756+00:00,135.8,12,bid,Xuanyu Liu,EarnestEspressos,7856702
2026-07-05T04:09:55.484484,2026-07-05T04:09:55.491763+00:00,135.5,50,ask,DiligentDonuts,FlawlessFlatbreads,7856713
2026-07-05T04:09:57.592440,2026-07-05T04:09:57.604183+00:00,135.2,50,ask,EarnestEspressos,FlawlessFlatbreads,7856739
2026-07-05T04:09:57.877954,2026-07-05T04:09:57.889933+00:00,135.6,47,bid,CostlyCorianders,DiligentDonuts,7856743
2026-07-05T04:09:59.426395,2026-07-05T04:09:59.438395+00:00,135.5,44,bid,CostlyCorianders,EarnestEspressos,7856768
2026-07-05T04:10:01.129052,2026-07-05T04:10:01.138178+00:00,135.2,46,ask,DiligentDonuts,CostlyCorianders,7856789
2026-07-05T04:10:01.750835,2026-07-05T04:10:01.756221+00:00,135.5,50,bid,FlawlessFlatbreads,EarnestEspressos,7856799
2026-07-05T04:10:03.887010,2026-07-05T04:10:03.899016+00:00,135.5,50,bid,FlawlessFlatbreads,DiligentDonuts,7856817
2026-07-05T04:10:05.993735,2026-07-05T04:10:06.005875+00:00,135.6,50,bid,FlawlessFlatbreads,DiligentDonuts,7856832
2026-07-05T04:10:08.061032,2026-07-05T04:10:08.069572+00:00,135.6,40,bid,CostlyCorianders,DiligentDonuts,7856863
2026-07-05T04:10:08.132219,2026-07-05T04:10:08.144198+00:00,135.6,10,bid,FlawlessFlatbreads,DiligentDonuts,7856864
2026-07-05T04:10:08.132219,2026-07-05T04:10:08.144198+00:00,135.7,40,bid,FlawlessFlatbreads,EarnestEspressos,7856865
2026-07-05T04:10:08.640128,2026-07-05T04:10:08.651837+00:00,135.5,40,ask,EarnestEspressos,CostlyCorianders,7856872
2026-07-05T04:10:10.239999,2026-07-05T04:10:10.248862+00:00,135.9,50,bid,FlawlessFlatbreads,DiligentDonuts,7856899
2026-07-05T04:10:10.305279,2026-07-05T04:10:10.314665+00:00,135.5,12,ask,EarnestEspressos,Xuanyu Liu,7856903
2026-07-05T04:10:12.353742,2026-07-05T04:10:12.364682+00:00,135.5,50,bid,FlawlessFlatbreads,EarnestEspressos,7856928
2026-07-05T04:10:12.738026,2026-07-05T04:10:12.748355+00:00,135.5,42,bid,CostlyCorianders,EarnestEspressos,7856940
2026-07-05T04:10:13.340006,2026-07-05T04:10:13.349395+00:00,135.4,11,ask,DiligentDonuts,Xuanyu Liu,7856946
2026-07-05T04:10:13.650235,2026-07-05T04:10:13.657108+00:00,135.4,49,ask,DiligentDonuts,CostlyCorianders,7856948
2026-07-05T04:10:14.096068,2026-07-05T04:10:14.106947+00:00,135.4,3,ask,DiligentDonuts,Xuanyu Liu,7856961
2026-07-05T04:10:14.460219,2026-07-05T04:10:14.472356+00:00,135.5,50,bid,FlawlessFlatbreads,EarnestEspressos,7856967
2026-07-05T04:10:16.598031,2026-07-05T04:10:16.609906+00:00,135.3,50,bid,FlawlessFlatbreads,DiligentDonuts,7856994
2026-07-05T04:10:17.274845,2026-07-05T04:10:17.286950+00:00,135.3,45,bid,CostlyCorianders,DiligentDonuts,7857003
2026-07-05T04:10:17.871129,2026-07-05T04:10:17.883141+00:00,135.3,5,bid,EarnestEspressos,DiligentDonuts,7857015
2026-07-05T04:10:17.916261,2026-07-05T04:10:17.925072+00:00,135.3,48,ask,EarnestEspressos,CostlyCorianders,7857017
2026-07-05T04:10:18.706521,2026-07-05T04:10:18.718524+00:00,135.8,50,bid,FlawlessFlatbreads,EarnestEspressos,7857028
2026-07-05T04:10:20.485672,2026-07-05T04:10:20.492952+00:00,135.3,40,ask,EarnestEspressos,CostlyCorianders,7857052
2026-07-05T04:10:20.895567,2026-07-05T04:10:20.907529+00:00,135.3,50,ask,EarnestEspressos,FlawlessFlatbreads,7857055
2026-07-05T04:10:21.020032,2026-07-05T04:10:21.029347+00:00,135.8,43,bid,CostlyCorianders,DiligentDonuts,7857057
2026-07-05T04:10:21.088390,2026-07-05T04:10:21.100107+00:00,135.3,100,ask,DiligentDonuts,EarnestEspressos,7857058
2026-07-05T04:10:23.302231,2026-07-05T04:10:23.313165+00:00,135.3,44,bid,CostlyCorianders,EarnestEspressos,7857079
2026-07-05T04:10:24.530449,2026-07-05T04:10:24.540740+00:00,135.2,100,ask,EarnestEspressos,DiligentDonuts,7857097
2026-07-05T04:10:25.941931,2026-07-05T04:10:25.958579+00:00,134.7,42,ask,DiligentDonuts,CostlyCorianders,7857119
2026-07-05T04:10:27.260856,2026-07-05T04:10:27.270835+00:00,134.7,50,ask,DiligentDonuts,FlawlessFlatbreads,7857136
2026-07-05T04:10:27.624394,2026-07-05T04:10:27.636350+00:00,134.8,41,ask,EarnestEspressos,CostlyCorianders,7857143
2026-07-05T04:10:31.419254,2026-07-05T04:10:31.431424+00:00,135.1,50,bid,FlawlessFlatbreads,EarnestEspressos,7857194
2026-07-05T04:10:33.554332,2026-07-05T04:10:33.563696+00:00,135.1,50,bid,FlawlessFlatbreads,EarnestEspressos,7857222
2026-07-05T04:10:33.780777,2026-07-05T04:10:33.788168+00:00,135.4,45,bid,CostlyCorianders,DiligentDonuts,7857226
2026-07-05T04:10:35.711442,2026-07-05T04:10:35.723319+00:00,135.2,50,ask,DiligentDonuts,FlawlessFlatbreads,7857255
2026-07-05T04:10:37.768429,2026-07-05T04:10:37.780136+00:00,135.4,50,bid,FlawlessFlatbreads,DiligentDonuts,7857281
2026-07-05T04:10:37.806021,2026-07-05T04:10:37.818097+00:00,135.1,48,ask,EarnestEspressos,CostlyCorianders,7857284
2026-07-05T04:10:39.875605,2026-07-05T04:10:39.883277+00:00,135.4,50,bid,FlawlessFlatbreads,DiligentDonuts,7857317
2026-07-05T04:10:39.924518,2026-07-05T04:10:39.935941+00:00,135.6,40,bid,CostlyCorianders,EarnestEspressos,7857319
2026-07-05T04:10:42.037894,2026-07-05T04:10:42.045978+00:00,135.3,50,ask,DiligentDonuts,FlawlessFlatbreads,7857341
2026-07-05T04:10:43.124457,2026-07-05T04:10:43.134791+00:00,135.6,43,bid,CostlyCorianders,EarnestEspressos,7857354
2026-07-05T04:10:44.145569,2026-07-05T04:10:44.152366+00:00,135.3,50,ask,DiligentDonuts,FlawlessFlatbreads,7857363
2026-07-05T04:10:44.646850,2026-07-05T04:10:44.658976+00:00,135.3,45,ask,DiligentDonuts,CostlyCorianders,7857370
2026-07-05T04:10:45.267082,2026-07-05T04:10:45.278876+00:00,135.3,5,ask,DiligentDonuts,CostlyCorianders,7857378
2026-07-05T04:10:45.267082,2026-07-05T04:10:45.278876+00:00,135.2,40,ask,EarnestEspressos,CostlyCorianders,7857379
2026-07-05T04:10:46.257095,2026-07-05T04:10:46.265046+00:00,135.2,50,ask,EarnestEspressos,FlawlessFlatbreads,7857390
2026-07-05T04:10:46.857016,2026-07-05T04:10:46.868906+00:00,135.5,40,bid,CostlyCorianders,DiligentDonuts,7857399
2026-07-05T04:10:47.862147,2026-07-05T04:10:47.869016+00:00,135.1,46,ask,EarnestEspressos,CostlyCorianders,7857410
2026-07-05T04:10:48.365053,2026-07-05T04:10:48.373299+00:00,135.1,50,ask,EarnestEspressos,FlawlessFlatbreads,7857414
2026-07-05T04:10:49.565336,2026-07-05T04:10:49.573030+00:00,135.0,100,ask,DiligentDonuts,EarnestEspressos,7857421
2026-07-05T04:10:49.579215,2026-07-05T04:10:49.589474+00:00,135.0,3,bid,Xuanyu Liu,EarnestEspressos,7857422
2026-07-05T04:10:50.420017,2026-07-05T04:10:50.432523+00:00,135.0,47,bid,FlawlessFlatbreads,EarnestEspressos,7857439
2026-07-05T04:10:50.420017,2026-07-05T04:10:50.432523+00:00,135.1,3,bid,FlawlessFlatbreads,DiligentDonuts,7857440
2026-07-05T04:10:52.529517,2026-07-05T04:10:52.539340+00:00,135.1,50,bid,FlawlessFlatbreads,DiligentDonuts,7857464
2026-07-05T04:10:52.678991,2026-07-05T04:10:52.690278+00:00,135.1,47,bid,EarnestEspressos,DiligentDonuts,7857468
2026-07-05T04:10:54.689695,2026-07-05T04:10:54.698859+00:00,135.2,50,ask,EarnestEspressos,FlawlessFlatbreads,7857493
2026-07-05T04:10:54.861792,2026-07-05T04:10:54.870413+00:00,135.2,3,ask,EarnestEspressos,Xuanyu Liu,7857496
2026-07-05T04:10:55.897751,2026-07-05T04:10:55.909705+00:00,135.1,100,ask,DiligentDonuts,EarnestEspressos,7857510
2026-07-05T04:10:56.170604,2026-07-05T04:10:56.183062+00:00,135.1,3,bid,Xuanyu Liu,EarnestEspressos,7857517
2026-07-05T04:10:58.801316,2026-07-05T04:10:58.809800+00:00,135.1,11,bid,Xuanyu Liu,EarnestEspressos,7857552
2026-07-05T04:10:59.009005,2026-07-05T04:10:59.020928+00:00,135.1,100,bid,EarnestEspressos,DiligentDonuts,7857558
2026-07-05T04:11:00.119217,2026-07-05T04:11:00.129893+00:00,135.4,11,ask,EarnestEspressos,Xuanyu Liu,7857569
2026-07-05T04:11:01.006671,2026-07-05T04:11:01.018070+00:00,135.4,39,ask,EarnestEspressos,FlawlessFlatbreads,7857589
2026-07-05T04:11:01.006671,2026-07-05T04:11:01.018070+00:00,135.2,11,ask,DiligentDonuts,FlawlessFlatbreads,7857590
2026-07-05T04:11:02.225899,2026-07-05T04:11:02.237909+00:00,135.2,89,ask,DiligentDonuts,EarnestEspressos,7857612
2026-07-05T04:11:02.280372,2026-07-05T04:11:02.289634+00:00,135.1,11,bid,Xuanyu Liu,EarnestEspressos,7857613
2026-07-05T04:11:03.116479,2026-07-05T04:11:03.128957+00:00,134.8,50,ask,DiligentDonuts,FlawlessFlatbreads,7857622
2026-07-05T04:11:03.804038,2026-07-05T04:11:03.812755+00:00,135.1,40,bid,CostlyCorianders,EarnestEspressos,7857638
2026-07-05T04:11:04.960767,2026-07-05T04:11:04.972629+00:00,135.1,10,bid,CostlyCorianders,EarnestEspressos,7857652
2026-07-05T04:11:04.960767,2026-07-05T04:11:04.972629+00:00,135.3,30,bid,CostlyCorianders,DiligentDonuts,7857653
2026-07-05T04:11:05.223873,2026-07-05T04:11:05.235683+00:00,134.8,50,ask,DiligentDonuts,FlawlessFlatbreads,7857661
2026-07-05T04:11:05.595529,2026-07-05T04:11:05.608254+00:00,135.3,49,bid,CostlyCorianders,DiligentDonuts,7857673
2026-07-05T04:11:07.330986,2026-07-05T04:11:07.342975+00:00,135.0,50,ask,EarnestEspressos,FlawlessFlatbreads,7857693
2026-07-05T04:11:09.439734,2026-07-05T04:11:09.463991+00:00,134.9,50,ask,EarnestEspressos,FlawlessFlatbreads,7857720
2026-07-05T04:11:10.468979,2026-07-05T04:11:10.476719+00:00,134.9,45,ask,EarnestEspressos,CostlyCorianders,7857734
2026-07-05T04:11:11.504807,2026-07-05T04:11:11.513762+00:00,135.0,49,bid,CostlyCorianders,DiligentDonuts,7857750
2026-07-05T04:11:11.550291,2026-07-05T04:11:11.564015+00:00,134.9,50,ask,EarnestEspressos,FlawlessFlatbreads,7857751
2026-07-05T04:11:11.765481,2026-07-05T04:11:11.775897+00:00,134.7,12,bid,Xuanyu Liu,EarnestEspressos,7857755
2026-07-05T04:11:11.949429,2026-07-05T04:11:11.967012+00:00,134.7,23,bid,Xuanyu Liu,EarnestEspressos,7857760
2026-07-05T04:11:11.999673,2026-07-05T04:11:12.011984+00:00,134.7,100,bid,DiligentDonuts,EarnestEspressos,7857762
2026-07-05T04:11:13.606227,2026-07-05T04:11:13.618283+00:00,134.7,15,bid,FlawlessFlatbreads,EarnestEspressos,7857783
2026-07-05T04:11:13.606227,2026-07-05T04:11:13.618283+00:00,135.3,35,bid,FlawlessFlatbreads,DiligentDonuts,7857784
2026-07-05T04:11:14.834611,2026-07-05T04:11:14.843991+00:00,135.0,23,ask,EarnestEspressos,Xuanyu Liu,7857799
2026-07-05T04:11:15.233992,2026-07-05T04:11:15.246299+00:00,135.0,100,ask,EarnestEspressos,DiligentDonuts,7857803
2026-07-05T04:11:15.679905,2026-07-05T04:11:15.691029+00:00,135.0,27,ask,EarnestEspressos,CostlyCorianders,7857809
2026-07-05T04:11:15.679905,2026-07-05T04:11:15.691029+00:00,134.5,20,ask,DiligentDonuts,CostlyCorianders,7857810
2026-07-05T04:11:15.715350,2026-07-05T04:11:15.727605+00:00,135.5,50,bid,FlawlessFlatbreads,EarnestEspressos,7857811
2026-07-05T04:11:17.823179,2026-07-05T04:11:17.835396+00:00,135.5,50,bid,FlawlessFlatbreads,EarnestEspressos,7857833
2026-07-05T04:11:19.931186,2026-07-05T04:11:19.938805+00:00,135.1,50,bid,FlawlessFlatbreads,EarnestEspressos,7857870
2026-07-05T04:11:21.164871,2026-07-05T04:11:21.173058+00:00,135.0,23,ask,EarnestEspressos,Xuanyu Liu,7857886
2026-07-05T04:11:21.564518,2026-07-05T04:11:21.573323+00:00,135.0,100,ask,EarnestEspressos,DiligentDonuts,7857892
2026-07-05T04:11:21.865407,2026-07-05T04:11:21.877125+00:00,135.0,27,ask,EarnestEspressos,CostlyCorianders,7857899
2026-07-05T04:11:21.865407,2026-07-05T04:11:21.877125+00:00,134.5,17,ask,DiligentDonuts,CostlyCorianders,7857900
2026-07-05T04:11:22.037052,2026-07-05T04:11:22.049468+00:00,135.5,50,bid,FlawlessFlatbreads,EarnestEspressos,7857902
2026-07-05T04:11:24.455873,2026-07-05T04:11:24.458661+00:00,134.9,49,bid,CostlyCorianders,EarnestEspressos,7857935
2026-07-05T04:11:28.390356,2026-07-05T04:11:28.401409+00:00,135.1,50,bid,FlawlessFlatbreads,EarnestEspressos,7857981
2026-07-05T04:11:30.497181,2026-07-05T04:11:30.508915+00:00,135.1,50,bid,FlawlessFlatbreads,EarnestEspressos,7858009
2026-07-05T04:11:32.620342,2026-07-05T04:11:32.631324+00:00,135.3,50,bid,FlawlessFlatbreads,DiligentDonuts,7858045
2026-07-05T04:11:33.530945,2026-07-05T04:11:33.542881+00:00,134.9,45,ask,EarnestEspressos,CostlyCorianders,7858053
2026-07-05T04:11:34.561790,2026-07-05T04:11:34.573577+00:00,135.1,41,bid,CostlyCorianders,EarnestEspressos,7858072
2026-07-05T04:11:34.726681,2026-07-05T04:11:34.738858+00:00,135.1,50,bid,FlawlessFlatbreads,EarnestEspressos,7858074
2026-07-05T04:11:35.593187,2026-07-05T04:11:35.608431+00:00,134.8,3,ask,DiligentDonuts,Xuanyu Liu,7858084
2026-07-05T04:11:36.835840,2026-07-05T04:11:36.847779+00:00,135.1,50,bid,FlawlessFlatbreads,EarnestEspressos,7858100
2026-07-05T04:11:37.138753,2026-07-05T04:11:37.151124+00:00,135.1,42,ask,EarnestEspressos,CostlyCorianders,7858105
2026-07-05T04:11:38.187766,2026-07-05T04:11:38.199834+00:00,135.2,47,bid,CostlyCorianders,DiligentDonuts,7858114
2026-07-05T04:11:38.244390,2026-07-05T04:11:38.258592+00:00,135.1,42,ask,EarnestEspressos,CostlyCorianders,7858117
2026-07-05T04:11:38.994097,2026-07-05T04:11:39.006171+00:00,135.1,50,ask,EarnestEspressos,FlawlessFlatbreads,7858122
2026-07-05T04:11:40.948747,2026-07-05T04:11:40.960894+00:00,135.1,41,ask,DiligentDonuts,CostlyCorianders,7858140
2026-07-05T04:11:41.102857,2026-07-05T04:11:41.114338+00:00,135.1,50,ask,DiligentDonuts,FlawlessFlatbreads,7858144
2026-07-05T04:11:42.097961,2026-07-05T04:11:42.107913+00:00,135.3,45,bid,CostlyCorianders,EarnestEspressos,7858151
2026-07-05T04:11:42.693368,2026-07-05T04:11:42.705777+00:00,135.3,47,bid,CostlyCorianders,EarnestEspressos,7858158
2026-07-05T04:11:43.210093,2026-07-05T04:11:43.222285+00:00,135.1,9,ask,DiligentDonuts,FlawlessFlatbreads,7858163
2026-07-05T04:11:43.210093,2026-07-05T04:11:43.222285+00:00,134.8,41,ask,EarnestEspressos,FlawlessFlatbreads,7858164
2026-07-05T04:11:44.946079,2026-07-05T04:11:44.958576+00:00,135.1,44,ask,EarnestEspressos,CostlyCorianders,7858183
2026-07-05T04:11:45.333689,2026-07-05T04:11:45.345478+00:00,135.1,50,ask,EarnestEspressos,FlawlessFlatbreads,7858185
2026-07-05T04:11:47.148112,2026-07-05T04:11:47.168709+00:00,134.6,43,ask,DiligentDonuts,CostlyCorianders,7858206
2026-07-05T04:11:47.745302,2026-07-05T04:11:47.752793+00:00,135.0,42,bid,CostlyCorianders,EarnestEspressos,7858217
2026-07-05T04:11:49.493740,2026-07-05T04:11:49.505690+00:00,135.0,50,bid,FlawlessFlatbreads,EarnestEspressos,7858239
2026-07-05T04:11:50.858303,2026-07-05T04:11:50.880574+00:00,135.0,46,bid,CostlyCorianders,DiligentDonuts,7858251
2026-07-05T04:11:51.397717,2026-07-05T04:11:51.412001+00:00,134.9,45,ask,EarnestEspressos,CostlyCorianders,7858254
2026-07-05T04:11:51.687652,2026-07-05T04:11:51.699378+00:00,134.9,50,ask,EarnestEspressos,FlawlessFlatbreads,7858259
2026-07-05T04:11:51.999928,2026-07-05T04:11:52.009415+00:00,134.9,41,ask,EarnestEspressos,CostlyCorianders,7858261
2026-07-05T04:11:53.804658,2026-07-05T04:11:53.817076+00:00,134.8,50,ask,DiligentDonuts,FlawlessFlatbreads,7858280
2026-07-05T04:11:54.039115,2026-07-05T04:11:54.068718+00:00,134.9,46,bid,CostlyCorianders,EarnestEspressos,7858284
2026-07-05T04:11:54.635144,2026-07-05T04:11:54.647171+00:00,134.9,42,bid,CostlyCorianders,EarnestEspressos,7858291
2026-07-05T04:11:55.862557,2026-07-05T04:11:55.874635+00:00,134.9,50,bid,FlawlessFlatbreads,EarnestEspressos,7858305
2026-07-05T04:11:57.739642,2026-07-05T04:11:57.733332+00:00,134.8,45,ask,EarnestEspressos,CostlyCorianders,7858325
2026-07-05T04:11:58.043165,2026-07-05T04:11:58.063863+00:00,134.8,50,ask,EarnestEspressos,FlawlessFlatbreads,7858332
2026-07-05T04:11:58.883829,2026-07-05T04:11:58.895706+00:00,135.0,47,bid,CostlyCorianders,DiligentDonuts,7858336
2026-07-05T04:11:58.939323,2026-07-05T04:11:58.969238+00:00,134.8,49,ask,EarnestEspressos,CostlyCorianders,7858337
2026-07-05T04:11:59.859144,2026-07-05T04:11:59.871271+00:00,134.8,44,bid,CostlyCorianders,EarnestEspressos,7858351
2026-07-05T04:12:00.151584,2026-07-05T04:12:00.163788+00:00,134.7,50,ask,DiligentDonuts,FlawlessFlatbreads,7858359
2026-07-05T04:12:01.631271,2026-07-05T04:12:01.663704+00:00,134.7,46,ask,DiligentDonuts,CostlyCorianders,7858377
2026-07-05T04:12:02.294962,2026-07-05T04:12:02.308759+00:00,134.7,4,ask,DiligentDonuts,FlawlessFlatbreads,7858382
2026-07-05T04:12:03.084661,2026-07-05T04:12:03.096826+00:00,134.4,46,ask,EarnestEspressos,CostlyCorianders,7858392
2026-07-05T04:12:03.165129,2026-07-05T04:12:03.175008+00:00,134.8,3,bid,Xuanyu Liu,DiligentDonuts,7858395
2026-07-05T04:12:04.402357,2026-07-05T04:12:04.458729+00:00,134.4,50,ask,EarnestEspressos,FlawlessFlatbreads,7858409
2026-07-05T04:12:05.182074,2026-07-05T04:12:05.189944+00:00,134.8,46,bid,CostlyCorianders,DiligentDonuts,7858417
2026-07-05T04:12:05.584591,2026-07-05T04:12:05.596709+00:00,134.6,23,bid,Xuanyu Liu,EarnestEspressos,7858419
2026-07-05T04:12:05.858404,2026-07-05T04:12:05.870137+00:00,134.6,100,bid,DiligentDonuts,EarnestEspressos,7858425
2026-07-05T04:12:05.905710,2026-07-05T04:12:05.918671+00:00,134.6,11,bid,Xuanyu Liu,EarnestEspressos,7858428
2026-07-05T04:12:06.549536,2026-07-05T04:12:06.565652+00:00,134.1,50,ask,EarnestEspressos,FlawlessFlatbreads,7858436
2026-07-05T04:12:07.697379,2026-07-05T04:12:07.706634+00:00,134.6,12,bid,Xuanyu Liu,EarnestEspressos,7858453
2026-07-05T04:12:08.404351,2026-07-05T04:12:08.413369+00:00,134.6,4,bid,Xuanyu Liu,EarnestEspressos,7858468
2026-07-05T04:12:08.694123,2026-07-05T04:12:08.710281+00:00,134.8,4,ask,EarnestEspressos,Xuanyu Liu,7858472
2026-07-05T04:12:09.882534,2026-07-05T04:12:09.893253+00:00,135.1,45,bid,CostlyCorianders,DiligentDonuts,7858494
2026-07-05T04:12:10.762092,2026-07-05T04:12:10.773916+00:00,134.8,50,ask,EarnestEspressos,FlawlessFlatbreads,7858506
2026-07-05T04:12:10.901250,2026-07-05T04:12:10.923127+00:00,134.8,40,ask,EarnestEspressos,CostlyCorianders,7858509
2026-07-05T04:12:14.467341,2026-07-05T04:12:14.480130+00:00,135.0,2,bid,Harold Schneider,EarnestEspressos,7858551
2026-07-05T04:12:14.957868,2026-07-05T04:12:14.975393+00:00,134.7,12,ask,DiligentDonuts,Xuanyu Liu,7858560
2026-07-05T04:12:15.005187,2026-07-05T04:12:15.017329+00:00,134.7,50,ask,DiligentDonuts,FlawlessFlatbreads,7858563
2026-07-05T04:12:16.213349,2026-07-05T04:12:16.225086+00:00,134.8,43,bid,CostlyCorianders,EarnestEspressos,7858577
2026-07-05T04:12:17.112938,2026-07-05T04:12:17.125217+00:00,134.3,50,ask,EarnestEspressos,FlawlessFlatbreads,7858582
2026-07-05T04:12:17.154008,2026-07-05T04:12:17.166288+00:00,134.8,41,bid,CostlyCorianders,EarnestEspressos,7858583
2026-07-05T04:12:19.249293,2026-07-05T04:12:19.254700+00:00,134.4,50,ask,EarnestEspressos,FlawlessFlatbreads,7858612
2026-07-05T04:12:19.479649,2026-07-05T04:12:19.492338+00:00,134.8,2,bid,Harold Schneider,DiligentDonuts,7858613
2026-07-05T04:12:20.230964,2026-07-05T04:12:20.243142+00:00,134.4,41,ask,EarnestEspressos,CostlyCorianders,7858623
2026-07-05T04:12:21.304029,2026-07-05T04:12:21.315920+00:00,134.8,50,bid,FlawlessFlatbreads,DiligentDonuts,7858636
2026-07-05T04:12:21.559496,2026-07-05T04:12:21.570747+00:00,134.4,12,bid,Xuanyu Liu,EarnestEspressos,7858642
2026-07-05T04:12:21.676382,2026-07-05T04:12:21.684311+00:00,134.4,100,bid,DiligentDonuts,EarnestEspressos,7858646
2026-07-05T04:12:22.418645,2026-07-05T04:12:22.430848+00:00,134.4,38,bid,CostlyCorianders,EarnestEspressos,7858653
2026-07-05T04:12:24.890364,2026-07-05T04:12:24.902382+00:00,134.7,100,ask,EarnestEspressos,DiligentDonuts,7858682
2026-07-05T04:12:25.569518,2026-07-05T04:12:25.581543+00:00,134.7,50,ask,EarnestEspressos,FlawlessFlatbreads,7858696
2026-07-05T04:12:27.706048,2026-07-05T04:12:27.716355+00:00,134.2,50,ask,DiligentDonuts,FlawlessFlatbreads,7858722
2026-07-05T04:12:28.778502,2026-07-05T04:12:28.790504+00:00,134.3,41,ask,DiligentDonuts,CostlyCorianders,7858727
2026-07-05T04:12:29.283570,2026-07-05T04:12:29.294148+00:00,134.5,45,bid,CostlyCorianders,EarnestEspressos,7858733
2026-07-05T04:12:29.515663,2026-07-05T04:12:29.531285+00:00,134.5,11,bid,Xuanyu Liu,EarnestEspressos,7858738
2026-07-05T04:12:29.813936,2026-07-05T04:12:29.825911+00:00,134.3,50,ask,DiligentDonuts,FlawlessFlatbreads,7858746
2026-07-05T04:12:31.391780,2026-07-05T04:12:31.403884+00:00,134.3,43,ask,EarnestEspressos,CostlyCorianders,7858757
2026-07-05T04:12:31.871173,2026-07-05T04:12:31.877888+00:00,134.6,50,bid,FlawlessFlatbreads,DiligentDonuts,7858764
2026-07-05T04:12:34.002948,2026-07-05T04:12:34.014711+00:00,134.6,50,bid,FlawlessFlatbreads,DiligentDonuts,7858788
2026-07-05T04:12:34.596438,2026-07-05T04:12:34.608199+00:00,134.4,49,ask,DiligentDonuts,CostlyCorianders,7858798
2026-07-05T04:12:36.109792,2026-07-05T04:12:36.121947+00:00,134.6,50,bid,FlawlessFlatbreads,EarnestEspressos,7858813
2026-07-05T04:12:38.253935,2026-07-05T04:12:38.266136+00:00,134.8,50,bid,FlawlessFlatbreads,DiligentDonuts,7858837
2026-07-05T04:12:39.283521,2026-07-05T04:12:39.295585+00:00,134.8,47,bid,CostlyCorianders,DiligentDonuts,7858855
2026-07-05T04:12:39.845254,2026-07-05T04:12:39.857105+00:00,134.8,3,bid,CostlyCorianders,DiligentDonuts,7858859
2026-07-05T04:12:39.845254,2026-07-05T04:12:39.857105+00:00,135.0,42,bid,CostlyCorianders,EarnestEspressos,7858860
2026-07-05T04:12:41.282090,2026-07-05T04:12:41.293517+00:00,135.0,11,ask,DiligentDonuts,Xuanyu Liu,7858876
2026-07-05T04:12:41.374806,2026-07-05T04:12:41.387170+00:00,135.0,49,ask,DiligentDonuts,CostlyCorianders,7858879
2026-07-05T04:12:42.472230,2026-07-05T04:12:42.484227+00:00,135.4,50,bid,FlawlessFlatbreads,EarnestEspressos,7858895
2026-07-05T04:12:42.603647,2026-07-05T04:12:42.617773+00:00,135.0,40,ask,DiligentDonuts,CostlyCorianders,7858899
2026-07-05T04:12:42.603647,2026-07-05T04:12:42.617773+00:00,134.9,9,ask,EarnestEspressos,CostlyCorianders,7858900
2026-07-05T04:12:44.561124,2026-07-05T04:12:44.572583+00:00,135.2,47,bid,CostlyCorianders,DiligentDonuts,7858929
2026-07-05T04:12:44.579761,2026-07-05T04:12:44.592065+00:00,135.2,50,bid,FlawlessFlatbreads,DiligentDonuts,7858930
2026-07-05T04:12:46.086864,2026-07-05T04:12:46.098609+00:00,135.1,47,ask,EarnestEspressos,CostlyCorianders,7858948
2026-07-05T04:12:47.149099,2026-07-05T04:12:47.156030+00:00,135.5,45,bid,CostlyCorianders,EarnestEspressos,7858963
2026-07-05T04:12:47.837460,2026-07-05T04:12:47.846623+00:00,135.1,12,ask,DiligentDonuts,Xuanyu Liu,7858972
2026-07-05T04:12:48.819178,2026-07-05T04:12:48.826611+00:00,135.5,50,bid,FlawlessFlatbreads,EarnestEspressos,7858982
2026-07-05T04:12:49.159513,2026-07-05T04:12:49.169979+00:00,135.1,11,ask,DiligentDonuts,Xuanyu Liu,7858991
2026-07-05T04:12:49.886598,2026-07-05T04:12:49.896711+00:00,135.1,44,ask,DiligentDonuts,CostlyCorianders,7858998
2026-07-05T04:12:50.230324,2026-07-05T04:12:50.242337+00:00,135.1,100,ask,EarnestEspressos,DiligentDonuts,7859005
2026-07-05T04:12:50.474585,2026-07-05T04:12:50.486611+00:00,135.6,48,bid,CostlyCorianders,EarnestEspressos,7859011
2026-07-05T04:12:50.952641,2026-07-05T04:12:50.965147+00:00,135.6,50,bid,FlawlessFlatbreads,EarnestEspressos,7859018
2026-07-05T04:12:51.534529,2026-07-05T04:12:51.543352+00:00,135.1,46,ask,EarnestEspressos,CostlyCorianders,7859028
2026-07-05T04:12:52.527274,2026-07-05T04:12:52.536542+00:00,135.6,48,bid,CostlyCorianders,EarnestEspressos,7859048
2026-07-05T04:12:54.402166,2026-07-05T04:12:54.412281+00:00,135.1,26,ask,EarnestEspressos,Xuanyu Liu,7859074
2026-07-05T04:12:55.175786,2026-07-05T04:12:55.187485+00:00,135.4,50,bid,FlawlessFlatbreads,DiligentDonuts,7859089
2026-07-05T04:12:55.589517,2026-07-05T04:12:55.597244+00:00,135.1,48,ask,EarnestEspressos,CostlyCorianders,7859099
2026-07-05T04:12:56.072814,2026-07-05T04:12:56.080480+00:00,135.1,42,ask,EarnestEspressos,CostlyCorianders,7859108
2026-07-05T04:12:56.229846,2026-07-05T04:12:56.253176+00:00,134.9,100,ask,DiligentDonuts,EarnestEspressos,7859111
2026-07-05T04:12:56.242948,2026-07-05T04:12:56.253176+00:00,134.7,3,bid,Xuanyu Liu,EarnestEspressos,7859112
2026-07-05T04:12:56.716167,2026-07-05T04:12:56.725172+00:00,134.7,44,bid,CostlyCorianders,EarnestEspressos,7859121
2026-07-05T04:12:57.285737,2026-07-05T04:12:57.295276+00:00,134.7,3,bid,FlawlessFlatbreads,EarnestEspressos,7859130
2026-07-05T04:12:57.285737,2026-07-05T04:12:57.295276+00:00,134.8,47,bid,FlawlessFlatbreads,DiligentDonuts,7859131
2026-07-05T04:12:58.337521,2026-07-05T04:12:58.346479+00:00,134.8,5,bid,Xuanyu Liu,DiligentDonuts,7859149
2026-07-05T04:12:59.407712,2026-07-05T04:12:59.417228+00:00,135.0,5,ask,EarnestEspressos,Xuanyu Liu,7859166
2026-07-05T04:12:59.485018,2026-07-05T04:12:59.496418+00:00,135.0,50,ask,EarnestEspressos,FlawlessFlatbreads,7859171
2026-07-05T04:12:59.642652,2026-07-05T04:12:59.652260+00:00,135.0,3,ask,EarnestEspressos,Xuanyu Liu,7859175
2026-07-05T04:13:01.540532,2026-07-05T04:13:01.552527+00:00,135.2,50,bid,FlawlessFlatbreads,DiligentDonuts,7859194
2026-07-05T04:13:03.151186,2026-07-05T04:13:03.162912+00:00,134.5,46,ask,DiligentDonuts,CostlyCorianders,7859218
2026-07-05T04:13:03.641723,2026-07-05T04:13:03.649207+00:00,134.9,42,bid,CostlyCorianders,EarnestEspressos,7859228
2026-07-05T04:13:03.661856,2026-07-05T04:13:03.673789+00:00,134.9,50,bid,FlawlessFlatbreads,EarnestEspressos,7859229
