timestamp,recv_time,price,volume,aggressor_side,buyer,seller,trade_id
2026-06-29T09:59:59.671421,2026-06-29T00:00:00.121387+00:00,99.0,50,ask,,,11765591
2026-06-29T10:00:00.867862,2026-06-29T00:00:01.320387+00:00,99.0,48,ask,,,11765616
2026-06-29T10:00:03.881138,2026-06-29T00:00:04.333814+00:00,98.7,50,ask,,,11765668
2026-06-29T10:00:05.989266,2026-06-29T00:00:06.434826+00:00,98.8,50,ask,,,11765709
2026-06-29T10:00:06.693630,2026-06-29T00:00:07.138826+00:00,99.0,4,bid,,,11765721
2026-06-29T10:00:06.693630,2026-06-29T00:00:07.138826+00:00,99.2,38,bid,,,11765722
2026-06-29T10:00:07.337778,2026-06-29T00:00:07.787826+00:00,98.8,46,ask,,,11765735
2026-06-29T10:00:08.095463,2026-06-29T00:00:08.545408+00:00,98.8,4,ask,,,11765751
2026-06-29T10:00:08.095463,2026-06-29T00:00:08.556408+00:00,98.7,46,ask,,,11765752
2026-06-29T10:00:08.434858,2026-06-29T00:00:08.886408+00:00,99.0,2,bid,,,11765757
2026-06-29T10:00:08.434858,2026-06-29T00:00:08.886408+00:00,99.1,39,bid,,,11765758
2026-06-29T10:00:10.055328,2026-06-29T00:00:10.502933+00:00,99.0,41,bid,,,11765791
2026-06-29T10:00:11.142336,2026-06-29T00:00:11.591933+00:00,98.6,49,ask,,,11765805
2026-06-29T10:00:12.255928,2026-06-29T00:00:12.702953+00:00,98.8,50,bid,,,11765823
2026-06-29T10:00:12.554669,2026-06-29T00:00:12.999953+00:00,98.8,45,bid,,,11765836
2026-06-29T10:00:14.007244,2026-06-29T00:00:14.463037+00:00,98.8,48,bid,,,11765865
2026-06-29T10:00:14.362861,2026-06-29T00:00:14.815037+00:00,98.8,7,bid,,,11765869
2026-06-29T10:00:14.362861,2026-06-29T00:00:14.815037+00:00,98.8,43,bid,,,11765870
2026-06-29T10:00:14.509802,2026-06-29T00:00:14.958037+00:00,98.8,57,bid,,,11765873
2026-06-29T10:00:14.509802,2026-06-29T00:00:14.958037+00:00,99.0,2,bid,,,11765874
2026-06-29T10:00:14.531733,2026-06-29T00:00:14.980037+00:00,99.1,2,ask,,,11765875
2026-06-29T10:00:14.560007,2026-06-29T00:00:15.013038+00:00,99.1,2,ask,,,11765877
2026-06-29T10:00:14.597689,2026-06-29T00:00:15.046037+00:00,99.1,1,ask,,,11765879
2026-06-29T10:00:14.623441,2026-06-29T00:00:15.079037+00:00,99.1,2,ask,,,11765880
2026-06-29T10:00:14.644374,2026-06-29T00:00:15.090037+00:00,99.1,42,ask,,,11765883
2026-06-29T10:00:14.661222,2026-06-29T00:00:15.112037+00:00,99.1,1,ask,,,11765884
2026-06-29T10:00:14.770332,2026-06-29T00:00:15.222037+00:00,99.1,2,ask,,,11765893
2026-06-29T10:00:14.975105,2026-06-29T00:00:15.420037+00:00,99.1,1,ask,,,11765899
2026-06-29T10:00:16.472105,2026-06-29T00:00:16.915947+00:00,99.4,50,bid,,,11765931
2026-06-29T10:00:17.742268,2026-06-29T00:00:18.190612+00:00,98.9,100,ask,,,11765963
2026-06-29T10:00:18.579866,2026-06-29T00:00:19.026620+00:00,98.9,50,bid,,,11765995
2026-06-29T10:00:18.962516,2026-06-29T00:00:19.411620+00:00,98.6,4,ask,,,11766000
2026-06-29T10:00:18.962516,2026-06-29T00:00:19.411620+00:00,98.6,42,ask,,,11766001
2026-06-29T10:00:20.687457,2026-06-29T00:00:21.139008+00:00,99.1,50,bid,,,11766038
2026-06-29T10:00:21.092017,2026-06-29T00:00:21.546008+00:00,99.1,49,bid,,,11766049
2026-06-29T10:00:22.843570,2026-06-29T00:00:23.294143+00:00,99.0,50,ask,,,11766078
2026-06-29T10:00:23.623896,2026-06-29T00:00:24.075134+00:00,99.0,45,ask,,,11766089
2026-06-29T10:00:24.950741,2026-06-29T00:00:25.395143+00:00,98.7,5,ask,,,11766115
2026-06-29T10:00:24.950741,2026-06-29T00:00:25.406143+00:00,98.7,45,ask,,,11766116
2026-06-29T10:00:25.056879,2026-06-29T00:00:25.505144+00:00,99.2,45,bid,,,11766117
2026-06-29T10:00:27.059726,2026-06-29T00:00:27.506713+00:00,98.7,50,ask,,,11766157
2026-06-29T10:00:29.166745,2026-06-29T00:00:29.617869+00:00,98.8,50,ask,,,11766190
2026-06-29T10:00:29.693959,2026-06-29T00:00:30.145869+00:00,98.8,46,ask,,,11766206
2026-06-29T10:00:30.743880,2026-06-29T00:00:31.190403+00:00,98.7,4,ask,,,11766223
2026-06-29T10:00:31.272325,2026-06-29T00:00:31.718394+00:00,98.7,5,ask,,,11766231
2026-06-29T10:00:31.272325,2026-06-29T00:00:31.718394+00:00,98.5,45,ask,,,11766232
2026-06-29T10:00:32.828741,2026-06-29T00:00:33.279993+00:00,98.7,4,ask,,,11766260
2026-06-29T10:00:35.486241,2026-06-29T00:00:35.931002+00:00,98.6,1,ask,,,11766303
2026-06-29T10:00:35.486241,2026-06-29T00:00:35.942002+00:00,98.2,49,ask,,,11766304
2026-06-29T10:00:36.563771,2026-06-29T00:00:37.008576+00:00,98.7,42,bid,,,11766331
2026-06-29T10:00:37.825313,2026-06-29T00:00:38.273232+00:00,98.5,48,ask,,,11766347
2026-06-29T10:00:39.660403,2026-06-29T00:00:40.110252+00:00,98.8,4,bid,,,11766386
2026-06-29T10:00:39.660403,2026-06-29T00:00:40.110252+00:00,98.9,46,bid,,,11766387
2026-06-29T10:00:39.955099,2026-06-29T00:00:40.407252+00:00,99.0,41,bid,,,11766389
2026-06-29T10:00:41.769104,2026-06-29T00:00:42.222252+00:00,99.2,50,bid,,,11766422
2026-06-29T10:00:43.341853,2026-06-29T00:00:43.794053+00:00,98.9,4,ask,,,11766449
2026-06-29T10:00:43.419423,2026-06-29T00:00:43.871053+00:00,98.9,4,ask,,,11766453
2026-06-29T10:00:43.469682,2026-06-29T00:00:43.915053+00:00,98.9,4,ask,,,11766454
2026-06-29T10:00:43.773634,2026-06-29T00:00:44.223053+00:00,98.9,4,ask,,,11766463
2026-06-29T10:00:43.876975,2026-06-29T00:00:44.322053+00:00,99.1,50,bid,,,11766464
2026-06-29T10:00:43.985896,2026-06-29T00:00:44.432053+00:00,98.9,4,ask,,,11766465
2026-06-29T10:00:44.503553,2026-06-29T00:00:44.949053+00:00,99.0,3,bid,,,11766477
2026-06-29T10:00:44.503553,2026-06-29T00:00:44.949053+00:00,99.1,42,bid,,,11766478
2026-06-29T10:00:45.572516,2026-06-29T00:00:46.027045+00:00,98.9,45,ask,,,11766501
2026-06-29T10:00:45.985403,2026-06-29T00:00:46.433593+00:00,99.0,3,bid,,,11766507
2026-06-29T10:00:45.985403,2026-06-29T00:00:46.433593+00:00,99.1,8,bid,,,11766508
2026-06-29T10:00:45.985403,2026-06-29T00:00:46.433593+00:00,99.4,39,bid,,,11766509
2026-06-29T10:00:47.106951,2026-06-29T00:00:47.555613+00:00,99.1,42,bid,,,11766528
2026-06-29T10:00:48.096104,2026-06-29T00:00:48.544875+00:00,99.1,50,bid,,,11766548
2026-06-29T10:00:49.326882,2026-06-29T00:00:49.776895+00:00,99.2,100,bid,,,11766574
2026-06-29T10:00:50.201339,2026-06-29T00:00:50.645886+00:00,99.7,50,bid,,,11766598
2026-06-29T10:00:51.564094,2026-06-29T00:00:52.009429+00:00,99.2,5,ask,,,11766615
2026-06-29T10:00:52.357386,2026-06-29T00:00:52.812419+00:00,99.2,45,ask,,,11766634
2026-06-29T10:00:52.357386,2026-06-29T00:00:52.812419+00:00,99.2,5,ask,,,11766635
2026-06-29T10:00:52.542944,2026-06-29T00:00:52.988419+00:00,99.2,95,ask,,,11766639
2026-06-29T10:00:56.569053,2026-06-29T00:00:57.024075+00:00,98.9,50,ask,,,11766724
2026-06-29T10:00:57.788119,2026-06-29T00:00:58.233716+00:00,98.9,49,ask,,,11766751
2026-06-29T10:00:58.676499,2026-06-29T00:00:59.124716+00:00,98.9,50,ask,,,11766764
2026-06-29T10:01:00.734060,2026-06-29T00:01:01.181736+00:00,98.8,50,bid,,,11766795
2026-06-29T10:01:01.299339,2026-06-29T00:01:01.753736+00:00,98.7,48,ask,,,11766798
2026-06-29T10:01:02.739410,2026-06-29T00:01:03.193854+00:00,99.3,49,bid,,,11766807
2026-06-29T10:01:02.890626,2026-06-29T00:01:03.336854+00:00,98.8,50,ask,,,11766808
2026-06-29T10:01:04.997504,2026-06-29T00:01:05.446874+00:00,98.8,50,ask,,,11766839
2026-06-29T10:01:06.390984,2026-06-29T00:01:06.843895+00:00,98.8,42,ask,,,11766867
2026-06-29T10:01:07.104495,2026-06-29T00:01:07.558894+00:00,98.8,50,ask,,,11766872
2026-06-29T10:01:08.449233,2026-06-29T00:01:08.898981+00:00,99.1,45,bid,,,11766894
2026-06-29T10:01:09.211696,2026-06-29T00:01:09.657981+00:00,98.8,2,ask,,,11766905
2026-06-29T10:01:09.211696,2026-06-29T00:01:09.657981+00:00,98.6,48,ask,,,11766906
2026-06-29T10:01:09.449951,2026-06-29T00:01:09.899981+00:00,98.8,2,ask,,,11766907
2026-06-29T10:01:11.319991,2026-06-29T00:01:11.769982+00:00,98.8,2,ask,,,11766942
2026-06-29T10:01:11.319991,2026-06-29T00:01:11.769982+00:00,98.6,48,ask,,,11766943
2026-06-29T10:01:13.233676,2026-06-29T00:01:13.683109+00:00,98.8,44,bid,,,11766964
2026-06-29T10:01:13.288630,2026-06-29T00:01:13.738109+00:00,98.7,41,ask,,,11766965
2026-06-29T10:01:14.322209,2026-06-29T00:01:14.770642+00:00,98.8,44,bid,,,11766975
2026-06-29T10:01:17.596450,2026-06-29T00:01:18.048205+00:00,98.9,50,bid,,,11767010
2026-06-29T10:01:17.960299,2026-06-29T00:01:18.411340+00:00,98.7,40,ask,,,11767014
2026-06-29T10:01:18.562260,2026-06-29T00:01:19.016340+00:00,99.0,21,bid,,,11767026
2026-06-29T10:01:18.562260,2026-06-29T00:01:19.016340+00:00,99.0,25,bid,,,11767027
2026-06-29T10:01:19.756000,2026-06-29T00:01:20.204351+00:00,98.7,50,ask,,,11767037
2026-06-29T10:01:21.039367,2026-06-29T00:01:21.490885+00:00,98.7,3,ask,,,11767065
2026-06-29T10:01:21.874401,2026-06-29T00:01:22.326894+00:00,98.4,50,ask,,,11767076
2026-06-29T10:01:23.908695,2026-06-29T00:01:24.360635+00:00,98.4,44,ask,,,11767121
2026-06-29T10:01:23.931303,2026-06-29T00:01:24.382635+00:00,98.7,50,bid,,,11767122
2026-06-29T10:01:25.271389,2026-06-29T00:01:25.724634+00:00,98.5,41,ask,,,11767153
2026-06-29T10:01:26.039880,2026-06-29T00:01:26.494713+00:00,98.7,50,bid,,,11767167
2026-06-29T10:01:27.904466,2026-06-29T00:01:28.353381+00:00,98.7,41,bid,,,11767204
2026-06-29T10:01:28.145512,2026-06-29T00:01:28.595381+00:00,98.7,50,bid,,,11767209
2026-06-29T10:01:28.448916,2026-06-29T00:01:28.903382+00:00,98.7,48,bid,,,11767210
2026-06-29T10:01:29.586613,2026-06-29T00:01:30.036381+00:00,98.4,41,ask,,,11767229
2026-06-29T10:01:30.252884,2026-06-29T00:01:30.707382+00:00,98.7,11,bid,,,11767241
2026-06-29T10:01:30.252884,2026-06-29T00:01:30.707382+00:00,98.9,5,bid,,,11767242
2026-06-29T10:01:30.252884,2026-06-29T00:01:30.707382+00:00,98.9,34,bid,,,11767243
2026-06-29T10:01:30.496443,2026-06-29T00:01:30.949381+00:00,98.8,4,bid,,,11767255
2026-06-29T10:01:30.496443,2026-06-29T00:01:30.949381+00:00,98.9,66,bid,,,11767256
2026-06-29T10:01:30.941946,2026-06-29T00:01:31.389381+00:00,98.9,4,ask,,,11767261
2026-06-29T10:01:31.271976,2026-06-29T00:01:31.719381+00:00,98.9,4,ask,,,11767270
2026-06-29T10:01:31.354688,2026-06-29T00:01:31.807381+00:00,98.9,4,ask,,,11767271
2026-06-29T10:01:32.376794,2026-06-29T00:01:32.830392+00:00,99.0,50,bid,,,11767301
2026-06-29T10:01:34.306283,2026-06-29T00:01:34.754936+00:00,98.7,41,ask,,,11767342
2026-06-29T10:01:36.313546,2026-06-29T00:01:36.766725+00:00,99.1,44,bid,,,11767382
2026-06-29T10:01:36.589673,2026-06-29T00:01:37.041725+00:00,99.1,50,bid,,,11767394
2026-06-29T10:01:37.434535,2026-06-29T00:01:37.888259+00:00,99.0,49,ask,,,11767414
2026-06-29T10:01:38.460038,2026-06-29T00:01:38.910542+00:00,99.0,2,ask,,,11767424
2026-06-29T10:01:38.572482,2026-06-29T00:01:39.031542+00:00,99.0,2,ask,,,11767428
2026-06-29T10:01:38.694634,2026-06-29T00:01:39.141542+00:00,99.1,50,bid,,,11767433
2026-06-29T10:01:40.801547,2026-06-29T00:01:41.253542+00:00,99.3,50,bid,,,11767477
2026-06-29T10:01:41.693847,2026-06-29T00:01:42.144542+00:00,99.3,44,bid,,,11767491
2026-06-29T10:01:42.962899,2026-06-29T00:01:43.407792+00:00,98.9,50,ask,,,11767513
2026-06-29T10:01:43.442910,2026-06-29T00:01:43.891791+00:00,99.2,100,bid,,,11767528
2026-06-29T10:01:43.720981,2026-06-29T00:01:44.166792+00:00,98.7,2,ask,,,11767534
2026-06-29T10:01:43.720981,2026-06-29T00:01:44.166792+00:00,98.7,44,ask,,,11767535
2026-06-29T10:01:45.070588,2026-06-29T00:01:45.519791+00:00,98.7,50,ask,,,11767557
2026-06-29T10:01:47.177590,2026-06-29T00:01:47.630380+00:00,98.8,50,ask,,,11767592
2026-06-29T10:01:47.568732,2026-06-29T00:01:48.015381+00:00,99.2,49,bid,,,11767598
2026-06-29T10:01:49.284110,2026-06-29T00:01:49.731030+00:00,98.8,50,ask,,,11767633
2026-06-29T10:01:49.438748,2026-06-29T00:01:49.885031+00:00,98.8,4,ask,,,11767637
2026-06-29T10:01:49.438748,2026-06-29T00:01:49.885031+00:00,98.7,45,ask,,,11767638
2026-06-29T10:01:50.962596,2026-06-29T00:01:51.414030+00:00,99.1,46,bid,,,11767675
2026-06-29T10:01:51.391526,2026-06-29T00:01:51.843030+00:00,98.8,3,ask,,,11767684
2026-06-29T10:01:51.391526,2026-06-29T00:01:51.843030+00:00,98.7,47,ask,,,11767685
2026-06-29T10:01:52.512021,2026-06-29T00:01:52.965030+00:00,99.1,43,bid,,,11767715
2026-06-29T10:01:53.500405,2026-06-29T00:01:53.955175+00:00,98.9,50,ask,,,11767748
2026-06-29T10:01:54.084579,2026-06-29T00:01:54.538175+00:00,98.9,43,ask,,,11767762
2026-06-29T10:01:55.606878,2026-06-29T00:01:56.055710+00:00,98.9,50,ask,,,11767795
2026-06-29T10:01:55.895442,2026-06-29T00:01:56.352287+00:00,98.8,4,ask,,,11767805
2026-06-29T10:01:55.895442,2026-06-29T00:01:56.352287+00:00,98.8,100,ask,,,11767806
2026-06-29T10:01:56.093051,2026-06-29T00:01:56.539287+00:00,98.6,46,bid,,,11767809
2026-06-29T10:01:57.663090,2026-06-29T00:01:58.111506+00:00,99.2,50,bid,,,11767849
2026-06-29T10:01:59.770279,2026-06-29T00:02:00.223525+00:00,98.9,50,bid,,,11767881
2026-06-29T10:02:00.224458,2026-06-29T00:02:00.674517+00:00,98.9,41,bid,,,11767896
2026-06-29T10:02:00.278139,2026-06-29T00:02:00.729526+00:00,98.4,46,ask,,,11767898
2026-06-29T10:02:01.817265,2026-06-29T00:02:02.269060+00:00,98.4,46,ask,,,11767924
2026-06-29T10:02:03.990310,2026-06-29T00:02:04.438148+00:00,98.5,50,bid,,,11767960
2026-06-29T10:02:06.045079,2026-06-29T00:02:06.494747+00:00,98.7,40,bid,,,11767999
2026-06-29T10:02:07.141009,2026-06-29T00:02:07.594262+00:00,98.7,46,bid,,,11768019
2026-06-29T10:02:08.250970,2026-06-29T00:02:08.704514+00:00,98.4,50,ask,,,11768042
2026-06-29T10:02:09.068382,2026-06-29T00:02:09.518514+00:00,98.4,4,bid,,,11768053
2026-06-29T10:02:09.762492,2026-06-29T00:02:10.211350+00:00,98.2,49,ask,,,11768067
2026-06-29T10:02:10.051788,2026-06-29T00:02:10.497350+00:00,98.4,4,bid,,,11768073
2026-06-29T10:02:10.279323,2026-06-29T00:02:10.728350+00:00,98.4,4,bid,,,11768075
2026-06-29T10:02:10.356549,2026-06-29T00:02:10.805349+00:00,98.2,50,ask,,,11768077
2026-06-29T10:02:11.064556,2026-06-29T00:02:11.520349+00:00,98.4,3,bid,,,11768091
2026-06-29T10:02:12.463981,2026-06-29T00:02:12.917349+00:00,97.8,50,ask,,,11768123
2026-06-29T10:02:14.417435,2026-06-29T00:02:14.863472+00:00,98.2,45,bid,,,11768155
2026-06-29T10:02:14.521435,2026-06-29T00:02:14.973472+00:00,98.2,50,bid,,,11768156
2026-06-29T10:02:14.888688,2026-06-29T00:02:15.336472+00:00,98.2,5,bid,,,11768166
2026-06-29T10:02:14.942305,2026-06-29T00:02:15.391472+00:00,97.7,47,ask,,,11768170
2026-06-29T10:02:16.543287,2026-06-29T00:02:16.997037+00:00,98.0,42,ask,,,11768203
2026-06-29T10:02:16.680230,2026-06-29T00:02:17.129037+00:00,98.0,50,ask,,,11768204
2026-06-29T10:02:17.006191,2026-06-29T00:02:17.459037+00:00,98.2,45,bid,,,11768207
2026-06-29T10:02:18.475006,2026-06-29T00:02:18.921845+00:00,97.9,40,ask,,,11768246
2026-06-29T10:02:18.815897,2026-06-29T00:02:19.262854+00:00,97.9,50,ask,,,11768252
2026-06-29T10:02:18.963384,2026-06-29T00:02:19.416854+00:00,98.2,40,bid,,,11768258
2026-06-29T10:02:19.549000,2026-06-29T00:02:19.999854+00:00,97.9,43,ask,,,11768268
2026-06-29T10:02:21.230983,2026-06-29T00:02:21.682388+00:00,98.1,5,ask,,,11768320
2026-06-29T10:02:21.230983,2026-06-29T00:02:21.682388+00:00,97.7,100,ask,,,11768321
2026-06-29T10:02:22.976059,2026-06-29T00:02:23.430632+00:00,97.6,45,bid,,,11768342
2026-06-29T10:02:22.976059,2026-06-29T00:02:23.430632+00:00,97.8,5,bid,,,11768343
2026-06-29T10:02:24.342785,2026-06-29T00:02:24.794632+00:00,97.8,95,bid,,,11768370
2026-06-29T10:02:25.084702,2026-06-29T00:02:25.531632+00:00,98.5,50,bid,,,11768386
2026-06-29T10:02:27.000171,2026-06-29T00:02:27.445072+00:00,98.5,40,bid,,,11768418
2026-06-29T10:02:27.194135,2026-06-29T00:02:27.643072+00:00,98.5,10,bid,,,11768423
2026-06-29T10:02:27.194135,2026-06-29T00:02:27.643072+00:00,98.6,40,bid,,,11768424
2026-06-29T10:02:28.520650,2026-06-29T00:02:28.973190+00:00,98.5,40,bid,,,11768454
2026-06-29T10:02:29.138800,2026-06-29T00:02:29.589190+00:00,98.2,45,ask,,,11768467
2026-06-29T10:02:29.302680,2026-06-29T00:02:29.754190+00:00,98.5,50,bid,,,11768468
2026-06-29T10:02:31.410135,2026-06-29T00:02:31.855190+00:00,98.5,50,bid,,,11768503
2026-06-29T10:02:33.531658,2026-06-29T00:02:33.977240+00:00,98.4,3,bid,,,11768537
2026-06-29T10:02:33.531658,2026-06-29T00:02:33.988239+00:00,98.5,47,bid,,,11768538
2026-06-29T10:02:33.723212,2026-06-29T00:02:34.175249+00:00,98.5,3,bid,,,11768542
2026-06-29T10:02:33.723212,2026-06-29T00:02:34.175249+00:00,98.7,38,bid,,,11768543
2026-06-29T10:02:35.643695,2026-06-29T00:02:36.088810+00:00,98.8,50,bid,,,11768568
2026-06-29T10:02:37.004816,2026-06-29T00:02:37.452830+00:00,98.4,4,bid,,,11768599
2026-06-29T10:02:37.004816,2026-06-29T00:02:37.452830+00:00,98.8,100,bid,,,11768600
2026-06-29T10:02:37.381088,2026-06-29T00:02:37.826830+00:00,98.8,4,ask,,,11768602
2026-06-29T10:02:37.437845,2026-06-29T00:02:37.892830+00:00,98.8,42,ask,,,11768603
2026-06-29T10:02:37.437845,2026-06-29T00:02:37.903831+00:00,98.8,1,ask,,,11768604
2026-06-29T10:02:37.775236,2026-06-29T00:02:38.221507+00:00,99.3,50,bid,,,11768609
2026-06-29T10:02:37.975836,2026-06-29T00:02:38.430506+00:00,98.8,4,ask,,,11768617
2026-06-29T10:02:38.571600,2026-06-29T00:02:39.024507+00:00,98.8,47,ask,,,11768630
2026-06-29T10:02:39.007287,2026-06-29T00:02:39.464525+00:00,98.8,4,ask,,,11768637
2026-06-29T10:02:39.881032,2026-06-29T00:02:40.333525+00:00,99.3,50,bid,,,11768654
2026-06-29T10:02:40.026093,2026-06-29T00:02:40.487525+00:00,98.8,5,ask,,,11768656
2026-06-29T10:02:41.993386,2026-06-29T00:02:42.445058+00:00,98.7,4,bid,,,11768698
2026-06-29T10:02:41.993386,2026-06-29T00:02:42.445058+00:00,99.0,46,bid,,,11768699
2026-06-29T10:02:44.098635,2026-06-29T00:02:44.546158+00:00,98.8,3,bid,,,11768732
2026-06-29T10:02:44.098635,2026-06-29T00:02:44.546158+00:00,99.1,47,bid,,,11768733
2026-06-29T10:02:45.954777,2026-06-29T00:02:46.404689+00:00,98.8,3,bid,,,11768770
2026-06-29T10:02:45.954777,2026-06-29T00:02:46.404689+00:00,99.1,45,bid,,,11768771
2026-06-29T10:02:46.232891,2026-06-29T00:02:46.679689+00:00,99.1,50,bid,,,11768773
2026-06-29T10:02:46.485037,2026-06-29T00:02:46.932689+00:00,99.1,100,bid,,,11768774
2026-06-29T10:02:46.552307,2026-06-29T00:02:46.998689+00:00,99.2,50,ask,,,11768776
2026-06-29T10:02:47.699443,2026-06-29T00:02:48.152952+00:00,98.9,3,ask,,,11768796
2026-06-29T10:02:47.724894,2026-06-29T00:02:48.174952+00:00,98.9,3,ask,,,11768798
2026-06-29T10:02:47.784157,2026-06-29T00:02:48.229952+00:00,98.9,3,ask,,,11768799
2026-06-29T10:02:47.830930,2026-06-29T00:02:48.284952+00:00,98.9,3,ask,,,11768801
2026-06-29T10:02:47.856070,2026-06-29T00:02:48.306952+00:00,98.9,2,ask,,,11768802
2026-06-29T10:02:47.881944,2026-06-29T00:02:48.328952+00:00,98.9,3,ask,,,11768803
2026-06-29T10:02:48.231460,2026-06-29T00:02:48.680952+00:00,98.9,2,ask,,,11768804
2026-06-29T10:02:48.262661,2026-06-29T00:02:48.713952+00:00,98.9,2,ask,,,11768805
2026-06-29T10:02:49.466038,2026-06-29T00:02:49.912972+00:00,98.9,41,ask,,,11768830
2026-06-29T10:02:51.480226,2026-06-29T00:02:51.925973+00:00,98.7,25,ask,,,11768864
2026-06-29T10:02:51.689502,2026-06-29T00:02:52.134973+00:00,98.7,25,ask,,,11768867
2026-06-29T10:02:51.900038,2026-06-29T00:02:52.354972+00:00,98.7,25,ask,,,11768877
2026-06-29T10:02:52.108665,2026-06-29T00:02:52.563972+00:00,98.7,25,ask,,,11768882
2026-06-29T10:02:52.316503,2026-06-29T00:02:52.761972+00:00,98.7,25,ask,,,11768884
2026-06-29T10:02:52.528849,2026-06-29T00:02:52.981973+00:00,98.7,25,ask,,,11768887
2026-06-29T10:02:52.598747,2026-06-29T00:02:53.047972+00:00,98.7,50,ask,,,11768889
2026-06-29T10:02:52.855805,2026-06-29T00:02:53.301081+00:00,98.7,50,ask,,,11768891
2026-06-29T10:02:52.855805,2026-06-29T00:02:53.312081+00:00,98.6,3,ask,,,11768892
2026-06-29T10:02:52.874013,2026-06-29T00:02:53.323081+00:00,98.4,50,bid,,,11768894
2026-06-29T10:02:52.880126,2026-06-29T00:02:53.334080+00:00,98.4,3,bid,,,11768895
2026-06-29T10:02:52.920036,2026-06-29T00:02:53.367081+00:00,98.4,3,bid,,,11768896
2026-06-29T10:02:52.945448,2026-06-29T00:02:53.400081+00:00,98.4,25,bid,,,11768898
2026-06-29T10:02:52.967723,2026-06-29T00:02:53.422081+00:00,98.4,3,bid,,,11768900
2026-06-29T10:02:53.004848,2026-06-29T00:02:53.455080+00:00,98.4,3,bid,,,11768901
2026-06-29T10:02:53.052789,2026-06-29T00:02:53.499081+00:00,98.4,3,bid,,,11768902
2026-06-29T10:02:53.155738,2026-06-29T00:02:53.609072+00:00,98.4,7,bid,,,11768907
2026-06-29T10:02:54.654606,2026-06-29T00:02:55.105081+00:00,98.8,50,bid,,,11768935
2026-06-29T10:02:58.916789,2026-06-29T00:02:59.372336+00:00,98.6,2,ask,,,11769000
2026-06-29T10:02:58.916789,2026-06-29T00:02:59.372336+00:00,98.6,48,ask,,,11769001
2026-06-29T10:02:59.701283,2026-06-29T00:03:00.153337+00:00,98.7,43,bid,,,11769026
2026-06-29T10:03:01.024183,2026-06-29T00:03:01.473356+00:00,98.6,2,ask,,,11769053
2026-06-29T10:03:01.024183,2026-06-29T00:03:01.473356+00:00,98.3,48,ask,,,11769054
2026-06-29T10:03:02.386840,2026-06-29T00:03:02.837348+00:00,98.8,45,bid,,,11769084
2026-06-29T10:03:03.131729,2026-06-29T00:03:03.585445+00:00,98.4,50,ask,,,11769095
2026-06-29T10:03:04.857628,2026-06-29T00:03:05.312445+00:00,98.4,49,ask,,,11769114
2026-06-29T10:03:05.237688,2026-06-29T00:03:05.686445+00:00,98.4,50,ask,,,11769122
2026-06-29T10:03:05.521639,2026-06-29T00:03:05.972445+00:00,98.4,100,ask,,,11769124
2026-06-29T10:03:05.587393,2026-06-29T00:03:06.038445+00:00,98.1,25,bid,,,11769128
2026-06-29T10:03:05.798978,2026-06-29T00:03:06.246996+00:00,98.1,25,bid,,,11769135
2026-06-29T10:03:06.026371,2026-06-29T00:03:06.477996+00:00,98.4,25,bid,,,11769143
2026-06-29T10:03:06.236042,2026-06-29T00:03:06.686996+00:00,98.4,25,bid,,,11769148
2026-06-29T10:03:07.344256,2026-06-29T00:03:07.798016+00:00,97.9,50,ask,,,11769175
2026-06-29T10:03:08.631305,2026-06-29T00:03:09.084294+00:00,98.4,50,bid,,,11769193
2026-06-29T10:03:09.451612,2026-06-29T00:03:09.898294+00:00,98.5,50,ask,,,11769209
2026-06-29T10:03:11.135604,2026-06-29T00:03:11.582285+00:00,98.8,41,bid,,,11769240
2026-06-29T10:03:11.856068,2026-06-29T00:03:12.307832+00:00,98.4,8,bid,,,11769258
2026-06-29T10:03:12.466999,2026-06-29T00:03:12.912833+00:00,98.4,8,bid,,,11769273
2026-06-29T10:03:13.846730,2026-06-29T00:03:14.298268+00:00,97.9,42,ask,,,11769296
2026-06-29T10:03:15.435556,2026-06-29T00:03:15.882288+00:00,98.3,44,bid,,,11769319
2026-06-29T10:03:15.489086,2026-06-29T00:03:15.937288+00:00,98.2,44,ask,,,11769321
2026-06-29T10:03:15.726790,2026-06-29T00:03:16.178844+00:00,98.3,50,bid,,,11769322
2026-06-29T10:03:16.113890,2026-06-29T00:03:16.563844+00:00,98.2,40,ask,,,11769329
2026-06-29T10:03:16.289272,2026-06-29T00:03:16.739845+00:00,98.3,2,bid,,,11769338
2026-06-29T10:03:17.885650,2026-06-29T00:03:18.333107+00:00,98.2,16,ask,,,11769368
2026-06-29T10:03:17.885650,2026-06-29T00:03:18.333107+00:00,98.1,1,ask,,,11769369
2026-06-29T10:03:17.885650,2026-06-29T00:03:18.344107+00:00,97.8,33,ask,,,11769370
2026-06-29T10:03:18.501607,2026-06-29T00:03:18.949107+00:00,98.4,4,bid,,,11769381
2026-06-29T10:03:18.501607,2026-06-29T00:03:18.949107+00:00,98.4,43,bid,,,11769382
2026-06-29T10:03:19.943199,2026-06-29T00:03:20.390107+00:00,98.4,50,bid,,,11769401
2026-06-29T10:03:21.497157,2026-06-29T00:03:21.952108+00:00,98.4,43,bid,,,11769430
2026-06-29T10:03:22.050099,2026-06-29T00:03:22.502107+00:00,98.4,50,bid,,,11769434
2026-06-29T10:03:24.155257,2026-06-29T00:03:24.601890+00:00,98.4,50,bid,,,11769456
2026-06-29T10:03:26.314910,2026-06-29T00:03:26.768471+00:00,98.4,50,ask,,,11769485
2026-06-29T10:03:28.431702,2026-06-29T00:03:28.879623+00:00,98.1,50,ask,,,11769529
2026-06-29T10:03:30.541710,2026-06-29T00:03:30.991623+00:00,98.1,50,ask,,,11769568
2026-06-29T10:03:32.672401,2026-06-29T00:03:33.125155+00:00,98.2,6,ask,,,11769594
2026-06-29T10:03:32.672401,2026-06-29T00:03:33.125155+00:00,98.0,44,ask,,,11769595
2026-06-29T10:03:33.978163,2026-06-29T00:03:34.433440+00:00,98.2,6,ask,,,11769612
2026-06-29T10:03:33.978163,2026-06-29T00:03:34.433440+00:00,98.0,37,ask,,,11769613
2026-06-29T10:03:34.545377,2026-06-29T00:03:34.994431+00:00,98.2,40,bid,,,11769632
2026-06-29T10:03:34.782609,2026-06-29T00:03:35.236440+00:00,97.8,50,ask,,,11769633
2026-06-29T10:03:36.499477,2026-06-29T00:03:36.952025+00:00,98.2,5,bid,,,11769658
2026-06-29T10:03:36.902252,2026-06-29T00:03:37.348025+00:00,97.8,50,ask,,,11769662
2026-06-29T10:03:37.303547,2026-06-29T00:03:37.755025+00:00,97.8,100,bid,,,11769676
2026-06-29T10:03:37.347409,2026-06-29T00:03:37.799025+00:00,97.8,49,bid,,,11769677
2026-06-29T10:03:38.044320,2026-06-29T00:03:38.490785+00:00,97.8,1,bid,,,11769695
2026-06-29T10:03:39.023092,2026-06-29T00:03:39.469785+00:00,98.1,4,ask,,,11769709
2026-06-29T10:03:39.023092,2026-06-29T00:03:39.469785+00:00,97.3,46,ask,,,11769710
2026-06-29T10:03:40.544756,2026-06-29T00:03:40.998796+00:00,98.0,4,ask,,,11769742
2026-06-29T10:03:40.671925,2026-06-29T00:03:41.119805+00:00,98.0,4,bid,,,11769743
2026-06-29T10:03:41.144376,2026-06-29T00:03:41.603805+00:00,97.8,50,ask,,,11769754
2026-06-29T10:03:43.199753,2026-06-29T00:03:43.649440+00:00,98.0,50,bid,,,11769786
2026-06-29T10:03:44.558993,2026-06-29T00:03:45.013431+00:00,98.0,1,ask,,,11769816
2026-06-29T10:03:44.558993,2026-06-29T00:03:45.013431+00:00,97.8,48,ask,,,11769817
2026-06-29T10:03:45.051080,2026-06-29T00:03:45.497441+00:00,97.8,41,ask,,,11769829
2026-06-29T10:03:45.305998,2026-06-29T00:03:45.761441+00:00,98.2,50,bid,,,11769836
2026-06-29T10:03:46.013013,2026-06-29T00:03:46.465472+00:00,98.2,44,bid,,,11769861
2026-06-29T10:03:46.873543,2026-06-29T00:03:47.323472+00:00,98.1,100,ask,,,11769889
2026-06-29T10:03:49.582248,2026-06-29T00:03:50.028710+00:00,98.1,50,ask,,,11769942
2026-06-29T10:03:50.403411,2026-06-29T00:03:50.853718+00:00,98.1,45,bid,,,11769958
2026-06-29T10:03:53.740417,2026-06-29T00:03:54.186822+00:00,98.2,50,bid,,,11770014
2026-06-29T10:03:55.560828,2026-06-29T00:03:56.012843+00:00,97.9,2,ask,,,11770042
2026-06-29T10:03:55.560828,2026-06-29T00:03:56.012843+00:00,97.7,40,ask,,,11770043
2026-06-29T10:03:55.847617,2026-06-29T00:03:56.298411+00:00,98.2,50,bid,,,11770055
2026-06-29T10:03:57.953394,2026-06-29T00:03:58.399116+00:00,98.3,1,bid,,,11770091
2026-06-29T10:03:57.953394,2026-06-29T00:03:58.410116+00:00,98.3,49,bid,,,11770092
2026-06-29T10:04:00.062770,2026-06-29T00:04:00.522115+00:00,98.2,5,bid,,,11770123
2026-06-29T10:04:00.062770,2026-06-29T00:04:00.522115+00:00,98.3,45,bid,,,11770124
2026-06-29T10:04:02.170272,2026-06-29T00:04:02.623116+00:00,98.2,5,bid,,,11770161
2026-06-29T10:04:02.170272,2026-06-29T00:04:02.623116+00:00,98.3,45,bid,,,11770162
2026-06-29T10:04:03.016269,2026-06-29T00:04:03.469267+00:00,98.1,48,ask,,,11770190
2026-06-29T10:04:04.277563,2026-06-29T00:04:04.723583+00:00,98.3,4,bid,,,11770220
2026-06-29T10:04:04.277563,2026-06-29T00:04:04.734594+00:00,98.4,46,bid,,,11770221
2026-06-29T10:04:04.985556,2026-06-29T00:04:05.438603+00:00,98.4,42,bid,,,11770229
2026-06-29T10:04:05.039953,2026-06-29T00:04:05.493603+00:00,98.1,46,ask,,,11770230
2026-06-29T10:04:06.386230,2026-06-29T00:04:06.835698+00:00,98.3,50,bid,,,11770258
2026-06-29T10:04:06.505006,2026-06-29T00:04:06.956698+00:00,98.2,48,ask,,,11770263
2026-06-29T10:04:07.839583,2026-06-29T00:04:08.286959+00:00,98.3,41,bid,,,11770297
2026-06-29T10:04:08.546381,2026-06-29T00:04:09.001959+00:00,98.2,50,ask,,,11770304
2026-06-29T10:04:10.652702,2026-06-29T00:04:11.102493+00:00,98.2,50,ask,,,11770347
2026-06-29T10:04:11.359223,2026-06-29T00:04:11.817484+00:00,98.2,46,ask,,,11770362
2026-06-29T10:04:12.707773,2026-06-29T00:04:13.159901+00:00,98.3,3,bid,,,11770391
2026-06-29T10:04:12.707773,2026-06-29T00:04:13.159901+00:00,98.4,47,bid,,,11770392
2026-06-29T10:04:13.353134,2026-06-29T00:04:13.808901+00:00,98.4,42,bid,,,11770398
2026-06-29T10:04:14.818018,2026-06-29T00:04:15.270901+00:00,98.4,50,bid,,,11770426
2026-06-29T10:04:15.076581,2026-06-29T00:04:15.523901+00:00,98.4,2,bid,,,11770439
2026-06-29T10:04:15.369038,2026-06-29T00:04:15.820893+00:00,98.4,48,ask,,,11770448
2026-06-29T10:04:16.654409,2026-06-29T00:04:17.107475+00:00,98.4,1,ask,,,11770466
2026-06-29T10:04:16.926089,2026-06-29T00:04:17.382476+00:00,98.5,50,bid,,,11770475
2026-06-29T10:04:17.546297,2026-06-29T00:04:17.998475+00:00,98.4,1,ask,,,11770486
2026-06-29T10:04:17.650772,2026-06-29T00:04:18.096163+00:00,98.4,1,ask,,,11770492
2026-06-29T10:04:17.719729,2026-06-29T00:04:18.173163+00:00,98.4,1,ask,,,11770496
2026-06-29T10:04:18.046991,2026-06-29T00:04:18.503163+00:00,98.4,1,ask,,,11770499
2026-06-29T10:04:19.034432,2026-06-29T00:04:19.482163+00:00,98.6,50,bid,,,11770519
2026-06-29T10:04:19.345748,2026-06-29T00:04:19.801163+00:00,98.6,42,bid,,,11770531
2026-06-29T10:04:20.406038,2026-06-29T00:04:20.857163+00:00,98.6,8,bid,,,11770557
2026-06-29T10:04:20.406038,2026-06-29T00:04:20.857163+00:00,98.7,37,bid,,,11770558
2026-06-29T10:04:21.141162,2026-06-29T00:04:21.594163+00:00,98.7,50,bid,,,11770577
2026-06-29T10:04:21.616224,2026-06-29T00:04:22.067163+00:00,98.7,25,ask,,,11770587
2026-06-29T10:04:22.269085,2026-06-29T00:04:22.727163+00:00,98.7,5,ask,,,11770601
2026-06-29T10:04:23.127480,2026-06-29T00:04:23.584272+00:00,98.7,41,ask,,,11770617
2026-06-29T10:04:23.133975,2026-06-29T00:04:23.584272+00:00,98.7,4,ask,,,11770618
2026-06-29T10:04:23.234050,2026-06-29T00:04:23.683272+00:00,98.7,25,ask,,,11770620
2026-06-29T10:04:23.322233,2026-06-29T00:04:23.771272+00:00,98.7,50,ask,,,11770623
2026-06-29T10:04:24.616858,2026-06-29T00:04:25.068796+00:00,98.5,100,ask,,,11770658
2026-06-29T10:04:25.429544,2026-06-29T00:04:25.881796+00:00,98.3,4,ask,,,11770664
2026-06-29T10:04:25.429544,2026-06-29T00:04:25.881796+00:00,98.2,46,ask,,,11770665
2026-06-29T10:04:26.485596,2026-06-29T00:04:26.936497+00:00,98.5,43,bid,,,11770696
2026-06-29T10:04:27.539469,2026-06-29T00:04:27.992497+00:00,98.3,2,ask,,,11770718
2026-06-29T10:04:27.539469,2026-06-29T00:04:27.992497+00:00,98.2,48,ask,,,11770719
2026-06-29T10:04:27.998242,2026-06-29T00:04:28.453737+00:00,98.5,100,ask,,,11770729
2026-06-29T10:04:28.931160,2026-06-29T00:04:29.387738+00:00,98.5,42,ask,,,11770747
2026-06-29T10:04:29.646958,2026-06-29T00:04:30.102738+00:00,98.5,8,ask,,,11770754
2026-06-29T10:04:29.646958,2026-06-29T00:04:30.102738+00:00,97.8,42,ask,,,11770755
2026-06-29T10:04:31.170795,2026-06-29T00:04:31.620749+00:00,98.3,2,bid,,,11770795
2026-06-29T10:04:31.688161,2026-06-29T00:04:32.137758+00:00,98.3,2,bid,,,11770797
2026-06-29T10:04:31.753778,2026-06-29T00:04:32.203758+00:00,97.9,50,ask,,,11770800
2026-06-29T10:04:33.662338,2026-06-29T00:04:34.116881+00:00,98.2,2,ask,,,11770848
2026-06-29T10:04:33.858509,2026-06-29T00:04:34.303882+00:00,97.9,50,ask,,,11770856
2026-06-29T10:04:34.481282,2026-06-29T00:04:34.929882+00:00,97.8,25,bid,,,11770868
2026-06-29T10:04:34.690722,2026-06-29T00:04:35.139000+00:00,97.8,25,bid,,,11770871
2026-06-29T10:04:35.261654,2026-06-29T00:04:35.710890+00:00,97.8,40,bid,,,11770884
2026-06-29T10:04:35.853855,2026-06-29T00:04:36.304931+00:00,97.8,10,bid,,,11770893
2026-06-29T10:04:35.915752,2026-06-29T00:04:36.370931+00:00,98.0,50,bid,,,11770896
2026-06-29T10:04:38.021050,2026-06-29T00:04:38.471017+00:00,98.2,50,bid,,,11770942
2026-06-29T10:04:38.722014,2026-06-29T00:04:39.175017+00:00,97.8,43,ask,,,11770955
2026-06-29T10:04:40.126940,2026-06-29T00:04:40.583018+00:00,98.2,50,bid,,,11770976
2026-06-29T10:04:40.248981,2026-06-29T00:04:40.704018+00:00,98.3,44,bid,,,11770981
2026-06-29T10:04:42.233089,2026-06-29T00:04:42.684037+00:00,98.4,2,bid,,,11771016
2026-06-29T10:04:42.233089,2026-06-29T00:04:42.684037+00:00,98.5,48,bid,,,11771017
2026-06-29T10:04:44.868818,2026-06-29T00:04:45.323166+00:00,98.1,46,ask,,,11771069
2026-06-29T10:04:46.445502,2026-06-29T00:04:46.895215+00:00,98.6,50,bid,,,11771090
2026-06-29T10:04:48.551496,2026-06-29T00:04:49.006322+00:00,98.7,50,bid,,,11771129
2026-06-29T10:04:48.895939,2026-06-29T00:04:49.347330+00:00,98.2,47,ask,,,11771131
2026-06-29T10:04:50.658764,2026-06-29T00:04:51.107331+00:00,98.8,50,bid,,,11771160
2026-06-29T10:04:52.797349,2026-06-29T00:04:53.251902+00:00,98.8,50,bid,,,11771197
2026-06-29T10:04:53.332236,2026-06-29T00:04:53.779903+00:00,98.8,25,ask,,,11771205
2026-06-29T10:04:54.956037,2026-06-29T00:04:55.407436+00:00,98.8,50,ask,,,11771255
2026-06-29T10:04:57.011449,2026-06-29T00:04:57.464162+00:00,99.3,50,bid,,,11771292
2026-06-29T10:04:58.748718,2026-06-29T00:04:59.201268+00:00,99.3,41,bid,,,11771321
2026-06-29T10:04:59.119003,2026-06-29T00:04:59.564277+00:00,99.3,50,bid,,,11771326
2026-06-29T10:04:59.357597,2026-06-29T00:04:59.806297+00:00,99.3,100,bid,,,11771328
2026-06-29T10:04:59.428891,2026-06-29T00:04:59.883297+00:00,99.4,50,ask,,,11771332
2026-06-29T10:04:59.757113,2026-06-29T00:05:00.213297+00:00,99.2,25,ask,,,11771341
2026-06-29T10:04:59.822800,2026-06-29T00:05:00.268297+00:00,99.2,75,ask,,,11771345
2026-06-29T10:05:01.225730,2026-06-29T00:05:01.675831+00:00,99.7,50,bid,,,11771380
2026-06-29T10:05:03.331415,2026-06-29T00:05:03.787045+00:00,99.4,50,bid,,,11771419
2026-06-29T10:05:05.438050,2026-06-29T00:05:05.888054+00:00,99.4,50,bid,,,11771456
2026-06-29T10:05:05.693818,2026-06-29T00:05:06.140610+00:00,99.3,75,ask,,,11771460
2026-06-29T10:05:05.780958,2026-06-29T00:05:06.228610+00:00,99.3,25,ask,,,11771462
2026-06-29T10:05:05.991084,2026-06-29T00:05:06.437601+00:00,99.3,25,ask,,,11771469
2026-06-29T10:05:06.202252,2026-06-29T00:05:06.657610+00:00,99.3,25,ask,,,11771474
2026-06-29T10:05:07.013222,2026-06-29T00:05:07.460610+00:00,99.1,2,ask,,,11771483
2026-06-29T10:05:07.224008,2026-06-29T00:05:07.680610+00:00,99.1,25,ask,,,11771491
2026-06-29T10:05:07.435139,2026-06-29T00:05:07.889631+00:00,99.1,25,ask,,,11771494
2026-06-29T10:05:08.919295,2026-06-29T00:05:09.374208+00:00,99.1,48,ask,,,11771527
2026-06-29T10:05:09.096769,2026-06-29T00:05:09.552200+00:00,99.1,48,bid,,,11771534
2026-06-29T10:05:09.153308,2026-06-29T00:05:09.607199+00:00,98.9,5,ask,,,11771536
2026-06-29T10:05:09.153308,2026-06-29T00:05:09.607199+00:00,98.7,38,ask,,,11771537
2026-06-29T10:05:09.704877,2026-06-29T00:05:10.157200+00:00,98.7,50,ask,,,11771540
2026-06-29T10:05:09.806914,2026-06-29T00:05:10.256208+00:00,99.1,47,bid,,,11771541
2026-06-29T10:05:10.794892,2026-06-29T00:05:11.246200+00:00,98.9,5,ask,,,11771565
2026-06-29T10:05:10.794892,2026-06-29T00:05:11.246200+00:00,98.7,12,ask,,,11771566
2026-06-29T10:05:10.794892,2026-06-29T00:05:11.246200+00:00,98.6,28,ask,,,11771567
2026-06-29T10:05:11.811183,2026-06-29T00:05:12.257318+00:00,98.9,5,ask,,,11771585
2026-06-29T10:05:11.811183,2026-06-29T00:05:12.268318+00:00,98.6,45,ask,,,11771586
2026-06-29T10:05:12.267454,2026-06-29T00:05:12.719318+00:00,98.9,5,ask,,,11771598
2026-06-29T10:05:12.267454,2026-06-29T00:05:12.719318+00:00,98.8,95,ask,,,11771599
2026-06-29T10:05:13.455213,2026-06-29T00:05:13.906164+00:00,98.9,5,ask,,,11771623
2026-06-29T10:05:13.865119,2026-06-29T00:05:14.313164+00:00,98.9,5,ask,,,11771629
2026-06-29T10:05:13.920268,2026-06-29T00:05:14.368163+00:00,98.8,50,ask,,,11771633
2026-06-29T10:05:14.476949,2026-06-29T00:05:14.929164+00:00,98.8,5,ask,,,11771654
2026-06-29T10:05:15.243693,2026-06-29T00:05:15.699163+00:00,98.3,42,ask,,,11771670
2026-06-29T10:05:15.293254,2026-06-29T00:05:15.743164+00:00,98.5,25,bid,,,11771672
2026-06-29T10:05:15.504754,2026-06-29T00:05:15.952155+00:00,98.5,25,bid,,,11771681
2026-06-29T10:05:15.719857,2026-06-29T00:05:16.171690+00:00,98.5,25,bid,,,11771690
2026-06-29T10:05:15.929936,2026-06-29T00:05:16.380700+00:00,98.5,25,bid,,,11771692
2026-06-29T10:05:16.028401,2026-06-29T00:05:16.479700+00:00,98.3,50,ask,,,11771696
2026-06-29T10:05:16.142803,2026-06-29T00:05:16.600700+00:00,98.5,25,bid,,,11771699
2026-06-29T10:05:16.354187,2026-06-29T00:05:16.809699+00:00,98.5,25,bid,,,11771703
2026-06-29T10:05:16.790098,2026-06-29T00:05:17.249700+00:00,98.8,40,bid,,,11771712
2026-06-29T10:05:17.263093,2026-06-29T00:05:17.722700+00:00,98.8,47,bid,,,11771721
2026-06-29T10:05:18.132812,2026-06-29T00:05:18.579928+00:00,98.3,50,ask,,,11771739
2026-06-29T10:05:18.847913,2026-06-29T00:05:19.294462+00:00,98.6,41,ask,,,11771749
2026-06-29T10:05:19.913223,2026-06-29T00:05:20.361462+00:00,98.6,44,ask,,,11771764
2026-06-29T10:05:20.239780,2026-06-29T00:05:20.691461+00:00,98.6,50,ask,,,11771771
2026-06-29T10:05:21.773645,2026-06-29T00:05:22.220482+00:00,98.7,25,bid,,,11771803
2026-06-29T10:05:22.344445,2026-06-29T00:05:22.792482+00:00,98.4,50,ask,,,11771817
2026-06-29T10:05:22.670614,2026-06-29T00:05:23.122039+00:00,98.7,42,bid,,,11771825
2026-06-29T10:05:24.450237,2026-06-29T00:05:24.904039+00:00,98.4,50,ask,,,11771864
2026-06-29T10:05:24.569215,2026-06-29T00:05:25.025039+00:00,98.7,42,bid,,,11771869
2026-06-29T10:05:24.948537,2026-06-29T00:05:25.399039+00:00,98.6,100,ask,,,11771875
2026-06-29T10:05:26.229674,2026-06-29T00:05:26.685606+00:00,98.6,44,ask,,,11771895
2026-06-29T10:05:26.557462,2026-06-29T00:05:27.004606+00:00,98.6,6,ask,,,11771904
2026-06-29T10:05:26.557462,2026-06-29T00:05:27.004606+00:00,98.6,3,ask,,,11771905
2026-06-29T10:05:26.557462,2026-06-29T00:05:27.015605+00:00,98.1,41,ask,,,11771906
2026-06-29T10:05:27.905945,2026-06-29T00:05:28.356308+00:00,98.6,150,bid,,,11771939
2026-06-29T10:05:28.666269,2026-06-29T00:05:29.115299+00:00,98.4,50,ask,,,11771948
2026-06-29T10:05:30.050865,2026-06-29T00:05:30.501308+00:00,98.4,41,ask,,,11771976
2026-06-29T10:05:31.273071,2026-06-29T00:05:31.722308+00:00,98.8,100,ask,,,11772003
2026-06-29T10:05:32.196281,2026-06-29T00:05:32.646308+00:00,98.8,4,ask,,,11772029
2026-06-29T10:05:32.468502,2026-06-29T00:05:32.921308+00:00,98.8,4,ask,,,11772032
2026-06-29T10:05:32.884571,2026-06-29T00:05:33.339418+00:00,98.8,42,ask,,,11772044
2026-06-29T10:05:32.884571,2026-06-29T00:05:33.339418+00:00,98.1,8,ask,,,11772045
2026-06-29T10:05:35.007733,2026-06-29T00:05:35.462420+00:00,98.5,5,ask,,,11772089
2026-06-29T10:05:35.007733,2026-06-29T00:05:35.462420+00:00,98.4,45,ask,,,11772090
2026-06-29T10:05:36.213815,2026-06-29T00:05:36.672441+00:00,98.7,50,bid,,,11772122
2026-06-29T10:05:37.123766,2026-06-29T00:05:37.573983+00:00,98.4,50,ask,,,11772140
2026-06-29T10:05:39.243541,2026-06-29T00:05:39.696116+00:00,98.4,50,ask,,,11772176
2026-06-29T10:05:41.085162,2026-06-29T00:05:41.533116+00:00,98.5,42,bid,,,11772197
2026-06-29T10:05:41.298522,2026-06-29T00:05:41.753116+00:00,98.5,50,bid,,,11772199
2026-06-29T10:05:41.420168,2026-06-29T00:05:41.874116+00:00,98.5,8,bid,,,11772202
2026-06-29T10:05:42.325802,2026-06-29T00:05:42.776116+00:00,98.7,45,bid,,,11772217
2026-06-29T10:05:42.871991,2026-06-29T00:05:43.325582+00:00,98.2,41,ask,,,11772231
2026-06-29T10:05:44.373420,2026-06-29T00:05:44.821582+00:00,98.8,40,bid,,,11772258
2026-06-29T10:05:44.427102,2026-06-29T00:05:44.876573+00:00,98.5,48,ask,,,11772259
2026-06-29T10:05:45.519420,2026-06-29T00:05:45.965582+00:00,98.8,50,bid,,,11772286
2026-06-29T10:05:46.011070,2026-06-29T00:05:46.460122+00:00,98.5,42,ask,,,11772295
2026-06-29T10:05:47.573951,2026-06-29T00:05:48.022131+00:00,98.6,44,bid,,,11772333
2026-06-29T10:05:47.679418,2026-06-29T00:05:48.131691+00:00,98.5,50,ask,,,11772336
2026-06-29T10:05:48.039171,2026-06-29T00:05:48.494691+00:00,98.5,49,ask,,,11772340
2026-06-29T10:05:49.845631,2026-06-29T00:05:50.298691+00:00,98.6,2,bid,,,11772361
2026-06-29T10:05:50.117494,2026-06-29T00:05:50.573691+00:00,98.4,43,bid,,,11772364
2026-06-29T10:05:52.002254,2026-06-29T00:05:52.454702+00:00,98.4,49,bid,,,11772388
2026-06-29T10:05:52.057540,2026-06-29T00:05:52.509703+00:00,98.3,4,ask,,,11772392
2026-06-29T10:05:53.220468,2026-06-29T00:05:53.674713+00:00,98.3,44,ask,,,11772410
2026-06-29T10:05:53.663371,2026-06-29T00:05:54.114713+00:00,98.5,3,bid,,,11772420
2026-06-29T10:05:53.958319,2026-06-29T00:05:54.411737+00:00,98.5,50,bid,,,11772423
2026-06-29T10:05:55.074165,2026-06-29T00:05:55.522703+00:00,98.5,2,bid,,,11772450
2026-06-29T10:05:55.188957,2026-06-29T00:05:55.643704+00:00,98.5,40,bid,,,11772452
2026-06-29T10:05:55.241651,2026-06-29T00:05:55.687704+00:00,98.3,46,ask,,,11772453
2026-06-29T10:05:56.064578,2026-06-29T00:05:56.512337+00:00,98.5,5,bid,,,11772466
2026-06-29T10:05:56.064578,2026-06-29T00:05:56.523337+00:00,98.6,4,bid,,,11772467
2026-06-29T10:05:56.064578,2026-06-29T00:05:56.523337+00:00,98.8,41,bid,,,11772468
2026-06-29T10:05:56.196209,2026-06-29T00:05:56.644337+00:00,98.3,46,ask,,,11772471
2026-06-29T10:05:56.570228,2026-06-29T00:05:57.018327+00:00,98.4,100,bid,,,11772480
2026-06-29T10:06:00.369618,2026-06-29T00:06:00.822992+00:00,98.4,50,ask,,,11772559
2026-06-29T10:06:01.643900,2026-06-29T00:06:02.099003+00:00,98.6,5,bid,,,11772586
2026-06-29T10:06:01.643900,2026-06-29T00:06:02.099003+00:00,98.7,41,bid,,,11772587
2026-06-29T10:06:02.198435,2026-06-29T00:06:02.649012+00:00,98.7,44,bid,,,11772593
2026-06-29T10:06:02.477099,2026-06-29T00:06:02.924012+00:00,98.4,50,ask,,,11772596
2026-06-29T10:06:04.584521,2026-06-29T00:06:05.034552+00:00,98.5,50,ask,,,11772633
2026-06-29T10:06:05.829064,2026-06-29T00:06:06.276652+00:00,98.5,50,ask,,,11772650
2026-06-29T10:06:06.690957,2026-06-29T00:06:07.145671+00:00,98.3,1,ask,,,11772670
2026-06-29T10:06:06.690957,2026-06-29T00:06:07.145671+00:00,98.0,49,ask,,,11772671
2026-06-29T10:06:07.402425,2026-06-29T00:06:07.849671+00:00,98.4,48,bid,,,11772689
2026-06-29T10:06:08.749046,2026-06-29T00:06:09.201350+00:00,98.4,50,bid,,,11772708
2026-06-29T10:06:08.936895,2026-06-29T00:06:09.388350+00:00,98.5,100,bid,,,11772711
2026-06-29T10:06:12.201430,2026-06-29T00:06:12.655015+00:00,98.2,42,ask,,,11772777
2026-06-29T10:06:13.014054,2026-06-29T00:06:13.468031+00:00,98.1,50,ask,,,11772790
2026-06-29T10:06:15.120473,2026-06-29T00:06:15.569031+00:00,98.3,3,ask,,,11772831
2026-06-29T10:06:16.007323,2026-06-29T00:06:16.459614+00:00,98.2,42,ask,,,11772848
2026-06-29T10:06:17.660818,2026-06-29T00:06:18.107389+00:00,98.6,3,bid,,,11772873
2026-06-29T10:06:17.660818,2026-06-29T00:06:18.118390+00:00,98.6,38,bid,,,11772874
2026-06-29T10:06:19.279477,2026-06-29T00:06:19.735389+00:00,98.5,50,bid,,,11772907
2026-06-29T10:06:23.490102,2026-06-29T00:06:23.939182+00:00,98.6,5,bid,,,11772987
2026-06-29T10:06:23.490102,2026-06-29T00:06:23.939182+00:00,98.8,45,bid,,,11772988
2026-06-29T10:06:23.872266,2026-06-29T00:06:24.324191+00:00,98.3,47,ask,,,11772997
2026-06-29T10:06:27.143993,2026-06-29T00:06:27.590725+00:00,98.6,1,bid,,,11773065
2026-06-29T10:06:27.751492,2026-06-29T00:06:28.205926+00:00,98.2,50,ask,,,11773073
2026-06-29T10:06:27.955697,2026-06-29T00:06:28.403926+00:00,98.6,3,bid,,,11773082
2026-06-29T10:06:29.859929,2026-06-29T00:06:30.306926+00:00,98.1,50,ask,,,11773118
2026-06-29T10:06:31.986029,2026-06-29T00:06:32.440926+00:00,98.0,50,ask,,,11773156
2026-06-29T10:06:32.562342,2026-06-29T00:06:33.012918+00:00,98.4,44,bid,,,11773163
2026-06-29T10:06:34.040952,2026-06-29T00:06:34.496430+00:00,98.4,50,bid,,,11773190
2026-06-29T10:06:35.944835,2026-06-29T00:06:36.398527+00:00,98.5,43,bid,,,11773225
2026-06-29T10:06:37.410255,2026-06-29T00:06:37.861527+00:00,98.5,57,bid,,,11773264
2026-06-29T10:06:37.410255,2026-06-29T00:06:37.861527+00:00,98.6,3,bid,,,11773265
2026-06-29T10:06:37.433468,2026-06-29T00:06:37.883526+00:00,98.7,4,ask,,,11773266
2026-06-29T10:06:37.463657,2026-06-29T00:06:37.916527+00:00,98.7,4,ask,,,11773267
2026-06-29T10:06:37.500502,2026-06-29T00:06:37.949527+00:00,98.7,3,ask,,,11773268
2026-06-29T10:06:37.528496,2026-06-29T00:06:37.982527+00:00,98.7,3,ask,,,11773269
2026-06-29T10:06:37.563528,2026-06-29T00:06:38.015527+00:00,98.7,3,ask,,,11773270
2026-06-29T10:06:38.250937,2026-06-29T00:06:38.707297+00:00,99.0,50,bid,,,11773279
2026-06-29T10:06:39.089759,2026-06-29T00:06:39.543297+00:00,98.7,42,ask,,,11773298
2026-06-29T10:06:39.560074,2026-06-29T00:06:40.016289+00:00,98.7,3,ask,,,11773305
2026-06-29T10:06:39.891528,2026-06-29T00:06:40.346288+00:00,98.7,3,ask,,,11773306
2026-06-29T10:06:40.369029,2026-06-29T00:06:40.819290+00:00,98.7,3,ask,,,11773312
2026-06-29T10:06:40.373502,2026-06-29T00:06:40.830297+00:00,99.0,50,bid,,,11773313
2026-06-29T10:06:40.829214,2026-06-29T00:06:41.292318+00:00,98.6,100,bid,,,11773330
2026-06-29T10:06:41.831469,2026-06-29T00:06:42.282317+00:00,98.6,40,bid,,,11773357
2026-06-29T10:06:42.481386,2026-06-29T00:06:42.931317+00:00,98.6,10,bid,,,11773370
2026-06-29T10:06:42.481386,2026-06-29T00:06:42.931317+00:00,98.7,1,bid,,,11773371
2026-06-29T10:06:42.481386,2026-06-29T00:06:42.931317+00:00,99.2,39,bid,,,11773372
2026-06-29T10:06:43.722798,2026-06-29T00:06:44.173378+00:00,98.4,3,ask,,,11773386
2026-06-29T10:06:44.590794,2026-06-29T00:06:45.042398+00:00,98.7,1,bid,,,11773395
2026-06-29T10:06:44.590794,2026-06-29T00:06:45.053398+00:00,99.0,49,bid,,,11773396
2026-06-29T10:06:48.877698,2026-06-29T00:06:49.330605+00:00,98.7,50,ask,,,11773456
2026-06-29T10:06:50.986114,2026-06-29T00:06:51.442606+00:00,98.6,4,ask,,,11773487
2026-06-29T10:06:50.986114,2026-06-29T00:06:51.442606+00:00,98.5,46,ask,,,11773488
2026-06-29T10:06:53.108968,2026-06-29T00:06:53.565732+00:00,98.6,4,ask,,,11773539
2026-06-29T10:06:53.108968,2026-06-29T00:06:53.565732+00:00,98.5,46,ask,,,11773540
2026-06-29T10:06:55.216079,2026-06-29T00:06:55.666247+00:00,98.6,5,ask,,,11773596
2026-06-29T10:06:55.216079,2026-06-29T00:06:55.666247+00:00,98.4,45,ask,,,11773597
2026-06-29T10:06:55.238992,2026-06-29T00:06:55.688247+00:00,98.4,45,ask,,,11773598
2026-06-29T10:06:56.320548,2026-06-29T00:06:56.776789+00:00,98.7,45,bid,,,11773619
2026-06-29T10:06:57.312407,2026-06-29T00:06:57.766809+00:00,98.5,5,ask,,,11773646
2026-06-29T10:06:57.312407,2026-06-29T00:06:57.766809+00:00,98.1,40,ask,,,11773647
2026-06-29T10:06:57.324681,2026-06-29T00:06:57.777809+00:00,98.1,50,ask,,,11773648
2026-06-29T10:06:57.915752,2026-06-29T00:06:58.371077+00:00,98.6,40,bid,,,11773661
2026-06-29T10:06:59.379806,2026-06-29T00:06:59.834077+00:00,98.6,50,bid,,,11773685
2026-06-29T10:06:59.592557,2026-06-29T00:07:00.054077+00:00,98.5,4,ask,,,11773688
2026-06-29T10:07:00.011734,2026-06-29T00:07:00.461076+00:00,97.8,43,ask,,,11773695
2026-06-29T10:07:01.486008,2026-06-29T00:07:01.935097+00:00,98.1,50,bid,,,11773716
2026-06-29T10:07:03.558405,2026-06-29T00:07:04.013648+00:00,98.4,44,bid,,,11773760
2026-06-29T10:07:07.879081,2026-06-29T00:07:08.334974+00:00,98.2,50,ask,,,11773842
2026-06-29T10:07:11.944440,2026-06-29T00:07:12.393509+00:00,98.2,1,ask,,,11773908
2026-06-29T10:07:11.944440,2026-06-29T00:07:12.393509+00:00,98.1,45,ask,,,11773909
2026-06-29T10:07:12.089687,2026-06-29T00:07:12.536509+00:00,98.2,2,ask,,,11773913
2026-06-29T10:07:12.089687,2026-06-29T00:07:12.547510+00:00,98.1,48,ask,,,11773914
2026-06-29T10:07:13.879087,2026-06-29T00:07:14.329376+00:00,98.5,3,bid,,,11773943
2026-06-29T10:07:13.879087,2026-06-29T00:07:14.329376+00:00,98.5,37,bid,,,11773944
2026-06-29T10:07:14.197487,2026-06-29T00:07:14.648376+00:00,98.2,1,ask,,,11773947
2026-06-29T10:07:14.197487,2026-06-29T00:07:14.648376+00:00,98.1,49,ask,,,11773948
2026-06-29T10:07:16.307091,2026-06-29T00:07:16.759429+00:00,98.2,2,ask,,,11773992
2026-06-29T10:07:16.307091,2026-06-29T00:07:16.759429+00:00,98.1,48,ask,,,11773993
2026-06-29T10:07:18.413931,2026-06-29T00:07:18.870190+00:00,98.1,50,ask,,,11774035
2026-06-29T10:07:18.607683,2026-06-29T00:07:19.057191+00:00,98.1,2,ask,,,11774039
2026-06-29T10:07:18.607683,2026-06-29T00:07:19.057191+00:00,97.9,41,ask,,,11774040
2026-06-29T10:07:20.519785,2026-06-29T00:07:20.969211+00:00,97.9,50,ask,,,11774081
2026-06-29T10:07:21.806238,2026-06-29T00:07:22.256219+00:00,97.9,42,bid,,,11774115
2026-06-29T10:07:22.628165,2026-06-29T00:07:23.079713+00:00,97.6,50,ask,,,11774129
2026-06-29T10:07:23.464563,2026-06-29T00:07:23.915731+00:00,97.9,48,bid,,,11774143
2026-06-29T10:07:25.048056,2026-06-29T00:07:25.498731+00:00,97.9,41,ask,,,11774174
2026-06-29T10:07:26.839568,2026-06-29T00:07:27.291266+00:00,97.9,50,ask,,,11774198
2026-06-29T10:07:28.965893,2026-06-29T00:07:29.421362+00:00,97.4,50,ask,,,11774240
2026-06-29T10:07:31.076818,2026-06-29T00:07:31.533383+00:00,97.4,50,ask,,,11774278
2026-06-29T10:07:31.481286,2026-06-29T00:07:31.940383+00:00,97.6,100,bid,,,11774288
2026-06-29T10:07:31.495142,2026-06-29T00:07:31.951383+00:00,97.6,42,bid,,,11774291
2026-06-29T10:07:33.182080,2026-06-29T00:07:33.633438+00:00,97.1,50,ask,,,11774329
2026-06-29T10:07:34.008180,2026-06-29T00:07:34.457429+00:00,97.6,5,bid,,,11774340
2026-06-29T10:07:34.698474,2026-06-29T00:07:35.149945+00:00,97.7,5,ask,,,11774363
2026-06-29T10:07:34.796824,2026-06-29T00:07:35.248945+00:00,97.4,41,ask,,,11774365
2026-06-29T10:07:35.291440,2026-06-29T00:07:35.743954+00:00,97.4,50,ask,,,11774379
2026-06-29T10:07:35.905551,2026-06-29T00:07:36.359492+00:00,97.7,49,bid,,,11774385
2026-06-29T10:07:37.140054,2026-06-29T00:07:37.591492+00:00,97.6,3,ask,,,11774406
2026-06-29T10:07:37.140054,2026-06-29T00:07:37.591492+00:00,97.4,45,ask,,,11774407
2026-06-29T10:07:37.398474,2026-06-29T00:07:37.855492+00:00,97.4,14,ask,,,11774412
2026-06-29T10:07:37.398474,2026-06-29T00:07:37.855492+00:00,97.2,36,ask,,,11774413
2026-06-29T10:07:37.540355,2026-06-29T00:07:37.987493+00:00,97.2,64,ask,,,11774414
2026-06-29T10:07:37.762986,2026-06-29T00:07:38.217671+00:00,97.2,43,bid,,,11774416
2026-06-29T10:07:39.506755,2026-06-29T00:07:39.955671+00:00,97.0,50,ask,,,11774459
2026-06-29T10:07:39.881607,2026-06-29T00:07:40.329682+00:00,97.2,43,bid,,,11774466
2026-06-29T10:07:39.881607,2026-06-29T00:07:40.329682+00:00,97.5,4,bid,,,11774467
2026-06-29T10:07:39.937498,2026-06-29T00:07:40.395682+00:00,97.0,40,ask,,,11774470
2026-06-29T10:07:40.460477,2026-06-29T00:07:40.912691+00:00,97.0,10,ask,,,11774480
2026-06-29T10:07:41.029806,2026-06-29T00:07:41.484691+00:00,97.4,100,ask,,,11774501
2026-06-29T10:07:42.838505,2026-06-29T00:07:43.286947+00:00,97.4,47,ask,,,11774544
2026-06-29T10:07:43.364223,2026-06-29T00:07:43.814957+00:00,97.9,40,bid,,,11774550
2026-06-29T10:07:43.666258,2026-06-29T00:07:44.122957+00:00,97.9,50,bid,,,11774557
2026-06-29T10:07:43.991735,2026-06-29T00:07:44.441948+00:00,97.0,48,ask,,,11774570
2026-06-29T10:07:45.788721,2026-06-29T00:07:46.245532+00:00,97.4,50,bid,,,11774604
2026-06-29T10:07:47.895764,2026-06-29T00:07:48.344833+00:00,97.2,50,bid,,,11774638
2026-06-29T10:07:48.564122,2026-06-29T00:07:49.015952+00:00,97.2,40,bid,,,11774646
2026-06-29T10:07:49.760905,2026-06-29T00:07:50.213466+00:00,97.2,10,bid,,,11774677
2026-06-29T10:07:49.760905,2026-06-29T00:07:50.213466+00:00,97.4,30,bid,,,11774678
2026-06-29T10:07:50.002959,2026-06-29T00:07:50.455347+00:00,97.4,50,bid,,,11774680
2026-06-29T10:07:51.999946,2026-06-29T00:07:52.457368+00:00,97.2,45,ask,,,11774731
2026-06-29T10:07:52.109101,2026-06-29T00:07:52.556367+00:00,97.6,4,bid,,,11774735
2026-06-29T10:07:52.109101,2026-06-29T00:07:52.567368+00:00,97.6,46,bid,,,11774736
2026-06-29T10:07:53.953529,2026-06-29T00:07:54.402850+00:00,97.2,46,ask,,,11774770
2026-06-29T10:07:54.216498,2026-06-29T00:07:54.666859+00:00,97.5,50,bid,,,11774776
2026-06-29T10:07:56.322678,2026-06-29T00:07:56.777978+00:00,97.5,50,bid,,,11774820
2026-06-29T10:07:56.452396,2026-06-29T00:07:56.909977+00:00,97.5,4,bid,,,11774822
2026-06-29T10:07:56.452396,2026-06-29T00:07:56.909977+00:00,97.7,100,bid,,,11774823
2026-06-29T10:07:56.682201,2026-06-29T00:07:57.129978+00:00,98.2,45,bid,,,11774826
2026-06-29T10:07:57.860582,2026-06-29T00:07:58.317134+00:00,97.7,5,ask,,,11774852
2026-06-29T10:07:58.133215,2026-06-29T00:07:58.591244+00:00,97.7,5,ask,,,11774859
2026-06-29T10:07:58.429125,2026-06-29T00:07:58.877244+00:00,98.1,50,bid,,,11774862
2026-06-29T10:07:58.734743,2026-06-29T00:07:59.185244+00:00,97.7,5,ask,,,11774868
2026-06-29T10:07:59.132859,2026-06-29T00:07:59.581125+00:00,97.7,5,ask,,,11774874
2026-06-29T10:07:59.670196,2026-06-29T00:08:00.130134+00:00,97.6,100,ask,,,11774890
2026-06-29T10:08:00.536451,2026-06-29T00:08:00.988134+00:00,97.6,50,bid,,,11774906
2026-06-29T10:08:02.644417,2026-06-29T00:08:03.099205+00:00,97.7,50,bid,,,11774943
2026-06-29T10:08:02.675993,2026-06-29T00:08:03.132196+00:00,97.7,49,bid,,,11774944
2026-06-29T10:08:02.785006,2026-06-29T00:08:03.242205+00:00,97.7,1,bid,,,11774951
2026-06-29T10:08:04.766759,2026-06-29T00:08:05.222216+00:00,98.2,50,bid,,,11774992
2026-06-29T10:08:05.789858,2026-06-29T00:08:06.244319+00:00,97.9,4,ask,,,11775013
2026-06-29T10:08:05.879796,2026-06-29T00:08:06.332320+00:00,97.9,4,ask,,,11775018
2026-06-29T10:08:05.949843,2026-06-29T00:08:06.398320+00:00,97.8,4,bid,,,11775019
2026-06-29T10:08:06.302254,2026-06-29T00:08:06.750311+00:00,97.9,42,ask,,,11775030
2026-06-29T10:08:06.358011,2026-06-29T00:08:06.805310+00:00,97.9,4,ask,,,11775033
2026-06-29T10:08:06.873220,2026-06-29T00:08:07.322311+00:00,98.4,50,bid,,,11775041
2026-06-29T10:08:07.330122,2026-06-29T00:08:07.784311+00:00,97.9,44,ask,,,11775054
2026-06-29T10:08:07.924816,2026-06-29T00:08:08.377877+00:00,97.9,41,ask,,,11775070
2026-06-29T10:08:08.986367,2026-06-29T00:08:09.433877+00:00,98.4,50,bid,,,11775087
2026-06-29T10:08:10.386277,2026-06-29T00:08:10.841868+00:00,98.0,1,ask,,,11775117
2026-06-29T10:08:10.420251,2026-06-29T00:08:10.874867+00:00,98.0,1,ask,,,11775118
2026-06-29T10:08:10.484887,2026-06-29T00:08:10.940868+00:00,98.0,1,ask,,,11775119
2026-06-29T10:08:10.538507,2026-06-29T00:08:10.995877+00:00,98.0,1,ask,,,11775120
2026-06-29T10:08:10.754565,2026-06-29T00:08:11.204877+00:00,98.0,1,ask,,,11775124
2026-06-29T10:08:10.805273,2026-06-29T00:08:11.259877+00:00,98.0,1,ask,,,11775126
2026-06-29T10:08:11.097750,2026-06-29T00:08:11.545877+00:00,98.4,50,bid,,,11775135
2026-06-29T10:08:11.692338,2026-06-29T00:08:12.149986+00:00,98.1,1,bid,,,11775146
2026-06-29T10:08:11.692338,2026-06-29T00:08:12.149986+00:00,98.4,40,bid,,,11775147
2026-06-29T10:08:12.623646,2026-06-29T00:08:13.073986+00:00,98.1,1,bid,,,11775170
2026-06-29T10:08:12.676953,2026-06-29T00:08:13.128456+00:00,98.0,41,ask,,,11775171
2026-06-29T10:08:13.204281,2026-06-29T00:08:13.656338+00:00,98.1,1,bid,,,11775184
2026-06-29T10:08:13.204281,2026-06-29T00:08:13.656338+00:00,98.3,49,bid,,,11775185
2026-06-29T10:08:13.227976,2026-06-29T00:08:13.678338+00:00,98.0,49,ask,,,11775188
2026-06-29T10:08:15.312234,2026-06-29T00:08:15.768337+00:00,98.1,1,bid,,,11775234
2026-06-29T10:08:15.312234,2026-06-29T00:08:15.768337+00:00,98.3,49,bid,,,11775235
2026-06-29T10:08:17.425875,2026-06-29T00:08:17.879413+00:00,98.2,50,bid,,,11775282
2026-06-29T10:08:17.963702,2026-06-29T00:08:18.417987+00:00,98.2,46,bid,,,11775293
2026-06-29T10:08:18.550982,2026-06-29T00:08:19.000978+00:00,98.0,42,ask,,,11775300
2026-06-29T10:08:19.471116,2026-06-29T00:08:19.922987+00:00,98.2,2,bid,,,11775307
2026-06-29T10:08:19.471116,2026-06-29T00:08:19.922987+00:00,98.3,39,bid,,,11775308
2026-06-29T10:08:19.534684,2026-06-29T00:08:19.988987+00:00,98.2,2,bid,,,11775309
2026-06-29T10:08:19.534684,2026-06-29T00:08:19.988987+00:00,98.3,48,bid,,,11775310
2026-06-29T10:08:19.977247,2026-06-29T00:08:20.428987+00:00,98.2,2,bid,,,11775323
2026-06-29T10:08:19.977247,2026-06-29T00:08:20.428987+00:00,98.3,13,bid,,,11775324
2026-06-29T10:08:19.977247,2026-06-29T00:08:20.428987+00:00,98.4,27,bid,,,11775325
2026-06-29T10:08:21.693334,2026-06-29T00:08:22.144987+00:00,97.9,50,ask,,,11775362
2026-06-29T10:08:22.920551,2026-06-29T00:08:23.376110+00:00,98.2,47,ask,,,11775388
2026-06-29T10:08:23.747294,2026-06-29T00:08:24.200624+00:00,98.3,1,bid,,,11775401
2026-06-29T10:08:23.747294,2026-06-29T00:08:24.200624+00:00,98.6,49,bid,,,11775402
2026-06-29T10:08:25.853862,2026-06-29T00:08:26.312172+00:00,98.7,50,bid,,,11775426
2026-06-29T10:08:26.625613,2026-06-29T00:08:27.082172+00:00,98.7,42,bid,,,11775440
2026-06-29T10:08:28.077460,2026-06-29T00:08:28.532663+00:00,98.7,100,bid,,,11775465
2026-06-29T10:08:29.629395,2026-06-29T00:08:30.083170+00:00,98.7,1,ask,,,11775484
2026-06-29T10:08:30.119998,2026-06-29T00:08:30.567178+00:00,98.7,49,ask,,,11775491
2026-06-29T10:08:30.119998,2026-06-29T00:08:30.578178+00:00,98.6,1,ask,,,11775492
2026-06-29T10:08:30.654620,2026-06-29T00:08:31.106169+00:00,98.6,1,ask,,,11775505
2026-06-29T10:08:30.756888,2026-06-29T00:08:31.205178+00:00,98.6,1,ask,,,11775508
2026-06-29T10:08:31.309261,2026-06-29T00:08:31.766178+00:00,98.6,97,ask,,,11775521
2026-06-29T10:08:32.234994,2026-06-29T00:08:32.690178+00:00,98.2,5,ask,,,11775533
2026-06-29T10:08:32.234994,2026-06-29T00:08:32.690178+00:00,98.2,45,ask,,,11775534
2026-06-29T10:08:34.291066,2026-06-29T00:08:34.746982+00:00,98.5,50,bid,,,11775572
2026-06-29T10:08:34.419572,2026-06-29T00:08:34.867982+00:00,98.6,1,bid,,,11775574
2026-06-29T10:08:34.801903,2026-06-29T00:08:35.263992+00:00,98.6,100,ask,,,11775581
2026-06-29T10:08:35.120499,2026-06-29T00:08:35.572002+00:00,98.6,49,ask,,,11775595
2026-06-29T10:08:35.746415,2026-06-29T00:08:36.199015+00:00,98.3,5,ask,,,11775611
2026-06-29T10:08:35.746415,2026-06-29T00:08:36.199015+00:00,98.1,44,ask,,,11775612
2026-06-29T10:08:36.396952,2026-06-29T00:08:36.848024+00:00,99.1,50,bid,,,11775625
2026-06-29T10:08:38.267030,2026-06-29T00:08:38.717082+00:00,98.1,47,ask,,,11775672
2026-06-29T10:08:38.503274,2026-06-29T00:08:38.959082+00:00,98.6,50,bid,,,11775677
2026-06-29T10:08:39.325505,2026-06-29T00:08:39.773083+00:00,98.6,40,bid,,,11775691
2026-06-29T10:08:40.612048,2026-06-29T00:08:41.060082+00:00,98.6,50,bid,,,11775714
2026-06-29T10:08:41.009157,2026-06-29T00:08:41.467074+00:00,98.3,44,ask,,,11775720
2026-06-29T10:08:41.587999,2026-06-29T00:08:42.039082+00:00,98.5,43,bid,,,11775734
2026-06-29T10:08:42.721823,2026-06-29T00:08:43.170541+00:00,98.5,50,bid,,,11775760
2026-06-29T10:08:43.591699,2026-06-29T00:08:44.050659+00:00,98.3,42,ask,,,11775773
2026-06-29T10:08:44.828338,2026-06-29T00:08:45.281540+00:00,98.4,50,bid,,,11775804
2026-06-29T10:08:45.167378,2026-06-29T00:08:45.622660+00:00,98.4,49,bid,,,11775810
2026-06-29T10:08:46.718020,2026-06-29T00:08:47.173102+00:00,98.4,46,bid,,,11775838
2026-06-29T10:08:47.224121,2026-06-29T00:08:47.679101+00:00,98.5,25,ask,,,11775847
2026-06-29T10:08:47.432679,2026-06-29T00:08:47.888101+00:00,98.5,25,ask,,,11775849
2026-06-29T10:08:47.644760,2026-06-29T00:08:48.097180+00:00,98.5,25,ask,,,11775855
2026-06-29T10:08:47.854221,2026-06-29T00:08:48.306192+00:00,98.5,25,ask,,,11775862
2026-06-29T10:08:48.062833,2026-06-29T00:08:48.515192+00:00,98.5,25,ask,,,11775864
2026-06-29T10:08:51.206636,2026-06-29T00:08:51.659706+00:00,98.4,50,ask,,,11775917
2026-06-29T10:08:53.313531,2026-06-29T00:08:53.770268+00:00,98.4,50,ask,,,11775954
2026-06-29T10:08:54.095740,2026-06-29T00:08:54.551207+00:00,98.3,1,ask,,,11775971
2026-06-29T10:08:54.095740,2026-06-29T00:08:54.551207+00:00,98.1,47,ask,,,11775972
2026-06-29T10:08:55.232306,2026-06-29T00:08:55.683236+00:00,98.4,47,bid,,,11775992
2026-06-29T10:08:55.440793,2026-06-29T00:08:55.892236+00:00,98.3,3,ask,,,11775995
2026-06-29T10:08:57.547522,2026-06-29T00:08:58.003791+00:00,98.3,3,ask,,,11776035
2026-06-29T10:08:57.547522,2026-06-29T00:08:58.003791+00:00,98.1,47,ask,,,11776036
2026-06-29T10:08:59.119760,2026-06-29T00:08:59.575871+00:00,98.3,4,ask,,,11776057
2026-06-29T10:08:59.119760,2026-06-29T00:08:59.575871+00:00,98.1,42,ask,,,11776058
2026-06-29T10:08:59.665256,2026-06-29T00:09:00.114881+00:00,98.2,4,ask,,,11776071
2026-06-29T10:08:59.665256,2026-06-29T00:09:00.114881+00:00,98.1,11,ask,,,11776072
2026-06-29T10:09:00.725113,2026-06-29T00:09:01.181901+00:00,98.2,4,ask,,,11776089
2026-06-29T10:09:00.725113,2026-06-29T00:09:01.181901+00:00,97.9,39,ask,,,11776090
2026-06-29T10:09:00.900389,2026-06-29T00:09:01.346901+00:00,98.3,25,bid,,,11776095
2026-06-29T10:09:01.111124,2026-06-29T00:09:01.566892+00:00,98.3,25,bid,,,11776098
2026-06-29T10:09:01.319590,2026-06-29T00:09:01.775901+00:00,98.3,25,bid,,,11776105
2026-06-29T10:09:01.528956,2026-06-29T00:09:01.984901+00:00,98.3,25,bid,,,11776112
2026-06-29T10:09:01.773847,2026-06-29T00:09:02.226901+00:00,98.2,4,ask,,,11776114
2026-06-29T10:09:01.773847,2026-06-29T00:09:02.226901+00:00,97.9,46,ask,,,11776115
2026-06-29T10:09:01.788862,2026-06-29T00:09:02.237901+00:00,98.4,44,bid,,,11776118
2026-06-29T10:09:02.940701,2026-06-29T00:09:03.391558+00:00,98.3,25,bid,,,11776155
2026-06-29T10:09:03.862409,2026-06-29T00:09:04.315549+00:00,98.3,45,bid,,,11776174
2026-06-29T10:09:03.880101,2026-06-29T00:09:04.337558+00:00,98.2,4,ask,,,11776177
2026-06-29T10:09:03.880101,2026-06-29T00:09:04.337558+00:00,98.2,46,ask,,,11776178
2026-06-29T10:09:05.990261,2026-06-29T00:09:06.438122+00:00,98.2,50,ask,,,11776227
2026-06-29T10:09:07.585536,2026-06-29T00:09:08.043636+00:00,98.1,5,ask,,,11776280
2026-06-29T10:09:07.585536,2026-06-29T00:09:08.043636+00:00,98.0,40,ask,,,11776281
2026-06-29T10:09:08.097996,2026-06-29T00:09:08.548146+00:00,98.0,50,ask,,,11776290
2026-06-29T10:09:08.155659,2026-06-29T00:09:08.603147+00:00,98.4,47,bid,,,11776295
2026-06-29T10:09:09.276394,2026-06-29T00:09:09.725147+00:00,98.0,49,bid,,,11776317
2026-06-29T10:09:09.854946,2026-06-29T00:09:10.308156+00:00,98.0,41,bid,,,11776329
2026-06-29T10:09:10.203773,2026-06-29T00:09:10.660166+00:00,97.9,50,ask,,,11776335
2026-06-29T10:09:10.523670,2026-06-29T00:09:10.979176+00:00,97.9,40,ask,,,11776341
2026-06-29T10:09:11.063100,2026-06-29T00:09:11.518175+00:00,97.9,10,ask,,,11776356
2026-06-29T10:09:11.063100,2026-06-29T00:09:11.518175+00:00,97.5,39,ask,,,11776357
2026-06-29T10:09:12.337600,2026-06-29T00:09:12.793680+00:00,97.5,50,ask,,,11776386
2026-06-29T10:09:13.793389,2026-06-29T00:09:14.244442+00:00,98.3,47,bid,,,11776429
2026-06-29T10:09:16.550156,2026-06-29T00:09:17.004993+00:00,98.0,7,ask,,,11776486
2026-06-29T10:09:16.550156,2026-06-29T00:09:17.004993+00:00,97.8,43,ask,,,11776487
2026-06-29T10:09:18.657153,2026-06-29T00:09:19.104605+00:00,97.8,50,ask,,,11776528
2026-06-29T10:09:18.671773,2026-06-29T00:09:19.126605+00:00,97.8,7,ask,,,11776529
2026-06-29T10:09:20.764079,2026-06-29T00:09:21.216605+00:00,97.5,50,ask,,,11776570
2026-06-29T10:09:20.835391,2026-06-29T00:09:21.282605+00:00,97.8,41,bid,,,11776571
2026-06-29T10:09:21.912781,2026-06-29T00:09:22.360605+00:00,97.8,4,bid,,,11776585
2026-06-29T10:09:22.307888,2026-06-29T00:09:22.756595+00:00,97.5,49,ask,,,11776597
2026-06-29T10:09:22.412485,2026-06-29T00:09:22.866596+00:00,97.8,4,bid,,,11776601
2026-06-29T10:09:22.926326,2026-06-29T00:09:23.383625+00:00,97.8,47,bid,,,11776612
2026-06-29T10:09:24.926093,2026-06-29T00:09:25.373645+00:00,97.8,50,bid,,,11776655
2026-06-29T10:09:25.580014,2026-06-29T00:09:26.033666+00:00,97.6,40,ask,,,11776660
2026-06-29T10:09:27.032708,2026-06-29T00:09:27.484263+00:00,97.8,50,bid,,,11776690
2026-06-29T10:09:27.285104,2026-06-29T00:09:27.737263+00:00,97.6,42,ask,,,11776700
2026-06-29T10:09:29.139864,2026-06-29T00:09:29.594373+00:00,97.9,50,bid,,,11776757
2026-06-29T10:09:30.834466,2026-06-29T00:09:31.288364+00:00,97.9,44,bid,,,11776799
2026-06-29T10:09:31.245554,2026-06-29T00:09:31.695364+00:00,97.9,50,bid,,,11776807
2026-06-29T10:09:31.944116,2026-06-29T00:09:32.399373+00:00,98.0,1,bid,,,11776826
2026-06-29T10:09:31.944116,2026-06-29T00:09:32.399373+00:00,98.0,40,bid,,,11776827
2026-06-29T10:09:32.420273,2026-06-29T00:09:32.872373+00:00,97.7,46,ask,,,11776843
2026-06-29T10:09:33.352152,2026-06-29T00:09:33.807468+00:00,98.0,50,bid,,,11776864
2026-06-29T10:09:35.459580,2026-06-29T00:09:35.919488+00:00,98.0,5,bid,,,11776910
2026-06-29T10:09:35.459580,2026-06-29T00:09:35.919488+00:00,98.2,45,bid,,,11776911
2026-06-29T10:09:36.421649,2026-06-29T00:09:36.875542+00:00,97.7,44,ask,,,11776928
2026-06-29T10:09:37.495757,2026-06-29T00:09:37.942534+00:00,98.0,5,bid,,,11776941
2026-06-29T10:09:37.495757,2026-06-29T00:09:37.953542+00:00,98.2,44,bid,,,11776942
2026-06-29T10:09:37.550839,2026-06-29T00:09:38.008533+00:00,97.7,46,ask,,,11776944
2026-06-29T10:09:37.617809,2026-06-29T00:09:38.074534+00:00,97.7,50,ask,,,11776945
2026-06-29T10:09:39.673055,2026-06-29T00:09:40.129607+00:00,97.8,50,bid,,,11776991
2026-06-29T10:09:41.729545,2026-06-29T00:09:42.177619+00:00,97.8,40,ask,,,11777034
2026-06-29T10:09:41.781272,2026-06-29T00:09:42.232619+00:00,98.0,5,bid,,,11777035
2026-06-29T10:09:41.781272,2026-06-29T00:09:42.232619+00:00,98.1,45,bid,,,11777036
2026-06-29T10:09:42.227359,2026-06-29T00:09:42.693619+00:00,98.1,49,bid,,,11777047
2026-06-29T10:09:42.759213,2026-06-29T00:09:43.210728+00:00,98.0,5,bid,,,11777052
2026-06-29T10:09:42.759213,2026-06-29T00:09:43.210728+00:00,98.1,44,bid,,,11777053
2026-06-29T10:09:43.693203,2026-06-29T00:09:44.144729+00:00,97.8,45,ask,,,11777059
2026-06-29T10:09:43.887727,2026-06-29T00:09:44.342728+00:00,98.1,12,bid,,,11777064
2026-06-29T10:09:43.887727,2026-06-29T00:09:44.342728+00:00,98.1,4,bid,,,11777065
2026-06-29T10:09:43.887727,2026-06-29T00:09:44.342728+00:00,98.3,34,bid,,,11777066
2026-06-29T10:09:44.038302,2026-06-29T00:09:44.485728+00:00,98.1,4,bid,,,11777070
2026-06-29T10:09:44.038302,2026-06-29T00:09:44.496728+00:00,98.3,66,bid,,,11777071
2026-06-29T10:09:44.180322,2026-06-29T00:09:44.628847+00:00,98.3,47,ask,,,11777073
2026-06-29T10:09:44.385716,2026-06-29T00:09:44.837728+00:00,98.3,33,ask,,,11777084
2026-06-29T10:09:45.996545,2026-06-29T00:09:46.454288+00:00,98.1,4,bid,,,11777120
2026-06-29T10:09:45.996545,2026-06-29T00:09:46.454288+00:00,98.3,46,bid,,,11777121
2026-06-29T10:09:47.520194,2026-06-29T00:09:47.972309+00:00,98.1,100,bid,,,11777146
2026-06-29T10:09:48.106841,2026-06-29T00:09:48.554674+00:00,98.1,50,bid,,,11777150
2026-06-29T10:09:50.215595,2026-06-29T00:09:50.665674+00:00,98.2,1,bid,,,11777184
2026-06-29T10:09:50.215595,2026-06-29T00:09:50.665674+00:00,98.6,49,bid,,,11777185
2026-06-29T10:09:51.967954,2026-06-29T00:09:52.424575+00:00,98.5,44,bid,,,11777218
2026-06-29T10:09:52.022220,2026-06-29T00:09:52.479643+00:00,98.4,47,ask,,,11777220
2026-06-29T10:09:52.323376,2026-06-29T00:09:52.776680+00:00,98.5,50,bid,,,11777225
2026-06-29T10:09:52.424977,2026-06-29T00:09:52.875693+00:00,98.4,1,ask,,,11777228
2026-06-29T10:09:53.286517,2026-06-29T00:09:53.742579+00:00,98.4,1,ask,,,11777242
2026-06-29T10:09:53.324876,2026-06-29T00:09:53.775579+00:00,98.4,1,ask,,,11777244
2026-06-29T10:09:53.469445,2026-06-29T00:09:53.918579+00:00,98.5,6,bid,,,11777247
2026-06-29T10:09:54.123763,2026-06-29T00:09:54.578621+00:00,98.3,45,ask,,,11777256
2026-06-29T10:09:54.480432,2026-06-29T00:09:54.930621+00:00,98.3,50,ask,,,11777263
2026-06-29T10:09:56.312042,2026-06-29T00:09:56.767155+00:00,98.7,42,bid,,,11777299
2026-06-29T10:09:56.471787,2026-06-29T00:09:56.921155+00:00,98.3,5,ask,,,11777302
2026-06-29T10:09:57.375524,2026-06-29T00:09:57.823156+00:00,98.1,6,ask,,,11777325
2026-06-29T10:09:57.375524,2026-06-29T00:09:57.834155+00:00,98.1,42,ask,,,11777326
2026-06-29T10:09:58.644430,2026-06-29T00:09:59.096702+00:00,98.2,50,bid,,,11777349
2026-06-29T10:10:00.751267,2026-06-29T00:10:01.207326+00:00,98.4,1,bid,,,11777385
2026-06-29T10:10:00.751267,2026-06-29T00:10:01.207326+00:00,98.5,49,bid,,,11777386
2026-06-29T10:10:02.860086,2026-06-29T00:10:03.316914+00:00,98.5,50,bid,,,11777442
2026-06-29T10:10:04.468244,2026-06-29T00:10:04.922914+00:00,98.1,4,ask,,,11777477
2026-06-29T10:10:04.468244,2026-06-29T00:10:04.922914+00:00,98.1,21,ask,,,11777478
2026-06-29T10:10:04.678377,2026-06-29T00:10:05.131914+00:00,98.1,25,ask,,,11777484
2026-06-29T10:10:04.888056,2026-06-29T00:10:05.340905+00:00,98.1,25,ask,,,11777490
2026-06-29T10:10:04.967059,2026-06-29T00:10:05.417905+00:00,98.4,50,bid,,,11777494
2026-06-29T10:10:05.100686,2026-06-29T00:10:05.549905+00:00,98.1,25,ask,,,11777503
2026-06-29T10:10:05.309697,2026-06-29T00:10:05.758914+00:00,98.1,4,ask,,,11777510
2026-06-29T10:10:06.620042,2026-06-29T00:10:07.067489+00:00,98.3,47,bid,,,11777542
2026-06-29T10:10:07.101963,2026-06-29T00:10:07.551003+00:00,98.3,50,bid,,,11777550
2026-06-29T10:10:08.123900,2026-06-29T00:10:08.573561+00:00,98.1,25,ask,,,11777572
2026-06-29T10:10:08.333866,2026-06-29T00:10:08.793561+00:00,98.1,25,ask,,,11777577
2026-06-29T10:10:08.545485,2026-06-29T00:10:09.002570+00:00,98.1,25,ask,,,11777579
2026-06-29T10:10:08.669952,2026-06-29T00:10:09.123570+00:00,98.3,3,bid,,,11777584
2026-06-29T10:10:08.669952,2026-06-29T00:10:09.123570+00:00,98.4,5,bid,,,11777585
2026-06-29T10:10:08.669952,2026-06-29T00:10:09.123570+00:00,98.6,40,bid,,,11777586
2026-06-29T10:10:09.209781,2026-06-29T00:10:09.662562+00:00,98.6,50,bid,,,11777596
2026-06-29T10:10:09.322428,2026-06-29T00:10:09.772570+00:00,97.8,40,ask,,,11777600
2026-06-29T10:10:09.910975,2026-06-29T00:10:10.366571+00:00,98.1,150,ask,,,11777610
2026-06-29T10:10:11.348288,2026-06-29T00:10:11.796570+00:00,98.4,50,bid,,,11777643
2026-06-29T10:10:12.044489,2026-06-29T00:10:12.500570+00:00,97.9,49,ask,,,11777657
2026-06-29T10:10:12.565610,2026-06-29T00:10:13.017570+00:00,97.9,51,ask,,,11777677
2026-06-29T10:10:13.455991,2026-06-29T00:10:13.907260+00:00,97.9,50,bid,,,11777696
2026-06-29T10:10:15.571521,2026-06-29T00:10:16.019260+00:00,97.9,49,bid,,,11777748
2026-06-29T10:10:15.571521,2026-06-29T00:10:16.030260+00:00,98.2,1,bid,,,11777749
2026-06-29T10:10:15.683371,2026-06-29T00:10:16.140280+00:00,98.2,41,bid,,,11777752
2026-06-29T10:10:15.979134,2026-06-29T00:10:16.437280+00:00,98.1,45,ask,,,11777759
2026-06-29T10:10:16.802281,2026-06-29T00:10:17.251281+00:00,98.1,40,ask,,,11777776
2026-06-29T10:10:17.680846,2026-06-29T00:10:18.130504+00:00,98.3,50,bid,,,11777799
2026-06-29T10:10:17.869479,2026-06-29T00:10:18.317504+00:00,98.3,44,bid,,,11777801
2026-06-29T10:10:18.405500,2026-06-29T00:10:18.867515+00:00,98.3,6,bid,,,11777814
2026-06-29T10:10:18.405500,2026-06-29T00:10:18.867515+00:00,98.4,1,bid,,,11777815
2026-06-29T10:10:19.815368,2026-06-29T00:10:20.272634+00:00,98.1,50,bid,,,11777842
2026-06-29T10:10:20.892746,2026-06-29T00:10:21.350645+00:00,98.1,44,bid,,,11777862
2026-06-29T10:10:21.923033,2026-06-29T00:10:22.373654+00:00,98.1,50,bid,,,11777879
2026-06-29T10:10:24.042181,2026-06-29T00:10:24.495501+00:00,98.3,4,bid,,,11777914
2026-06-29T10:10:24.042181,2026-06-29T00:10:24.495501+00:00,98.5,46,bid,,,11777915
2026-06-29T10:10:25.187815,2026-06-29T00:10:25.639501+00:00,98.1,1,ask,,,11777931
2026-06-29T10:10:27.978074,2026-06-29T00:10:28.432728+00:00,98.2,44,ask,,,11777984
2026-06-29T10:10:28.332237,2026-06-29T00:10:28.784719+00:00,98.2,50,ask,,,11777994
2026-06-29T10:10:28.403108,2026-06-29T00:10:28.850235+00:00,98.2,6,ask,,,11777995
2026-06-29T10:10:28.592680,2026-06-29T00:10:29.048243+00:00,98.0,49,ask,,,11777997
2026-06-29T10:10:31.208547,2026-06-29T00:10:31.666243+00:00,98.0,49,ask,,,11778040
2026-06-29T10:10:32.493206,2026-06-29T00:10:32.953234+00:00,98.0,50,bid,,,11778060
2026-06-29T10:10:34.505500,2026-06-29T00:10:34.954336+00:00,98.0,46,bid,,,11778096
2026-06-29T10:10:34.599436,2026-06-29T00:10:35.053336+00:00,98.0,50,bid,,,11778100
2026-06-29T10:10:34.660983,2026-06-29T00:10:35.108336+00:00,98.1,100,bid,,,11778102
2026-06-29T10:10:35.601479,2026-06-29T00:10:36.053850+00:00,98.4,5,bid,,,11778124
2026-06-29T10:10:35.601479,2026-06-29T00:10:36.053850+00:00,98.5,40,bid,,,11778125
2026-06-29T10:10:36.660493,2026-06-29T00:10:37.108381+00:00,98.2,43,ask,,,11778145
2026-06-29T10:10:36.763474,2026-06-29T00:10:37.218390+00:00,98.2,7,ask,,,11778150
2026-06-29T10:10:36.763474,2026-06-29T00:10:37.218390+00:00,98.0,43,ask,,,11778151
2026-06-29T10:10:38.871334,2026-06-29T00:10:39.329527+00:00,97.9,50,ask,,,11778186
2026-06-29T10:10:39.033179,2026-06-29T00:10:39.483547+00:00,98.0,8,ask,,,11778191
2026-06-29T10:10:39.386345,2026-06-29T00:10:39.835569+00:00,98.1,46,bid,,,11778198
2026-06-29T10:10:40.645797,2026-06-29T00:10:41.098471+00:00,98.0,6,ask,,,11778224
2026-06-29T10:10:40.978058,2026-06-29T00:10:41.432470+00:00,97.9,50,ask,,,11778233
2026-06-29T10:10:41.776029,2026-06-29T00:10:42.224325+00:00,98.0,2,ask,,,11778248
2026-06-29T10:10:41.776029,2026-06-29T00:10:42.235324+00:00,97.8,45,ask,,,11778249
2026-06-29T10:10:43.083947,2026-06-29T00:10:43.532047+00:00,97.8,50,ask,,,11778272
2026-06-29T10:10:43.386491,2026-06-29T00:10:43.840047+00:00,98.2,49,bid,,,11778281
2026-06-29T10:10:44.034932,2026-06-29T00:10:44.489047+00:00,97.8,46,ask,,,11778292
2026-06-29T10:10:44.201755,2026-06-29T00:10:44.654047+00:00,97.7,100,ask,,,11778296
2026-06-29T10:10:45.095889,2026-06-29T00:10:45.555157+00:00,97.6,1,bid,,,11778317
2026-06-29T10:10:45.189596,2026-06-29T00:10:45.643157+00:00,97.4,50,ask,,,11778318
2026-06-29T10:10:47.256522,2026-06-29T00:10:47.710134+00:00,97.6,2,bid,,,11778350
2026-06-29T10:10:47.297035,2026-06-29T00:10:47.754134+00:00,97.4,50,ask,,,11778352
2026-06-29T10:10:48.259085,2026-06-29T00:10:48.709705+00:00,97.6,4,bid,,,11778361
2026-06-29T10:10:49.223423,2026-06-29T00:10:49.677693+00:00,97.6,47,bid,,,11778379
2026-06-29T10:10:49.261266,2026-06-29T00:10:49.710693+00:00,97.6,3,bid,,,11778383
2026-06-29T10:10:49.305950,2026-06-29T00:10:49.754693+00:00,97.6,3,bid,,,11778384
2026-06-29T10:10:49.338872,2026-06-29T00:10:49.787693+00:00,97.6,3,bid,,,11778385
2026-06-29T10:10:49.391794,2026-06-29T00:10:49.842693+00:00,97.6,3,bid,,,11778386
2026-06-29T10:10:49.405168,2026-06-29T00:10:49.853693+00:00,97.5,50,ask,,,11778387
2026-06-29T10:10:49.430483,2026-06-29T00:10:49.886692+00:00,97.6,3,bid,,,11778388
2026-06-29T10:10:49.643570,2026-06-29T00:10:50.095693+00:00,97.6,2,bid,,,11778393
2026-06-29T10:10:49.669421,2026-06-29T00:10:50.117692+00:00,97.6,2,bid,,,11778394
2026-06-29T10:10:49.697945,2026-06-29T00:10:50.150684+00:00,97.6,2,bid,,,11778396
2026-06-29T10:10:49.854849,2026-06-29T00:10:50.304684+00:00,97.5,48,ask,,,11778398
2026-06-29T10:10:50.472086,2026-06-29T00:10:50.931692+00:00,97.6,28,bid,,,11778416
2026-06-29T10:10:50.472086,2026-06-29T00:10:50.931692+00:00,98.1,3,bid,,,11778417
2026-06-29T10:10:51.511746,2026-06-29T00:10:51.965693+00:00,97.3,50,ask,,,11778432
2026-06-29T10:10:51.576622,2026-06-29T00:10:52.031692+00:00,97.5,42,bid,,,11778435
2026-06-29T10:10:52.198159,2026-06-29T00:10:52.646426+00:00,97.3,45,ask,,,11778442
2026-06-29T10:10:52.896739,2026-06-29T00:10:53.350258+00:00,97.5,2,bid,,,11778451
2026-06-29T10:10:53.133146,2026-06-29T00:10:53.581317+00:00,97.5,2,bid,,,11778453
2026-06-29T10:10:53.276668,2026-06-29T00:10:53.724335+00:00,97.5,1,bid,,,11778454
2026-06-29T10:10:53.328835,2026-06-29T00:10:53.779341+00:00,97.5,2,bid,,,11778455
2026-06-29T10:10:53.458154,2026-06-29T00:10:53.911358+00:00,97.5,1,bid,,,11778456
2026-06-29T10:10:53.511618,2026-06-29T00:10:53.966365+00:00,97.5,1,bid,,,11778458
2026-06-29T10:10:53.618231,2026-06-29T00:10:54.076267+00:00,97.3,5,ask,,,11778460
2026-06-29T10:10:54.030793,2026-06-29T00:10:54.483258+00:00,97.5,1,ask,,,11778465
2026-06-29T10:10:55.724025,2026-06-29T00:10:56.176823+00:00,97.2,50,ask,,,11778501
2026-06-29T10:10:57.832015,2026-06-29T00:10:58.287532+00:00,97.0,50,ask,,,11778541
2026-06-29T10:10:59.939765,2026-06-29T00:11:00.388532+00:00,97.0,50,ask,,,11778577
2026-06-29T10:11:00.709617,2026-06-29T00:11:01.158532+00:00,97.3,42,bid,,,11778595
2026-06-29T10:11:00.898518,2026-06-29T00:11:01.356532+00:00,97.3,25,bid,,,11778602
2026-06-29T10:11:01.107261,2026-06-29T00:11:01.554532+00:00,97.3,25,bid,,,11778604
2026-06-29T10:11:01.316869,2026-06-29T00:11:01.774541+00:00,97.3,25,bid,,,11778608
2026-06-29T10:11:01.532708,2026-06-29T00:11:01.983540+00:00,97.3,25,bid,,,11778614
2026-06-29T10:11:01.742007,2026-06-29T00:11:02.192541+00:00,97.3,8,bid,,,11778622
2026-06-29T10:11:02.346477,2026-06-29T00:11:02.797650+00:00,97.4,49,bid,,,11778630
2026-06-29T10:11:03.145058,2026-06-29T00:11:03.599233+00:00,97.4,51,bid,,,11778642
2026-06-29T10:11:03.326426,2026-06-29T00:11:03.775233+00:00,97.4,46,ask,,,11778648
2026-06-29T10:11:04.149766,2026-06-29T00:11:04.599858+00:00,97.4,50,ask,,,11778658
2026-06-29T10:11:06.362187,2026-06-29T00:11:06.810299+00:00,97.3,100,ask,,,11778701
2026-06-29T10:11:06.784365,2026-06-29T00:11:07.239299+00:00,97.2,4,bid,,,11778706
2026-06-29T10:11:06.960596,2026-06-29T00:11:07.415290+00:00,97.2,25,bid,,,11778716
2026-06-29T10:11:07.170612,2026-06-29T00:11:07.624298+00:00,97.2,21,bid,,,11778720
2026-06-29T10:11:07.583553,2026-06-29T00:11:08.031290+00:00,97.3,47,bid,,,11778733
2026-06-29T10:11:08.312741,2026-06-29T00:11:08.767837+00:00,97.3,50,bid,,,11778745
2026-06-29T10:11:08.787224,2026-06-29T00:11:09.240837+00:00,97.3,3,bid,,,11778754
2026-06-29T10:11:09.471412,2026-06-29T00:11:09.922351+00:00,97.5,3,bid,,,11778765
2026-06-29T10:11:10.340342,2026-06-29T00:11:10.791351+00:00,97.5,44,ask,,,11778776
2026-06-29T10:11:10.419378,2026-06-29T00:11:10.868342+00:00,97.7,50,bid,,,11778778
2026-06-29T10:11:11.395868,2026-06-29T00:11:11.847351+00:00,97.5,25,ask,,,11778791
2026-06-29T10:11:11.605596,2026-06-29T00:11:12.056351+00:00,97.5,25,ask,,,11778799
2026-06-29T10:11:11.813628,2026-06-29T00:11:12.265351+00:00,97.5,25,ask,,,11778806
2026-06-29T10:11:12.022143,2026-06-29T00:11:12.474351+00:00,97.5,25,ask,,,11778809
2026-06-29T10:11:12.232563,2026-06-29T00:11:12.683461+00:00,97.5,3,ask,,,11778811
2026-06-29T10:11:12.414203,2026-06-29T00:11:12.870460+00:00,97.3,5,ask,,,11778818
2026-06-29T10:11:12.414203,2026-06-29T00:11:12.870460+00:00,97.2,44,ask,,,11778819
2026-06-29T10:11:12.577224,2026-06-29T00:11:13.035460+00:00,97.3,5,ask,,,11778824
2026-06-29T10:11:12.577224,2026-06-29T00:11:13.035460+00:00,97.2,45,ask,,,11778825
2026-06-29T10:11:12.688876,2026-06-29T00:11:13.144572+00:00,97.3,5,ask,,,11778826
2026-06-29T10:11:12.795149,2026-06-29T00:11:13.243573+00:00,97.3,6,bid,,,11778830
2026-06-29T10:11:14.684968,2026-06-29T00:11:15.134968+00:00,97.2,7,ask,,,11778871
2026-06-29T10:11:14.684968,2026-06-29T00:11:15.134968+00:00,97.0,43,ask,,,11778872
2026-06-29T10:11:15.514189,2026-06-29T00:11:15.970977+00:00,97.3,42,bid,,,11778906
2026-06-29T10:11:16.656780,2026-06-29T00:11:17.114047+00:00,97.4,25,bid,,,11778928
2026-06-29T10:11:16.791593,2026-06-29T00:11:17.246047+00:00,97.0,50,ask,,,11778932
2026-06-29T10:11:16.867964,2026-06-29T00:11:17.323047+00:00,97.4,25,bid,,,11778934
2026-06-29T10:11:17.080184,2026-06-29T00:11:17.532047+00:00,97.4,25,bid,,,11778936
2026-06-29T10:11:17.254437,2026-06-29T00:11:17.708038+00:00,97.4,25,bid,,,11778942
2026-06-29T10:11:17.254437,2026-06-29T00:11:17.708038+00:00,97.5,21,bid,,,11778943
2026-06-29T10:11:18.847902,2026-06-29T00:11:19.302199+00:00,97.5,50,bid,,,11778971
2026-06-29T10:11:19.061910,2026-06-29T00:11:19.511199+00:00,97.1,5,ask,,,11778976
2026-06-29T10:11:19.061910,2026-06-29T00:11:19.522198+00:00,97.0,41,ask,,,11778977
2026-06-29T10:11:21.030452,2026-06-29T00:11:21.480089+00:00,97.2,50,ask,,,11779019
2026-06-29T10:11:22.059195,2026-06-29T00:11:22.514089+00:00,97.5,40,bid,,,11779051
2026-06-29T10:11:22.112950,2026-06-29T00:11:22.569089+00:00,97.2,44,ask,,,11779052
2026-06-29T10:11:23.137860,2026-06-29T00:11:23.590469+00:00,97.1,6,ask,,,11779069
2026-06-29T10:11:23.137860,2026-06-29T00:11:23.590469+00:00,97.0,44,ask,,,11779070
2026-06-29T10:11:23.230149,2026-06-29T00:11:23.678350+00:00,97.0,42,ask,,,11779073
2026-06-29T10:11:24.417304,2026-06-29T00:11:24.865359+00:00,97.3,46,bid,,,11779102
2026-06-29T10:11:24.503648,2026-06-29T00:11:24.953359+00:00,97.3,25,bid,,,11779106
2026-06-29T10:11:24.712785,2026-06-29T00:11:25.162359+00:00,97.3,25,bid,,,11779118
2026-06-29T10:11:24.922451,2026-06-29T00:11:25.371359+00:00,97.3,4,bid,,,11779125
2026-06-29T10:11:25.247615,2026-06-29T00:11:25.701350+00:00,97.0,50,ask,,,11779133
2026-06-29T10:11:25.368438,2026-06-29T00:11:25.822350+00:00,97.1,150,bid,,,11779141
2026-06-29T10:11:27.253054,2026-06-29T00:11:27.702433+00:00,97.3,43,ask,,,11779179
2026-06-29T10:11:27.352544,2026-06-29T00:11:27.801424+00:00,97.3,50,ask,,,11779180
2026-06-29T10:11:29.409248,2026-06-29T00:11:29.857982+00:00,97.4,5,bid,,,11779209
2026-06-29T10:11:29.409248,2026-06-29T00:11:29.868980+00:00,97.5,45,bid,,,11779210
2026-06-29T10:11:33.627207,2026-06-29T00:11:34.081020+00:00,97.4,4,bid,,,11779304
2026-06-29T10:11:33.627207,2026-06-29T00:11:34.081020+00:00,97.6,44,bid,,,11779305
2026-06-29T10:11:34.141529,2026-06-29T00:11:34.598030+00:00,97.2,49,ask,,,11779310
2026-06-29T10:11:38.287159,2026-06-29T00:11:38.743772+00:00,97.5,3,bid,,,11779398
2026-06-29T10:11:38.287159,2026-06-29T00:11:38.743772+00:00,97.6,37,bid,,,11779399
2026-06-29T10:11:39.399038,2026-06-29T00:11:39.854772+00:00,97.5,2,bid,,,11779426
2026-06-29T10:11:39.399038,2026-06-29T00:11:39.854772+00:00,97.6,45,bid,,,11779427
2026-06-29T10:11:39.984191,2026-06-29T00:11:40.437772+00:00,97.3,50,ask,,,11779440
2026-06-29T10:11:42.089426,2026-06-29T00:11:42.547882+00:00,97.2,50,ask,,,11779472
2026-06-29T10:11:44.196531,2026-06-29T00:11:44.648496+00:00,97.2,50,ask,,,11779505
2026-06-29T10:11:47.001484,2026-06-29T00:11:47.452431+00:00,97.2,42,ask,,,11779565
2026-06-29T10:11:47.947313,2026-06-29T00:11:48.397982+00:00,97.3,40,bid,,,11779591
2026-06-29T10:11:48.356582,2026-06-29T00:11:48.815991+00:00,97.3,50,bid,,,11779598
2026-06-29T10:11:50.463320,2026-06-29T00:11:50.916991+00:00,97.3,50,bid,,,11779639
2026-06-29T10:11:50.611127,2026-06-29T00:11:51.059991+00:00,97.3,100,bid,,,11779641
2026-06-29T10:11:50.773767,2026-06-29T00:11:51.224991+00:00,97.4,25,ask,,,11779648
2026-06-29T10:11:51.000814,2026-06-29T00:11:51.455991+00:00,97.4,25,ask,,,11779651
2026-06-29T10:11:52.569613,2026-06-29T00:11:53.017991+00:00,97.5,1,bid,,,11779685
2026-06-29T10:11:52.569613,2026-06-29T00:11:53.028991+00:00,97.6,49,bid,,,11779686
2026-06-29T10:11:52.695440,2026-06-29T00:11:53.149072+00:00,97.1,1,ask,,,11779688
2026-06-29T10:11:52.695440,2026-06-29T00:11:53.149072+00:00,97.1,46,ask,,,11779689
2026-06-29T10:11:53.666719,2026-06-29T00:11:54.117082+00:00,97.1,48,ask,,,11779718
2026-06-29T10:11:54.687987,2026-06-29T00:11:55.139192+00:00,97.3,50,bid,,,11779737
2026-06-29T10:11:56.793908,2026-06-29T00:11:57.249963+00:00,97.3,50,bid,,,11779772
2026-06-29T10:11:58.329048,2026-06-29T00:11:58.778528+00:00,97.4,4,bid,,,11779808
2026-06-29T10:11:58.329048,2026-06-29T00:11:58.778528+00:00,97.6,43,bid,,,11779809
2026-06-29T10:11:58.898274,2026-06-29T00:11:59.350520+00:00,97.6,50,bid,,,11779813
2026-06-29T10:12:00.097951,2026-06-29T00:12:00.549529+00:00,97.6,100,bid,,,11779840
2026-06-29T10:12:00.160743,2026-06-29T00:12:00.615528+00:00,97.7,50,ask,,,11779844
2026-06-29T10:12:01.419897,2026-06-29T00:12:01.869529+00:00,97.5,47,ask,,,11779865
2026-06-29T10:12:03.165700,2026-06-29T00:12:03.617124+00:00,97.5,50,ask,,,11779891
2026-06-29T10:12:05.271433,2026-06-29T00:12:05.729147+00:00,97.2,50,ask,,,11779948
2026-06-29T10:12:07.327467,2026-06-29T00:12:07.775167+00:00,97.4,50,bid,,,11779985
2026-06-29T10:12:09.445910,2026-06-29T00:12:09.897726+00:00,97.4,50,bid,,,11780027
2026-06-29T10:12:09.582906,2026-06-29T00:12:10.040726+00:00,97.4,100,bid,,,11780030
2026-06-29T10:12:13.667756,2026-06-29T00:12:14.119423+00:00,97.5,2,bid,,,11780114
2026-06-29T10:12:13.667756,2026-06-29T00:12:14.119423+00:00,97.5,48,bid,,,11780115
2026-06-29T10:12:15.777193,2026-06-29T00:12:16.230892+00:00,97.5,50,bid,,,11780151
2026-06-29T10:12:17.072591,2026-06-29T00:12:17.528903+00:00,97.4,25,ask,,,11780174
2026-06-29T10:12:17.281955,2026-06-29T00:12:17.737903+00:00,97.4,25,ask,,,11780180
2026-06-29T10:12:17.493407,2026-06-29T00:12:17.946912+00:00,97.4,25,ask,,,11780182
2026-06-29T10:12:17.671872,2026-06-29T00:12:18.122098+00:00,97.4,75,ask,,,11780187
2026-06-29T10:12:19.129443,2026-06-29T00:12:19.583648+00:00,97.2,100,ask,,,11780233
2026-06-29T10:12:19.129443,2026-06-29T00:12:19.583648+00:00,97.2,1,ask,,,11780234
2026-06-29T10:12:19.756232,2026-06-29T00:12:20.208767+00:00,97.2,5,bid,,,11780243
2026-06-29T10:12:19.921697,2026-06-29T00:12:20.373766+00:00,97.2,2,bid,,,11780247
2026-06-29T10:12:19.998405,2026-06-29T00:12:20.450767+00:00,97.2,42,bid,,,11780250
2026-06-29T10:12:19.998405,2026-06-29T00:12:20.450767+00:00,97.3,8,bid,,,11780251
2026-06-29T10:12:20.676908,2026-06-29T00:12:21.132779+00:00,97.3,43,bid,,,11780261
2026-06-29T10:12:22.131719,2026-06-29T00:12:22.584662+00:00,97.3,49,bid,,,11780292
2026-06-29T10:12:22.131719,2026-06-29T00:12:22.584662+00:00,97.5,1,bid,,,11780293
2026-06-29T10:12:22.846099,2026-06-29T00:12:23.299339+00:00,97.2,40,ask,,,11780314
2026-06-29T10:12:23.870703,2026-06-29T00:12:24.322340+00:00,97.5,1,bid,,,11780330
2026-06-29T10:12:23.870703,2026-06-29T00:12:24.322340+00:00,97.5,48,bid,,,11780331
2026-06-29T10:12:24.238633,2026-06-29T00:12:24.696330+00:00,97.5,50,bid,,,11780334
2026-06-29T10:12:25.816920,2026-06-29T00:12:26.266812+00:00,97.5,5,bid,,,11780359
2026-06-29T10:12:25.816920,2026-06-29T00:12:26.266812+00:00,97.5,40,bid,,,11780360
2026-06-29T10:12:25.918448,2026-06-29T00:12:26.376812+00:00,97.3,25,ask,,,11780361
2026-06-29T10:12:26.133902,2026-06-29T00:12:26.585812+00:00,97.3,25,ask,,,11780369
2026-06-29T10:12:26.347702,2026-06-29T00:12:26.805693+00:00,97.5,50,bid,,,11780372
2026-06-29T10:12:27.878620,2026-06-29T00:12:28.334260+00:00,97.3,43,ask,,,11780395
2026-06-29T10:12:28.509950,2026-06-29T00:12:28.961260+00:00,97.3,7,ask,,,11780409
2026-06-29T10:12:28.509950,2026-06-29T00:12:28.961260+00:00,97.2,2,ask,,,11780410
2026-06-29T10:12:29.385993,2026-06-29T00:12:29.841251+00:00,97.4,46,ask,,,11780432
2026-06-29T10:12:29.772892,2026-06-29T00:12:30.226260+00:00,97.4,25,ask,,,11780444
2026-06-29T10:12:30.381970,2026-06-29T00:12:30.830770+00:00,97.4,48,ask,,,11780453
2026-06-29T10:12:30.616885,2026-06-29T00:12:31.072779+00:00,97.4,31,ask,,,11780459
2026-06-29T10:12:30.616885,2026-06-29T00:12:31.072779+00:00,97.1,19,ask,,,11780460
2026-06-29T10:12:32.727114,2026-06-29T00:12:33.184307+00:00,96.9,50,ask,,,11780496
2026-06-29T10:12:33.116199,2026-06-29T00:12:33.569317+00:00,97.2,46,bid,,,11780509
2026-06-29T10:12:33.462021,2026-06-29T00:12:33.910321+00:00,97.2,3,bid,,,11780516
2026-06-29T10:12:34.833925,2026-06-29T00:12:35.285329+00:00,97.1,3,ask,,,11780548
2026-06-29T10:12:34.833925,2026-06-29T00:12:35.285329+00:00,96.9,47,ask,,,11780549
2026-06-29T10:12:36.942991,2026-06-29T00:12:37.396927+00:00,97.1,5,ask,,,11780594
2026-06-29T10:12:36.942991,2026-06-29T00:12:37.396927+00:00,97.0,45,ask,,,11780595
2026-06-29T10:12:38.330247,2026-06-29T00:12:38.782822+00:00,97.2,43,bid,,,11780613
2026-06-29T10:12:39.051627,2026-06-29T00:12:39.508712+00:00,97.0,4,ask,,,11780635
2026-06-29T10:12:39.051627,2026-06-29T00:12:39.508712+00:00,96.7,46,ask,,,11780636
2026-06-29T10:12:39.397194,2026-06-29T00:12:39.849712+00:00,96.7,44,ask,,,11780645
2026-06-29T10:12:40.534295,2026-06-29T00:12:40.982724+00:00,97.2,45,bid,,,11780676
2026-06-29T10:12:41.159641,2026-06-29T00:12:41.609842+00:00,97.0,6,ask,,,11780683
2026-06-29T10:12:41.159641,2026-06-29T00:12:41.609842+00:00,96.7,44,ask,,,11780684
2026-06-29T10:12:43.192889,2026-06-29T00:12:43.653020+00:00,97.0,25,bid,,,11780723
2026-06-29T10:12:43.402676,2026-06-29T00:12:43.862021+00:00,97.0,25,bid,,,11780728
2026-06-29T10:12:43.611995,2026-06-29T00:12:44.070421+00:00,97.0,25,bid,,,11780737
2026-06-29T10:12:43.824549,2026-06-29T00:12:44.279421+00:00,97.0,25,bid,,,11780747
2026-06-29T10:12:44.033330,2026-06-29T00:12:44.488420+00:00,97.0,25,bid,,,11780751
2026-06-29T10:12:44.242187,2026-06-29T00:12:44.696539+00:00,97.0,25,bid,,,11780756
2026-06-29T10:12:44.385822,2026-06-29T00:12:44.839539+00:00,97.0,100,bid,,,11780762
2026-06-29T10:12:45.047916,2026-06-29T00:12:45.499539+00:00,97.2,25,ask,,,11780775
2026-06-29T10:12:45.258596,2026-06-29T00:12:45.708540+00:00,97.2,25,ask,,,11780777
2026-06-29T10:12:45.370680,2026-06-29T00:12:45.829429+00:00,96.9,50,ask,,,11780781
2026-06-29T10:12:46.930984,2026-06-29T00:12:47.379968+00:00,96.9,49,ask,,,11780817
2026-06-29T10:12:47.476777,2026-06-29T00:12:47.929977+00:00,96.9,1,ask,,,11780826
2026-06-29T10:12:48.478488,2026-06-29T00:12:48.929184+00:00,97.0,25,bid,,,11780838
2026-06-29T10:12:48.506854,2026-06-29T00:12:48.962185+00:00,97.0,43,bid,,,11780840
2026-06-29T10:12:48.687028,2026-06-29T00:12:49.138189+00:00,97.0,25,bid,,,11780847
2026-06-29T10:12:48.898159,2026-06-29T00:12:49.347198+00:00,97.0,25,bid,,,11780850
2026-06-29T10:12:48.980436,2026-06-29T00:12:49.435198+00:00,97.0,32,bid,,,11780851
2026-06-29T10:12:48.980436,2026-06-29T00:12:49.435198+00:00,97.0,16,bid,,,11780852
2026-06-29T10:12:49.472672,2026-06-29T00:12:49.930198+00:00,97.0,47,bid,,,11780856
2026-06-29T10:12:49.583724,2026-06-29T00:12:50.040198+00:00,96.5,50,ask,,,11780857
2026-06-29T10:12:50.705409,2026-06-29T00:12:51.162189+00:00,97.0,37,bid,,,11780875
2026-06-29T10:12:51.172842,2026-06-29T00:12:51.624308+00:00,97.0,49,ask,,,11780884
2026-06-29T10:12:53.803770,2026-06-29T00:12:54.262660+00:00,97.0,50,ask,,,11780925
2026-06-29T10:12:54.223504,2026-06-29T00:12:54.673660+00:00,96.9,100,bid,,,11780935
2026-06-29T10:12:54.603301,2026-06-29T00:12:55.058669+00:00,96.9,47,bid,,,11780944
2026-06-29T10:12:54.721214,2026-06-29T00:12:55.179659+00:00,96.9,3,bid,,,11780951
2026-06-29T10:12:56.681384,2026-06-29T00:12:57.137222+00:00,96.4,45,ask,,,11780995
2026-06-29T10:12:57.203178,2026-06-29T00:12:57.654231+00:00,96.7,49,ask,,,11781001
2026-06-29T10:12:57.962184,2026-06-29T00:12:58.411899+00:00,97.0,50,bid,,,11781024
2026-06-29T10:13:01.492066,2026-06-29T00:13:01.942308+00:00,96.9,125,bid,,,11781114
2026-06-29T10:13:01.712996,2026-06-29T00:13:02.162308+00:00,96.9,25,bid,,,11781116
2026-06-29T10:13:01.712996,2026-06-29T00:13:02.162308+00:00,97.3,19,bid,,,11781117
2026-06-29T10:13:02.226626,2026-06-29T00:13:02.679417+00:00,96.8,50,ask,,,11781131
2026-06-29T10:13:03.543645,2026-06-29T00:13:03.997070+00:00,97.0,25,ask,,,11781152
2026-06-29T10:13:03.753860,2026-06-29T00:13:04.205969+00:00,97.0,25,ask,,,11781156
2026-06-29T10:13:03.781554,2026-06-29T00:13:04.238961+00:00,97.0,100,ask,,,11781158
2026-06-29T10:13:04.332917,2026-06-29T00:13:04.788969+00:00,96.7,2,ask,,,11781175
2026-06-29T10:13:04.332917,2026-06-29T00:13:04.788969+00:00,96.4,48,ask,,,11781176
2026-06-29T10:13:06.441157,2026-06-29T00:13:06.889517+00:00,96.4,50,ask,,,11781208
2026-06-29T10:13:08.565369,2026-06-29T00:13:09.022608+00:00,96.4,50,ask,,,11781251
2026-06-29T10:13:09.784496,2026-06-29T00:13:10.232608+00:00,96.7,25,bid,,,11781277
2026-06-29T10:13:10.003993,2026-06-29T00:13:10.463612+00:00,96.7,25,bid,,,11781281
2026-06-29T10:13:10.579359,2026-06-29T00:13:11.035621+00:00,96.4,45,ask,,,11781287
2026-06-29T10:13:10.671608,2026-06-29T00:13:11.123621+00:00,96.4,50,ask,,,11781288
2026-06-29T10:13:11.212637,2026-06-29T00:13:11.662621+00:00,96.7,46,bid,,,11781291
2026-06-29T10:13:13.266809,2026-06-29T00:13:13.725175+00:00,96.5,100,ask,,,11781332
2026-06-29T10:13:13.930927,2026-06-29T00:13:14.385065+00:00,96.5,43,ask,,,11781349
2026-06-29T10:13:14.863623,2026-06-29T00:13:15.320078+00:00,97.0,50,bid,,,11781366
2026-06-29T10:13:16.970625,2026-06-29T00:13:17.420639+00:00,96.7,50,bid,,,11781410
2026-06-29T10:13:17.717657,2026-06-29T00:13:18.168775+00:00,96.7,49,bid,,,11781422
2026-06-29T10:13:18.651652,2026-06-29T00:13:19.103766+00:00,96.4,43,ask,,,11781437
2026-06-29T10:13:19.079367,2026-06-29T00:13:19.532285+00:00,96.7,50,bid,,,11781441
2026-06-29T10:13:19.221305,2026-06-29T00:13:19.674403+00:00,96.9,44,bid,,,11781443
2026-06-29T10:13:23.361524,2026-06-29T00:13:23.818168+00:00,96.7,41,ask,,,11781513
2026-06-29T10:13:24.948338,2026-06-29T00:13:25.402169+00:00,96.8,1,bid,,,11781544
2026-06-29T10:13:24.948338,2026-06-29T00:13:25.402169+00:00,96.8,41,bid,,,11781545
2026-06-29T10:13:25.002984,2026-06-29T00:13:25.457168+00:00,96.7,41,ask,,,11781546
2026-06-29T10:13:25.470347,2026-06-29T00:13:25.930168+00:00,96.5,2,ask,,,11781552
2026-06-29T10:13:25.470347,2026-06-29T00:13:25.930168+00:00,96.3,48,ask,,,11781553
2026-06-29T10:13:25.525829,2026-06-29T00:13:25.985168+00:00,96.3,45,ask,,,11781556
2026-06-29T10:13:26.435753,2026-06-29T00:13:26.886718+00:00,96.6,75,bid,,,11781581
2026-06-29T10:13:27.577134,2026-06-29T00:13:28.030747+00:00,96.5,4,ask,,,11781598
2026-06-29T10:13:27.577134,2026-06-29T00:13:28.030747+00:00,96.3,46,ask,,,11781599
2026-06-29T10:13:29.684533,2026-06-29T00:13:30.141381+00:00,96.4,50,ask,,,11781633
2026-06-29T10:13:29.916756,2026-06-29T00:13:30.372381+00:00,96.7,44,bid,,,11781639
2026-06-29T10:13:30.549964,2026-06-29T00:13:30.999380+00:00,96.7,47,bid,,,11781655
2026-06-29T10:13:31.789394,2026-06-29T00:13:32.242380+00:00,96.4,50,ask,,,11781680
2026-06-29T10:13:33.897803,2026-06-29T00:13:34.353358+00:00,96.5,50,ask,,,11781712
2026-06-29T10:13:34.032217,2026-06-29T00:13:34.485358+00:00,96.5,49,ask,,,11781714
2026-06-29T10:13:34.650619,2026-06-29T00:13:35.100870+00:00,96.5,47,ask,,,11781737
2026-06-29T10:13:35.066576,2026-06-29T00:13:35.518868+00:00,96.4,2,ask,,,11781749
2026-06-29T10:13:35.274251,2026-06-29T00:13:35.727868+00:00,96.4,40,bid,,,11781750
2026-06-29T10:13:36.006095,2026-06-29T00:13:36.464011+00:00,96.0,50,ask,,,11781765
2026-06-29T10:13:38.112699,2026-06-29T00:13:38.564032+00:00,96.0,50,ask,,,11781788
2026-06-29T10:13:39.219178,2026-06-29T00:13:39.675032+00:00,96.3,1,bid,,,11781807
2026-06-29T10:13:40.167151,2026-06-29T00:13:40.621045+00:00,96.3,50,bid,,,11781827
2026-06-29T10:13:40.907812,2026-06-29T00:13:41.358038+00:00,96.3,43,bid,,,11781843
2026-06-29T10:13:41.072307,2026-06-29T00:13:41.523045+00:00,96.3,6,bid,,,11781845
2026-06-29T10:13:41.483677,2026-06-29T00:13:41.941036+00:00,96.5,4,bid,,,11781852
2026-06-29T10:13:42.299207,2026-06-29T00:13:42.755045+00:00,96.5,4,bid,,,11781870
2026-06-29T10:13:42.327397,2026-06-29T00:13:42.777045+00:00,96.3,50,ask,,,11781871
2026-06-29T10:13:42.499019,2026-06-29T00:13:42.953036+00:00,96.7,48,bid,,,11781875
2026-06-29T10:13:42.557354,2026-06-29T00:13:43.008036+00:00,96.3,48,ask,,,11781876
2026-06-29T10:13:44.383909,2026-06-29T00:13:44.833681+00:00,96.5,4,bid,,,11781905
2026-06-29T10:13:44.383909,2026-06-29T00:13:44.844750+00:00,96.7,46,bid,,,11781906
2026-06-29T10:13:44.907111,2026-06-29T00:13:45.361159+00:00,96.3,100,bid,,,11781911
2026-06-29T10:13:45.071266,2026-06-29T00:13:45.526159+00:00,96.3,47,bid,,,11781913
2026-06-29T10:13:45.576029,2026-06-29T00:13:46.032150+00:00,96.3,3,bid,,,11781928
2026-06-29T10:13:46.544248,2026-06-29T00:13:46.999684+00:00,95.8,50,ask,,,11781951
2026-06-29T10:13:47.757315,2026-06-29T00:13:48.208483+00:00,96.4,46,ask,,,11781968
2026-06-29T10:13:48.231903,2026-06-29T00:13:48.681484+00:00,96.6,4,bid,,,11781973
2026-06-29T10:13:48.231903,2026-06-29T00:13:48.692483+00:00,96.8,45,bid,,,11781974
2026-06-29T10:13:48.650771,2026-06-29T00:13:49.099374+00:00,96.4,50,ask,,,11781983
2026-06-29T10:13:48.745119,2026-06-29T00:13:49.198374+00:00,96.4,44,ask,,,11781985
2026-06-29T10:13:50.758832,2026-06-29T00:13:51.209497+00:00,96.4,10,ask,,,11782015
2026-06-29T10:13:50.758832,2026-06-29T00:13:51.209497+00:00,96.3,1,ask,,,11782016
2026-06-29T10:13:50.758832,2026-06-29T00:13:51.209497+00:00,96.3,39,ask,,,11782017
2026-06-29T10:13:50.903599,2026-06-29T00:13:51.363497+00:00,96.3,61,ask,,,11782023
2026-06-29T10:13:50.903599,2026-06-29T00:13:51.363497+00:00,96.3,1,ask,,,11782024
2026-06-29T10:13:51.234396,2026-06-29T00:13:51.693497+00:00,95.9,1,bid,,,11782031
2026-06-29T10:13:51.317935,2026-06-29T00:13:51.770497+00:00,95.9,1,bid,,,11782034
2026-06-29T10:13:51.355286,2026-06-29T00:13:51.814497+00:00,95.9,1,bid,,,11782036
2026-06-29T10:13:52.813882,2026-06-29T00:13:53.265171+00:00,95.9,50,bid,,,11782057
2026-06-29T10:13:54.501229,2026-06-29T00:13:54.956180+00:00,96.0,49,ask,,,11782084
2026-06-29T10:13:54.972853,2026-06-29T00:13:55.429180+00:00,96.0,50,ask,,,11782095
2026-06-29T10:14:00.735461,2026-06-29T00:14:01.192252+00:00,96.3,41,bid,,,11782221
2026-06-29T10:14:01.234633,2026-06-29T00:14:01.687261+00:00,96.3,50,bid,,,11782227
2026-06-29T10:14:03.340718,2026-06-29T00:14:03.797421+00:00,96.3,50,bid,,,11782258
2026-06-29T10:14:05.448276,2026-06-29T00:14:05.898435+00:00,96.4,4,bid,,,11782291
2026-06-29T10:14:05.448276,2026-06-29T00:14:05.898435+00:00,96.4,46,bid,,,11782292
2026-06-29T10:14:07.554261,2026-06-29T00:14:08.009016+00:00,96.3,4,bid,,,11782327
2026-06-29T10:14:07.554261,2026-06-29T00:14:08.009016+00:00,96.4,46,bid,,,11782328
2026-06-29T10:14:08.048469,2026-06-29T00:14:08.504134+00:00,96.0,46,ask,,,11782330
2026-06-29T10:14:09.663544,2026-06-29T00:14:10.121142+00:00,96.4,50,bid,,,11782359
2026-06-29T10:14:11.154051,2026-06-29T00:14:11.605143+00:00,96.5,47,bid,,,11782383
2026-06-29T10:14:11.772063,2026-06-29T00:14:12.221143+00:00,96.5,50,bid,,,11782392
2026-06-29T10:14:12.744740,2026-06-29T00:14:13.197815+00:00,96.5,47,bid,,,11782413
2026-06-29T10:14:13.907547,2026-06-29T00:14:14.363698+00:00,96.8,50,bid,,,11782430
2026-06-29T10:14:16.064585,2026-06-29T00:14:16.519305+00:00,96.5,50,ask,,,11782471
2026-06-29T10:14:17.942400,2026-06-29T00:14:18.399010+00:00,96.6,43,ask,,,11782515
2026-06-29T10:14:20.277471,2026-06-29T00:14:20.731010+00:00,96.5,50,ask,,,11782571
2026-06-29T10:14:22.197070,2026-06-29T00:14:22.656010+00:00,96.5,48,ask,,,11782606
2026-06-29T10:14:22.333611,2026-06-29T00:14:22.788010+00:00,97.0,50,bid,,,11782608
2026-06-29T10:14:23.197184,2026-06-29T00:14:23.655684+00:00,97.2,41,bid,,,11782634
2026-06-29T10:14:24.439573,2026-06-29T00:14:24.898686+00:00,97.2,50,bid,,,11782666
2026-06-29T10:14:24.806977,2026-06-29T00:14:25.261693+00:00,96.9,40,ask,,,11782670
2026-06-29T10:14:26.546036,2026-06-29T00:14:26.998372+00:00,97.1,50,bid,,,11782689
2026-06-29T10:14:27.957754,2026-06-29T00:14:28.416820+00:00,96.9,44,ask,,,11782719
2026-06-29T10:14:28.672040,2026-06-29T00:14:29.120840+00:00,97.1,50,bid,,,11782736
2026-06-29T10:14:29.051547,2026-06-29T00:14:29.505840+00:00,97.3,46,bid,,,11782742
2026-06-29T10:14:30.779842,2026-06-29T00:14:31.232359+00:00,97.3,50,bid,,,11782769
2026-06-29T10:14:32.911188,2026-06-29T00:14:33.364460+00:00,97.6,50,bid,,,11782802
2026-06-29T10:14:35.018868,2026-06-29T00:14:35.476471+00:00,97.6,50,bid,,,11782849
2026-06-29T10:14:35.137774,2026-06-29T00:14:35.586471+00:00,97.6,100,bid,,,11782854
2026-06-29T10:14:35.203250,2026-06-29T00:14:35.663471+00:00,97.6,25,ask,,,11782858
2026-06-29T10:14:35.212311,2026-06-29T00:14:35.663471+00:00,97.6,25,ask,,,11782862
2026-06-29T10:14:35.614803,2026-06-29T00:14:36.069290+00:00,97.3,9,ask,,,11782869
2026-06-29T10:14:35.967465,2026-06-29T00:14:36.421308+00:00,97.3,4,ask,,,11782874
2026-06-29T10:14:36.145927,2026-06-29T00:14:36.597321+00:00,97.3,4,ask,,,11782876
2026-06-29T10:14:36.401563,2026-06-29T00:14:36.850300+00:00,97.3,4,ask,,,11782881
2026-06-29T10:14:36.458220,2026-06-29T00:14:36.916299+00:00,97.3,4,ask,,,11782882
2026-06-29T10:14:36.483420,2026-06-29T00:14:36.938299+00:00,97.3,3,ask,,,11782883
2026-06-29T10:14:36.538071,2026-06-29T00:14:36.993299+00:00,97.3,3,ask,,,11782889
2026-06-29T10:14:36.595689,2026-06-29T00:14:37.048299+00:00,97.3,3,ask,,,11782890
2026-06-29T10:14:37.138128,2026-06-29T00:14:37.587309+00:00,97.8,50,bid,,,11782897
2026-06-29T10:14:37.426548,2026-06-29T00:14:37.884299+00:00,97.3,25,ask,,,11782907
2026-06-29T10:14:37.594433,2026-06-29T00:14:38.049308+00:00,97.3,41,ask,,,11782914
2026-06-29T10:14:37.594433,2026-06-29T00:14:38.049308+00:00,96.9,2,ask,,,11782915
2026-06-29T10:14:39.245610,2026-06-29T00:14:39.697975+00:00,97.3,50,bid,,,11782950
2026-06-29T10:14:41.377644,2026-06-29T00:14:41.831604+00:00,97.3,50,bid,,,11782993
2026-06-29T10:14:41.625567,2026-06-29T00:14:42.083723+00:00,97.5,45,bid,,,11782995
2026-06-29T10:14:41.643110,2026-06-29T00:14:42.094724+00:00,97.4,25,ask,,,11782996
2026-06-29T10:14:41.770101,2026-06-29T00:14:42.226613+00:00,97.4,3,ask,,,11783000
2026-06-29T10:14:41.810812,2026-06-29T00:14:42.259614+00:00,97.4,3,ask,,,11783001
2026-06-29T10:14:41.853815,2026-06-29T00:14:42.314613+00:00,97.4,25,ask,,,11783002
2026-06-29T10:14:42.062298,2026-06-29T00:14:42.512614+00:00,97.4,25,ask,,,11783010
2026-06-29T10:14:42.272805,2026-06-29T00:14:42.721613+00:00,97.4,25,ask,,,11783016
2026-06-29T10:14:42.481374,2026-06-29T00:14:42.930605+00:00,97.4,25,ask,,,11783020
2026-06-29T10:14:43.308018,2026-06-29T00:14:43.765282+00:00,97.4,3,ask,,,11783034
2026-06-29T10:14:43.484513,2026-06-29T00:14:43.941293+00:00,97.7,50,bid,,,11783040
2026-06-29T10:14:43.495512,2026-06-29T00:14:43.952294+00:00,97.4,16,ask,,,11783041
2026-06-29T10:14:44.202681,2026-06-29T00:14:44.656302+00:00,97.2,42,ask,,,11783056
2026-06-29T10:14:45.045922,2026-06-29T00:14:45.503412+00:00,97.4,100,bid,,,11783077
2026-06-29T10:14:45.593094,2026-06-29T00:14:46.052821+00:00,97.4,50,bid,,,11783084
2026-06-29T10:14:46.798423,2026-06-29T00:14:47.251372+00:00,97.9,46,bid,,,11783111
2026-06-29T10:14:47.310946,2026-06-29T00:14:47.768381+00:00,97.0,3,ask,,,11783121
2026-06-29T10:14:47.310946,2026-06-29T00:14:47.768381+00:00,96.9,42,ask,,,11783122
2026-06-29T10:14:47.703183,2026-06-29T00:14:48.153268+00:00,97.9,50,bid,,,11783129
2026-06-29T10:14:49.334075,2026-06-29T00:14:49.791267+00:00,97.7,47,bid,,,11783172
2026-06-29T10:14:49.813058,2026-06-29T00:14:50.264157+00:00,97.7,50,bid,,,11783178
2026-06-29T10:14:50.734764,2026-06-29T00:14:51.186785+00:00,97.3,43,ask,,,11783189
2026-06-29T10:14:50.953479,2026-06-29T00:14:51.406676+00:00,97.5,10,ask,,,11783197
2026-06-29T10:14:51.927278,2026-06-29T00:14:52.385676+00:00,97.6,50,bid,,,11783213
2026-06-29T10:14:53.005525,2026-06-29T00:14:53.462448+00:00,97.5,90,ask,,,11783243
2026-06-29T10:14:54.086577,2026-06-29T00:14:54.540439+00:00,97.1,50,ask,,,11783256
2026-06-29T10:14:56.101057,2026-06-29T00:14:56.552775+00:00,97.6,42,bid,,,11783291
