timestamp,recv_time,price,volume,aggressor_side,buyer,seller,trade_id
2026-07-14T21:00:00.125278,2026-07-14T21:00:00.137841+00:00,70.3,46,bid,CostlyCorianders,DiligentDonuts,3715970
2026-07-14T21:00:01.527087,2026-07-14T21:00:01.445509+00:00,70.3,50,bid,FlawlessFlatbreads,DiligentDonuts,3715988
2026-07-14T21:00:03.634629,2026-07-14T21:00:03.637617+00:00,70.5,50,bid,FlawlessFlatbreads,EarnestEspressos,3716024
2026-07-14T21:00:05.025563,2026-07-14T21:00:05.036216+00:00,70.2,42,ask,EarnestEspressos,CostlyCorianders,3716038
2026-07-14T21:00:05.528663,2026-07-14T21:00:05.532895+00:00,70.2,41,ask,EarnestEspressos,CostlyCorianders,3716045
2026-07-14T21:00:05.743655,2026-07-14T21:00:05.754314+00:00,70.7,50,bid,FlawlessFlatbreads,EarnestEspressos,3716046
2026-07-14T21:00:07.906644,2026-07-14T21:00:07.909788+00:00,70.1,50,ask,DiligentDonuts,FlawlessFlatbreads,3716097
2026-07-14T21:00:10.014201,2026-07-14T21:00:10.028311+00:00,70.1,50,ask,DiligentDonuts,FlawlessFlatbreads,3716123
2026-07-14T21:00:10.744048,2026-07-14T21:00:10.747100+00:00,70.5,49,bid,CostlyCorianders,EarnestEspressos,3716137
2026-07-14T21:00:12.070361,2026-07-14T21:00:12.081990+00:00,70.5,50,bid,FlawlessFlatbreads,EarnestEspressos,3716161
2026-07-14T21:00:13.419212,2026-07-14T21:00:13.428462+00:00,70.4,100,bid,EarnestEspressos,DiligentDonuts,3716173
2026-07-14T21:00:16.340235,2026-07-14T21:00:16.346201+00:00,70.4,50,ask,EarnestEspressos,FlawlessFlatbreads,3716213
2026-07-14T21:00:18.448367,2026-07-14T21:00:18.453722+00:00,70.2,50,ask,DiligentDonuts,FlawlessFlatbreads,3716240
2026-07-14T21:00:18.738292,2026-07-14T21:00:18.743048+00:00,70.4,3,bid,Xuanyu Liu,EarnestEspressos,3716250
2026-07-14T21:00:18.783266,2026-07-14T21:00:18.786285+00:00,70.4,61,bid,Sze-Yong Ng,EarnestEspressos,3716252
2026-07-14T21:00:20.557933,2026-07-14T21:00:20.560694+00:00,70.3,50,ask,EarnestEspressos,FlawlessFlatbreads,3716276
2026-07-14T21:00:20.641669,2026-07-14T21:00:20.645279+00:00,70.3,45,ask,EarnestEspressos,CostlyCorianders,3716277
2026-07-14T21:00:21.629983,2026-07-14T21:00:21.638172+00:00,70.7,49,bid,CostlyCorianders,DiligentDonuts,3716289
2026-07-14T21:00:22.665978,2026-07-14T21:00:22.674659+00:00,70.3,50,ask,EarnestEspressos,FlawlessFlatbreads,3716308
2026-07-14T21:00:22.769534,2026-07-14T21:00:22.781394+00:00,70.3,5,ask,EarnestEspressos,CostlyCorianders,3716309
2026-07-14T21:00:22.769534,2026-07-14T21:00:22.781394+00:00,70.2,43,ask,DiligentDonuts,CostlyCorianders,3716310
2026-07-14T21:00:22.953901,2026-07-14T21:00:22.964248+00:00,70.2,57,ask,DiligentDonuts,EarnestEspressos,3716313
2026-07-14T21:00:23.045669,2026-07-14T21:00:23.050464+00:00,70.2,38,bid,Sze-Yong Ng,EarnestEspressos,3716318
2026-07-14T21:00:23.099149,2026-07-14T21:00:23.103824+00:00,70.2,25,bid,Johan Shajee,EarnestEspressos,3716322
2026-07-14T21:00:23.311384,2026-07-14T21:00:23.321038+00:00,70.2,25,bid,Johan Shajee,EarnestEspressos,3716330
2026-07-14T21:00:23.524565,2026-07-14T21:00:23.528474+00:00,70.2,5,bid,Johan Shajee,EarnestEspressos,3716334
2026-07-14T21:00:27.173505,2026-07-14T21:00:27.176668+00:00,70.6,43,bid,CostlyCorianders,DiligentDonuts,3716395
2026-07-14T21:00:27.689288,2026-07-14T21:00:27.697895+00:00,70.3,46,ask,EarnestEspressos,CostlyCorianders,3716413
2026-07-14T21:00:27.773562,2026-07-14T21:00:27.784270+00:00,70.6,2,bid,Dinh Nguyen,DiligentDonuts,3716417
2026-07-14T21:00:29.017083,2026-07-14T21:00:29.026974+00:00,70.3,50,ask,EarnestEspressos,FlawlessFlatbreads,3716435
2026-07-14T21:00:29.325837,2026-07-14T21:00:29.329060+00:00,70.5,45,bid,CostlyCorianders,EarnestEspressos,3716439
2026-07-14T21:00:29.399500,2026-07-14T21:00:29.404477+00:00,70.5,25,bid,Johan Shajee,EarnestEspressos,3716442
2026-07-14T21:00:30.248566,2026-07-14T21:00:30.250753+00:00,70.5,2,bid,Dinh Nguyen,EarnestEspressos,3716459
2026-07-14T21:00:31.126164,2026-07-14T21:00:31.130036+00:00,70.1,50,ask,DiligentDonuts,FlawlessFlatbreads,3716473
2026-07-14T21:00:31.222849,2026-07-14T21:00:31.227468+00:00,70.5,49,bid,CostlyCorianders,EarnestEspressos,3716477
2026-07-14T21:00:32.278697,2026-07-14T21:00:32.286096+00:00,70.1,46,ask,DiligentDonuts,CostlyCorianders,3716495
2026-07-14T21:00:33.254148,2026-07-14T21:00:33.263077+00:00,70.4,50,ask,EarnestEspressos,FlawlessFlatbreads,3716504
2026-07-14T21:00:34.242994,2026-07-14T21:00:34.246048+00:00,70.4,100,ask,EarnestEspressos,DiligentDonuts,3716516
2026-07-14T21:00:35.360966,2026-07-14T21:00:35.364900+00:00,69.9,50,ask,DiligentDonuts,FlawlessFlatbreads,3716536
2026-07-14T21:00:36.429571,2026-07-14T21:00:36.436668+00:00,70.2,2,bid,Dinh Nguyen,EarnestEspressos,3716553
2026-07-14T21:00:36.548071,2026-07-14T21:00:36.555453+00:00,69.9,49,ask,DiligentDonuts,CostlyCorianders,3716556
2026-07-14T21:00:37.468119,2026-07-14T21:00:37.475833+00:00,69.7,50,ask,EarnestEspressos,FlawlessFlatbreads,3716572
2026-07-14T21:00:37.652634,2026-07-14T21:00:37.658890+00:00,70.1,2,bid,Dinh Nguyen,DiligentDonuts,3716573
2026-07-14T21:00:38.052876,2026-07-14T21:00:38.075618+00:00,70.1,48,bid,CostlyCorianders,DiligentDonuts,3716578
2026-07-14T21:00:38.425592,2026-07-14T21:00:38.429949+00:00,70.1,25,bid,Johan Shajee,DiligentDonuts,3716586
2026-07-14T21:00:38.493948,2026-07-14T21:00:38.504405+00:00,70.1,23,bid,Sze-Yong Ng,DiligentDonuts,3716589
2026-07-14T21:00:38.659861,2026-07-14T21:00:38.664528+00:00,70.1,2,bid,Johan Shajee,DiligentDonuts,3716592
2026-07-14T21:00:38.665640,2026-07-14T21:00:38.675293+00:00,70.2,2,bid,Johan Shajee,EarnestEspressos,3716594
2026-07-14T21:00:38.875016,2026-07-14T21:00:38.877430+00:00,70.1,25,bid,Johan Shajee,EarnestEspressos,3716599
2026-07-14T21:00:38.879498,2026-07-14T21:00:38.888096+00:00,70.1,2,bid,Johan Shajee,EarnestEspressos,3716600
2026-07-14T21:00:39.068388,2026-07-14T21:00:39.070563+00:00,70.1,45,bid,CostlyCorianders,EarnestEspressos,3716607
2026-07-14T21:00:39.089610,2026-07-14T21:00:39.091901+00:00,70.1,25,bid,Dinh Nguyen,EarnestEspressos,3716609
2026-07-14T21:00:39.094427,2026-07-14T21:00:39.102607+00:00,70.1,2,bid,Johan Shajee,EarnestEspressos,3716610
2026-07-14T21:00:39.180580,2026-07-14T21:00:39.188228+00:00,70.1,25,bid,Johan Shajee,EarnestEspressos,3716611
2026-07-14T21:00:39.312482,2026-07-14T21:00:39.316776+00:00,70.1,20,bid,Johan Shajee,EarnestEspressos,3716615
2026-07-14T21:00:39.317677,2026-07-14T21:00:39.327667+00:00,70.1,2,bid,Johan Shajee,EarnestEspressos,3716616
2026-07-14T21:00:39.443603,2026-07-14T21:00:39.445421+00:00,70.1,1,bid,Dinh Nguyen,EarnestEspressos,3716620
2026-07-14T21:00:39.523014,2026-07-14T21:00:39.530926+00:00,70.1,2,bid,Johan Shajee,EarnestEspressos,3716622
2026-07-14T21:00:39.573994,2026-07-14T21:00:39.584459+00:00,69.6,50,ask,DiligentDonuts,FlawlessFlatbreads,3716623
2026-07-14T21:00:39.727856,2026-07-14T21:00:39.733645+00:00,70.1,1,bid,Johan Shajee,EarnestEspressos,3716625
2026-07-14T21:00:40.468285,2026-07-14T21:00:40.479671+00:00,69.6,40,ask,EarnestEspressos,CostlyCorianders,3716633
2026-07-14T21:00:41.398193,2026-07-14T21:00:41.401775+00:00,70.4,43,bid,CostlyCorianders,DiligentDonuts,3716652
2026-07-14T21:00:41.679418,2026-07-14T21:00:41.691748+00:00,69.9,50,ask,DiligentDonuts,FlawlessFlatbreads,3716655
2026-07-14T21:00:43.786935,2026-07-14T21:00:43.795435+00:00,69.8,50,ask,EarnestEspressos,FlawlessFlatbreads,3716688
2026-07-14T21:00:45.185598,2026-07-14T21:00:45.189860+00:00,70.0,12,bid,Johan Shajee,EarnestEspressos,3716713
2026-07-14T21:00:45.317806,2026-07-14T21:00:45.322579+00:00,70.0,3,bid,Xuanyu Liu,EarnestEspressos,3716716
2026-07-14T21:00:45.322314,2026-07-14T21:00:45.333496+00:00,70.0,13,bid,Sze-Yong Ng,EarnestEspressos,3716717
2026-07-14T21:00:45.919749,2026-07-14T21:00:45.930929+00:00,69.7,50,ask,DiligentDonuts,FlawlessFlatbreads,3716726
2026-07-14T21:00:45.922909,2026-07-14T21:00:45.930929+00:00,70.0,25,bid,Dinh Nguyen,EarnestEspressos,3716727
2026-07-14T21:00:46.267801,2026-07-14T21:00:46.272769+00:00,70.0,11,bid,Xuanyu Liu,EarnestEspressos,3716737
2026-07-14T21:00:46.319037,2026-07-14T21:00:46.326567+00:00,70.0,8,bid,Sze-Yong Ng,EarnestEspressos,3716738
2026-07-14T21:00:47.448143,2026-07-14T21:00:47.454217+00:00,70.0,25,bid,Dinh Nguyen,EarnestEspressos,3716749
2026-07-14T21:00:47.696794,2026-07-14T21:00:47.702950+00:00,69.9,45,ask,DiligentDonuts,CostlyCorianders,3716760
2026-07-14T21:00:48.220537,2026-07-14T21:00:48.226079+00:00,70.1,11,ask,EarnestEspressos,Xuanyu Liu,3716765
2026-07-14T21:00:48.270442,2026-07-14T21:00:48.279909+00:00,70.1,45,ask,EarnestEspressos,CostlyCorianders,3716766
2026-07-14T21:00:50.077494,2026-07-14T21:00:50.081854+00:00,70.2,50,bid,FlawlessFlatbreads,DiligentDonuts,3716787
2026-07-14T21:00:50.889174,2026-07-14T21:00:50.895731+00:00,70.2,25,bid,Dinh Nguyen,DiligentDonuts,3716799
2026-07-14T21:00:51.701911,2026-07-14T21:00:51.710797+00:00,70.2,25,bid,CostlyCorianders,DiligentDonuts,3716808
2026-07-14T21:00:51.701911,2026-07-14T21:00:51.710797+00:00,70.5,17,bid,CostlyCorianders,EarnestEspressos,3716809
2026-07-14T21:00:52.184374,2026-07-14T21:00:52.193026+00:00,70.5,50,bid,FlawlessFlatbreads,EarnestEspressos,3716815
2026-07-14T21:00:54.263570,2026-07-14T21:00:54.266084+00:00,70.5,47,bid,CostlyCorianders,EarnestEspressos,3716837
2026-07-14T21:00:54.292220,2026-07-14T21:00:54.298252+00:00,70.5,36,bid,FlawlessFlatbreads,EarnestEspressos,3716838
2026-07-14T21:00:54.292220,2026-07-14T21:00:54.298252+00:00,70.7,14,bid,FlawlessFlatbreads,DiligentDonuts,3716839
2026-07-14T21:00:54.416993,2026-07-14T21:00:54.421765+00:00,70.2,3,ask,DiligentDonuts,Xuanyu Liu,3716840
2026-07-14T21:00:54.441516,2026-07-14T21:00:54.443381+00:00,70.2,8,ask,DiligentDonuts,Sze-Yong Ng,3716842
2026-07-14T21:00:54.540706,2026-07-14T21:00:54.544820+00:00,70.5,3,ask,EarnestEspressos,Xuanyu Liu,3716843
2026-07-14T21:00:54.609604,2026-07-14T21:00:54.621271+00:00,70.5,25,ask,EarnestEspressos,Johan Shajee,3716847
2026-07-14T21:00:54.630790,2026-07-14T21:00:54.643118+00:00,70.5,116,ask,EarnestEspressos,Sze-Yong Ng,3716849
2026-07-14T21:00:54.818846,2026-07-14T21:00:54.827946+00:00,70.5,6,ask,EarnestEspressos,Johan Shajee,3716854
2026-07-14T21:00:56.401759,2026-07-14T21:00:56.408847+00:00,70.5,50,bid,FlawlessFlatbreads,DiligentDonuts,3716885
2026-07-14T21:00:56.515528,2026-07-14T21:00:56.527069+00:00,70.0,42,ask,DiligentDonuts,CostlyCorianders,3716887
2026-07-14T21:00:58.106342,2026-07-14T21:00:58.121019+00:00,70.5,3,bid,Xuanyu Liu,DiligentDonuts,3716912
2026-07-14T21:00:58.140523,2026-07-14T21:00:58.142956+00:00,70.5,42,bid,Sze-Yong Ng,DiligentDonuts,3716915
2026-07-14T21:00:58.510408,2026-07-14T21:00:58.519012+00:00,70.5,5,bid,FlawlessFlatbreads,DiligentDonuts,3716919
2026-07-14T21:00:58.510408,2026-07-14T21:00:58.519012+00:00,70.5,45,bid,FlawlessFlatbreads,EarnestEspressos,3716920
2026-07-14T21:01:00.299338,2026-07-14T21:01:00.310498+00:00,70.0,41,ask,EarnestEspressos,CostlyCorianders,3716956
2026-07-14T21:01:00.618948,2026-07-14T21:01:00.621502+00:00,70.5,50,bid,FlawlessFlatbreads,EarnestEspressos,3716964
2026-07-14T21:01:01.254774,2026-07-14T21:01:01.264440+00:00,70.5,48,bid,CostlyCorianders,DiligentDonuts,3716971
2026-07-14T21:01:01.778017,2026-07-14T21:01:01.782401+00:00,70.5,47,bid,CostlyCorianders,DiligentDonuts,3716979
2026-07-14T21:01:02.727476,2026-07-14T21:01:02.731089+00:00,70.8,50,bid,FlawlessFlatbreads,EarnestEspressos,3716995
2026-07-14T21:01:04.119111,2026-07-14T21:01:04.123233+00:00,70.5,2,ask,DiligentDonuts,Dinh Nguyen,3717014
2026-07-14T21:01:04.834897,2026-07-14T21:01:04.841223+00:00,70.9,50,bid,FlawlessFlatbreads,EarnestEspressos,3717025
2026-07-14T21:01:05.365134,2026-07-14T21:01:05.376892+00:00,70.5,2,ask,DiligentDonuts,Dinh Nguyen,3717030
2026-07-14T21:01:06.577117,2026-07-14T21:01:06.579524+00:00,70.4,2,ask,EarnestEspressos,Dinh Nguyen,3717048
2026-07-14T21:01:06.941255,2026-07-14T21:01:06.947105+00:00,70.9,50,bid,FlawlessFlatbreads,EarnestEspressos,3717051
2026-07-14T21:01:07.208858,2026-07-14T21:01:07.224119+00:00,70.8,74,ask,EarnestEspressos,Sze-Yong Ng,3717056
2026-07-14T21:01:07.219506,2026-07-14T21:01:07.224119+00:00,70.8,24,ask,EarnestEspressos,Xuanyu Liu,3717057
2026-07-14T21:01:07.311551,2026-07-14T21:01:07.321991+00:00,70.8,25,ask,EarnestEspressos,Johan Shajee,3717061
2026-07-14T21:01:07.523230,2026-07-14T21:01:07.526581+00:00,70.8,25,ask,EarnestEspressos,Johan Shajee,3717064
2026-07-14T21:01:07.734938,2026-07-14T21:01:07.743560+00:00,70.8,2,ask,EarnestEspressos,Johan Shajee,3717068
2026-07-14T21:01:07.745080,2026-07-14T21:01:07.754490+00:00,70.4,2,ask,DiligentDonuts,Johan Shajee,3717070
2026-07-14T21:01:07.949984,2026-07-14T21:01:07.960722+00:00,70.4,2,ask,DiligentDonuts,Johan Shajee,3717072
2026-07-14T21:01:07.973379,2026-07-14T21:01:07.982912+00:00,70.4,40,ask,DiligentDonuts,CostlyCorianders,3717073
2026-07-14T21:01:08.156290,2026-07-14T21:01:08.168702+00:00,70.4,2,ask,DiligentDonuts,Dinh Nguyen,3717078
2026-07-14T21:01:08.329220,2026-07-14T21:01:08.331504+00:00,70.4,2,ask,DiligentDonuts,Johan Shajee,3717081
2026-07-14T21:01:08.367071,2026-07-14T21:01:08.375275+00:00,70.4,2,ask,DiligentDonuts,Johan Shajee,3717083
2026-07-14T21:01:08.572336,2026-07-14T21:01:08.580185+00:00,70.4,2,ask,DiligentDonuts,Johan Shajee,3717086
2026-07-14T21:01:09.099077,2026-07-14T21:01:09.109380+00:00,70.3,50,ask,DiligentDonuts,FlawlessFlatbreads,3717093
2026-07-14T21:01:11.206659,2026-07-14T21:01:11.210769+00:00,70.3,50,ask,DiligentDonuts,FlawlessFlatbreads,3717138
2026-07-14T21:01:12.126506,2026-07-14T21:01:12.134186+00:00,70.2,43,ask,EarnestEspressos,CostlyCorianders,3717145
2026-07-14T21:01:12.232030,2026-07-14T21:01:12.237338+00:00,70.5,21,bid,Xuanyu Liu,DiligentDonuts,3717146
2026-07-14T21:01:12.343600,2026-07-14T21:01:12.354945+00:00,70.5,13,bid,Sze-Yong Ng,DiligentDonuts,3717148
2026-07-14T21:01:12.580309,2026-07-14T21:01:12.585353+00:00,70.5,3,bid,Xuanyu Liu,DiligentDonuts,3717150
2026-07-14T21:01:12.647151,2026-07-14T21:01:12.649594+00:00,70.5,61,bid,Sze-Yong Ng,DiligentDonuts,3717151
2026-07-14T21:01:13.313980,2026-07-14T21:01:13.318089+00:00,70.2,50,ask,EarnestEspressos,FlawlessFlatbreads,3717162
2026-07-14T21:01:13.631388,2026-07-14T21:01:13.640222+00:00,70.4,25,bid,Johan Shajee,EarnestEspressos,3717175
2026-07-14T21:01:13.657237,2026-07-14T21:01:13.661573+00:00,70.4,38,bid,Sze-Yong Ng,EarnestEspressos,3717176
2026-07-14T21:01:14.041115,2026-07-14T21:01:14.050721+00:00,70.4,25,bid,Johan Shajee,EarnestEspressos,3717182
2026-07-14T21:01:14.251391,2026-07-14T21:01:14.256583+00:00,70.4,25,bid,Johan Shajee,EarnestEspressos,3717184
2026-07-14T21:01:14.462828,2026-07-14T21:01:14.474028+00:00,70.4,18,bid,Johan Shajee,EarnestEspressos,3717188
2026-07-14T21:01:14.769194,2026-07-14T21:01:14.775152+00:00,70.4,19,bid,Dinh Nguyen,EarnestEspressos,3717190
2026-07-14T21:01:15.423662,2026-07-14T21:01:15.429972+00:00,70.4,50,ask,DiligentDonuts,FlawlessFlatbreads,3717201
2026-07-14T21:01:16.035845,2026-07-14T21:01:16.045961+00:00,70.9,41,bid,CostlyCorianders,DiligentDonuts,3717212
2026-07-14T21:01:17.530604,2026-07-14T21:01:17.540740+00:00,70.5,50,ask,EarnestEspressos,FlawlessFlatbreads,3717234
2026-07-14T21:01:18.701280,2026-07-14T21:01:18.703893+00:00,70.5,46,ask,EarnestEspressos,CostlyCorianders,3717258
2026-07-14T21:01:19.336152,2026-07-14T21:01:19.339086+00:00,70.5,38,ask,EarnestEspressos,Sze-Yong Ng,3717266
2026-07-14T21:01:19.637175,2026-07-14T21:01:19.643633+00:00,70.5,16,ask,EarnestEspressos,FlawlessFlatbreads,3717269
2026-07-14T21:01:19.637175,2026-07-14T21:01:19.643633+00:00,70.4,34,ask,DiligentDonuts,FlawlessFlatbreads,3717270
2026-07-14T21:01:19.897688,2026-07-14T21:01:19.907468+00:00,70.4,66,ask,DiligentDonuts,EarnestEspressos,3717275
2026-07-14T21:01:19.955520,2026-07-14T21:01:19.961394+00:00,70.3,38,bid,Sze-Yong Ng,EarnestEspressos,3717276
2026-07-14T21:01:22.785242,2026-07-14T21:01:22.790948+00:00,70.3,25,bid,Dinh Nguyen,EarnestEspressos,3717316
2026-07-14T21:01:23.007359,2026-07-14T21:01:23.009696+00:00,70.4,100,bid,EarnestEspressos,DiligentDonuts,3717321
2026-07-14T21:01:23.048005,2026-07-14T21:01:23.052640+00:00,70.4,49,ask,EarnestEspressos,CostlyCorianders,3717323
2026-07-14T21:01:23.086243,2026-07-14T21:01:23.090968+00:00,70.4,1,ask,EarnestEspressos,Xuanyu Liu,3717325
2026-07-14T21:01:23.849001,2026-07-14T21:01:23.852006+00:00,69.9,50,ask,DiligentDonuts,FlawlessFlatbreads,3717338
2026-07-14T21:01:25.905450,2026-07-14T21:01:25.917912+00:00,70.5,50,bid,FlawlessFlatbreads,DiligentDonuts,3717364
2026-07-14T21:01:26.234401,2026-07-14T21:01:26.239416+00:00,70.3,1,bid,Xuanyu Liu,EarnestEspressos,3717369
2026-07-14T21:01:27.442148,2026-07-14T21:01:27.454703+00:00,70.3,25,bid,Dinh Nguyen,EarnestEspressos,3717390
2026-07-14T21:01:27.984939,2026-07-14T21:01:27.997739+00:00,70.3,100,bid,DiligentDonuts,EarnestEspressos,3717396
2026-07-14T21:01:28.015309,2026-07-14T21:01:28.019784+00:00,70.3,24,bid,FlawlessFlatbreads,EarnestEspressos,3717397
2026-07-14T21:01:28.998910,2026-07-14T21:01:29.011198+00:00,70.8,49,bid,CostlyCorianders,DiligentDonuts,3717410
2026-07-14T21:01:29.465167,2026-07-14T21:01:29.474459+00:00,70.8,41,bid,CostlyCorianders,DiligentDonuts,3717416
2026-07-14T21:01:29.563290,2026-07-14T21:01:29.573375+00:00,70.3,38,ask,EarnestEspressos,Sze-Yong Ng,3717420
2026-07-14T21:01:30.121985,2026-07-14T21:01:30.125299+00:00,70.8,10,bid,FlawlessFlatbreads,DiligentDonuts,3717426
2026-07-14T21:01:30.121985,2026-07-14T21:01:30.136357+00:00,70.8,40,bid,FlawlessFlatbreads,EarnestEspressos,3717427
2026-07-14T21:01:32.231571,2026-07-14T21:01:32.241850+00:00,70.6,50,bid,FlawlessFlatbreads,DiligentDonuts,3717448
2026-07-14T21:01:33.243518,2026-07-14T21:01:33.251649+00:00,70.4,48,ask,EarnestEspressos,CostlyCorianders,3717462
2026-07-14T21:01:33.575524,2026-07-14T21:01:33.580536+00:00,70.4,3,ask,EarnestEspressos,Xuanyu Liu,3717468
2026-07-14T21:01:33.587707,2026-07-14T21:01:33.591544+00:00,70.4,42,ask,EarnestEspressos,Sze-Yong Ng,3717469
2026-07-14T21:01:33.704584,2026-07-14T21:01:33.710590+00:00,70.4,25,ask,EarnestEspressos,Johan Shajee,3717471
2026-07-14T21:01:33.913618,2026-07-14T21:01:33.918347+00:00,70.4,25,ask,EarnestEspressos,Johan Shajee,3717476
2026-07-14T21:01:34.123502,2026-07-14T21:01:34.132323+00:00,70.4,7,ask,EarnestEspressos,Johan Shajee,3717483
2026-07-14T21:01:34.363002,2026-07-14T21:01:34.368815+00:00,70.9,50,bid,FlawlessFlatbreads,EarnestEspressos,3717489
2026-07-14T21:01:35.621482,2026-07-14T21:01:35.626518+00:00,70.7,47,bid,CostlyCorianders,DiligentDonuts,3717519
2026-07-14T21:01:36.487629,2026-07-14T21:01:36.499280+00:00,70.5,50,bid,FlawlessFlatbreads,EarnestEspressos,3717532
2026-07-14T21:01:37.140896,2026-07-14T21:01:37.151983+00:00,70.2,49,ask,DiligentDonuts,CostlyCorianders,3717544
2026-07-14T21:01:38.611125,2026-07-14T21:01:38.625561+00:00,70.5,50,bid,FlawlessFlatbreads,EarnestEspressos,3717562
2026-07-14T21:01:40.768959,2026-07-14T21:01:40.772452+00:00,70.4,50,ask,EarnestEspressos,FlawlessFlatbreads,3717591
2026-07-14T21:01:42.833574,2026-07-14T21:01:42.844217+00:00,70.4,25,ask,DiligentDonuts,Johan Shajee,3717628
2026-07-14T21:01:42.888152,2026-07-14T21:01:42.897876+00:00,70.4,50,ask,DiligentDonuts,FlawlessFlatbreads,3717630
2026-07-14T21:01:43.046623,2026-07-14T21:01:43.050981+00:00,70.4,25,ask,DiligentDonuts,Johan Shajee,3717631
2026-07-14T21:01:43.792169,2026-07-14T21:01:43.801457+00:00,70.6,47,bid,CostlyCorianders,EarnestEspressos,3717645
2026-07-14T21:01:44.125029,2026-07-14T21:01:44.130480+00:00,70.4,3,bid,Xuanyu Liu,DiligentDonuts,3717654
2026-07-14T21:01:44.131763,2026-07-14T21:01:44.141564+00:00,70.4,42,bid,CostlyCorianders,DiligentDonuts,3717655
2026-07-14T21:01:44.399046,2026-07-14T21:01:44.409448+00:00,70.4,42,bid,Sze-Yong Ng,DiligentDonuts,3717657
2026-07-14T21:01:44.944257,2026-07-14T21:01:44.954914+00:00,70.4,13,bid,FlawlessFlatbreads,DiligentDonuts,3717664
2026-07-14T21:01:44.944257,2026-07-14T21:01:44.954914+00:00,70.6,37,bid,FlawlessFlatbreads,EarnestEspressos,3717665
2026-07-14T21:01:45.437923,2026-07-14T21:01:45.443028+00:00,70.5,14,ask,EarnestEspressos,Xuanyu Liu,3717678
2026-07-14T21:01:45.461424,2026-07-14T21:01:45.464677+00:00,70.5,25,ask,EarnestEspressos,Johan Shajee,3717679
2026-07-14T21:01:45.488204,2026-07-14T21:01:45.496827+00:00,70.5,61,ask,EarnestEspressos,Sze-Yong Ng,3717681
2026-07-14T21:01:45.673452,2026-07-14T21:01:45.678140+00:00,70.5,25,ask,EarnestEspressos,Johan Shajee,3717684
2026-07-14T21:01:45.888566,2026-07-14T21:01:45.892499+00:00,70.5,25,ask,EarnestEspressos,Johan Shajee,3717689
2026-07-14T21:01:47.083438,2026-07-14T21:01:47.091908+00:00,71.0,50,bid,FlawlessFlatbreads,EarnestEspressos,3717707
2026-07-14T21:01:48.104368,2026-07-14T21:01:48.111276+00:00,70.5,18,ask,DiligentDonuts,Johan Shajee,3717719
2026-07-14T21:01:48.359447,2026-07-14T21:01:48.370494+00:00,70.5,82,ask,DiligentDonuts,EarnestEspressos,3717728
2026-07-14T21:01:49.195154,2026-07-14T21:01:49.201870+00:00,70.5,50,bid,FlawlessFlatbreads,EarnestEspressos,3717739
2026-07-14T21:01:49.444503,2026-07-14T21:01:49.447068+00:00,70.0,48,ask,EarnestEspressos,CostlyCorianders,3717743
2026-07-14T21:01:50.582008,2026-07-14T21:01:50.585693+00:00,70.5,18,bid,CostlyCorianders,EarnestEspressos,3717755
2026-07-14T21:01:50.582008,2026-07-14T21:01:50.585693+00:00,70.5,23,bid,CostlyCorianders,DiligentDonuts,3717756
2026-07-14T21:01:51.324468,2026-07-14T21:01:51.332510+00:00,70.5,50,bid,FlawlessFlatbreads,DiligentDonuts,3717767
2026-07-14T21:01:52.677964,2026-07-14T21:01:52.688597+00:00,70.4,46,ask,EarnestEspressos,CostlyCorianders,3717783
2026-07-14T21:01:54.658736,2026-07-14T21:01:54.669615+00:00,70.3,47,ask,DiligentDonuts,CostlyCorianders,3717806
2026-07-14T21:01:58.612446,2026-07-14T21:01:58.621617+00:00,70.4,45,bid,CostlyCorianders,DiligentDonuts,3717877
2026-07-14T21:01:58.664765,2026-07-14T21:01:58.688480+00:00,70.4,11,bid,Xuanyu Liu,DiligentDonuts,3717879
2026-07-14T21:01:59.184844,2026-07-14T21:01:59.197091+00:00,70.0,45,ask,EarnestEspressos,CostlyCorianders,3717883
2026-07-14T21:01:59.741559,2026-07-14T21:01:59.746223+00:00,70.5,50,bid,FlawlessFlatbreads,EarnestEspressos,3717896
2026-07-14T21:02:01.847722,2026-07-14T21:02:01.851719+00:00,70.7,50,bid,FlawlessFlatbreads,EarnestEspressos,3717919
2026-07-14T21:02:02.835097,2026-07-14T21:02:02.837133+00:00,70.2,41,ask,EarnestEspressos,CostlyCorianders,3717935
2026-07-14T21:02:03.952970,2026-07-14T21:02:03.963764+00:00,70.5,50,bid,FlawlessFlatbreads,DiligentDonuts,3717944
2026-07-14T21:02:05.035008,2026-07-14T21:02:05.044988+00:00,70.5,43,bid,CostlyCorianders,DiligentDonuts,3717961
2026-07-14T21:02:06.087586,2026-07-14T21:02:06.090694+00:00,70.7,50,bid,FlawlessFlatbreads,EarnestEspressos,3717971
2026-07-14T21:02:06.449899,2026-07-14T21:02:06.455703+00:00,70.3,25,ask,DiligentDonuts,Dinh Nguyen,3717981
2026-07-14T21:02:07.723502,2026-07-14T21:02:07.727384+00:00,70.5,11,ask,EarnestEspressos,Xuanyu Liu,3718002
2026-07-14T21:02:08.194910,2026-07-14T21:02:08.204823+00:00,70.8,50,bid,FlawlessFlatbreads,DiligentDonuts,3718017
2026-07-14T21:02:08.199538,2026-07-14T21:02:08.204823+00:00,70.5,25,ask,EarnestEspressos,Dinh Nguyen,3718018
2026-07-14T21:02:10.301691,2026-07-14T21:02:10.312840+00:00,71.0,50,bid,FlawlessFlatbreads,EarnestEspressos,3718056
2026-07-14T21:02:10.436340,2026-07-14T21:02:10.441184+00:00,71.0,42,bid,CostlyCorianders,DiligentDonuts,3718058
2026-07-14T21:02:11.149890,2026-07-14T21:02:11.152193+00:00,70.5,25,ask,DiligentDonuts,Dinh Nguyen,3718066
2026-07-14T21:02:11.654953,2026-07-14T21:02:11.659520+00:00,70.5,10,ask,DiligentDonuts,Xuanyu Liu,3718087
2026-07-14T21:02:11.730972,2026-07-14T21:02:11.734217+00:00,70.5,13,ask,DiligentDonuts,Sze-Yong Ng,3718090
2026-07-14T21:02:12.409691,2026-07-14T21:02:12.416569+00:00,71.0,50,bid,FlawlessFlatbreads,EarnestEspressos,3718103
2026-07-14T21:02:12.887859,2026-07-14T21:02:12.897547+00:00,70.6,25,ask,DiligentDonuts,Dinh Nguyen,3718113
2026-07-14T21:02:12.967406,2026-07-14T21:02:12.974234+00:00,70.6,45,ask,DiligentDonuts,CostlyCorianders,3718115
2026-07-14T21:02:14.291979,2026-07-14T21:02:14.298772+00:00,70.8,22,ask,EarnestEspressos,Xuanyu Liu,3718137
2026-07-14T21:02:14.359891,2026-07-14T21:02:14.362414+00:00,70.8,26,ask,EarnestEspressos,Sze-Yong Ng,3718138
2026-07-14T21:02:14.600922,2026-07-14T21:02:14.605526+00:00,70.8,25,ask,EarnestEspressos,Dinh Nguyen,3718141
2026-07-14T21:02:14.978000,2026-07-14T21:02:14.985578+00:00,70.8,44,ask,EarnestEspressos,CostlyCorianders,3718148
2026-07-14T21:02:15.555192,2026-07-14T21:02:15.567436+00:00,70.8,33,ask,EarnestEspressos,DiligentDonuts,3718157
2026-07-14T21:02:16.676265,2026-07-14T21:02:16.687242+00:00,70.3,50,ask,DiligentDonuts,FlawlessFlatbreads,3718183
2026-07-14T21:02:16.867727,2026-07-14T21:02:16.872468+00:00,70.7,11,bid,Xuanyu Liu,EarnestEspressos,3718187
2026-07-14T21:02:17.700436,2026-07-14T21:02:17.712140+00:00,70.7,49,bid,CostlyCorianders,EarnestEspressos,3718196
2026-07-14T21:02:18.199971,2026-07-14T21:02:18.211539+00:00,70.7,41,bid,CostlyCorianders,EarnestEspressos,3718206
2026-07-14T21:02:18.782407,2026-07-14T21:02:18.786766+00:00,70.3,50,ask,DiligentDonuts,FlawlessFlatbreads,3718214
2026-07-14T21:02:20.890880,2026-07-14T21:02:20.900509+00:00,70.4,50,ask,EarnestEspressos,FlawlessFlatbreads,3718253
2026-07-14T21:02:22.998737,2026-07-14T21:02:23.008717+00:00,70.4,50,ask,EarnestEspressos,FlawlessFlatbreads,3718276
2026-07-14T21:02:23.479748,2026-07-14T21:02:23.484628+00:00,70.7,11,bid,Xuanyu Liu,DiligentDonuts,3718292
2026-07-14T21:02:23.551896,2026-07-14T21:02:23.559255+00:00,70.7,17,bid,Sze-Yong Ng,DiligentDonuts,3718294
2026-07-14T21:02:25.106607,2026-07-14T21:02:25.109134+00:00,70.2,50,ask,EarnestEspressos,FlawlessFlatbreads,3718308
2026-07-14T21:02:25.993617,2026-07-14T21:02:26.005382+00:00,70.2,41,ask,EarnestEspressos,CostlyCorianders,3718326
2026-07-14T21:02:26.092161,2026-07-14T21:02:26.102311+00:00,70.4,24,bid,Xuanyu Liu,DiligentDonuts,3718328
2026-07-14T21:02:26.222223,2026-07-14T21:02:26.231086+00:00,70.4,76,bid,Sze-Yong Ng,DiligentDonuts,3718333
2026-07-14T21:02:26.442832,2026-07-14T21:02:26.445238+00:00,70.4,7,bid,Sze-Yong Ng,EarnestEspressos,3718336
2026-07-14T21:02:26.943099,2026-07-14T21:02:26.954940+00:00,70.4,44,bid,CostlyCorianders,EarnestEspressos,3718342
2026-07-14T21:02:27.212972,2026-07-14T21:02:27.221337+00:00,69.9,50,ask,DiligentDonuts,FlawlessFlatbreads,3718351
2026-07-14T21:02:27.345927,2026-07-14T21:02:27.348340+00:00,70.4,2,bid,Dinh Nguyen,EarnestEspressos,3718352
2026-07-14T21:02:29.132684,2026-07-14T21:02:29.144217+00:00,70.3,47,ask,DiligentDonuts,CostlyCorianders,3718373
2026-07-14T21:02:29.319489,2026-07-14T21:02:29.322974+00:00,70.3,50,ask,DiligentDonuts,FlawlessFlatbreads,3718375
2026-07-14T21:02:29.773541,2026-07-14T21:02:29.775600+00:00,70.6,41,bid,CostlyCorianders,EarnestEspressos,3718386
2026-07-14T21:02:30.958498,2026-07-14T21:02:30.969554+00:00,70.3,3,ask,DiligentDonuts,CostlyCorianders,3718407
2026-07-14T21:02:30.958498,2026-07-14T21:02:30.969554+00:00,70.1,38,ask,EarnestEspressos,CostlyCorianders,3718408
2026-07-14T21:02:31.426818,2026-07-14T21:02:31.433054+00:00,70.1,50,ask,EarnestEspressos,FlawlessFlatbreads,3718420
2026-07-14T21:02:31.561646,2026-07-14T21:02:31.570668+00:00,70.1,45,ask,EarnestEspressos,CostlyCorianders,3718421
2026-07-14T21:02:32.677867,2026-07-14T21:02:32.689242+00:00,70.0,100,ask,DiligentDonuts,EarnestEspressos,3718442
2026-07-14T21:02:32.706674,2026-07-14T21:02:32.710672+00:00,69.9,38,bid,Sze-Yong Ng,EarnestEspressos,3718444
2026-07-14T21:02:32.809116,2026-07-14T21:02:32.816976+00:00,69.9,12,bid,Johan Shajee,EarnestEspressos,3718448
2026-07-14T21:02:33.536690,2026-07-14T21:02:33.543826+00:00,69.4,50,ask,EarnestEspressos,FlawlessFlatbreads,3718459
2026-07-14T21:02:33.581095,2026-07-14T21:02:33.586130+00:00,70.5,40,bid,CostlyCorianders,DiligentDonuts,3718460
2026-07-14T21:02:35.642005,2026-07-14T21:02:35.648841+00:00,69.7,50,ask,DiligentDonuts,FlawlessFlatbreads,3718497
2026-07-14T21:02:37.114945,2026-07-14T21:02:37.123008+00:00,70.2,2,bid,Dinh Nguyen,DiligentDonuts,3718523
2026-07-14T21:02:37.461648,2026-07-14T21:02:37.467651+00:00,70.2,25,bid,Johan Shajee,EarnestEspressos,3718526
2026-07-14T21:02:37.672473,2026-07-14T21:02:37.684171+00:00,70.2,25,bid,Johan Shajee,EarnestEspressos,3718530
2026-07-14T21:02:37.747892,2026-07-14T21:02:37.750020+00:00,69.9,50,ask,DiligentDonuts,FlawlessFlatbreads,3718533
2026-07-14T21:02:37.882187,2026-07-14T21:02:37.890649+00:00,70.2,25,bid,Johan Shajee,DiligentDonuts,3718538
2026-07-14T21:02:38.327924,2026-07-14T21:02:38.335846+00:00,70.2,2,bid,Dinh Nguyen,EarnestEspressos,3718548
2026-07-14T21:02:39.460061,2026-07-14T21:02:39.466196+00:00,70.4,45,bid,CostlyCorianders,DiligentDonuts,3718567
2026-07-14T21:02:39.853508,2026-07-14T21:02:39.856587+00:00,70.0,50,ask,EarnestEspressos,FlawlessFlatbreads,3718575
2026-07-14T21:02:39.918894,2026-07-14T21:02:39.930567+00:00,70.0,49,ask,EarnestEspressos,CostlyCorianders,3718576
2026-07-14T21:02:41.099193,2026-07-14T21:02:41.102944+00:00,70.1,25,bid,Johan Shajee,DiligentDonuts,3718591
2026-07-14T21:02:41.310938,2026-07-14T21:02:41.315960+00:00,70.1,25,bid,Dinh Nguyen,DiligentDonuts,3718593
2026-07-14T21:02:41.522523,2026-07-14T21:02:41.530113+00:00,70.1,25,bid,Johan Shajee,DiligentDonuts,3718597
2026-07-14T21:02:41.731933,2026-07-14T21:02:41.737892+00:00,70.1,25,bid,Johan Shajee,DiligentDonuts,3718602
2026-07-14T21:02:41.961176,2026-07-14T21:02:41.972402+00:00,70.0,50,ask,EarnestEspressos,FlawlessFlatbreads,3718609
2026-07-14T21:02:42.370020,2026-07-14T21:02:42.377390+00:00,70.1,19,bid,Johan Shajee,EarnestEspressos,3718615
2026-07-14T21:02:42.377479,2026-07-14T21:02:42.388055+00:00,70.1,2,bid,Johan Shajee,EarnestEspressos,3718616
2026-07-14T21:02:42.582716,2026-07-14T21:02:42.589079+00:00,70.1,2,bid,Johan Shajee,EarnestEspressos,3718621
2026-07-14T21:02:42.788007,2026-07-14T21:02:42.791162+00:00,70.1,2,bid,Johan Shajee,EarnestEspressos,3718627
2026-07-14T21:02:42.993104,2026-07-14T21:02:43.002604+00:00,70.1,2,bid,Johan Shajee,EarnestEspressos,3718633
2026-07-14T21:02:43.187247,2026-07-14T21:02:43.189618+00:00,70.1,25,bid,Dinh Nguyen,EarnestEspressos,3718639
2026-07-14T21:02:43.199654,2026-07-14T21:02:43.210854+00:00,70.1,2,bid,Johan Shajee,EarnestEspressos,3718640
2026-07-14T21:02:43.405006,2026-07-14T21:02:43.412297+00:00,70.1,2,bid,Johan Shajee,EarnestEspressos,3718643
2026-07-14T21:02:43.611666,2026-07-14T21:02:43.622281+00:00,70.1,2,bid,Johan Shajee,EarnestEspressos,3718647
2026-07-14T21:02:43.816227,2026-07-14T21:02:43.824758+00:00,70.1,2,bid,Johan Shajee,EarnestEspressos,3718649
2026-07-14T21:02:44.018883,2026-07-14T21:02:44.026162+00:00,70.1,50,bid,FlawlessFlatbreads,EarnestEspressos,3718653
2026-07-14T21:02:44.023438,2026-07-14T21:02:44.026162+00:00,70.1,2,bid,Johan Shajee,EarnestEspressos,3718654
2026-07-14T21:02:44.230371,2026-07-14T21:02:44.239062+00:00,70.1,1,bid,Johan Shajee,EarnestEspressos,3718655
2026-07-14T21:02:47.507673,2026-07-14T21:02:47.519828+00:00,70.4,45,bid,CostlyCorianders,EarnestEspressos,3718700
2026-07-14T21:02:48.281159,2026-07-14T21:02:48.287904+00:00,70.3,50,ask,DiligentDonuts,FlawlessFlatbreads,3718710
2026-07-14T21:02:48.966426,2026-07-14T21:02:48.970539+00:00,70.4,38,ask,EarnestEspressos,Sze-Yong Ng,3718725
2026-07-14T21:02:49.414084,2026-07-14T21:02:49.421725+00:00,70.4,46,ask,EarnestEspressos,CostlyCorianders,3718731
2026-07-14T21:02:50.387609,2026-07-14T21:02:50.391129+00:00,70.4,50,ask,EarnestEspressos,FlawlessFlatbreads,3718744
2026-07-14T21:02:51.723236,2026-07-14T21:02:51.735010+00:00,70.2,38,bid,Sze-Yong Ng,EarnestEspressos,3718770
2026-07-14T21:02:52.241923,2026-07-14T21:02:52.246799+00:00,70.2,25,bid,Dinh Nguyen,EarnestEspressos,3718775
2026-07-14T21:02:52.306224,2026-07-14T21:02:52.310713+00:00,70.2,23,bid,Sze-Yong Ng,EarnestEspressos,3718776
2026-07-14T21:02:52.520771,2026-07-14T21:02:52.526057+00:00,70.0,50,ask,DiligentDonuts,FlawlessFlatbreads,3718780
2026-07-14T21:02:52.958175,2026-07-14T21:02:52.963410+00:00,70.2,46,bid,CostlyCorianders,EarnestEspressos,3718785
2026-07-14T21:02:57.549946,2026-07-14T21:02:57.552720+00:00,70.2,25,bid,Dinh Nguyen,DiligentDonuts,3718858
2026-07-14T21:02:57.917241,2026-07-14T21:02:57.925358+00:00,70.2,75,bid,EarnestEspressos,DiligentDonuts,3718862
2026-07-14T21:02:58.667060,2026-07-14T21:02:58.678990+00:00,70.3,48,ask,EarnestEspressos,CostlyCorianders,3718881
2026-07-14T21:02:58.731326,2026-07-14T21:02:58.742551+00:00,70.3,27,ask,EarnestEspressos,FlawlessFlatbreads,3718885
2026-07-14T21:02:58.731326,2026-07-14T21:02:58.742551+00:00,69.7,23,ask,DiligentDonuts,FlawlessFlatbreads,3718886
2026-07-14T21:03:00.320578,2026-07-14T21:03:00.332140+00:00,70.4,42,bid,CostlyCorianders,DiligentDonuts,3718910
2026-07-14T21:03:00.840593,2026-07-14T21:03:00.852081+00:00,69.9,50,ask,DiligentDonuts,FlawlessFlatbreads,3718916
2026-07-14T21:03:01.137009,2026-07-14T21:03:01.147503+00:00,69.9,50,ask,DiligentDonuts,EarnestEspressos,3718928
2026-07-14T21:03:01.532340,2026-07-14T21:03:01.536760+00:00,69.7,3,bid,Xuanyu Liu,EarnestEspressos,3718942
2026-07-14T21:03:01.662167,2026-07-14T21:03:01.663975+00:00,69.7,13,bid,Sze-Yong Ng,EarnestEspressos,3718946
2026-07-14T21:03:01.894984,2026-07-14T21:03:01.907248+00:00,69.7,25,bid,Dinh Nguyen,EarnestEspressos,3718948
2026-07-14T21:03:02.152428,2026-07-14T21:03:02.162285+00:00,69.7,40,bid,CostlyCorianders,EarnestEspressos,3718951
2026-07-14T21:03:02.674954,2026-07-14T21:03:02.678577+00:00,69.7,19,bid,CostlyCorianders,EarnestEspressos,3718962
2026-07-14T21:03:02.897737,2026-07-14T21:03:02.899388+00:00,70.4,50,bid,FlawlessFlatbreads,DiligentDonuts,3718967
2026-07-14T21:03:04.155226,2026-07-14T21:03:04.164008+00:00,70.0,3,ask,DiligentDonuts,Xuanyu Liu,3718984
2026-07-14T21:03:04.176255,2026-07-14T21:03:04.185171+00:00,70.0,13,ask,DiligentDonuts,Sze-Yong Ng,3718986
2026-07-14T21:03:04.196229,2026-07-14T21:03:04.206262+00:00,70.0,44,ask,DiligentDonuts,CostlyCorianders,3718990
2026-07-14T21:03:05.006180,2026-07-14T21:03:05.017736+00:00,70.5,50,bid,FlawlessFlatbreads,DiligentDonuts,3719001
2026-07-14T21:03:07.122291,2026-07-14T21:03:07.125327+00:00,70.4,50,bid,FlawlessFlatbreads,DiligentDonuts,3719038
2026-07-14T21:03:07.769675,2026-07-14T21:03:07.773208+00:00,70.4,43,bid,CostlyCorianders,DiligentDonuts,3719053
2026-07-14T21:03:09.234708,2026-07-14T21:03:09.239373+00:00,70.4,7,bid,FlawlessFlatbreads,DiligentDonuts,3719072
2026-07-14T21:03:09.234708,2026-07-14T21:03:09.239373+00:00,70.6,43,bid,FlawlessFlatbreads,EarnestEspressos,3719073
2026-07-14T21:03:09.422521,2026-07-14T21:03:09.428653+00:00,70.1,61,ask,EarnestEspressos,Sze-Yong Ng,3719078
2026-07-14T21:03:11.344506,2026-07-14T21:03:11.356172+00:00,70.3,50,bid,FlawlessFlatbreads,EarnestEspressos,3719104
2026-07-14T21:03:11.537853,2026-07-14T21:03:11.541438+00:00,70.1,45,ask,DiligentDonuts,CostlyCorianders,3719106
2026-07-14T21:03:13.451653,2026-07-14T21:03:13.460689+00:00,70.3,50,bid,FlawlessFlatbreads,EarnestEspressos,3719135
2026-07-14T21:03:13.803130,2026-07-14T21:03:13.812390+00:00,70.1,61,ask,EarnestEspressos,Sze-Yong Ng,3719139
2026-07-14T21:03:13.891301,2026-07-14T21:03:13.897364+00:00,70.1,25,ask,EarnestEspressos,Johan Shajee,3719141
2026-07-14T21:03:14.101655,2026-07-14T21:03:14.109522+00:00,70.1,25,ask,EarnestEspressos,Johan Shajee,3719144
2026-07-14T21:03:14.315887,2026-07-14T21:03:14.321504+00:00,70.1,25,ask,EarnestEspressos,Johan Shajee,3719150
2026-07-14T21:03:14.526221,2026-07-14T21:03:14.533040+00:00,70.1,14,ask,EarnestEspressos,Johan Shajee,3719155
2026-07-14T21:03:14.537233,2026-07-14T21:03:14.543639+00:00,69.9,2,ask,DiligentDonuts,Johan Shajee,3719158
2026-07-14T21:03:15.559283,2026-07-14T21:03:15.568409+00:00,70.4,50,bid,FlawlessFlatbreads,DiligentDonuts,3719188
2026-07-14T21:03:17.666212,2026-07-14T21:03:17.677239+00:00,70.1,50,bid,FlawlessFlatbreads,EarnestEspressos,3719210
2026-07-14T21:03:18.018065,2026-07-14T21:03:18.027053+00:00,70.1,47,bid,CostlyCorianders,EarnestEspressos,3719216
2026-07-14T21:03:18.074117,2026-07-14T21:03:18.081372+00:00,69.9,49,ask,DiligentDonuts,CostlyCorianders,3719218
2026-07-14T21:03:19.774601,2026-07-14T21:03:19.778360+00:00,70.1,50,bid,FlawlessFlatbreads,EarnestEspressos,3719242
2026-07-14T21:03:19.974189,2026-07-14T21:03:19.981456+00:00,70.1,3,bid,Sze-Yong Ng,EarnestEspressos,3719244
2026-07-14T21:03:20.053313,2026-07-14T21:03:20.056457+00:00,70.4,100,bid,EarnestEspressos,DiligentDonuts,3719245
2026-07-14T21:03:20.110687,2026-07-14T21:03:20.115695+00:00,70.4,1,ask,EarnestEspressos,Xuanyu Liu,3719247
2026-07-14T21:03:20.163655,2026-07-14T21:03:20.170443+00:00,70.4,3,ask,EarnestEspressos,Sze-Yong Ng,3719249
2026-07-14T21:03:20.186643,2026-07-14T21:03:20.192221+00:00,70.4,25,ask,EarnestEspressos,Johan Shajee,3719251
2026-07-14T21:03:20.316637,2026-07-14T21:03:20.320027+00:00,70.4,13,ask,EarnestEspressos,Sze-Yong Ng,3719256
2026-07-14T21:03:20.397284,2026-07-14T21:03:20.405670+00:00,70.4,8,ask,EarnestEspressos,Johan Shajee,3719259
2026-07-14T21:03:20.478550,2026-07-14T21:03:20.490718+00:00,69.9,49,ask,DiligentDonuts,CostlyCorianders,3719262
2026-07-14T21:03:21.882730,2026-07-14T21:03:21.889406+00:00,70.9,50,bid,FlawlessFlatbreads,EarnestEspressos,3719295
2026-07-14T21:03:23.838232,2026-07-14T21:03:23.842766+00:00,69.9,13,ask,DiligentDonuts,Xuanyu Liu,3719329
2026-07-14T21:03:23.855426,2026-07-14T21:03:23.864243+00:00,69.9,46,ask,DiligentDonuts,CostlyCorianders,3719330
2026-07-14T21:03:23.864129,2026-07-14T21:03:23.874933+00:00,69.9,25,ask,DiligentDonuts,Johan Shajee,3719331
2026-07-14T21:03:23.989160,2026-07-14T21:03:23.994613+00:00,70.3,50,bid,FlawlessFlatbreads,EarnestEspressos,3719335
2026-07-14T21:03:24.073756,2026-07-14T21:03:24.080919+00:00,69.9,16,ask,DiligentDonuts,Johan Shajee,3719340
2026-07-14T21:03:24.082576,2026-07-14T21:03:24.091717+00:00,69.8,2,ask,EarnestEspressos,Johan Shajee,3719342
2026-07-14T21:03:24.287661,2026-07-14T21:03:24.293186+00:00,69.8,25,ask,EarnestEspressos,Dinh Nguyen,3719346
2026-07-14T21:03:24.298109,2026-07-14T21:03:24.303922+00:00,69.8,2,ask,EarnestEspressos,Johan Shajee,3719348
2026-07-14T21:03:24.324548,2026-07-14T21:03:24.336327+00:00,70.3,45,bid,CostlyCorianders,EarnestEspressos,3719349
2026-07-14T21:03:24.541489,2026-07-14T21:03:24.549002+00:00,69.8,1,ask,EarnestEspressos,Johan Shajee,3719352
2026-07-14T21:03:24.552575,2026-07-14T21:03:24.559641+00:00,69.8,2,ask,EarnestEspressos,Johan Shajee,3719354
2026-07-14T21:03:24.736003,2026-07-14T21:03:24.739823+00:00,69.8,25,ask,EarnestEspressos,Johan Shajee,3719356
2026-07-14T21:03:24.757677,2026-07-14T21:03:24.761330+00:00,69.8,2,ask,EarnestEspressos,Johan Shajee,3719358
2026-07-14T21:03:24.950182,2026-07-14T21:03:24.953542+00:00,69.8,43,ask,EarnestEspressos,CostlyCorianders,3719361
2026-07-14T21:03:24.963422,2026-07-14T21:03:24.975743+00:00,69.8,1,ask,EarnestEspressos,Johan Shajee,3719362
2026-07-14T21:03:25.192201,2026-07-14T21:03:25.208392+00:00,69.8,47,ask,EarnestEspressos,DiligentDonuts,3719372
2026-07-14T21:03:25.204074,2026-07-14T21:03:25.208392+00:00,69.8,14,bid,Xuanyu Liu,DiligentDonuts,3719373
2026-07-14T21:03:25.312062,2026-07-14T21:03:25.316595+00:00,69.8,39,bid,Sze-Yong Ng,DiligentDonuts,3719378
2026-07-14T21:03:25.548016,2026-07-14T21:03:25.552159+00:00,70.3,47,bid,CostlyCorianders,EarnestEspressos,3719381
2026-07-14T21:03:26.081650,2026-07-14T21:03:26.087426+00:00,70.3,8,bid,CostlyCorianders,EarnestEspressos,3719394
2026-07-14T21:03:26.619620,2026-07-14T21:03:26.631648+00:00,70.3,46,bid,CostlyCorianders,EarnestEspressos,3719400
2026-07-14T21:03:28.199612,2026-07-14T21:03:28.205337+00:00,70.3,50,bid,FlawlessFlatbreads,EarnestEspressos,3719410
2026-07-14T21:03:29.546517,2026-07-14T21:03:29.551851+00:00,70.0,14,ask,EarnestEspressos,Xuanyu Liu,3719434
2026-07-14T21:03:29.611422,2026-07-14T21:03:29.616023+00:00,70.0,26,ask,EarnestEspressos,Sze-Yong Ng,3719435
2026-07-14T21:03:30.304739,2026-07-14T21:03:30.308146+00:00,70.2,50,bid,FlawlessFlatbreads,DiligentDonuts,3719439
2026-07-14T21:03:30.909698,2026-07-14T21:03:30.921327+00:00,70.0,25,ask,EarnestEspressos,Dinh Nguyen,3719455
2026-07-14T21:03:31.009792,2026-07-14T21:03:31.017244+00:00,70.0,45,ask,EarnestEspressos,CostlyCorianders,3719457
2026-07-14T21:03:31.440342,2026-07-14T21:03:31.442646+00:00,70.0,2,ask,EarnestEspressos,Dinh Nguyen,3719469
2026-07-14T21:03:32.421201,2026-07-14T21:03:32.426418+00:00,70.4,50,bid,FlawlessFlatbreads,DiligentDonuts,3719488
2026-07-14T21:03:33.146302,2026-07-14T21:03:33.153785+00:00,69.9,2,ask,DiligentDonuts,Dinh Nguyen,3719504
2026-07-14T21:03:34.400311,2026-07-14T21:03:34.407543+00:00,69.9,2,ask,DiligentDonuts,Dinh Nguyen,3719511
2026-07-14T21:03:34.532598,2026-07-14T21:03:34.544209+00:00,70.0,50,bid,FlawlessFlatbreads,EarnestEspressos,3719514
2026-07-14T21:03:34.625914,2026-07-14T21:03:34.628297+00:00,70.0,100,bid,DiligentDonuts,EarnestEspressos,3719515
2026-07-14T21:03:35.810655,2026-07-14T21:03:35.817127+00:00,70.6,46,bid,CostlyCorianders,DiligentDonuts,3719528
2026-07-14T21:03:35.859841,2026-07-14T21:03:35.864687+00:00,70.2,10,ask,EarnestEspressos,Xuanyu Liu,3719530
2026-07-14T21:03:35.864770,2026-07-14T21:03:35.875244+00:00,70.2,13,ask,EarnestEspressos,Sze-Yong Ng,3719531
2026-07-14T21:03:35.868583,2026-07-14T21:03:35.875244+00:00,70.2,41,ask,EarnestEspressos,CostlyCorianders,3719532
2026-07-14T21:03:36.642261,2026-07-14T21:03:36.648614+00:00,70.6,50,bid,FlawlessFlatbreads,DiligentDonuts,3719545
2026-07-14T21:03:36.973671,2026-07-14T21:03:36.984886+00:00,70.2,25,ask,EarnestEspressos,Dinh Nguyen,3719548
2026-07-14T21:03:37.505543,2026-07-14T21:03:37.513128+00:00,70.2,2,ask,EarnestEspressos,Dinh Nguyen,3719557
2026-07-14T21:03:38.748981,2026-07-14T21:03:38.761295+00:00,70.6,50,bid,FlawlessFlatbreads,DiligentDonuts,3719576
2026-07-14T21:03:38.764306,2026-07-14T21:03:38.771884+00:00,70.2,25,ask,EarnestEspressos,Dinh Nguyen,3719577
2026-07-14T21:03:39.272285,2026-07-14T21:03:39.274714+00:00,70.1,2,ask,DiligentDonuts,Dinh Nguyen,3719588
2026-07-14T21:03:40.527299,2026-07-14T21:03:40.530117+00:00,70.1,25,ask,DiligentDonuts,Dinh Nguyen,3719610
2026-07-14T21:03:40.857381,2026-07-14T21:03:40.868165+00:00,70.3,50,bid,FlawlessFlatbreads,EarnestEspressos,3719613
2026-07-14T21:03:41.032320,2026-07-14T21:03:41.038487+00:00,70.0,2,ask,DiligentDonuts,Dinh Nguyen,3719619
2026-07-14T21:03:42.247288,2026-07-14T21:03:42.259325+00:00,70.0,2,ask,DiligentDonuts,Dinh Nguyen,3719631
2026-07-14T21:03:42.923919,2026-07-14T21:03:42.934722+00:00,70.4,42,bid,CostlyCorianders,EarnestEspressos,3719644
2026-07-14T21:03:42.966292,2026-07-14T21:03:42.976861+00:00,70.4,50,bid,FlawlessFlatbreads,EarnestEspressos,3719645
2026-07-14T21:03:43.472336,2026-07-14T21:03:43.478545+00:00,70.0,2,ask,DiligentDonuts,Dinh Nguyen,3719653
2026-07-14T21:03:44.723307,2026-07-14T21:03:44.735289+00:00,70.3,2,ask,DiligentDonuts,Dinh Nguyen,3719672
2026-07-14T21:03:45.134609,2026-07-14T21:03:45.137657+00:00,70.3,50,ask,DiligentDonuts,FlawlessFlatbreads,3719676
2026-07-14T21:03:45.351340,2026-07-14T21:03:45.356493+00:00,70.4,11,ask,EarnestEspressos,Xuanyu Liu,3719677
2026-07-14T21:03:45.399959,2026-07-14T21:03:45.409720+00:00,70.4,42,ask,EarnestEspressos,CostlyCorianders,3719679
2026-07-14T21:03:45.423791,2026-07-14T21:03:45.431207+00:00,70.4,9,ask,EarnestEspressos,Sze-Yong Ng,3719680
2026-07-14T21:03:45.959976,2026-07-14T21:03:45.974528+00:00,70.4,2,ask,EarnestEspressos,Dinh Nguyen,3719691
2026-07-14T21:03:46.167517,2026-07-14T21:03:46.172098+00:00,70.4,22,ask,EarnestEspressos,Xuanyu Liu,3719695
2026-07-14T21:03:46.249113,2026-07-14T21:03:46.258307+00:00,70.4,17,ask,EarnestEspressos,Sze-Yong Ng,3719696
2026-07-14T21:03:47.171305,2026-07-14T21:03:47.176618+00:00,70.4,2,ask,EarnestEspressos,Dinh Nguyen,3719711
2026-07-14T21:03:47.240786,2026-07-14T21:03:47.252313+00:00,70.4,45,ask,EarnestEspressos,FlawlessFlatbreads,3719713
2026-07-14T21:03:47.476224,2026-07-14T21:03:47.480295+00:00,70.4,11,bid,Xuanyu Liu,DiligentDonuts,3719716
2026-07-14T21:03:48.036574,2026-07-14T21:03:48.044028+00:00,70.4,40,bid,CostlyCorianders,DiligentDonuts,3719719
2026-07-14T21:03:48.569006,2026-07-14T21:03:48.573598+00:00,70.3,11,bid,Xuanyu Liu,EarnestEspressos,3719731
2026-07-14T21:03:49.650332,2026-07-14T21:03:49.653229+00:00,69.9,2,ask,DiligentDonuts,Dinh Nguyen,3719744
2026-07-14T21:03:50.855343,2026-07-14T21:03:50.863142+00:00,69.9,2,ask,DiligentDonuts,Dinh Nguyen,3719761
2026-07-14T21:03:51.460170,2026-07-14T21:03:51.472677+00:00,69.9,50,ask,DiligentDonuts,FlawlessFlatbreads,3719767
2026-07-14T21:03:52.090314,2026-07-14T21:03:52.095388+00:00,69.9,2,ask,DiligentDonuts,Dinh Nguyen,3719780
2026-07-14T21:03:53.323483,2026-07-14T21:03:53.333006+00:00,69.9,2,ask,DiligentDonuts,Dinh Nguyen,3719801
2026-07-14T21:03:54.538239,2026-07-14T21:03:54.546358+00:00,69.8,2,ask,EarnestEspressos,Dinh Nguyen,3719822
2026-07-14T21:03:55.370983,2026-07-14T21:03:55.376709+00:00,69.9,11,bid,Xuanyu Liu,EarnestEspressos,3719836
2026-07-14T21:03:55.405992,2026-07-14T21:03:55.410028+00:00,69.9,17,bid,Sze-Yong Ng,EarnestEspressos,3719837
2026-07-14T21:03:55.643626,2026-07-14T21:03:55.660049+00:00,69.9,50,bid,FlawlessFlatbreads,EarnestEspressos,3719840
2026-07-14T21:03:55.755337,2026-07-14T21:03:55.757590+00:00,69.8,2,ask,DiligentDonuts,Dinh Nguyen,3719841
2026-07-14T21:03:56.188638,2026-07-14T21:03:56.192283+00:00,69.8,45,ask,DiligentDonuts,CostlyCorianders,3719850
2026-07-14T21:03:56.688701,2026-07-14T21:03:56.693042+00:00,69.9,21,bid,Xuanyu Liu,EarnestEspressos,3719860
2026-07-14T21:03:56.750405,2026-07-14T21:03:56.758051+00:00,69.9,22,bid,Sze-Yong Ng,EarnestEspressos,3719861
2026-07-14T21:03:56.777199,2026-07-14T21:03:56.779494+00:00,69.9,29,bid,DiligentDonuts,EarnestEspressos,3719862
2026-07-14T21:03:57.156698,2026-07-14T21:03:57.162045+00:00,69.9,45,ask,DiligentDonuts,CostlyCorianders,3719868
2026-07-14T21:03:57.752272,2026-07-14T21:03:57.757462+00:00,70.4,50,bid,FlawlessFlatbreads,DiligentDonuts,3719873
2026-07-14T21:03:57.991670,2026-07-14T21:03:58.000807+00:00,69.9,11,ask,DiligentDonuts,Xuanyu Liu,3719875
2026-07-14T21:03:58.023412,2026-07-14T21:03:58.028223+00:00,70.1,21,ask,EarnestEspressos,Xuanyu Liu,3719877
2026-07-14T21:03:58.058391,2026-07-14T21:03:58.060517+00:00,70.1,22,ask,EarnestEspressos,Sze-Yong Ng,3719878
2026-07-14T21:03:58.185385,2026-07-14T21:03:58.191025+00:00,70.1,25,ask,EarnestEspressos,Dinh Nguyen,3719879
2026-07-14T21:03:58.709404,2026-07-14T21:03:58.715209+00:00,70.1,2,ask,EarnestEspressos,Dinh Nguyen,3719886
2026-07-14T21:03:59.910312,2026-07-14T21:03:59.914134+00:00,70.1,50,ask,EarnestEspressos,FlawlessFlatbreads,3719898
2026-07-14T21:03:59.934329,2026-07-14T21:03:59.945868+00:00,70.1,2,ask,EarnestEspressos,Dinh Nguyen,3719899
2026-07-14T21:03:59.992381,2026-07-14T21:03:59.998841+00:00,70.1,28,ask,EarnestEspressos,DiligentDonuts,3719900
2026-07-14T21:04:00.615302,2026-07-14T21:04:00.619674+00:00,70.0,21,bid,Xuanyu Liu,DiligentDonuts,3719916
2026-07-14T21:04:00.666739,2026-07-14T21:04:00.674443+00:00,70.0,9,bid,Sze-Yong Ng,DiligentDonuts,3719918
2026-07-14T21:04:01.359208,2026-07-14T21:04:01.367567+00:00,70.0,40,bid,CostlyCorianders,DiligentDonuts,3719926
2026-07-14T21:04:04.059027,2026-07-14T21:04:04.067525+00:00,70.3,46,bid,CostlyCorianders,EarnestEspressos,3719973
2026-07-14T21:04:04.120640,2026-07-14T21:04:04.143297+00:00,69.9,50,ask,DiligentDonuts,FlawlessFlatbreads,3719976
2026-07-14T21:04:05.869818,2026-07-14T21:04:05.874867+00:00,69.9,21,ask,DiligentDonuts,Xuanyu Liu,3720005
2026-07-14T21:04:05.906254,2026-07-14T21:04:05.918853+00:00,69.9,9,ask,DiligentDonuts,Sze-Yong Ng,3720007
2026-07-14T21:04:07.671786,2026-07-14T21:04:07.675236+00:00,69.9,41,bid,CostlyCorianders,DiligentDonuts,3720032
2026-07-14T21:04:08.292093,2026-07-14T21:04:08.299233+00:00,69.7,45,ask,EarnestEspressos,CostlyCorianders,3720043
2026-07-14T21:04:08.335543,2026-07-14T21:04:08.341845+00:00,69.7,50,ask,EarnestEspressos,FlawlessFlatbreads,3720044
2026-07-14T21:04:10.391949,2026-07-14T21:04:10.399975+00:00,70.1,50,bid,FlawlessFlatbreads,DiligentDonuts,3720076
2026-07-14T21:04:10.748592,2026-07-14T21:04:10.757774+00:00,69.8,11,bid,Xuanyu Liu,EarnestEspressos,3720080
2026-07-14T21:04:11.039508,2026-07-14T21:04:11.042263+00:00,69.6,44,ask,DiligentDonuts,CostlyCorianders,3720089
2026-07-14T21:04:11.118787,2026-07-14T21:04:11.134755+00:00,69.8,21,bid,Xuanyu Liu,EarnestEspressos,3720091
2026-07-14T21:04:11.133168,2026-07-14T21:04:11.145928+00:00,69.8,22,bid,Sze-Yong Ng,EarnestEspressos,3720094
2026-07-14T21:04:11.529066,2026-07-14T21:04:11.535302+00:00,69.8,41,bid,CostlyCorianders,EarnestEspressos,3720099
2026-07-14T21:04:12.061129,2026-07-14T21:04:12.070823+00:00,69.8,42,bid,CostlyCorianders,EarnestEspressos,3720110
2026-07-14T21:04:12.500692,2026-07-14T21:04:12.507000+00:00,69.8,13,bid,FlawlessFlatbreads,EarnestEspressos,3720116
2026-07-14T21:04:12.500692,2026-07-14T21:04:12.507000+00:00,70.1,37,bid,FlawlessFlatbreads,DiligentDonuts,3720117
2026-07-14T21:04:12.657346,2026-07-14T21:04:12.662066+00:00,70.0,11,ask,DiligentDonuts,Xuanyu Liu,3720121
2026-07-14T21:04:14.646871,2026-07-14T21:04:14.657852+00:00,70.0,43,ask,DiligentDonuts,CostlyCorianders,3720156
2026-07-14T21:04:15.158771,2026-07-14T21:04:15.162213+00:00,70.0,13,ask,DiligentDonuts,Sze-Yong Ng,3720171
2026-07-14T21:04:16.458771,2026-07-14T21:04:16.469564+00:00,70.0,9,ask,EarnestEspressos,Sze-Yong Ng,3720182
2026-07-14T21:04:16.715230,2026-07-14T21:04:16.726038+00:00,70.1,50,bid,FlawlessFlatbreads,DiligentDonuts,3720184
2026-07-14T21:04:17.721234,2026-07-14T21:04:17.732075+00:00,69.8,49,ask,EarnestEspressos,CostlyCorianders,3720199
2026-07-14T21:04:18.826407,2026-07-14T21:04:18.834119+00:00,70.1,47,bid,CostlyCorianders,DiligentDonuts,3720223
2026-07-14T21:04:18.874840,2026-07-14T21:04:18.877023+00:00,69.8,50,ask,EarnestEspressos,FlawlessFlatbreads,3720225
2026-07-14T21:04:20.027212,2026-07-14T21:04:20.031742+00:00,69.9,48,ask,DiligentDonuts,CostlyCorianders,3720241
2026-07-14T21:04:20.982764,2026-07-14T21:04:20.985522+00:00,69.9,50,ask,DiligentDonuts,FlawlessFlatbreads,3720251
2026-07-14T21:04:22.977871,2026-07-14T21:04:22.982785+00:00,70.1,9,bid,Sze-Yong Ng,EarnestEspressos,3720279
2026-07-14T21:04:23.034804,2026-07-14T21:04:23.047068+00:00,70.1,41,bid,CostlyCorianders,EarnestEspressos,3720280
2026-07-14T21:04:23.091772,2026-07-14T21:04:23.100846+00:00,69.8,50,ask,DiligentDonuts,FlawlessFlatbreads,3720282
2026-07-14T21:04:25.148126,2026-07-14T21:04:25.160099+00:00,70.2,50,bid,FlawlessFlatbreads,EarnestEspressos,3720313
2026-07-14T21:04:25.719318,2026-07-14T21:04:25.727121+00:00,70.1,40,bid,CostlyCorianders,DiligentDonuts,3720317
2026-07-14T21:04:27.782320,2026-07-14T21:04:27.789623+00:00,69.9,45,ask,EarnestEspressos,CostlyCorianders,3720340
2026-07-14T21:04:28.919347,2026-07-14T21:04:28.926553+00:00,70.3,47,bid,CostlyCorianders,DiligentDonuts,3720354
2026-07-14T21:04:29.359578,2026-07-14T21:04:29.364371+00:00,70.3,50,bid,FlawlessFlatbreads,DiligentDonuts,3720362
2026-07-14T21:04:31.465187,2026-07-14T21:04:31.469275+00:00,70.3,3,bid,FlawlessFlatbreads,DiligentDonuts,3720393
2026-07-14T21:04:31.465187,2026-07-14T21:04:31.479961+00:00,70.6,47,bid,FlawlessFlatbreads,EarnestEspressos,3720394
2026-07-14T21:04:33.634854,2026-07-14T21:04:33.637851+00:00,70.2,50,ask,DiligentDonuts,FlawlessFlatbreads,3720429
2026-07-14T21:04:35.742145,2026-07-14T21:04:35.748759+00:00,70.2,50,ask,EarnestEspressos,FlawlessFlatbreads,3720451
2026-07-14T21:04:37.365583,2026-07-14T21:04:37.369483+00:00,70.0,10,ask,DiligentDonuts,Xuanyu Liu,3720470
2026-07-14T21:04:37.803795,2026-07-14T21:04:37.807932+00:00,70.5,50,bid,FlawlessFlatbreads,DiligentDonuts,3720472
2026-07-14T21:04:39.910018,2026-07-14T21:04:39.914270+00:00,70.4,50,bid,FlawlessFlatbreads,DiligentDonuts,3720508
2026-07-14T21:04:42.068923,2026-07-14T21:04:42.076985+00:00,70.2,50,ask,DiligentDonuts,FlawlessFlatbreads,3720532
2026-07-14T21:04:42.414467,2026-07-14T21:04:42.424660+00:00,70.2,40,ask,DiligentDonuts,CostlyCorianders,3720541
2026-07-14T21:04:42.890792,2026-07-14T21:04:42.900197+00:00,70.2,10,ask,DiligentDonuts,CostlyCorianders,3720556
2026-07-14T21:04:42.890792,2026-07-14T21:04:42.900197+00:00,70.0,39,ask,EarnestEspressos,CostlyCorianders,3720557
2026-07-14T21:04:44.826463,2026-07-14T21:04:44.830321+00:00,70.5,40,bid,CostlyCorianders,EarnestEspressos,3720578
2026-07-14T21:04:45.433704,2026-07-14T21:04:45.438730+00:00,70.6,45,bid,CostlyCorianders,DiligentDonuts,3720594
2026-07-14T21:04:45.705835,2026-07-14T21:04:45.710221+00:00,70.1,11,ask,DiligentDonuts,Xuanyu Liu,3720598
2026-07-14T21:04:45.779659,2026-07-14T21:04:45.784936+00:00,70.1,9,ask,DiligentDonuts,Sze-Yong Ng,3720599
2026-07-14T21:04:46.064077,2026-07-14T21:04:46.074176+00:00,70.1,42,ask,DiligentDonuts,CostlyCorianders,3720602
2026-07-14T21:04:46.307111,2026-07-14T21:04:46.309749+00:00,70.1,38,ask,DiligentDonuts,FlawlessFlatbreads,3720604
2026-07-14T21:04:46.307111,2026-07-14T21:04:46.320575+00:00,70.1,12,ask,EarnestEspressos,FlawlessFlatbreads,3720605
2026-07-14T21:04:46.549831,2026-07-14T21:04:46.553856+00:00,70.1,41,ask,EarnestEspressos,CostlyCorianders,3720608
2026-07-14T21:04:47.443171,2026-07-14T21:04:47.447636+00:00,70.1,97,ask,EarnestEspressos,DiligentDonuts,3720616
2026-07-14T21:04:47.589087,2026-07-14T21:04:47.597524+00:00,70.1,3,bid,CostlyCorianders,DiligentDonuts,3720622
2026-07-14T21:04:47.589087,2026-07-14T21:04:47.597524+00:00,70.6,44,bid,CostlyCorianders,EarnestEspressos,3720623
2026-07-14T21:04:48.415126,2026-07-14T21:04:48.424446+00:00,69.6,50,ask,DiligentDonuts,FlawlessFlatbreads,3720631
2026-07-14T21:04:48.725074,2026-07-14T21:04:48.729404+00:00,69.8,21,bid,Xuanyu Liu,EarnestEspressos,3720632
2026-07-14T21:04:48.766924,2026-07-14T21:04:48.772413+00:00,69.8,9,bid,Sze-Yong Ng,EarnestEspressos,3720637
2026-07-14T21:04:49.889389,2026-07-14T21:04:49.894210+00:00,69.8,42,bid,CostlyCorianders,EarnestEspressos,3720650
2026-07-14T21:04:50.469806,2026-07-14T21:04:50.472285+00:00,69.8,50,bid,FlawlessFlatbreads,EarnestEspressos,3720662
2026-07-14T21:04:50.521411,2026-07-14T21:04:50.528259+00:00,69.8,14,bid,Xuanyu Liu,EarnestEspressos,3720664
2026-07-14T21:04:50.521701,2026-07-14T21:04:50.539333+00:00,69.8,14,bid,Sze-Yong Ng,EarnestEspressos,3720665
2026-07-14T21:04:51.806559,2026-07-14T21:04:51.810602+00:00,69.9,3,ask,DiligentDonuts,Xuanyu Liu,3720683
2026-07-14T21:04:51.832749,2026-07-14T21:04:51.836755+00:00,70.1,21,ask,EarnestEspressos,Xuanyu Liu,3720684
2026-07-14T21:04:51.873001,2026-07-14T21:04:51.879601+00:00,70.1,14,ask,EarnestEspressos,Sze-Yong Ng,3720685
2026-07-14T21:04:52.641836,2026-07-14T21:04:52.646438+00:00,70.1,50,ask,EarnestEspressos,FlawlessFlatbreads,3720698
2026-07-14T21:04:55.452382,2026-07-14T21:04:55.470270+00:00,70.0,43,ask,DiligentDonuts,CostlyCorianders,3720735
2026-07-14T21:04:56.547942,2026-07-14T21:04:56.550159+00:00,70.5,42,bid,CostlyCorianders,DiligentDonuts,3720753
2026-07-14T21:05:01.082279,2026-07-14T21:05:01.086566+00:00,70.0,50,ask,EarnestEspressos,FlawlessFlatbreads,3720814
2026-07-14T21:05:02.046737,2026-07-14T21:05:02.056535+00:00,70.0,48,ask,DiligentDonuts,CostlyCorianders,3720829
2026-07-14T21:05:02.566102,2026-07-14T21:05:02.578331+00:00,70.0,41,ask,DiligentDonuts,CostlyCorianders,3720835
2026-07-14T21:05:04.914505,2026-07-14T21:05:04.919836+00:00,69.9,10,bid,Xuanyu Liu,EarnestEspressos,3720881
2026-07-14T21:05:05.243947,2026-07-14T21:05:05.250433+00:00,69.9,50,bid,FlawlessFlatbreads,EarnestEspressos,3720885
2026-07-14T21:05:05.679865,2026-07-14T21:05:05.689153+00:00,69.9,47,bid,CostlyCorianders,EarnestEspressos,3720889
2026-07-14T21:05:06.225091,2026-07-14T21:05:06.239969+00:00,69.9,43,bid,Sze-Yong Ng,EarnestEspressos,3720897
2026-07-14T21:05:07.158694,2026-07-14T21:05:07.160912+00:00,69.7,45,ask,DiligentDonuts,CostlyCorianders,3720908
2026-07-14T21:05:07.401161,2026-07-14T21:05:07.407997+00:00,69.7,50,ask,DiligentDonuts,FlawlessFlatbreads,3720915
2026-07-14T21:05:07.631320,2026-07-14T21:05:07.642786+00:00,70.2,100,bid,EarnestEspressos,DiligentDonuts,3720922
2026-07-14T21:05:07.696751,2026-07-14T21:05:07.702178+00:00,70.2,14,ask,EarnestEspressos,Xuanyu Liu,3720923
2026-07-14T21:05:07.828255,2026-07-14T21:05:07.830571+00:00,70.2,30,ask,EarnestEspressos,Sze-Yong Ng,3720924
2026-07-14T21:05:08.320713,2026-07-14T21:05:08.323096+00:00,70.7,42,bid,CostlyCorianders,EarnestEspressos,3720936
2026-07-14T21:05:08.853998,2026-07-14T21:05:08.860673+00:00,70.2,6,ask,EarnestEspressos,CostlyCorianders,3720946
2026-07-14T21:05:08.853998,2026-07-14T21:05:08.860673+00:00,69.7,5,ask,DiligentDonuts,CostlyCorianders,3720947
2026-07-14T21:05:09.874470,2026-07-14T21:05:09.883097+00:00,70.3,41,bid,CostlyCorianders,DiligentDonuts,3720953
2026-07-14T21:05:10.151608,2026-07-14T21:05:10.155953+00:00,70.3,4,bid,Xuanyu Liu,DiligentDonuts,3720961
2026-07-14T21:05:10.427591,2026-07-14T21:05:10.434181+00:00,69.8,46,ask,DiligentDonuts,CostlyCorianders,3720962
2026-07-14T21:05:11.611838,2026-07-14T21:05:11.622579+00:00,70.0,50,ask,EarnestEspressos,FlawlessFlatbreads,3720978
2026-07-14T21:05:12.031444,2026-07-14T21:05:12.038367+00:00,70.0,44,ask,EarnestEspressos,CostlyCorianders,3720985
2026-07-14T21:05:13.719342,2026-07-14T21:05:13.723509+00:00,70.4,44,bid,CostlyCorianders,DiligentDonuts,3721009
2026-07-14T21:05:13.722642,2026-07-14T21:05:13.734209+00:00,70.0,50,ask,EarnestEspressos,FlawlessFlatbreads,3721010
2026-07-14T21:05:14.009909,2026-07-14T21:05:14.013240+00:00,69.9,100,ask,DiligentDonuts,EarnestEspressos,3721014
2026-07-14T21:05:14.025257,2026-07-14T21:05:14.030553+00:00,69.7,24,bid,Xuanyu Liu,EarnestEspressos,3721015
2026-07-14T21:05:14.108254,2026-07-14T21:05:14.113201+00:00,69.7,3,bid,Xuanyu Liu,EarnestEspressos,3721016
2026-07-14T21:05:14.143477,2026-07-14T21:05:14.146643+00:00,69.7,23,bid,Sze-Yong Ng,EarnestEspressos,3721018
2026-07-14T21:05:15.829123,2026-07-14T21:05:15.836009+00:00,69.2,50,ask,EarnestEspressos,FlawlessFlatbreads,3721042
2026-07-14T21:05:18.049951,2026-07-14T21:05:18.056677+00:00,69.6,3,ask,DiligentDonuts,Xuanyu Liu,3721069
2026-07-14T21:05:19.859989,2026-07-14T21:05:19.868768+00:00,69.9,2,bid,Dinh Nguyen,DiligentDonuts,3721089
2026-07-14T21:05:20.040406,2026-07-14T21:05:20.048288+00:00,69.6,50,ask,EarnestEspressos,FlawlessFlatbreads,3721091
2026-07-14T21:05:22.147484,2026-07-14T21:05:22.149537+00:00,69.4,50,ask,DiligentDonuts,FlawlessFlatbreads,3721112
2026-07-14T21:05:22.393905,2026-07-14T21:05:22.404071+00:00,69.6,38,bid,Sze-Yong Ng,DiligentDonuts,3721119
2026-07-14T21:05:23.293130,2026-07-14T21:05:23.297272+00:00,69.6,3,bid,Xuanyu Liu,DiligentDonuts,3721133
2026-07-14T21:05:23.297647,2026-07-14T21:05:23.308343+00:00,69.6,59,bid,Sze-Yong Ng,DiligentDonuts,3721134
2026-07-14T21:05:23.579957,2026-07-14T21:05:23.586582+00:00,70.0,2,bid,Dinh Nguyen,EarnestEspressos,3721135
2026-07-14T21:05:24.203452,2026-07-14T21:05:24.213055+00:00,70.0,50,bid,FlawlessFlatbreads,EarnestEspressos,3721140
2026-07-14T21:05:25.914004,2026-07-14T21:05:25.918177+00:00,69.6,3,ask,DiligentDonuts,Xuanyu Liu,3721165
2026-07-14T21:05:26.309603,2026-07-14T21:05:26.313124+00:00,70.0,50,bid,FlawlessFlatbreads,EarnestEspressos,3721173
2026-07-14T21:05:27.099305,2026-07-14T21:05:27.101266+00:00,70.1,41,bid,CostlyCorianders,DiligentDonuts,3721181
2026-07-14T21:05:28.416812,2026-07-14T21:05:28.422515+00:00,70.1,50,bid,FlawlessFlatbreads,DiligentDonuts,3721194
2026-07-14T21:05:28.561101,2026-07-14T21:05:28.566534+00:00,69.9,3,ask,DiligentDonuts,Xuanyu Liu,3721195
2026-07-14T21:05:28.693741,2026-07-14T21:05:28.696221+00:00,69.9,97,ask,DiligentDonuts,Sze-Yong Ng,3721200
2026-07-14T21:05:30.577872,2026-07-14T21:05:30.590091+00:00,69.7,50,ask,EarnestEspressos,FlawlessFlatbreads,3721225
2026-07-14T21:05:32.684819,2026-07-14T21:05:32.690872+00:00,69.7,50,ask,EarnestEspressos,FlawlessFlatbreads,3721245
2026-07-14T21:05:33.952373,2026-07-14T21:05:33.961185+00:00,69.5,42,ask,DiligentDonuts,CostlyCorianders,3721263
2026-07-14T21:05:35.739670,2026-07-14T21:05:35.741938+00:00,69.9,45,bid,CostlyCorianders,DiligentDonuts,3721284
2026-07-14T21:05:36.859669,2026-07-14T21:05:36.868483+00:00,69.9,50,bid,FlawlessFlatbreads,DiligentDonuts,3721305
2026-07-14T21:05:38.969347,2026-07-14T21:05:38.979841+00:00,69.9,50,bid,FlawlessFlatbreads,EarnestEspressos,3721333
2026-07-14T21:05:41.089803,2026-07-14T21:05:41.096789+00:00,70.1,50,bid,FlawlessFlatbreads,EarnestEspressos,3721355
2026-07-14T21:05:43.212970,2026-07-14T21:05:43.223247+00:00,70.4,50,bid,FlawlessFlatbreads,DiligentDonuts,3721378
2026-07-14T21:05:45.374779,2026-07-14T21:05:45.381230+00:00,70.0,50,ask,EarnestEspressos,FlawlessFlatbreads,3721399
2026-07-14T21:05:47.430789,2026-07-14T21:05:47.439291+00:00,70.2,50,bid,FlawlessFlatbreads,EarnestEspressos,3721421
2026-07-14T21:05:48.370548,2026-07-14T21:05:48.374323+00:00,70.0,4,ask,DiligentDonuts,Sze-Yong Ng,3721436
2026-07-14T21:05:49.324287,2026-07-14T21:05:49.332171+00:00,70.0,49,ask,DiligentDonuts,CostlyCorianders,3721445
2026-07-14T21:05:49.540142,2026-07-14T21:05:49.550318+00:00,70.3,50,bid,FlawlessFlatbreads,EarnestEspressos,3721448
2026-07-14T21:05:50.964469,2026-07-14T21:05:50.967917+00:00,70.2,47,bid,CostlyCorianders,DiligentDonuts,3721466
2026-07-14T21:05:53.813351,2026-07-14T21:05:53.825700+00:00,69.9,50,ask,EarnestEspressos,FlawlessFlatbreads,3721495
2026-07-14T21:05:54.022165,2026-07-14T21:05:54.030016+00:00,69.9,47,ask,EarnestEspressos,CostlyCorianders,3721499
2026-07-14T21:05:54.799609,2026-07-14T21:05:54.804172+00:00,69.9,11,ask,EarnestEspressos,Xuanyu Liu,3721510
2026-07-14T21:05:54.865537,2026-07-14T21:05:54.867985+00:00,69.9,19,ask,EarnestEspressos,Sze-Yong Ng,3721511
2026-07-14T21:05:55.138057,2026-07-14T21:05:55.149715+00:00,69.8,100,ask,DiligentDonuts,EarnestEspressos,3721517
2026-07-14T21:05:55.587836,2026-07-14T21:05:55.592621+00:00,69.8,43,bid,CostlyCorianders,EarnestEspressos,3721523
2026-07-14T21:05:55.870572,2026-07-14T21:05:55.880608+00:00,69.8,7,bid,FlawlessFlatbreads,EarnestEspressos,3721530
2026-07-14T21:05:55.870572,2026-07-14T21:05:55.880608+00:00,70.3,43,bid,FlawlessFlatbreads,DiligentDonuts,3721531
2026-07-14T21:05:57.981685,2026-07-14T21:05:57.983697+00:00,70.1,50,bid,FlawlessFlatbreads,DiligentDonuts,3721549
2026-07-14T21:05:58.728930,2026-07-14T21:05:58.734108+00:00,70.0,10,ask,EarnestEspressos,Xuanyu Liu,3721558
2026-07-14T21:05:58.772522,2026-07-14T21:05:58.776863+00:00,70.0,13,ask,EarnestEspressos,Sze-Yong Ng,3721559
2026-07-14T21:05:59.562961,2026-07-14T21:05:59.570057+00:00,70.0,43,ask,EarnestEspressos,CostlyCorianders,3721578
2026-07-14T21:06:00.088324,2026-07-14T21:06:00.091007+00:00,70.1,50,bid,FlawlessFlatbreads,DiligentDonuts,3721582
2026-07-14T21:06:02.275723,2026-07-14T21:06:02.285733+00:00,70.1,50,ask,DiligentDonuts,FlawlessFlatbreads,3721607
2026-07-14T21:06:02.815216,2026-07-14T21:06:02.822295+00:00,70.1,45,ask,DiligentDonuts,CostlyCorianders,3721623
2026-07-14T21:06:04.383210,2026-07-14T21:06:04.388365+00:00,69.9,50,ask,EarnestEspressos,FlawlessFlatbreads,3721643
2026-07-14T21:06:05.283221,2026-07-14T21:06:05.287546+00:00,70.1,10,bid,Xuanyu Liu,EarnestEspressos,3721654
2026-07-14T21:06:05.639799,2026-07-14T21:06:05.644287+00:00,70.1,11,bid,Xuanyu Liu,EarnestEspressos,3721656
2026-07-14T21:06:05.765777,2026-07-14T21:06:05.771813+00:00,70.1,13,bid,Sze-Yong Ng,EarnestEspressos,3721657
2026-07-14T21:06:05.863354,2026-07-14T21:06:05.867297+00:00,70.1,48,bid,CostlyCorianders,EarnestEspressos,3721658
2026-07-14T21:06:06.491871,2026-07-14T21:06:06.503114+00:00,69.8,50,ask,DiligentDonuts,FlawlessFlatbreads,3721674
2026-07-14T21:06:08.598480,2026-07-14T21:06:08.603822+00:00,69.9,50,ask,DiligentDonuts,FlawlessFlatbreads,3721694
2026-07-14T21:06:08.646449,2026-07-14T21:06:08.659377+00:00,70.4,42,bid,CostlyCorianders,DiligentDonuts,3721697
2026-07-14T21:06:10.523056,2026-07-14T21:06:10.536800+00:00,69.9,11,ask,EarnestEspressos,Xuanyu Liu,3721733
2026-07-14T21:06:12.811482,2026-07-14T21:06:12.818650+00:00,69.7,50,ask,EarnestEspressos,FlawlessFlatbreads,3721762
2026-07-14T21:06:13.141109,2026-07-14T21:06:13.157651+00:00,69.8,11,bid,Xuanyu Liu,DiligentDonuts,3721767
2026-07-14T21:06:13.290456,2026-07-14T21:06:13.293137+00:00,69.8,49,bid,CostlyCorianders,DiligentDonuts,3721773
2026-07-14T21:06:13.346325,2026-07-14T21:06:13.353634+00:00,69.7,49,ask,EarnestEspressos,CostlyCorianders,3721777
2026-07-14T21:06:13.872347,2026-07-14T21:06:13.880941+00:00,69.8,40,bid,CostlyCorianders,DiligentDonuts,3721782
2026-07-14T21:06:14.916956,2026-07-14T21:06:14.928616+00:00,69.5,50,ask,EarnestEspressos,FlawlessFlatbreads,3721787
2026-07-14T21:06:17.028122,2026-07-14T21:06:17.032716+00:00,69.8,50,ask,DiligentDonuts,EarnestEspressos,3721822
2026-07-14T21:06:17.314931,2026-07-14T21:06:17.323294+00:00,69.8,50,ask,DiligentDonuts,FlawlessFlatbreads,3721825
2026-07-14T21:06:17.750810,2026-07-14T21:06:17.758404+00:00,69.8,61,bid,Sze-Yong Ng,EarnestEspressos,3721828
2026-07-14T21:06:17.753897,2026-07-14T21:06:17.758404+00:00,69.8,3,bid,Xuanyu Liu,EarnestEspressos,3721829
2026-07-14T21:06:19.135529,2026-07-14T21:06:19.143189+00:00,69.3,50,ask,EarnestEspressos,FlawlessFlatbreads,3721842
2026-07-14T21:06:20.070116,2026-07-14T21:06:20.074107+00:00,69.4,46,ask,DiligentDonuts,CostlyCorianders,3721856
2026-07-14T21:06:21.573593,2026-07-14T21:06:21.585628+00:00,69.6,48,ask,EarnestEspressos,CostlyCorianders,3721874
2026-07-14T21:06:22.510768,2026-07-14T21:06:22.521497+00:00,69.7,38,bid,Sze-Yong Ng,DiligentDonuts,3721889
2026-07-14T21:06:22.520437,2026-07-14T21:06:22.532338+00:00,69.7,25,bid,Johan Shajee,DiligentDonuts,3721891
2026-07-14T21:06:22.542143,2026-07-14T21:06:22.553639+00:00,69.7,37,bid,CostlyCorianders,DiligentDonuts,3721892
2026-07-14T21:06:22.542143,2026-07-14T21:06:22.553639+00:00,70.1,4,bid,CostlyCorianders,EarnestEspressos,3721893
2026-07-14T21:06:23.349002,2026-07-14T21:06:23.354634+00:00,69.6,50,ask,EarnestEspressos,FlawlessFlatbreads,3721912
2026-07-14T21:06:26.801343,2026-07-14T21:06:26.804455+00:00,69.5,100,ask,DiligentDonuts,EarnestEspressos,3721949
2026-07-14T21:06:26.938795,2026-07-14T21:06:26.943146+00:00,69.4,25,bid,Johan Shajee,EarnestEspressos,3721954
2026-07-14T21:06:27.152079,2026-07-14T21:06:27.156070+00:00,69.4,25,bid,Johan Shajee,EarnestEspressos,3721959
2026-07-14T21:06:27.562163,2026-07-14T21:06:27.573251+00:00,68.9,50,ask,EarnestEspressos,FlawlessFlatbreads,3721964
2026-07-14T21:06:28.270994,2026-07-14T21:06:28.276157+00:00,70.0,41,bid,CostlyCorianders,DiligentDonuts,3721971
2026-07-14T21:06:28.777303,2026-07-14T21:06:28.789390+00:00,69.3,40,ask,DiligentDonuts,CostlyCorianders,3721977
2026-07-14T21:06:29.667914,2026-07-14T21:06:29.679152+00:00,69.3,50,ask,DiligentDonuts,FlawlessFlatbreads,3721984
2026-07-14T21:06:29.706099,2026-07-14T21:06:29.710847+00:00,69.8,44,bid,CostlyCorianders,DiligentDonuts,3721985
2026-07-14T21:06:31.727514,2026-07-14T21:06:31.734429+00:00,69.8,50,bid,FlawlessFlatbreads,DiligentDonuts,3722007
2026-07-14T21:06:32.262306,2026-07-14T21:06:32.274076+00:00,69.4,47,ask,EarnestEspressos,CostlyCorianders,3722024
2026-07-14T21:06:32.800891,2026-07-14T21:06:32.812456+00:00,69.6,41,bid,CostlyCorianders,DiligentDonuts,3722028
2026-07-14T21:06:33.573201,2026-07-14T21:06:33.581290+00:00,69.6,25,bid,Johan Shajee,DiligentDonuts,3722045
2026-07-14T21:06:33.782321,2026-07-14T21:06:33.793225+00:00,69.6,25,bid,Johan Shajee,DiligentDonuts,3722050
2026-07-14T21:06:33.834005,2026-07-14T21:06:33.846430+00:00,69.6,9,bid,FlawlessFlatbreads,DiligentDonuts,3722051
2026-07-14T21:06:33.834005,2026-07-14T21:06:33.846430+00:00,69.6,41,bid,FlawlessFlatbreads,EarnestEspressos,3722052
2026-07-14T21:06:33.994181,2026-07-14T21:06:34.005622+00:00,69.6,25,bid,Johan Shajee,EarnestEspressos,3722056
2026-07-14T21:06:34.435459,2026-07-14T21:06:34.441829+00:00,69.1,46,ask,DiligentDonuts,CostlyCorianders,3722065
2026-07-14T21:06:35.433429,2026-07-14T21:06:35.445496+00:00,69.6,48,bid,CostlyCorianders,EarnestEspressos,3722073
2026-07-14T21:06:35.992335,2026-07-14T21:06:35.994203+00:00,69.4,50,ask,DiligentDonuts,FlawlessFlatbreads,3722078
2026-07-14T21:06:36.788327,2026-07-14T21:06:36.790652+00:00,69.6,38,ask,EarnestEspressos,Sze-Yong Ng,3722091
2026-07-14T21:06:38.100146,2026-07-14T21:06:38.105115+00:00,69.6,50,ask,EarnestEspressos,FlawlessFlatbreads,3722101
2026-07-14T21:06:40.207355,2026-07-14T21:06:40.218832+00:00,69.3,50,ask,DiligentDonuts,FlawlessFlatbreads,3722125
2026-07-14T21:06:42.075887,2026-07-14T21:06:42.079047+00:00,69.4,38,bid,Sze-Yong Ng,DiligentDonuts,3722152
2026-07-14T21:06:42.220621,2026-07-14T21:06:42.227150+00:00,69.4,25,bid,Johan Shajee,DiligentDonuts,3722154
2026-07-14T21:06:42.313215,2026-07-14T21:06:42.322498+00:00,69.2,50,ask,EarnestEspressos,FlawlessFlatbreads,3722155
2026-07-14T21:06:42.431409,2026-07-14T21:06:42.440101+00:00,69.4,25,bid,Johan Shajee,DiligentDonuts,3722158
2026-07-14T21:06:43.235487,2026-07-14T21:06:43.247327+00:00,69.0,46,ask,EarnestEspressos,CostlyCorianders,3722171
2026-07-14T21:06:43.464109,2026-07-14T21:06:43.471525+00:00,69.4,12,bid,Dinh Nguyen,DiligentDonuts,3722176
2026-07-14T21:06:43.757021,2026-07-14T21:06:43.759367+00:00,69.5,2,bid,Dinh Nguyen,EarnestEspressos,3722186
2026-07-14T21:06:44.370549,2026-07-14T21:06:44.374185+00:00,69.5,50,bid,FlawlessFlatbreads,EarnestEspressos,3722193
2026-07-14T21:06:45.029098,2026-07-14T21:06:45.033590+00:00,69.5,2,bid,Dinh Nguyen,EarnestEspressos,3722196
2026-07-14T21:06:45.311452,2026-07-14T21:06:45.318656+00:00,69.5,48,bid,CostlyCorianders,EarnestEspressos,3722198
2026-07-14T21:06:46.476928,2026-07-14T21:06:46.482564+00:00,69.7,50,bid,FlawlessFlatbreads,EarnestEspressos,3722209
2026-07-14T21:06:47.514176,2026-07-14T21:06:47.518269+00:00,69.4,47,ask,DiligentDonuts,CostlyCorianders,3722221
2026-07-14T21:06:48.602888,2026-07-14T21:06:48.618681+00:00,69.7,50,bid,FlawlessFlatbreads,EarnestEspressos,3722226
2026-07-14T21:06:48.952939,2026-07-14T21:06:48.960401+00:00,69.5,38,ask,EarnestEspressos,Sze-Yong Ng,3722236
2026-07-14T21:06:49.590266,2026-07-14T21:06:49.599664+00:00,69.7,41,bid,CostlyCorianders,DiligentDonuts,3722241
2026-07-14T21:06:52.892163,2026-07-14T21:06:52.899472+00:00,69.4,50,ask,EarnestEspressos,FlawlessFlatbreads,3722283
2026-07-14T21:06:54.259501,2026-07-14T21:06:54.265146+00:00,69.5,48,ask,DiligentDonuts,CostlyCorianders,3722295
2026-07-14T21:06:54.948835,2026-07-14T21:06:54.952461+00:00,69.9,50,bid,FlawlessFlatbreads,EarnestEspressos,3722304
2026-07-14T21:06:57.687884,2026-07-14T21:06:57.700200+00:00,69.9,42,bid,CostlyCorianders,DiligentDonuts,3722338
2026-07-14T21:06:58.314320,2026-07-14T21:06:58.316151+00:00,69.6,42,ask,EarnestEspressos,CostlyCorianders,3722347
2026-07-14T21:06:59.209835,2026-07-14T21:06:59.220720+00:00,69.4,50,ask,DiligentDonuts,FlawlessFlatbreads,3722359
2026-07-14T21:07:01.318337,2026-07-14T21:07:01.330512+00:00,69.3,50,ask,EarnestEspressos,FlawlessFlatbreads,3722388
2026-07-14T21:07:02.074833,2026-07-14T21:07:02.086695+00:00,69.5,42,bid,CostlyCorianders,EarnestEspressos,3722406
2026-07-14T21:07:03.373179,2026-07-14T21:07:03.378204+00:00,69.5,50,bid,FlawlessFlatbreads,EarnestEspressos,3722420
2026-07-14T21:07:04.083930,2026-07-14T21:07:04.090786+00:00,69.2,42,ask,DiligentDonuts,CostlyCorianders,3722428
2026-07-14T21:07:05.481054,2026-07-14T21:07:05.484017+00:00,69.7,50,bid,FlawlessFlatbreads,DiligentDonuts,3722445
2026-07-14T21:07:05.676520,2026-07-14T21:07:05.688982+00:00,69.4,44,ask,EarnestEspressos,CostlyCorianders,3722450
2026-07-14T21:07:07.732226,2026-07-14T21:07:07.738957+00:00,69.7,41,bid,CostlyCorianders,DiligentDonuts,3722466
2026-07-14T21:07:09.709437,2026-07-14T21:07:09.716647+00:00,69.7,50,bid,FlawlessFlatbreads,DiligentDonuts,3722482
2026-07-14T21:07:11.827435,2026-07-14T21:07:11.835961+00:00,69.9,50,bid,FlawlessFlatbreads,EarnestEspressos,3722506
2026-07-14T21:07:13.938087,2026-07-14T21:07:13.946860+00:00,69.9,50,bid,FlawlessFlatbreads,EarnestEspressos,3722527
2026-07-14T21:07:14.664043,2026-07-14T21:07:14.669152+00:00,69.8,3,ask,EarnestEspressos,Xuanyu Liu,3722534
2026-07-14T21:07:14.699743,2026-07-14T21:07:14.701771+00:00,69.8,25,ask,EarnestEspressos,Johan Shajee,3722535
2026-07-14T21:07:14.774356,2026-07-14T21:07:14.777340+00:00,69.8,42,ask,EarnestEspressos,Sze-Yong Ng,3722538
2026-07-14T21:07:15.259530,2026-07-14T21:07:15.267997+00:00,69.8,42,ask,EarnestEspressos,CostlyCorianders,3722544
2026-07-14T21:07:18.205618,2026-07-14T21:07:18.217224+00:00,69.7,50,ask,DiligentDonuts,FlawlessFlatbreads,3722575
2026-07-14T21:07:20.216954,2026-07-14T21:07:20.221030+00:00,69.9,43,bid,CostlyCorianders,EarnestEspressos,3722613
2026-07-14T21:07:21.898503,2026-07-14T21:07:21.901988+00:00,70.1,41,bid,CostlyCorianders,DiligentDonuts,3722630
2026-07-14T21:07:21.952899,2026-07-14T21:07:21.954814+00:00,69.6,45,ask,DiligentDonuts,CostlyCorianders,3722631
2026-07-14T21:07:22.422455,2026-07-14T21:07:22.431276+00:00,69.6,50,ask,DiligentDonuts,FlawlessFlatbreads,3722640
2026-07-14T21:07:22.445001,2026-07-14T21:07:22.452964+00:00,70.1,48,bid,CostlyCorianders,EarnestEspressos,3722641
2026-07-14T21:07:24.537223,2026-07-14T21:07:24.548060+00:00,69.6,50,ask,EarnestEspressos,FlawlessFlatbreads,3722684
2026-07-14T21:07:25.331052,2026-07-14T21:07:25.334180+00:00,69.6,44,ask,EarnestEspressos,CostlyCorianders,3722690
2026-07-14T21:07:26.228571,2026-07-14T21:07:26.236732+00:00,69.8,41,bid,CostlyCorianders,DiligentDonuts,3722710
2026-07-14T21:07:27.701662,2026-07-14T21:07:27.707040+00:00,69.4,43,ask,EarnestEspressos,CostlyCorianders,3722735
2026-07-14T21:07:29.338729,2026-07-14T21:07:29.345906+00:00,69.8,48,bid,CostlyCorianders,DiligentDonuts,3722751
2026-07-14T21:07:30.857013,2026-07-14T21:07:30.862586+00:00,69.3,50,ask,DiligentDonuts,FlawlessFlatbreads,3722778
2026-07-14T21:07:31.908038,2026-07-14T21:07:31.912718+00:00,69.5,3,bid,Xuanyu Liu,EarnestEspressos,3722790
2026-07-14T21:07:31.929233,2026-07-14T21:07:31.934716+00:00,69.5,42,bid,Sze-Yong Ng,EarnestEspressos,3722791
2026-07-14T21:07:32.963483,2026-07-14T21:07:32.967499+00:00,69.3,50,ask,DiligentDonuts,FlawlessFlatbreads,3722807
2026-07-14T21:07:37.171956,2026-07-14T21:07:37.178246+00:00,69.5,50,ask,EarnestEspressos,FlawlessFlatbreads,3722888
2026-07-14T21:07:39.278635,2026-07-14T21:07:39.282865+00:00,69.5,50,ask,EarnestEspressos,FlawlessFlatbreads,3722913
2026-07-14T21:07:39.606085,2026-07-14T21:07:39.612372+00:00,69.5,61,bid,Sze-Yong Ng,EarnestEspressos,3722919
2026-07-14T21:07:39.768644,2026-07-14T21:07:39.781657+00:00,69.5,25,bid,Johan Shajee,EarnestEspressos,3722922
2026-07-14T21:07:40.328104,2026-07-14T21:07:40.333451+00:00,69.5,41,bid,CostlyCorianders,EarnestEspressos,3722931
2026-07-14T21:07:40.893179,2026-07-14T21:07:40.904362+00:00,69.5,23,bid,Dinh Nguyen,EarnestEspressos,3722944
2026-07-14T21:07:40.903490,2026-07-14T21:07:40.914913+00:00,69.2,45,ask,DiligentDonuts,CostlyCorianders,3722945
2026-07-14T21:07:41.385229,2026-07-14T21:07:41.389975+00:00,69.2,50,ask,DiligentDonuts,FlawlessFlatbreads,3722949
2026-07-14T21:07:42.686224,2026-07-14T21:07:42.690775+00:00,69.6,25,bid,Dinh Nguyen,DiligentDonuts,3722964
2026-07-14T21:07:42.709128,2026-07-14T21:07:42.711829+00:00,69.6,75,bid,EarnestEspressos,DiligentDonuts,3722965
2026-07-14T21:07:43.441576,2026-07-14T21:07:43.443814+00:00,70.1,50,bid,FlawlessFlatbreads,EarnestEspressos,3722973
2026-07-14T21:07:45.553708,2026-07-14T21:07:45.563778+00:00,69.8,50,bid,FlawlessFlatbreads,DiligentDonuts,3723003
2026-07-14T21:07:49.763997,2026-07-14T21:07:49.767094+00:00,70.0,50,bid,FlawlessFlatbreads,DiligentDonuts,3723051
2026-07-14T21:07:51.870743,2026-07-14T21:07:51.882092+00:00,70.0,50,bid,FlawlessFlatbreads,DiligentDonuts,3723077
2026-07-14T21:07:53.996449,2026-07-14T21:07:54.009553+00:00,70.0,50,bid,FlawlessFlatbreads,DiligentDonuts,3723101
2026-07-14T21:07:54.117570,2026-07-14T21:07:54.121627+00:00,69.9,14,ask,DiligentDonuts,Xuanyu Liu,3723105
2026-07-14T21:07:54.183159,2026-07-14T21:07:54.185981+00:00,69.9,86,ask,DiligentDonuts,Sze-Yong Ng,3723107
2026-07-14T21:07:56.103775,2026-07-14T21:07:56.108064+00:00,69.9,50,bid,FlawlessFlatbreads,EarnestEspressos,3723133
2026-07-14T21:07:58.214498,2026-07-14T21:07:58.227163+00:00,69.9,50,bid,FlawlessFlatbreads,EarnestEspressos,3723160
2026-07-14T21:07:58.249886,2026-07-14T21:07:58.266417+00:00,69.9,11,bid,Xuanyu Liu,EarnestEspressos,3723162
2026-07-14T21:07:58.594759,2026-07-14T21:07:58.596647+00:00,70.1,17,ask,EarnestEspressos,Sze-Yong Ng,3723165
2026-07-14T21:07:58.608464,2026-07-14T21:07:58.618000+00:00,70.1,25,ask,EarnestEspressos,Johan Shajee,3723166
2026-07-14T21:07:58.842053,2026-07-14T21:07:58.852600+00:00,70.1,25,ask,EarnestEspressos,Johan Shajee,3723169
2026-07-14T21:07:59.056290,2026-07-14T21:07:59.065345+00:00,70.1,25,ask,EarnestEspressos,Johan Shajee,3723174
2026-07-14T21:07:59.266638,2026-07-14T21:07:59.279164+00:00,70.1,25,ask,EarnestEspressos,Dinh Nguyen,3723176
2026-07-14T21:07:59.404208,2026-07-14T21:07:59.407188+00:00,70.1,25,ask,EarnestEspressos,Johan Shajee,3723182
2026-07-14T21:08:00.881412,2026-07-14T21:08:00.891481+00:00,70.1,8,ask,EarnestEspressos,Johan Shajee,3723206
2026-07-14T21:08:01.915291,2026-07-14T21:08:01.923803+00:00,69.9,2,ask,DiligentDonuts,Johan Shajee,3723234
2026-07-14T21:08:02.121855,2026-07-14T21:08:02.124592+00:00,69.9,25,ask,DiligentDonuts,Johan Shajee,3723237
2026-07-14T21:08:02.132809,2026-07-14T21:08:02.135208+00:00,69.9,2,ask,DiligentDonuts,Johan Shajee,3723239
2026-07-14T21:08:02.338380,2026-07-14T21:08:02.346535+00:00,69.9,25,ask,DiligentDonuts,Dinh Nguyen,3723240
2026-07-14T21:08:02.349291,2026-07-14T21:08:02.357251+00:00,69.9,2,ask,DiligentDonuts,Johan Shajee,3723242
2026-07-14T21:08:02.408190,2026-07-14T21:08:02.410567+00:00,69.9,25,ask,DiligentDonuts,Johan Shajee,3723245
2026-07-14T21:08:02.483247,2026-07-14T21:08:02.495341+00:00,69.9,19,ask,DiligentDonuts,FlawlessFlatbreads,3723248
2026-07-14T21:08:02.483247,2026-07-14T21:08:02.495341+00:00,69.6,31,ask,EarnestEspressos,FlawlessFlatbreads,3723249
2026-07-14T21:08:03.898636,2026-07-14T21:08:03.910205+00:00,69.6,42,ask,EarnestEspressos,CostlyCorianders,3723276
2026-07-14T21:08:04.592367,2026-07-14T21:08:04.597637+00:00,69.6,50,ask,EarnestEspressos,FlawlessFlatbreads,3723285
2026-07-14T21:08:04.937337,2026-07-14T21:08:04.954226+00:00,69.5,100,ask,DiligentDonuts,EarnestEspressos,3723296
2026-07-14T21:08:04.948961,2026-07-14T21:08:04.954226+00:00,69.5,6,bid,Xuanyu Liu,EarnestEspressos,3723297
2026-07-14T21:08:04.972851,2026-07-14T21:08:04.976334+00:00,69.5,25,bid,Johan Shajee,EarnestEspressos,3723302
2026-07-14T21:08:04.991162,2026-07-14T21:08:04.998154+00:00,69.5,19,bid,Sze-Yong Ng,EarnestEspressos,3723303
2026-07-14T21:08:04.997760,2026-07-14T21:08:05.009212+00:00,70.0,42,bid,CostlyCorianders,DiligentDonuts,3723304
2026-07-14T21:08:06.933534,2026-07-14T21:08:06.936512+00:00,69.8,23,bid,Sze-Yong Ng,DiligentDonuts,3723325
2026-07-14T21:08:07.345603,2026-07-14T21:08:07.354326+00:00,69.8,38,bid,Sze-Yong Ng,DiligentDonuts,3723336
2026-07-14T21:08:07.386285,2026-07-14T21:08:07.397764+00:00,69.8,25,bid,Johan Shajee,DiligentDonuts,3723340
2026-07-14T21:08:07.598068,2026-07-14T21:08:07.600713+00:00,69.8,14,bid,Johan Shajee,DiligentDonuts,3723345
2026-07-14T21:08:08.521293,2026-07-14T21:08:08.525793+00:00,69.7,3,ask,EarnestEspressos,Xuanyu Liu,3723361
2026-07-14T21:08:08.745961,2026-07-14T21:08:08.751005+00:00,69.7,38,ask,EarnestEspressos,Sze-Yong Ng,3723371
2026-07-14T21:08:08.754384,2026-07-14T21:08:08.761692+00:00,70.2,50,bid,FlawlessFlatbreads,EarnestEspressos,3723372
2026-07-14T21:08:09.482541,2026-07-14T21:08:09.494180+00:00,69.7,44,ask,EarnestEspressos,CostlyCorianders,3723381
2026-07-14T21:08:10.861149,2026-07-14T21:08:10.865920+00:00,69.9,50,bid,FlawlessFlatbreads,DiligentDonuts,3723400
2026-07-14T21:08:12.708566,2026-07-14T21:08:12.711596+00:00,69.9,2,bid,Dinh Nguyen,DiligentDonuts,3723419
2026-07-14T21:08:13.581659,2026-07-14T21:08:13.592490+00:00,69.8,48,ask,DiligentDonuts,CostlyCorianders,3723427
2026-07-14T21:08:15.126445,2026-07-14T21:08:15.134397+00:00,69.8,50,ask,DiligentDonuts,FlawlessFlatbreads,3723442
2026-07-14T21:08:16.337691,2026-07-14T21:08:16.346831+00:00,70.0,42,bid,CostlyCorianders,EarnestEspressos,3723449
2026-07-14T21:08:19.788714,2026-07-14T21:08:19.797136+00:00,69.9,43,bid,CostlyCorianders,DiligentDonuts,3723496
2026-07-14T21:08:21.297211,2026-07-14T21:08:21.306605+00:00,69.4,46,ask,DiligentDonuts,CostlyCorianders,3723519
2026-07-14T21:08:21.390848,2026-07-14T21:08:21.401996+00:00,69.9,50,bid,FlawlessFlatbreads,DiligentDonuts,3723521
2026-07-14T21:08:24.359763,2026-07-14T21:08:24.364215+00:00,69.9,47,bid,CostlyCorianders,DiligentDonuts,3723561
2026-07-14T21:08:29.956179,2026-07-14T21:08:29.964221+00:00,69.7,49,ask,DiligentDonuts,CostlyCorianders,3723628
2026-07-14T21:08:30.961534,2026-07-14T21:08:30.965702+00:00,69.7,3,ask,DiligentDonuts,Xuanyu Liu,3723643
2026-07-14T21:08:31.077703,2026-07-14T21:08:31.083996+00:00,69.7,25,ask,DiligentDonuts,Johan Shajee,3723644
2026-07-14T21:08:31.082676,2026-07-14T21:08:31.094695+00:00,69.7,23,ask,DiligentDonuts,Sze-Yong Ng,3723646
2026-07-14T21:08:31.480380,2026-07-14T21:08:31.490587+00:00,69.9,40,bid,CostlyCorianders,EarnestEspressos,3723651
2026-07-14T21:08:31.921413,2026-07-14T21:08:31.930038+00:00,69.9,50,bid,FlawlessFlatbreads,EarnestEspressos,3723656
2026-07-14T21:08:32.481741,2026-07-14T21:08:32.484339+00:00,69.6,45,bid,CostlyCorianders,DiligentDonuts,3723663
2026-07-14T21:08:33.389977,2026-07-14T21:08:33.393771+00:00,69.6,55,bid,EarnestEspressos,DiligentDonuts,3723678
2026-07-14T21:08:33.488980,2026-07-14T21:08:33.499181+00:00,69.7,25,ask,EarnestEspressos,Johan Shajee,3723679
2026-07-14T21:08:33.552234,2026-07-14T21:08:33.562834+00:00,69.7,19,ask,EarnestEspressos,Sze-Yong Ng,3723681
2026-07-14T21:08:33.700289,2026-07-14T21:08:33.710650+00:00,69.7,25,ask,EarnestEspressos,Johan Shajee,3723685
2026-07-14T21:08:33.940683,2026-07-14T21:08:33.942431+00:00,69.7,25,ask,EarnestEspressos,Johan Shajee,3723687
2026-07-14T21:08:34.028974,2026-07-14T21:08:34.037753+00:00,70.2,50,bid,FlawlessFlatbreads,EarnestEspressos,3723691
2026-07-14T21:08:34.562395,2026-07-14T21:08:34.565886+00:00,69.7,1,ask,EarnestEspressos,Sze-Yong Ng,3723696
2026-07-14T21:08:36.136168,2026-07-14T21:08:36.147137+00:00,69.9,50,bid,FlawlessFlatbreads,DiligentDonuts,3723712
2026-07-14T21:08:38.248553,2026-07-14T21:08:38.251523+00:00,69.8,50,bid,FlawlessFlatbreads,EarnestEspressos,3723744
2026-07-14T21:08:38.656558,2026-07-14T21:08:38.666073+00:00,69.6,43,ask,DiligentDonuts,CostlyCorianders,3723749
2026-07-14T21:08:38.848638,2026-07-14T21:08:38.854018+00:00,69.6,11,ask,DiligentDonuts,Xuanyu Liu,3723758
2026-07-14T21:08:38.891831,2026-07-14T21:08:38.897005+00:00,69.6,18,ask,DiligentDonuts,Sze-Yong Ng,3723759
2026-07-14T21:08:40.354919,2026-07-14T21:08:40.358502+00:00,69.8,50,bid,FlawlessFlatbreads,EarnestEspressos,3723783
2026-07-14T21:08:40.772280,2026-07-14T21:08:40.782364+00:00,69.6,28,ask,DiligentDonuts,CostlyCorianders,3723785
2026-07-14T21:08:40.772280,2026-07-14T21:08:40.782364+00:00,69.3,13,ask,EarnestEspressos,CostlyCorianders,3723786
2026-07-14T21:08:41.369386,2026-07-14T21:08:41.379515+00:00,69.8,42,bid,CostlyCorianders,EarnestEspressos,3723794
2026-07-14T21:08:42.512039,2026-07-14T21:08:42.516894+00:00,69.3,50,ask,EarnestEspressos,FlawlessFlatbreads,3723815
2026-07-14T21:08:43.352482,2026-07-14T21:08:43.360105+00:00,69.2,46,ask,DiligentDonuts,CostlyCorianders,3723829
2026-07-14T21:08:43.872259,2026-07-14T21:08:43.882010+00:00,69.7,46,bid,CostlyCorianders,DiligentDonuts,3723838
2026-07-14T21:08:44.618908,2026-07-14T21:08:44.631436+00:00,69.2,50,ask,DiligentDonuts,FlawlessFlatbreads,3723843
2026-07-14T21:08:45.940108,2026-07-14T21:08:45.951906+00:00,69.2,46,ask,EarnestEspressos,CostlyCorianders,3723863
2026-07-14T21:08:46.727811,2026-07-14T21:08:46.731447+00:00,69.4,50,ask,EarnestEspressos,FlawlessFlatbreads,3723874
2026-07-14T21:08:48.004108,2026-07-14T21:08:48.006604+00:00,69.6,47,bid,CostlyCorianders,DiligentDonuts,3723890
2026-07-14T21:08:48.563631,2026-07-14T21:08:48.569170+00:00,69.6,47,bid,CostlyCorianders,DiligentDonuts,3723896
2026-07-14T21:08:48.834814,2026-07-14T21:08:48.845153+00:00,69.4,50,ask,EarnestEspressos,FlawlessFlatbreads,3723901
2026-07-14T21:08:49.212988,2026-07-14T21:08:49.219909+00:00,69.1,48,ask,DiligentDonuts,CostlyCorianders,3723912
2026-07-14T21:08:49.277428,2026-07-14T21:08:49.282453+00:00,69.4,14,bid,Xuanyu Liu,EarnestEspressos,3723914
2026-07-14T21:08:49.379678,2026-07-14T21:08:49.388873+00:00,69.4,61,bid,Sze-Yong Ng,EarnestEspressos,3723916
2026-07-14T21:08:49.828477,2026-07-14T21:08:49.832931+00:00,69.4,46,bid,CostlyCorianders,EarnestEspressos,3723921
2026-07-14T21:08:50.711459,2026-07-14T21:08:50.721524+00:00,69.4,29,bid,Sze-Yong Ng,EarnestEspressos,3723932
2026-07-14T21:08:50.890955,2026-07-14T21:08:50.903613+00:00,69.6,6,bid,FlawlessFlatbreads,DiligentDonuts,3723933
2026-07-14T21:08:52.424402,2026-07-14T21:08:52.431320+00:00,69.4,29,ask,EarnestEspressos,Sze-Yong Ng,3723973
2026-07-14T21:08:52.996780,2026-07-14T21:08:53.003426+00:00,69.8,50,bid,FlawlessFlatbreads,DiligentDonuts,3723980
2026-07-14T21:08:55.125684,2026-07-14T21:08:55.135503+00:00,69.8,50,bid,FlawlessFlatbreads,DiligentDonuts,3724010
2026-07-14T21:08:57.995610,2026-07-14T21:08:58.005079+00:00,69.6,42,ask,DiligentDonuts,CostlyCorianders,3724045
2026-07-14T21:08:58.504033,2026-07-14T21:08:58.508704+00:00,69.6,14,ask,DiligentDonuts,Xuanyu Liu,3724057
2026-07-14T21:08:58.569089,2026-07-14T21:08:58.573752+00:00,69.6,44,ask,DiligentDonuts,Sze-Yong Ng,3724059
2026-07-14T21:08:59.338382,2026-07-14T21:08:59.348581+00:00,69.7,50,bid,FlawlessFlatbreads,EarnestEspressos,3724062
2026-07-14T21:09:01.522045,2026-07-14T21:09:01.528181+00:00,69.2,50,ask,EarnestEspressos,FlawlessFlatbreads,3724093
2026-07-14T21:09:03.608158,2026-07-14T21:09:03.612213+00:00,69.7,50,bid,FlawlessFlatbreads,DiligentDonuts,3724115
2026-07-14T21:09:04.425672,2026-07-14T21:09:04.459310+00:00,69.5,45,ask,DiligentDonuts,CostlyCorianders,3724131
2026-07-14T21:09:05.714492,2026-07-14T21:09:05.722304+00:00,70.0,50,bid,FlawlessFlatbreads,DiligentDonuts,3724149
2026-07-14T21:09:10.001087,2026-07-14T21:09:10.006013+00:00,69.4,50,ask,EarnestEspressos,FlawlessFlatbreads,3724216
2026-07-14T21:09:12.110907,2026-07-14T21:09:12.115802+00:00,69.3,50,ask,DiligentDonuts,FlawlessFlatbreads,3724248
2026-07-14T21:09:14.218144,2026-07-14T21:09:14.222246+00:00,69.2,50,ask,EarnestEspressos,FlawlessFlatbreads,3724273
2026-07-14T21:09:14.233874,2026-07-14T21:09:14.238332+00:00,69.4,14,bid,Xuanyu Liu,DiligentDonuts,3724274
2026-07-14T21:09:14.366238,2026-07-14T21:09:14.376655+00:00,69.4,44,bid,Sze-Yong Ng,DiligentDonuts,3724275
2026-07-14T21:09:16.306359,2026-07-14T21:09:16.313989+00:00,69.5,46,bid,CostlyCorianders,EarnestEspressos,3724305
2026-07-14T21:09:16.324386,2026-07-14T21:09:16.335593+00:00,69.0,50,ask,EarnestEspressos,FlawlessFlatbreads,3724306
2026-07-14T21:09:17.309145,2026-07-14T21:09:17.317599+00:00,69.5,40,bid,CostlyCorianders,EarnestEspressos,3724327
2026-07-14T21:09:18.166508,2026-07-14T21:09:18.174940+00:00,69.3,3,ask,DiligentDonuts,Xuanyu Liu,3724342
2026-07-14T21:09:18.188853,2026-07-14T21:09:18.196717+00:00,69.3,42,ask,DiligentDonuts,Sze-Yong Ng,3724344
2026-07-14T21:09:18.431370,2026-07-14T21:09:18.439980+00:00,69.3,50,ask,DiligentDonuts,FlawlessFlatbreads,3724348
2026-07-14T21:09:19.740196,2026-07-14T21:09:19.751380+00:00,69.1,46,ask,EarnestEspressos,CostlyCorianders,3724370
2026-07-14T21:09:20.350213,2026-07-14T21:09:20.355571+00:00,69.6,47,bid,CostlyCorianders,EarnestEspressos,3724376
2026-07-14T21:09:20.553137,2026-07-14T21:09:20.557463+00:00,69.1,50,ask,EarnestEspressos,FlawlessFlatbreads,3724378
2026-07-14T21:09:20.782586,2026-07-14T21:09:20.786789+00:00,69.6,3,bid,Xuanyu Liu,EarnestEspressos,3724383
2026-07-14T21:09:20.881648,2026-07-14T21:09:20.893371+00:00,69.6,42,bid,Sze-Yong Ng,DiligentDonuts,3724385
2026-07-14T21:09:22.660638,2026-07-14T21:09:22.663434+00:00,69.2,50,ask,EarnestEspressos,FlawlessFlatbreads,3724408
2026-07-14T21:09:23.933868,2026-07-14T21:09:23.944712+00:00,69.4,43,ask,DiligentDonuts,CostlyCorianders,3724423
2026-07-14T21:09:24.059934,2026-07-14T21:09:24.071113+00:00,69.4,57,ask,DiligentDonuts,EarnestEspressos,3724424
2026-07-14T21:09:24.106312,2026-07-14T21:09:24.113411+00:00,69.2,38,bid,Sze-Yong Ng,EarnestEspressos,3724425
2026-07-14T21:09:24.249749,2026-07-14T21:09:24.251887+00:00,69.2,25,bid,Johan Shajee,EarnestEspressos,3724429
2026-07-14T21:09:24.463227,2026-07-14T21:09:24.473941+00:00,69.2,25,bid,Johan Shajee,EarnestEspressos,3724432
2026-07-14T21:09:24.578052,2026-07-14T21:09:24.589725+00:00,69.2,5,bid,Dinh Nguyen,EarnestEspressos,3724433
2026-07-14T21:09:24.798763,2026-07-14T21:09:24.802122+00:00,68.7,50,ask,EarnestEspressos,FlawlessFlatbreads,3724437
2026-07-14T21:09:26.907115,2026-07-14T21:09:26.915766+00:00,69.0,50,ask,DiligentDonuts,FlawlessFlatbreads,3724463
2026-07-14T21:09:27.774844,2026-07-14T21:09:27.779210+00:00,69.5,47,bid,CostlyCorianders,DiligentDonuts,3724470
2026-07-14T21:09:29.013824,2026-07-14T21:09:29.020764+00:00,69.2,50,ask,EarnestEspressos,FlawlessFlatbreads,3724487
2026-07-14T21:09:29.974139,2026-07-14T21:09:29.982261+00:00,69.4,2,bid,Dinh Nguyen,DiligentDonuts,3724506
2026-07-14T21:09:30.085351,2026-07-14T21:09:30.087562+00:00,69.4,25,bid,Johan Shajee,DiligentDonuts,3724508
2026-07-14T21:09:30.295868,2026-07-14T21:09:30.300175+00:00,69.4,25,bid,Johan Shajee,DiligentDonuts,3724513
2026-07-14T21:09:30.505379,2026-07-14T21:09:30.511481+00:00,69.4,25,bid,Johan Shajee,DiligentDonuts,3724520
2026-07-14T21:09:30.715738,2026-07-14T21:09:30.722268+00:00,69.4,23,bid,Johan Shajee,DiligentDonuts,3724523
2026-07-14T21:09:33.258145,2026-07-14T21:09:33.266413+00:00,69.2,50,ask,DiligentDonuts,FlawlessFlatbreads,3724550
2026-07-14T21:09:33.587545,2026-07-14T21:09:33.594989+00:00,69.2,42,ask,DiligentDonuts,CostlyCorianders,3724558
2026-07-14T21:09:35.365781,2026-07-14T21:09:35.374052+00:00,69.1,50,ask,EarnestEspressos,FlawlessFlatbreads,3724581
2026-07-14T21:09:36.134101,2026-07-14T21:09:36.144392+00:00,69.4,2,bid,Dinh Nguyen,DiligentDonuts,3724594
2026-07-14T21:09:36.146480,2026-07-14T21:09:36.154996+00:00,69.1,44,ask,EarnestEspressos,CostlyCorianders,3724595
2026-07-14T21:09:36.541493,2026-07-14T21:09:36.546959+00:00,69.4,25,bid,Johan Shajee,DiligentDonuts,3724599
2026-07-14T21:09:36.717498,2026-07-14T21:09:36.721587+00:00,69.2,3,bid,Xuanyu Liu,EarnestEspressos,3724600
2026-07-14T21:09:36.729117,2026-07-14T21:09:36.732414+00:00,69.2,36,bid,Sze-Yong Ng,EarnestEspressos,3724601
2026-07-14T21:09:36.750387,2026-07-14T21:09:36.753623+00:00,69.2,25,bid,Johan Shajee,EarnestEspressos,3724603
2026-07-14T21:09:36.958871,2026-07-14T21:09:36.965624+00:00,69.2,2,bid,Johan Shajee,EarnestEspressos,3724608
2026-07-14T21:09:37.591089,2026-07-14T21:09:37.594103+00:00,69.2,25,bid,Dinh Nguyen,EarnestEspressos,3724619
2026-07-14T21:09:37.846374,2026-07-14T21:09:37.858182+00:00,69.2,2,bid,Dinh Nguyen,EarnestEspressos,3724627
2026-07-14T21:09:38.229679,2026-07-14T21:09:38.238350+00:00,69.2,46,bid,CostlyCorianders,EarnestEspressos,3724634
2026-07-14T21:09:39.101106,2026-07-14T21:09:39.106746+00:00,69.2,2,bid,Dinh Nguyen,EarnestEspressos,3724641
2026-07-14T21:09:39.545152,2026-07-14T21:09:39.551249+00:00,69.2,9,bid,FlawlessFlatbreads,EarnestEspressos,3724648
2026-07-14T21:09:39.545152,2026-07-14T21:09:39.551249+00:00,69.4,41,bid,FlawlessFlatbreads,DiligentDonuts,3724649
2026-07-14T21:09:39.846829,2026-07-14T21:09:39.857063+00:00,69.4,40,bid,CostlyCorianders,DiligentDonuts,3724654
2026-07-14T21:09:40.437517,2026-07-14T21:09:40.442507+00:00,69.1,3,ask,EarnestEspressos,Xuanyu Liu,3724668
2026-07-14T21:09:40.795430,2026-07-14T21:09:40.800880+00:00,69.1,48,ask,EarnestEspressos,CostlyCorianders,3724674
2026-07-14T21:09:41.401326,2026-07-14T21:09:41.410101+00:00,69.4,19,bid,CostlyCorianders,DiligentDonuts,3724679
2026-07-14T21:09:41.656088,2026-07-14T21:09:41.661548+00:00,69.6,50,bid,FlawlessFlatbreads,EarnestEspressos,3724680
2026-07-14T21:09:43.155955,2026-07-14T21:09:43.164624+00:00,69.1,49,ask,DiligentDonuts,CostlyCorianders,3724704
2026-07-14T21:09:43.789438,2026-07-14T21:09:43.799153+00:00,69.5,50,bid,FlawlessFlatbreads,EarnestEspressos,3724711
2026-07-14T21:09:44.149832,2026-07-14T21:09:44.157532+00:00,69.5,47,bid,CostlyCorianders,EarnestEspressos,3724715
2026-07-14T21:09:45.062908,2026-07-14T21:09:45.072569+00:00,69.0,44,ask,EarnestEspressos,CostlyCorianders,3724728
2026-07-14T21:09:45.961957,2026-07-14T21:09:45.965674+00:00,69.0,50,ask,EarnestEspressos,FlawlessFlatbreads,3724741
2026-07-14T21:09:48.070271,2026-07-14T21:09:48.081306+00:00,69.1,50,ask,DiligentDonuts,FlawlessFlatbreads,3724775
2026-07-14T21:09:48.256408,2026-07-14T21:09:48.260054+00:00,69.5,47,bid,CostlyCorianders,EarnestEspressos,3724776
2026-07-14T21:09:48.315195,2026-07-14T21:09:48.323418+00:00,69.1,44,ask,DiligentDonuts,CostlyCorianders,3724779
2026-07-14T21:09:49.334557,2026-07-14T21:09:49.341838+00:00,69.3,13,ask,EarnestEspressos,Sze-Yong Ng,3724789
2026-07-14T21:09:49.630709,2026-07-14T21:09:49.645100+00:00,69.3,103,ask,EarnestEspressos,Sze-Yong Ng,3724806
2026-07-14T21:09:49.640470,2026-07-14T21:09:49.645100+00:00,69.3,3,ask,EarnestEspressos,Xuanyu Liu,3724808
2026-07-14T21:09:49.788211,2026-07-14T21:09:49.792299+00:00,69.3,25,ask,EarnestEspressos,Johan Shajee,3724811
2026-07-14T21:09:49.999956,2026-07-14T21:09:50.003746+00:00,69.3,6,ask,EarnestEspressos,Johan Shajee,3724816
2026-07-14T21:09:50.125624,2026-07-14T21:09:50.130455+00:00,69.6,50,bid,FlawlessFlatbreads,DiligentDonuts,3724819
2026-07-14T21:09:51.460620,2026-07-14T21:09:51.463034+00:00,69.1,2,ask,DiligentDonuts,Johan Shajee,3724844
2026-07-14T21:09:51.666329,2026-07-14T21:09:51.675589+00:00,69.1,2,ask,DiligentDonuts,Johan Shajee,3724850
2026-07-14T21:09:51.871323,2026-07-14T21:09:51.875857+00:00,69.1,1,ask,DiligentDonuts,Johan Shajee,3724852
2026-07-14T21:09:52.252102,2026-07-14T21:09:52.258090+00:00,69.6,50,bid,FlawlessFlatbreads,DiligentDonuts,3724859
2026-07-14T21:09:52.256307,2026-07-14T21:09:52.258090+00:00,69.6,49,bid,CostlyCorianders,DiligentDonuts,3724860
2026-07-14T21:09:52.545042,2026-07-14T21:09:52.549365+00:00,69.2,3,bid,Xuanyu Liu,EarnestEspressos,3724861
2026-07-14T21:09:52.613282,2026-07-14T21:09:52.624282+00:00,69.2,80,bid,Sze-Yong Ng,EarnestEspressos,3724867
2026-07-14T21:09:52.684665,2026-07-14T21:09:52.688037+00:00,69.2,25,bid,Johan Shajee,EarnestEspressos,3724870
2026-07-14T21:09:52.894282,2026-07-14T21:09:52.904422+00:00,69.2,11,bid,Johan Shajee,EarnestEspressos,3724874
2026-07-14T21:09:53.437114,2026-07-14T21:09:53.449029+00:00,69.2,25,bid,Dinh Nguyen,EarnestEspressos,3724883
2026-07-14T21:09:54.300889,2026-07-14T21:09:54.304478+00:00,69.2,6,bid,DiligentDonuts,EarnestEspressos,3724894
2026-07-14T21:09:54.360653,2026-07-14T21:09:54.367625+00:00,69.7,50,bid,FlawlessFlatbreads,DiligentDonuts,3724896
2026-07-14T21:09:56.467723,2026-07-14T21:09:56.470918+00:00,69.7,50,bid,FlawlessFlatbreads,DiligentDonuts,3724921
2026-07-14T21:09:57.474375,2026-07-14T21:09:57.478655+00:00,69.5,3,ask,DiligentDonuts,Xuanyu Liu,3724942
2026-07-14T21:09:57.507427,2026-07-14T21:09:57.510305+00:00,69.5,25,ask,DiligentDonuts,Johan Shajee,3724943
2026-07-14T21:09:57.606186,2026-07-14T21:09:57.616018+00:00,69.5,72,ask,DiligentDonuts,Sze-Yong Ng,3724947
2026-07-14T21:09:58.086396,2026-07-14T21:09:58.098008+00:00,69.2,43,ask,EarnestEspressos,CostlyCorianders,3724948
2026-07-14T21:09:58.605474,2026-07-14T21:09:58.616186+00:00,69.7,48,bid,CostlyCorianders,EarnestEspressos,3724960
2026-07-14T21:09:59.602023,2026-07-14T21:09:59.609534+00:00,69.3,46,ask,EarnestEspressos,CostlyCorianders,3724976
2026-07-14T21:10:02.707475,2026-07-14T21:10:02.709923+00:00,69.6,49,bid,CostlyCorianders,EarnestEspressos,3725013
2026-07-14T21:10:02.781159,2026-07-14T21:10:02.784003+00:00,69.6,50,bid,FlawlessFlatbreads,EarnestEspressos,3725014
2026-07-14T21:10:04.214526,2026-07-14T21:10:04.225920+00:00,69.2,45,ask,DiligentDonuts,CostlyCorianders,3725036
2026-07-14T21:10:04.941347,2026-07-14T21:10:04.945202+00:00,69.2,50,ask,DiligentDonuts,FlawlessFlatbreads,3725041
2026-07-14T21:10:05.155973,2026-07-14T21:10:05.165783+00:00,69.5,8,ask,EarnestEspressos,Sze-Yong Ng,3725047
2026-07-14T21:10:05.333307,2026-07-14T21:10:05.345267+00:00,69.5,25,ask,EarnestEspressos,Johan Shajee,3725050
2026-07-14T21:10:05.522140,2026-07-14T21:10:05.524677+00:00,69.5,25,ask,EarnestEspressos,Dinh Nguyen,3725054
2026-07-14T21:10:05.545338,2026-07-14T21:10:05.556573+00:00,69.5,25,ask,EarnestEspressos,Johan Shajee,3725055
2026-07-14T21:10:05.756490,2026-07-14T21:10:05.767444+00:00,69.5,25,ask,EarnestEspressos,Johan Shajee,3725058
2026-07-14T21:10:05.967682,2026-07-14T21:10:05.977807+00:00,69.5,25,ask,EarnestEspressos,Johan Shajee,3725062
2026-07-14T21:10:06.176542,2026-07-14T21:10:06.188285+00:00,69.5,17,ask,EarnestEspressos,Johan Shajee,3725068
2026-07-14T21:10:07.485596,2026-07-14T21:10:07.496897+00:00,69.6,46,bid,CostlyCorianders,DiligentDonuts,3725085
2026-07-14T21:10:09.154607,2026-07-14T21:10:09.163115+00:00,69.1,50,ask,DiligentDonuts,FlawlessFlatbreads,3725110
2026-07-14T21:10:11.211398,2026-07-14T21:10:11.219468+00:00,69.5,50,bid,FlawlessFlatbreads,EarnestEspressos,3725132
2026-07-14T21:10:11.885422,2026-07-14T21:10:11.895724+00:00,69.6,3,bid,Xuanyu Liu,DiligentDonuts,3725147
2026-07-14T21:10:11.962439,2026-07-14T21:10:11.970012+00:00,69.6,42,bid,Sze-Yong Ng,DiligentDonuts,3725150
2026-07-14T21:10:15.036246,2026-07-14T21:10:15.039562+00:00,69.4,41,ask,DiligentDonuts,CostlyCorianders,3725191
2026-07-14T21:10:17.587787,2026-07-14T21:10:17.598998+00:00,69.4,50,ask,EarnestEspressos,FlawlessFlatbreads,3725229
2026-07-14T21:10:19.281724,2026-07-14T21:10:19.283602+00:00,69.2,47,ask,DiligentDonuts,CostlyCorianders,3725257
2026-07-14T21:10:19.643635,2026-07-14T21:10:19.653180+00:00,69.5,50,bid,FlawlessFlatbreads,EarnestEspressos,3725261
2026-07-14T21:10:20.476876,2026-07-14T21:10:20.486971+00:00,69.5,43,bid,CostlyCorianders,EarnestEspressos,3725273
2026-07-14T21:10:20.957026,2026-07-14T21:10:20.961945+00:00,69.5,100,bid,EarnestEspressos,DiligentDonuts,3725281
2026-07-14T21:10:20.998057,2026-07-14T21:10:21.004222+00:00,69.5,49,ask,EarnestEspressos,CostlyCorianders,3725283
2026-07-14T21:10:21.752006,2026-07-14T21:10:21.753690+00:00,70.0,50,bid,FlawlessFlatbreads,EarnestEspressos,3725293
2026-07-14T21:10:21.943794,2026-07-14T21:10:21.953323+00:00,70.0,48,bid,CostlyCorianders,EarnestEspressos,3725296
2026-07-14T21:10:22.396402,2026-07-14T21:10:22.400372+00:00,69.5,1,ask,EarnestEspressos,Xuanyu Liu,3725305
2026-07-14T21:10:23.521249,2026-07-14T21:10:23.526480+00:00,68.9,42,ask,DiligentDonuts,CostlyCorianders,3725323
2026-07-14T21:10:25.740351,2026-07-14T21:10:25.752343+00:00,69.4,40,bid,CostlyCorianders,DiligentDonuts,3725344
2026-07-14T21:10:25.963778,2026-07-14T21:10:25.974277+00:00,69.4,50,bid,FlawlessFlatbreads,EarnestEspressos,3725346
2026-07-14T21:10:27.337988,2026-07-14T21:10:27.342096+00:00,69.5,46,bid,CostlyCorianders,DiligentDonuts,3725369
2026-07-14T21:10:28.122806,2026-07-14T21:10:28.124776+00:00,69.2,50,ask,EarnestEspressos,FlawlessFlatbreads,3725387
2026-07-14T21:10:30.180585,2026-07-14T21:10:30.199771+00:00,69.6,50,bid,FlawlessFlatbreads,DiligentDonuts,3725415
2026-07-14T21:10:32.010604,2026-07-14T21:10:32.020034+00:00,69.3,1,bid,Xuanyu Liu,EarnestEspressos,3725438
2026-07-14T21:10:32.262157,2026-07-14T21:10:32.272931+00:00,69.3,100,bid,DiligentDonuts,EarnestEspressos,3725440
2026-07-14T21:10:32.290437,2026-07-14T21:10:32.294232+00:00,69.3,49,bid,FlawlessFlatbreads,EarnestEspressos,3725443
2026-07-14T21:10:33.607917,2026-07-14T21:10:33.612879+00:00,69.8,24,ask,EarnestEspressos,Xuanyu Liu,3725457
2026-07-14T21:10:33.663020,2026-07-14T21:10:33.666739+00:00,69.8,25,ask,EarnestEspressos,Johan Shajee,3725458
2026-07-14T21:10:33.732442,2026-07-14T21:10:33.741029+00:00,69.8,74,ask,EarnestEspressos,Sze-Yong Ng,3725460
2026-07-14T21:10:33.822731,2026-07-14T21:10:33.826182+00:00,69.8,27,ask,EarnestEspressos,CostlyCorianders,3725463
2026-07-14T21:10:36.507420,2026-07-14T21:10:36.517268+00:00,69.7,50,bid,FlawlessFlatbreads,DiligentDonuts,3725502
2026-07-14T21:10:38.048592,2026-07-14T21:10:38.051996+00:00,69.2,40,ask,DiligentDonuts,CostlyCorianders,3725525
2026-07-14T21:10:38.614450,2026-07-14T21:10:38.620868+00:00,69.7,50,bid,FlawlessFlatbreads,EarnestEspressos,3725545
