timestamp,recv_time,price,volume,aggressor_side,buyer,seller,trade_id
2026-07-03T19:00:00.259969,2026-07-03T19:00:00.258586+00:00,116.1,47,ask,,,6086433
2026-07-03T19:00:00.887743,2026-07-03T19:00:00.909266+00:00,116.4,42,ask,,,6086442
2026-07-03T19:00:03.517638,2026-07-03T19:00:03.544325+00:00,116.8,40,bid,,,6086472
2026-07-03T19:00:03.595220,2026-07-03T19:00:03.606523+00:00,116.4,50,ask,,,6086473
2026-07-03T19:00:03.891275,2026-07-03T19:00:03.902535+00:00,116.6,14,bid,,,6086480
2026-07-03T19:00:05.054327,2026-07-03T19:00:05.060499+00:00,116.6,86,bid,,,6086490
2026-07-03T19:00:05.704465,2026-07-03T19:00:05.711770+00:00,116.6,50,ask,,,6086499
2026-07-03T19:00:07.810295,2026-07-03T19:00:07.822116+00:00,116.6,14,ask,,,6086523
2026-07-03T19:00:07.810295,2026-07-03T19:00:07.822116+00:00,116.5,36,ask,,,6086524
2026-07-03T19:00:08.272796,2026-07-03T19:00:08.280673+00:00,116.5,64,ask,,,6086528
2026-07-03T19:00:08.486652,2026-07-03T19:00:08.502018+00:00,116.4,45,bid,,,6086534
2026-07-03T19:00:08.606906,2026-07-03T19:00:08.619090+00:00,116.4,3,bid,,,6086535
2026-07-03T19:00:09.869106,2026-07-03T19:00:09.875664+00:00,116.4,38,bid,,,6086552
2026-07-03T19:00:09.869106,2026-07-03T19:00:09.896372+00:00,117.0,12,bid,,,6086553
2026-07-03T19:00:10.673167,2026-07-03T19:00:10.685847+00:00,116.3,48,ask,,,6086572
2026-07-03T19:00:11.979008,2026-07-03T19:00:11.987006+00:00,116.8,50,bid,,,6086592
2026-07-03T19:00:12.528168,2026-07-03T19:00:12.549216+00:00,116.7,3,ask,,,6086597
2026-07-03T19:00:14.139261,2026-07-03T19:00:14.150915+00:00,116.7,50,ask,,,6086623
2026-07-03T19:00:16.247057,2026-07-03T19:00:16.258596+00:00,116.6,50,ask,,,6086659
2026-07-03T19:00:17.084712,2026-07-03T19:00:17.096125+00:00,116.6,45,ask,,,6086669
2026-07-03T19:00:17.814607,2026-07-03T19:00:17.824549+00:00,116.4,3,bid,,,6086680
2026-07-03T19:00:18.354481,2026-07-03T19:00:18.351549+00:00,116.2,50,ask,,,6086692
2026-07-03T19:00:18.582229,2026-07-03T19:00:18.592829+00:00,116.4,23,bid,,,6086697
2026-07-03T19:00:19.077168,2026-07-03T19:00:19.123426+00:00,116.4,48,bid,,,6086701
2026-07-03T19:00:20.070806,2026-07-03T19:00:20.082523+00:00,116.4,41,bid,,,6086713
2026-07-03T19:00:20.413139,2026-07-03T19:00:20.426153+00:00,116.4,35,bid,,,6086719
2026-07-03T19:00:20.609631,2026-07-03T19:00:20.612714+00:00,116.8,47,bid,,,6086720
2026-07-03T19:00:20.664049,2026-07-03T19:00:20.672003+00:00,116.3,40,ask,,,6086722
2026-07-03T19:00:20.892146,2026-07-03T19:00:20.905868+00:00,116.7,23,ask,,,6086726
2026-07-03T19:00:21.306485,2026-07-03T19:00:21.334910+00:00,116.7,44,ask,,,6086737
2026-07-03T19:00:22.405118,2026-07-03T19:00:22.416868+00:00,116.7,41,ask,,,6086751
2026-07-03T19:00:22.576845,2026-07-03T19:00:22.595908+00:00,116.7,42,ask,,,6086754
2026-07-03T19:00:22.576845,2026-07-03T19:00:22.603362+00:00,116.3,8,ask,,,6086755
2026-07-03T19:00:23.007437,2026-07-03T19:00:23.018879+00:00,116.7,42,bid,,,6086762
2026-07-03T19:00:24.685274,2026-07-03T19:00:24.692739+00:00,116.2,50,ask,,,6086792
2026-07-03T19:00:26.383798,2026-07-03T19:00:26.396337+00:00,116.5,11,bid,,,6086820
2026-07-03T19:00:26.790856,2026-07-03T19:00:26.802589+00:00,116.1,50,ask,,,6086824
2026-07-03T19:00:27.009962,2026-07-03T19:00:27.019401+00:00,116.5,12,bid,,,6086826
2026-07-03T19:00:28.897488,2026-07-03T19:00:28.909039+00:00,116.4,50,ask,,,6086854
2026-07-03T19:00:30.913376,2026-07-03T19:00:30.922308+00:00,116.5,23,bid,,,6086882
2026-07-03T19:00:31.005062,2026-07-03T19:00:31.007083+00:00,116.1,50,ask,,,6086884
2026-07-03T19:00:33.066205,2026-07-03T19:00:33.111542+00:00,116.5,50,bid,,,6086926
2026-07-03T19:00:33.092980,2026-07-03T19:00:33.111542+00:00,116.5,44,bid,,,6086928
2026-07-03T19:00:33.548362,2026-07-03T19:00:33.558585+00:00,116.7,100,bid,,,6086930
2026-07-03T19:00:33.614758,2026-07-03T19:00:33.623179+00:00,116.7,23,ask,,,6086932
2026-07-03T19:00:35.174990,2026-07-03T19:00:35.203316+00:00,117.2,50,bid,,,6086956
2026-07-03T19:00:36.937489,2026-07-03T19:00:36.963819+00:00,116.8,47,bid,,,6086985
2026-07-03T19:00:37.289917,2026-07-03T19:00:37.296710+00:00,116.8,50,bid,,,6086989
2026-07-03T19:00:39.170465,2026-07-03T19:00:39.182203+00:00,116.7,40,ask,,,6087019
2026-07-03T19:00:39.394980,2026-07-03T19:00:39.406593+00:00,116.9,50,bid,,,6087022
2026-07-03T19:00:41.425071,2026-07-03T19:00:41.434473+00:00,116.7,12,ask,,,6087045
2026-07-03T19:00:41.502008,2026-07-03T19:00:41.513326+00:00,117.1,50,bid,,,6087047
2026-07-03T19:00:42.227883,2026-07-03T19:00:42.239923+00:00,116.6,45,ask,,,6087053
2026-07-03T19:00:43.347549,2026-07-03T19:00:43.363891+00:00,117.0,41,bid,,,6087063
2026-07-03T19:00:43.617428,2026-07-03T19:00:43.636612+00:00,117.0,50,bid,,,6087069
2026-07-03T19:00:44.970267,2026-07-03T19:00:44.982596+00:00,116.8,11,ask,,,6087086
2026-07-03T19:00:45.723301,2026-07-03T19:00:45.735127+00:00,117.1,50,bid,,,6087094
2026-07-03T19:00:46.659553,2026-07-03T19:00:46.667958+00:00,116.9,3,ask,,,6087104
2026-07-03T19:00:47.886864,2026-07-03T19:00:47.893148+00:00,116.9,50,ask,,,6087121
2026-07-03T19:00:49.944397,2026-07-03T19:00:49.958599+00:00,117.0,50,bid,,,6087150
2026-07-03T19:00:52.102063,2026-07-03T19:00:52.113722+00:00,116.7,50,ask,,,6087184
2026-07-03T19:00:52.689636,2026-07-03T19:00:52.701238+00:00,116.8,43,ask,,,6087189
2026-07-03T19:00:54.211673,2026-07-03T19:00:54.218094+00:00,116.8,50,ask,,,6087216
2026-07-03T19:00:54.852771,2026-07-03T19:00:54.853771+00:00,116.8,45,ask,,,6087223
2026-07-03T19:00:55.795784,2026-07-03T19:00:55.807634+00:00,116.8,3,bid,,,6087244
2026-07-03T19:00:56.318977,2026-07-03T19:00:56.342713+00:00,116.6,50,ask,,,6087250
2026-07-03T19:00:56.527634,2026-07-03T19:00:56.532015+00:00,116.8,45,bid,,,6087253
2026-07-03T19:00:58.297439,2026-07-03T19:00:58.309186+00:00,116.8,42,bid,,,6087284
2026-07-03T19:00:58.424497,2026-07-03T19:00:58.431131+00:00,116.5,50,ask,,,6087285
2026-07-03T19:01:00.531526,2026-07-03T19:01:00.558597+00:00,116.5,50,ask,,,6087315
2026-07-03T19:01:00.792610,2026-07-03T19:01:00.799469+00:00,117.0,48,bid,,,6087322
2026-07-03T19:01:02.637565,2026-07-03T19:01:02.648847+00:00,116.6,50,ask,,,6087351
2026-07-03T19:01:03.290665,2026-07-03T19:01:03.302439+00:00,116.6,48,ask,,,6087364
2026-07-03T19:01:03.690567,2026-07-03T19:01:03.698772+00:00,116.6,3,ask,,,6087371
2026-07-03T19:01:04.005503,2026-07-03T19:01:04.020857+00:00,116.6,49,ask,,,6087379
2026-07-03T19:01:04.012916,2026-07-03T19:01:04.020857+00:00,116.3,26,bid,,,6087380
2026-07-03T19:01:06.303026,2026-07-03T19:01:06.311622+00:00,116.3,11,bid,,,6087413
2026-07-03T19:01:06.851197,2026-07-03T19:01:06.855102+00:00,115.9,50,ask,,,6087423
2026-07-03T19:01:08.052084,2026-07-03T19:01:08.047736+00:00,116.4,47,bid,,,6087443
2026-07-03T19:01:08.956661,2026-07-03T19:01:08.968426+00:00,116.3,50,ask,,,6087450
2026-07-03T19:01:09.285837,2026-07-03T19:01:09.292084+00:00,116.3,41,ask,,,6087457
2026-07-03T19:01:10.423633,2026-07-03T19:01:10.435386+00:00,116.6,49,bid,,,6087472
2026-07-03T19:01:11.921902,2026-07-03T19:01:11.943535+00:00,116.3,44,ask,,,6087484
2026-07-03T19:01:13.063545,2026-07-03T19:01:13.074772+00:00,116.3,43,ask,,,6087494
2026-07-03T19:01:13.167800,2026-07-03T19:01:13.179150+00:00,116.3,50,ask,,,6087495
2026-07-03T19:01:13.542958,2026-07-03T19:01:13.549811+00:00,116.6,40,bid,,,6087503
2026-07-03T19:01:14.163042,2026-07-03T19:01:14.174343+00:00,116.6,41,bid,,,6087517
2026-07-03T19:01:14.765717,2026-07-03T19:01:14.773558+00:00,116.3,12,bid,,,6087525
2026-07-03T19:01:15.225592,2026-07-03T19:01:15.233519+00:00,116.3,50,bid,,,6087534
2026-07-03T19:01:17.333312,2026-07-03T19:01:17.340474+00:00,116.3,50,bid,,,6087566
2026-07-03T19:01:18.842248,2026-07-03T19:01:18.848163+00:00,116.7,44,bid,,,6087586
2026-07-03T19:01:19.438925,2026-07-03T19:01:19.450211+00:00,116.7,50,bid,,,6087596
2026-07-03T19:01:20.748493,2026-07-03T19:01:20.757692+00:00,116.6,12,ask,,,6087613
2026-07-03T19:01:21.545406,2026-07-03T19:01:21.551763+00:00,116.8,50,bid,,,6087631
2026-07-03T19:01:22.306912,2026-07-03T19:01:22.315561+00:00,116.6,45,ask,,,6087639
2026-07-03T19:01:22.783247,2026-07-03T19:01:22.806789+00:00,116.6,43,ask,,,6087652
2026-07-03T19:01:24.106415,2026-07-03T19:01:24.118276+00:00,116.8,45,bid,,,6087669
2026-07-03T19:01:25.728564,2026-07-03T19:01:25.739358+00:00,116.6,11,ask,,,6087701
2026-07-03T19:01:25.811592,2026-07-03T19:01:25.823056+00:00,116.6,50,ask,,,6087704
2026-07-03T19:01:25.824364,2026-07-03T19:01:25.836394+00:00,116.8,46,bid,,,6087705
2026-07-03T19:01:25.970250,2026-07-03T19:01:25.979575+00:00,116.6,12,ask,,,6087706
2026-07-03T19:01:27.021717,2026-07-03T19:01:27.038237+00:00,116.7,40,bid,,,6087719
2026-07-03T19:01:27.919860,2026-07-03T19:01:27.931264+00:00,116.2,50,ask,,,6087727
2026-07-03T19:01:28.595084,2026-07-03T19:01:28.603875+00:00,116.5,12,bid,,,6087738
2026-07-03T19:01:28.845757,2026-07-03T19:01:28.855240+00:00,116.5,11,bid,,,6087744
2026-07-03T19:01:29.906617,2026-07-03T19:01:29.914709+00:00,116.4,11,ask,,,6087762
2026-07-03T19:01:30.029040,2026-07-03T19:01:30.053203+00:00,116.4,50,ask,,,6087769
2026-07-03T19:01:32.134916,2026-07-03T19:01:32.158699+00:00,116.4,39,ask,,,6087807
2026-07-03T19:01:32.134916,2026-07-03T19:01:32.163710+00:00,116.0,11,ask,,,6087808
2026-07-03T19:01:33.577779,2026-07-03T19:01:33.590031+00:00,116.0,44,ask,,,6087824
2026-07-03T19:01:33.829552,2026-07-03T19:01:33.838611+00:00,116.3,11,bid,,,6087826
2026-07-03T19:01:34.259425,2026-07-03T19:01:34.270712+00:00,115.9,50,ask,,,6087833
2026-07-03T19:01:36.820888,2026-07-03T19:01:36.832574+00:00,116.4,41,bid,,,6087872
2026-07-03T19:01:38.423845,2026-07-03T19:01:38.458607+00:00,116.2,50,bid,,,6087893
2026-07-03T19:01:39.503452,2026-07-03T19:01:39.512645+00:00,116.0,41,ask,,,6087910
2026-07-03T19:01:40.530613,2026-07-03T19:01:40.558568+00:00,116.3,50,bid,,,6087922
2026-07-03T19:01:41.428257,2026-07-03T19:01:41.437436+00:00,116.3,47,bid,,,6087934
2026-07-03T19:01:42.638968,2026-07-03T19:01:42.645597+00:00,116.3,50,bid,,,6087954
2026-07-03T19:01:43.167148,2026-07-03T19:01:43.173691+00:00,116.3,100,bid,,,6087963
2026-07-03T19:01:43.234186,2026-07-03T19:01:43.242620+00:00,116.3,11,ask,,,6087964
2026-07-03T19:01:43.321057,2026-07-03T19:01:43.329191+00:00,116.3,12,ask,,,6087967
2026-07-03T19:01:44.751564,2026-07-03T19:01:44.757727+00:00,116.8,50,bid,,,6087988
2026-07-03T19:01:45.110370,2026-07-03T19:01:45.128884+00:00,116.3,27,ask,,,6087993
2026-07-03T19:01:45.110370,2026-07-03T19:01:45.128884+00:00,116.1,22,ask,,,6087994
2026-07-03T19:01:46.857778,2026-07-03T19:01:46.879644+00:00,116.4,50,bid,,,6088024
2026-07-03T19:01:47.149960,2026-07-03T19:01:47.158590+00:00,116.1,42,ask,,,6088028
2026-07-03T19:01:48.976809,2026-07-03T19:01:48.988227+00:00,116.4,50,bid,,,6088057
2026-07-03T19:01:49.387326,2026-07-03T19:01:49.396857+00:00,116.4,12,bid,,,6088068
2026-07-03T19:01:49.489125,2026-07-03T19:01:49.500954+00:00,116.4,100,bid,,,6088070
2026-07-03T19:01:49.551184,2026-07-03T19:01:49.560168+00:00,116.6,12,ask,,,6088072
2026-07-03T19:01:50.550238,2026-07-03T19:01:50.565136+00:00,116.6,11,ask,,,6088087
2026-07-03T19:01:50.678702,2026-07-03T19:01:50.684884+00:00,117.1,47,bid,,,6088092
2026-07-03T19:01:50.905493,2026-07-03T19:01:50.914839+00:00,116.6,3,ask,,,6088094
2026-07-03T19:01:51.086361,2026-07-03T19:01:51.105559+00:00,117.1,50,bid,,,6088096
2026-07-03T19:01:51.476906,2026-07-03T19:01:51.488222+00:00,116.6,24,ask,,,6088100
2026-07-03T19:01:53.196608,2026-07-03T19:01:53.203023+00:00,116.6,50,bid,,,6088117
2026-07-03T19:01:53.511730,2026-07-03T19:01:53.530182+00:00,116.1,49,ask,,,6088127
2026-07-03T19:01:53.519293,2026-07-03T19:01:53.530182+00:00,116.6,3,bid,,,6088129
2026-07-03T19:01:55.301993,2026-07-03T19:01:55.313377+00:00,116.6,50,bid,,,6088157
2026-07-03T19:01:55.896631,2026-07-03T19:01:55.903266+00:00,116.9,49,bid,,,6088162
2026-07-03T19:01:57.459504,2026-07-03T19:01:57.474214+00:00,116.5,3,ask,,,6088187
2026-07-03T19:01:57.466626,2026-07-03T19:01:57.474214+00:00,116.5,50,ask,,,6088189
2026-07-03T19:01:57.820749,2026-07-03T19:01:57.831726+00:00,116.4,100,ask,,,6088195
2026-07-03T19:01:59.521859,2026-07-03T19:01:59.548850+00:00,116.6,50,bid,,,6088217
2026-07-03T19:02:01.630064,2026-07-03T19:02:01.658819+00:00,116.6,50,bid,,,6088244
2026-07-03T19:02:03.552213,2026-07-03T19:02:03.574015+00:00,116.5,40,ask,,,6088271
2026-07-03T19:02:03.738650,2026-07-03T19:02:03.748381+00:00,116.9,50,bid,,,6088272
2026-07-03T19:02:05.459651,2026-07-03T19:02:05.471181+00:00,116.8,46,bid,,,6088296
2026-07-03T19:02:05.844524,2026-07-03T19:02:05.899836+00:00,116.8,50,bid,,,6088303
2026-07-03T19:02:07.951080,2026-07-03T19:02:07.957121+00:00,116.7,50,bid,,,6088343
2026-07-03T19:02:10.109964,2026-07-03T19:02:10.121263+00:00,116.6,50,ask,,,6088382
2026-07-03T19:02:12.216862,2026-07-03T19:02:12.228192+00:00,116.6,50,ask,,,6088412
2026-07-03T19:02:12.243652,2026-07-03T19:02:12.254109+00:00,116.6,46,ask,,,6088413
2026-07-03T19:02:14.277018,2026-07-03T19:02:14.281233+00:00,116.7,50,bid,,,6088443
2026-07-03T19:02:14.349472,2026-07-03T19:02:14.356156+00:00,116.7,44,bid,,,6088444
2026-07-03T19:02:18.537782,2026-07-03T19:02:18.549091+00:00,116.4,50,ask,,,6088509
2026-07-03T19:02:19.999668,2026-07-03T19:02:20.027088+00:00,116.2,44,ask,,,6088526
2026-07-03T19:02:20.592400,2026-07-03T19:02:20.604064+00:00,116.7,50,bid,,,6088538
2026-07-03T19:02:20.645679,2026-07-03T19:02:20.657172+00:00,116.2,42,ask,,,6088539
2026-07-03T19:02:21.739159,2026-07-03T19:02:21.758601+00:00,116.7,46,bid,,,6088559
2026-07-03T19:02:22.704260,2026-07-03T19:02:22.712750+00:00,116.7,50,bid,,,6088569
2026-07-03T19:02:22.761320,2026-07-03T19:02:22.767681+00:00,116.2,43,ask,,,6088571
2026-07-03T19:02:24.810899,2026-07-03T19:02:24.822400+00:00,116.6,50,bid,,,6088592
2026-07-03T19:02:25.216630,2026-07-03T19:02:25.228205+00:00,116.6,44,bid,,,6088599
2026-07-03T19:02:26.917895,2026-07-03T19:02:26.929547+00:00,116.6,50,bid,,,6088617
2026-07-03T19:02:27.462495,2026-07-03T19:02:27.469352+00:00,116.7,100,bid,,,6088623
2026-07-03T19:02:27.519618,2026-07-03T19:02:27.528757+00:00,116.7,14,ask,,,6088627
2026-07-03T19:02:29.075520,2026-07-03T19:02:29.102653+00:00,116.7,36,ask,,,6088640
2026-07-03T19:02:29.075520,2026-07-03T19:02:29.102653+00:00,116.2,14,ask,,,6088641
2026-07-03T19:02:29.290701,2026-07-03T19:02:29.311784+00:00,116.2,40,ask,,,6088644
2026-07-03T19:02:30.703135,2026-07-03T19:02:30.709705+00:00,116.7,48,bid,,,6088669
2026-07-03T19:02:30.758301,2026-07-03T19:02:30.780015+00:00,116.5,40,ask,,,6088670
2026-07-03T19:02:31.183886,2026-07-03T19:02:31.204765+00:00,116.5,50,ask,,,6088674
2026-07-03T19:02:31.268703,2026-07-03T19:02:31.290499+00:00,116.5,10,ask,,,6088676
2026-07-03T19:02:31.559545,2026-07-03T19:02:31.568082+00:00,116.7,14,bid,,,6088679
2026-07-03T19:02:33.291289,2026-07-03T19:02:33.302552+00:00,116.4,50,ask,,,6088703
2026-07-03T19:02:33.350213,2026-07-03T19:02:33.357834+00:00,116.7,46,bid,,,6088704
2026-07-03T19:02:34.908054,2026-07-03T19:02:34.945807+00:00,116.5,42,ask,,,6088732
2026-07-03T19:02:35.410167,2026-07-03T19:02:35.416950+00:00,116.5,50,ask,,,6088743
2026-07-03T19:02:35.488210,2026-07-03T19:02:35.494279+00:00,116.9,43,bid,,,6088745
2026-07-03T19:02:37.083022,2026-07-03T19:02:37.084158+00:00,116.6,40,bid,,,6088760
2026-07-03T19:02:37.515591,2026-07-03T19:02:37.532375+00:00,116.2,50,ask,,,6088768
2026-07-03T19:02:39.626221,2026-07-03T19:02:39.638097+00:00,116.4,50,ask,,,6088787
2026-07-03T19:02:41.731756,2026-07-03T19:02:41.739626+00:00,116.4,50,ask,,,6088810
2026-07-03T19:02:41.944785,2026-07-03T19:02:41.946131+00:00,116.0,48,ask,,,6088814
2026-07-03T19:02:42.486874,2026-07-03T19:02:42.493498+00:00,116.1,42,ask,,,6088828
2026-07-03T19:02:43.839581,2026-07-03T19:02:43.848032+00:00,116.1,50,ask,,,6088843
2026-07-03T19:02:45.210636,2026-07-03T19:02:45.218783+00:00,116.2,46,bid,,,6088866
2026-07-03T19:02:45.946153,2026-07-03T19:02:45.958591+00:00,115.7,50,ask,,,6088878
2026-07-03T19:02:46.312416,2026-07-03T19:02:46.320348+00:00,116.1,3,bid,,,6088889
2026-07-03T19:02:48.065457,2026-07-03T19:02:48.080046+00:00,115.7,50,ask,,,6088922
2026-07-03T19:02:50.174302,2026-07-03T19:02:50.185622+00:00,115.7,50,ask,,,6088948
2026-07-03T19:02:51.238507,2026-07-03T19:02:51.248228+00:00,116.1,47,bid,,,6088960
2026-07-03T19:02:52.254525,2026-07-03T19:02:52.273866+00:00,116.0,47,bid,,,6088969
2026-07-03T19:02:52.281112,2026-07-03T19:02:52.294506+00:00,115.6,50,ask,,,6088970
2026-07-03T19:02:53.837615,2026-07-03T19:02:53.848031+00:00,115.9,23,bid,,,6088987
2026-07-03T19:02:54.387505,2026-07-03T19:02:54.396724+00:00,115.5,50,ask,,,6088999
2026-07-03T19:02:56.492865,2026-07-03T19:02:56.504229+00:00,115.6,50,ask,,,6089037
2026-07-03T19:02:59.427604,2026-07-03T19:02:59.441353+00:00,115.5,47,ask,,,6089077
2026-07-03T19:03:00.705271,2026-07-03T19:03:00.707221+00:00,115.5,50,ask,,,6089095
2026-07-03T19:03:01.395367,2026-07-03T19:03:01.423444+00:00,115.5,48,ask,,,6089107
2026-07-03T19:03:01.727910,2026-07-03T19:03:01.736087+00:00,115.9,11,bid,,,6089112
2026-07-03T19:03:02.301767,2026-07-03T19:03:02.325700+00:00,115.4,100,ask,,,6089120
2026-07-03T19:03:02.327320,2026-07-03T19:03:02.337199+00:00,115.4,23,bid,,,6089121
2026-07-03T19:03:02.811221,2026-07-03T19:03:02.817554+00:00,114.9,50,ask,,,6089128
2026-07-03T19:03:04.331127,2026-07-03T19:03:04.338695+00:00,115.4,11,bid,,,6089149
2026-07-03T19:03:04.919316,2026-07-03T19:03:04.927149+00:00,115.0,50,ask,,,6089159
2026-07-03T19:03:07.025623,2026-07-03T19:03:07.042577+00:00,115.3,50,ask,,,6089186
2026-07-03T19:03:07.462846,2026-07-03T19:03:07.474266+00:00,115.4,45,bid,,,6089195
2026-07-03T19:03:08.282309,2026-07-03T19:03:08.290620+00:00,115.4,12,bid,,,6089209
2026-07-03T19:03:10.203071,2026-07-03T19:03:10.209281+00:00,115.2,45,ask,,,6089246
2026-07-03T19:03:11.238172,2026-07-03T19:03:11.239521+00:00,115.2,50,ask,,,6089256
2026-07-03T19:03:11.810513,2026-07-03T19:03:11.819374+00:00,115.1,11,bid,,,6089269
2026-07-03T19:03:13.529008,2026-07-03T19:03:13.538136+00:00,115.1,6,bid,,,6089293
2026-07-03T19:03:13.713407,2026-07-03T19:03:13.730412+00:00,115.1,100,bid,,,6089298
2026-07-03T19:03:15.450888,2026-07-03T19:03:15.458565+00:00,115.0,50,ask,,,6089318
2026-07-03T19:03:16.132534,2026-07-03T19:03:16.144190+00:00,115.5,45,bid,,,6089328
2026-07-03T19:03:17.507885,2026-07-03T19:03:17.536379+00:00,115.1,50,bid,,,6089345
2026-07-03T19:03:17.614691,2026-07-03T19:03:17.622855+00:00,115.1,43,bid,,,6089346
2026-07-03T19:03:18.067269,2026-07-03T19:03:18.078877+00:00,115.1,7,bid,,,6089356
2026-07-03T19:03:18.731375,2026-07-03T19:03:18.737417+00:00,115.1,48,ask,,,6089363
2026-07-03T19:03:19.614666,2026-07-03T19:03:19.623321+00:00,115.6,50,bid,,,6089388
2026-07-03T19:03:20.712406,2026-07-03T19:03:20.730210+00:00,115.5,47,bid,,,6089399
2026-07-03T19:03:21.417887,2026-07-03T19:03:21.425623+00:00,115.2,17,ask,,,6089406
2026-07-03T19:03:21.722107,2026-07-03T19:03:21.733550+00:00,115.5,50,bid,,,6089412
2026-07-03T19:03:22.330233,2026-07-03T19:03:22.363835+00:00,115.2,40,ask,,,6089425
2026-07-03T19:03:23.350709,2026-07-03T19:03:23.358551+00:00,115.7,48,bid,,,6089441
2026-07-03T19:03:23.826176,2026-07-03T19:03:23.850223+00:00,115.7,50,bid,,,6089443
2026-07-03T19:03:23.896788,2026-07-03T19:03:23.910745+00:00,115.3,42,ask,,,6089444
2026-07-03T19:03:24.993786,2026-07-03T19:03:25.005294+00:00,115.3,44,ask,,,6089460
2026-07-03T19:03:25.933158,2026-07-03T19:03:25.949271+00:00,115.7,50,bid,,,6089481
2026-07-03T19:03:27.578156,2026-07-03T19:03:27.586947+00:00,115.3,12,ask,,,6089501
2026-07-03T19:03:27.957320,2026-07-03T19:03:27.958574+00:00,115.6,45,bid,,,6089507
2026-07-03T19:03:28.038646,2026-07-03T19:03:28.064576+00:00,115.6,50,bid,,,6089511
2026-07-03T19:03:30.143569,2026-07-03T19:03:30.158555+00:00,115.7,50,bid,,,6089547
2026-07-03T19:03:30.554010,2026-07-03T19:03:30.565276+00:00,115.7,41,bid,,,6089551
2026-07-03T19:03:30.609958,2026-07-03T19:03:30.616024+00:00,115.3,42,ask,,,6089553
2026-07-03T19:03:31.148430,2026-07-03T19:03:31.170110+00:00,115.2,46,ask,,,6089566
2026-07-03T19:03:34.412569,2026-07-03T19:03:34.439478+00:00,115.5,41,bid,,,6089606
2026-07-03T19:03:37.103395,2026-07-03T19:03:37.117005+00:00,115.8,47,bid,,,6089658
2026-07-03T19:03:37.561393,2026-07-03T19:03:37.567602+00:00,115.3,46,ask,,,6089660
2026-07-03T19:03:38.597970,2026-07-03T19:03:38.604701+00:00,115.7,50,bid,,,6089675
2026-07-03T19:03:39.061944,2026-07-03T19:03:39.073213+00:00,115.3,45,ask,,,6089682
2026-07-03T19:03:40.227193,2026-07-03T19:03:40.239016+00:00,115.4,11,ask,,,6089699
2026-07-03T19:03:40.700022,2026-07-03T19:03:40.706564+00:00,115.8,44,bid,,,6089707
2026-07-03T19:03:40.755008,2026-07-03T19:03:40.764541+00:00,115.4,50,ask,,,6089709
2026-07-03T19:03:41.402166,2026-07-03T19:03:41.411864+00:00,115.4,11,ask,,,6089720
2026-07-03T19:03:42.790182,2026-07-03T19:03:42.811974+00:00,115.7,49,bid,,,6089742
2026-07-03T19:03:42.809440,2026-07-03T19:03:42.817180+00:00,115.7,50,bid,,,6089743
2026-07-03T19:03:42.843868,2026-07-03T19:03:42.855155+00:00,115.4,44,ask,,,6089744
2026-07-03T19:03:43.216866,2026-07-03T19:03:43.226986+00:00,115.4,12,ask,,,6089749
2026-07-03T19:03:43.383283,2026-07-03T19:03:43.391733+00:00,115.2,40,ask,,,6089752
2026-07-03T19:03:43.433262,2026-07-03T19:03:43.445891+00:00,115.2,60,ask,,,6089753
2026-07-03T19:03:43.447168,2026-07-03T19:03:43.455995+00:00,115.2,12,bid,,,6089754
2026-07-03T19:03:43.680986,2026-07-03T19:03:43.689083+00:00,115.2,11,bid,,,6089760
2026-07-03T19:03:44.020527,2026-07-03T19:03:44.031112+00:00,115.2,41,bid,,,6089766
2026-07-03T19:03:44.914596,2026-07-03T19:03:44.931680+00:00,115.2,26,bid,,,6089775
2026-07-03T19:03:44.914596,2026-07-03T19:03:44.931680+00:00,115.7,1,bid,,,6089776
2026-07-03T19:03:46.559875,2026-07-03T19:03:46.569350+00:00,115.3,11,ask,,,6089792
2026-07-03T19:03:46.827921,2026-07-03T19:03:46.837763+00:00,115.3,12,ask,,,6089799
2026-07-03T19:03:47.027071,2026-07-03T19:03:47.048738+00:00,115.7,50,bid,,,6089802
2026-07-03T19:03:47.563488,2026-07-03T19:03:47.574979+00:00,115.3,45,ask,,,6089811
2026-07-03T19:03:48.041976,2026-07-03T19:03:48.051967+00:00,115.3,47,ask,,,6089821
2026-07-03T19:03:49.137808,2026-07-03T19:03:49.159347+00:00,115.7,50,bid,,,6089830
2026-07-03T19:03:49.758078,2026-07-03T19:03:49.769655+00:00,115.2,100,ask,,,6089842
2026-07-03T19:03:51.258802,2026-07-03T19:03:51.270206+00:00,115.2,50,bid,,,6089866
2026-07-03T19:03:53.366342,2026-07-03T19:03:53.377898+00:00,115.4,50,bid,,,6089895
2026-07-03T19:03:55.475670,2026-07-03T19:03:55.486945+00:00,115.6,50,bid,,,6089926
2026-07-03T19:03:55.513034,2026-07-03T19:03:55.520661+00:00,115.2,11,ask,,,6089927
2026-07-03T19:03:56.718290,2026-07-03T19:03:56.729438+00:00,115.6,41,bid,,,6089946
2026-07-03T19:03:57.828936,2026-07-03T19:03:57.850151+00:00,115.1,42,ask,,,6089962
2026-07-03T19:03:59.029235,2026-07-03T19:03:59.045679+00:00,115.5,42,bid,,,6089974
2026-07-03T19:03:59.684424,2026-07-03T19:03:59.695733+00:00,115.5,50,bid,,,6089982
2026-07-03T19:04:01.169394,2026-07-03T19:04:01.178205+00:00,115.5,23,ask,,,6089997
2026-07-03T19:04:01.791561,2026-07-03T19:04:01.805491+00:00,115.6,50,bid,,,6090003
2026-07-03T19:04:03.899781,2026-07-03T19:04:03.923191+00:00,115.9,50,bid,,,6090026
2026-07-03T19:04:04.979284,2026-07-03T19:04:04.989907+00:00,115.9,49,bid,,,6090039
2026-07-03T19:04:05.033880,2026-07-03T19:04:05.043476+00:00,115.4,42,ask,,,6090041
2026-07-03T19:04:05.604630,2026-07-03T19:04:05.614281+00:00,115.7,3,ask,,,6090052
2026-07-03T19:04:05.652929,2026-07-03T19:04:05.664509+00:00,115.9,49,bid,,,6090056
2026-07-03T19:04:06.006094,2026-07-03T19:04:06.035358+00:00,115.9,50,bid,,,6090061
2026-07-03T19:04:08.161156,2026-07-03T19:04:08.167678+00:00,115.7,50,ask,,,6090094
2026-07-03T19:04:10.216946,2026-07-03T19:04:10.239986+00:00,115.9,50,bid,,,6090110
2026-07-03T19:04:12.374234,2026-07-03T19:04:12.385572+00:00,115.5,50,ask,,,6090131
2026-07-03T19:04:12.790638,2026-07-03T19:04:12.834872+00:00,115.5,49,ask,,,6090143
2026-07-03T19:04:14.480249,2026-07-03T19:04:14.491505+00:00,115.4,50,ask,,,6090166
2026-07-03T19:04:15.477940,2026-07-03T19:04:15.484004+00:00,115.3,40,ask,,,6090181
2026-07-03T19:04:17.114683,2026-07-03T19:04:17.125962+00:00,115.8,47,bid,,,6090197
2026-07-03T19:04:17.761461,2026-07-03T19:04:17.772798+00:00,115.5,40,ask,,,6090206
2026-07-03T19:04:18.366756,2026-07-03T19:04:18.378530+00:00,115.5,46,ask,,,6090214
2026-07-03T19:04:19.834549,2026-07-03T19:04:19.861585+00:00,115.9,41,bid,,,6090235
2026-07-03T19:04:20.796602,2026-07-03T19:04:20.805884+00:00,115.4,50,ask,,,6090254
2026-07-03T19:04:21.613224,2026-07-03T19:04:21.619971+00:00,115.4,43,ask,,,6090265
2026-07-03T19:04:22.903952,2026-07-03T19:04:22.912214+00:00,115.4,50,ask,,,6090286
2026-07-03T19:04:25.009015,2026-07-03T19:04:25.020684+00:00,115.0,50,ask,,,6090325
2026-07-03T19:04:25.697999,2026-07-03T19:04:25.705673+00:00,115.1,3,bid,,,6090339
2026-07-03T19:04:26.776582,2026-07-03T19:04:26.785462+00:00,114.9,11,bid,,,6090359
2026-07-03T19:04:27.063637,2026-07-03T19:04:27.073993+00:00,114.9,50,bid,,,6090363
2026-07-03T19:04:29.492083,2026-07-03T19:04:29.515634+00:00,114.9,39,bid,,,6090387
2026-07-03T19:04:29.492083,2026-07-03T19:04:29.515634+00:00,114.9,4,bid,,,6090388
2026-07-03T19:04:29.621253,2026-07-03T19:04:29.637975+00:00,114.9,100,bid,,,6090390
2026-07-03T19:04:30.674143,2026-07-03T19:04:30.678695+00:00,114.9,45,bid,,,6090400
2026-07-03T19:04:30.841692,2026-07-03T19:04:30.851898+00:00,115.3,14,ask,,,6090401
2026-07-03T19:04:32.846169,2026-07-03T19:04:32.858545+00:00,115.3,100,ask,,,6090426
2026-07-03T19:04:33.386849,2026-07-03T19:04:33.393033+00:00,115.8,50,bid,,,6090436
2026-07-03T19:04:33.549766,2026-07-03T19:04:33.558484+00:00,115.3,14,ask,,,6090441
2026-07-03T19:04:34.880683,2026-07-03T19:04:34.889689+00:00,115.1,14,bid,,,6090467
2026-07-03T19:04:35.468089,2026-07-03T19:04:35.474170+00:00,115.1,45,bid,,,6090474
2026-07-03T19:04:35.496904,2026-07-03T19:04:35.504555+00:00,115.1,50,bid,,,6090475
2026-07-03T19:04:37.652743,2026-07-03T19:04:37.674252+00:00,115.1,50,ask,,,6090497
2026-07-03T19:04:38.843093,2026-07-03T19:04:38.851879+00:00,115.1,3,ask,,,6090512
2026-07-03T19:04:39.171730,2026-07-03T19:04:39.183299+00:00,115.1,97,ask,,,6090515
2026-07-03T19:04:39.759566,2026-07-03T19:04:39.770878+00:00,114.5,50,ask,,,6090518
2026-07-03T19:04:40.144248,2026-07-03T19:04:40.153182+00:00,115.0,3,bid,,,6090528
2026-07-03T19:04:41.451265,2026-07-03T19:04:41.457381+00:00,114.7,44,ask,,,6090550
2026-07-03T19:04:41.882244,2026-07-03T19:04:41.894355+00:00,114.7,50,ask,,,6090557
2026-07-03T19:04:42.002473,2026-07-03T19:04:42.008643+00:00,114.7,40,ask,,,6090559
2026-07-03T19:04:42.492262,2026-07-03T19:04:42.499334+00:00,114.8,49,ask,,,6090563
2026-07-03T19:04:43.530587,2026-07-03T19:04:43.542008+00:00,114.8,51,ask,,,6090582
2026-07-03T19:04:43.543410,2026-07-03T19:04:43.553960+00:00,114.6,26,bid,,,6090583
2026-07-03T19:04:45.438633,2026-07-03T19:04:45.449956+00:00,114.6,73,bid,,,6090604
2026-07-03T19:04:46.038734,2026-07-03T19:04:46.050386+00:00,115.1,50,bid,,,6090614
2026-07-03T19:04:47.044414,2026-07-03T19:04:47.050617+00:00,115.1,45,bid,,,6090629
2026-07-03T19:04:48.210122,2026-07-03T19:04:48.226429+00:00,114.7,50,ask,,,6090642
2026-07-03T19:04:49.292651,2026-07-03T19:04:49.300523+00:00,114.7,12,ask,,,6090664
2026-07-03T19:04:52.420997,2026-07-03T19:04:52.448006+00:00,114.4,50,ask,,,6090714
2026-07-03T19:04:53.830768,2026-07-03T19:04:53.839437+00:00,114.5,47,bid,,,6090733
2026-07-03T19:04:54.481252,2026-07-03T19:04:54.494038+00:00,114.5,50,bid,,,6090738
2026-07-03T19:04:54.830880,2026-07-03T19:04:54.856836+00:00,114.5,40,bid,,,6090752
2026-07-03T19:04:56.168209,2026-07-03T19:04:56.182836+00:00,114.6,14,ask,,,6090762
2026-07-03T19:04:56.592327,2026-07-03T19:04:56.601601+00:00,114.7,50,bid,,,6090770
2026-07-03T19:04:58.699474,2026-07-03T19:04:58.710917+00:00,114.8,50,bid,,,6090796
2026-07-03T19:04:58.832764,2026-07-03T19:04:58.847519+00:00,114.6,45,ask,,,6090799
2026-07-03T19:05:00.471313,2026-07-03T19:05:00.474954+00:00,114.3,45,ask,,,6090825
2026-07-03T19:05:00.811613,2026-07-03T19:05:00.833884+00:00,114.8,50,bid,,,6090827
2026-07-03T19:05:02.541848,2026-07-03T19:05:02.566247+00:00,114.9,44,bid,,,6090848
2026-07-03T19:05:02.921361,2026-07-03T19:05:02.930665+00:00,114.9,50,bid,,,6090850
2026-07-03T19:05:03.555605,2026-07-03T19:05:03.562241+00:00,114.4,42,ask,,,6090863
2026-07-03T19:05:05.080554,2026-07-03T19:05:05.102135+00:00,114.7,50,ask,,,6090887
2026-07-03T19:05:06.630246,2026-07-03T19:05:06.634650+00:00,115.1,42,bid,,,6090910
2026-07-03T19:05:07.140002,2026-07-03T19:05:07.147703+00:00,115.1,50,bid,,,6090919
2026-07-03T19:05:09.383487,2026-07-03T19:05:09.394831+00:00,115.1,44,bid,,,6090949
2026-07-03T19:05:09.437535,2026-07-03T19:05:09.454240+00:00,114.9,44,ask,,,6090950
2026-07-03T19:05:09.938637,2026-07-03T19:05:09.950426+00:00,114.9,44,ask,,,6090953
2026-07-03T19:05:10.474811,2026-07-03T19:05:10.477196+00:00,115.1,46,bid,,,6090957
2026-07-03T19:05:11.399714,2026-07-03T19:05:11.421199+00:00,115.0,50,ask,,,6090972
2026-07-03T19:05:13.454884,2026-07-03T19:05:13.458629+00:00,115.1,50,bid,,,6090995
2026-07-03T19:05:14.118285,2026-07-03T19:05:14.141724+00:00,114.7,40,ask,,,6091005
2026-07-03T19:05:15.611123,2026-07-03T19:05:15.617797+00:00,114.7,50,ask,,,6091030
2026-07-03T19:05:17.716712,2026-07-03T19:05:17.737689+00:00,114.7,50,ask,,,6091064
2026-07-03T19:05:19.824790,2026-07-03T19:05:19.836163+00:00,114.7,50,ask,,,6091092
2026-07-03T19:05:20.841274,2026-07-03T19:05:20.849296+00:00,114.7,46,ask,,,6091106
2026-07-03T19:05:21.931976,2026-07-03T19:05:21.943883+00:00,114.8,50,ask,,,6091122
2026-07-03T19:05:23.987725,2026-07-03T19:05:23.994446+00:00,115.0,50,bid,,,6091149
2026-07-03T19:05:24.716651,2026-07-03T19:05:24.726075+00:00,115.0,3,bid,,,6091161
2026-07-03T19:05:24.859277,2026-07-03T19:05:24.869313+00:00,115.0,42,bid,,,6091166
2026-07-03T19:05:26.149910,2026-07-03T19:05:26.158571+00:00,114.6,50,ask,,,6091183
2026-07-03T19:05:28.255562,2026-07-03T19:05:28.258537+00:00,115.0,50,ask,,,6091213
2026-07-03T19:05:29.542041,2026-07-03T19:05:29.548117+00:00,115.1,40,bid,,,6091227
2026-07-03T19:05:30.369137,2026-07-03T19:05:30.389584+00:00,115.0,50,ask,,,6091234
2026-07-03T19:05:32.477136,2026-07-03T19:05:32.488480+00:00,115.0,50,ask,,,6091260
2026-07-03T19:05:33.288878,2026-07-03T19:05:33.300223+00:00,114.9,44,ask,,,6091267
2026-07-03T19:05:34.386864,2026-07-03T19:05:34.398167+00:00,115.2,41,bid,,,6091283
2026-07-03T19:05:34.535621,2026-07-03T19:05:34.553864+00:00,115.2,50,bid,,,6091285
2026-07-03T19:05:38.772512,2026-07-03T19:05:38.869436+00:00,115.3,50,bid,,,6091340
2026-07-03T19:05:40.931886,2026-07-03T19:05:40.943800+00:00,115.1,50,ask,,,6091364
2026-07-03T19:05:41.775650,2026-07-03T19:05:41.786964+00:00,115.1,49,ask,,,6091374
2026-07-03T19:05:45.094317,2026-07-03T19:05:45.121184+00:00,115.3,50,bid,,,6091418
2026-07-03T19:05:45.475866,2026-07-03T19:05:45.498157+00:00,115.3,43,bid,,,6091423
2026-07-03T19:05:45.529713,2026-07-03T19:05:45.564295+00:00,115.0,48,ask,,,6091426
2026-07-03T19:05:48.069407,2026-07-03T19:05:48.088986+00:00,115.5,43,bid,,,6091466
2026-07-03T19:05:49.079217,2026-07-03T19:05:49.107049+00:00,115.1,44,ask,,,6091478
2026-07-03T19:05:51.022197,2026-07-03T19:05:51.058620+00:00,115.3,43,bid,,,6091506
2026-07-03T19:05:53.602009,2026-07-03T19:05:53.623217+00:00,114.9,50,ask,,,6091546
2026-07-03T19:05:55.514642,2026-07-03T19:05:55.521294+00:00,114.9,47,ask,,,6091573
2026-07-03T19:05:55.734574,2026-07-03T19:05:55.743373+00:00,114.9,50,ask,,,6091577
2026-07-03T19:05:56.333579,2026-07-03T19:05:56.339947+00:00,114.6,100,ask,,,6091582
2026-07-03T19:05:56.347491,2026-07-03T19:05:56.356039+00:00,114.6,34,bid,,,6091584
2026-07-03T19:05:57.840696,2026-07-03T19:05:57.848480+00:00,114.1,50,ask,,,6091608
2026-07-03T19:05:58.766212,2026-07-03T19:05:58.776623+00:00,114.6,12,bid,,,6091622
2026-07-03T19:05:58.860149,2026-07-03T19:05:58.869284+00:00,114.6,4,bid,,,6091626
2026-07-03T19:05:59.271219,2026-07-03T19:05:59.279112+00:00,114.9,48,bid,,,6091629
2026-07-03T19:05:59.851034,2026-07-03T19:05:59.858555+00:00,114.9,41,bid,,,6091643
2026-07-03T19:05:59.946982,2026-07-03T19:05:59.957998+00:00,114.8,50,ask,,,6091644
2026-07-03T19:06:00.015004,2026-07-03T19:06:00.025522+00:00,114.8,4,ask,,,6091646
2026-07-03T19:06:00.771618,2026-07-03T19:06:00.782944+00:00,114.8,42,ask,,,6091655
2026-07-03T19:06:01.420393,2026-07-03T19:06:01.429603+00:00,114.8,12,ask,,,6091663
2026-07-03T19:06:02.655441,2026-07-03T19:06:02.659482+00:00,114.8,100,ask,,,6091677
2026-07-03T19:06:03.847310,2026-07-03T19:06:03.858597+00:00,114.2,45,ask,,,6091691
2026-07-03T19:06:04.161992,2026-07-03T19:06:04.168703+00:00,114.2,50,ask,,,6091693
2026-07-03T19:06:05.346415,2026-07-03T19:06:05.359199+00:00,114.7,12,bid,,,6091716
2026-07-03T19:06:06.269820,2026-07-03T19:06:06.275965+00:00,114.4,50,ask,,,6091729
2026-07-03T19:06:08.375663,2026-07-03T19:06:08.386866+00:00,114.5,50,ask,,,6091759
2026-07-03T19:06:09.299042,2026-07-03T19:06:09.308143+00:00,114.8,11,bid,,,6091771
2026-07-03T19:06:10.482188,2026-07-03T19:06:10.493637+00:00,114.5,50,ask,,,6091789
2026-07-03T19:06:10.975639,2026-07-03T19:06:10.987253+00:00,114.8,44,bid,,,6091796
2026-07-03T19:06:11.476748,2026-07-03T19:06:11.484687+00:00,114.8,47,bid,,,6091804
2026-07-03T19:06:12.000373,2026-07-03T19:06:12.008938+00:00,114.8,44,bid,,,6091814
2026-07-03T19:06:12.056039,2026-07-03T19:06:12.067419+00:00,114.4,40,ask,,,6091815
2026-07-03T19:06:12.093049,2026-07-03T19:06:12.116426+00:00,114.9,100,bid,,,6091816
2026-07-03T19:06:12.588137,2026-07-03T19:06:12.599462+00:00,115.0,50,ask,,,6091821
2026-07-03T19:06:14.695883,2026-07-03T19:06:14.715121+00:00,114.8,50,ask,,,6091848
2026-07-03T19:06:16.105223,2026-07-03T19:06:16.116822+00:00,114.9,44,ask,,,6091863
2026-07-03T19:06:17.238188,2026-07-03T19:06:17.246021+00:00,115.0,11,bid,,,6091878
2026-07-03T19:06:18.853977,2026-07-03T19:06:18.865299+00:00,115.0,50,bid,,,6091895
2026-07-03T19:06:20.638258,2026-07-03T19:06:20.645666+00:00,115.1,43,bid,,,6091916
2026-07-03T19:06:23.234997,2026-07-03T19:06:23.243255+00:00,114.9,46,ask,,,6091952
2026-07-03T19:06:24.483712,2026-07-03T19:06:24.495380+00:00,115.0,42,bid,,,6091974
2026-07-03T19:06:25.500192,2026-07-03T19:06:25.523665+00:00,114.8,46,ask,,,6091993
2026-07-03T19:06:27.271895,2026-07-03T19:06:27.298796+00:00,115.1,50,bid,,,6092020
2026-07-03T19:06:28.976697,2026-07-03T19:06:28.985024+00:00,115.1,12,bid,,,6092041
2026-07-03T19:06:29.379241,2026-07-03T19:06:29.390683+00:00,115.1,38,bid,,,6092046
2026-07-03T19:06:29.379241,2026-07-03T19:06:29.390683+00:00,115.5,12,bid,,,6092047
2026-07-03T19:06:31.488088,2026-07-03T19:06:31.496773+00:00,115.7,50,bid,,,6092071
2026-07-03T19:06:33.594079,2026-07-03T19:06:33.595788+00:00,115.7,50,bid,,,6092109
2026-07-03T19:06:34.221650,2026-07-03T19:06:34.229468+00:00,115.4,12,ask,,,6092118
2026-07-03T19:06:34.251208,2026-07-03T19:06:34.259499+00:00,115.5,11,ask,,,6092120
2026-07-03T19:06:35.276847,2026-07-03T19:06:35.290510+00:00,115.9,40,bid,,,6092132
2026-07-03T19:06:35.708139,2026-07-03T19:06:35.712294+00:00,115.9,50,bid,,,6092139
2026-07-03T19:06:37.814662,2026-07-03T19:06:37.841809+00:00,116.0,50,bid,,,6092177
2026-07-03T19:06:37.860149,2026-07-03T19:06:37.868920+00:00,115.6,42,ask,,,6092178
2026-07-03T19:06:39.917367,2026-07-03T19:06:39.925617+00:00,115.5,11,ask,,,6092213
2026-07-03T19:06:39.924375,2026-07-03T19:06:39.925617+00:00,116.0,50,bid,,,6092215
2026-07-03T19:06:42.029692,2026-07-03T19:06:42.041186+00:00,116.0,50,bid,,,6092241
2026-07-03T19:06:42.587248,2026-07-03T19:06:42.619462+00:00,115.6,48,ask,,,6092255
2026-07-03T19:06:43.419611,2026-07-03T19:06:43.427520+00:00,115.6,12,ask,,,6092267
2026-07-03T19:06:43.650809,2026-07-03T19:06:43.658631+00:00,115.6,40,ask,,,6092270
2026-07-03T19:06:43.650809,2026-07-03T19:06:43.658631+00:00,115.6,2,ask,,,6092271
2026-07-03T19:06:44.190062,2026-07-03T19:06:44.196186+00:00,115.6,50,ask,,,6092280
2026-07-03T19:06:44.857469,2026-07-03T19:06:44.864158+00:00,116.1,48,bid,,,6092285
2026-07-03T19:06:46.297834,2026-07-03T19:06:46.334835+00:00,115.7,50,ask,,,6092297
2026-07-03T19:06:47.685554,2026-07-03T19:06:47.694209+00:00,116.2,45,bid,,,6092320
2026-07-03T19:06:48.187068,2026-07-03T19:06:48.198719+00:00,115.8,43,ask,,,6092331
2026-07-03T19:06:48.418548,2026-07-03T19:06:48.427520+00:00,115.8,50,ask,,,6092336
2026-07-03T19:06:50.038930,2026-07-03T19:06:50.052261+00:00,115.8,12,bid,,,6092363
2026-07-03T19:06:50.523940,2026-07-03T19:06:50.545419+00:00,115.5,50,ask,,,6092375
2026-07-03T19:06:52.635186,2026-07-03T19:06:52.647291+00:00,115.4,50,ask,,,6092401
2026-07-03T19:06:56.539227,2026-07-03T19:06:56.549039+00:00,115.7,11,bid,,,6092456
2026-07-03T19:06:58.950768,2026-07-03T19:06:58.963915+00:00,115.2,50,ask,,,6092491
2026-07-03T19:07:01.058010,2026-07-03T19:07:01.084702+00:00,115.1,50,ask,,,6092517
2026-07-03T19:07:03.114527,2026-07-03T19:07:03.125866+00:00,115.5,50,bid,,,6092550
2026-07-03T19:07:05.220940,2026-07-03T19:07:05.227855+00:00,115.6,50,bid,,,6092580
2026-07-03T19:07:05.485782,2026-07-03T19:07:05.509471+00:00,115.6,45,bid,,,6092584
2026-07-03T19:07:07.019526,2026-07-03T19:07:07.026163+00:00,115.5,48,ask,,,6092609
2026-07-03T19:07:07.327257,2026-07-03T19:07:07.338440+00:00,115.7,50,bid,,,6092620
2026-07-03T19:07:08.595315,2026-07-03T19:07:08.622054+00:00,115.8,47,bid,,,6092636
2026-07-03T19:07:09.433854,2026-07-03T19:07:09.458593+00:00,115.8,50,bid,,,6092652
2026-07-03T19:07:10.977790,2026-07-03T19:07:10.986528+00:00,115.6,11,ask,,,6092671
2026-07-03T19:07:11.471519,2026-07-03T19:07:11.498197+00:00,115.8,42,bid,,,6092680
2026-07-03T19:07:11.539897,2026-07-03T19:07:11.547462+00:00,115.8,50,bid,,,6092684
2026-07-03T19:07:12.275235,2026-07-03T19:07:12.284630+00:00,115.6,12,ask,,,6092700
2026-07-03T19:07:13.699263,2026-07-03T19:07:13.720655+00:00,115.6,50,ask,,,6092720
2026-07-03T19:07:15.805032,2026-07-03T19:07:15.821965+00:00,115.8,50,ask,,,6092755
2026-07-03T19:07:17.912069,2026-07-03T19:07:17.918526+00:00,115.8,50,ask,,,6092778
2026-07-03T19:07:20.160984,2026-07-03T19:07:20.172117+00:00,115.6,11,ask,,,6092803
2026-07-03T19:07:21.042820,2026-07-03T19:07:21.074660+00:00,115.2,49,ask,,,6092821
2026-07-03T19:07:21.662981,2026-07-03T19:07:21.672769+00:00,115.4,23,bid,,,6092827
2026-07-03T19:07:22.073580,2026-07-03T19:07:22.086314+00:00,115.4,50,bid,,,6092839
2026-07-03T19:07:23.606025,2026-07-03T19:07:23.614753+00:00,115.4,11,bid,,,6092867
2026-07-03T19:07:24.179604,2026-07-03T19:07:24.201134+00:00,115.4,50,bid,,,6092877
2026-07-03T19:07:26.287959,2026-07-03T19:07:26.308917+00:00,115.7,50,bid,,,6092904
2026-07-03T19:07:28.027743,2026-07-03T19:07:28.039555+00:00,115.8,23,ask,,,6092929
2026-07-03T19:07:28.395337,2026-07-03T19:07:28.402009+00:00,116.2,50,bid,,,6092938
2026-07-03T19:07:30.504939,2026-07-03T19:07:30.524146+00:00,116.3,50,bid,,,6092966
2026-07-03T19:07:32.178090,2026-07-03T19:07:32.187209+00:00,115.9,40,ask,,,6092985
2026-07-03T19:07:32.624115,2026-07-03T19:07:32.669725+00:00,116.4,50,bid,,,6092991
2026-07-03T19:07:33.123194,2026-07-03T19:07:33.134377+00:00,115.9,49,ask,,,6092992
2026-07-03T19:07:33.685489,2026-07-03T19:07:33.696362+00:00,116.3,40,bid,,,6092999
2026-07-03T19:07:34.150231,2026-07-03T19:07:34.151055+00:00,116.3,43,bid,,,6093008
2026-07-03T19:07:34.732761,2026-07-03T19:07:34.739480+00:00,116.1,50,bid,,,6093019
2026-07-03T19:07:35.180378,2026-07-03T19:07:35.191871+00:00,116.1,40,bid,,,6093023
2026-07-03T19:07:35.787111,2026-07-03T19:07:35.814272+00:00,115.8,44,ask,,,6093027
2026-07-03T19:07:36.261961,2026-07-03T19:07:36.268699+00:00,116.1,60,bid,,,6093031
2026-07-03T19:07:36.340281,2026-07-03T19:07:36.349966+00:00,116.2,11,ask,,,6093033
2026-07-03T19:07:36.795992,2026-07-03T19:07:36.807259+00:00,116.2,29,ask,,,6093039
2026-07-03T19:07:36.860714,2026-07-03T19:07:36.882641+00:00,116.7,50,bid,,,6093040
2026-07-03T19:07:37.424001,2026-07-03T19:07:37.434563+00:00,116.4,23,ask,,,6093050
2026-07-03T19:07:39.017204,2026-07-03T19:07:39.022486+00:00,116.4,50,ask,,,6093069
2026-07-03T19:07:40.954141,2026-07-03T19:07:40.965517+00:00,116.6,47,bid,,,6093091
2026-07-03T19:07:41.136075,2026-07-03T19:07:41.148333+00:00,116.1,50,ask,,,6093094
2026-07-03T19:07:43.241891,2026-07-03T19:07:43.253271+00:00,116.1,50,ask,,,6093117
2026-07-03T19:07:48.904779,2026-07-03T19:07:48.933288+00:00,115.8,45,ask,,,6093186
2026-07-03T19:07:49.395031,2026-07-03T19:07:49.406482+00:00,116.3,42,bid,,,6093190
2026-07-03T19:07:49.569480,2026-07-03T19:07:49.621208+00:00,115.9,50,ask,,,6093192
2026-07-03T19:07:51.624128,2026-07-03T19:07:51.640748+00:00,116.4,50,bid,,,6093226
2026-07-03T19:07:52.416227,2026-07-03T19:07:52.420126+00:00,115.9,49,ask,,,6093239
2026-07-03T19:07:53.477360,2026-07-03T19:07:53.488728+00:00,116.1,42,bid,,,6093253
2026-07-03T19:07:53.788155,2026-07-03T19:07:53.794862+00:00,115.9,50,ask,,,6093255
2026-07-03T19:07:55.902519,2026-07-03T19:07:55.940057+00:00,115.6,50,ask,,,6093295
2026-07-03T19:07:56.002100,2026-07-03T19:07:56.013014+00:00,115.6,42,ask,,,6093296
2026-07-03T19:07:56.461180,2026-07-03T19:07:56.470283+00:00,115.6,23,bid,,,6093309
2026-07-03T19:07:56.485056,2026-07-03T19:07:56.506457+00:00,115.6,47,bid,,,6093311
2026-07-03T19:07:56.884543,2026-07-03T19:07:56.894019+00:00,115.6,23,bid,,,6093317
2026-07-03T19:07:57.960852,2026-07-03T19:07:57.961913+00:00,115.6,50,bid,,,6093329
2026-07-03T19:07:58.399920,2026-07-03T19:07:58.411547+00:00,115.6,7,bid,,,6093341
2026-07-03T19:07:59.584900,2026-07-03T19:07:59.594072+00:00,115.8,12,ask,,,6093358
2026-07-03T19:07:59.763433,2026-07-03T19:07:59.769567+00:00,115.8,44,ask,,,6093360
2026-07-03T19:08:00.068768,2026-07-03T19:08:00.078644+00:00,116.1,50,bid,,,6093362
2026-07-03T19:08:00.832182,2026-07-03T19:08:00.839510+00:00,116.1,46,bid,,,6093376
2026-07-03T19:08:02.173419,2026-07-03T19:08:02.180193+00:00,116.3,50,bid,,,6093393
2026-07-03T19:08:02.844017,2026-07-03T19:08:02.852479+00:00,115.9,41,ask,,,6093406
2026-07-03T19:08:04.334314,2026-07-03T19:08:04.344297+00:00,115.9,50,ask,,,6093420
2026-07-03T19:08:06.441554,2026-07-03T19:08:06.458614+00:00,115.9,50,ask,,,6093451
2026-07-03T19:08:06.988274,2026-07-03T19:08:07.009734+00:00,116.2,42,bid,,,6093459
2026-07-03T19:08:08.344383,2026-07-03T19:08:08.356936+00:00,115.9,23,ask,,,6093479
2026-07-03T19:08:08.497207,2026-07-03T19:08:08.503472+00:00,116.2,50,bid,,,6093481
2026-07-03T19:08:08.683783,2026-07-03T19:08:08.693913+00:00,115.9,14,ask,,,6093486
2026-07-03T19:08:09.121394,2026-07-03T19:08:09.130144+00:00,115.7,100,ask,,,6093498
2026-07-03T19:08:09.131502,2026-07-03T19:08:09.139094+00:00,115.5,3,bid,,,6093499
2026-07-03T19:08:09.497818,2026-07-03T19:08:09.509098+00:00,115.0,41,ask,,,6093503
2026-07-03T19:08:10.018935,2026-07-03T19:08:10.028214+00:00,115.5,11,bid,,,6093512
2026-07-03T19:08:10.682747,2026-07-03T19:08:10.694401+00:00,115.5,36,bid,,,6093524
2026-07-03T19:08:12.759459,2026-07-03T19:08:12.771377+00:00,115.5,50,ask,,,6093542
2026-07-03T19:08:13.249237,2026-07-03T19:08:13.258598+00:00,115.7,47,bid,,,6093550
2026-07-03T19:08:14.815138,2026-07-03T19:08:14.826363+00:00,115.9,50,bid,,,6093567
2026-07-03T19:08:16.520811,2026-07-03T19:08:16.532309+00:00,115.5,45,ask,,,6093586
2026-07-03T19:08:16.921620,2026-07-03T19:08:16.926956+00:00,115.9,50,bid,,,6093596
2026-07-03T19:08:18.616637,2026-07-03T19:08:18.625490+00:00,115.6,11,ask,,,6093624
2026-07-03T19:08:19.029520,2026-07-03T19:08:19.051260+00:00,115.7,50,bid,,,6093628
2026-07-03T19:08:19.174403,2026-07-03T19:08:19.182789+00:00,115.6,3,ask,,,6093633
2026-07-03T19:08:21.136600,2026-07-03T19:08:21.148371+00:00,115.7,50,bid,,,6093677
2026-07-03T19:08:21.641273,2026-07-03T19:08:21.663903+00:00,115.4,46,ask,,,6093684
2026-07-03T19:08:22.174695,2026-07-03T19:08:22.196521+00:00,115.9,43,bid,,,6093695
2026-07-03T19:08:23.243387,2026-07-03T19:08:23.255014+00:00,115.9,50,bid,,,6093705
2026-07-03T19:08:25.352194,2026-07-03T19:08:25.358317+00:00,115.6,50,bid,,,6093742
2026-07-03T19:08:25.734631,2026-07-03T19:08:25.758571+00:00,115.5,45,ask,,,6093743
2026-07-03T19:08:26.719875,2026-07-03T19:08:26.723212+00:00,115.5,46,ask,,,6093762
2026-07-03T19:08:27.457914,2026-07-03T19:08:27.469547+00:00,115.6,50,bid,,,6093768
2026-07-03T19:08:28.036714,2026-07-03T19:08:28.043592+00:00,115.6,100,bid,,,6093776
2026-07-03T19:08:29.565224,2026-07-03T19:08:29.590174+00:00,116.1,50,bid,,,6093791
2026-07-03T19:08:30.481034,2026-07-03T19:08:30.500313+00:00,115.6,47,ask,,,6093801
2026-07-03T19:08:31.669944,2026-07-03T19:08:31.681184+00:00,115.8,50,bid,,,6093816
2026-07-03T19:08:33.777419,2026-07-03T19:08:33.827300+00:00,115.8,50,bid,,,6093841
2026-07-03T19:08:35.883745,2026-07-03T19:08:35.890057+00:00,116.0,50,bid,,,6093875
2026-07-03T19:08:36.186344,2026-07-03T19:08:36.196906+00:00,115.6,3,ask,,,6093880
2026-07-03T19:08:36.260631,2026-07-03T19:08:36.270739+00:00,115.6,23,ask,,,6093885
2026-07-03T19:08:36.431803,2026-07-03T19:08:36.443679+00:00,115.5,100,ask,,,6093890
2026-07-03T19:08:37.589660,2026-07-03T19:08:37.603963+00:00,115.3,26,bid,,,6093911
2026-07-03T19:08:38.013967,2026-07-03T19:08:38.048010+00:00,115.3,50,bid,,,6093927
2026-07-03T19:08:38.791439,2026-07-03T19:08:38.813115+00:00,115.3,46,bid,,,6093939
2026-07-03T19:08:39.543848,2026-07-03T19:08:39.558565+00:00,115.3,28,bid,,,6093947
2026-07-03T19:08:40.127897,2026-07-03T19:08:40.138818+00:00,116.0,50,bid,,,6093956
2026-07-03T19:08:40.702887,2026-07-03T19:08:40.711796+00:00,115.6,3,ask,,,6093966
2026-07-03T19:08:41.472284,2026-07-03T19:08:41.480576+00:00,115.6,11,ask,,,6093976
2026-07-03T19:08:41.838121,2026-07-03T19:08:41.844278+00:00,116.0,45,bid,,,6093981
2026-07-03T19:08:42.290291,2026-07-03T19:08:42.297738+00:00,115.6,50,ask,,,6093994
2026-07-03T19:08:43.399430,2026-07-03T19:08:43.409074+00:00,115.6,41,ask,,,6094008
2026-07-03T19:08:44.114515,2026-07-03T19:08:44.122762+00:00,115.6,12,ask,,,6094020
2026-07-03T19:08:44.397717,2026-07-03T19:08:44.408704+00:00,115.6,50,ask,,,6094024
2026-07-03T19:08:44.826905,2026-07-03T19:08:44.836790+00:00,115.7,41,bid,,,6094038
2026-07-03T19:08:45.756652,2026-07-03T19:08:45.767932+00:00,115.7,48,bid,,,6094047
2026-07-03T19:08:46.508547,2026-07-03T19:08:46.518181+00:00,115.5,50,ask,,,6094053
2026-07-03T19:08:46.732776,2026-07-03T19:08:46.742352+00:00,115.7,12,bid,,,6094058
2026-07-03T19:08:47.068556,2026-07-03T19:08:47.078284+00:00,115.7,12,ask,,,6094070
2026-07-03T19:08:48.023852,2026-07-03T19:08:48.032380+00:00,115.7,11,ask,,,6094084
2026-07-03T19:08:48.615342,2026-07-03T19:08:48.642328+00:00,115.7,50,ask,,,6094092
2026-07-03T19:08:49.087734,2026-07-03T19:08:49.093041+00:00,115.7,77,ask,,,6094096
2026-07-03T19:08:49.290472,2026-07-03T19:08:49.302148+00:00,115.2,43,ask,,,6094100
2026-07-03T19:08:50.280344,2026-07-03T19:08:50.289334+00:00,115.3,34,bid,,,6094111
2026-07-03T19:08:50.396919,2026-07-03T19:08:50.403222+00:00,115.3,46,bid,,,6094113
2026-07-03T19:08:50.733441,2026-07-03T19:08:50.748494+00:00,115.2,50,ask,,,6094124
2026-07-03T19:08:51.455245,2026-07-03T19:08:51.408495+00:00,115.2,7,ask,,,6094131
2026-07-03T19:08:51.455245,2026-07-03T19:08:51.408495+00:00,114.8,42,ask,,,6094132
2026-07-03T19:08:54.056138,2026-07-03T19:08:54.055970+00:00,115.0,48,ask,,,6094172
2026-07-03T19:08:54.977196,2026-07-03T19:08:54.986773+00:00,115.0,2,ask,,,6094193
2026-07-03T19:08:54.977196,2026-07-03T19:08:54.986773+00:00,114.6,48,ask,,,6094194
2026-07-03T19:08:56.793882,2026-07-03T19:08:56.803731+00:00,114.8,3,bid,,,6094226
2026-07-03T19:08:57.084476,2026-07-03T19:08:57.095755+00:00,114.5,50,ask,,,6094230
2026-07-03T19:08:58.421672,2026-07-03T19:08:58.433109+00:00,114.8,45,bid,,,6094246
2026-07-03T19:08:59.189701,2026-07-03T19:08:59.201213+00:00,114.3,50,ask,,,6094256
2026-07-03T19:09:01.298956,2026-07-03T19:09:01.308858+00:00,114.4,50,ask,,,6094283
2026-07-03T19:09:03.013435,2026-07-03T19:09:03.025072+00:00,114.4,49,ask,,,6094298
2026-07-03T19:09:03.418889,2026-07-03T19:09:03.458693+00:00,114.4,50,ask,,,6094300
2026-07-03T19:09:03.775242,2026-07-03T19:09:03.786087+00:00,114.5,3,bid,,,6094304
2026-07-03T19:09:04.646741,2026-07-03T19:09:04.657814+00:00,114.5,42,bid,,,6094316
2026-07-03T19:09:05.524065,2026-07-03T19:09:05.532095+00:00,114.1,50,ask,,,6094321
2026-07-03T19:09:05.763797,2026-07-03T19:09:05.774684+00:00,114.5,48,bid,,,6094327
2026-07-03T19:09:06.855270,2026-07-03T19:09:06.866656+00:00,114.6,44,bid,,,6094336
2026-07-03T19:09:07.633116,2026-07-03T19:09:07.644789+00:00,114.5,50,ask,,,6094347
2026-07-03T19:09:08.924263,2026-07-03T19:09:08.933200+00:00,114.6,11,bid,,,6094363
2026-07-03T19:09:09.740476,2026-07-03T19:09:09.746803+00:00,114.4,50,ask,,,6094376
2026-07-03T19:09:11.847884,2026-07-03T19:09:11.851855+00:00,114.4,50,ask,,,6094392
2026-07-03T19:09:12.946024,2026-07-03T19:09:12.956086+00:00,114.5,12,bid,,,6094403
2026-07-03T19:09:13.953129,2026-07-03T19:09:13.963764+00:00,114.1,50,ask,,,6094416
2026-07-03T19:09:14.381375,2026-07-03T19:09:14.388669+00:00,114.0,48,ask,,,6094423
2026-07-03T19:09:15.559738,2026-07-03T19:09:15.568303+00:00,114.4,11,bid,,,6094440
2026-07-03T19:09:16.059462,2026-07-03T19:09:16.083440+00:00,114.0,50,ask,,,6094443
2026-07-03T19:09:17.527552,2026-07-03T19:09:17.538985+00:00,114.4,47,bid,,,6094465
2026-07-03T19:09:18.165661,2026-07-03T19:09:18.176889+00:00,113.9,50,ask,,,6094468
2026-07-03T19:09:19.486178,2026-07-03T19:09:19.495556+00:00,114.4,12,bid,,,6094482
2026-07-03T19:09:20.272554,2026-07-03T19:09:20.295572+00:00,114.0,50,ask,,,6094499
2026-07-03T19:09:21.290631,2026-07-03T19:09:21.301618+00:00,114.1,48,ask,,,6094516
2026-07-03T19:09:22.379117,2026-07-03T19:09:22.390951+00:00,114.1,50,ask,,,6094543
2026-07-03T19:09:23.463720,2026-07-03T19:09:23.475207+00:00,114.4,40,bid,,,6094562
2026-07-03T19:09:23.875613,2026-07-03T19:09:23.885190+00:00,114.1,11,bid,,,6094565
2026-07-03T19:09:24.033939,2026-07-03T19:09:24.044410+00:00,113.9,48,ask,,,6094573
2026-07-03T19:09:24.485741,2026-07-03T19:09:24.492477+00:00,113.9,50,ask,,,6094577
2026-07-03T19:09:25.047399,2026-07-03T19:09:25.057789+00:00,113.9,11,bid,,,6094587
2026-07-03T19:09:25.263720,2026-07-03T19:09:25.290202+00:00,113.9,43,bid,,,6094594
2026-07-03T19:09:26.059624,2026-07-03T19:09:26.069687+00:00,113.9,12,bid,,,6094603
2026-07-03T19:09:26.595453,2026-07-03T19:09:26.604865+00:00,113.6,50,ask,,,6094614
2026-07-03T19:09:27.310884,2026-07-03T19:09:27.337657+00:00,113.4,40,ask,,,6094623
2026-07-03T19:09:27.839141,2026-07-03T19:09:27.858560+00:00,113.6,42,bid,,,6094631
2026-07-03T19:09:28.702345,2026-07-03T19:09:28.713849+00:00,113.2,50,ask,,,6094644
2026-07-03T19:09:28.954212,2026-07-03T19:09:28.980757+00:00,113.2,49,ask,,,6094652
2026-07-03T19:09:30.758478,2026-07-03T19:09:30.780374+00:00,113.7,50,bid,,,6094676
2026-07-03T19:09:31.130808,2026-07-03T19:09:31.158585+00:00,113.7,41,bid,,,6094683
2026-07-03T19:09:34.971601,2026-07-03T19:09:34.983120+00:00,113.7,50,bid,,,6094744
2026-07-03T19:09:37.127123,2026-07-03T19:09:37.130619+00:00,113.2,50,ask,,,6094779
2026-07-03T19:09:39.175747,2026-07-03T19:09:39.185199+00:00,113.4,11,bid,,,6094815
2026-07-03T19:09:39.183996,2026-07-03T19:09:39.215785+00:00,113.4,50,bid,,,6094817
2026-07-03T19:09:42.311193,2026-07-03T19:09:42.332695+00:00,113.4,44,ask,,,6094869
2026-07-03T19:09:42.880956,2026-07-03T19:09:42.890827+00:00,113.7,47,bid,,,6094882
2026-07-03T19:09:43.445334,2026-07-03T19:09:43.458591+00:00,113.2,50,ask,,,6094890
2026-07-03T19:09:43.978162,2026-07-03T19:09:43.990933+00:00,113.7,48,bid,,,6094896
2026-07-03T19:09:44.034647,2026-07-03T19:09:44.052263+00:00,113.2,45,ask,,,6094898
2026-07-03T19:09:44.447170,2026-07-03T19:09:44.457501+00:00,113.2,11,ask,,,6094901
2026-07-03T19:09:45.553534,2026-07-03T19:09:45.560300+00:00,113.2,44,ask,,,6094917
2026-07-03T19:09:45.553534,2026-07-03T19:09:45.560300+00:00,112.8,6,ask,,,6094918
2026-07-03T19:09:46.629924,2026-07-03T19:09:46.657263+00:00,113.2,44,bid,,,6094936
2026-07-03T19:09:47.665377,2026-07-03T19:09:47.679166+00:00,112.9,50,ask,,,6094950
2026-07-03T19:09:48.018302,2026-07-03T19:09:48.029634+00:00,113.2,48,bid,,,6094954
2026-07-03T19:09:49.772224,2026-07-03T19:09:49.800477+00:00,113.1,50,ask,,,6094975
2026-07-03T19:09:49.952343,2026-07-03T19:09:49.963918+00:00,113.1,48,ask,,,6094981
2026-07-03T19:09:50.666024,2026-07-03T19:09:50.676356+00:00,113.2,11,bid,,,6095002
2026-07-03T19:09:51.524621,2026-07-03T19:09:51.531714+00:00,113.1,2,ask,,,6095013
2026-07-03T19:09:51.524621,2026-07-03T19:09:51.537090+00:00,112.7,38,ask,,,6095014
2026-07-03T19:09:51.852929,2026-07-03T19:09:51.877970+00:00,113.2,50,bid,,,6095016
2026-07-03T19:09:53.960677,2026-07-03T19:09:53.971942+00:00,113.2,50,bid,,,6095046
2026-07-03T19:09:54.949319,2026-07-03T19:09:54.957545+00:00,113.2,6,bid,,,6095062
2026-07-03T19:09:55.535692,2026-07-03T19:09:55.542629+00:00,113.2,44,bid,,,6095072
2026-07-03T19:09:56.068959,2026-07-03T19:09:56.080511+00:00,113.2,50,bid,,,6095080
2026-07-03T19:09:56.598454,2026-07-03T19:09:56.631554+00:00,113.5,100,bid,,,6095088
2026-07-03T19:09:56.659593,2026-07-03T19:09:56.668158+00:00,113.7,17,ask,,,6095091
2026-07-03T19:09:57.354631,2026-07-03T19:09:57.363238+00:00,113.7,12,ask,,,6095105
2026-07-03T19:09:57.535906,2026-07-03T19:09:57.544652+00:00,113.7,11,ask,,,6095110
2026-07-03T19:09:58.184950,2026-07-03T19:09:58.192259+00:00,114.2,50,bid,,,6095120
2026-07-03T19:09:58.846385,2026-07-03T19:09:58.854898+00:00,113.7,10,ask,,,6095125
2026-07-03T19:09:59.840986,2026-07-03T19:09:59.850399+00:00,113.4,10,bid,,,6095143
2026-07-03T19:10:00.160332,2026-07-03T19:10:00.170494+00:00,113.4,11,bid,,,6095149
2026-07-03T19:10:00.290122,2026-07-03T19:10:00.307102+00:00,113.4,50,bid,,,6095153
2026-07-03T19:10:02.398600,2026-07-03T19:10:02.425409+00:00,113.4,50,bid,,,6095181
2026-07-03T19:10:03.285362,2026-07-03T19:10:03.297052+00:00,113.5,41,ask,,,6095188
2026-07-03T19:10:03.430458,2026-07-03T19:10:03.438641+00:00,113.5,11,ask,,,6095193
2026-07-03T19:10:03.905854,2026-07-03T19:10:03.916480+00:00,113.5,43,ask,,,6095204
2026-07-03T19:10:04.507772,2026-07-03T19:10:04.518225+00:00,113.7,50,bid,,,6095212
2026-07-03T19:10:05.116151,2026-07-03T19:10:05.123336+00:00,113.9,41,bid,,,6095223
2026-07-03T19:10:05.721002,2026-07-03T19:10:05.727588+00:00,113.5,44,ask,,,6095227
2026-07-03T19:10:06.627324,2026-07-03T19:10:06.638694+00:00,113.6,50,bid,,,6095246
2026-07-03T19:10:06.757261,2026-07-03T19:10:06.768621+00:00,113.6,41,bid,,,6095248
2026-07-03T19:10:07.899044,2026-07-03T19:10:07.917501+00:00,113.6,40,bid,,,6095266
2026-07-03T19:10:08.119340,2026-07-03T19:10:08.131114+00:00,113.6,19,bid,,,6095267
2026-07-03T19:10:08.734056,2026-07-03T19:10:08.745546+00:00,114.1,50,bid,,,6095282
2026-07-03T19:10:09.882610,2026-07-03T19:10:09.902716+00:00,113.8,45,ask,,,6095303
2026-07-03T19:10:10.414965,2026-07-03T19:10:10.436398+00:00,113.8,49,ask,,,6095311
2026-07-03T19:10:10.856340,2026-07-03T19:10:10.850023+00:00,114.1,50,bid,,,6095320
2026-07-03T19:10:12.962475,2026-07-03T19:10:12.969306+00:00,113.9,50,bid,,,6095342
2026-07-03T19:10:13.989346,2026-07-03T19:10:14.010856+00:00,113.9,42,bid,,,6095359
2026-07-03T19:10:14.441731,2026-07-03T19:10:14.453466+00:00,113.9,58,bid,,,6095365
2026-07-03T19:10:14.508642,2026-07-03T19:10:14.516939+00:00,114.0,11,ask,,,6095366
2026-07-03T19:10:15.079437,2026-07-03T19:10:15.087455+00:00,114.5,50,bid,,,6095379
2026-07-03T19:10:15.582012,2026-07-03T19:10:15.601437+00:00,114.0,31,ask,,,6095388
2026-07-03T19:10:15.918119,2026-07-03T19:10:15.925774+00:00,114.0,12,ask,,,6095390
2026-07-03T19:10:17.185490,2026-07-03T19:10:17.190479+00:00,114.5,50,bid,,,6095402
2026-07-03T19:10:17.203731,2026-07-03T19:10:17.211801+00:00,114.0,11,ask,,,6095403
2026-07-03T19:10:19.295876,2026-07-03T19:10:19.302480+00:00,114.2,50,bid,,,6095435
2026-07-03T19:10:20.212034,2026-07-03T19:10:20.223468+00:00,114.2,41,bid,,,6095445
2026-07-03T19:10:21.143340,2026-07-03T19:10:21.151895+00:00,114.3,26,ask,,,6095453
2026-07-03T19:10:21.453625,2026-07-03T19:10:21.468835+00:00,114.3,50,ask,,,6095457
2026-07-03T19:10:21.973887,2026-07-03T19:10:21.979974+00:00,114.3,24,ask,,,6095470
2026-07-03T19:10:22.459553,2026-07-03T19:10:22.468243+00:00,114.2,3,bid,,,6095478
2026-07-03T19:10:22.490111,2026-07-03T19:10:22.527285+00:00,113.7,45,ask,,,6095480
2026-07-03T19:10:23.430815,2026-07-03T19:10:23.448492+00:00,114.2,47,bid,,,6095495
2026-07-03T19:10:23.509763,2026-07-03T19:10:23.516375+00:00,114.2,50,bid,,,6095496
2026-07-03T19:10:23.760219,2026-07-03T19:10:23.768307+00:00,114.2,23,bid,,,6095499
2026-07-03T19:10:24.492725,2026-07-03T19:10:24.501895+00:00,114.0,46,ask,,,6095514
2026-07-03T19:10:25.083067,2026-07-03T19:10:25.102521+00:00,114.5,100,bid,,,6095524
2026-07-03T19:10:25.095884,2026-07-03T19:10:25.102521+00:00,114.5,42,ask,,,6095525
2026-07-03T19:10:25.139630,2026-07-03T19:10:25.147614+00:00,114.5,8,ask,,,6095529
2026-07-03T19:10:25.666168,2026-07-03T19:10:25.677117+00:00,114.0,50,ask,,,6095537
2026-07-03T19:10:27.772079,2026-07-03T19:10:27.783347+00:00,113.8,50,ask,,,6095568
2026-07-03T19:10:29.877880,2026-07-03T19:10:29.896320+00:00,113.8,50,ask,,,6095600
2026-07-03T19:10:31.635660,2026-07-03T19:10:31.649164+00:00,113.8,19,bid,,,6095628
2026-07-03T19:10:31.983799,2026-07-03T19:10:31.989948+00:00,113.4,50,ask,,,6095635
2026-07-03T19:10:34.090993,2026-07-03T19:10:34.102385+00:00,113.5,50,ask,,,6095659
2026-07-03T19:10:34.477557,2026-07-03T19:10:34.489007+00:00,113.9,44,bid,,,6095665
2026-07-03T19:10:36.148446,2026-07-03T19:10:36.151939+00:00,114.0,50,bid,,,6095683
2026-07-03T19:10:38.260092,2026-07-03T19:10:38.266213+00:00,114.0,50,bid,,,6095703
2026-07-03T19:10:38.908390,2026-07-03T19:10:38.929784+00:00,114.0,43,bid,,,6095718
2026-07-03T19:10:40.368263,2026-07-03T19:10:40.390037+00:00,114.1,50,bid,,,6095734
2026-07-03T19:10:41.548947,2026-07-03T19:10:41.574086+00:00,114.0,40,ask,,,6095752
2026-07-03T19:10:42.475258,2026-07-03T19:10:42.502489+00:00,114.2,50,bid,,,6095765
2026-07-03T19:10:43.359648,2026-07-03T19:10:43.368801+00:00,114.1,11,ask,,,6095783
2026-07-03T19:10:44.586748,2026-07-03T19:10:44.608542+00:00,114.2,50,bid,,,6095799
2026-07-03T19:10:46.070629,2026-07-03T19:10:46.074295+00:00,114.2,100,bid,,,6095822
2026-07-03T19:10:47.244673,2026-07-03T19:10:47.254882+00:00,114.4,23,ask,,,6095837
2026-07-03T19:10:48.284026,2026-07-03T19:10:48.295429+00:00,114.4,43,ask,,,6095853
2026-07-03T19:10:48.755272,2026-07-03T19:10:48.769146+00:00,114.4,40,ask,,,6095855
2026-07-03T19:10:48.798527,2026-07-03T19:10:48.810081+00:00,114.7,50,bid,,,6095860
2026-07-03T19:10:50.903684,2026-07-03T19:10:50.907106+00:00,114.5,50,bid,,,6095894
2026-07-03T19:10:53.010019,2026-07-03T19:10:53.027853+00:00,114.5,50,bid,,,6095911
2026-07-03T19:10:55.166662,2026-07-03T19:10:55.180607+00:00,114.4,50,ask,,,6095941
2026-07-03T19:10:55.399723,2026-07-03T19:10:55.420701+00:00,114.9,40,bid,,,6095944
2026-07-03T19:10:56.443292,2026-07-03T19:10:56.464925+00:00,114.8,42,bid,,,6095956
2026-07-03T19:10:57.292854,2026-07-03T19:10:57.309487+00:00,114.4,50,ask,,,6095967
2026-07-03T19:10:58.697820,2026-07-03T19:10:58.709704+00:00,114.4,42,ask,,,6095982
2026-07-03T19:10:59.270850,2026-07-03T19:10:59.282600+00:00,114.9,48,bid,,,6095985
2026-07-03T19:10:59.349147,2026-07-03T19:10:59.358554+00:00,114.9,50,bid,,,6095989
2026-07-03T19:10:59.821755,2026-07-03T19:10:59.848215+00:00,114.4,48,ask,,,6096003
2026-07-03T19:11:01.459331,2026-07-03T19:11:01.485684+00:00,114.9,50,bid,,,6096024
2026-07-03T19:11:02.071482,2026-07-03T19:11:02.082829+00:00,114.9,42,bid,,,6096035
2026-07-03T19:11:03.576310,2026-07-03T19:11:03.587833+00:00,114.9,50,bid,,,6096055
2026-07-03T19:11:04.518964,2026-07-03T19:11:04.544619+00:00,114.9,47,bid,,,6096075
2026-07-03T19:11:05.047189,2026-07-03T19:11:05.064087+00:00,114.9,3,ask,,,6096083
2026-07-03T19:11:06.409253,2026-07-03T19:11:06.435012+00:00,114.9,49,ask,,,6096100
2026-07-03T19:11:07.059610,2026-07-03T19:11:07.068298+00:00,114.9,3,ask,,,6096106
2026-07-03T19:11:07.857889,2026-07-03T19:11:07.868907+00:00,114.9,45,ask,,,6096119
2026-07-03T19:11:07.857889,2026-07-03T19:11:07.868907+00:00,114.6,5,ask,,,6096120
2026-07-03T19:11:09.964468,2026-07-03T19:11:09.971483+00:00,114.4,50,ask,,,6096163
2026-07-03T19:11:12.069876,2026-07-03T19:11:12.076429+00:00,114.4,50,ask,,,6096194
2026-07-03T19:11:12.200648,2026-07-03T19:11:12.206922+00:00,114.4,44,ask,,,6096195
2026-07-03T19:11:12.584785,2026-07-03T19:11:12.594800+00:00,114.4,6,bid,,,6096208
2026-07-03T19:11:13.612623,2026-07-03T19:11:13.621723+00:00,114.4,11,bid,,,6096225
2026-07-03T19:11:14.537737,2026-07-03T19:11:14.540207+00:00,114.4,100,bid,,,6096237
2026-07-03T19:11:14.595936,2026-07-03T19:11:14.607245+00:00,114.4,33,bid,,,6096239
2026-07-03T19:11:15.685499,2026-07-03T19:11:15.695483+00:00,114.4,11,ask,,,6096254
2026-07-03T19:11:16.073345,2026-07-03T19:11:16.084922+00:00,114.4,44,ask,,,6096261
2026-07-03T19:11:16.282521,2026-07-03T19:11:16.290047+00:00,114.4,50,ask,,,6096262
2026-07-03T19:11:18.391935,2026-07-03T19:11:18.445966+00:00,114.4,45,ask,,,6096292
2026-07-03T19:11:18.391935,2026-07-03T19:11:18.445966+00:00,114.1,5,ask,,,6096293
2026-07-03T19:11:18.784006,2026-07-03T19:11:18.795553+00:00,114.6,46,bid,,,6096296
2026-07-03T19:11:19.822132,2026-07-03T19:11:19.833499+00:00,114.5,48,bid,,,6096310
2026-07-03T19:11:22.553635,2026-07-03T19:11:22.561382+00:00,114.5,50,bid,,,6096342
2026-07-03T19:11:22.862813,2026-07-03T19:11:22.866749+00:00,114.1,45,ask,,,6096352
2026-07-03T19:11:25.341669,2026-07-03T19:11:25.344011+00:00,114.6,49,bid,,,6096387
2026-07-03T19:11:26.815804,2026-07-03T19:11:26.840476+00:00,114.3,50,ask,,,6096404
2026-07-03T19:11:28.921683,2026-07-03T19:11:28.933049+00:00,114.2,50,ask,,,6096432
2026-07-03T19:11:30.722309,2026-07-03T19:11:30.743747+00:00,114.2,41,ask,,,6096458
2026-07-03T19:11:31.581741,2026-07-03T19:11:31.591576+00:00,114.5,11,bid,,,6096467
2026-07-03T19:11:35.184578,2026-07-03T19:11:35.196368+00:00,114.3,50,bid,,,6096529
2026-07-03T19:11:37.234057,2026-07-03T19:11:37.243259+00:00,114.3,12,bid,,,6096562
2026-07-03T19:11:37.291313,2026-07-03T19:11:37.312946+00:00,114.3,50,bid,,,6096564
2026-07-03T19:11:37.846410,2026-07-03T19:11:37.858588+00:00,114.3,38,bid,,,6096571
2026-07-03T19:11:38.561690,2026-07-03T19:11:38.570313+00:00,114.5,12,ask,,,6096584
2026-07-03T19:11:39.399851,2026-07-03T19:11:39.406672+00:00,115.0,50,bid,,,6096597
2026-07-03T19:11:40.912355,2026-07-03T19:11:40.918975+00:00,114.7,43,bid,,,6096616
2026-07-03T19:11:40.966506,2026-07-03T19:11:40.972621+00:00,114.2,48,ask,,,6096617
2026-07-03T19:11:41.442333,2026-07-03T19:11:41.454967+00:00,114.7,45,bid,,,6096625
2026-07-03T19:11:41.506502,2026-07-03T19:11:41.515929+00:00,114.7,12,bid,,,6096630
2026-07-03T19:11:41.506502,2026-07-03T19:11:41.515929+00:00,115.0,38,bid,,,6096631
2026-07-03T19:11:42.859449,2026-07-03T19:11:42.878128+00:00,114.5,49,ask,,,6096648
2026-07-03T19:11:43.616481,2026-07-03T19:11:43.624777+00:00,114.9,50,bid,,,6096657
2026-07-03T19:11:43.828833,2026-07-03T19:11:43.839999+00:00,114.5,11,ask,,,6096661
2026-07-03T19:11:45.724385,2026-07-03T19:11:45.735571+00:00,114.8,50,bid,,,6096688
2026-07-03T19:11:47.338447,2026-07-03T19:11:47.348461+00:00,114.9,48,bid,,,6096708
2026-07-03T19:11:47.830260,2026-07-03T19:11:47.842040+00:00,114.9,50,bid,,,6096715
2026-07-03T19:11:47.930401,2026-07-03T19:11:47.941736+00:00,114.6,43,ask,,,6096720
2026-07-03T19:11:49.359532,2026-07-03T19:11:49.367563+00:00,114.9,3,ask,,,6096747
2026-07-03T19:11:49.989791,2026-07-03T19:11:49.991277+00:00,114.9,50,ask,,,6096752
2026-07-03T19:11:50.551993,2026-07-03T19:11:50.558202+00:00,114.9,47,ask,,,6096763
2026-07-03T19:11:50.967262,2026-07-03T19:11:50.978561+00:00,114.8,48,bid,,,6096768
2026-07-03T19:11:52.045425,2026-07-03T19:11:52.079196+00:00,114.8,50,bid,,,6096782
2026-07-03T19:11:52.973917,2026-07-03T19:11:52.981495+00:00,114.5,45,ask,,,6096800
2026-07-03T19:11:53.569776,2026-07-03T19:11:53.579020+00:00,114.5,44,ask,,,6096807
2026-07-03T19:11:54.149035,2026-07-03T19:11:54.158598+00:00,114.9,40,ask,,,6096816
2026-07-03T19:11:54.204218,2026-07-03T19:11:54.215902+00:00,114.9,50,ask,,,6096818
2026-07-03T19:11:54.305085,2026-07-03T19:11:54.314526+00:00,114.9,3,ask,,,6096819
2026-07-03T19:11:55.727134,2026-07-03T19:11:55.734491+00:00,114.9,57,ask,,,6096843
2026-07-03T19:11:55.735926,2026-07-03T19:11:55.745509+00:00,114.7,3,bid,,,6096844
2026-07-03T19:11:58.435865,2026-07-03T19:11:58.452492+00:00,114.3,50,ask,,,6096875
2026-07-03T19:12:00.543943,2026-07-03T19:12:00.558546+00:00,114.5,50,ask,,,6096905
2026-07-03T19:12:02.523001,2026-07-03T19:12:02.542640+00:00,114.6,42,bid,,,6096941
2026-07-03T19:12:02.659495,2026-07-03T19:12:02.679323+00:00,114.4,50,ask,,,6096946
2026-07-03T19:12:03.945965,2026-07-03T19:12:03.958170+00:00,114.4,40,ask,,,6096959
2026-07-03T19:12:04.771192,2026-07-03T19:12:04.776647+00:00,114.4,10,ask,,,6096968
2026-07-03T19:12:04.771192,2026-07-03T19:12:04.781850+00:00,114.1,40,ask,,,6096969
2026-07-03T19:12:06.895695,2026-07-03T19:12:06.902896+00:00,114.0,50,ask,,,6096985
2026-07-03T19:12:09.000384,2026-07-03T19:12:09.022234+00:00,114.0,50,ask,,,6096999
2026-07-03T19:12:09.559566,2026-07-03T19:12:09.568718+00:00,114.1,26,bid,,,6097006
2026-07-03T19:12:10.032444,2026-07-03T19:12:10.040855+00:00,114.1,11,bid,,,6097012
2026-07-03T19:12:11.056258,2026-07-03T19:12:11.053511+00:00,114.1,50,bid,,,6097023
2026-07-03T19:12:11.593675,2026-07-03T19:12:11.615059+00:00,114.1,43,bid,,,6097035
2026-07-03T19:12:13.163045,2026-07-03T19:12:13.174509+00:00,114.5,50,bid,,,6097053
2026-07-03T19:12:15.291049,2026-07-03T19:12:15.300635+00:00,114.3,11,ask,,,6097074
2026-07-03T19:12:15.337043,2026-07-03T19:12:15.349521+00:00,114.3,50,ask,,,6097077
2026-07-03T19:12:17.285543,2026-07-03T19:12:17.292192+00:00,114.4,44,bid,,,6097105
2026-07-03T19:12:19.331817,2026-07-03T19:12:19.343035+00:00,114.4,44,bid,,,6097132
2026-07-03T19:12:20.862378,2026-07-03T19:12:20.870358+00:00,114.3,49,ask,,,6097151
2026-07-03T19:12:23.421420,2026-07-03T19:12:23.446405+00:00,114.7,43,bid,,,6097194
2026-07-03T19:12:25.770070,2026-07-03T19:12:25.779028+00:00,114.5,12,ask,,,6097221
2026-07-03T19:12:25.823738,2026-07-03T19:12:25.835120+00:00,114.9,50,bid,,,6097223
2026-07-03T19:12:27.931907,2026-07-03T19:12:27.943803+00:00,114.7,50,bid,,,6097247
2026-07-03T19:12:28.108982,2026-07-03T19:12:28.115672+00:00,114.4,49,ask,,,6097251
2026-07-03T19:12:29.174662,2026-07-03T19:12:29.181220+00:00,114.7,49,bid,,,6097263
2026-07-03T19:12:30.040393,2026-07-03T19:12:30.055384+00:00,114.7,1,bid,,,6097269
2026-07-03T19:12:30.040393,2026-07-03T19:12:30.055384+00:00,114.8,49,bid,,,6097270
2026-07-03T19:12:30.549244,2026-07-03T19:12:30.559796+00:00,114.6,11,ask,,,6097273
2026-07-03T19:12:32.148602,2026-07-03T19:12:32.158569+00:00,114.9,50,bid,,,6097287
2026-07-03T19:12:32.282898,2026-07-03T19:12:32.290878+00:00,114.6,43,ask,,,6097292
2026-07-03T19:12:34.254583,2026-07-03T19:12:34.261253+00:00,114.8,50,bid,,,6097316
2026-07-03T19:12:36.241776,2026-07-03T19:12:36.249946+00:00,114.6,3,ask,,,6097337
2026-07-03T19:12:36.362437,2026-07-03T19:12:36.373547+00:00,114.8,50,bid,,,6097339
2026-07-03T19:12:38.028021,2026-07-03T19:12:38.058576+00:00,114.5,41,ask,,,6097371
2026-07-03T19:12:39.016189,2026-07-03T19:12:39.027689+00:00,115.0,48,bid,,,6097382
2026-07-03T19:12:40.628112,2026-07-03T19:12:40.658579+00:00,114.8,50,ask,,,6097396
2026-07-03T19:12:41.501315,2026-07-03T19:12:41.512803+00:00,114.8,48,ask,,,6097405
2026-07-03T19:12:42.012732,2026-07-03T19:12:42.021011+00:00,114.8,2,ask,,,6097418
2026-07-03T19:12:42.734758,2026-07-03T19:12:42.746037+00:00,114.5,50,ask,,,6097425
2026-07-03T19:12:44.162215,2026-07-03T19:12:44.194591+00:00,114.9,48,bid,,,6097452
2026-07-03T19:12:44.218220,2026-07-03T19:12:44.224520+00:00,114.5,40,ask,,,6097453
2026-07-03T19:12:44.440241,2026-07-03T19:12:44.449043+00:00,114.5,2,bid,,,6097460
2026-07-03T19:12:44.841713,2026-07-03T19:12:44.853243+00:00,114.4,50,ask,,,6097465
2026-07-03T19:12:45.280475,2026-07-03T19:12:45.291715+00:00,114.4,49,ask,,,6097471
2026-07-03T19:12:46.948358,2026-07-03T19:12:46.970152+00:00,114.4,50,ask,,,6097495
2026-07-03T19:12:46.990244,2026-07-03T19:12:47.001963+00:00,114.5,40,bid,,,6097496
2026-07-03T19:12:49.057150,2026-07-03T19:12:49.076382+00:00,114.4,50,ask,,,6097526
2026-07-03T19:12:50.452028,2026-07-03T19:12:50.456163+00:00,114.7,45,bid,,,6097541
2026-07-03T19:12:51.162224,2026-07-03T19:12:51.188737+00:00,114.5,50,ask,,,6097555
2026-07-03T19:12:51.993636,2026-07-03T19:12:52.027497+00:00,114.5,48,ask,,,6097566
2026-07-03T19:12:53.269398,2026-07-03T19:12:53.280708+00:00,114.5,50,ask,,,6097591
2026-07-03T19:12:53.820138,2026-07-03T19:12:53.841802+00:00,114.1,100,ask,,,6097599
2026-07-03T19:12:53.832732,2026-07-03T19:12:53.841802+00:00,114.0,14,bid,,,6097600
2026-07-03T19:12:54.618320,2026-07-03T19:12:54.625972+00:00,114.0,12,bid,,,6097611
2026-07-03T19:12:55.376789,2026-07-03T19:12:55.383327+00:00,113.5,50,ask,,,6097624
2026-07-03T19:12:55.936918,2026-07-03T19:12:55.946522+00:00,114.0,11,bid,,,6097631
2026-07-03T19:12:56.551370,2026-07-03T19:12:56.563717+00:00,114.0,12,bid,,,6097644
2026-07-03T19:12:57.259567,2026-07-03T19:12:57.269337+00:00,114.1,23,ask,,,6097648
2026-07-03T19:12:57.483073,2026-07-03T19:12:57.494659+00:00,114.1,50,ask,,,6097651
2026-07-03T19:12:59.589539,2026-07-03T19:12:59.631715+00:00,114.1,50,ask,,,6097679
2026-07-03T19:13:01.190984,2026-07-03T19:13:01.201927+00:00,114.0,11,bid,,,6097713
2026-07-03T19:13:01.393231,2026-07-03T19:13:01.401997+00:00,114.0,12,bid,,,6097719
2026-07-03T19:13:01.697894,2026-07-03T19:13:01.706064+00:00,113.7,50,ask,,,6097721
2026-07-03T19:13:02.792603,2026-07-03T19:13:02.821310+00:00,114.0,40,bid,,,6097739
2026-07-03T19:13:03.815620,2026-07-03T19:13:03.823119+00:00,113.9,50,ask,,,6097749
2026-07-03T19:13:05.922622,2026-07-03T19:13:05.963931+00:00,113.9,50,ask,,,6097771
2026-07-03T19:13:08.060282,2026-07-03T19:13:08.071613+00:00,113.7,50,ask,,,6097796
2026-07-03T19:13:08.381596,2026-07-03T19:13:08.392907+00:00,114.0,41,bid,,,6097800
2026-07-03T19:13:08.659646,2026-07-03T19:13:08.667218+00:00,113.9,11,bid,,,6097804
2026-07-03T19:13:09.879951,2026-07-03T19:13:09.889460+00:00,113.9,49,bid,,,6097819
2026-07-03T19:13:10.166685,2026-07-03T19:13:10.190353+00:00,113.5,50,ask,,,6097821
2026-07-03T19:13:12.010021,2026-07-03T19:13:12.021355+00:00,113.5,41,ask,,,6097837
2026-07-03T19:13:12.301856,2026-07-03T19:13:12.313029+00:00,113.5,50,ask,,,6097840
2026-07-03T19:13:12.792257,2026-07-03T19:13:12.811973+00:00,113.4,100,ask,,,6097846
2026-07-03T19:13:12.802472,2026-07-03T19:13:12.811973+00:00,113.3,34,bid,,,6097847
2026-07-03T19:13:12.990868,2026-07-03T19:13:12.999169+00:00,113.3,6,bid,,,6097853
2026-07-03T19:13:14.835875,2026-07-03T19:13:14.857340+00:00,113.3,10,bid,,,6097870
2026-07-03T19:13:15.158482,2026-07-03T19:13:15.169809+00:00,113.9,44,bid,,,6097871
2026-07-03T19:13:15.701438,2026-07-03T19:13:15.710653+00:00,113.4,48,ask,,,6097878
2026-07-03T19:13:16.540669,2026-07-03T19:13:16.558583+00:00,113.6,50,ask,,,6097890
2026-07-03T19:13:16.746526,2026-07-03T19:13:16.748971+00:00,113.6,43,ask,,,6097895
2026-07-03T19:13:18.646437,2026-07-03T19:13:18.657615+00:00,113.6,50,ask,,,6097920
2026-07-03T19:13:20.766778,2026-07-03T19:13:20.795134+00:00,113.5,50,ask,,,6097947
2026-07-03T19:13:22.454830,2026-07-03T19:13:22.457607+00:00,113.3,47,bid,,,6097968
2026-07-03T19:13:22.872323,2026-07-03T19:13:22.879163+00:00,113.2,50,ask,,,6097972
2026-07-03T19:13:23.564605,2026-07-03T19:13:23.581137+00:00,113.3,47,bid,,,6097988
2026-07-03T19:13:24.655286,2026-07-03T19:13:24.666679+00:00,113.2,43,ask,,,6098004
2026-07-03T19:13:24.927907,2026-07-03T19:13:24.958638+00:00,113.3,50,bid,,,6098005
2026-07-03T19:13:25.404749,2026-07-03T19:13:25.413256+00:00,113.6,6,ask,,,6098010
2026-07-03T19:13:27.035050,2026-07-03T19:13:27.058596+00:00,113.7,50,bid,,,6098027
2026-07-03T19:13:27.538772,2026-07-03T19:13:27.560440+00:00,113.6,100,ask,,,6098035
2026-07-03T19:13:28.220953,2026-07-03T19:13:28.252906+00:00,114.1,44,bid,,,6098051
2026-07-03T19:13:29.142941,2026-07-03T19:13:29.149037+00:00,113.9,50,bid,,,6098061
2026-07-03T19:13:31.266793,2026-07-03T19:13:31.272982+00:00,113.9,50,bid,,,6098088
2026-07-03T19:13:31.744434,2026-07-03T19:13:31.752858+00:00,113.8,11,ask,,,6098100
2026-07-03T19:13:32.068113,2026-07-03T19:13:32.089798+00:00,113.8,42,ask,,,6098106
2026-07-03T19:13:33.436910,2026-07-03T19:13:33.485300+00:00,113.8,50,ask,,,6098123
2026-07-03T19:13:34.685759,2026-07-03T19:13:34.707127+00:00,113.9,42,bid,,,6098141
2026-07-03T19:13:34.739025,2026-07-03T19:13:34.762169+00:00,113.8,40,ask,,,6098143
2026-07-03T19:13:35.492602,2026-07-03T19:13:35.504263+00:00,113.8,50,bid,,,6098157
2026-07-03T19:13:36.577754,2026-07-03T19:13:36.589101+00:00,113.4,49,ask,,,6098165
2026-07-03T19:13:37.178850,2026-07-03T19:13:37.206140+00:00,113.8,40,bid,,,6098178
2026-07-03T19:13:37.599950,2026-07-03T19:13:37.611443+00:00,113.8,50,bid,,,6098185
2026-07-03T19:13:37.768297,2026-07-03T19:13:37.779894+00:00,113.8,10,bid,,,6098187
2026-07-03T19:13:37.768297,2026-07-03T19:13:37.779894+00:00,113.9,36,bid,,,6098188
2026-07-03T19:13:38.051585,2026-07-03T19:13:38.058630+00:00,113.9,64,bid,,,6098193
2026-07-03T19:13:38.959516,2026-07-03T19:13:38.971897+00:00,113.9,12,ask,,,6098209
2026-07-03T19:13:39.733469,2026-07-03T19:13:39.740656+00:00,114.4,50,bid,,,6098217
2026-07-03T19:13:40.136152,2026-07-03T19:13:40.158616+00:00,113.9,40,ask,,,6098221
2026-07-03T19:13:40.536744,2026-07-03T19:13:40.546893+00:00,113.9,22,ask,,,6098232
2026-07-03T19:13:41.273023,2026-07-03T19:13:41.280445+00:00,113.7,100,ask,,,6098242
2026-07-03T19:13:41.839749,2026-07-03T19:13:41.848217+00:00,113.7,50,bid,,,6098256
2026-07-03T19:13:43.740785,2026-07-03T19:13:43.779313+00:00,113.6,11,bid,,,6098284
2026-07-03T19:13:43.945234,2026-07-03T19:13:43.958545+00:00,113.6,50,bid,,,6098289
2026-07-03T19:13:44.396274,2026-07-03T19:13:44.433517+00:00,113.6,39,bid,,,6098299
2026-07-03T19:13:44.894809,2026-07-03T19:13:44.916001+00:00,113.8,44,ask,,,6098309
2026-07-03T19:13:46.052279,2026-07-03T19:13:46.077703+00:00,114.3,50,bid,,,6098325
2026-07-03T19:13:47.013663,2026-07-03T19:13:47.035316+00:00,114.0,40,bid,,,6098338
2026-07-03T19:13:50.098237,2026-07-03T19:13:50.122272+00:00,113.8,46,ask,,,6098380
2026-07-03T19:13:50.317553,2026-07-03T19:13:50.323736+00:00,113.8,50,ask,,,6098384
2026-07-03T19:13:52.373942,2026-07-03T19:13:52.392050+00:00,114.1,50,bid,,,6098412
2026-07-03T19:13:52.779598,2026-07-03T19:13:52.788701+00:00,114.1,100,bid,,,6098415
2026-07-03T19:13:52.880764,2026-07-03T19:13:52.892100+00:00,114.6,45,bid,,,6098420
2026-07-03T19:13:53.916693,2026-07-03T19:13:53.924631+00:00,114.4,23,ask,,,6098435
2026-07-03T19:13:54.533203,2026-07-03T19:13:54.544612+00:00,114.4,50,ask,,,6098446
2026-07-03T19:13:56.004305,2026-07-03T19:13:56.012755+00:00,114.4,77,ask,,,6098462
2026-07-03T19:13:56.640846,2026-07-03T19:13:56.658668+00:00,113.9,50,ask,,,6098470
2026-07-03T19:13:57.258652,2026-07-03T19:13:57.290558+00:00,114.4,23,bid,,,6098474
2026-07-03T19:13:57.258652,2026-07-03T19:13:57.290558+00:00,114.4,20,bid,,,6098475
2026-07-03T19:13:58.308703,2026-07-03T19:13:58.317206+00:00,114.4,12,bid,,,6098489
2026-07-03T19:13:59.224586,2026-07-03T19:13:59.248101+00:00,114.2,48,ask,,,6098504
2026-07-03T19:14:00.854895,2026-07-03T19:14:00.866343+00:00,114.2,50,ask,,,6098528
2026-07-03T19:14:02.964915,2026-07-03T19:14:02.972461+00:00,114.1,50,ask,,,6098552
2026-07-03T19:14:05.070809,2026-07-03T19:14:05.080435+00:00,113.7,50,ask,,,6098578
2026-07-03T19:14:05.466396,2026-07-03T19:14:05.475656+00:00,114.2,11,bid,,,6098585
2026-07-03T19:14:05.521443,2026-07-03T19:14:05.553252+00:00,113.9,34,bid,,,6098587
2026-07-03T19:14:06.193990,2026-07-03T19:14:06.200145+00:00,113.9,47,bid,,,6098600
2026-07-03T19:14:06.542856,2026-07-03T19:14:06.558561+00:00,113.9,19,bid,,,6098604
2026-07-03T19:14:07.176705,2026-07-03T19:14:07.198197+00:00,113.9,50,ask,,,6098612
2026-07-03T19:14:10.871325,2026-07-03T19:14:10.896202+00:00,114.0,47,bid,,,6098662
2026-07-03T19:14:11.336027,2026-07-03T19:14:11.339661+00:00,114.0,50,bid,,,6098668
2026-07-03T19:14:13.340412,2026-07-03T19:14:13.353010+00:00,114.0,23,ask,,,6098694
2026-07-03T19:14:13.493818,2026-07-03T19:14:13.515419+00:00,114.0,50,ask,,,6098702
2026-07-03T19:14:15.046943,2026-07-03T19:14:15.058251+00:00,114.0,32,ask,,,6098732
2026-07-03T19:14:15.046943,2026-07-03T19:14:15.058251+00:00,113.7,10,ask,,,6098733
2026-07-03T19:14:16.090038,2026-07-03T19:14:16.109083+00:00,113.7,90,ask,,,6098746
2026-07-03T19:14:16.100468,2026-07-03T19:14:16.109083+00:00,113.5,23,bid,,,6098747
2026-07-03T19:14:19.765499,2026-07-03T19:14:19.771673+00:00,113.7,50,bid,,,6098804
2026-07-03T19:14:21.872556,2026-07-03T19:14:21.885064+00:00,114.0,50,bid,,,6098822
2026-07-03T19:14:22.648328,2026-07-03T19:14:22.669705+00:00,113.7,42,ask,,,6098839
2026-07-03T19:14:23.977306,2026-07-03T19:14:23.988716+00:00,114.0,50,bid,,,6098860
2026-07-03T19:14:24.309181,2026-07-03T19:14:24.318784+00:00,114.0,45,bid,,,6098865
2026-07-03T19:14:24.908406,2026-07-03T19:14:24.916567+00:00,113.9,11,ask,,,6098873
2026-07-03T19:14:25.159703,2026-07-03T19:14:25.167872+00:00,113.9,12,ask,,,6098883
2026-07-03T19:14:26.084748,2026-07-03T19:14:26.140839+00:00,114.0,50,bid,,,6098898
2026-07-03T19:14:27.366197,2026-07-03T19:14:27.377486+00:00,114.0,49,bid,,,6098920
2026-07-03T19:14:28.191280,2026-07-03T19:14:28.200377+00:00,114.0,50,bid,,,6098935
2026-07-03T19:14:28.705107,2026-07-03T19:14:28.714531+00:00,114.2,22,ask,,,6098943
2026-07-03T19:14:29.935506,2026-07-03T19:14:29.944881+00:00,114.2,49,ask,,,6098963
2026-07-03T19:14:30.299811,2026-07-03T19:14:30.310352+00:00,114.3,50,bid,,,6098964
2026-07-03T19:14:32.414308,2026-07-03T19:14:32.443168+00:00,114.5,50,bid,,,6098994
2026-07-03T19:14:32.419058,2026-07-03T19:14:32.443168+00:00,114.2,40,ask,,,6098995
2026-07-03T19:14:32.793537,2026-07-03T19:14:32.802457+00:00,114.2,12,ask,,,6099000
2026-07-03T19:14:33.066543,2026-07-03T19:14:33.077832+00:00,114.2,11,ask,,,6099009
2026-07-03T19:14:33.985263,2026-07-03T19:14:33.992230+00:00,114.0,100,ask,,,6099022
2026-07-03T19:14:34.523221,2026-07-03T19:14:34.534516+00:00,114.5,50,bid,,,6099025
2026-07-03T19:14:35.594810,2026-07-03T19:14:35.601466+00:00,114.3,40,bid,,,6099039
2026-07-03T19:14:36.629943,2026-07-03T19:14:36.641444+00:00,114.3,50,bid,,,6099056
2026-07-03T19:14:38.544934,2026-07-03T19:14:38.558587+00:00,113.7,43,ask,,,6099093
2026-07-03T19:14:38.737049,2026-07-03T19:14:38.748428+00:00,114.0,50,bid,,,6099094
2026-07-03T19:14:40.843760,2026-07-03T19:14:40.855491+00:00,114.2,50,bid,,,6099119
2026-07-03T19:14:42.700976,2026-07-03T19:14:42.717429+00:00,114.4,48,bid,,,6099137
2026-07-03T19:14:42.755404,2026-07-03T19:14:42.772124+00:00,114.1,43,ask,,,6099138
2026-07-03T19:14:42.953835,2026-07-03T19:14:42.970538+00:00,114.4,50,bid,,,6099139
2026-07-03T19:14:43.429709,2026-07-03T19:14:43.439328+00:00,114.2,12,ask,,,6099141
2026-07-03T19:14:44.309294,2026-07-03T19:14:44.319147+00:00,114.2,11,ask,,,6099152
2026-07-03T19:14:44.550260,2026-07-03T19:14:44.556397+00:00,114.2,77,ask,,,6099156
2026-07-03T19:14:45.062022,2026-07-03T19:14:45.073702+00:00,114.2,50,bid,,,6099168
2026-07-03T19:14:45.435746,2026-07-03T19:14:45.447434+00:00,114.2,23,bid,,,6099175
2026-07-03T19:14:46.443063,2026-07-03T19:14:46.449184+00:00,113.7,47,ask,,,6099186
2026-07-03T19:14:47.173833,2026-07-03T19:14:47.185496+00:00,114.2,50,bid,,,6099193
2026-07-03T19:14:47.457282,2026-07-03T19:14:47.445059+00:00,113.7,47,ask,,,6099197
2026-07-03T19:14:49.280538,2026-07-03T19:14:49.292262+00:00,114.2,50,bid,,,6099224
2026-07-03T19:14:51.387978,2026-07-03T19:14:51.397108+00:00,114.3,50,bid,,,6099246
2026-07-03T19:14:53.493940,2026-07-03T19:14:53.500086+00:00,114.3,50,bid,,,6099275
2026-07-03T19:14:53.500443,2026-07-03T19:14:53.511549+00:00,114.3,47,bid,,,6099276
2026-07-03T19:14:53.987588,2026-07-03T19:14:53.998624+00:00,114.0,46,ask,,,6099277
2026-07-03T19:14:54.008143,2026-07-03T19:14:54.039368+00:00,114.1,3,ask,,,6099278
2026-07-03T19:14:54.543909,2026-07-03T19:14:54.555204+00:00,114.5,44,bid,,,6099291
2026-07-03T19:14:55.600986,2026-07-03T19:14:55.621179+00:00,114.5,50,bid,,,6099304
2026-07-03T19:14:57.707024,2026-07-03T19:14:57.730960+00:00,114.8,50,bid,,,6099323
2026-07-03T19:14:57.959555,2026-07-03T19:14:57.968790+00:00,114.3,3,ask,,,6099326
2026-07-03T19:14:59.253455,2026-07-03T19:14:59.268653+00:00,114.8,41,bid,,,6099346
2026-07-03T19:14:59.270025,2026-07-03T19:14:59.278480+00:00,114.7,11,ask,,,6099347
2026-07-03T19:14:59.816384,2026-07-03T19:14:59.823117+00:00,114.8,50,bid,,,6099356
2026-07-03T19:15:01.306297,2026-07-03T19:15:01.315463+00:00,114.7,23,ask,,,6099377
2026-07-03T19:15:01.923126,2026-07-03T19:15:01.929944+00:00,115.2,50,bid,,,6099387
2026-07-03T19:15:04.085650,2026-07-03T19:15:04.098044+00:00,114.5,50,ask,,,6099423
2026-07-03T19:15:05.924985,2026-07-03T19:15:05.936627+00:00,114.5,45,ask,,,6099446
2026-07-03T19:15:06.191801,2026-07-03T19:15:06.203077+00:00,114.5,50,ask,,,6099449
2026-07-03T19:15:06.707755,2026-07-03T19:15:06.715915+00:00,114.7,11,bid,,,6099458
2026-07-03T19:15:07.878156,2026-07-03T19:15:07.879396+00:00,114.4,42,ask,,,6099471
2026-07-03T19:15:08.298670,2026-07-03T19:15:08.309894+00:00,114.4,50,ask,,,6099476
2026-07-03T19:15:08.459567,2026-07-03T19:15:08.467947+00:00,114.7,12,bid,,,6099478
2026-07-03T19:15:09.586863,2026-07-03T19:15:09.598673+00:00,114.7,44,bid,,,6099489
2026-07-03T19:15:10.405113,2026-07-03T19:15:10.416839+00:00,114.4,50,ask,,,6099501
2026-07-03T19:15:12.522201,2026-07-03T19:15:12.532996+00:00,114.4,50,ask,,,6099538
2026-07-03T19:15:12.874818,2026-07-03T19:15:12.886536+00:00,114.4,43,ask,,,6099549
2026-07-03T19:15:13.027504,2026-07-03T19:15:13.044191+00:00,114.4,100,ask,,,6099551
2026-07-03T19:15:13.045605,2026-07-03T19:15:13.063257+00:00,114.0,14,bid,,,6099553
2026-07-03T19:15:14.948480,2026-07-03T19:15:14.954679+00:00,114.0,36,bid,,,6099570
2026-07-03T19:15:14.948480,2026-07-03T19:15:14.954679+00:00,114.9,6,bid,,,6099571
2026-07-03T19:15:15.519086,2026-07-03T19:15:15.540427+00:00,113.9,44,ask,,,6099581
2026-07-03T19:15:16.137606,2026-07-03T19:15:16.148484+00:00,114.4,100,bid,,,6099585
2026-07-03T19:15:16.575999,2026-07-03T19:15:16.587694+00:00,114.9,49,bid,,,6099587
2026-07-03T19:15:16.735630,2026-07-03T19:15:16.758535+00:00,114.4,50,ask,,,6099588
2026-07-03T19:15:17.476662,2026-07-03T19:15:17.488169+00:00,113.9,48,ask,,,6099602
2026-07-03T19:15:19.933306,2026-07-03T19:15:19.940242+00:00,114.5,46,bid,,,6099630
2026-07-03T19:15:20.452390,2026-07-03T19:15:20.472759+00:00,114.5,47,bid,,,6099636
2026-07-03T19:15:20.508259,2026-07-03T19:15:20.519500+00:00,114.1,44,ask,,,6099637
2026-07-03T19:15:20.967314,2026-07-03T19:15:20.978691+00:00,114.1,50,ask,,,6099643
2026-07-03T19:15:21.376312,2026-07-03T19:15:21.403148+00:00,114.0,49,ask,,,6099645
2026-07-03T19:15:22.980688,2026-07-03T19:15:23.011247+00:00,114.1,45,ask,,,6099668
2026-07-03T19:15:24.595653,2026-07-03T19:15:24.607310+00:00,114.1,100,ask,,,6099689
2026-07-03T19:15:26.802028,2026-07-03T19:15:26.810491+00:00,113.9,3,bid,,,6099717
2026-07-03T19:15:27.704678,2026-07-03T19:15:27.715886+00:00,113.9,100,bid,,,6099732
2026-07-03T19:15:29.802634,2026-07-03T19:15:29.808736+00:00,114.2,45,bid,,,6099766
2026-07-03T19:15:31.980592,2026-07-03T19:15:31.989806+00:00,113.9,100,bid,,,6099790
2026-07-03T19:15:33.618388,2026-07-03T19:15:33.622882+00:00,114.4,50,bid,,,6099820
2026-07-03T19:15:35.744235,2026-07-03T19:15:35.753922+00:00,114.3,50,bid,,,6099847
2026-07-03T19:15:36.019191,2026-07-03T19:15:36.028836+00:00,114.3,48,bid,,,6099859
2026-07-03T19:15:37.165884,2026-07-03T19:15:37.174432+00:00,114.3,40,bid,,,6099875
2026-07-03T19:15:37.713365,2026-07-03T19:15:37.721553+00:00,113.9,43,ask,,,6099883
2026-07-03T19:15:37.850252,2026-07-03T19:15:37.864202+00:00,114.3,12,bid,,,6099884
2026-07-03T19:15:37.850252,2026-07-03T19:15:37.864202+00:00,114.4,38,bid,,,6099885
2026-07-03T19:15:38.273492,2026-07-03T19:15:38.286507+00:00,113.9,44,ask,,,6099892
2026-07-03T19:15:38.324752,2026-07-03T19:15:38.335548+00:00,114.3,6,ask,,,6099894
2026-07-03T19:15:38.897666,2026-07-03T19:15:38.899747+00:00,114.3,40,ask,,,6099909
2026-07-03T19:15:39.984481,2026-07-03T19:15:40.014424+00:00,114.4,50,bid,,,6099925
2026-07-03T19:15:40.406387,2026-07-03T19:15:40.415562+00:00,114.3,100,ask,,,6099933
2026-07-03T19:15:41.266247,2026-07-03T19:15:41.277425+00:00,114.3,4,ask,,,6099952
2026-07-03T19:15:42.097620,2026-07-03T19:15:42.109566+00:00,114.1,50,bid,,,6099960
2026-07-03T19:15:42.485700,2026-07-03T19:15:42.494701+00:00,114.1,4,bid,,,6099970
2026-07-03T19:15:44.214893,2026-07-03T19:15:44.245984+00:00,114.1,50,bid,,,6100000
2026-07-03T19:15:45.983096,2026-07-03T19:15:45.989095+00:00,114.5,40,bid,,,6100017
2026-07-03T19:15:46.323852,2026-07-03T19:15:46.332246+00:00,114.5,50,bid,,,6100024
2026-07-03T19:15:46.626752,2026-07-03T19:15:46.638127+00:00,114.5,10,bid,,,6100028
2026-07-03T19:15:47.315470,2026-07-03T19:15:47.323303+00:00,114.1,11,ask,,,6100037
2026-07-03T19:15:47.751693,2026-07-03T19:15:47.761594+00:00,114.1,45,ask,,,6100044
2026-07-03T19:15:48.292604,2026-07-03T19:15:48.304486+00:00,114.3,42,bid,,,6100050
2026-07-03T19:15:49.860473,2026-07-03T19:15:49.871680+00:00,113.9,46,ask,,,6100072
2026-07-03T19:15:50.419328,2026-07-03T19:15:50.452351+00:00,114.3,44,bid,,,6100077
2026-07-03T19:15:50.534520,2026-07-03T19:15:50.546002+00:00,114.3,50,bid,,,6100079
2026-07-03T19:15:50.967918,2026-07-03T19:15:50.979713+00:00,114.4,100,bid,,,6100085
2026-07-03T19:15:51.026668,2026-07-03T19:15:51.034493+00:00,114.4,23,ask,,,6100086
2026-07-03T19:15:51.710422,2026-07-03T19:15:51.721669+00:00,114.4,27,ask,,,6100099
2026-07-03T19:15:51.710422,2026-07-03T19:15:51.721669+00:00,113.9,18,ask,,,6100100
2026-07-03T19:15:52.640998,2026-07-03T19:15:52.647440+00:00,114.9,50,bid,,,6100112
2026-07-03T19:15:54.158663,2026-07-03T19:15:54.170319+00:00,114.6,42,bid,,,6100129
2026-07-03T19:15:54.798522,2026-07-03T19:15:54.810231+00:00,114.1,50,ask,,,6100143
2026-07-03T19:15:55.645051,2026-07-03T19:15:55.691307+00:00,114.1,43,ask,,,6100154
2026-07-03T19:15:56.155966,2026-07-03T19:15:56.185505+00:00,114.1,42,ask,,,6100168
2026-07-03T19:15:56.932371,2026-07-03T19:15:56.950276+00:00,114.1,50,ask,,,6100177
2026-07-03T19:15:56.992687,2026-07-03T19:15:57.001243+00:00,114.3,11,bid,,,6100183
2026-07-03T19:15:57.175906,2026-07-03T19:15:57.204863+00:00,114.3,47,bid,,,6100186
2026-07-03T19:15:58.639098,2026-07-03T19:15:58.650487+00:00,114.3,42,bid,,,6100209
2026-07-03T19:15:58.639098,2026-07-03T19:15:58.650487+00:00,114.3,1,bid,,,6100210
2026-07-03T19:15:59.039313,2026-07-03T19:15:59.051110+00:00,113.8,50,ask,,,6100217
2026-07-03T19:16:00.368391,2026-07-03T19:16:00.390125+00:00,114.2,40,ask,,,6100239
2026-07-03T19:16:01.168451,2026-07-03T19:16:01.174878+00:00,114.2,50,ask,,,6100250
2026-07-03T19:16:01.331380,2026-07-03T19:16:01.337553+00:00,114.3,48,bid,,,6100256
2026-07-03T19:16:02.811676,2026-07-03T19:16:02.833503+00:00,114.3,48,bid,,,6100276
2026-07-03T19:16:03.223354,2026-07-03T19:16:03.231522+00:00,114.3,50,bid,,,6100281
2026-07-03T19:16:03.299608,2026-07-03T19:16:03.310920+00:00,114.0,47,ask,,,6100282
2026-07-03T19:16:05.333019,2026-07-03T19:16:05.341347+00:00,114.5,50,bid,,,6100306
2026-07-03T19:16:07.524956,2026-07-03T19:16:07.535065+00:00,114.5,50,ask,,,6100331
2026-07-03T19:16:08.812778,2026-07-03T19:16:08.823341+00:00,114.5,23,ask,,,6100360
2026-07-03T19:16:09.633537,2026-07-03T19:16:09.645171+00:00,114.5,50,ask,,,6100369
2026-07-03T19:16:10.055666,2026-07-03T19:16:10.066639+00:00,114.2,12,bid,,,6100380
2026-07-03T19:16:10.120971,2026-07-03T19:16:10.130069+00:00,114.2,34,bid,,,6100385
2026-07-03T19:16:11.416048,2026-07-03T19:16:11.425695+00:00,114.1,11,ask,,,6100398
2026-07-03T19:16:11.687884,2026-07-03T19:16:11.696236+00:00,114.2,50,bid,,,6100409
2026-07-03T19:16:13.152349,2026-07-03T19:16:13.163778+00:00,114.2,100,bid,,,6100428
2026-07-03T19:16:16.653346,2026-07-03T19:16:16.658550+00:00,114.3,43,bid,,,6100473
2026-07-03T19:16:17.991035,2026-07-03T19:16:18.000493+00:00,114.2,35,ask,,,6100497
2026-07-03T19:16:18.057706,2026-07-03T19:16:18.074646+00:00,114.2,50,ask,,,6100499
2026-07-03T19:16:20.164280,2026-07-03T19:16:20.183327+00:00,113.6,50,ask,,,6100537
2026-07-03T19:16:20.620793,2026-07-03T19:16:20.629865+00:00,113.9,23,bid,,,6100548
2026-07-03T19:16:22.219084,2026-07-03T19:16:22.225343+00:00,113.9,50,bid,,,6100569
2026-07-03T19:16:22.405231,2026-07-03T19:16:22.416766+00:00,113.5,43,ask,,,6100572
2026-07-03T19:16:23.044856,2026-07-03T19:16:23.058542+00:00,113.8,45,ask,,,6100585
2026-07-03T19:16:24.379285,2026-07-03T19:16:24.405985+00:00,113.8,50,ask,,,6100597
2026-07-03T19:16:24.680686,2026-07-03T19:16:24.687269+00:00,113.8,55,ask,,,6100604
2026-07-03T19:16:25.886406,2026-07-03T19:16:25.895298+00:00,113.7,12,bid,,,6100623
2026-07-03T19:16:26.026252,2026-07-03T19:16:26.034878+00:00,113.7,11,bid,,,6100627
2026-07-03T19:16:26.484881,2026-07-03T19:16:26.494971+00:00,113.2,50,ask,,,6100629
2026-07-03T19:16:27.011716,2026-07-03T19:16:27.023269+00:00,113.7,22,bid,,,6100635
2026-07-03T19:16:27.011716,2026-07-03T19:16:27.023269+00:00,113.7,26,bid,,,6100636
2026-07-03T19:16:28.548320,2026-07-03T19:16:28.554702+00:00,113.5,41,ask,,,6100657
2026-07-03T19:16:28.590807,2026-07-03T19:16:28.602048+00:00,113.5,50,ask,,,6100658
2026-07-03T19:16:30.697012,2026-07-03T19:16:30.703218+00:00,113.5,9,ask,,,6100685
2026-07-03T19:16:30.697012,2026-07-03T19:16:30.703218+00:00,113.4,41,ask,,,6100686
2026-07-03T19:16:32.754598,2026-07-03T19:16:32.756156+00:00,113.9,50,bid,,,6100716
2026-07-03T19:16:34.910701,2026-07-03T19:16:34.916723+00:00,113.5,50,ask,,,6100732
2026-07-03T19:16:35.138619,2026-07-03T19:16:35.158582+00:00,113.9,45,bid,,,6100736
2026-07-03T19:16:36.854905,2026-07-03T19:16:36.852892+00:00,114.0,44,bid,,,6100760
2026-07-03T19:16:36.909301,2026-07-03T19:16:36.920696+00:00,113.7,44,ask,,,6100764
2026-07-03T19:16:37.015859,2026-07-03T19:16:37.027454+00:00,113.7,50,ask,,,6100765
2026-07-03T19:16:38.559490,2026-07-03T19:16:38.568952+00:00,113.7,3,bid,,,6100773
2026-07-03T19:16:39.123572,2026-07-03T19:16:39.134414+00:00,113.4,50,ask,,,6100784
2026-07-03T19:16:40.893877,2026-07-03T19:16:40.905479+00:00,113.2,46,ask,,,6100808
2026-07-03T19:16:41.232053,2026-07-03T19:16:41.243350+00:00,113.2,50,ask,,,6100814
2026-07-03T19:16:41.591931,2026-07-03T19:16:41.603123+00:00,113.4,3,bid,,,6100820
2026-07-03T19:16:41.743315,2026-07-03T19:16:41.753693+00:00,113.3,11,bid,,,6100826
2026-07-03T19:16:42.347378,2026-07-03T19:16:42.352050+00:00,113.3,45,bid,,,6100836
2026-07-03T19:16:42.986765,2026-07-03T19:16:43.004812+00:00,113.3,46,bid,,,6100843
2026-07-03T19:16:43.288842,2026-07-03T19:16:43.304905+00:00,113.3,48,bid,,,6100849
2026-07-03T19:16:43.288842,2026-07-03T19:16:43.304905+00:00,113.4,2,bid,,,6100850
2026-07-03T19:16:45.364939,2026-07-03T19:16:45.373744+00:00,113.5,11,ask,,,6100874
2026-07-03T19:16:45.446849,2026-07-03T19:16:45.453047+00:00,113.5,50,ask,,,6100877
2026-07-03T19:16:46.573431,2026-07-03T19:16:46.581850+00:00,113.5,3,ask,,,6100898
2026-07-03T19:16:47.554734,2026-07-03T19:16:47.560893+00:00,113.5,50,ask,,,6100915
2026-07-03T19:16:48.447202,2026-07-03T19:16:48.452732+00:00,113.2,41,ask,,,6100931
2026-07-03T19:16:50.615092,2026-07-03T19:16:50.626684+00:00,113.4,49,bid,,,6100949
2026-07-03T19:16:51.706708,2026-07-03T19:16:51.718005+00:00,112.9,47,ask,,,6100960
2026-07-03T19:16:52.217408,2026-07-03T19:16:52.232721+00:00,113.4,41,bid,,,6100966
2026-07-03T19:16:52.873645,2026-07-03T19:16:52.882180+00:00,112.9,41,ask,,,6100977
2026-07-03T19:16:53.832412,2026-07-03T19:16:53.844036+00:00,113.4,50,bid,,,6100985
2026-07-03T19:16:54.814484,2026-07-03T19:16:54.833487+00:00,113.4,48,bid,,,6100998
2026-07-03T19:16:55.992168,2026-07-03T19:16:56.004720+00:00,113.0,50,ask,,,6101011
2026-07-03T19:16:56.941218,2026-07-03T19:16:56.968822+00:00,113.4,46,bid,,,6101022
2026-07-03T19:16:57.496761,2026-07-03T19:16:57.508435+00:00,113.5,100,bid,,,6101031
2026-07-03T19:16:58.103803,2026-07-03T19:16:58.113405+00:00,113.5,50,ask,,,6101038
2026-07-03T19:17:00.211868,2026-07-03T19:17:00.215435+00:00,113.3,50,ask,,,6101065
2026-07-03T19:17:00.736564,2026-07-03T19:17:00.747216+00:00,113.4,3,bid,,,6101067
2026-07-03T19:17:01.053067,2026-07-03T19:17:01.106164+00:00,113.3,40,ask,,,6101070
2026-07-03T19:17:01.703539,2026-07-03T19:17:01.712138+00:00,113.4,11,bid,,,6101079
2026-07-03T19:17:02.285037,2026-07-03T19:17:02.296839+00:00,113.4,50,bid,,,6101087
2026-07-03T19:17:02.288748,2026-07-03T19:17:02.296839+00:00,113.4,12,bid,,,6101088
2026-07-03T19:17:02.581819,2026-07-03T19:17:02.583330+00:00,113.4,74,bid,,,6101095
2026-07-03T19:17:02.659704,2026-07-03T19:17:02.670333+00:00,113.5,12,ask,,,6101097
2026-07-03T19:17:03.823745,2026-07-03T19:17:03.831674+00:00,113.7,11,ask,,,6101114
2026-07-03T19:17:05.798411,2026-07-03T19:17:05.809909+00:00,113.7,100,ask,,,6101148
2026-07-03T19:17:06.493986,2026-07-03T19:17:06.504313+00:00,113.7,3,ask,,,6101157
2026-07-03T19:17:06.549501,2026-07-03T19:17:06.577704+00:00,113.7,36,ask,,,6101159
2026-07-03T19:17:07.059590,2026-07-03T19:17:07.070799+00:00,113.5,3,bid,,,6101171
2026-07-03T19:17:07.181172,2026-07-03T19:17:07.190952+00:00,113.5,11,bid,,,6101174
2026-07-03T19:17:07.385132,2026-07-03T19:17:07.389247+00:00,113.5,44,bid,,,6101176
2026-07-03T19:17:07.805000,2026-07-03T19:17:07.825669+00:00,113.5,23,bid,,,6101183
2026-07-03T19:17:08.604461,2026-07-03T19:17:08.639928+00:00,113.5,50,bid,,,6101201
2026-07-03T19:17:08.907099,2026-07-03T19:17:08.919172+00:00,113.5,19,bid,,,6101205
2026-07-03T19:17:10.165913,2026-07-03T19:17:10.175836+00:00,113.8,34,ask,,,6101229
2026-07-03T19:17:10.683558,2026-07-03T19:17:10.711055+00:00,113.8,46,ask,,,6101242
2026-07-03T19:17:10.761661,2026-07-03T19:17:10.771472+00:00,113.8,50,ask,,,6101247
2026-07-03T19:17:12.123528,2026-07-03T19:17:12.165305+00:00,113.8,20,ask,,,6101267
2026-07-03T19:17:12.816521,2026-07-03T19:17:12.828132+00:00,113.8,50,bid,,,6101274
2026-07-03T19:17:14.924751,2026-07-03T19:17:14.931082+00:00,113.8,30,bid,,,6101307
2026-07-03T19:17:14.924751,2026-07-03T19:17:14.931082+00:00,113.8,20,bid,,,6101308
2026-07-03T19:17:15.187652,2026-07-03T19:17:15.195819+00:00,113.8,45,bid,,,6101314
2026-07-03T19:17:15.232218,2026-07-03T19:17:15.255972+00:00,113.8,85,bid,,,6101315
2026-07-03T19:17:15.752618,2026-07-03T19:17:15.770941+00:00,113.8,15,ask,,,6101320
2026-07-03T19:17:15.752618,2026-07-03T19:17:15.770941+00:00,113.3,31,ask,,,6101321
2026-07-03T19:17:17.108130,2026-07-03T19:17:17.119588+00:00,113.7,50,ask,,,6101335
2026-07-03T19:17:19.215592,2026-07-03T19:17:19.226807+00:00,113.7,50,ask,,,6101362
2026-07-03T19:17:19.845238,2026-07-03T19:17:19.858619+00:00,113.4,47,ask,,,6101369
2026-07-03T19:17:20.305690,2026-07-03T19:17:20.314065+00:00,113.9,46,bid,,,6101381
2026-07-03T19:17:21.321426,2026-07-03T19:17:21.339239+00:00,113.4,50,ask,,,6101400
2026-07-03T19:17:21.905061,2026-07-03T19:17:21.913764+00:00,113.4,49,ask,,,6101411
2026-07-03T19:17:22.180579,2026-07-03T19:17:22.188807+00:00,113.7,23,bid,,,6101415
2026-07-03T19:17:23.428219,2026-07-03T19:17:23.434691+00:00,113.4,50,ask,,,6101425
2026-07-03T19:17:24.998883,2026-07-03T19:17:25.030848+00:00,113.9,46,bid,,,6101449
2026-07-03T19:17:25.500652,2026-07-03T19:17:25.511789+00:00,113.9,45,bid,,,6101459
2026-07-03T19:17:25.534910,2026-07-03T19:17:25.546069+00:00,113.4,50,ask,,,6101460
2026-07-03T19:17:25.554257,2026-07-03T19:17:25.556229+00:00,113.4,46,ask,,,6101461
2026-07-03T19:17:26.031600,2026-07-03T19:17:26.039831+00:00,113.5,11,bid,,,6101464
2026-07-03T19:17:27.640222,2026-07-03T19:17:27.646546+00:00,113.4,50,ask,,,6101485
2026-07-03T19:17:29.747962,2026-07-03T19:17:29.758702+00:00,113.1,50,ask,,,6101514
2026-07-03T19:17:30.029664,2026-07-03T19:17:30.038780+00:00,113.3,23,bid,,,6101520
2026-07-03T19:17:30.636906,2026-07-03T19:17:30.648752+00:00,113.3,44,bid,,,6101526
2026-07-03T19:17:31.248225,2026-07-03T19:17:31.259747+00:00,113.3,45,bid,,,6101534
2026-07-03T19:17:31.854708,2026-07-03T19:17:31.881290+00:00,113.0,50,ask,,,6101538
2026-07-03T19:17:32.468472,2026-07-03T19:17:32.485308+00:00,113.4,44,ask,,,6101553
2026-07-03T19:17:32.682861,2026-07-03T19:17:32.691618+00:00,113.4,11,ask,,,6101557
2026-07-03T19:17:33.911198,2026-07-03T19:17:33.922782+00:00,113.5,50,bid,,,6101575
2026-07-03T19:17:36.022261,2026-07-03T19:17:36.043865+00:00,113.5,50,bid,,,6101604
2026-07-03T19:17:36.482703,2026-07-03T19:17:36.493988+00:00,113.3,49,ask,,,6101606
2026-07-03T19:17:37.399645,2026-07-03T19:17:37.410545+00:00,113.8,46,bid,,,6101621
2026-07-03T19:17:39.596129,2026-07-03T19:17:39.617900+00:00,113.2,40,ask,,,6101658
2026-07-03T19:17:42.390491,2026-07-03T19:17:42.412076+00:00,113.1,50,ask,,,6101699
2026-07-03T19:17:44.496874,2026-07-03T19:17:44.508660+00:00,113.0,50,ask,,,6101720
2026-07-03T19:17:45.748257,2026-07-03T19:17:45.754386+00:00,113.0,44,ask,,,6101744
2026-07-03T19:17:45.786892,2026-07-03T19:17:45.795233+00:00,113.2,11,bid,,,6101747
2026-07-03T19:17:46.602904,2026-07-03T19:17:46.614732+00:00,113.0,50,ask,,,6101760
2026-07-03T19:17:48.657580,2026-07-03T19:17:48.669197+00:00,113.2,50,bid,,,6101794
2026-07-03T19:17:49.585665,2026-07-03T19:17:49.607276+00:00,113.2,49,bid,,,6101805
2026-07-03T19:17:49.708518,2026-07-03T19:17:49.717507+00:00,113.2,1,bid,,,6101807
2026-07-03T19:17:50.816256,2026-07-03T19:17:50.827530+00:00,113.1,50,ask,,,6101820
2026-07-03T19:17:55.035267,2026-07-03T19:17:55.044720+00:00,112.9,50,ask,,,6101877
2026-07-03T19:17:58.219548,2026-07-03T19:17:58.235856+00:00,113.3,45,bid,,,6101919
2026-07-03T19:17:59.194233,2026-07-03T19:17:59.200643+00:00,113.3,50,bid,,,6101937
2026-07-03T19:18:00.351662,2026-07-03T19:18:00.358562+00:00,112.9,49,ask,,,6101951
2026-07-03T19:18:01.302398,2026-07-03T19:18:01.309321+00:00,113.1,50,bid,,,6101970
2026-07-03T19:18:02.018440,2026-07-03T19:18:02.024589+00:00,113.1,43,bid,,,6101983
2026-07-03T19:18:02.838815,2026-07-03T19:18:02.864712+00:00,113.1,10,bid,,,6102000
2026-07-03T19:18:05.521875,2026-07-03T19:18:05.540787+00:00,113.3,50,bid,,,6102030
2026-07-03T19:18:07.680551,2026-07-03T19:18:07.713751+00:00,113.1,50,ask,,,6102056
2026-07-03T19:18:07.986012,2026-07-03T19:18:08.014133+00:00,113.1,48,ask,,,6102062
2026-07-03T19:18:09.735481,2026-07-03T19:18:09.747204+00:00,113.6,50,bid,,,6102079
2026-07-03T19:18:11.843741,2026-07-03T19:18:11.865689+00:00,113.5,50,bid,,,6102100
2026-07-03T19:18:13.949990,2026-07-03T19:18:13.958580+00:00,113.6,50,bid,,,6102126
2026-07-03T19:18:16.056154,2026-07-03T19:18:16.058578+00:00,113.7,50,bid,,,6102152
2026-07-03T19:18:16.559473,2026-07-03T19:18:16.567789+00:00,113.6,11,ask,,,6102162
2026-07-03T19:18:17.259696,2026-07-03T19:18:17.269752+00:00,113.6,11,ask,,,6102170
2026-07-03T19:18:18.181833,2026-07-03T19:18:18.203490+00:00,114.0,50,bid,,,6102184
2026-07-03T19:18:20.289647,2026-07-03T19:18:20.298689+00:00,114.1,50,bid,,,6102216
2026-07-03T19:18:21.162276,2026-07-03T19:18:21.183618+00:00,114.1,49,bid,,,6102230
2026-07-03T19:18:21.740185,2026-07-03T19:18:21.748547+00:00,114.0,35,ask,,,6102235
2026-07-03T19:18:22.133713,2026-07-03T19:18:22.150171+00:00,114.0,48,ask,,,6102238
2026-07-03T19:18:22.469133,2026-07-03T19:18:22.480585+00:00,114.0,17,ask,,,6102246
2026-07-03T19:18:22.469133,2026-07-03T19:18:22.480585+00:00,113.6,33,ask,,,6102247
2026-07-03T19:18:23.774153,2026-07-03T19:18:23.777977+00:00,114.0,40,bid,,,6102267
2026-07-03T19:18:24.577152,2026-07-03T19:18:24.583290+00:00,113.5,50,ask,,,6102281
2026-07-03T19:18:24.728198,2026-07-03T19:18:24.734717+00:00,113.5,40,ask,,,6102284
2026-07-03T19:18:25.325796,2026-07-03T19:18:25.353922+00:00,114.0,40,bid,,,6102292
2026-07-03T19:18:26.102441,2026-07-03T19:18:26.123529+00:00,113.6,100,ask,,,6102301
2026-07-03T19:18:26.115267,2026-07-03T19:18:26.123529+00:00,113.6,12,bid,,,6102302
2026-07-03T19:18:26.683987,2026-07-03T19:18:26.690492+00:00,113.1,50,ask,,,6102312
2026-07-03T19:18:28.790602,2026-07-03T19:18:28.797087+00:00,113.2,50,ask,,,6102345
2026-07-03T19:18:29.722228,2026-07-03T19:18:29.728904+00:00,113.2,41,ask,,,6102356
2026-07-03T19:18:30.898738,2026-07-03T19:18:30.929630+00:00,113.2,9,ask,,,6102381
2026-07-03T19:18:30.898738,2026-07-03T19:18:30.929630+00:00,113.2,41,ask,,,6102382
2026-07-03T19:18:31.270835,2026-07-03T19:18:31.280864+00:00,113.2,100,ask,,,6102385
2026-07-03T19:18:31.671726,2026-07-03T19:18:31.681451+00:00,113.2,9,ask,,,6102389
2026-07-03T19:18:32.473927,2026-07-03T19:18:32.485557+00:00,113.0,45,bid,,,6102403
2026-07-03T19:18:32.486645,2026-07-03T19:18:32.495638+00:00,113.0,12,bid,,,6102406
