timestamp,recv_time,price,volume,aggressor_side,buyer,seller,trade_id
2026-07-02T04:00:02.524179,2026-07-02T04:00:02.531220+00:00,102.3,50,bid,FlawlessFlatbreads,DiligentDonuts,3480319
2026-07-02T04:00:02.639958,2026-07-02T04:00:02.645758+00:00,101.9,40,ask,EarnestEspressos,CostlyCorianders,3480325
2026-07-02T04:00:04.686537,2026-07-02T04:00:04.698198+00:00,102.1,50,ask,DiligentDonuts,FlawlessFlatbreads,3480354
2026-07-02T04:00:05.415179,2026-07-02T04:00:05.424481+00:00,102.1,40,ask,DiligentDonuts,CostlyCorianders,3480364
2026-07-02T04:00:06.597738,2026-07-02T04:00:06.605709+00:00,102.2,12,bid,Xuanyu Liu,EarnestEspressos,3480391
2026-07-02T04:00:06.792388,2026-07-02T04:00:06.800364+00:00,101.7,50,ask,EarnestEspressos,FlawlessFlatbreads,3480393
2026-07-02T04:00:08.899121,2026-07-02T04:00:08.906546+00:00,101.7,50,ask,DiligentDonuts,FlawlessFlatbreads,3480430
2026-07-02T04:00:10.384665,2026-07-02T04:00:10.394256+00:00,102.2,11,bid,Xuanyu Liu,EarnestEspressos,3480458
2026-07-02T04:00:10.532911,2026-07-02T04:00:10.541378+00:00,102.2,12,bid,Xuanyu Liu,EarnestEspressos,3480464
2026-07-02T04:00:11.007387,2026-07-02T04:00:11.014788+00:00,101.9,6,ask,Kelvin Chan,FlawlessFlatbreads,3480475
2026-07-02T04:00:11.007387,2026-07-02T04:00:11.020031+00:00,101.7,44,ask,EarnestEspressos,FlawlessFlatbreads,3480476
2026-07-02T04:00:11.635723,2026-07-02T04:00:11.644060+00:00,102.2,11,bid,Xuanyu Liu,EarnestEspressos,3480490
2026-07-02T04:00:11.845020,2026-07-02T04:00:11.856867+00:00,102.2,3,bid,Xuanyu Liu,DiligentDonuts,3480498
2026-07-02T04:00:12.592963,2026-07-02T04:00:12.604323+00:00,102.2,49,bid,CostlyCorianders,DiligentDonuts,3480519
2026-07-02T04:00:13.114919,2026-07-02T04:00:13.126415+00:00,102.2,50,ask,DiligentDonuts,FlawlessFlatbreads,3480532
2026-07-02T04:00:13.508315,2026-07-02T04:00:13.519738+00:00,102.4,48,bid,CostlyCorianders,EarnestEspressos,3480536
2026-07-02T04:00:15.241458,2026-07-02T04:00:15.254701+00:00,102.2,50,ask,DiligentDonuts,FlawlessFlatbreads,3480577
2026-07-02T04:00:15.409302,2026-07-02T04:00:15.420629+00:00,102.1,46,ask,EarnestEspressos,CostlyCorianders,3480583
2026-07-02T04:00:16.038932,2026-07-02T04:00:16.048484+00:00,102.1,48,ask,EarnestEspressos,CostlyCorianders,3480589
2026-07-02T04:00:16.595427,2026-07-02T04:00:16.603369+00:00,102.3,49,bid,CostlyCorianders,DiligentDonuts,3480596
2026-07-02T04:00:17.061170,2026-07-02T04:00:17.072727+00:00,102.1,41,ask,EarnestEspressos,CostlyCorianders,3480607
2026-07-02T04:00:18.192195,2026-07-02T04:00:18.203763+00:00,101.9,5,ask,Kelvin Chan,EarnestEspressos,3480625
2026-07-02T04:00:18.216812,2026-07-02T04:00:18.228324+00:00,101.9,6,bid,Kelvin Chan,EarnestEspressos,3480626
2026-07-02T04:00:18.322995,2026-07-02T04:00:18.334375+00:00,101.9,6,bid,Kelvin Chan,EarnestEspressos,3480632
2026-07-02T04:00:18.401987,2026-07-02T04:00:18.410762+00:00,101.9,3,bid,Xuanyu Liu,EarnestEspressos,3480636
2026-07-02T04:00:18.917476,2026-07-02T04:00:18.926923+00:00,101.9,11,bid,Xuanyu Liu,EarnestEspressos,3480647
2026-07-02T04:00:19.234847,2026-07-02T04:00:19.246492+00:00,101.9,100,bid,DiligentDonuts,EarnestEspressos,3480649
2026-07-02T04:00:19.240357,2026-07-02T04:00:19.251741+00:00,101.9,6,bid,Kelvin Chan,EarnestEspressos,3480650
2026-07-02T04:00:19.477881,2026-07-02T04:00:19.489434+00:00,101.4,50,ask,EarnestEspressos,FlawlessFlatbreads,3480655
2026-07-02T04:00:20.128171,2026-07-02T04:00:20.136047+00:00,101.9,12,bid,Xuanyu Liu,EarnestEspressos,3480674
2026-07-02T04:00:21.318668,2026-07-02T04:00:21.331580+00:00,102.3,3,ask,EarnestEspressos,Xuanyu Liu,3480703
2026-07-02T04:00:21.333839,2026-07-02T04:00:21.342237+00:00,102.3,20,ask,EarnestEspressos,Xuanyu Liu,3480706
2026-07-02T04:00:21.343417,2026-07-02T04:00:21.351878+00:00,102.3,3,ask,EarnestEspressos,Xuanyu Liu,3480708
2026-07-02T04:00:21.585633,2026-07-02T04:00:21.597189+00:00,102.3,50,ask,EarnestEspressos,FlawlessFlatbreads,3480717
2026-07-02T04:00:22.659713,2026-07-02T04:00:22.671026+00:00,102.4,49,bid,CostlyCorianders,DiligentDonuts,3480738
2026-07-02T04:00:23.702741,2026-07-02T04:00:23.716734+00:00,102.3,50,ask,EarnestEspressos,FlawlessFlatbreads,3480761
2026-07-02T04:00:25.808948,2026-07-02T04:00:25.820634+00:00,101.9,5,ask,Kelvin Chan,FlawlessFlatbreads,3480795
2026-07-02T04:00:25.808948,2026-07-02T04:00:25.820634+00:00,101.9,45,ask,DiligentDonuts,FlawlessFlatbreads,3480796
2026-07-02T04:00:27.916828,2026-07-02T04:00:27.926992+00:00,101.9,50,ask,DiligentDonuts,FlawlessFlatbreads,3480834
2026-07-02T04:00:28.446067,2026-07-02T04:00:28.455732+00:00,102.1,47,bid,CostlyCorianders,EarnestEspressos,3480837
2026-07-02T04:00:28.901987,2026-07-02T04:00:28.911335+00:00,101.9,5,ask,Kelvin Chan,CostlyCorianders,3480856
2026-07-02T04:00:28.901987,2026-07-02T04:00:28.911335+00:00,101.6,44,ask,EarnestEspressos,CostlyCorianders,3480857
2026-07-02T04:00:30.022493,2026-07-02T04:00:30.034185+00:00,101.6,50,ask,EarnestEspressos,FlawlessFlatbreads,3480880
2026-07-02T04:00:30.865438,2026-07-02T04:00:30.873287+00:00,101.9,3,bid,Xuanyu Liu,EarnestEspressos,3480888
2026-07-02T04:00:32.129694,2026-07-02T04:00:32.141143+00:00,101.8,5,ask,Kelvin Chan,FlawlessFlatbreads,3480918
2026-07-02T04:00:32.129694,2026-07-02T04:00:32.141143+00:00,101.5,45,ask,DiligentDonuts,FlawlessFlatbreads,3480919
2026-07-02T04:00:34.009075,2026-07-02T04:00:34.020764+00:00,101.8,4,ask,Kelvin Chan,EarnestEspressos,3480957
2026-07-02T04:00:34.237930,2026-07-02T04:00:34.249558+00:00,101.5,50,ask,DiligentDonuts,FlawlessFlatbreads,3480962
2026-07-02T04:00:34.526425,2026-07-02T04:00:34.533627+00:00,101.8,43,bid,CostlyCorianders,EarnestEspressos,3480969
2026-07-02T04:00:36.295611,2026-07-02T04:00:36.305133+00:00,101.8,50,bid,FlawlessFlatbreads,EarnestEspressos,3480998
2026-07-02T04:00:36.403028,2026-07-02T04:00:36.413713+00:00,101.8,11,bid,Xuanyu Liu,EarnestEspressos,3481002
2026-07-02T04:00:36.775551,2026-07-02T04:00:36.783582+00:00,101.8,23,bid,Xuanyu Liu,EarnestEspressos,3481011
2026-07-02T04:00:37.117523,2026-07-02T04:00:37.128907+00:00,101.8,100,bid,EarnestEspressos,DiligentDonuts,3481022
2026-07-02T04:00:37.117523,2026-07-02T04:00:37.128907+00:00,102.0,1,bid,EarnestEspressos,Kelvin Chan,3481023
2026-07-02T04:00:37.185518,2026-07-02T04:00:37.195328+00:00,102.1,8,ask,EarnestEspressos,Xuanyu Liu,3481024
2026-07-02T04:00:37.196409,2026-07-02T04:00:37.204588+00:00,102.1,3,ask,EarnestEspressos,Xuanyu Liu,3481026
2026-07-02T04:00:37.702523,2026-07-02T04:00:37.710347+00:00,102.1,6,ask,EarnestEspressos,Xuanyu Liu,3481037
2026-07-02T04:00:37.799627,2026-07-02T04:00:37.807275+00:00,102.1,6,ask,EarnestEspressos,Xuanyu Liu,3481040
2026-07-02T04:00:38.201789,2026-07-02T04:00:38.210690+00:00,102.1,2,ask,EarnestEspressos,Kelvin Chan,3481043
2026-07-02T04:00:38.401517,2026-07-02T04:00:38.413027+00:00,102.3,50,bid,FlawlessFlatbreads,DiligentDonuts,3481049
2026-07-02T04:00:38.845578,2026-07-02T04:00:38.858555+00:00,102.1,2,ask,EarnestEspressos,Kelvin Chan,3481063
2026-07-02T04:00:38.926487,2026-07-02T04:00:38.936418+00:00,102.1,2,ask,EarnestEspressos,Kelvin Chan,3481064
2026-07-02T04:00:38.954532,2026-07-02T04:00:38.966094+00:00,102.1,2,ask,EarnestEspressos,Kelvin Chan,3481065
2026-07-02T04:00:39.212216,2026-07-02T04:00:39.220145+00:00,102.1,2,ask,EarnestEspressos,Kelvin Chan,3481069
2026-07-02T04:00:39.396163,2026-07-02T04:00:39.403527+00:00,102.1,11,ask,EarnestEspressos,Xuanyu Liu,3481072
2026-07-02T04:00:39.483014,2026-07-02T04:00:39.490753+00:00,102.1,3,ask,EarnestEspressos,Xuanyu Liu,3481076
2026-07-02T04:00:40.335375,2026-07-02T04:00:40.341981+00:00,101.8,100,ask,DiligentDonuts,EarnestEspressos,3481099
2026-07-02T04:00:40.348787,2026-07-02T04:00:40.359948+00:00,101.8,14,bid,Xuanyu Liu,EarnestEspressos,3481101
2026-07-02T04:00:40.508419,2026-07-02T04:00:40.519979+00:00,101.8,36,bid,FlawlessFlatbreads,EarnestEspressos,3481106
2026-07-02T04:00:40.508419,2026-07-02T04:00:40.519979+00:00,102.3,14,bid,FlawlessFlatbreads,DiligentDonuts,3481107
2026-07-02T04:00:41.344487,2026-07-02T04:00:41.356054+00:00,101.7,1,ask,Kelvin Chan,CostlyCorianders,3481124
2026-07-02T04:00:41.344487,2026-07-02T04:00:41.356054+00:00,101.3,42,ask,EarnestEspressos,CostlyCorianders,3481125
2026-07-02T04:00:42.617185,2026-07-02T04:00:42.625859+00:00,101.9,50,bid,FlawlessFlatbreads,DiligentDonuts,3481140
2026-07-02T04:00:43.971134,2026-07-02T04:00:43.978329+00:00,101.9,41,bid,CostlyCorianders,DiligentDonuts,3481169
2026-07-02T04:00:44.723573,2026-07-02T04:00:44.735272+00:00,102.0,4,bid,FlawlessFlatbreads,Kelvin Chan,3481187
2026-07-02T04:00:44.723573,2026-07-02T04:00:44.735272+00:00,102.3,46,bid,FlawlessFlatbreads,EarnestEspressos,3481188
2026-07-02T04:00:46.436436,2026-07-02T04:00:46.447754+00:00,102.0,5,bid,CostlyCorianders,Kelvin Chan,3481221
2026-07-02T04:00:46.831029,2026-07-02T04:00:46.842578+00:00,102.0,6,bid,FlawlessFlatbreads,Kelvin Chan,3481230
2026-07-02T04:00:46.975224,2026-07-02T04:00:46.984910+00:00,101.8,42,ask,DiligentDonuts,CostlyCorianders,3481234
2026-07-02T04:00:47.436169,2026-07-02T04:00:47.443626+00:00,102.3,47,bid,CostlyCorianders,DiligentDonuts,3481245
2026-07-02T04:00:48.455556,2026-07-02T04:00:48.463736+00:00,102.1,6,bid,FlawlessFlatbreads,Kelvin Chan,3481267
2026-07-02T04:00:48.939403,2026-07-02T04:00:48.950827+00:00,102.1,6,bid,CostlyCorianders,Kelvin Chan,3481280
2026-07-02T04:00:48.939403,2026-07-02T04:00:48.950827+00:00,102.3,44,bid,FlawlessFlatbreads,EarnestEspressos,3481281
2026-07-02T04:00:49.550279,2026-07-02T04:00:49.558563+00:00,102.1,6,bid,CostlyCorianders,Kelvin Chan,3481292
2026-07-02T04:00:49.780524,2026-07-02T04:00:49.788371+00:00,102.2,14,ask,EarnestEspressos,Xuanyu Liu,3481300
2026-07-02T04:00:49.883908,2026-07-02T04:00:49.891665+00:00,102.2,5,ask,EarnestEspressos,Kelvin Chan,3481306
2026-07-02T04:00:51.105172,2026-07-02T04:00:51.115108+00:00,102.2,50,ask,EarnestEspressos,FlawlessFlatbreads,3481335
2026-07-02T04:00:52.667532,2026-07-02T04:00:52.679200+00:00,102.2,49,ask,EarnestEspressos,CostlyCorianders,3481369
2026-07-02T04:00:53.211950,2026-07-02T04:00:53.223264+00:00,102.0,50,ask,DiligentDonuts,FlawlessFlatbreads,3481381
2026-07-02T04:00:54.158304,2026-07-02T04:00:54.169660+00:00,102.1,48,bid,CostlyCorianders,DiligentDonuts,3481403
2026-07-02T04:00:55.319229,2026-07-02T04:00:55.328742+00:00,101.8,50,ask,EarnestEspressos,FlawlessFlatbreads,3481442
2026-07-02T04:00:56.156292,2026-07-02T04:00:56.158610+00:00,101.6,40,ask,DiligentDonuts,CostlyCorianders,3481451
2026-07-02T04:00:56.735597,2026-07-02T04:00:56.744705+00:00,102.1,44,bid,CostlyCorianders,DiligentDonuts,3481459
2026-07-02T04:00:59.363613,2026-07-02T04:00:59.375321+00:00,101.9,46,ask,DiligentDonuts,CostlyCorianders,3481521
2026-07-02T04:00:59.529921,2026-07-02T04:00:59.536277+00:00,101.9,50,ask,DiligentDonuts,FlawlessFlatbreads,3481527
2026-07-02T04:01:00.504963,2026-07-02T04:01:00.516268+00:00,102.0,46,bid,CostlyCorianders,EarnestEspressos,3481541
2026-07-02T04:01:01.607699,2026-07-02T04:01:01.616176+00:00,101.9,4,ask,Kelvin Chan,CostlyCorianders,3481568
2026-07-02T04:01:01.607699,2026-07-02T04:01:01.616176+00:00,101.6,38,ask,DiligentDonuts,CostlyCorianders,3481569
2026-07-02T04:01:02.603670,2026-07-02T04:01:02.611709+00:00,101.6,47,ask,DiligentDonuts,CostlyCorianders,3481592
2026-07-02T04:01:03.565418,2026-07-02T04:01:03.573429+00:00,101.6,14,bid,Xuanyu Liu,DiligentDonuts,3481604
2026-07-02T04:01:03.743167,2026-07-02T04:01:03.749806+00:00,101.5,50,ask,EarnestEspressos,FlawlessFlatbreads,3481611
2026-07-02T04:01:04.866504,2026-07-02T04:01:04.874294+00:00,101.6,47,bid,CostlyCorianders,DiligentDonuts,3481638
2026-07-02T04:01:05.415437,2026-07-02T04:01:05.427044+00:00,101.5,47,ask,EarnestEspressos,CostlyCorianders,3481645
2026-07-02T04:01:06.117712,2026-07-02T04:01:06.126084+00:00,101.6,12,bid,Xuanyu Liu,DiligentDonuts,3481655
2026-07-02T04:01:07.957137,2026-07-02T04:01:07.965530+00:00,101.4,50,ask,DiligentDonuts,FlawlessFlatbreads,3481700
2026-07-02T04:01:08.938976,2026-07-02T04:01:08.950425+00:00,101.6,46,bid,CostlyCorianders,EarnestEspressos,3481725
2026-07-02T04:01:10.014887,2026-07-02T04:01:10.022939+00:00,101.6,50,bid,FlawlessFlatbreads,EarnestEspressos,3481751
2026-07-02T04:01:11.085847,2026-07-02T04:01:11.094156+00:00,101.6,41,bid,CostlyCorianders,EarnestEspressos,3481778
2026-07-02T04:01:12.127424,2026-07-02T04:01:12.143263+00:00,101.7,50,bid,FlawlessFlatbreads,DiligentDonuts,3481795
2026-07-02T04:01:14.289576,2026-07-02T04:01:14.299064+00:00,101.6,50,ask,EarnestEspressos,FlawlessFlatbreads,3481836
2026-07-02T04:01:14.591387,2026-07-02T04:01:14.602046+00:00,101.8,11,bid,Xuanyu Liu,DiligentDonuts,3481841
2026-07-02T04:01:14.682313,2026-07-02T04:01:14.693727+00:00,101.8,41,bid,CostlyCorianders,DiligentDonuts,3481843
2026-07-02T04:01:15.367273,2026-07-02T04:01:15.378689+00:00,101.5,47,ask,EarnestEspressos,CostlyCorianders,3481861
2026-07-02T04:01:16.363595,2026-07-02T04:01:16.374834+00:00,101.9,50,bid,FlawlessFlatbreads,DiligentDonuts,3481876
2026-07-02T04:01:19.481634,2026-07-02T04:01:19.489081+00:00,101.8,42,bid,CostlyCorianders,EarnestEspressos,3481944
2026-07-02T04:01:20.183073,2026-07-02T04:01:20.194631+00:00,101.5,1,ask,Kelvin Chan,CostlyCorianders,3481962
2026-07-02T04:01:20.183073,2026-07-02T04:01:20.194631+00:00,101.5,40,ask,DiligentDonuts,CostlyCorianders,3481963
2026-07-02T04:01:20.626003,2026-07-02T04:01:20.633543+00:00,101.5,50,ask,DiligentDonuts,FlawlessFlatbreads,3481972
2026-07-02T04:01:21.694392,2026-07-02T04:01:21.704658+00:00,101.9,42,bid,CostlyCorianders,EarnestEspressos,3481988
2026-07-02T04:01:22.308962,2026-07-02T04:01:22.320460+00:00,101.5,10,ask,DiligentDonuts,CostlyCorianders,3481997
2026-07-02T04:01:22.308962,2026-07-02T04:01:22.320460+00:00,101.4,38,ask,EarnestEspressos,CostlyCorianders,3481998
2026-07-02T04:01:22.731067,2026-07-02T04:01:22.742485+00:00,101.4,50,ask,EarnestEspressos,FlawlessFlatbreads,3482004
2026-07-02T04:01:24.675374,2026-07-02T04:01:24.685520+00:00,101.7,46,bid,CostlyCorianders,DiligentDonuts,3482044
2026-07-02T04:01:25.655964,2026-07-02T04:01:25.662556+00:00,101.6,41,ask,DiligentDonuts,CostlyCorianders,3482075
2026-07-02T04:01:26.639159,2026-07-02T04:01:26.650774+00:00,101.8,5,bid,CostlyCorianders,Kelvin Chan,3482094
2026-07-02T04:01:26.639159,2026-07-02T04:01:26.650774+00:00,101.8,36,bid,CostlyCorianders,EarnestEspressos,3482095
2026-07-02T04:01:26.942004,2026-07-02T04:01:26.950755+00:00,101.6,50,ask,DiligentDonuts,FlawlessFlatbreads,3482103
2026-07-02T04:01:27.146458,2026-07-02T04:01:27.155473+00:00,101.6,9,ask,DiligentDonuts,CostlyCorianders,3482111
2026-07-02T04:01:27.707308,2026-07-02T04:01:27.715353+00:00,102.1,44,bid,CostlyCorianders,DiligentDonuts,3482121
2026-07-02T04:01:28.757457,2026-07-02T04:01:28.768811+00:00,101.6,46,ask,EarnestEspressos,CostlyCorianders,3482148
2026-07-02T04:01:28.996539,2026-07-02T04:01:29.008276+00:00,101.8,50,bid,FlawlessFlatbreads,DiligentDonuts,3482153
2026-07-02T04:01:29.815828,2026-07-02T04:01:29.827226+00:00,101.8,47,bid,CostlyCorianders,DiligentDonuts,3482176
2026-07-02T04:01:31.186770,2026-07-02T04:01:31.198379+00:00,101.5,5,ask,Kelvin Chan,FlawlessFlatbreads,3482198
2026-07-02T04:01:31.186770,2026-07-02T04:01:31.198379+00:00,101.5,45,ask,EarnestEspressos,FlawlessFlatbreads,3482199
2026-07-02T04:01:33.316492,2026-07-02T04:01:33.326411+00:00,101.5,50,ask,EarnestEspressos,FlawlessFlatbreads,3482236
2026-07-02T04:01:34.096500,2026-07-02T04:01:34.117452+00:00,101.4,100,ask,DiligentDonuts,EarnestEspressos,3482260
2026-07-02T04:01:34.108904,2026-07-02T04:01:34.117452+00:00,101.3,12,bid,Xuanyu Liu,EarnestEspressos,3482261
2026-07-02T04:01:34.487194,2026-07-02T04:01:34.495487+00:00,101.3,38,bid,Xuanyu Liu,EarnestEspressos,3482270
2026-07-02T04:01:35.421080,2026-07-02T04:01:35.432608+00:00,101.1,50,ask,DiligentDonuts,FlawlessFlatbreads,3482292
2026-07-02T04:01:35.917473,2026-07-02T04:01:35.924398+00:00,101.1,42,ask,DiligentDonuts,CostlyCorianders,3482301
2026-07-02T04:01:37.110044,2026-07-02T04:01:37.118157+00:00,101.1,8,ask,DiligentDonuts,Xuanyu Liu,3482329
2026-07-02T04:01:37.217320,2026-07-02T04:01:37.230472+00:00,101.2,19,ask,EarnestEspressos,Xuanyu Liu,3482332
2026-07-02T04:01:37.530463,2026-07-02T04:01:37.541926+00:00,101.2,50,ask,EarnestEspressos,FlawlessFlatbreads,3482335
2026-07-02T04:01:38.259727,2026-07-02T04:01:38.267612+00:00,101.4,3,ask,Kelvin Chan,Xuanyu Liu,3482346
2026-07-02T04:01:38.356768,2026-07-02T04:01:38.365864+00:00,101.2,81,ask,EarnestEspressos,DiligentDonuts,3482348
2026-07-02T04:01:38.361546,2026-07-02T04:01:38.370891+00:00,101.2,3,bid,Kelvin Chan,DiligentDonuts,3482349
2026-07-02T04:01:38.395411,2026-07-02T04:01:38.403511+00:00,101.2,2,bid,Kelvin Chan,DiligentDonuts,3482350
2026-07-02T04:01:39.586527,2026-07-02T04:01:39.597970+00:00,101.2,14,bid,FlawlessFlatbreads,DiligentDonuts,3482384
2026-07-02T04:01:41.692663,2026-07-02T04:01:41.700075+00:00,101.4,50,bid,FlawlessFlatbreads,EarnestEspressos,3482419
2026-07-02T04:01:41.904447,2026-07-02T04:01:41.916016+00:00,101.4,44,bid,CostlyCorianders,EarnestEspressos,3482423
2026-07-02T04:01:43.675678,2026-07-02T04:01:43.685725+00:00,101.3,4,ask,Kelvin Chan,Xuanyu Liu,3482477
2026-07-02T04:01:43.675678,2026-07-02T04:01:43.685725+00:00,101.3,4,ask,EarnestEspressos,Xuanyu Liu,3482478
2026-07-02T04:01:43.798186,2026-07-02T04:01:43.809444+00:00,101.7,50,bid,FlawlessFlatbreads,DiligentDonuts,3482480
2026-07-02T04:01:43.948308,2026-07-02T04:01:43.958586+00:00,101.3,47,ask,EarnestEspressos,CostlyCorianders,3482481
2026-07-02T04:01:45.461372,2026-07-02T04:01:45.468685+00:00,101.7,46,bid,CostlyCorianders,DiligentDonuts,3482515
2026-07-02T04:01:45.904639,2026-07-02T04:01:45.916145+00:00,101.7,50,bid,FlawlessFlatbreads,DiligentDonuts,3482537
2026-07-02T04:01:46.543428,2026-07-02T04:01:46.558605+00:00,101.3,47,ask,EarnestEspressos,CostlyCorianders,3482545
2026-07-02T04:01:46.835498,2026-07-02T04:01:46.842754+00:00,101.2,100,ask,DiligentDonuts,EarnestEspressos,3482553
2026-07-02T04:01:47.783980,2026-07-02T04:01:47.795641+00:00,101.2,50,bid,DiligentDonuts,EarnestEspressos,3482569
2026-07-02T04:01:48.011849,2026-07-02T04:01:48.021289+00:00,101.6,4,bid,FlawlessFlatbreads,Kelvin Chan,3482582
2026-07-02T04:01:48.011849,2026-07-02T04:01:48.021289+00:00,101.7,46,bid,FlawlessFlatbreads,DiligentDonuts,3482583
2026-07-02T04:01:50.046322,2026-07-02T04:01:50.068800+00:00,101.3,47,ask,EarnestEspressos,CostlyCorianders,3482618
2026-07-02T04:01:50.118467,2026-07-02T04:01:50.169073+00:00,101.7,50,bid,FlawlessFlatbreads,DiligentDonuts,3482619
2026-07-02T04:01:52.225331,2026-07-02T04:01:52.236724+00:00,101.6,1,bid,FlawlessFlatbreads,Kelvin Chan,3482665
2026-07-02T04:01:52.225331,2026-07-02T04:01:52.236724+00:00,101.8,49,bid,FlawlessFlatbreads,EarnestEspressos,3482666
2026-07-02T04:01:53.022876,2026-07-02T04:01:53.034481+00:00,101.8,44,bid,CostlyCorianders,EarnestEspressos,3482679
2026-07-02T04:01:53.117746,2026-07-02T04:01:53.127794+00:00,101.7,12,ask,EarnestEspressos,Xuanyu Liu,3482680
2026-07-02T04:01:53.293836,2026-07-02T04:01:53.308672+00:00,101.7,34,ask,EarnestEspressos,Xuanyu Liu,3482686
2026-07-02T04:01:54.385787,2026-07-02T04:01:54.399304+00:00,101.7,50,ask,EarnestEspressos,FlawlessFlatbreads,3482702
2026-07-02T04:01:55.671170,2026-07-02T04:01:55.682772+00:00,101.7,44,ask,EarnestEspressos,CostlyCorianders,3482728
2026-07-02T04:01:56.344658,2026-07-02T04:01:56.360365+00:00,101.4,23,bid,Xuanyu Liu,EarnestEspressos,3482764
2026-07-02T04:01:56.491967,2026-07-02T04:01:56.503496+00:00,101.3,1,ask,Kelvin Chan,FlawlessFlatbreads,3482770
2026-07-02T04:01:56.491967,2026-07-02T04:01:56.503496+00:00,101.3,49,ask,DiligentDonuts,FlawlessFlatbreads,3482771
2026-07-02T04:01:58.053782,2026-07-02T04:01:58.063796+00:00,101.4,4,bid,Kelvin Chan,EarnestEspressos,3482799
2026-07-02T04:01:59.308978,2026-07-02T04:01:59.320455+00:00,101.4,43,bid,CostlyCorianders,EarnestEspressos,3482818
2026-07-02T04:01:59.953140,2026-07-02T04:01:59.969537+00:00,101.6,1,bid,CostlyCorianders,Kelvin Chan,3482840
2026-07-02T04:01:59.953140,2026-07-02T04:01:59.969537+00:00,101.6,40,bid,CostlyCorianders,EarnestEspressos,3482841
2026-07-02T04:02:00.652573,2026-07-02T04:02:00.664229+00:00,101.6,50,bid,FlawlessFlatbreads,EarnestEspressos,3482856
2026-07-02T04:02:02.021186,2026-07-02T04:02:02.028409+00:00,101.3,2,ask,Kelvin Chan,CostlyCorianders,3482885
2026-07-02T04:02:02.021186,2026-07-02T04:02:02.033689+00:00,101.2,46,ask,DiligentDonuts,CostlyCorianders,3482886
2026-07-02T04:02:03.660153,2026-07-02T04:02:03.671768+00:00,101.4,100,ask,EarnestEspressos,DiligentDonuts,3482907
2026-07-02T04:02:03.967370,2026-07-02T04:02:03.978727+00:00,101.4,46,ask,EarnestEspressos,CostlyCorianders,3482914
2026-07-02T04:02:04.241594,2026-07-02T04:02:04.249721+00:00,101.4,4,ask,EarnestEspressos,Xuanyu Liu,3482921
2026-07-02T04:02:04.872960,2026-07-02T04:02:04.884275+00:00,101.9,50,bid,FlawlessFlatbreads,EarnestEspressos,3482932
2026-07-02T04:02:06.501344,2026-07-02T04:02:06.515407+00:00,101.5,44,bid,CostlyCorianders,EarnestEspressos,3482955
2026-07-02T04:02:06.977808,2026-07-02T04:02:06.989260+00:00,101.5,50,bid,FlawlessFlatbreads,EarnestEspressos,3482961
2026-07-02T04:02:09.084675,2026-07-02T04:02:09.095673+00:00,101.7,50,bid,FlawlessFlatbreads,DiligentDonuts,3482987
2026-07-02T04:02:10.244135,2026-07-02T04:02:10.253308+00:00,101.5,8,ask,DiligentDonuts,Xuanyu Liu,3483002
2026-07-02T04:02:11.193160,2026-07-02T04:02:11.205576+00:00,101.9,50,bid,FlawlessFlatbreads,EarnestEspressos,3483028
2026-07-02T04:02:12.095604,2026-07-02T04:02:12.103376+00:00,101.6,11,ask,EarnestEspressos,Xuanyu Liu,3483045
2026-07-02T04:02:12.259985,2026-07-02T04:02:12.271420+00:00,101.6,44,ask,EarnestEspressos,CostlyCorianders,3483052
2026-07-02T04:02:13.298659,2026-07-02T04:02:13.310364+00:00,101.9,50,bid,FlawlessFlatbreads,DiligentDonuts,3483062
2026-07-02T04:02:15.405972,2026-07-02T04:02:15.417895+00:00,101.7,4,bid,FlawlessFlatbreads,Kelvin Chan,3483116
2026-07-02T04:02:18.765017,2026-07-02T04:02:18.772614+00:00,101.6,3,ask,DiligentDonuts,Xuanyu Liu,3483197
2026-07-02T04:02:19.616833,2026-07-02T04:02:19.628378+00:00,101.8,3,bid,FlawlessFlatbreads,Kelvin Chan,3483216
2026-07-02T04:02:19.616833,2026-07-02T04:02:19.628378+00:00,101.9,47,bid,FlawlessFlatbreads,EarnestEspressos,3483217
2026-07-02T04:02:20.550656,2026-07-02T04:02:20.558540+00:00,101.8,3,bid,CostlyCorianders,Kelvin Chan,3483253
2026-07-02T04:02:20.550656,2026-07-02T04:02:20.558540+00:00,101.9,42,bid,CostlyCorianders,EarnestEspressos,3483254
2026-07-02T04:02:21.723979,2026-07-02T04:02:21.735701+00:00,101.9,50,bid,FlawlessFlatbreads,DiligentDonuts,3483269
2026-07-02T04:02:22.260606,2026-07-02T04:02:22.272272+00:00,101.9,43,bid,CostlyCorianders,DiligentDonuts,3483282
2026-07-02T04:02:23.883442,2026-07-02T04:02:23.890949+00:00,101.8,50,ask,EarnestEspressos,FlawlessFlatbreads,3483312
2026-07-02T04:02:24.878625,2026-07-02T04:02:24.887474+00:00,101.8,45,ask,DiligentDonuts,CostlyCorianders,3483331
2026-07-02T04:02:25.909156,2026-07-02T04:02:25.917789+00:00,102.1,40,bid,CostlyCorianders,EarnestEspressos,3483348
2026-07-02T04:02:26.004826,2026-07-02T04:02:26.017367+00:00,101.9,50,ask,DiligentDonuts,FlawlessFlatbreads,3483349
2026-07-02T04:02:26.907687,2026-07-02T04:02:26.915494+00:00,101.9,2,ask,DiligentDonuts,Kelvin Chan,3483370
2026-07-02T04:02:27.584959,2026-07-02T04:02:27.594956+00:00,101.9,1,ask,DiligentDonuts,Kelvin Chan,3483387
2026-07-02T04:02:27.662569,2026-07-02T04:02:27.671240+00:00,101.9,2,ask,DiligentDonuts,Kelvin Chan,3483394
2026-07-02T04:02:28.110487,2026-07-02T04:02:28.122036+00:00,102.0,50,ask,EarnestEspressos,FlawlessFlatbreads,3483403
2026-07-02T04:02:28.768630,2026-07-02T04:02:28.779924+00:00,102.0,40,ask,EarnestEspressos,CostlyCorianders,3483416
2026-07-02T04:02:30.219505,2026-07-02T04:02:30.235572+00:00,102.0,50,ask,EarnestEspressos,FlawlessFlatbreads,3483441
2026-07-02T04:02:31.298956,2026-07-02T04:02:31.308527+00:00,101.8,49,bid,CostlyCorianders,EarnestEspressos,3483459
2026-07-02T04:02:31.774889,2026-07-02T04:02:31.786144+00:00,101.7,41,ask,DiligentDonuts,CostlyCorianders,3483475
2026-07-02T04:02:32.288761,2026-07-02T04:02:32.300510+00:00,101.8,49,bid,CostlyCorianders,EarnestEspressos,3483493
2026-07-02T04:02:34.428625,2026-07-02T04:02:34.440441+00:00,101.7,3,ask,Kelvin Chan,FlawlessFlatbreads,3483521
2026-07-02T04:02:34.428625,2026-07-02T04:02:34.440441+00:00,101.7,47,ask,EarnestEspressos,FlawlessFlatbreads,3483522
2026-07-02T04:02:35.835001,2026-07-02T04:02:35.846279+00:00,101.7,44,ask,EarnestEspressos,CostlyCorianders,3483544
2026-07-02T04:02:36.537130,2026-07-02T04:02:36.548589+00:00,101.7,50,ask,EarnestEspressos,FlawlessFlatbreads,3483548
2026-07-02T04:02:37.423819,2026-07-02T04:02:37.434348+00:00,101.7,3,ask,Kelvin Chan,EarnestEspressos,3483556
2026-07-02T04:02:37.435527,2026-07-02T04:02:37.443314+00:00,101.7,3,bid,Kelvin Chan,EarnestEspressos,3483557
2026-07-02T04:02:37.449804,2026-07-02T04:02:37.458885+00:00,101.7,3,bid,Xuanyu Liu,EarnestEspressos,3483559
2026-07-02T04:02:37.503353,2026-07-02T04:02:37.514998+00:00,101.7,2,bid,Kelvin Chan,EarnestEspressos,3483563
2026-07-02T04:02:37.522857,2026-07-02T04:02:37.534329+00:00,101.7,46,bid,CostlyCorianders,EarnestEspressos,3483564
2026-07-02T04:02:37.561761,2026-07-02T04:02:37.573092+00:00,101.7,3,bid,Kelvin Chan,EarnestEspressos,3483565
2026-07-02T04:02:37.665923,2026-07-02T04:02:37.673254+00:00,101.7,2,bid,Kelvin Chan,EarnestEspressos,3483570
2026-07-02T04:02:38.230492,2026-07-02T04:02:38.241844+00:00,101.6,42,ask,DiligentDonuts,CostlyCorianders,3483586
2026-07-02T04:02:38.645005,2026-07-02T04:02:38.658583+00:00,101.6,5,ask,Kelvin Chan,FlawlessFlatbreads,3483596
2026-07-02T04:02:38.645005,2026-07-02T04:02:38.658583+00:00,101.4,45,ask,DiligentDonuts,FlawlessFlatbreads,3483597
2026-07-02T04:02:38.785049,2026-07-02T04:02:38.797275+00:00,101.7,45,bid,CostlyCorianders,EarnestEspressos,3483603
2026-07-02T04:02:39.351735,2026-07-02T04:02:39.360219+00:00,101.7,11,bid,Xuanyu Liu,EarnestEspressos,3483614
2026-07-02T04:02:40.754382,2026-07-02T04:02:40.758208+00:00,101.6,5,ask,Kelvin Chan,FlawlessFlatbreads,3483630
2026-07-02T04:02:40.754382,2026-07-02T04:02:40.758208+00:00,101.6,45,ask,EarnestEspressos,FlawlessFlatbreads,3483631
2026-07-02T04:02:40.840497,2026-07-02T04:02:40.851880+00:00,101.6,49,ask,EarnestEspressos,CostlyCorianders,3483632
2026-07-02T04:02:41.371643,2026-07-02T04:02:41.381868+00:00,101.6,49,ask,EarnestEspressos,CostlyCorianders,3483643
2026-07-02T04:02:42.868183,2026-07-02T04:02:42.878066+00:00,101.6,7,ask,EarnestEspressos,FlawlessFlatbreads,3483673
2026-07-02T04:02:42.868183,2026-07-02T04:02:42.883294+00:00,101.6,5,ask,Kelvin Chan,FlawlessFlatbreads,3483674
2026-07-02T04:02:42.868183,2026-07-02T04:02:42.883294+00:00,101.3,38,ask,DiligentDonuts,FlawlessFlatbreads,3483675
2026-07-02T04:02:43.749108,2026-07-02T04:02:43.758568+00:00,101.5,5,ask,Kelvin Chan,EarnestEspressos,3483698
2026-07-02T04:02:43.993386,2026-07-02T04:02:44.000491+00:00,101.5,12,bid,Xuanyu Liu,EarnestEspressos,3483699
2026-07-02T04:02:44.060552,2026-07-02T04:02:44.071809+00:00,101.5,5,bid,Kelvin Chan,EarnestEspressos,3483703
2026-07-02T04:02:44.093095,2026-07-02T04:02:44.102412+00:00,101.5,5,bid,Kelvin Chan,EarnestEspressos,3483704
2026-07-02T04:02:44.721493,2026-07-02T04:02:44.731534+00:00,101.5,4,bid,Kelvin Chan,EarnestEspressos,3483713
2026-07-02T04:02:44.859743,2026-07-02T04:02:44.866581+00:00,101.5,4,bid,Kelvin Chan,EarnestEspressos,3483715
2026-07-02T04:02:44.926145,2026-07-02T04:02:44.937888+00:00,101.5,50,bid,FlawlessFlatbreads,EarnestEspressos,3483719
2026-07-02T04:02:44.976410,2026-07-02T04:02:44.986788+00:00,101.5,3,bid,Kelvin Chan,EarnestEspressos,3483723
2026-07-02T04:02:45.101636,2026-07-02T04:02:45.112260+00:00,101.5,3,bid,Kelvin Chan,EarnestEspressos,3483726
2026-07-02T04:02:47.033537,2026-07-02T04:02:47.042425+00:00,101.7,50,bid,FlawlessFlatbreads,DiligentDonuts,3483764
2026-07-02T04:02:47.442163,2026-07-02T04:02:47.453432+00:00,101.7,44,bid,CostlyCorianders,DiligentDonuts,3483771
2026-07-02T04:02:49.141107,2026-07-02T04:02:49.150739+00:00,101.8,50,bid,FlawlessFlatbreads,EarnestEspressos,3483807
2026-07-02T04:02:49.684876,2026-07-02T04:02:49.694427+00:00,101.4,1,ask,Kelvin Chan,CostlyCorianders,3483812
2026-07-02T04:02:49.684876,2026-07-02T04:02:49.694427+00:00,101.4,41,ask,DiligentDonuts,CostlyCorianders,3483813
2026-07-02T04:02:51.246986,2026-07-02T04:02:51.253779+00:00,101.8,50,bid,FlawlessFlatbreads,DiligentDonuts,3483843
2026-07-02T04:02:51.859642,2026-07-02T04:02:51.868610+00:00,101.6,23,ask,EarnestEspressos,Xuanyu Liu,3483856
2026-07-02T04:02:53.367986,2026-07-02T04:02:53.379755+00:00,101.8,50,bid,FlawlessFlatbreads,DiligentDonuts,3483893
2026-07-02T04:02:55.527061,2026-07-02T04:02:55.536448+00:00,101.5,50,ask,DiligentDonuts,FlawlessFlatbreads,3483922
2026-07-02T04:02:57.634890,2026-07-02T04:02:57.646369+00:00,101.4,50,ask,EarnestEspressos,FlawlessFlatbreads,3483974
2026-07-02T04:02:59.253632,2026-07-02T04:02:59.265069+00:00,101.7,3,bid,CostlyCorianders,Kelvin Chan,3483990
2026-07-02T04:02:59.253632,2026-07-02T04:02:59.265069+00:00,101.9,42,bid,CostlyCorianders,EarnestEspressos,3483991
2026-07-02T04:02:59.854273,2026-07-02T04:02:59.858243+00:00,101.4,44,ask,DiligentDonuts,CostlyCorianders,3484003
2026-07-02T04:03:00.851375,2026-07-02T04:03:00.858585+00:00,101.7,49,bid,CostlyCorianders,DiligentDonuts,3484018
2026-07-02T04:03:01.988629,2026-07-02T04:03:01.998139+00:00,101.4,2,ask,Kelvin Chan,CostlyCorianders,3484040
2026-07-02T04:03:01.988629,2026-07-02T04:03:01.998139+00:00,101.3,46,ask,EarnestEspressos,CostlyCorianders,3484041
2026-07-02T04:03:03.954667,2026-07-02T04:03:03.966073+00:00,101.4,50,ask,DiligentDonuts,FlawlessFlatbreads,3484085
2026-07-02T04:03:05.994956,2026-07-02T04:03:06.007924+00:00,101.7,2,bid,CostlyCorianders,Kelvin Chan,3484135
2026-07-02T04:03:05.994956,2026-07-02T04:03:06.007924+00:00,101.7,45,bid,CostlyCorianders,EarnestEspressos,3484136
2026-07-02T04:03:06.064231,2026-07-02T04:03:06.074058+00:00,101.4,50,ask,DiligentDonuts,FlawlessFlatbreads,3484140
2026-07-02T04:03:08.169258,2026-07-02T04:03:08.180847+00:00,101.2,50,ask,EarnestEspressos,FlawlessFlatbreads,3484176
2026-07-02T04:03:08.680674,2026-07-02T04:03:08.692165+00:00,101.2,40,ask,EarnestEspressos,CostlyCorianders,3484190
2026-07-02T04:03:09.059568,2026-07-02T04:03:09.075440+00:00,101.3,11,bid,Xuanyu Liu,EarnestEspressos,3484195
2026-07-02T04:03:10.215704,2026-07-02T04:03:10.224497+00:00,101.3,12,bid,Xuanyu Liu,EarnestEspressos,3484221
2026-07-02T04:03:10.224814,2026-07-02T04:03:10.239695+00:00,101.3,50,bid,FlawlessFlatbreads,EarnestEspressos,3484224
2026-07-02T04:03:12.330785,2026-07-02T04:03:12.342422+00:00,101.4,50,bid,FlawlessFlatbreads,DiligentDonuts,3484265
2026-07-02T04:03:12.608744,2026-07-02T04:03:12.620294+00:00,101.4,45,bid,CostlyCorianders,DiligentDonuts,3484268
2026-07-02T04:03:14.444082,2026-07-02T04:03:14.453872+00:00,101.6,50,bid,FlawlessFlatbreads,EarnestEspressos,3484325
2026-07-02T04:03:16.198494,2026-07-02T04:03:16.210043+00:00,101.2,41,ask,EarnestEspressos,CostlyCorianders,3484352
2026-07-02T04:03:16.882623,2026-07-02T04:03:16.893619+00:00,101.2,12,ask,EarnestEspressos,Xuanyu Liu,3484368
2026-07-02T04:03:17.193112,2026-07-02T04:03:17.204583+00:00,101.6,46,bid,CostlyCorianders,DiligentDonuts,3484375
2026-07-02T04:03:18.256212,2026-07-02T04:03:18.258400+00:00,101.2,45,ask,EarnestEspressos,CostlyCorianders,3484396
2026-07-02T04:03:18.708940,2026-07-02T04:03:18.720260+00:00,101.1,50,ask,DiligentDonuts,FlawlessFlatbreads,3484399
2026-07-02T04:03:18.773411,2026-07-02T04:03:18.784940+00:00,101.1,45,ask,DiligentDonuts,CostlyCorianders,3484400
2026-07-02T04:03:19.730662,2026-07-02T04:03:19.740822+00:00,101.2,47,bid,CostlyCorianders,EarnestEspressos,3484409
2026-07-02T04:03:20.826395,2026-07-02T04:03:20.837791+00:00,101.2,43,bid,CostlyCorianders,EarnestEspressos,3484429
2026-07-02T04:03:22.443401,2026-07-02T04:03:22.463658+00:00,101.0,44,ask,EarnestEspressos,CostlyCorianders,3484448
2026-07-02T04:03:24.940431,2026-07-02T04:03:24.952000+00:00,101.3,49,bid,CostlyCorianders,DiligentDonuts,3484490
2026-07-02T04:03:24.971781,2026-07-02T04:03:24.983501+00:00,101.3,50,bid,FlawlessFlatbreads,DiligentDonuts,3484491
2026-07-02T04:03:26.043761,2026-07-02T04:03:26.064013+00:00,101.0,47,ask,DiligentDonuts,CostlyCorianders,3484513
2026-07-02T04:03:27.078795,2026-07-02T04:03:27.086939+00:00,101.3,50,bid,FlawlessFlatbreads,EarnestEspressos,3484540
2026-07-02T04:03:29.212435,2026-07-02T04:03:29.220558+00:00,101.4,5,bid,FlawlessFlatbreads,Kelvin Chan,3484584
2026-07-02T04:03:29.212435,2026-07-02T04:03:29.220558+00:00,101.4,45,bid,FlawlessFlatbreads,EarnestEspressos,3484585
2026-07-02T04:03:29.882871,2026-07-02T04:03:29.890029+00:00,101.0,11,ask,EarnestEspressos,Xuanyu Liu,3484596
2026-07-02T04:03:30.686846,2026-07-02T04:03:30.698237+00:00,101.3,5,bid,CostlyCorianders,Kelvin Chan,3484615
2026-07-02T04:03:30.686846,2026-07-02T04:03:30.698237+00:00,101.4,37,bid,CostlyCorianders,EarnestEspressos,3484616
2026-07-02T04:03:30.741322,2026-07-02T04:03:30.753039+00:00,101.0,44,ask,EarnestEspressos,CostlyCorianders,3484618
2026-07-02T04:03:31.318611,2026-07-02T04:03:31.329991+00:00,101.3,5,bid,FlawlessFlatbreads,Kelvin Chan,3484627
2026-07-02T04:03:31.318611,2026-07-02T04:03:31.329991+00:00,101.4,45,bid,FlawlessFlatbreads,DiligentDonuts,3484628
2026-07-02T04:03:33.354178,2026-07-02T04:03:33.368863+00:00,101.3,5,bid,CostlyCorianders,Kelvin Chan,3484671
2026-07-02T04:03:33.354178,2026-07-02T04:03:33.368863+00:00,101.3,36,bid,CostlyCorianders,DiligentDonuts,3484672
2026-07-02T04:03:33.449979,2026-07-02T04:03:33.456224+00:00,101.3,50,bid,FlawlessFlatbreads,DiligentDonuts,3484674
2026-07-02T04:03:34.954789,2026-07-02T04:03:34.964321+00:00,101.0,43,ask,EarnestEspressos,CostlyCorianders,3484704
2026-07-02T04:03:35.359507,2026-07-02T04:03:35.367363+00:00,101.2,3,ask,DiligentDonuts,Xuanyu Liu,3484711
2026-07-02T04:03:35.476602,2026-07-02T04:03:35.488354+00:00,101.3,5,bid,CostlyCorianders,Kelvin Chan,3484714
2026-07-02T04:03:35.476602,2026-07-02T04:03:35.488354+00:00,101.5,37,bid,CostlyCorianders,EarnestEspressos,3484715
2026-07-02T04:03:35.556298,2026-07-02T04:03:35.568084+00:00,101.3,5,bid,FlawlessFlatbreads,Kelvin Chan,3484717
2026-07-02T04:03:35.556298,2026-07-02T04:03:35.568084+00:00,101.5,45,bid,FlawlessFlatbreads,EarnestEspressos,3484718
2026-07-02T04:03:36.537690,2026-07-02T04:03:36.545197+00:00,101.2,41,ask,DiligentDonuts,CostlyCorianders,3484745
2026-07-02T04:03:37.673707,2026-07-02T04:03:37.685155+00:00,101.3,5,bid,FlawlessFlatbreads,Kelvin Chan,3484771
2026-07-02T04:03:37.673707,2026-07-02T04:03:37.685155+00:00,101.6,45,bid,FlawlessFlatbreads,EarnestEspressos,3484772
2026-07-02T04:03:38.207610,2026-07-02T04:03:38.219583+00:00,101.4,5,bid,CostlyCorianders,Kelvin Chan,3484783
2026-07-02T04:03:38.207610,2026-07-02T04:03:38.219583+00:00,101.6,40,bid,CostlyCorianders,EarnestEspressos,3484784
2026-07-02T04:03:38.849209,2026-07-02T04:03:38.851634+00:00,101.1,41,ask,EarnestEspressos,CostlyCorianders,3484801
2026-07-02T04:03:39.784226,2026-07-02T04:03:39.795194+00:00,101.5,50,bid,FlawlessFlatbreads,DiligentDonuts,3484823
2026-07-02T04:03:44.024863,2026-07-02T04:03:44.032169+00:00,101.4,4,bid,FlawlessFlatbreads,Kelvin Chan,3484905
2026-07-02T04:03:44.024863,2026-07-02T04:03:44.037167+00:00,101.5,46,bid,FlawlessFlatbreads,DiligentDonuts,3484906
2026-07-02T04:03:46.136781,2026-07-02T04:03:46.148135+00:00,101.4,5,bid,FlawlessFlatbreads,Kelvin Chan,3484955
2026-07-02T04:03:46.136781,2026-07-02T04:03:46.148135+00:00,101.7,45,bid,FlawlessFlatbreads,EarnestEspressos,3484956
2026-07-02T04:03:46.895021,2026-07-02T04:03:46.903594+00:00,101.2,46,ask,DiligentDonuts,CostlyCorianders,3484973
2026-07-02T04:03:46.959633,2026-07-02T04:03:46.967645+00:00,101.3,3,ask,EarnestEspressos,Xuanyu Liu,3484974
2026-07-02T04:03:48.294580,2026-07-02T04:03:48.305951+00:00,101.3,50,ask,EarnestEspressos,FlawlessFlatbreads,3485005
2026-07-02T04:03:49.583556,2026-07-02T04:03:49.596058+00:00,101.3,11,ask,EarnestEspressos,Xuanyu Liu,3485032
2026-07-02T04:03:49.678808,2026-07-02T04:03:49.690186+00:00,101.5,1,bid,CostlyCorianders,Kelvin Chan,3485036
2026-07-02T04:03:49.678808,2026-07-02T04:03:49.690186+00:00,101.6,48,bid,CostlyCorianders,DiligentDonuts,3485037
2026-07-02T04:03:52.158436,2026-07-02T04:03:52.169874+00:00,101.2,2,ask,Kelvin Chan,CostlyCorianders,3485077
2026-07-02T04:03:52.158436,2026-07-02T04:03:52.169874+00:00,101.0,47,ask,EarnestEspressos,CostlyCorianders,3485078
2026-07-02T04:03:52.504143,2026-07-02T04:03:52.515581+00:00,101.0,50,ask,EarnestEspressos,FlawlessFlatbreads,3485080
2026-07-02T04:03:52.793771,2026-07-02T04:03:52.805403+00:00,101.5,47,bid,CostlyCorianders,EarnestEspressos,3485081
2026-07-02T04:03:53.346807,2026-07-02T04:03:53.358569+00:00,101.2,5,ask,Kelvin Chan,EarnestEspressos,3485090
2026-07-02T04:03:54.611476,2026-07-02T04:03:54.624020+00:00,101.1,2,ask,Kelvin Chan,FlawlessFlatbreads,3485107
2026-07-02T04:03:54.611476,2026-07-02T04:03:54.624020+00:00,101.0,48,ask,DiligentDonuts,FlawlessFlatbreads,3485108
2026-07-02T04:03:56.398801,2026-07-02T04:03:56.410258+00:00,101.1,2,ask,Kelvin Chan,CostlyCorianders,3485153
2026-07-02T04:03:56.398801,2026-07-02T04:03:56.410258+00:00,101.0,41,ask,DiligentDonuts,CostlyCorianders,3485154
2026-07-02T04:03:56.718961,2026-07-02T04:03:56.727190+00:00,101.0,11,ask,DiligentDonuts,FlawlessFlatbreads,3485164
2026-07-02T04:03:56.718961,2026-07-02T04:03:56.727190+00:00,100.6,39,ask,EarnestEspressos,FlawlessFlatbreads,3485165
2026-07-02T04:03:57.362695,2026-07-02T04:03:57.379696+00:00,101.1,5,bid,Kelvin Chan,EarnestEspressos,3485174
2026-07-02T04:03:57.537614,2026-07-02T04:03:57.544212+00:00,101.1,46,bid,CostlyCorianders,EarnestEspressos,3485177
2026-07-02T04:03:58.827465,2026-07-02T04:03:58.838819+00:00,101.0,2,ask,Kelvin Chan,FlawlessFlatbreads,3485207
2026-07-02T04:03:59.179031,2026-07-02T04:03:59.187712+00:00,101.1,49,bid,CostlyCorianders,EarnestEspressos,3485212
2026-07-02T04:04:01.723105,2026-07-02T04:04:01.734874+00:00,100.8,40,ask,EarnestEspressos,CostlyCorianders,3485264
2026-07-02T04:04:02.685569,2026-07-02T04:04:02.694051+00:00,101.1,11,bid,Xuanyu Liu,DiligentDonuts,3485286
2026-07-02T04:04:02.777679,2026-07-02T04:04:02.784547+00:00,100.6,42,ask,DiligentDonuts,CostlyCorianders,3485290
2026-07-02T04:04:03.800729,2026-07-02T04:04:03.808401+00:00,101.3,4,bid,CostlyCorianders,Kelvin Chan,3485312
2026-07-02T04:04:03.800729,2026-07-02T04:04:03.813446+00:00,101.4,37,bid,CostlyCorianders,EarnestEspressos,3485313
2026-07-02T04:04:04.957762,2026-07-02T04:04:04.965460+00:00,101.2,42,bid,CostlyCorianders,DiligentDonuts,3485336
2026-07-02T04:04:05.147907,2026-07-02T04:04:05.154314+00:00,100.9,50,ask,EarnestEspressos,FlawlessFlatbreads,3485344
2026-07-02T04:04:05.498828,2026-07-02T04:04:05.505370+00:00,100.9,42,ask,EarnestEspressos,CostlyCorianders,3485349
2026-07-02T04:04:09.314566,2026-07-02T04:04:09.324324+00:00,100.9,2,ask,Kelvin Chan,CostlyCorianders,3485423
2026-07-02T04:04:09.314566,2026-07-02T04:04:09.324324+00:00,100.7,42,ask,DiligentDonuts,CostlyCorianders,3485424
2026-07-02T04:04:09.358455,2026-07-02T04:04:09.369875+00:00,100.7,50,ask,DiligentDonuts,FlawlessFlatbreads,3485425
2026-07-02T04:04:10.207394,2026-07-02T04:04:10.214784+00:00,100.9,5,ask,Kelvin Chan,DiligentDonuts,3485443
2026-07-02T04:04:10.221215,2026-07-02T04:04:10.231116+00:00,100.8,3,bid,Xuanyu Liu,DiligentDonuts,3485444
2026-07-02T04:04:10.261397,2026-07-02T04:04:10.269488+00:00,100.8,5,bid,Kelvin Chan,DiligentDonuts,3485447
2026-07-02T04:04:10.662019,2026-07-02T04:04:10.673570+00:00,100.8,4,bid,Kelvin Chan,DiligentDonuts,3485462
2026-07-02T04:04:10.728038,2026-07-02T04:04:10.736306+00:00,100.8,4,bid,Kelvin Chan,DiligentDonuts,3485463
2026-07-02T04:04:11.294331,2026-07-02T04:04:11.303906+00:00,100.8,3,bid,Kelvin Chan,DiligentDonuts,3485473
2026-07-02T04:04:11.375791,2026-07-02T04:04:11.384361+00:00,100.8,47,bid,CostlyCorianders,DiligentDonuts,3485477
2026-07-02T04:04:11.404958,2026-07-02T04:04:11.414797+00:00,100.8,3,bid,Kelvin Chan,DiligentDonuts,3485479
2026-07-02T04:04:11.464449,2026-07-02T04:04:11.474885+00:00,100.7,50,ask,EarnestEspressos,FlawlessFlatbreads,3485483
2026-07-02T04:04:11.856648,2026-07-02T04:04:11.855086+00:00,100.7,48,ask,EarnestEspressos,CostlyCorianders,3485496
2026-07-02T04:04:13.169838,2026-07-02T04:04:13.177853+00:00,100.6,14,bid,Xuanyu Liu,EarnestEspressos,3485526
2026-07-02T04:04:13.316591,2026-07-02T04:04:13.328065+00:00,100.6,100,bid,DiligentDonuts,EarnestEspressos,3485529
2026-07-02T04:04:13.570552,2026-07-02T04:04:13.582540+00:00,100.1,50,ask,EarnestEspressos,FlawlessFlatbreads,3485531
2026-07-02T04:04:15.677869,2026-07-02T04:04:15.689437+00:00,100.3,50,ask,EarnestEspressos,FlawlessFlatbreads,3485571
2026-07-02T04:04:16.553322,2026-07-02T04:04:16.558591+00:00,100.8,43,bid,CostlyCorianders,EarnestEspressos,3485595
2026-07-02T04:04:17.785653,2026-07-02T04:04:17.797184+00:00,100.3,50,ask,EarnestEspressos,FlawlessFlatbreads,3485616
2026-07-02T04:04:18.133060,2026-07-02T04:04:18.139897+00:00,100.8,43,bid,CostlyCorianders,EarnestEspressos,3485622
2026-07-02T04:04:19.263228,2026-07-02T04:04:19.274842+00:00,100.5,42,ask,EarnestEspressos,CostlyCorianders,3485645
2026-07-02T04:04:19.839495,2026-07-02T04:04:19.847840+00:00,100.8,3,bid,FlawlessFlatbreads,Kelvin Chan,3485658
2026-07-02T04:04:19.839495,2026-07-02T04:04:19.847840+00:00,100.9,47,bid,FlawlessFlatbreads,DiligentDonuts,3485659
2026-07-02T04:04:20.760445,2026-07-02T04:04:20.768921+00:00,100.5,47,ask,EarnestEspressos,CostlyCorianders,3485679
2026-07-02T04:04:21.811729,2026-07-02T04:04:21.818460+00:00,100.4,100,ask,DiligentDonuts,EarnestEspressos,3485705
2026-07-02T04:04:21.946986,2026-07-02T04:04:21.953372+00:00,100.4,50,bid,FlawlessFlatbreads,EarnestEspressos,3485706
2026-07-02T04:04:22.544636,2026-07-02T04:04:22.556173+00:00,100.9,49,bid,CostlyCorianders,DiligentDonuts,3485713
2026-07-02T04:04:24.053344,2026-07-02T04:04:24.063795+00:00,101.0,50,bid,FlawlessFlatbreads,DiligentDonuts,3485749
2026-07-02T04:04:24.920015,2026-07-02T04:04:24.931492+00:00,100.8,2,bid,EarnestEspressos,Kelvin Chan,3485758
2026-07-02T04:04:24.998253,2026-07-02T04:04:25.006201+00:00,100.8,11,ask,EarnestEspressos,Xuanyu Liu,3485759
2026-07-02T04:04:26.143408,2026-07-02T04:04:26.163872+00:00,100.9,1,bid,CostlyCorianders,Kelvin Chan,3485783
2026-07-02T04:04:26.143408,2026-07-02T04:04:26.163872+00:00,101.0,41,bid,CostlyCorianders,DiligentDonuts,3485784
2026-07-02T04:04:26.158388,2026-07-02T04:04:26.169125+00:00,101.0,50,bid,FlawlessFlatbreads,DiligentDonuts,3485785
2026-07-02T04:04:26.309593,2026-07-02T04:04:26.320262+00:00,100.8,3,ask,EarnestEspressos,Xuanyu Liu,3485787
2026-07-02T04:04:28.296515,2026-07-02T04:04:28.305690+00:00,101.0,9,bid,FlawlessFlatbreads,DiligentDonuts,3485845
2026-07-02T04:04:28.296515,2026-07-02T04:04:28.305690+00:00,101.1,41,bid,FlawlessFlatbreads,EarnestEspressos,3485846
2026-07-02T04:04:29.248662,2026-07-02T04:04:29.255011+00:00,100.6,48,ask,EarnestEspressos,CostlyCorianders,3485864
2026-07-02T04:04:30.404979,2026-07-02T04:04:30.413964+00:00,101.1,50,bid,FlawlessFlatbreads,EarnestEspressos,3485901
2026-07-02T04:04:32.508209,2026-07-02T04:04:32.514984+00:00,100.8,44,ask,EarnestEspressos,CostlyCorianders,3485933
2026-07-02T04:04:32.512789,2026-07-02T04:04:32.519971+00:00,100.9,3,bid,FlawlessFlatbreads,Kelvin Chan,3485934
2026-07-02T04:04:32.512789,2026-07-02T04:04:32.525199+00:00,101.2,47,bid,FlawlessFlatbreads,DiligentDonuts,3485935
2026-07-02T04:04:33.616345,2026-07-02T04:04:33.627966+00:00,101.0,4,bid,CostlyCorianders,Kelvin Chan,3485975
2026-07-02T04:04:33.616345,2026-07-02T04:04:33.627966+00:00,101.2,43,bid,CostlyCorianders,DiligentDonuts,3485976
2026-07-02T04:04:34.668187,2026-07-02T04:04:34.675489+00:00,101.0,49,bid,CostlyCorianders,EarnestEspressos,3486002
2026-07-02T04:04:34.671368,2026-07-02T04:04:34.680930+00:00,100.7,50,ask,DiligentDonuts,FlawlessFlatbreads,3486003
2026-07-02T04:04:36.725837,2026-07-02T04:04:36.737403+00:00,101.0,50,bid,FlawlessFlatbreads,EarnestEspressos,3486024
2026-07-02T04:04:37.585834,2026-07-02T04:04:37.593316+00:00,101.0,1,bid,EarnestEspressos,Kelvin Chan,3486047
2026-07-02T04:04:37.661625,2026-07-02T04:04:37.673140+00:00,101.0,41,ask,EarnestEspressos,CostlyCorianders,3486048
2026-07-02T04:04:38.140648,2026-07-02T04:04:38.149335+00:00,101.0,48,ask,EarnestEspressos,CostlyCorianders,3486057
2026-07-02T04:04:38.162546,2026-07-02T04:04:38.171931+00:00,101.0,2,ask,EarnestEspressos,Kelvin Chan,3486058
2026-07-02T04:04:38.188011,2026-07-02T04:04:38.197927+00:00,101.0,2,ask,EarnestEspressos,Kelvin Chan,3486059
2026-07-02T04:04:38.216010,2026-07-02T04:04:38.227551+00:00,101.0,2,ask,EarnestEspressos,Kelvin Chan,3486060
2026-07-02T04:04:38.245410,2026-07-02T04:04:38.250199+00:00,101.0,2,ask,EarnestEspressos,Kelvin Chan,3486063
2026-07-02T04:04:38.456771,2026-07-02T04:04:38.464560+00:00,101.0,2,ask,EarnestEspressos,Kelvin Chan,3486066
2026-07-02T04:04:38.728344,2026-07-02T04:04:38.737390+00:00,101.0,2,ask,EarnestEspressos,Kelvin Chan,3486069
2026-07-02T04:04:38.836229,2026-07-02T04:04:38.846952+00:00,101.1,2,bid,FlawlessFlatbreads,Kelvin Chan,3486071
2026-07-02T04:04:39.235497,2026-07-02T04:04:39.243417+00:00,101.0,3,ask,EarnestEspressos,Xuanyu Liu,3486082
2026-07-02T04:04:39.744426,2026-07-02T04:04:39.758596+00:00,101.1,2,bid,CostlyCorianders,Kelvin Chan,3486091
2026-07-02T04:04:39.744426,2026-07-02T04:04:39.758596+00:00,101.3,45,bid,CostlyCorianders,DiligentDonuts,3486092
2026-07-02T04:04:40.993714,2026-07-02T04:04:41.004143+00:00,100.8,50,ask,DiligentDonuts,FlawlessFlatbreads,3486128
2026-07-02T04:04:41.932663,2026-07-02T04:04:41.944452+00:00,100.7,3,ask,Kelvin Chan,CostlyCorianders,3486154
2026-07-02T04:04:41.932663,2026-07-02T04:04:41.944452+00:00,100.6,40,ask,DiligentDonuts,CostlyCorianders,3486155
2026-07-02T04:04:43.102863,2026-07-02T04:04:43.114705+00:00,100.6,50,ask,DiligentDonuts,FlawlessFlatbreads,3486176
2026-07-02T04:04:47.313837,2026-07-02T04:04:47.325319+00:00,100.5,50,ask,DiligentDonuts,FlawlessFlatbreads,3486264
2026-07-02T04:04:48.607870,2026-07-02T04:04:48.617796+00:00,100.5,3,bid,Xuanyu Liu,DiligentDonuts,3486304
2026-07-02T04:04:49.369069,2026-07-02T04:04:49.380548+00:00,100.5,50,bid,FlawlessFlatbreads,DiligentDonuts,3486323
2026-07-02T04:04:51.527370,2026-07-02T04:04:51.539143+00:00,100.2,50,ask,DiligentDonuts,FlawlessFlatbreads,3486367
2026-07-02T04:04:52.358748,2026-07-02T04:04:52.369273+00:00,100.6,45,bid,CostlyCorianders,EarnestEspressos,3486387
2026-07-02T04:04:53.635874,2026-07-02T04:04:53.647657+00:00,100.5,50,ask,EarnestEspressos,FlawlessFlatbreads,3486411
2026-07-02T04:04:55.692791,2026-07-02T04:04:55.704225+00:00,100.8,50,bid,FlawlessFlatbreads,DiligentDonuts,3486462
2026-07-02T04:04:57.587437,2026-07-02T04:04:57.596030+00:00,100.8,100,bid,DiligentDonuts,EarnestEspressos,3486505
2026-07-02T04:04:57.798651,2026-07-02T04:04:57.808702+00:00,100.8,50,bid,FlawlessFlatbreads,EarnestEspressos,3486513
2026-07-02T04:04:59.696707,2026-07-02T04:04:59.704986+00:00,100.5,7,ask,Kelvin Chan,CostlyCorianders,3486546
2026-07-02T04:04:59.711365,2026-07-02T04:04:59.722901+00:00,100.8,1,bid,EarnestEspressos,Kelvin Chan,3486547
2026-07-02T04:04:59.724110,2026-07-02T04:04:59.732580+00:00,101.0,3,ask,EarnestEspressos,Xuanyu Liu,3486548
2026-07-02T04:04:59.904972,2026-07-02T04:04:59.916740+00:00,101.3,50,bid,FlawlessFlatbreads,DiligentDonuts,3486556
2026-07-02T04:05:00.800886,2026-07-02T04:05:00.804940+00:00,101.0,100,ask,EarnestEspressos,DiligentDonuts,3486569
2026-07-02T04:05:02.013593,2026-07-02T04:05:02.025171+00:00,101.5,50,bid,FlawlessFlatbreads,EarnestEspressos,3486600
2026-07-02T04:05:03.172346,2026-07-02T04:05:03.181346+00:00,100.8,42,ask,EarnestEspressos,CostlyCorianders,3486622
2026-07-02T04:05:04.171513,2026-07-02T04:05:04.183216+00:00,100.8,50,ask,EarnestEspressos,FlawlessFlatbreads,3486643
2026-07-02T04:05:04.189912,2026-07-02T04:05:04.201571+00:00,101.1,48,bid,CostlyCorianders,DiligentDonuts,3486644
2026-07-02T04:05:04.619075,2026-07-02T04:05:04.627151+00:00,100.9,1,bid,Xuanyu Liu,Kelvin Chan,3486659
2026-07-02T04:05:04.765636,2026-07-02T04:05:04.777088+00:00,100.8,42,ask,EarnestEspressos,CostlyCorianders,3486664
2026-07-02T04:05:05.043834,2026-07-02T04:05:05.051690+00:00,100.9,1,bid,Xuanyu Liu,Kelvin Chan,3486670
2026-07-02T04:05:05.242077,2026-07-02T04:05:05.253716+00:00,100.9,1,bid,Xuanyu Liu,Kelvin Chan,3486673
2026-07-02T04:05:06.226580,2026-07-02T04:05:06.238171+00:00,100.9,1,bid,FlawlessFlatbreads,Kelvin Chan,3486693
2026-07-02T04:05:06.226580,2026-07-02T04:05:06.238171+00:00,100.9,49,bid,FlawlessFlatbreads,EarnestEspressos,3486694
2026-07-02T04:05:07.084349,2026-07-02T04:05:07.095368+00:00,100.9,100,bid,DiligentDonuts,EarnestEspressos,3486706
2026-07-02T04:05:08.388879,2026-07-02T04:05:08.400700+00:00,100.5,4,ask,Kelvin Chan,FlawlessFlatbreads,3486728
2026-07-02T04:05:08.388879,2026-07-02T04:05:08.400700+00:00,100.4,46,ask,EarnestEspressos,FlawlessFlatbreads,3486729
2026-07-02T04:05:09.209412,2026-07-02T04:05:09.218500+00:00,100.9,1,bid,EarnestEspressos,Kelvin Chan,3486746
2026-07-02T04:05:09.370111,2026-07-02T04:05:09.378966+00:00,101.4,47,bid,CostlyCorianders,EarnestEspressos,3486748
2026-07-02T04:05:10.496648,2026-07-02T04:05:10.508363+00:00,100.9,50,ask,EarnestEspressos,FlawlessFlatbreads,3486769
2026-07-02T04:05:12.603208,2026-07-02T04:05:12.614647+00:00,100.8,50,ask,EarnestEspressos,FlawlessFlatbreads,3486803
2026-07-02T04:05:12.861853,2026-07-02T04:05:12.873272+00:00,100.8,45,ask,EarnestEspressos,CostlyCorianders,3486806
2026-07-02T04:05:14.513525,2026-07-02T04:05:14.522047+00:00,100.8,47,ask,EarnestEspressos,CostlyCorianders,3486831
2026-07-02T04:05:14.710554,2026-07-02T04:05:14.722045+00:00,100.8,8,ask,EarnestEspressos,FlawlessFlatbreads,3486832
2026-07-02T04:05:14.710554,2026-07-02T04:05:14.722045+00:00,100.7,3,ask,Kelvin Chan,FlawlessFlatbreads,3486833
2026-07-02T04:05:14.710554,2026-07-02T04:05:14.722045+00:00,100.7,39,ask,DiligentDonuts,FlawlessFlatbreads,3486834
2026-07-02T04:05:15.594323,2026-07-02T04:05:15.602350+00:00,100.8,3,bid,Xuanyu Liu,EarnestEspressos,3486862
2026-07-02T04:05:16.802758,2026-07-02T04:05:16.814431+00:00,100.8,43,bid,CostlyCorianders,EarnestEspressos,3486887
2026-07-02T04:05:16.816829,2026-07-02T04:05:16.828583+00:00,100.5,50,ask,DiligentDonuts,FlawlessFlatbreads,3486888
2026-07-02T04:05:17.887045,2026-07-02T04:05:17.898972+00:00,100.8,42,bid,CostlyCorianders,EarnestEspressos,3486911
2026-07-02T04:05:18.923801,2026-07-02T04:05:18.934310+00:00,100.5,50,ask,DiligentDonuts,FlawlessFlatbreads,3486936
2026-07-02T04:05:18.931622,2026-07-02T04:05:18.939452+00:00,100.8,41,bid,CostlyCorianders,EarnestEspressos,3486937
2026-07-02T04:05:19.581374,2026-07-02T04:05:19.592871+00:00,100.8,43,bid,CostlyCorianders,EarnestEspressos,3486961
2026-07-02T04:05:20.667247,2026-07-02T04:05:20.678732+00:00,100.6,2,ask,Kelvin Chan,CostlyCorianders,3486971
2026-07-02T04:05:20.667247,2026-07-02T04:05:20.678732+00:00,100.4,44,ask,DiligentDonuts,CostlyCorianders,3486972
2026-07-02T04:05:20.979164,2026-07-02T04:05:20.990117+00:00,100.8,50,bid,FlawlessFlatbreads,EarnestEspressos,3486984
2026-07-02T04:05:21.147966,2026-07-02T04:05:21.158611+00:00,100.6,4,ask,Kelvin Chan,CostlyCorianders,3486987
2026-07-02T04:05:21.147966,2026-07-02T04:05:21.158611+00:00,100.4,43,ask,DiligentDonuts,CostlyCorianders,3486988
2026-07-02T04:05:21.746000,2026-07-02T04:05:21.758615+00:00,100.8,16,bid,CostlyCorianders,EarnestEspressos,3487001
2026-07-02T04:05:21.746000,2026-07-02T04:05:21.758615+00:00,100.9,32,bid,CostlyCorianders,DiligentDonuts,3487002
2026-07-02T04:05:21.846749,2026-07-02T04:05:21.858293+00:00,100.9,68,bid,EarnestEspressos,DiligentDonuts,3487005
2026-07-02T04:05:21.846749,2026-07-02T04:05:21.858293+00:00,101.0,1,bid,EarnestEspressos,Kelvin Chan,3487006
2026-07-02T04:05:21.912164,2026-07-02T04:05:21.920937+00:00,101.2,3,ask,EarnestEspressos,Xuanyu Liu,3487007
2026-07-02T04:05:22.228911,2026-07-02T04:05:22.237365+00:00,101.2,3,ask,EarnestEspressos,Xuanyu Liu,3487015
2026-07-02T04:05:22.952619,2026-07-02T04:05:22.964155+00:00,101.2,75,ask,EarnestEspressos,DiligentDonuts,3487026
2026-07-02T04:05:22.965466,2026-07-02T04:05:22.973671+00:00,101.0,3,bid,Xuanyu Liu,DiligentDonuts,3487027
2026-07-02T04:05:23.022274,2026-07-02T04:05:23.030852+00:00,100.9,1,bid,Xuanyu Liu,Kelvin Chan,3487031
2026-07-02T04:05:23.083808,2026-07-02T04:05:23.090785+00:00,101.0,22,bid,FlawlessFlatbreads,DiligentDonuts,3487034
2026-07-02T04:05:23.083808,2026-07-02T04:05:23.096250+00:00,101.7,28,bid,FlawlessFlatbreads,EarnestEspressos,3487035
2026-07-02T04:05:23.130777,2026-07-02T04:05:23.139218+00:00,100.9,1,bid,Xuanyu Liu,Kelvin Chan,3487038
2026-07-02T04:05:23.182154,2026-07-02T04:05:23.189873+00:00,100.9,1,bid,Xuanyu Liu,Kelvin Chan,3487041
2026-07-02T04:05:24.406131,2026-07-02T04:05:24.413791+00:00,100.9,1,bid,CostlyCorianders,Kelvin Chan,3487062
2026-07-02T04:05:25.010641,2026-07-02T04:05:25.022091+00:00,100.9,1,bid,EarnestEspressos,Kelvin Chan,3487072
2026-07-02T04:05:25.196951,2026-07-02T04:05:25.211265+00:00,101.0,1,bid,FlawlessFlatbreads,Kelvin Chan,3487073
2026-07-02T04:05:25.196951,2026-07-02T04:05:25.211265+00:00,101.4,49,bid,FlawlessFlatbreads,EarnestEspressos,3487074
2026-07-02T04:05:25.660673,2026-07-02T04:05:25.668794+00:00,100.9,48,ask,EarnestEspressos,CostlyCorianders,3487087
2026-07-02T04:05:27.306527,2026-07-02T04:05:27.317945+00:00,101.3,50,bid,FlawlessFlatbreads,DiligentDonuts,3487122
2026-07-02T04:05:27.724365,2026-07-02T04:05:27.735888+00:00,100.9,42,ask,EarnestEspressos,CostlyCorianders,3487128
2026-07-02T04:05:29.432880,2026-07-02T04:05:29.439561+00:00,101.2,50,bid,FlawlessFlatbreads,EarnestEspressos,3487153
2026-07-02T04:05:30.044030,2026-07-02T04:05:30.051927+00:00,101.0,3,ask,DiligentDonuts,Xuanyu Liu,3487170
2026-07-02T04:05:30.784209,2026-07-02T04:05:30.791167+00:00,101.0,42,ask,DiligentDonuts,CostlyCorianders,3487186
2026-07-02T04:05:31.538005,2026-07-02T04:05:31.549995+00:00,101.1,50,bid,FlawlessFlatbreads,EarnestEspressos,3487200
2026-07-02T04:05:33.645695,2026-07-02T04:05:33.656768+00:00,101.1,50,bid,FlawlessFlatbreads,EarnestEspressos,3487241
2026-07-02T04:05:34.225888,2026-07-02T04:05:34.237346+00:00,101.1,40,bid,CostlyCorianders,EarnestEspressos,3487253
2026-07-02T04:05:34.506032,2026-07-02T04:05:34.512922+00:00,101.1,2,bid,EarnestEspressos,Kelvin Chan,3487260
2026-07-02T04:05:34.506032,2026-07-02T04:05:34.518160+00:00,101.1,100,bid,EarnestEspressos,DiligentDonuts,3487261
2026-07-02T04:05:34.558975,2026-07-02T04:05:34.569205+00:00,101.3,2,ask,EarnestEspressos,Kelvin Chan,3487262
2026-07-02T04:05:34.570540,2026-07-02T04:05:34.577725+00:00,101.3,14,ask,EarnestEspressos,Xuanyu Liu,3487263
2026-07-02T04:05:34.590523,2026-07-02T04:05:34.598047+00:00,101.3,2,ask,EarnestEspressos,Kelvin Chan,3487265
2026-07-02T04:05:34.627349,2026-07-02T04:05:34.638705+00:00,101.3,2,ask,EarnestEspressos,Kelvin Chan,3487266
2026-07-02T04:05:34.777761,2026-07-02T04:05:34.789521+00:00,101.3,2,ask,EarnestEspressos,Kelvin Chan,3487268
2026-07-02T04:05:34.801394,2026-07-02T04:05:34.812989+00:00,101.3,2,ask,EarnestEspressos,Kelvin Chan,3487269
2026-07-02T04:05:34.830919,2026-07-02T04:05:34.842550+00:00,101.3,2,ask,EarnestEspressos,Kelvin Chan,3487270
2026-07-02T04:05:35.609780,2026-07-02T04:05:35.618918+00:00,101.3,2,ask,EarnestEspressos,Kelvin Chan,3487288
2026-07-02T04:05:35.752654,2026-07-02T04:05:35.760214+00:00,101.4,50,bid,FlawlessFlatbreads,DiligentDonuts,3487291
2026-07-02T04:05:36.491164,2026-07-02T04:05:36.499663+00:00,101.3,20,ask,EarnestEspressos,CostlyCorianders,3487317
2026-07-02T04:05:39.119226,2026-07-02T04:05:39.128473+00:00,101.3,3,ask,DiligentDonuts,Kelvin Chan,3487367
2026-07-02T04:05:40.022430,2026-07-02T04:05:40.031874+00:00,101.3,50,ask,DiligentDonuts,FlawlessFlatbreads,3487389
2026-07-02T04:05:43.456650,2026-07-02T04:05:43.468155+00:00,101.4,41,bid,CostlyCorianders,EarnestEspressos,3487462
2026-07-02T04:05:43.713649,2026-07-02T04:05:43.724043+00:00,101.4,11,bid,Xuanyu Liu,EarnestEspressos,3487467
2026-07-02T04:05:44.249554,2026-07-02T04:05:44.261331+00:00,101.2,50,ask,EarnestEspressos,FlawlessFlatbreads,3487478
2026-07-02T04:05:44.608404,2026-07-02T04:05:44.619446+00:00,101.6,44,bid,CostlyCorianders,DiligentDonuts,3487486
2026-07-02T04:05:45.114798,2026-07-02T04:05:45.123847+00:00,101.4,5,ask,DiligentDonuts,Kelvin Chan,3487492
2026-07-02T04:05:45.225619,2026-07-02T04:05:45.234190+00:00,101.4,42,ask,DiligentDonuts,CostlyCorianders,3487495
2026-07-02T04:05:45.505714,2026-07-02T04:05:45.514696+00:00,101.4,5,ask,DiligentDonuts,Kelvin Chan,3487501
2026-07-02T04:05:45.786602,2026-07-02T04:05:45.796336+00:00,101.4,5,ask,DiligentDonuts,Kelvin Chan,3487503
2026-07-02T04:05:46.356465,2026-07-02T04:05:46.356985+00:00,101.4,43,ask,DiligentDonuts,FlawlessFlatbreads,3487527
2026-07-02T04:05:46.356465,2026-07-02T04:05:46.369105+00:00,101.2,7,ask,EarnestEspressos,FlawlessFlatbreads,3487528
2026-07-02T04:05:48.463594,2026-07-02T04:05:48.475238+00:00,101.1,50,ask,EarnestEspressos,FlawlessFlatbreads,3487575
2026-07-02T04:05:49.353547,2026-07-02T04:05:49.358592+00:00,101.1,41,ask,EarnestEspressos,CostlyCorianders,3487589
2026-07-02T04:05:50.381358,2026-07-02T04:05:50.389290+00:00,101.1,5,ask,Kelvin Chan,EarnestEspressos,3487612
2026-07-02T04:05:50.395538,2026-07-02T04:05:50.403441+00:00,101.0,3,bid,Xuanyu Liu,EarnestEspressos,3487613
2026-07-02T04:05:50.569952,2026-07-02T04:05:50.581245+00:00,100.9,50,ask,DiligentDonuts,FlawlessFlatbreads,3487619
2026-07-02T04:05:51.849397,2026-07-02T04:05:51.858564+00:00,101.0,4,bid,Kelvin Chan,EarnestEspressos,3487637
2026-07-02T04:05:52.625230,2026-07-02T04:05:52.633385+00:00,101.0,50,bid,FlawlessFlatbreads,EarnestEspressos,3487663
2026-07-02T04:05:54.575893,2026-07-02T04:05:54.587280+00:00,101.2,46,bid,CostlyCorianders,EarnestEspressos,3487698
2026-07-02T04:05:54.735180,2026-07-02T04:05:54.746579+00:00,101.2,50,bid,FlawlessFlatbreads,EarnestEspressos,3487702
2026-07-02T04:05:56.839620,2026-07-02T04:05:56.848498+00:00,101.3,4,bid,FlawlessFlatbreads,Kelvin Chan,3487731
2026-07-02T04:05:56.839620,2026-07-02T04:05:56.848498+00:00,101.3,46,bid,FlawlessFlatbreads,DiligentDonuts,3487732
2026-07-02T04:05:58.110962,2026-07-02T04:05:58.119251+00:00,101.1,3,ask,EarnestEspressos,Xuanyu Liu,3487753
2026-07-02T04:05:58.517620,2026-07-02T04:05:58.526877+00:00,101.1,41,ask,EarnestEspressos,CostlyCorianders,3487758
2026-07-02T04:05:58.997283,2026-07-02T04:05:59.003659+00:00,101.1,50,ask,EarnestEspressos,FlawlessFlatbreads,3487778
2026-07-02T04:05:59.891177,2026-07-02T04:05:59.898245+00:00,101.0,1,ask,Kelvin Chan,EarnestEspressos,3487793
2026-07-02T04:05:59.891177,2026-07-02T04:05:59.903552+00:00,100.9,100,ask,DiligentDonuts,EarnestEspressos,3487794
2026-07-02T04:05:59.904796,2026-07-02T04:05:59.912657+00:00,100.8,3,bid,Xuanyu Liu,EarnestEspressos,3487795
2026-07-02T04:05:59.969757,2026-07-02T04:05:59.978015+00:00,100.8,2,bid,Kelvin Chan,EarnestEspressos,3487799
2026-07-02T04:06:00.079227,2026-07-02T04:06:00.086285+00:00,100.8,2,bid,Kelvin Chan,EarnestEspressos,3487804
2026-07-02T04:06:01.104475,2026-07-02T04:06:01.116116+00:00,100.5,50,ask,DiligentDonuts,FlawlessFlatbreads,3487824
2026-07-02T04:06:04.440633,2026-07-02T04:06:04.449678+00:00,100.8,2,bid,Kelvin Chan,DiligentDonuts,3487876
2026-07-02T04:06:05.216926,2026-07-02T04:06:05.225185+00:00,100.8,3,bid,Xuanyu Liu,DiligentDonuts,3487892
2026-07-02T04:06:05.239449,2026-07-02T04:06:05.245866+00:00,100.8,2,bid,Kelvin Chan,DiligentDonuts,3487896
2026-07-02T04:06:05.264538,2026-07-02T04:06:05.276205+00:00,100.8,50,bid,FlawlessFlatbreads,DiligentDonuts,3487897
2026-07-02T04:06:05.314422,2026-07-02T04:06:05.324417+00:00,100.8,1,bid,Kelvin Chan,DiligentDonuts,3487899
2026-07-02T04:06:05.957505,2026-07-02T04:06:05.969112+00:00,100.8,2,bid,Kelvin Chan,DiligentDonuts,3487910
2026-07-02T04:06:05.970471,2026-07-02T04:06:05.978273+00:00,100.8,11,bid,Xuanyu Liu,DiligentDonuts,3487913
2026-07-02T04:06:06.164582,2026-07-02T04:06:06.176156+00:00,100.8,29,bid,EarnestEspressos,DiligentDonuts,3487916
2026-07-02T04:06:06.177476,2026-07-02T04:06:06.188716+00:00,101.0,11,ask,EarnestEspressos,Xuanyu Liu,3487917
2026-07-02T04:06:07.279430,2026-07-02T04:06:07.287935+00:00,101.0,3,ask,EarnestEspressos,Xuanyu Liu,3487931
2026-07-02T04:06:07.370570,2026-07-02T04:06:07.382128+00:00,101.1,3,bid,FlawlessFlatbreads,Kelvin Chan,3487935
2026-07-02T04:06:07.370570,2026-07-02T04:06:07.382128+00:00,101.4,47,bid,FlawlessFlatbreads,DiligentDonuts,3487936
2026-07-02T04:06:09.478653,2026-07-02T04:06:09.490104+00:00,101.2,50,bid,FlawlessFlatbreads,EarnestEspressos,3487980
2026-07-02T04:06:10.341510,2026-07-02T04:06:10.353127+00:00,101.2,100,bid,DiligentDonuts,EarnestEspressos,3488005
2026-07-02T04:06:11.635957,2026-07-02T04:06:11.647505+00:00,100.8,2,ask,Kelvin Chan,FlawlessFlatbreads,3488030
2026-07-02T04:06:11.635957,2026-07-02T04:06:11.647505+00:00,100.7,48,ask,EarnestEspressos,FlawlessFlatbreads,3488031
2026-07-02T04:06:12.595651,2026-07-02T04:06:12.605791+00:00,101.2,1,ask,EarnestEspressos,Kelvin Chan,3488048
2026-07-02T04:06:12.722447,2026-07-02T04:06:12.730991+00:00,101.2,1,ask,EarnestEspressos,Kelvin Chan,3488051
2026-07-02T04:06:13.626642,2026-07-02T04:06:13.638044+00:00,101.2,1,ask,EarnestEspressos,Kelvin Chan,3488066
2026-07-02T04:06:13.745629,2026-07-02T04:06:13.758559+00:00,101.2,50,ask,EarnestEspressos,FlawlessFlatbreads,3488069
2026-07-02T04:06:15.852094,2026-07-02T04:06:15.858558+00:00,101.2,50,ask,EarnestEspressos,FlawlessFlatbreads,3488118
2026-07-02T04:06:16.540094,2026-07-02T04:06:16.547191+00:00,101.2,1,ask,EarnestEspressos,Kelvin Chan,3488130
2026-07-02T04:06:17.908916,2026-07-02T04:06:17.920791+00:00,101.3,1,bid,FlawlessFlatbreads,Kelvin Chan,3488169
2026-07-02T04:06:17.908916,2026-07-02T04:06:17.920791+00:00,101.3,49,bid,FlawlessFlatbreads,DiligentDonuts,3488170
2026-07-02T04:06:20.018163,2026-07-02T04:06:20.026632+00:00,101.5,50,bid,FlawlessFlatbreads,EarnestEspressos,3488216
2026-07-02T04:06:21.977355,2026-07-02T04:06:21.984561+00:00,101.5,43,bid,CostlyCorianders,DiligentDonuts,3488251
2026-07-02T04:06:22.131254,2026-07-02T04:06:22.143176+00:00,101.5,50,bid,FlawlessFlatbreads,DiligentDonuts,3488263
2026-07-02T04:06:22.993736,2026-07-02T04:06:23.005489+00:00,101.3,2,bid,DiligentDonuts,Kelvin Chan,3488278
2026-07-02T04:06:23.053488,2026-07-02T04:06:23.063602+00:00,101.3,1,ask,DiligentDonuts,Kelvin Chan,3488280
2026-07-02T04:06:23.156672,2026-07-02T04:06:23.165699+00:00,101.3,2,ask,DiligentDonuts,Kelvin Chan,3488281
2026-07-02T04:06:23.505308,2026-07-02T04:06:23.517083+00:00,101.3,1,ask,DiligentDonuts,Kelvin Chan,3488291
2026-07-02T04:06:24.239523,2026-07-02T04:06:24.251356+00:00,101.4,1,bid,FlawlessFlatbreads,Kelvin Chan,3488301
2026-07-02T04:06:24.239523,2026-07-02T04:06:24.251356+00:00,101.7,49,bid,FlawlessFlatbreads,EarnestEspressos,3488302
2026-07-02T04:06:25.129590,2026-07-02T04:06:25.138502+00:00,101.4,1,bid,EarnestEspressos,Kelvin Chan,3488337
2026-07-02T04:06:26.347118,2026-07-02T04:06:26.358548+00:00,101.8,50,bid,FlawlessFlatbreads,DiligentDonuts,3488356
2026-07-02T04:06:26.561216,2026-07-02T04:06:26.569026+00:00,101.5,43,ask,EarnestEspressos,CostlyCorianders,3488358
2026-07-02T04:06:27.647460,2026-07-02T04:06:27.659090+00:00,101.5,4,ask,EarnestEspressos,Kelvin Chan,3488379
2026-07-02T04:06:27.743192,2026-07-02T04:06:27.751442+00:00,101.5,4,ask,EarnestEspressos,Kelvin Chan,3488382
2026-07-02T04:06:28.453419,2026-07-02T04:06:28.461486+00:00,101.8,50,bid,FlawlessFlatbreads,DiligentDonuts,3488392
2026-07-02T04:06:29.329380,2026-07-02T04:06:29.337895+00:00,101.8,3,ask,DiligentDonuts,Xuanyu Liu,3488417
2026-07-02T04:06:30.428273,2026-07-02T04:06:30.440041+00:00,101.9,49,bid,CostlyCorianders,EarnestEspressos,3488435
2026-07-02T04:06:30.631590,2026-07-02T04:06:30.645169+00:00,101.8,50,ask,DiligentDonuts,FlawlessFlatbreads,3488441
2026-07-02T04:06:31.384272,2026-07-02T04:06:31.393041+00:00,101.9,43,bid,CostlyCorianders,EarnestEspressos,3488452
2026-07-02T04:06:32.752287,2026-07-02T04:06:32.764052+00:00,101.9,50,ask,EarnestEspressos,FlawlessFlatbreads,3488483
2026-07-02T04:06:33.999256,2026-07-02T04:06:34.010971+00:00,101.9,43,ask,EarnestEspressos,CostlyCorianders,3488501
2026-07-02T04:06:34.872517,2026-07-02T04:06:34.884197+00:00,101.7,50,ask,DiligentDonuts,FlawlessFlatbreads,3488512
2026-07-02T04:06:36.978755,2026-07-02T04:06:36.990527+00:00,101.6,50,ask,EarnestEspressos,FlawlessFlatbreads,3488558
2026-07-02T04:06:39.102943,2026-07-02T04:06:39.117782+00:00,101.6,50,ask,DiligentDonuts,FlawlessFlatbreads,3488588
2026-07-02T04:06:39.103180,2026-07-02T04:06:39.117782+00:00,101.8,3,bid,Xuanyu Liu,Kelvin Chan,3488589
2026-07-02T04:06:39.322965,2026-07-02T04:06:39.334828+00:00,101.8,43,bid,CostlyCorianders,EarnestEspressos,3488595
2026-07-02T04:06:39.905488,2026-07-02T04:06:39.917062+00:00,101.6,41,ask,DiligentDonuts,CostlyCorianders,3488613
2026-07-02T04:06:41.092949,2026-07-02T04:06:41.102584+00:00,101.8,47,bid,CostlyCorianders,EarnestEspressos,3488644
2026-07-02T04:06:41.158046,2026-07-02T04:06:41.169722+00:00,101.8,50,bid,FlawlessFlatbreads,EarnestEspressos,3488646
2026-07-02T04:06:41.601573,2026-07-02T04:06:41.613597+00:00,101.6,9,ask,DiligentDonuts,CostlyCorianders,3488650
2026-07-02T04:06:41.601573,2026-07-02T04:06:41.613597+00:00,101.5,2,ask,Kelvin Chan,CostlyCorianders,3488651
2026-07-02T04:06:41.601573,2026-07-02T04:06:41.613597+00:00,101.3,33,ask,EarnestEspressos,CostlyCorianders,3488652
2026-07-02T04:06:43.263407,2026-07-02T04:06:43.274960+00:00,101.6,50,bid,FlawlessFlatbreads,DiligentDonuts,3488695
2026-07-02T04:06:44.120507,2026-07-02T04:06:44.127297+00:00,101.6,50,bid,EarnestEspressos,DiligentDonuts,3488722
2026-07-02T04:06:44.202559,2026-07-02T04:06:44.214063+00:00,102.3,46,bid,CostlyCorianders,EarnestEspressos,3488724
2026-07-02T04:06:44.256349,2026-07-02T04:06:44.268121+00:00,101.8,44,ask,EarnestEspressos,CostlyCorianders,3488725
2026-07-02T04:06:45.425395,2026-07-02T04:06:45.435334+00:00,101.8,50,ask,EarnestEspressos,FlawlessFlatbreads,3488755
2026-07-02T04:06:45.513451,2026-07-02T04:06:45.520701+00:00,101.8,6,ask,EarnestEspressos,Kelvin Chan,3488757
2026-07-02T04:06:46.647921,2026-07-02T04:06:46.657280+00:00,101.6,3,ask,DiligentDonuts,Xuanyu Liu,3488789
2026-07-02T04:06:47.334299,2026-07-02T04:06:47.346196+00:00,101.6,97,ask,DiligentDonuts,EarnestEspressos,3488803
2026-07-02T04:06:47.334299,2026-07-02T04:06:47.346196+00:00,101.6,5,ask,Kelvin Chan,EarnestEspressos,3488804
2026-07-02T04:06:47.537729,2026-07-02T04:06:47.547052+00:00,101.0,50,ask,EarnestEspressos,FlawlessFlatbreads,3488809
2026-07-02T04:06:47.959651,2026-07-02T04:06:47.967716+00:00,101.5,3,bid,Xuanyu Liu,EarnestEspressos,3488818
2026-07-02T04:06:47.974457,2026-07-02T04:06:47.982987+00:00,101.5,5,bid,Kelvin Chan,EarnestEspressos,3488822
2026-07-02T04:06:48.147907,2026-07-02T04:06:48.158551+00:00,101.5,5,bid,Kelvin Chan,EarnestEspressos,3488825
2026-07-02T04:06:48.150813,2026-07-02T04:06:48.158551+00:00,101.5,35,bid,CostlyCorianders,EarnestEspressos,3488826
2026-07-02T04:06:48.150813,2026-07-02T04:06:48.158551+00:00,102.1,10,bid,CostlyCorianders,DiligentDonuts,3488827
2026-07-02T04:06:49.644234,2026-07-02T04:06:49.652971+00:00,101.5,5,ask,Kelvin Chan,FlawlessFlatbreads,3488865
2026-07-02T04:06:49.644234,2026-07-02T04:06:49.652971+00:00,101.1,45,ask,DiligentDonuts,FlawlessFlatbreads,3488866
2026-07-02T04:06:49.831728,2026-07-02T04:06:49.843169+00:00,101.6,44,bid,CostlyCorianders,DiligentDonuts,3488867
2026-07-02T04:06:51.772611,2026-07-02T04:06:51.784127+00:00,101.4,50,ask,EarnestEspressos,FlawlessFlatbreads,3488890
2026-07-02T04:06:53.827806,2026-07-02T04:06:53.840524+00:00,101.6,50,bid,FlawlessFlatbreads,DiligentDonuts,3488929
2026-07-02T04:06:55.938952,2026-07-02T04:06:55.949032+00:00,101.7,6,bid,FlawlessFlatbreads,Kelvin Chan,3488973
2026-07-02T04:06:55.938952,2026-07-02T04:06:55.949032+00:00,101.7,44,bid,FlawlessFlatbreads,DiligentDonuts,3488974
2026-07-02T04:06:58.055862,2026-07-02T04:06:58.067470+00:00,101.7,6,bid,FlawlessFlatbreads,Kelvin Chan,3489005
2026-07-02T04:06:58.055862,2026-07-02T04:06:58.067470+00:00,102.0,44,bid,FlawlessFlatbreads,EarnestEspressos,3489006
2026-07-02T04:07:00.164988,2026-07-02T04:07:00.176681+00:00,101.8,5,bid,FlawlessFlatbreads,Kelvin Chan,3489044
2026-07-02T04:07:00.164988,2026-07-02T04:07:00.176681+00:00,102.0,45,bid,FlawlessFlatbreads,DiligentDonuts,3489045
2026-07-02T04:07:02.163862,2026-07-02T04:07:02.175614+00:00,101.6,40,ask,EarnestEspressos,CostlyCorianders,3489078
2026-07-02T04:07:02.293124,2026-07-02T04:07:02.304820+00:00,101.8,5,bid,FlawlessFlatbreads,Kelvin Chan,3489088
2026-07-02T04:07:02.293124,2026-07-02T04:07:02.304820+00:00,102.0,45,bid,FlawlessFlatbreads,DiligentDonuts,3489089
2026-07-02T04:07:03.334429,2026-07-02T04:07:03.342581+00:00,101.5,47,ask,DiligentDonuts,CostlyCorianders,3489102
2026-07-02T04:07:04.314695,2026-07-02T04:07:04.326212+00:00,101.8,3,bid,CostlyCorianders,Kelvin Chan,3489118
2026-07-02T04:07:04.314695,2026-07-02T04:07:04.326212+00:00,101.9,45,bid,CostlyCorianders,EarnestEspressos,3489119
2026-07-02T04:07:04.400193,2026-07-02T04:07:04.411946+00:00,101.8,3,bid,FlawlessFlatbreads,Kelvin Chan,3489120
2026-07-02T04:07:04.400193,2026-07-02T04:07:04.411946+00:00,101.9,47,bid,FlawlessFlatbreads,EarnestEspressos,3489121
2026-07-02T04:07:05.981167,2026-07-02T04:07:05.992699+00:00,101.6,44,ask,DiligentDonuts,CostlyCorianders,3489145
2026-07-02T04:07:06.252240,2026-07-02T04:07:06.263677+00:00,101.8,3,bid,EarnestEspressos,Kelvin Chan,3489157
2026-07-02T04:07:06.264816,2026-07-02T04:07:06.275785+00:00,101.8,3,ask,EarnestEspressos,Xuanyu Liu,3489158
2026-07-02T04:07:06.506789,2026-07-02T04:07:06.518814+00:00,101.9,3,bid,FlawlessFlatbreads,Kelvin Chan,3489164
2026-07-02T04:07:06.506789,2026-07-02T04:07:06.518814+00:00,102.1,47,bid,FlawlessFlatbreads,DiligentDonuts,3489165
2026-07-02T04:07:08.190473,2026-07-02T04:07:08.202293+00:00,101.9,3,bid,CostlyCorianders,Kelvin Chan,3489190
2026-07-02T04:07:08.190473,2026-07-02T04:07:08.202293+00:00,102.2,41,bid,CostlyCorianders,DiligentDonuts,3489191
2026-07-02T04:07:08.668019,2026-07-02T04:07:08.679818+00:00,101.8,50,ask,EarnestEspressos,FlawlessFlatbreads,3489199
2026-07-02T04:07:09.274980,2026-07-02T04:07:09.286448+00:00,101.8,46,ask,EarnestEspressos,CostlyCorianders,3489208
2026-07-02T04:07:10.775673,2026-07-02T04:07:10.782648+00:00,101.8,50,ask,DiligentDonuts,FlawlessFlatbreads,3489242
2026-07-02T04:07:12.881639,2026-07-02T04:07:12.893095+00:00,101.8,50,ask,DiligentDonuts,FlawlessFlatbreads,3489281
2026-07-02T04:07:13.451332,2026-07-02T04:07:13.457605+00:00,101.6,2,ask,Kelvin Chan,CostlyCorianders,3489296
2026-07-02T04:07:14.988954,2026-07-02T04:07:14.996787+00:00,101.7,5,ask,Kelvin Chan,FlawlessFlatbreads,3489322
2026-07-02T04:07:14.988954,2026-07-02T04:07:15.002392+00:00,101.5,45,ask,DiligentDonuts,FlawlessFlatbreads,3489323
2026-07-02T04:07:15.045218,2026-07-02T04:07:15.058539+00:00,101.9,48,bid,CostlyCorianders,EarnestEspressos,3489324
2026-07-02T04:07:17.096893,2026-07-02T04:07:17.107869+00:00,101.8,50,ask,EarnestEspressos,FlawlessFlatbreads,3489356
2026-07-02T04:07:18.141493,2026-07-02T04:07:18.153289+00:00,101.9,40,bid,CostlyCorianders,DiligentDonuts,3489380
2026-07-02T04:07:19.202949,2026-07-02T04:07:19.214844+00:00,101.6,5,ask,Kelvin Chan,FlawlessFlatbreads,3489398
2026-07-02T04:07:19.202949,2026-07-02T04:07:19.214844+00:00,101.6,45,ask,EarnestEspressos,FlawlessFlatbreads,3489399
2026-07-02T04:07:21.312283,2026-07-02T04:07:21.319753+00:00,101.7,5,ask,Kelvin Chan,FlawlessFlatbreads,3489434
2026-07-02T04:07:21.312283,2026-07-02T04:07:21.324992+00:00,101.6,45,ask,EarnestEspressos,FlawlessFlatbreads,3489435
2026-07-02T04:07:21.422934,2026-07-02T04:07:21.437821+00:00,101.6,48,ask,EarnestEspressos,CostlyCorianders,3489436
2026-07-02T04:07:22.131576,2026-07-02T04:07:22.152204+00:00,101.6,100,ask,DiligentDonuts,EarnestEspressos,3489453
2026-07-02T04:07:22.144559,2026-07-02T04:07:22.152204+00:00,101.6,3,bid,Xuanyu Liu,EarnestEspressos,3489456
2026-07-02T04:07:23.367738,2026-07-02T04:07:23.379276+00:00,101.6,47,bid,FlawlessFlatbreads,EarnestEspressos,3489481
2026-07-02T04:07:23.367738,2026-07-02T04:07:23.379276+00:00,101.8,3,bid,FlawlessFlatbreads,DiligentDonuts,3489482
2026-07-02T04:07:24.730036,2026-07-02T04:07:24.740538+00:00,101.8,48,bid,CostlyCorianders,DiligentDonuts,3489501
2026-07-02T04:07:25.479536,2026-07-02T04:07:25.491147+00:00,101.8,49,bid,FlawlessFlatbreads,DiligentDonuts,3489513
2026-07-02T04:07:25.479536,2026-07-02T04:07:25.491147+00:00,102.1,1,bid,FlawlessFlatbreads,EarnestEspressos,3489514
2026-07-02T04:07:27.637501,2026-07-02T04:07:27.647004+00:00,101.6,5,ask,Kelvin Chan,FlawlessFlatbreads,3489550
2026-07-02T04:07:27.637501,2026-07-02T04:07:27.647004+00:00,101.6,45,ask,EarnestEspressos,FlawlessFlatbreads,3489551
2026-07-02T04:07:28.805777,2026-07-02T04:07:28.814924+00:00,101.5,49,ask,DiligentDonuts,CostlyCorianders,3489582
2026-07-02T04:07:29.748099,2026-07-02T04:07:29.753505+00:00,101.5,50,ask,EarnestEspressos,FlawlessFlatbreads,3489604
2026-07-02T04:07:29.925058,2026-07-02T04:07:29.931709+00:00,101.5,45,ask,EarnestEspressos,CostlyCorianders,3489613
2026-07-02T04:07:32.200151,2026-07-02T04:07:32.207578+00:00,101.6,5,bid,Kelvin Chan,EarnestEspressos,3489657
2026-07-02T04:07:32.514223,2026-07-02T04:07:32.521958+00:00,101.6,14,bid,Xuanyu Liu,EarnestEspressos,3489668
2026-07-02T04:07:32.712091,2026-07-02T04:07:32.721171+00:00,101.6,5,bid,Kelvin Chan,EarnestEspressos,3489675
2026-07-02T04:07:33.207341,2026-07-02T04:07:33.217359+00:00,101.6,5,bid,Kelvin Chan,EarnestEspressos,3489687
2026-07-02T04:07:33.538640,2026-07-02T04:07:33.550937+00:00,101.6,5,bid,Kelvin Chan,EarnestEspressos,3489691
2026-07-02T04:07:36.064071,2026-07-02T04:07:36.075586+00:00,101.8,50,ask,DiligentDonuts,FlawlessFlatbreads,3489742
2026-07-02T04:07:37.588932,2026-07-02T04:07:37.600787+00:00,101.9,47,bid,CostlyCorianders,EarnestEspressos,3489782
2026-07-02T04:07:39.064921,2026-07-02T04:07:39.073075+00:00,101.7,11,ask,EarnestEspressos,Xuanyu Liu,3489806
2026-07-02T04:07:39.770835,2026-07-02T04:07:39.780263+00:00,101.7,47,ask,EarnestEspressos,CostlyCorianders,3489824
2026-07-02T04:07:42.377433,2026-07-02T04:07:42.385885+00:00,101.5,4,ask,Kelvin Chan,FlawlessFlatbreads,3489869
2026-07-02T04:07:42.377433,2026-07-02T04:07:42.385885+00:00,101.4,46,ask,DiligentDonuts,FlawlessFlatbreads,3489870
2026-07-02T04:07:42.557278,2026-07-02T04:07:42.565096+00:00,101.8,41,bid,CostlyCorianders,EarnestEspressos,3489874
2026-07-02T04:07:44.188654,2026-07-02T04:07:44.200381+00:00,101.6,4,ask,Kelvin Chan,CostlyCorianders,3489904
2026-07-02T04:07:44.502836,2026-07-02T04:07:44.510847+00:00,101.6,50,ask,EarnestEspressos,FlawlessFlatbreads,3489909
2026-07-02T04:07:46.184961,2026-07-02T04:07:46.194100+00:00,101.6,47,ask,EarnestEspressos,CostlyCorianders,3489946
2026-07-02T04:07:46.611453,2026-07-02T04:07:46.623170+00:00,101.6,50,ask,EarnestEspressos,FlawlessFlatbreads,3489952
2026-07-02T04:07:47.423613,2026-07-02T04:07:47.435137+00:00,101.5,5,ask,Kelvin Chan,EarnestEspressos,3489968
2026-07-02T04:07:47.423613,2026-07-02T04:07:47.435137+00:00,101.4,100,ask,DiligentDonuts,EarnestEspressos,3489969
2026-07-02T04:07:47.436457,2026-07-02T04:07:47.444265+00:00,101.3,23,bid,Xuanyu Liu,EarnestEspressos,3489970
2026-07-02T04:07:48.018332,2026-07-02T04:07:48.024679+00:00,101.3,5,bid,Kelvin Chan,EarnestEspressos,3489977
2026-07-02T04:07:48.223409,2026-07-02T04:07:48.231236+00:00,101.3,4,bid,Kelvin Chan,EarnestEspressos,3489978
2026-07-02T04:07:48.676705,2026-07-02T04:07:48.690337+00:00,101.3,13,bid,FlawlessFlatbreads,EarnestEspressos,3489984
2026-07-02T04:07:48.676705,2026-07-02T04:07:48.690337+00:00,101.4,37,bid,FlawlessFlatbreads,DiligentDonuts,3489985
2026-07-02T04:07:50.786771,2026-07-02T04:07:50.798225+00:00,101.4,50,bid,FlawlessFlatbreads,DiligentDonuts,3490026
2026-07-02T04:07:52.895183,2026-07-02T04:07:52.904530+00:00,101.6,50,bid,FlawlessFlatbreads,DiligentDonuts,3490069
2026-07-02T04:07:55.012288,2026-07-02T04:07:55.024209+00:00,101.7,1,bid,FlawlessFlatbreads,Kelvin Chan,3490097
2026-07-02T04:07:55.012288,2026-07-02T04:07:55.024209+00:00,101.8,49,bid,FlawlessFlatbreads,DiligentDonuts,3490098
2026-07-02T04:07:57.147669,2026-07-02T04:07:57.155926+00:00,101.7,5,bid,FlawlessFlatbreads,Kelvin Chan,3490143
2026-07-02T04:07:57.147669,2026-07-02T04:07:57.155926+00:00,101.8,45,bid,FlawlessFlatbreads,DiligentDonuts,3490144
2026-07-02T04:07:57.852894,2026-07-02T04:07:57.862827+00:00,101.7,12,ask,DiligentDonuts,Xuanyu Liu,3490156
2026-07-02T04:07:57.941288,2026-07-02T04:07:57.952831+00:00,102.0,42,bid,CostlyCorianders,EarnestEspressos,3490159
2026-07-02T04:07:58.694667,2026-07-02T04:07:58.701810+00:00,101.7,11,ask,DiligentDonuts,Xuanyu Liu,3490171
2026-07-02T04:07:59.026874,2026-07-02T04:07:59.033431+00:00,101.7,44,ask,DiligentDonuts,CostlyCorianders,3490180
2026-07-02T04:07:59.255863,2026-07-02T04:07:59.267564+00:00,102.0,50,bid,FlawlessFlatbreads,EarnestEspressos,3490188
2026-07-02T04:08:00.068039,2026-07-02T04:08:00.075807+00:00,101.8,3,ask,EarnestEspressos,Xuanyu Liu,3490212
2026-07-02T04:08:01.362005,2026-07-02T04:08:01.370451+00:00,102.0,50,bid,FlawlessFlatbreads,DiligentDonuts,3490231
2026-07-02T04:08:06.016572,2026-07-02T04:08:06.024800+00:00,102.1,43,bid,CostlyCorianders,DiligentDonuts,3490304
2026-07-02T04:08:06.656914,2026-07-02T04:08:06.663974+00:00,101.6,41,ask,DiligentDonuts,CostlyCorianders,3490309
2026-07-02T04:08:11.908498,2026-07-02T04:08:11.915991+00:00,102.2,50,bid,FlawlessFlatbreads,DiligentDonuts,3490400
2026-07-02T04:08:12.199321,2026-07-02T04:08:12.211001+00:00,102.2,40,bid,CostlyCorianders,DiligentDonuts,3490401
2026-07-02T04:08:12.779360,2026-07-02T04:08:12.790267+00:00,101.7,49,ask,DiligentDonuts,CostlyCorianders,3490413
2026-07-02T04:08:14.014174,2026-07-02T04:08:14.025865+00:00,102.1,50,bid,FlawlessFlatbreads,EarnestEspressos,3490438
2026-07-02T04:08:15.959699,2026-07-02T04:08:15.968440+00:00,101.9,3,ask,EarnestEspressos,Xuanyu Liu,3490480
2026-07-02T04:08:16.120532,2026-07-02T04:08:16.132264+00:00,102.0,5,bid,FlawlessFlatbreads,Kelvin Chan,3490482
2026-07-02T04:08:16.120532,2026-07-02T04:08:16.132264+00:00,102.2,45,bid,FlawlessFlatbreads,DiligentDonuts,3490483
2026-07-02T04:08:18.278372,2026-07-02T04:08:18.290206+00:00,102.0,5,bid,CostlyCorianders,Kelvin Chan,3490512
2026-07-02T04:08:18.278372,2026-07-02T04:08:18.290206+00:00,102.3,40,bid,CostlyCorianders,DiligentDonuts,3490513
2026-07-02T04:08:18.284228,2026-07-02T04:08:18.295378+00:00,101.9,50,ask,EarnestEspressos,FlawlessFlatbreads,3490514
2026-07-02T04:08:18.981669,2026-07-02T04:08:18.993330+00:00,101.8,48,ask,DiligentDonuts,CostlyCorianders,3490527
2026-07-02T04:08:20.626059,2026-07-02T04:08:20.637508+00:00,102.1,5,bid,CostlyCorianders,Kelvin Chan,3490551
2026-07-02T04:08:20.626059,2026-07-02T04:08:20.637508+00:00,102.2,37,bid,CostlyCorianders,EarnestEspressos,3490552
2026-07-02T04:08:21.161305,2026-07-02T04:08:21.168860+00:00,102.2,48,bid,CostlyCorianders,EarnestEspressos,3490565
2026-07-02T04:08:21.215255,2026-07-02T04:08:21.227119+00:00,101.9,49,ask,DiligentDonuts,CostlyCorianders,3490566
2026-07-02T04:08:22.492568,2026-07-02T04:08:22.504353+00:00,102.0,50,ask,EarnestEspressos,FlawlessFlatbreads,3490578
2026-07-02T04:08:23.611173,2026-07-02T04:08:23.618708+00:00,102.1,6,bid,CostlyCorianders,Kelvin Chan,3490601
2026-07-02T04:08:23.611173,2026-07-02T04:08:23.623961+00:00,102.3,35,bid,CostlyCorianders,DiligentDonuts,3490602
2026-07-02T04:08:24.599261,2026-07-02T04:08:24.611138+00:00,102.0,50,ask,EarnestEspressos,FlawlessFlatbreads,3490619
2026-07-02T04:08:25.604699,2026-07-02T04:08:25.616334+00:00,101.8,43,ask,DiligentDonuts,CostlyCorianders,3490638
2026-07-02T04:08:26.709487,2026-07-02T04:08:26.721145+00:00,101.8,50,ask,DiligentDonuts,FlawlessFlatbreads,3490653
2026-07-02T04:08:27.163255,2026-07-02T04:08:27.174820+00:00,102.1,7,bid,CostlyCorianders,Kelvin Chan,3490661
2026-07-02T04:08:27.163255,2026-07-02T04:08:27.174820+00:00,102.2,39,bid,CostlyCorianders,EarnestEspressos,3490662
2026-07-02T04:08:28.764758,2026-07-02T04:08:28.776552+00:00,102.1,8,bid,FlawlessFlatbreads,Kelvin Chan,3490702
2026-07-02T04:08:28.764758,2026-07-02T04:08:28.776552+00:00,102.3,42,bid,FlawlessFlatbreads,DiligentDonuts,3490703
2026-07-02T04:08:30.699759,2026-07-02T04:08:30.711323+00:00,101.8,45,ask,EarnestEspressos,CostlyCorianders,3490747
2026-07-02T04:08:30.873035,2026-07-02T04:08:30.884962+00:00,102.2,7,bid,FlawlessFlatbreads,Kelvin Chan,3490749
2026-07-02T04:08:30.873035,2026-07-02T04:08:30.884962+00:00,102.2,43,bid,FlawlessFlatbreads,DiligentDonuts,3490750
2026-07-02T04:08:32.980742,2026-07-02T04:08:32.989145+00:00,102.2,7,bid,FlawlessFlatbreads,Kelvin Chan,3490794
2026-07-02T04:08:32.980742,2026-07-02T04:08:32.989145+00:00,102.3,43,bid,FlawlessFlatbreads,EarnestEspressos,3490795
2026-07-02T04:08:33.184609,2026-07-02T04:08:33.196257+00:00,102.3,45,bid,CostlyCorianders,EarnestEspressos,3490796
2026-07-02T04:08:35.139255,2026-07-02T04:08:35.150691+00:00,102.0,50,ask,DiligentDonuts,FlawlessFlatbreads,3490846
2026-07-02T04:08:37.244408,2026-07-02T04:08:37.258554+00:00,102.0,50,ask,EarnestEspressos,FlawlessFlatbreads,3490879
2026-07-02T04:08:38.599379,2026-07-02T04:08:38.608528+00:00,101.8,40,ask,EarnestEspressos,CostlyCorianders,3490916
2026-07-02T04:08:39.205520,2026-07-02T04:08:39.216100+00:00,101.8,40,ask,EarnestEspressos,CostlyCorianders,3490926
2026-07-02T04:08:39.356980,2026-07-02T04:08:39.366148+00:00,101.8,50,ask,EarnestEspressos,FlawlessFlatbreads,3490931
2026-07-02T04:08:41.213783,2026-07-02T04:08:41.225271+00:00,101.8,100,ask,DiligentDonuts,EarnestEspressos,3490975
2026-07-02T04:08:41.226477,2026-07-02T04:08:41.236796+00:00,101.8,3,bid,Xuanyu Liu,EarnestEspressos,3490976
2026-07-02T04:08:41.464210,2026-07-02T04:08:41.475770+00:00,101.3,50,ask,EarnestEspressos,FlawlessFlatbreads,3490980
2026-07-02T04:08:42.889787,2026-07-02T04:08:42.896548+00:00,101.8,4,bid,Kelvin Chan,EarnestEspressos,3491006
2026-07-02T04:08:43.478166,2026-07-02T04:08:43.489776+00:00,101.8,42,bid,CostlyCorianders,EarnestEspressos,3491020
2026-07-02T04:08:43.570708,2026-07-02T04:08:43.582252+00:00,101.4,50,ask,DiligentDonuts,FlawlessFlatbreads,3491021
2026-07-02T04:08:45.359434,2026-07-02T04:08:45.371093+00:00,101.7,100,ask,EarnestEspressos,DiligentDonuts,3491070
2026-07-02T04:08:45.680776,2026-07-02T04:08:45.690337+00:00,101.7,50,ask,EarnestEspressos,FlawlessFlatbreads,3491077
2026-07-02T04:08:46.386858,2026-07-02T04:08:46.396812+00:00,102.2,2,bid,CostlyCorianders,Kelvin Chan,3491092
2026-07-02T04:08:46.386858,2026-07-02T04:08:46.396812+00:00,102.2,46,bid,CostlyCorianders,EarnestEspressos,3491093
2026-07-02T04:08:47.785750,2026-07-02T04:08:47.797131+00:00,101.4,50,ask,EarnestEspressos,FlawlessFlatbreads,3491120
2026-07-02T04:08:47.837359,2026-07-02T04:08:47.846943+00:00,101.9,49,bid,CostlyCorianders,EarnestEspressos,3491127
2026-07-02T04:08:49.904215,2026-07-02T04:08:49.915794+00:00,101.7,50,ask,DiligentDonuts,FlawlessFlatbreads,3491188
2026-07-02T04:08:50.697722,2026-07-02T04:08:50.709360+00:00,101.7,50,ask,DiligentDonuts,EarnestEspressos,3491195
2026-07-02T04:08:50.943713,2026-07-02T04:08:50.955288+00:00,101.2,47,ask,EarnestEspressos,CostlyCorianders,3491205
2026-07-02T04:08:52.010576,2026-07-02T04:08:52.017135+00:00,101.2,50,ask,EarnestEspressos,FlawlessFlatbreads,3491234
2026-07-02T04:08:53.472482,2026-07-02T04:08:53.479618+00:00,101.7,48,bid,CostlyCorianders,EarnestEspressos,3491259
2026-07-02T04:08:54.069831,2026-07-02T04:08:54.079325+00:00,101.7,50,bid,FlawlessFlatbreads,DiligentDonuts,3491270
2026-07-02T04:08:54.601456,2026-07-02T04:08:54.609582+00:00,101.2,49,ask,DiligentDonuts,CostlyCorianders,3491286
2026-07-02T04:08:56.175703,2026-07-02T04:08:56.187536+00:00,101.7,50,bid,FlawlessFlatbreads,EarnestEspressos,3491312
2026-07-02T04:08:56.420357,2026-07-02T04:08:56.427930+00:00,101.7,3,bid,Xuanyu Liu,EarnestEspressos,3491320
2026-07-02T04:08:58.286878,2026-07-02T04:08:58.296248+00:00,101.9,50,bid,FlawlessFlatbreads,DiligentDonuts,3491351
2026-07-02T04:09:00.392595,2026-07-02T04:09:00.404505+00:00,101.9,50,bid,FlawlessFlatbreads,DiligentDonuts,3491395
2026-07-02T04:09:02.554531,2026-07-02T04:09:02.568983+00:00,101.6,50,ask,EarnestEspressos,FlawlessFlatbreads,3491449
2026-07-02T04:09:04.365212,2026-07-02T04:09:04.376874+00:00,101.7,42,bid,CostlyCorianders,EarnestEspressos,3491492
2026-07-02T04:09:04.419238,2026-07-02T04:09:04.430811+00:00,101.6,4,ask,Kelvin Chan,CostlyCorianders,3491494
2026-07-02T04:09:04.419238,2026-07-02T04:09:04.430811+00:00,101.5,43,ask,DiligentDonuts,CostlyCorianders,3491495
2026-07-02T04:09:04.610948,2026-07-02T04:09:04.622669+00:00,101.7,50,bid,FlawlessFlatbreads,EarnestEspressos,3491497
2026-07-02T04:09:05.931519,2026-07-02T04:09:05.943084+00:00,101.6,5,ask,Kelvin Chan,CostlyCorianders,3491533
2026-07-02T04:09:05.931519,2026-07-02T04:09:05.943084+00:00,101.5,42,ask,DiligentDonuts,CostlyCorianders,3491534
2026-07-02T04:09:06.786067,2026-07-02T04:09:06.797602+00:00,101.6,50,ask,EarnestEspressos,FlawlessFlatbreads,3491549
2026-07-02T04:09:06.968960,2026-07-02T04:09:06.979491+00:00,101.6,46,ask,EarnestEspressos,CostlyCorianders,3491553
2026-07-02T04:09:07.552156,2026-07-02T04:09:07.563761+00:00,101.7,41,bid,CostlyCorianders,DiligentDonuts,3491573
2026-07-02T04:09:08.238883,2026-07-02T04:09:08.247309+00:00,101.6,3,ask,EarnestEspressos,Xuanyu Liu,3491585
2026-07-02T04:09:08.894298,2026-07-02T04:09:08.904009+00:00,101.6,50,ask,EarnestEspressos,FlawlessFlatbreads,3491600
2026-07-02T04:09:09.678458,2026-07-02T04:09:09.687446+00:00,101.4,3,bid,Xuanyu Liu,EarnestEspressos,3491621
2026-07-02T04:09:10.584471,2026-07-02T04:09:10.592105+00:00,101.4,44,bid,CostlyCorianders,EarnestEspressos,3491645
2026-07-02T04:09:10.635476,2026-07-02T04:09:10.646877+00:00,101.4,100,bid,DiligentDonuts,EarnestEspressos,3491647
2026-07-02T04:09:11.055232,2026-07-02T04:09:11.064096+00:00,100.9,42,ask,EarnestEspressos,CostlyCorianders,3491652
2026-07-02T04:09:13.056483,2026-07-02T04:09:13.065807+00:00,101.9,2,bid,FlawlessFlatbreads,Kelvin Chan,3491701
2026-07-02T04:09:13.056483,2026-07-02T04:09:13.065807+00:00,101.9,48,bid,FlawlessFlatbreads,EarnestEspressos,3491702
2026-07-02T04:09:13.485106,2026-07-02T04:09:13.495962+00:00,101.4,3,ask,EarnestEspressos,Xuanyu Liu,3491715
2026-07-02T04:09:13.850051,2026-07-02T04:09:13.861891+00:00,101.4,100,ask,EarnestEspressos,DiligentDonuts,3491722
2026-07-02T04:09:14.469996,2026-07-02T04:09:14.480224+00:00,101.4,40,ask,EarnestEspressos,CostlyCorianders,3491743
2026-07-02T04:09:15.039279,2026-07-02T04:09:15.058775+00:00,101.9,44,bid,CostlyCorianders,EarnestEspressos,3491750
2026-07-02T04:09:15.093440,2026-07-02T04:09:15.104789+00:00,101.4,7,ask,EarnestEspressos,CostlyCorianders,3491751
2026-07-02T04:09:16.175773,2026-07-02T04:09:16.186310+00:00,101.0,42,ask,EarnestEspressos,CostlyCorianders,3491775
2026-07-02T04:09:17.267909,2026-07-02T04:09:17.278133+00:00,101.5,50,bid,FlawlessFlatbreads,EarnestEspressos,3491791
2026-07-02T04:09:19.375068,2026-07-02T04:09:19.386761+00:00,101.3,50,bid,FlawlessFlatbreads,EarnestEspressos,3491839
2026-07-02T04:09:21.030458,2026-07-02T04:09:21.040666+00:00,101.3,42,bid,CostlyCorianders,EarnestEspressos,3491882
2026-07-02T04:09:21.480529,2026-07-02T04:09:21.492042+00:00,101.3,50,bid,FlawlessFlatbreads,EarnestEspressos,3491889
2026-07-02T04:09:23.167466,2026-07-02T04:09:23.173903+00:00,101.5,43,bid,CostlyCorianders,DiligentDonuts,3491918
2026-07-02T04:09:23.640329,2026-07-02T04:09:23.651704+00:00,101.4,50,ask,EarnestEspressos,FlawlessFlatbreads,3491925
2026-07-02T04:09:23.661932,2026-07-02T04:09:23.673504+00:00,101.4,46,ask,EarnestEspressos,CostlyCorianders,3491926
2026-07-02T04:09:24.148627,2026-07-02T04:09:24.158607+00:00,101.4,47,ask,EarnestEspressos,CostlyCorianders,3491932
2026-07-02T04:09:24.698586,2026-07-02T04:09:24.710607+00:00,101.4,7,ask,EarnestEspressos,CostlyCorianders,3491941
2026-07-02T04:09:24.698586,2026-07-02T04:09:24.710607+00:00,101.3,37,ask,DiligentDonuts,CostlyCorianders,3491942
2026-07-02T04:09:25.483558,2026-07-02T04:09:25.495120+00:00,101.3,63,ask,DiligentDonuts,EarnestEspressos,3491951
2026-07-02T04:09:25.663852,2026-07-02T04:09:25.674843+00:00,101.1,1,bid,Kelvin Chan,EarnestEspressos,3491956
2026-07-02T04:09:25.746326,2026-07-02T04:09:25.754305+00:00,100.6,50,ask,EarnestEspressos,FlawlessFlatbreads,3491959
2026-07-02T04:09:26.254657,2026-07-02T04:09:26.255798+00:00,101.1,44,bid,CostlyCorianders,EarnestEspressos,3491970
2026-07-02T04:09:27.710403,2026-07-02T04:09:27.718840+00:00,101.1,3,bid,Xuanyu Liu,EarnestEspressos,3492021
2026-07-02T04:09:27.738842,2026-07-02T04:09:27.750782+00:00,101.1,39,bid,CostlyCorianders,EarnestEspressos,3492023
2026-07-02T04:09:27.738842,2026-07-02T04:09:27.750782+00:00,101.3,3,bid,CostlyCorianders,DiligentDonuts,3492024
2026-07-02T04:09:27.851175,2026-07-02T04:09:27.857726+00:00,100.8,50,ask,DiligentDonuts,FlawlessFlatbreads,3492025
2026-07-02T04:09:29.959734,2026-07-02T04:09:29.971293+00:00,101.2,50,ask,EarnestEspressos,FlawlessFlatbreads,3492067
2026-07-02T04:09:31.033730,2026-07-02T04:09:31.042191+00:00,101.2,3,ask,EarnestEspressos,Xuanyu Liu,3492091
2026-07-02T04:09:31.096231,2026-07-02T04:09:31.107051+00:00,101.3,47,bid,CostlyCorianders,DiligentDonuts,3492093
2026-07-02T04:09:32.067598,2026-07-02T04:09:32.079284+00:00,100.9,50,ask,EarnestEspressos,FlawlessFlatbreads,3492110
2026-07-02T04:09:34.173553,2026-07-02T04:09:34.184296+00:00,100.9,50,ask,EarnestEspressos,FlawlessFlatbreads,3492153
2026-07-02T04:09:35.012007,2026-07-02T04:09:35.020782+00:00,101.0,3,bid,Xuanyu Liu,EarnestEspressos,3492175
2026-07-02T04:09:35.335460,2026-07-02T04:09:35.347355+00:00,100.8,42,ask,DiligentDonuts,CostlyCorianders,3492183
2026-07-02T04:09:36.402084,2026-07-02T04:09:36.413505+00:00,100.7,48,ask,DiligentDonuts,CostlyCorianders,3492204
2026-07-02T04:09:36.432378,2026-07-02T04:09:36.443243+00:00,101.0,11,bid,Xuanyu Liu,EarnestEspressos,3492206
2026-07-02T04:09:37.071034,2026-07-02T04:09:37.091605+00:00,101.0,23,bid,Xuanyu Liu,EarnestEspressos,3492222
2026-07-02T04:09:38.331926,2026-07-02T04:09:38.343434+00:00,101.2,50,bid,FlawlessFlatbreads,DiligentDonuts,3492264
2026-07-02T04:09:38.489817,2026-07-02T04:09:38.501351+00:00,101.2,46,bid,CostlyCorianders,DiligentDonuts,3492265
2026-07-02T04:09:39.072689,2026-07-02T04:09:39.084274+00:00,100.9,40,ask,EarnestEspressos,CostlyCorianders,3492274
2026-07-02T04:09:39.107801,2026-07-02T04:09:39.116100+00:00,101.0,11,ask,DiligentDonuts,Xuanyu Liu,3492275
2026-07-02T04:09:39.591220,2026-07-02T04:09:39.603029+00:00,101.4,41,bid,CostlyCorianders,EarnestEspressos,3492286
2026-07-02T04:09:40.701064,2026-07-02T04:09:40.707923+00:00,101.0,48,ask,DiligentDonuts,CostlyCorianders,3492303
2026-07-02T04:09:42.313097,2026-07-02T04:09:42.321802+00:00,101.0,2,ask,Kelvin Chan,Xuanyu Liu,3492342
2026-07-02T04:09:42.313097,2026-07-02T04:09:42.321802+00:00,101.0,10,ask,DiligentDonuts,Xuanyu Liu,3492343
2026-07-02T04:09:43.966604,2026-07-02T04:09:43.976128+00:00,101.3,4,bid,CostlyCorianders,Kelvin Chan,3492375
2026-07-02T04:09:43.966604,2026-07-02T04:09:43.976128+00:00,101.4,37,bid,CostlyCorianders,EarnestEspressos,3492376
2026-07-02T04:09:44.648534,2026-07-02T04:09:44.656901+00:00,101.5,50,bid,FlawlessFlatbreads,DiligentDonuts,3492390
2026-07-02T04:09:45.055009,2026-07-02T04:09:45.063838+00:00,101.5,40,bid,CostlyCorianders,DiligentDonuts,3492395
2026-07-02T04:09:45.111477,2026-07-02T04:09:45.118155+00:00,101.1,46,ask,EarnestEspressos,CostlyCorianders,3492398
2026-07-02T04:09:45.612402,2026-07-02T04:09:45.623946+00:00,101.2,47,ask,DiligentDonuts,CostlyCorianders,3492414
2026-07-02T04:09:46.806692,2026-07-02T04:09:46.814108+00:00,101.2,50,ask,DiligentDonuts,FlawlessFlatbreads,3492437
2026-07-02T04:09:48.871332,2026-07-02T04:09:48.878911+00:00,101.3,50,bid,FlawlessFlatbreads,EarnestEspressos,3492479
2026-07-02T04:09:50.978168,2026-07-02T04:09:50.990486+00:00,101.3,50,bid,FlawlessFlatbreads,DiligentDonuts,3492517
2026-07-02T04:09:51.135075,2026-07-02T04:09:51.146851+00:00,101.3,40,bid,CostlyCorianders,DiligentDonuts,3492522
2026-07-02T04:09:54.911091,2026-07-02T04:09:54.919082+00:00,101.1,47,ask,EarnestEspressos,CostlyCorianders,3492606
2026-07-02T04:09:57.324087,2026-07-02T04:09:57.335804+00:00,101.4,50,bid,FlawlessFlatbreads,EarnestEspressos,3492655
2026-07-02T04:09:59.430921,2026-07-02T04:09:59.439468+00:00,101.4,50,bid,FlawlessFlatbreads,EarnestEspressos,3492713
2026-07-02T04:10:00.665558,2026-07-02T04:10:00.673937+00:00,101.7,41,bid,CostlyCorianders,DiligentDonuts,3492745
2026-07-02T04:10:01.293309,2026-07-02T04:10:01.300080+00:00,101.3,40,ask,EarnestEspressos,CostlyCorianders,3492764
2026-07-02T04:10:01.537718,2026-07-02T04:10:01.549107+00:00,101.8,50,bid,FlawlessFlatbreads,EarnestEspressos,3492770
2026-07-02T04:10:02.523729,2026-07-02T04:10:02.538549+00:00,101.3,11,ask,EarnestEspressos,Xuanyu Liu,3492789
2026-07-02T04:10:03.644864,2026-07-02T04:10:03.656633+00:00,101.8,50,bid,FlawlessFlatbreads,DiligentDonuts,3492805
2026-07-02T04:10:04.089001,2026-07-02T04:10:04.100660+00:00,101.8,41,bid,CostlyCorianders,DiligentDonuts,3492811
2026-07-02T04:10:04.430957,2026-07-02T04:10:04.440681+00:00,101.5,5,bid,DiligentDonuts,Kelvin Chan,3492817
2026-07-02T04:10:04.441838,2026-07-02T04:10:04.449707+00:00,101.6,3,ask,DiligentDonuts,Xuanyu Liu,3492818
2026-07-02T04:10:05.766083,2026-07-02T04:10:05.777527+00:00,101.8,50,bid,FlawlessFlatbreads,EarnestEspressos,3492856
2026-07-02T04:10:07.027011,2026-07-02T04:10:07.038921+00:00,102.0,42,bid,CostlyCorianders,EarnestEspressos,3492877
2026-07-02T04:10:07.082862,2026-07-02T04:10:07.094745+00:00,101.6,48,ask,DiligentDonuts,CostlyCorianders,3492879
2026-07-02T04:10:07.872441,2026-07-02T04:10:07.883911+00:00,102.0,50,bid,FlawlessFlatbreads,EarnestEspressos,3492901
2026-07-02T04:10:08.102046,2026-07-02T04:10:08.113471+00:00,101.5,41,ask,EarnestEspressos,CostlyCorianders,3492908
2026-07-02T04:10:10.030073,2026-07-02T04:10:10.041556+00:00,101.8,50,ask,EarnestEspressos,FlawlessFlatbreads,3492949
2026-07-02T04:10:10.481024,2026-07-02T04:10:10.492651+00:00,101.8,6,ask,EarnestEspressos,Kelvin Chan,3492956
2026-07-02T04:10:10.661791,2026-07-02T04:10:10.671475+00:00,101.8,5,ask,EarnestEspressos,Kelvin Chan,3492958
2026-07-02T04:10:11.420862,2026-07-02T04:10:11.432524+00:00,101.8,6,ask,EarnestEspressos,Kelvin Chan,3492970
2026-07-02T04:10:11.533196,2026-07-02T04:10:11.542582+00:00,101.8,3,ask,EarnestEspressos,Xuanyu Liu,3492971
2026-07-02T04:10:11.687500,2026-07-02T04:10:11.696933+00:00,101.8,5,ask,EarnestEspressos,Kelvin Chan,3492979
2026-07-02T04:10:12.169100,2026-07-02T04:10:12.179902+00:00,101.8,50,ask,EarnestEspressos,FlawlessFlatbreads,3492990
2026-07-02T04:10:13.130640,2026-07-02T04:10:13.142427+00:00,101.8,45,bid,CostlyCorianders,EarnestEspressos,3493011
2026-07-02T04:10:14.137688,2026-07-02T04:10:14.149484+00:00,101.5,42,ask,DiligentDonuts,CostlyCorianders,3493024
2026-07-02T04:10:14.277041,2026-07-02T04:10:14.288693+00:00,101.5,50,ask,DiligentDonuts,FlawlessFlatbreads,3493030
2026-07-02T04:10:15.672964,2026-07-02T04:10:15.680303+00:00,101.8,48,bid,CostlyCorianders,EarnestEspressos,3493057
2026-07-02T04:10:16.384812,2026-07-02T04:10:16.396552+00:00,101.5,8,ask,DiligentDonuts,FlawlessFlatbreads,3493067
2026-07-02T04:10:16.384812,2026-07-02T04:10:16.396552+00:00,101.4,1,ask,Kelvin Chan,FlawlessFlatbreads,3493068
2026-07-02T04:10:16.384812,2026-07-02T04:10:16.396552+00:00,101.4,41,ask,EarnestEspressos,FlawlessFlatbreads,3493069
2026-07-02T04:10:17.132675,2026-07-02T04:10:17.144329+00:00,101.5,6,ask,Kelvin Chan,DiligentDonuts,3493090
2026-07-02T04:10:17.724068,2026-07-02T04:10:17.732101+00:00,101.5,3,bid,Xuanyu Liu,DiligentDonuts,3493106
2026-07-02T04:10:17.934882,2026-07-02T04:10:17.945751+00:00,101.5,5,bid,Kelvin Chan,DiligentDonuts,3493109
2026-07-02T04:10:18.044550,2026-07-02T04:10:18.048067+00:00,101.5,5,bid,Kelvin Chan,DiligentDonuts,3493110
2026-07-02T04:10:18.493911,2026-07-02T04:10:18.503786+00:00,101.4,50,ask,EarnestEspressos,FlawlessFlatbreads,3493123
2026-07-02T04:10:19.082083,2026-07-02T04:10:19.089341+00:00,101.5,5,bid,Kelvin Chan,DiligentDonuts,3493135
2026-07-02T04:10:20.599861,2026-07-02T04:10:20.610138+00:00,101.3,50,ask,DiligentDonuts,FlawlessFlatbreads,3493174
2026-07-02T04:10:20.866352,2026-07-02T04:10:20.875643+00:00,101.3,45,ask,DiligentDonuts,CostlyCorianders,3493183
2026-07-02T04:10:22.661081,2026-07-02T04:10:22.669697+00:00,101.8,50,bid,FlawlessFlatbreads,DiligentDonuts,3493220
2026-07-02T04:10:24.010546,2026-07-02T04:10:24.021315+00:00,101.4,4,ask,Kelvin Chan,CostlyCorianders,3493251
2026-07-02T04:10:24.010546,2026-07-02T04:10:24.021315+00:00,101.3,41,ask,EarnestEspressos,CostlyCorianders,3493252
2026-07-02T04:10:24.818894,2026-07-02T04:10:24.830561+00:00,101.4,4,ask,Kelvin Chan,FlawlessFlatbreads,3493269
2026-07-02T04:10:24.818894,2026-07-02T04:10:24.830561+00:00,101.3,46,ask,EarnestEspressos,FlawlessFlatbreads,3493270
2026-07-02T04:10:25.656802,2026-07-02T04:10:25.667494+00:00,101.4,4,ask,Kelvin Chan,EarnestEspressos,3493289
2026-07-02T04:10:25.656802,2026-07-02T04:10:25.667494+00:00,101.3,100,ask,DiligentDonuts,EarnestEspressos,3493290
2026-07-02T04:10:25.679471,2026-07-02T04:10:25.687089+00:00,101.3,14,bid,Xuanyu Liu,EarnestEspressos,3493292
2026-07-02T04:10:26.926412,2026-07-02T04:10:26.936766+00:00,101.0,50,ask,DiligentDonuts,FlawlessFlatbreads,3493324
2026-07-02T04:10:27.959455,2026-07-02T04:10:27.967254+00:00,101.3,12,bid,Xuanyu Liu,EarnestEspressos,3493348
2026-07-02T04:10:28.768839,2026-07-02T04:10:28.779363+00:00,101.5,100,bid,EarnestEspressos,DiligentDonuts,3493375
2026-07-02T04:10:28.768839,2026-07-02T04:10:28.779363+00:00,101.6,6,bid,EarnestEspressos,Kelvin Chan,3493376
2026-07-02T04:10:28.835596,2026-07-02T04:10:28.842925+00:00,101.6,7,ask,EarnestEspressos,Xuanyu Liu,3493380
2026-07-02T04:10:28.843905,2026-07-02T04:10:28.851462+00:00,101.6,5,ask,EarnestEspressos,Xuanyu Liu,3493382
2026-07-02T04:10:28.980158,2026-07-02T04:10:28.990960+00:00,102.1,50,bid,FlawlessFlatbreads,EarnestEspressos,3493386
2026-07-02T04:10:29.057265,2026-07-02T04:10:29.068816+00:00,102.1,45,bid,CostlyCorianders,EarnestEspressos,3493387
2026-07-02T04:10:29.170158,2026-07-02T04:10:29.177727+00:00,101.6,11,ask,EarnestEspressos,Xuanyu Liu,3493389
2026-07-02T04:10:31.086141,2026-07-02T04:10:31.103090+00:00,101.9,50,bid,FlawlessFlatbreads,DiligentDonuts,3493449
2026-07-02T04:10:31.255757,2026-07-02T04:10:31.253209+00:00,101.6,21,ask,EarnestEspressos,CostlyCorianders,3493455
2026-07-02T04:10:33.191552,2026-07-02T04:10:33.203115+00:00,101.9,50,bid,FlawlessFlatbreads,EarnestEspressos,3493492
2026-07-02T04:10:33.990725,2026-07-02T04:10:33.999141+00:00,101.9,42,bid,CostlyCorianders,EarnestEspressos,3493517
2026-07-02T04:10:35.110605,2026-07-02T04:10:35.119743+00:00,101.6,3,ask,EarnestEspressos,Xuanyu Liu,3493536
2026-07-02T04:10:35.296487,2026-07-02T04:10:35.305381+00:00,101.9,50,bid,FlawlessFlatbreads,DiligentDonuts,3493545
2026-07-02T04:10:37.404073,2026-07-02T04:10:37.412946+00:00,101.9,50,bid,FlawlessFlatbreads,DiligentDonuts,3493592
2026-07-02T04:10:38.897026,2026-07-02T04:10:38.908453+00:00,101.7,40,ask,EarnestEspressos,CostlyCorianders,3493615
2026-07-02T04:10:39.564263,2026-07-02T04:10:39.573794+00:00,101.7,50,ask,EarnestEspressos,FlawlessFlatbreads,3493627
2026-07-02T04:10:41.620190,2026-07-02T04:10:41.631841+00:00,101.9,50,bid,FlawlessFlatbreads,EarnestEspressos,3493661
2026-07-02T04:10:43.782325,2026-07-02T04:10:43.793799+00:00,101.7,50,ask,DiligentDonuts,FlawlessFlatbreads,3493692
2026-07-02T04:10:44.784168,2026-07-02T04:10:44.795375+00:00,101.9,5,bid,CostlyCorianders,Kelvin Chan,3493719
2026-07-02T04:10:44.784168,2026-07-02T04:10:44.795375+00:00,102.0,38,bid,CostlyCorianders,EarnestEspressos,3493720
2026-07-02T04:10:45.889784,2026-07-02T04:10:45.901393+00:00,101.6,1,ask,Kelvin Chan,FlawlessFlatbreads,3493749
2026-07-02T04:10:45.889784,2026-07-02T04:10:45.901393+00:00,101.5,49,ask,EarnestEspressos,FlawlessFlatbreads,3493750
2026-07-02T04:10:47.264529,2026-07-02T04:10:47.274613+00:00,101.9,5,bid,CostlyCorianders,Kelvin Chan,3493783
