timestamp,recv_time,price,volume,aggressor_side,buyer,seller,trade_id
2026-07-01T20:59:59.306683,2026-07-01T11:00:00.704638+00:00,87.2,3,ask,,,2187761
2026-07-01T20:59:59.306683,2026-07-01T11:00:00.704638+00:00,87.2,10,ask,,,2187762
2026-07-01T20:59:59.306683,2026-07-01T11:00:00.704638+00:00,87.0,37,ask,,,2187763
2026-07-01T21:00:00.169422,2026-07-01T11:00:01.569719+00:00,87.3,100,ask,,,2187781
2026-07-01T21:00:01.415840,2026-07-01T11:00:03.107546+00:00,87.3,50,ask,,,2187809
2026-07-01T21:00:02.926385,2026-07-01T11:00:04.319598+00:00,86.8,49,ask,,,2187842
2026-07-01T21:00:03.525676,2026-07-01T11:00:04.922242+00:00,86.9,50,ask,,,2187858
2026-07-01T21:00:03.935838,2026-07-01T11:00:05.337728+00:00,87.2,47,bid,,,2187864
2026-07-01T21:00:04.526186,2026-07-01T11:00:05.927729+00:00,86.9,48,ask,,,2187888
2026-07-01T21:00:05.286003,2026-07-01T11:00:06.681220+00:00,87.2,103,bid,,,2187899
2026-07-01T21:00:05.637323,2026-07-01T11:00:07.032201+00:00,87.0,10,ask,,,2187909
2026-07-01T21:00:05.637323,2026-07-01T11:00:07.032201+00:00,86.9,2,ask,,,2187910
2026-07-01T21:00:05.637323,2026-07-01T11:00:07.042669+00:00,86.7,38,ask,,,2187911
2026-07-01T21:00:06.496468,2026-07-01T11:00:07.896735+00:00,87.3,100,ask,,,2187933
2026-07-01T21:00:07.745922,2026-07-01T11:00:09.147126+00:00,87.7,10,bid,,,2187964
2026-07-01T21:00:07.745922,2026-07-01T11:00:09.147126+00:00,87.8,37,bid,,,2187965
2026-07-01T21:00:07.752089,2026-07-01T11:00:09.147126+00:00,87.3,50,ask,,,2187966
2026-07-01T21:00:09.807637,2026-07-01T11:00:11.209257+00:00,87.4,50,bid,,,2188005
2026-07-01T21:00:10.536289,2026-07-01T11:00:12.150746+00:00,87.4,97,bid,,,2188027
2026-07-01T21:00:11.151344,2026-07-01T11:00:12.545670+00:00,87.4,3,bid,,,2188033
2026-07-01T21:00:11.723763,2026-07-01T11:00:13.124749+00:00,87.6,48,bid,,,2188044
2026-07-01T21:00:11.913831,2026-07-01T11:00:13.310967+00:00,87.6,50,bid,,,2188047
2026-07-01T21:00:14.040064,2026-07-01T11:00:15.447044+00:00,87.8,10,bid,,,2188087
2026-07-01T21:00:14.040064,2026-07-01T11:00:15.447044+00:00,87.9,40,bid,,,2188088
2026-07-01T21:00:15.260210,2026-07-01T11:00:16.659757+00:00,87.5,40,ask,,,2188110
2026-07-01T21:00:16.150926,2026-07-01T11:00:17.543640+00:00,87.8,50,bid,,,2188132
2026-07-01T21:00:18.262315,2026-07-01T11:00:19.666220+00:00,87.8,50,bid,,,2188168
2026-07-01T21:00:18.400115,2026-07-01T11:00:19.798191+00:00,87.5,100,ask,,,2188171
2026-07-01T21:00:18.782796,2026-07-01T11:00:20.181415+00:00,87.4,35,ask,,,2188175
2026-07-01T21:00:18.871858,2026-07-01T11:00:20.268502+00:00,87.4,50,ask,,,2188178
2026-07-01T21:00:18.874917,2026-07-01T11:00:20.268502+00:00,87.4,35,ask,,,2188179
2026-07-01T21:00:18.963810,2026-07-01T11:00:20.358548+00:00,87.4,30,ask,,,2188182
2026-07-01T21:00:20.203407,2026-07-01T11:00:21.595286+00:00,87.4,49,bid,,,2188203
2026-07-01T21:00:20.368043,2026-07-01T11:00:21.760285+00:00,87.4,50,bid,,,2188205
2026-07-01T21:00:21.289801,2026-07-01T11:00:22.689287+00:00,86.9,43,ask,,,2188229
2026-07-01T21:00:22.475375,2026-07-01T11:00:23.873292+00:00,87.4,50,bid,,,2188238
2026-07-01T21:00:24.419840,2026-07-01T11:00:25.818653+00:00,87.4,35,bid,,,2188269
2026-07-01T21:00:24.512938,2026-07-01T11:00:25.905780+00:00,87.4,35,bid,,,2188271
2026-07-01T21:00:24.603893,2026-07-01T11:00:26.003936+00:00,87.4,30,bid,,,2188273
2026-07-01T21:00:24.636475,2026-07-01T11:00:26.036781+00:00,87.3,50,ask,,,2188275
2026-07-01T21:00:25.084419,2026-07-01T11:00:26.476773+00:00,87.8,100,bid,,,2188292
2026-07-01T21:00:25.102147,2026-07-01T11:00:26.498774+00:00,87.8,35,ask,,,2188294
2026-07-01T21:00:25.160417,2026-07-01T11:00:26.564785+00:00,87.8,15,ask,,,2188298
2026-07-01T21:00:25.518194,2026-07-01T11:00:26.914986+00:00,87.7,100,ask,,,2188301
2026-07-01T21:00:26.694295,2026-07-01T11:00:28.094336+00:00,88.2,50,bid,,,2188323
2026-07-01T21:00:28.853013,2026-07-01T11:00:30.254793+00:00,87.2,50,ask,,,2188365
2026-07-01T21:00:30.970315,2026-07-01T11:00:32.365106+00:00,87.2,50,ask,,,2188402
2026-07-01T21:00:33.078794,2026-07-01T11:00:34.475802+00:00,87.2,1,ask,,,2188453
2026-07-01T21:00:33.078794,2026-07-01T11:00:34.475802+00:00,87.0,49,ask,,,2188454
2026-07-01T21:00:34.168045,2026-07-01T11:00:35.571010+00:00,87.4,35,bid,,,2188480
2026-07-01T21:00:34.280006,2026-07-01T11:00:35.680805+00:00,87.4,50,bid,,,2188483
2026-07-01T21:00:34.452967,2026-07-01T11:00:35.854808+00:00,87.4,15,bid,,,2188487
2026-07-01T21:00:35.220410,2026-07-01T11:00:36.625517+00:00,87.3,50,ask,,,2188505
2026-07-01T21:00:35.300495,2026-07-01T11:00:36.702517+00:00,87.3,42,ask,,,2188513
2026-07-01T21:00:35.933446,2026-07-01T11:00:37.335503+00:00,87.4,46,bid,,,2188530
2026-07-01T21:00:37.328007,2026-07-01T11:00:38.727406+00:00,87.3,8,ask,,,2188561
2026-07-01T21:00:37.328007,2026-07-01T11:00:38.727406+00:00,87.2,1,ask,,,2188562
2026-07-01T21:00:37.328007,2026-07-01T11:00:38.727406+00:00,86.9,41,ask,,,2188563
2026-07-01T21:00:38.310894,2026-07-01T11:00:39.703928+00:00,87.2,2,bid,,,2188598
2026-07-01T21:00:38.370816,2026-07-01T11:00:39.768379+00:00,87.0,47,ask,,,2188601
2026-07-01T21:00:39.440143,2026-07-01T11:00:40.841181+00:00,87.0,50,ask,,,2188617
2026-07-01T21:00:40.190861,2026-07-01T11:00:41.584817+00:00,87.0,3,ask,,,2188632
2026-07-01T21:00:40.190861,2026-07-01T11:00:41.584817+00:00,87.0,10,ask,,,2188633
2026-07-01T21:00:41.294189,2026-07-01T11:00:42.691822+00:00,87.1,43,bid,,,2188662
2026-07-01T21:00:41.545982,2026-07-01T11:00:42.944307+00:00,86.7,50,ask,,,2188667
2026-07-01T21:00:42.066119,2026-07-01T11:00:43.466509+00:00,87.1,57,bid,,,2188675
2026-07-01T21:00:42.278059,2026-07-01T11:00:43.675743+00:00,87.2,25,bid,,,2188686
2026-07-01T21:00:43.679881,2026-07-01T11:00:45.075829+00:00,87.0,1,ask,,,2188723
2026-07-01T21:00:43.679881,2026-07-01T11:00:45.075829+00:00,87.0,10,ask,,,2188724
2026-07-01T21:00:45.737205,2026-07-01T11:00:47.142516+00:00,87.2,50,bid,,,2188778
2026-07-01T21:00:45.987220,2026-07-01T11:00:47.383197+00:00,87.0,44,ask,,,2188788
2026-07-01T21:00:46.623444,2026-07-01T11:00:48.017837+00:00,87.2,44,bid,,,2188808
2026-07-01T21:00:47.737722,2026-07-01T11:00:49.146839+00:00,86.9,48,ask,,,2188825
2026-07-01T21:00:48.224676,2026-07-01T11:00:49.617052+00:00,87.2,43,bid,,,2188833
2026-07-01T21:00:49.978841,2026-07-01T11:00:51.370845+00:00,87.2,50,bid,,,2188871
2026-07-01T21:00:50.295779,2026-07-01T11:00:51.694847+00:00,87.2,7,bid,,,2188880
2026-07-01T21:00:51.314725,2026-07-01T11:00:52.710916+00:00,87.1,143,bid,,,2188903
2026-07-01T21:00:51.798188,2026-07-01T11:00:53.201423+00:00,87.0,10,ask,,,2188918
2026-07-01T21:00:51.798188,2026-07-01T11:00:53.201423+00:00,86.9,36,ask,,,2188919
2026-07-01T21:00:52.084120,2026-07-01T11:00:53.486851+00:00,87.1,7,bid,,,2188928
2026-07-01T21:00:52.084120,2026-07-01T11:00:53.486851+00:00,87.4,43,bid,,,2188929
2026-07-01T21:00:52.894295,2026-07-01T11:00:54.296720+00:00,87.4,40,bid,,,2188948
2026-07-01T21:00:53.492195,2026-07-01T11:00:54.889854+00:00,86.9,45,ask,,,2188958
2026-07-01T21:00:53.553125,2026-07-01T11:00:54.954856+00:00,87.4,17,bid,,,2188960
2026-07-01T21:00:53.808017,2026-07-01T11:00:55.206387+00:00,87.4,7,ask,,,2188962
2026-07-01T21:00:53.863326,2026-07-01T11:00:55.261386+00:00,87.4,6,ask,,,2188965
2026-07-01T21:00:54.272603,2026-07-01T11:00:55.667368+00:00,87.4,50,ask,,,2188979
2026-07-01T21:00:55.907147,2026-07-01T11:00:57.304928+00:00,87.4,6,ask,,,2189014
2026-07-01T21:00:56.384466,2026-07-01T11:00:57.787569+00:00,87.4,50,ask,,,2189018
2026-07-01T21:00:56.497684,2026-07-01T11:00:57.897102+00:00,87.4,6,ask,,,2189026
2026-07-01T21:00:58.187840,2026-07-01T11:00:59.589905+00:00,87.4,5,bid,,,2189062
2026-07-01T21:00:58.187840,2026-07-01T11:00:59.589905+00:00,87.6,40,bid,,,2189063
2026-07-01T21:00:58.490340,2026-07-01T11:00:59.885167+00:00,87.3,50,ask,,,2189073
2026-07-01T21:01:00.598466,2026-07-01T11:01:01.993245+00:00,87.2,50,ask,,,2189115
2026-07-01T21:01:02.704730,2026-07-01T11:01:04.105315+00:00,87.2,50,ask,,,2189155
2026-07-01T21:01:02.945639,2026-07-01T11:01:04.345889+00:00,87.2,48,ask,,,2189158
2026-07-01T21:01:03.105438,2026-07-01T11:01:04.499226+00:00,87.0,100,ask,,,2189167
2026-07-01T21:01:03.501582,2026-07-01T11:01:04.894388+00:00,86.9,43,bid,,,2189174
2026-07-01T21:01:03.760797,2026-07-01T11:01:05.156758+00:00,86.9,4,bid,,,2189180
2026-07-01T21:01:03.886706,2026-07-01T11:01:05.287841+00:00,86.9,2,bid,,,2189182
2026-07-01T21:01:03.980058,2026-07-01T11:01:05.375883+00:00,86.9,1,bid,,,2189183
2026-07-01T21:01:04.813711,2026-07-01T11:01:06.216617+00:00,87.1,1,ask,,,2189206
2026-07-01T21:01:04.813711,2026-07-01T11:01:06.216617+00:00,87.1,10,ask,,,2189207
2026-07-01T21:01:04.813711,2026-07-01T11:01:06.216617+00:00,86.7,39,ask,,,2189208
2026-07-01T21:01:05.159477,2026-07-01T11:01:06.554321+00:00,86.8,10,ask,,,2189216
2026-07-01T21:01:05.159477,2026-07-01T11:01:06.554321+00:00,86.7,32,ask,,,2189217
2026-07-01T21:01:06.600517,2026-07-01T11:01:07.995953+00:00,86.9,100,ask,,,2189248
2026-07-01T21:01:06.807379,2026-07-01T11:01:08.202660+00:00,87.2,10,bid,,,2189259
2026-07-01T21:01:06.807379,2026-07-01T11:01:08.202660+00:00,87.4,2,bid,,,2189260
2026-07-01T21:01:06.807379,2026-07-01T11:01:08.202660+00:00,87.4,30,bid,,,2189261
2026-07-01T21:01:06.924329,2026-07-01T11:01:08.324757+00:00,86.9,50,ask,,,2189263
2026-07-01T21:01:07.968091,2026-07-01T11:01:09.365736+00:00,87.2,10,bid,,,2189282
2026-07-01T21:01:07.968091,2026-07-01T11:01:09.365736+00:00,87.3,5,bid,,,2189283
2026-07-01T21:01:08.574361,2026-07-01T11:01:09.968313+00:00,87.0,1,ask,,,2189305
2026-07-01T21:01:08.980740,2026-07-01T11:01:10.374456+00:00,87.3,3,bid,,,2189312
2026-07-01T21:01:08.980740,2026-07-01T11:01:10.384897+00:00,87.4,47,bid,,,2189313
2026-07-01T21:01:09.709444,2026-07-01T11:01:11.108897+00:00,87.3,47,bid,,,2189325
2026-07-01T21:01:10.938267,2026-07-01T11:01:12.336901+00:00,87.0,1,ask,,,2189342
2026-07-01T21:01:10.938267,2026-07-01T11:01:12.336901+00:00,86.8,41,ask,,,2189343
2026-07-01T21:01:12.316554,2026-07-01T11:01:13.715846+00:00,87.3,25,bid,,,2189377
2026-07-01T21:01:13.194679,2026-07-01T11:01:14.592907+00:00,87.2,50,bid,,,2189395
2026-07-01T21:01:15.301605,2026-07-01T11:01:16.702836+00:00,87.2,50,bid,,,2189428
2026-07-01T21:01:15.485449,2026-07-01T11:01:16.888327+00:00,87.0,4,ask,,,2189436
2026-07-01T21:01:15.485449,2026-07-01T11:01:16.888327+00:00,87.0,10,ask,,,2189437
2026-07-01T21:01:15.485449,2026-07-01T11:01:16.888327+00:00,86.8,34,ask,,,2189438
2026-07-01T21:01:16.687334,2026-07-01T11:01:18.080123+00:00,87.2,43,bid,,,2189461
2026-07-01T21:01:19.565140,2026-07-01T11:01:20.965924+00:00,87.0,50,ask,,,2189529
2026-07-01T21:01:21.621354,2026-07-01T11:01:23.024040+00:00,87.2,10,bid,,,2189561
2026-07-01T21:01:21.621354,2026-07-01T11:01:23.024040+00:00,87.3,1,bid,,,2189562
2026-07-01T21:01:21.621354,2026-07-01T11:01:23.024040+00:00,87.3,39,bid,,,2189563
2026-07-01T21:01:21.694978,2026-07-01T11:01:23.089655+00:00,87.0,43,ask,,,2189567
2026-07-01T21:01:22.183014,2026-07-01T11:01:23.584655+00:00,87.0,7,ask,,,2189572
2026-07-01T21:01:22.183014,2026-07-01T11:01:23.584655+00:00,87.0,39,ask,,,2189573
2026-07-01T21:01:23.732487,2026-07-01T11:01:25.126794+00:00,87.2,2,bid,,,2189608
2026-07-01T21:01:23.732487,2026-07-01T11:01:25.126794+00:00,87.2,48,bid,,,2189609
2026-07-01T21:01:26.451831,2026-07-01T11:01:27.846452+00:00,87.3,4,bid,,,2189671
2026-07-01T21:01:26.451831,2026-07-01T11:01:27.846452+00:00,87.4,41,bid,,,2189672
2026-07-01T21:01:27.426368,2026-07-01T11:01:28.820477+00:00,87.2,10,bid,,,2189691
2026-07-01T21:01:27.426368,2026-07-01T11:01:28.831477+00:00,87.3,5,bid,,,2189692
2026-07-01T21:01:27.426368,2026-07-01T11:01:28.831477+00:00,87.4,28,bid,,,2189693
2026-07-01T21:01:27.949991,2026-07-01T11:01:29.346945+00:00,87.4,50,bid,,,2189707
2026-07-01T21:01:28.386858,2026-07-01T11:01:29.784296+00:00,87.3,5,bid,,,2189719
2026-07-01T21:01:28.386858,2026-07-01T11:01:29.784296+00:00,87.5,100,bid,,,2189720
2026-07-01T21:01:29.042831,2026-07-01T11:01:30.441987+00:00,87.5,5,ask,,,2189727
2026-07-01T21:01:29.164871,2026-07-01T11:01:30.562566+00:00,87.5,4,ask,,,2189730
2026-07-01T21:01:29.551515,2026-07-01T11:01:30.946613+00:00,87.5,36,ask,,,2189741
2026-07-01T21:01:29.551515,2026-07-01T11:01:30.946613+00:00,87.4,7,ask,,,2189742
2026-07-01T21:01:30.091635,2026-07-01T11:01:31.492060+00:00,87.4,4,ask,,,2189749
2026-07-01T21:01:30.205568,2026-07-01T11:01:31.600626+00:00,87.4,4,ask,,,2189754
2026-07-01T21:01:30.541952,2026-07-01T11:01:31.940082+00:00,87.8,10,bid,,,2189763
2026-07-01T21:01:30.541952,2026-07-01T11:01:31.940082+00:00,87.9,37,bid,,,2189764
2026-07-01T21:01:30.624633,2026-07-01T11:01:32.016953+00:00,87.4,4,ask,,,2189765
2026-07-01T21:01:30.692822,2026-07-01T11:01:32.093963+00:00,87.4,4,ask,,,2189767
2026-07-01T21:01:31.629335,2026-07-01T11:01:33.022374+00:00,87.4,77,ask,,,2189786
2026-07-01T21:01:32.342212,2026-07-01T11:01:33.743361+00:00,87.3,25,bid,,,2189801
2026-07-01T21:01:34.286170,2026-07-01T11:01:35.680954+00:00,87.3,48,bid,,,2189836
2026-07-01T21:01:35.553020,2026-07-01T11:01:36.952086+00:00,87.4,45,ask,,,2189870
2026-07-01T21:01:36.444746,2026-07-01T11:01:37.839969+00:00,87.4,50,ask,,,2189895
2026-07-01T21:01:37.051018,2026-07-01T11:01:38.451752+00:00,87.4,42,ask,,,2189905
2026-07-01T21:01:38.502068,2026-07-01T11:01:39.904525+00:00,87.4,50,bid,,,2189939
2026-07-01T21:01:40.619309,2026-07-01T11:01:42.022191+00:00,87.4,50,bid,,,2189979
2026-07-01T21:01:42.006099,2026-07-01T11:01:43.404111+00:00,87.5,3,bid,,,2190007
2026-07-01T21:01:42.006099,2026-07-01T11:01:43.404111+00:00,87.6,39,bid,,,2190008
2026-07-01T21:01:42.726193,2026-07-01T11:01:44.126987+00:00,87.5,5,bid,,,2190022
2026-07-01T21:01:42.726193,2026-07-01T11:01:44.126987+00:00,87.6,45,bid,,,2190023
2026-07-01T21:01:44.532538,2026-07-01T11:01:45.924962+00:00,87.9,42,bid,,,2190073
2026-07-01T21:01:44.592215,2026-07-01T11:01:45.990476+00:00,87.4,47,ask,,,2190074
2026-07-01T21:01:44.887470,2026-07-01T11:01:46.285583+00:00,87.4,50,ask,,,2190083
2026-07-01T21:01:46.673038,2026-07-01T11:01:48.079972+00:00,87.4,45,ask,,,2190122
2026-07-01T21:01:46.995001,2026-07-01T11:01:48.388062+00:00,87.4,8,ask,,,2190132
2026-07-01T21:01:46.995001,2026-07-01T11:01:48.399061+00:00,87.4,42,ask,,,2190133
2026-07-01T21:01:47.281600,2026-07-01T11:01:48.682437+00:00,87.8,10,bid,,,2190140
2026-07-01T21:01:47.281600,2026-07-01T11:01:48.682437+00:00,87.9,32,bid,,,2190141
2026-07-01T21:01:49.105286,2026-07-01T11:01:50.502473+00:00,87.2,50,ask,,,2190181
2026-07-01T21:01:50.056965,2026-07-01T11:01:51.453740+00:00,87.2,49,ask,,,2190196
2026-07-01T21:01:51.159464,2026-07-01T11:01:52.559028+00:00,87.3,50,bid,,,2190223
2026-07-01T21:01:52.240249,2026-07-01T11:01:53.641957+00:00,87.3,45,bid,,,2190242
2026-07-01T21:01:52.372032,2026-07-01T11:01:53.773505+00:00,87.3,3,bid,,,2190247
2026-07-01T21:01:52.814325,2026-07-01T11:01:54.211390+00:00,87.3,41,bid,,,2190251
2026-07-01T21:01:53.268059,2026-07-01T11:01:54.672011+00:00,87.3,11,bid,,,2190261
2026-07-01T21:01:53.268059,2026-07-01T11:01:54.672011+00:00,87.3,39,bid,,,2190262
2026-07-01T21:01:53.767375,2026-07-01T11:01:55.167018+00:00,87.3,61,bid,,,2190268
2026-07-01T21:01:53.767375,2026-07-01T11:01:55.167018+00:00,87.6,6,bid,,,2190269
2026-07-01T21:01:54.501014,2026-07-01T11:01:55.899503+00:00,87.6,35,ask,,,2190299
2026-07-01T21:01:54.594787,2026-07-01T11:01:55.997844+00:00,87.6,35,ask,,,2190302
2026-07-01T21:01:54.683849,2026-07-01T11:01:56.085568+00:00,87.6,13,ask,,,2190309
2026-07-01T21:01:55.381274,2026-07-01T11:01:56.787018+00:00,87.5,6,bid,,,2190322
2026-07-01T21:01:55.381274,2026-07-01T11:01:56.787018+00:00,87.8,44,bid,,,2190323
2026-07-01T21:01:56.893053,2026-07-01T11:01:58.294519+00:00,87.3,41,ask,,,2190353
2026-07-01T21:01:57.490048,2026-07-01T11:01:58.897022+00:00,87.4,50,bid,,,2190369
2026-07-01T21:01:59.602893,2026-07-01T11:02:00.998805+00:00,87.4,50,bid,,,2190438
2026-07-01T21:01:59.657609,2026-07-01T11:02:01.053350+00:00,87.4,46,bid,,,2190441
2026-07-01T21:02:00.106437,2026-07-01T11:02:01.503532+00:00,87.6,1,bid,,,2190461
2026-07-01T21:02:00.189268,2026-07-01T11:02:01.590741+00:00,87.6,35,ask,,,2190467
2026-07-01T21:02:00.205661,2026-07-01T11:02:01.612741+00:00,87.6,50,ask,,,2190469
2026-07-01T21:02:00.218780,2026-07-01T11:02:01.623516+00:00,87.6,40,ask,,,2190471
2026-07-01T21:02:00.280435,2026-07-01T11:02:01.678884+00:00,87.6,24,ask,,,2190473
2026-07-01T21:02:00.676476,2026-07-01T11:02:02.074123+00:00,87.7,10,bid,,,2190477
2026-07-01T21:02:00.676476,2026-07-01T11:02:02.074123+00:00,87.8,30,bid,,,2190478
2026-07-01T21:02:01.716909,2026-07-01T11:02:03.112681+00:00,87.8,50,bid,,,2190507
2026-07-01T21:02:03.483324,2026-07-01T11:02:04.876866+00:00,87.5,100,bid,,,2190553
2026-07-01T21:02:03.857715,2026-07-01T11:02:05.261051+00:00,87.5,50,bid,,,2190564
2026-07-01T21:02:06.033682,2026-07-01T11:02:07.428962+00:00,87.3,1,ask,,,2190613
2026-07-01T21:02:06.033682,2026-07-01T11:02:07.439961+00:00,87.0,49,ask,,,2190614
2026-07-01T21:02:06.932595,2026-07-01T11:02:08.326530+00:00,87.3,48,ask,,,2190647
2026-07-01T21:02:07.547987,2026-07-01T11:02:08.948503+00:00,87.6,44,bid,,,2190664
2026-07-01T21:02:08.140917,2026-07-01T11:02:09.536716+00:00,87.3,50,ask,,,2190676
2026-07-01T21:02:08.174238,2026-07-01T11:02:09.569715+00:00,87.3,41,ask,,,2190677
2026-07-01T21:02:09.654328,2026-07-01T11:02:11.055175+00:00,87.4,4,ask,,,2190726
2026-07-01T21:02:09.806774,2026-07-01T11:02:11.208726+00:00,87.2,100,bid,,,2190727
2026-07-01T21:02:10.376156,2026-07-01T11:02:11.779143+00:00,87.2,4,bid,,,2190743
2026-07-01T21:02:10.900977,2026-07-01T11:02:12.303435+00:00,87.2,4,bid,,,2190750
2026-07-01T21:02:11.034234,2026-07-01T11:02:12.435061+00:00,87.2,3,bid,,,2190758
2026-07-01T21:02:12.315423,2026-07-01T11:02:13.715230+00:00,87.2,35,bid,,,2190784
2026-07-01T21:02:12.936146,2026-07-01T11:02:14.338063+00:00,87.3,150,ask,,,2190811
2026-07-01T21:02:13.356894,2026-07-01T11:02:14.754373+00:00,87.1,42,bid,,,2190819
2026-07-01T21:02:14.423393,2026-07-01T11:02:15.824029+00:00,87.1,50,bid,,,2190857
2026-07-01T21:02:15.546747,2026-07-01T11:02:16.942068+00:00,87.1,3,bid,,,2190886
2026-07-01T21:02:16.529893,2026-07-01T11:02:17.928516+00:00,87.1,50,bid,,,2190907
2026-07-01T21:02:17.748770,2026-07-01T11:02:19.143541+00:00,87.0,49,ask,,,2190930
2026-07-01T21:02:18.638191,2026-07-01T11:02:20.031145+00:00,87.1,50,bid,,,2190952
2026-07-01T21:02:19.318341,2026-07-01T11:02:20.721077+00:00,87.4,4,bid,,,2190978
2026-07-01T21:02:19.318341,2026-07-01T11:02:20.721077+00:00,87.5,37,bid,,,2190979
2026-07-01T21:02:19.983123,2026-07-01T11:02:21.380080+00:00,87.0,44,ask,,,2190992
2026-07-01T21:02:20.574747,2026-07-01T11:02:21.971081+00:00,87.0,40,ask,,,2191001
2026-07-01T21:02:20.748360,2026-07-01T11:02:22.145597+00:00,87.4,50,bid,,,2191012
2026-07-01T21:02:22.908887,2026-07-01T11:02:24.311086+00:00,87.0,50,ask,,,2191055
2026-07-01T21:02:24.107477,2026-07-01T11:02:25.501821+00:00,87.2,44,bid,,,2191078
2026-07-01T21:02:25.016240,2026-07-01T11:02:26.419689+00:00,87.1,1,ask,,,2191097
2026-07-01T21:02:25.016240,2026-07-01T11:02:26.419689+00:00,87.1,10,ask,,,2191098
2026-07-01T21:02:25.016240,2026-07-01T11:02:26.419689+00:00,87.0,39,ask,,,2191099
2026-07-01T21:02:26.313565,2026-07-01T11:02:27.712599+00:00,87.1,1,ask,,,2191129
2026-07-01T21:02:27.127988,2026-07-01T11:02:28.521790+00:00,87.0,50,ask,,,2191138
2026-07-01T21:02:29.068466,2026-07-01T11:02:30.461102+00:00,87.3,44,bid,,,2191171
2026-07-01T21:02:29.237094,2026-07-01T11:02:30.636510+00:00,87.1,5,ask,,,2191175
2026-07-01T21:02:29.237094,2026-07-01T11:02:30.636510+00:00,86.9,45,ask,,,2191176
2026-07-01T21:02:31.346248,2026-07-01T11:02:32.740808+00:00,87.1,5,ask,,,2191205
2026-07-01T21:02:31.346248,2026-07-01T11:02:32.740808+00:00,86.9,45,ask,,,2191206
2026-07-01T21:02:31.807759,2026-07-01T11:02:33.201677+00:00,86.9,4,bid,,,2191220
2026-07-01T21:02:31.813539,2026-07-01T11:02:33.212677+00:00,86.9,146,bid,,,2191221
2026-07-01T21:02:32.628067,2026-07-01T11:02:34.022586+00:00,87.3,2,bid,,,2191239
2026-07-01T21:02:33.454770,2026-07-01T11:02:34.856113+00:00,87.0,3,ask,,,2191262
2026-07-01T21:02:33.454770,2026-07-01T11:02:34.856113+00:00,86.9,47,ask,,,2191263
2026-07-01T21:02:35.563004,2026-07-01T11:02:36.958811+00:00,87.2,50,ask,,,2191320
2026-07-01T21:02:37.129610,2026-07-01T11:02:38.526054+00:00,87.2,49,ask,,,2191359
2026-07-01T21:02:37.674492,2026-07-01T11:02:39.074572+00:00,87.2,50,ask,,,2191367
2026-07-01T21:02:37.900085,2026-07-01T11:02:39.295582+00:00,87.2,1,ask,,,2191380
2026-07-01T21:02:38.141834,2026-07-01T11:02:39.546701+00:00,87.0,3,ask,,,2191384
2026-07-01T21:02:38.141834,2026-07-01T11:02:39.546701+00:00,86.9,100,ask,,,2191385
2026-07-01T21:02:38.152284,2026-07-01T11:02:39.546701+00:00,86.7,5,bid,,,2191387
2026-07-01T21:02:38.196738,2026-07-01T11:02:39.590701+00:00,86.7,42,bid,,,2191389
2026-07-01T21:02:38.445951,2026-07-01T11:02:39.844006+00:00,86.7,100,bid,,,2191393
2026-07-01T21:02:38.908075,2026-07-01T11:02:40.302177+00:00,87.3,1,bid,,,2191399
2026-07-01T21:02:39.730372,2026-07-01T11:02:41.123480+00:00,87.3,3,bid,,,2191418
2026-07-01T21:02:41.837129,2026-07-01T11:02:43.241031+00:00,87.1,50,bid,,,2191477
2026-07-01T21:02:44.418067,2026-07-01T11:02:45.813193+00:00,87.0,2,ask,,,2191545
2026-07-01T21:02:46.102820,2026-07-01T11:02:47.498079+00:00,86.9,50,ask,,,2191584
2026-07-01T21:02:48.160028,2026-07-01T11:02:49.563474+00:00,87.3,1,bid,,,2191623
2026-07-01T21:02:48.160028,2026-07-01T11:02:49.563474+00:00,87.3,49,bid,,,2191624
2026-07-01T21:02:50.270075,2026-07-01T11:02:51.671431+00:00,87.3,50,bid,,,2191672
2026-07-01T21:02:50.960074,2026-07-01T11:02:52.360534+00:00,87.2,48,ask,,,2191695
2026-07-01T21:02:52.377191,2026-07-01T11:02:53.779189+00:00,87.3,2,bid,,,2191734
2026-07-01T21:02:52.377191,2026-07-01T11:02:53.779189+00:00,87.4,48,bid,,,2191735
2026-07-01T21:02:54.494754,2026-07-01T11:02:55.910609+00:00,87.7,50,bid,,,2191778
2026-07-01T21:02:56.607233,2026-07-01T11:02:58.009623+00:00,87.4,2,bid,,,2191834
2026-07-01T21:02:56.607233,2026-07-01T11:02:58.009623+00:00,87.4,10,bid,,,2191835
2026-07-01T21:02:56.607233,2026-07-01T11:02:58.009623+00:00,87.7,38,bid,,,2191836
2026-07-01T21:02:57.142550,2026-07-01T11:02:58.544655+00:00,87.4,35,ask,,,2191850
2026-07-01T21:02:57.215362,2026-07-01T11:02:58.610666+00:00,87.4,50,ask,,,2191852
2026-07-01T21:02:57.241747,2026-07-01T11:02:58.643204+00:00,87.4,35,ask,,,2191857
2026-07-01T21:02:57.339785,2026-07-01T11:02:58.741485+00:00,87.4,30,ask,,,2191859
2026-07-01T21:02:58.723903,2026-07-01T11:03:00.120630+00:00,87.5,1,bid,,,2191887
2026-07-01T21:02:58.723903,2026-07-01T11:03:00.120630+00:00,87.6,49,bid,,,2191888
2026-07-01T21:03:00.480982,2026-07-01T11:03:01.883295+00:00,87.4,100,bid,,,2191934
2026-07-01T21:03:00.831616,2026-07-01T11:03:02.233705+00:00,87.4,50,bid,,,2191944
2026-07-01T21:03:02.305733,2026-07-01T11:03:03.705931+00:00,87.9,44,bid,,,2191974
2026-07-01T21:03:03.018125,2026-07-01T11:03:04.415540+00:00,87.1,3,ask,,,2191992
2026-07-01T21:03:03.518669,2026-07-01T11:03:04.921829+00:00,87.4,50,ask,,,2192003
2026-07-01T21:03:03.528986,2026-07-01T11:03:04.921829+00:00,87.4,35,ask,,,2192005
2026-07-01T21:03:03.618806,2026-07-01T11:03:05.020222+00:00,87.4,26,ask,,,2192007
2026-07-01T21:03:03.718932,2026-07-01T11:03:05.118072+00:00,87.4,39,ask,,,2192011
2026-07-01T21:03:04.361046,2026-07-01T11:03:05.762191+00:00,87.6,46,bid,,,2192019
2026-07-01T21:03:05.047066,2026-07-01T11:03:06.449639+00:00,87.3,5,ask,,,2192041
2026-07-01T21:03:05.047066,2026-07-01T11:03:06.449639+00:00,87.1,35,ask,,,2192042
2026-07-01T21:03:05.074427,2026-07-01T11:03:06.471640+00:00,87.6,50,bid,,,2192043
2026-07-01T21:03:06.833117,2026-07-01T11:03:08.235395+00:00,87.4,100,bid,,,2192076
2026-07-01T21:03:07.192427,2026-07-01T11:03:08.585346+00:00,87.4,50,bid,,,2192078
2026-07-01T21:03:09.301587,2026-07-01T11:03:10.705331+00:00,87.9,50,bid,,,2192125
2026-07-01T21:03:09.856697,2026-07-01T11:03:11.253733+00:00,87.5,50,ask,,,2192146
2026-07-01T21:03:09.984700,2026-07-01T11:03:11.385297+00:00,87.5,3,ask,,,2192148
2026-07-01T21:03:10.171947,2026-07-01T11:03:11.570773+00:00,87.5,46,ask,,,2192150
2026-07-01T21:03:10.779781,2026-07-01T11:03:12.184368+00:00,87.5,51,ask,,,2192170
2026-07-01T21:03:10.833894,2026-07-01T11:03:12.239377+00:00,87.3,5,ask,,,2192172
2026-07-01T21:03:12.785814,2026-07-01T11:03:14.180102+00:00,87.7,41,bid,,,2192226
2026-07-01T21:03:13.000098,2026-07-01T11:03:14.400130+00:00,87.2,100,ask,,,2192230
2026-07-01T21:03:13.520525,2026-07-01T11:03:14.915688+00:00,87.2,50,bid,,,2192245
2026-07-01T21:03:16.402838,2026-07-01T11:03:17.796346+00:00,87.3,100,ask,,,2192326
2026-07-01T21:03:16.495122,2026-07-01T11:03:17.894377+00:00,87.3,50,ask,,,2192327
2026-07-01T21:03:16.529791,2026-07-01T11:03:17.926894+00:00,87.4,10,bid,,,2192334
2026-07-01T21:03:17.793513,2026-07-01T11:03:19.196907+00:00,86.8,50,ask,,,2192362
2026-07-01T21:03:20.906792,2026-07-01T11:03:22.305467+00:00,87.0,49,ask,,,2192428
2026-07-01T21:03:22.010182,2026-07-01T11:03:23.404496+00:00,87.0,50,ask,,,2192466
2026-07-01T21:03:22.468660,2026-07-01T11:03:23.873124+00:00,87.1,3,ask,,,2192473
2026-07-01T21:03:22.480110,2026-07-01T11:03:23.873124+00:00,87.0,1,ask,,,2192475
2026-07-01T21:03:23.751815,2026-07-01T11:03:25.153924+00:00,87.0,4,bid,,,2192497
2026-07-01T21:03:24.481532,2026-07-01T11:03:25.876169+00:00,87.0,3,bid,,,2192511
2026-07-01T21:03:24.756325,2026-07-01T11:03:26.153353+00:00,87.0,3,bid,,,2192514
2026-07-01T21:03:24.868193,2026-07-01T11:03:26.263256+00:00,87.0,3,bid,,,2192515
2026-07-01T21:03:26.221147,2026-07-01T11:03:27.619468+00:00,86.7,50,ask,,,2192544
2026-07-01T21:03:26.607572,2026-07-01T11:03:28.002353+00:00,87.2,35,bid,,,2192557
2026-07-01T21:03:26.707022,2026-07-01T11:03:28.101487+00:00,87.2,35,bid,,,2192568
2026-07-01T21:03:26.785964,2026-07-01T11:03:28.188619+00:00,87.2,50,bid,,,2192573
2026-07-01T21:03:26.806210,2026-07-01T11:03:28.210618+00:00,87.2,30,bid,,,2192575
2026-07-01T21:03:26.806210,2026-07-01T11:03:28.210618+00:00,87.2,5,bid,,,2192576
2026-07-01T21:03:26.907273,2026-07-01T11:03:28.308430+00:00,87.2,35,bid,,,2192580
2026-07-01T21:03:26.998998,2026-07-01T11:03:28.395634+00:00,87.2,35,bid,,,2192585
2026-07-01T21:03:27.090457,2026-07-01T11:03:28.492256+00:00,87.2,1,bid,,,2192589
2026-07-01T21:03:27.167734,2026-07-01T11:03:28.568477+00:00,87.2,24,bid,,,2192591
2026-07-01T21:03:28.332090,2026-07-01T11:03:29.748556+00:00,86.7,50,ask,,,2192616
2026-07-01T21:03:29.073296,2026-07-01T11:03:30.469906+00:00,87.5,40,bid,,,2192633
2026-07-01T21:03:30.440083,2026-07-01T11:03:31.861582+00:00,87.0,50,ask,,,2192651
2026-07-01T21:03:32.111256,2026-07-01T11:03:33.508140+00:00,87.3,3,bid,,,2192671
2026-07-01T21:03:32.111256,2026-07-01T11:03:33.519131+00:00,87.4,45,bid,,,2192672
2026-07-01T21:03:32.548495,2026-07-01T11:03:33.965867+00:00,86.9,1,ask,,,2192680
2026-07-01T21:03:32.548495,2026-07-01T11:03:33.965867+00:00,86.9,49,ask,,,2192681
2026-07-01T21:03:33.649752,2026-07-01T11:03:35.052189+00:00,87.3,3,bid,,,2192725
2026-07-01T21:03:33.649752,2026-07-01T11:03:35.052189+00:00,87.4,42,bid,,,2192726
2026-07-01T21:03:33.706572,2026-07-01T11:03:35.107106+00:00,87.1,10,ask,,,2192727
2026-07-01T21:03:33.706572,2026-07-01T11:03:35.107106+00:00,87.0,3,ask,,,2192728
2026-07-01T21:03:33.706572,2026-07-01T11:03:35.107106+00:00,86.9,28,ask,,,2192729
2026-07-01T21:03:34.656293,2026-07-01T11:03:36.057673+00:00,87.0,2,ask,,,2192755
2026-07-01T21:03:34.656293,2026-07-01T11:03:36.057673+00:00,86.9,48,ask,,,2192756
2026-07-01T21:03:36.766174,2026-07-01T11:03:38.162936+00:00,87.0,50,ask,,,2192818
2026-07-01T21:03:38.873908,2026-07-01T11:03:40.268220+00:00,87.0,1,ask,,,2192870
2026-07-01T21:03:38.873908,2026-07-01T11:03:40.279232+00:00,86.9,49,ask,,,2192871
2026-07-01T21:03:39.469016,2026-07-01T11:03:40.869803+00:00,87.0,1,ask,,,2192885
2026-07-01T21:03:39.469016,2026-07-01T11:03:40.869803+00:00,86.9,45,ask,,,2192886
2026-07-01T21:03:40.986402,2026-07-01T11:03:42.388286+00:00,87.0,1,ask,,,2192921
2026-07-01T21:03:40.986402,2026-07-01T11:03:42.388286+00:00,86.9,6,ask,,,2192922
2026-07-01T21:03:40.986402,2026-07-01T11:03:42.388286+00:00,86.7,43,ask,,,2192923
2026-07-01T21:03:43.099465,2026-07-01T11:03:44.497359+00:00,86.9,1,ask,,,2192979
2026-07-01T21:03:43.718473,2026-07-01T11:03:45.121084+00:00,87.1,24,bid,,,2192992
2026-07-01T21:03:43.761602,2026-07-01T11:03:45.165098+00:00,87.1,50,bid,,,2192994
2026-07-01T21:03:43.886950,2026-07-01T11:03:45.284818+00:00,87.1,50,bid,,,2192996
2026-07-01T21:03:44.011808,2026-07-01T11:03:45.414675+00:00,87.1,26,bid,,,2192998
2026-07-01T21:03:44.618109,2026-07-01T11:03:46.018199+00:00,87.1,100,bid,,,2193017
2026-07-01T21:03:44.618109,2026-07-01T11:03:46.018199+00:00,87.3,3,bid,,,2193018
2026-07-01T21:03:45.160657,2026-07-01T11:03:46.554449+00:00,87.3,4,ask,,,2193033
2026-07-01T21:03:45.203556,2026-07-01T11:03:46.597964+00:00,87.3,4,ask,,,2193034
2026-07-01T21:03:45.207446,2026-07-01T11:03:46.608975+00:00,87.3,39,ask,,,2193035
2026-07-01T21:03:45.207446,2026-07-01T11:03:46.608975+00:00,87.0,11,ask,,,2193036
2026-07-01T21:03:46.511279,2026-07-01T11:03:47.904422+00:00,87.0,48,ask,,,2193076
2026-07-01T21:03:47.263973,2026-07-01T11:03:48.659171+00:00,87.2,4,bid,,,2193101
2026-07-01T21:03:47.263973,2026-07-01T11:03:48.670592+00:00,87.5,46,bid,,,2193102
2026-07-01T21:03:49.075713,2026-07-01T11:03:50.473323+00:00,87.1,49,bid,,,2193145
2026-07-01T21:03:51.530946,2026-07-01T11:03:52.933532+00:00,86.9,3,ask,,,2193185
2026-07-01T21:03:51.530946,2026-07-01T11:03:52.933532+00:00,86.8,47,ask,,,2193186
2026-07-01T21:03:55.693327,2026-07-01T11:03:57.087056+00:00,87.0,50,bid,,,2193276
2026-07-01T21:03:55.748719,2026-07-01T11:03:57.142135+00:00,86.9,1,ask,,,2193279
2026-07-01T21:03:55.748719,2026-07-01T11:03:57.153146+00:00,86.8,46,ask,,,2193280
2026-07-01T21:03:57.800450,2026-07-01T11:03:59.203095+00:00,87.1,50,bid,,,2193327
2026-07-01T21:03:58.799440,2026-07-01T11:04:00.199770+00:00,87.1,45,bid,,,2193354
2026-07-01T21:03:59.837043,2026-07-01T11:04:01.237315+00:00,86.9,1,ask,,,2193364
2026-07-01T21:03:59.925550,2026-07-01T11:04:01.324578+00:00,87.1,5,bid,,,2193367
2026-07-01T21:03:59.925550,2026-07-01T11:04:01.335578+00:00,87.2,2,bid,,,2193368
2026-07-01T21:03:59.925550,2026-07-01T11:04:01.335578+00:00,87.2,43,bid,,,2193369
2026-07-01T21:04:01.900333,2026-07-01T11:04:03.303116+00:00,87.3,47,bid,,,2193423
2026-07-01T21:04:02.091429,2026-07-01T11:04:03.489631+00:00,86.9,50,ask,,,2193428
2026-07-01T21:04:02.561553,2026-07-01T11:04:03.959134+00:00,86.9,2,ask,,,2193436
2026-07-01T21:04:03.240601,2026-07-01T11:04:04.633801+00:00,87.3,46,bid,,,2193454
2026-07-01T21:04:03.819142,2026-07-01T11:04:05.212654+00:00,87.0,100,bid,,,2193475
2026-07-01T21:04:04.148327,2026-07-01T11:04:05.551644+00:00,87.0,50,bid,,,2193477
2026-07-01T21:04:06.189501,2026-07-01T11:04:07.591238+00:00,86.5,43,ask,,,2193523
2026-07-01T21:04:07.303242,2026-07-01T11:04:08.705003+00:00,87.1,94,ask,,,2193548
2026-07-01T21:04:07.306508,2026-07-01T11:04:08.705003+00:00,87.1,56,ask,,,2193549
2026-07-01T21:04:07.571202,2026-07-01T11:04:08.967024+00:00,86.9,2,ask,,,2193561
2026-07-01T21:04:08.435499,2026-07-01T11:04:09.830514+00:00,86.9,2,ask,,,2193585
2026-07-01T21:04:08.435499,2026-07-01T11:04:09.841449+00:00,86.8,48,ask,,,2193586
2026-07-01T21:04:10.021308,2026-07-01T11:04:11.422099+00:00,86.9,2,ask,,,2193624
2026-07-01T21:04:10.544907,2026-07-01T11:04:11.945913+00:00,86.6,50,ask,,,2193631
2026-07-01T21:04:11.656399,2026-07-01T11:04:13.051891+00:00,86.6,47,ask,,,2193641
2026-07-01T21:04:12.677916,2026-07-01T11:04:14.076766+00:00,86.6,3,ask,,,2193662
2026-07-01T21:04:12.677916,2026-07-01T11:04:14.076766+00:00,86.4,47,ask,,,2193663
2026-07-01T21:04:13.196778,2026-07-01T11:04:14.599696+00:00,86.6,150,bid,,,2193671
2026-07-01T21:04:13.421172,2026-07-01T11:04:14.819435+00:00,86.7,35,bid,,,2193678
2026-07-01T21:04:13.513324,2026-07-01T11:04:14.906795+00:00,86.7,21,bid,,,2193688
2026-07-01T21:04:13.660814,2026-07-01T11:04:15.059413+00:00,86.7,40,bid,,,2193692
2026-07-01T21:04:14.721840,2026-07-01T11:04:16.117074+00:00,86.3,10,ask,,,2193709
2026-07-01T21:04:14.811863,2026-07-01T11:04:16.214371+00:00,86.2,50,ask,,,2193710
2026-07-01T21:04:15.268912,2026-07-01T11:04:16.662627+00:00,86.7,4,bid,,,2193728
2026-07-01T21:04:16.921822,2026-07-01T11:04:18.320783+00:00,86.5,50,ask,,,2193753
2026-07-01T21:04:17.283594,2026-07-01T11:04:18.679356+00:00,86.5,48,ask,,,2193758
2026-07-01T21:04:17.599761,2026-07-01T11:04:18.996869+00:00,86.7,8,bid,,,2193769
2026-07-01T21:04:17.790778,2026-07-01T11:04:19.191899+00:00,86.7,50,bid,,,2193777
2026-07-01T21:04:19.029772,2026-07-01T11:04:20.424390+00:00,86.5,50,ask,,,2193804
2026-07-01T21:04:21.150755,2026-07-01T11:04:22.548662+00:00,86.5,50,ask,,,2193846
2026-07-01T21:04:23.258963,2026-07-01T11:04:24.653581+00:00,86.4,50,ask,,,2193889
2026-07-01T21:04:25.346531,2026-07-01T11:04:26.741714+00:00,86.7,4,bid,,,2193931
2026-07-01T21:04:25.346531,2026-07-01T11:04:26.752715+00:00,86.7,46,bid,,,2193932
2026-07-01T21:04:25.499502,2026-07-01T11:04:26.894800+00:00,86.7,48,bid,,,2193938
2026-07-01T21:04:26.484337,2026-07-01T11:04:27.879636+00:00,86.7,5,bid,,,2193959
2026-07-01T21:04:26.484337,2026-07-01T11:04:27.879636+00:00,86.7,36,bid,,,2193960
2026-07-01T21:04:27.458014,2026-07-01T11:04:28.853034+00:00,86.7,50,bid,,,2193985
2026-07-01T21:04:29.565999,2026-07-01T11:04:30.964221+00:00,86.7,4,bid,,,2194044
2026-07-01T21:04:29.565999,2026-07-01T11:04:30.964221+00:00,86.8,46,bid,,,2194045
2026-07-01T21:04:29.585768,2026-07-01T11:04:30.986699+00:00,86.4,1,ask,,,2194046
2026-07-01T21:04:29.585768,2026-07-01T11:04:30.986699+00:00,86.3,48,ask,,,2194047
2026-07-01T21:04:30.195043,2026-07-01T11:04:31.600769+00:00,86.8,40,bid,,,2194058
2026-07-01T21:04:30.251735,2026-07-01T11:04:31.655028+00:00,86.3,45,ask,,,2194060
2026-07-01T21:04:30.847865,2026-07-01T11:04:32.244550+00:00,86.8,49,bid,,,2194072
2026-07-01T21:04:31.677504,2026-07-01T11:04:33.078957+00:00,86.8,15,bid,,,2194090
2026-07-01T21:04:31.677504,2026-07-01T11:04:33.078957+00:00,86.8,35,bid,,,2194091
2026-07-01T21:04:32.300446,2026-07-01T11:04:33.693820+00:00,86.6,50,ask,,,2194106
2026-07-01T21:04:32.449817,2026-07-01T11:04:33.846062+00:00,86.6,46,ask,,,2194110
2026-07-01T21:04:32.626504,2026-07-01T11:04:34.021586+00:00,86.6,25,ask,,,2194114
2026-07-01T21:04:33.806231,2026-07-01T11:04:35.216231+00:00,86.7,50,bid,,,2194133
2026-07-01T21:04:34.507797,2026-07-01T11:04:35.905824+00:00,86.6,29,ask,,,2194149
2026-07-01T21:04:34.507797,2026-07-01T11:04:35.905824+00:00,86.2,14,ask,,,2194150
2026-07-01T21:04:35.379053,2026-07-01T11:04:36.780430+00:00,86.5,50,bid,,,2194173
2026-07-01T21:04:35.458298,2026-07-01T11:04:36.857434+00:00,86.5,100,bid,,,2194176
2026-07-01T21:04:35.533615,2026-07-01T11:04:36.934434+00:00,87.1,40,bid,,,2194178
2026-07-01T21:04:35.915429,2026-07-01T11:04:37.317489+00:00,87.1,50,bid,,,2194190
2026-07-01T21:04:38.046757,2026-07-01T11:04:39.451550+00:00,87.1,10,bid,,,2194229
2026-07-01T21:04:38.668126,2026-07-01T11:04:40.063635+00:00,86.8,2,bid,,,2194249
2026-07-01T21:04:38.668126,2026-07-01T11:04:40.063635+00:00,87.0,39,bid,,,2194250
2026-07-01T21:04:40.158462,2026-07-01T11:04:41.556874+00:00,87.0,50,bid,,,2194298
2026-07-01T21:04:41.307663,2026-07-01T11:04:42.702163+00:00,86.5,3,ask,,,2194326
2026-07-01T21:04:41.307663,2026-07-01T11:04:42.713163+00:00,86.5,41,ask,,,2194327
2026-07-01T21:04:41.611272,2026-07-01T11:04:43.009203+00:00,86.8,1,bid,,,2194333
2026-07-01T21:04:41.672545,2026-07-01T11:04:43.074838+00:00,86.8,50,ask,,,2194335
2026-07-01T21:04:41.812979,2026-07-01T11:04:43.215736+00:00,87.0,10,bid,,,2194338
2026-07-01T21:04:41.822722,2026-07-01T11:04:43.215736+00:00,86.8,50,ask,,,2194340
2026-07-01T21:04:42.313644,2026-07-01T11:04:43.707062+00:00,86.8,2,ask,,,2194349
2026-07-01T21:04:42.356897,2026-07-01T11:04:43.750790+00:00,86.8,47,ask,,,2194351
2026-07-01T21:04:42.356897,2026-07-01T11:04:43.761790+00:00,86.5,3,ask,,,2194352
2026-07-01T21:04:42.864854,2026-07-01T11:04:44.265181+00:00,86.8,2,bid,,,2194365
2026-07-01T21:04:42.864854,2026-07-01T11:04:44.265181+00:00,87.0,42,bid,,,2194366
2026-07-01T21:04:44.466019,2026-07-01T11:04:45.869478+00:00,86.5,50,ask,,,2194411
2026-07-01T21:04:46.575502,2026-07-01T11:04:47.968983+00:00,86.6,50,ask,,,2194485
2026-07-01T21:04:49.347532,2026-07-01T11:04:50.754620+00:00,86.8,50,bid,,,2194551
2026-07-01T21:04:49.503083,2026-07-01T11:04:50.897480+00:00,86.8,50,bid,,,2194556
2026-07-01T21:04:50.821770,2026-07-01T11:04:52.219071+00:00,86.5,2,ask,,,2194593
2026-07-01T21:04:50.821770,2026-07-01T11:04:52.219071+00:00,86.5,48,ask,,,2194594
2026-07-01T21:04:50.880960,2026-07-01T11:04:52.284477+00:00,86.5,42,ask,,,2194599
2026-07-01T21:04:51.424506,2026-07-01T11:04:52.827310+00:00,86.8,41,bid,,,2194604
2026-07-01T21:04:52.878914,2026-07-01T11:04:54.277235+00:00,86.8,50,bid,,,2194637
2026-07-01T21:04:53.558104,2026-07-01T11:04:54.957062+00:00,86.7,44,ask,,,2194650
2026-07-01T21:04:53.681674,2026-07-01T11:04:55.077102+00:00,86.8,9,bid,,,2194652
2026-07-01T21:04:54.164342,2026-07-01T11:04:55.557371+00:00,87.2,47,bid,,,2194660
2026-07-01T21:04:54.996266,2026-07-01T11:04:56.399026+00:00,87.3,50,bid,,,2194671
2026-07-01T21:04:57.106630,2026-07-01T11:04:58.507600+00:00,87.3,50,bid,,,2194707
2026-07-01T21:04:57.681948,2026-07-01T11:04:59.075364+00:00,87.0,49,ask,,,2194716
2026-07-01T21:05:01.239738,2026-07-01T11:05:02.642788+00:00,86.9,47,ask,,,2194771
2026-07-01T21:05:01.326362,2026-07-01T11:05:02.729595+00:00,87.3,4,bid,,,2194774
2026-07-01T21:05:01.326362,2026-07-01T11:05:02.729595+00:00,87.3,46,bid,,,2194775
2026-07-01T21:05:02.034091,2026-07-01T11:05:03.437364+00:00,86.9,50,ask,,,2194791
2026-07-01T21:05:02.215441,2026-07-01T11:05:03.612768+00:00,86.9,50,ask,,,2194796
2026-07-01T21:05:03.489689,2026-07-01T11:05:04.887621+00:00,86.9,3,ask,,,2194824
2026-07-01T21:05:03.489689,2026-07-01T11:05:04.887621+00:00,86.8,47,ask,,,2194825
2026-07-01T21:05:03.800127,2026-07-01T11:05:05.202944+00:00,87.0,2,ask,,,2194835
2026-07-01T21:05:03.800127,2026-07-01T11:05:05.202944+00:00,86.8,53,ask,,,2194836
2026-07-01T21:05:03.904809,2026-07-01T11:05:05.300554+00:00,86.7,50,bid,,,2194839
2026-07-01T21:05:03.956179,2026-07-01T11:05:05.353618+00:00,86.7,45,bid,,,2194844
2026-07-01T21:05:05.598316,2026-07-01T11:05:06.999616+00:00,87.0,1,ask,,,2194874
2026-07-01T21:05:05.598316,2026-07-01T11:05:06.999616+00:00,86.8,49,ask,,,2194875
2026-07-01T21:05:07.172101,2026-07-01T11:05:08.568924+00:00,86.9,2,ask,,,2194920
2026-07-01T21:05:07.172101,2026-07-01T11:05:08.568924+00:00,86.8,98,ask,,,2194921
2026-07-01T21:05:07.654384,2026-07-01T11:05:09.051046+00:00,87.3,1,bid,,,2194938
2026-07-01T21:05:07.654384,2026-07-01T11:05:09.051046+00:00,87.3,49,bid,,,2194939
2026-07-01T21:05:08.176326,2026-07-01T11:05:09.574565+00:00,87.3,46,bid,,,2194950
2026-07-01T21:05:09.813559,2026-07-01T11:05:11.215385+00:00,86.8,50,ask,,,2194995
2026-07-01T21:05:11.944964,2026-07-01T11:05:13.353036+00:00,86.5,50,ask,,,2195052
2026-07-01T21:05:12.220958,2026-07-01T11:05:13.613919+00:00,87.0,47,bid,,,2195059
2026-07-01T21:05:14.052022,2026-07-01T11:05:15.456800+00:00,86.5,50,ask,,,2195092
2026-07-01T21:05:14.881701,2026-07-01T11:05:16.285476+00:00,86.5,43,ask,,,2195113
2026-07-01T21:05:15.510589,2026-07-01T11:05:16.920136+00:00,87.0,49,bid,,,2195125
2026-07-01T21:05:16.183888,2026-07-01T11:05:17.586670+00:00,86.5,50,ask,,,2195138
2026-07-01T21:05:16.914006,2026-07-01T11:05:18.316668+00:00,86.6,50,bid,,,2195160
2026-07-01T21:05:17.692198,2026-07-01T11:05:19.089163+00:00,86.6,25,bid,,,2195180
2026-07-01T21:05:18.291093,2026-07-01T11:05:19.686829+00:00,86.5,50,ask,,,2195200
2026-07-01T21:05:18.739523,2026-07-01T11:05:20.144216+00:00,86.6,25,bid,,,2195209
2026-07-01T21:05:18.745826,2026-07-01T11:05:20.144216+00:00,86.6,2,bid,,,2195210
2026-07-01T21:05:18.984836,2026-07-01T11:05:20.383797+00:00,86.6,46,bid,,,2195217
2026-07-01T21:05:20.401244,2026-07-01T11:05:21.794773+00:00,86.7,50,ask,,,2195246
2026-07-01T21:05:22.509621,2026-07-01T11:05:23.909998+00:00,86.7,50,ask,,,2195284
2026-07-01T21:05:23.656431,2026-07-01T11:05:25.054596+00:00,86.4,41,ask,,,2195317
2026-07-01T21:05:24.619755,2026-07-01T11:05:26.014012+00:00,86.4,50,ask,,,2195344
2026-07-01T21:05:25.717105,2026-07-01T11:05:27.114700+00:00,86.4,9,ask,,,2195365
2026-07-01T21:05:25.717105,2026-07-01T11:05:27.114700+00:00,86.3,34,ask,,,2195366
2026-07-01T21:05:26.568656,2026-07-01T11:05:27.975479+00:00,86.6,2,bid,,,2195384
2026-07-01T21:05:26.725582,2026-07-01T11:05:28.128002+00:00,86.5,2,ask,,,2195389
2026-07-01T21:05:26.729100,2026-07-01T11:05:28.128002+00:00,86.2,10,ask,,,2195390
2026-07-01T21:05:26.729100,2026-07-01T11:05:28.128002+00:00,86.1,40,ask,,,2195391
2026-07-01T21:05:26.774020,2026-07-01T11:05:28.171327+00:00,86.6,25,bid,,,2195393
2026-07-01T21:05:27.740979,2026-07-01T11:05:29.142497+00:00,86.6,44,bid,,,2195412
2026-07-01T21:05:29.025334,2026-07-01T11:05:30.420921+00:00,86.5,2,ask,,,2195443
2026-07-01T21:05:29.025334,2026-07-01T11:05:30.420921+00:00,86.5,10,ask,,,2195444
2026-07-01T21:05:29.025334,2026-07-01T11:05:30.431544+00:00,86.1,30,ask,,,2195445
2026-07-01T21:05:30.145043,2026-07-01T11:05:31.544869+00:00,86.3,46,bid,,,2195474
2026-07-01T21:05:30.753089,2026-07-01T11:05:32.146160+00:00,86.1,43,ask,,,2195488
2026-07-01T21:05:30.892772,2026-07-01T11:05:32.287823+00:00,86.3,50,bid,,,2195489
2026-07-01T21:05:32.998308,2026-07-01T11:05:34.397892+00:00,86.3,50,bid,,,2195555
2026-07-01T21:05:35.109491,2026-07-01T11:05:36.506555+00:00,86.3,50,bid,,,2195587
2026-07-01T21:05:37.027728,2026-07-01T11:05:38.426596+00:00,86.3,7,ask,,,2195635
2026-07-01T21:05:37.027728,2026-07-01T11:05:38.426596+00:00,86.2,34,ask,,,2195636
2026-07-01T21:05:37.227134,2026-07-01T11:05:38.621498+00:00,86.4,50,bid,,,2195638
2026-07-01T21:05:38.179241,2026-07-01T11:05:39.572819+00:00,86.4,49,bid,,,2195654
2026-07-01T21:05:38.233308,2026-07-01T11:05:39.626739+00:00,86.3,5,ask,,,2195656
2026-07-01T21:05:38.848599,2026-07-01T11:05:40.248097+00:00,86.2,42,ask,,,2195670
2026-07-01T21:05:39.339595,2026-07-01T11:05:40.737917+00:00,86.5,50,bid,,,2195685
2026-07-01T21:05:41.447201,2026-07-01T11:05:42.843529+00:00,86.5,50,bid,,,2195719
2026-07-01T21:05:41.704177,2026-07-01T11:05:43.106486+00:00,86.6,3,bid,,,2195731
2026-07-01T21:05:43.475736,2026-07-01T11:05:44.869289+00:00,86.7,41,bid,,,2195781
2026-07-01T21:05:43.626786,2026-07-01T11:05:45.021513+00:00,86.6,50,ask,,,2195791
2026-07-01T21:05:44.041431,2026-07-01T11:05:45.444664+00:00,86.6,97,ask,,,2195800
2026-07-01T21:05:44.926938,2026-07-01T11:05:46.330628+00:00,86.2,1,ask,,,2195816
2026-07-01T21:05:44.926938,2026-07-01T11:05:46.330628+00:00,86.2,100,ask,,,2195817
2026-07-01T21:05:45.318670,2026-07-01T11:05:46.712820+00:00,85.8,47,ask,,,2195827
2026-07-01T21:05:45.685174,2026-07-01T11:05:47.095994+00:00,86.2,49,bid,,,2195836
2026-07-01T21:05:45.685174,2026-07-01T11:05:47.095994+00:00,86.3,1,bid,,,2195837
2026-07-01T21:05:46.830099,2026-07-01T11:05:48.233993+00:00,86.3,4,bid,,,2195865
2026-07-01T21:05:47.795751,2026-07-01T11:05:49.198044+00:00,86.3,50,bid,,,2195884
2026-07-01T21:05:48.036515,2026-07-01T11:05:49.439574+00:00,86.3,45,bid,,,2195890
2026-07-01T21:05:49.901876,2026-07-01T11:05:51.300563+00:00,86.5,2,bid,,,2195959
2026-07-01T21:05:49.901876,2026-07-01T11:05:51.300563+00:00,86.5,48,bid,,,2195960
2026-07-01T21:05:50.539813,2026-07-01T11:05:51.934210+00:00,86.3,50,ask,,,2195972
2026-07-01T21:05:50.704049,2026-07-01T11:05:52.108918+00:00,86.3,50,ask,,,2195977
2026-07-01T21:05:51.932641,2026-07-01T11:05:53.333412+00:00,86.2,44,bid,,,2196002
2026-07-01T21:05:52.012687,2026-07-01T11:05:53.410653+00:00,86.2,50,bid,,,2196006
2026-07-01T21:05:53.033337,2026-07-01T11:05:54.427610+00:00,86.2,46,bid,,,2196023
2026-07-01T21:05:54.094916,2026-07-01T11:05:55.489214+00:00,86.0,44,ask,,,2196037
2026-07-01T21:05:54.118235,2026-07-01T11:05:55.522213+00:00,86.2,10,bid,,,2196038
2026-07-01T21:05:54.118235,2026-07-01T11:05:55.522213+00:00,86.5,40,bid,,,2196039
2026-07-01T21:05:56.225499,2026-07-01T11:05:57.629614+00:00,86.4,50,bid,,,2196073
2026-07-01T21:05:56.278847,2026-07-01T11:05:57.673736+00:00,86.2,50,ask,,,2196075
2026-07-01T21:05:56.439633,2026-07-01T11:05:57.837196+00:00,86.2,50,ask,,,2196080
2026-07-01T21:05:58.336619,2026-07-01T11:05:59.733289+00:00,86.1,50,bid,,,2196119
2026-07-01T21:05:58.441154,2026-07-01T11:05:59.842943+00:00,86.1,44,bid,,,2196121
2026-07-01T21:05:58.495360,2026-07-01T11:05:59.897352+00:00,86.0,43,ask,,,2196122
2026-07-01T21:05:59.599252,2026-07-01T11:06:00.993587+00:00,86.1,42,bid,,,2196137
2026-07-01T21:06:00.442426,2026-07-01T11:06:01.845601+00:00,86.1,14,bid,,,2196152
2026-07-01T21:06:00.442426,2026-07-01T11:06:01.845601+00:00,86.5,36,bid,,,2196153
2026-07-01T21:06:01.429230,2026-07-01T11:06:02.829699+00:00,86.4,103,ask,,,2196169
2026-07-01T21:06:02.551173,2026-07-01T11:06:03.944956+00:00,86.6,50,bid,,,2196200
2026-07-01T21:06:02.741196,2026-07-01T11:06:04.140155+00:00,86.4,25,ask,,,2196213
2026-07-01T21:06:03.211844,2026-07-01T11:06:04.610381+00:00,86.4,4,ask,,,2196224
2026-07-01T21:06:06.764847,2026-07-01T11:06:08.160163+00:00,86.2,50,bid,,,2196273
2026-07-01T21:06:08.872797,2026-07-01T11:06:10.271643+00:00,86.3,3,bid,,,2196313
2026-07-01T21:06:08.872797,2026-07-01T11:06:10.271643+00:00,86.3,10,bid,,,2196314
2026-07-01T21:06:08.872797,2026-07-01T11:06:10.271643+00:00,86.4,37,bid,,,2196315
2026-07-01T21:06:10.983330,2026-07-01T11:06:12.377814+00:00,86.3,5,bid,,,2196365
2026-07-01T21:06:10.983330,2026-07-01T11:06:12.388332+00:00,86.6,45,bid,,,2196366
2026-07-01T21:06:12.756353,2026-07-01T11:06:14.156496+00:00,86.1,25,ask,,,2196398
2026-07-01T21:06:13.059217,2026-07-01T11:06:14.463625+00:00,86.1,4,ask,,,2196402
2026-07-01T21:06:13.102929,2026-07-01T11:06:14.507478+00:00,86.3,5,bid,,,2196404
2026-07-01T21:06:13.102929,2026-07-01T11:06:14.507478+00:00,86.3,10,bid,,,2196405
2026-07-01T21:06:13.102929,2026-07-01T11:06:14.507478+00:00,86.6,35,bid,,,2196406
2026-07-01T21:06:17.386701,2026-07-01T11:06:18.788103+00:00,86.2,50,ask,,,2196506
2026-07-01T21:06:17.771220,2026-07-01T11:06:19.173202+00:00,86.2,25,ask,,,2196522
2026-07-01T21:06:19.493911,2026-07-01T11:06:20.898425+00:00,86.2,50,ask,,,2196558
2026-07-01T21:06:20.970561,2026-07-01T11:06:22.372451+00:00,86.0,45,ask,,,2196602
2026-07-01T21:06:21.635036,2026-07-01T11:06:23.037320+00:00,86.0,50,ask,,,2196622
2026-07-01T21:06:23.740814,2026-07-01T11:06:25.137625+00:00,85.8,50,ask,,,2196668
2026-07-01T21:06:23.906551,2026-07-01T11:06:25.302103+00:00,85.8,49,ask,,,2196677
2026-07-01T21:06:25.813538,2026-07-01T11:06:27.216830+00:00,86.2,50,bid,,,2196720
2026-07-01T21:06:26.319775,2026-07-01T11:06:27.719459+00:00,85.9,100,ask,,,2196730
2026-07-01T21:06:27.625892,2026-07-01T11:06:29.032189+00:00,86.3,10,bid,,,2196766
2026-07-01T21:06:27.625892,2026-07-01T11:06:29.032189+00:00,86.4,1,bid,,,2196767
2026-07-01T21:06:27.625892,2026-07-01T11:06:29.032189+00:00,86.4,35,bid,,,2196768
2026-07-01T21:06:27.791211,2026-07-01T11:06:29.185895+00:00,86.0,5,ask,,,2196775
2026-07-01T21:06:27.800174,2026-07-01T11:06:29.196894+00:00,85.9,2,ask,,,2196777
2026-07-01T21:06:27.970365,2026-07-01T11:06:29.370604+00:00,85.9,48,ask,,,2196781
2026-07-01T21:06:27.970365,2026-07-01T11:06:29.370604+00:00,85.4,2,ask,,,2196782
2026-07-01T21:06:30.090413,2026-07-01T11:06:31.487869+00:00,85.6,50,ask,,,2196835
2026-07-01T21:06:30.234619,2026-07-01T11:06:31.629375+00:00,85.8,45,bid,,,2196839
2026-07-01T21:06:30.371442,2026-07-01T11:06:31.770468+00:00,85.8,2,bid,,,2196850
2026-07-01T21:06:31.666002,2026-07-01T11:06:33.070335+00:00,85.8,103,bid,,,2196885
2026-07-01T21:06:32.096656,2026-07-01T11:06:33.497120+00:00,85.7,10,ask,,,2196900
2026-07-01T21:06:32.096656,2026-07-01T11:06:33.497120+00:00,85.6,35,ask,,,2196901
2026-07-01T21:06:32.197105,2026-07-01T11:06:33.596184+00:00,85.7,10,ask,,,2196907
2026-07-01T21:06:32.197105,2026-07-01T11:06:33.596184+00:00,85.6,15,ask,,,2196908
2026-07-01T21:06:32.197105,2026-07-01T11:06:33.596184+00:00,85.3,25,ask,,,2196909
2026-07-01T21:06:32.369965,2026-07-01T11:06:33.769713+00:00,86.1,100,bid,,,2196912
2026-07-01T21:06:33.171253,2026-07-01T11:06:34.568487+00:00,86.1,40,ask,,,2196934
2026-07-01T21:06:34.279813,2026-07-01T11:06:35.684917+00:00,86.4,10,bid,,,2196965
2026-07-01T21:06:34.279813,2026-07-01T11:06:35.684917+00:00,86.5,40,bid,,,2196966
2026-07-01T21:06:35.381734,2026-07-01T11:06:36.776913+00:00,86.1,10,ask,,,2196994
2026-07-01T21:06:35.394717,2026-07-01T11:06:36.798913+00:00,86.0,2,ask,,,2196996
2026-07-01T21:06:35.595680,2026-07-01T11:06:37.001938+00:00,86.0,98,ask,,,2197001
2026-07-01T21:06:35.595680,2026-07-01T11:06:37.001938+00:00,85.8,3,ask,,,2197002
2026-07-01T21:06:35.644297,2026-07-01T11:06:37.045937+00:00,85.8,49,bid,,,2197004
2026-07-01T21:06:36.168779,2026-07-01T11:06:37.571342+00:00,86.2,41,bid,,,2197013
2026-07-01T21:06:36.393310,2026-07-01T11:06:37.788948+00:00,86.2,50,bid,,,2197022
2026-07-01T21:06:37.923223,2026-07-01T11:06:39.326949+00:00,85.9,4,ask,,,2197047
2026-07-01T21:06:37.923223,2026-07-01T11:06:39.326949+00:00,85.7,38,ask,,,2197048
2026-07-01T21:06:38.528928,2026-07-01T11:06:39.931234+00:00,86.2,9,bid,,,2197074
2026-07-01T21:06:38.528928,2026-07-01T11:06:39.931234+00:00,86.2,2,bid,,,2197075
2026-07-01T21:06:38.898722,2026-07-01T11:06:40.299756+00:00,86.5,47,bid,,,2197085
2026-07-01T21:06:40.404474,2026-07-01T11:06:41.807346+00:00,86.0,2,ask,,,2197116
2026-07-01T21:06:40.640145,2026-07-01T11:06:42.047359+00:00,86.3,50,bid,,,2197127
2026-07-01T21:06:41.868196,2026-07-01T11:06:43.271672+00:00,86.2,2,bid,,,2197166
2026-07-01T21:06:41.868196,2026-07-01T11:06:43.271672+00:00,86.3,50,bid,,,2197167
2026-07-01T21:06:41.996797,2026-07-01T11:06:43.391647+00:00,86.3,44,ask,,,2197172
2026-07-01T21:06:42.606105,2026-07-01T11:06:44.002437+00:00,86.3,4,ask,,,2197186
2026-07-01T21:06:42.801314,2026-07-01T11:06:44.199718+00:00,86.3,50,ask,,,2197191
2026-07-01T21:06:42.827572,2026-07-01T11:06:44.231342+00:00,86.3,25,ask,,,2197192
2026-07-01T21:06:42.846111,2026-07-01T11:06:44.252880+00:00,86.3,2,ask,,,2197196
2026-07-01T21:06:42.937977,2026-07-01T11:06:44.340506+00:00,86.3,4,ask,,,2197201
2026-07-01T21:06:43.241587,2026-07-01T11:06:44.644787+00:00,86.3,4,ask,,,2197209
2026-07-01T21:06:44.912233,2026-07-01T11:06:46.315123+00:00,86.3,50,ask,,,2197245
2026-07-01T21:06:45.083997,2026-07-01T11:06:46.479334+00:00,86.3,15,ask,,,2197250
2026-07-01T21:06:47.045592,2026-07-01T11:06:48.443651+00:00,85.9,50,ask,,,2197290
2026-07-01T21:06:48.608377,2026-07-01T11:06:50.005089+00:00,86.2,45,bid,,,2197317
2026-07-01T21:06:49.103595,2026-07-01T11:06:50.507185+00:00,86.2,50,bid,,,2197331
2026-07-01T21:06:50.240323,2026-07-01T11:06:51.640786+00:00,86.2,46,bid,,,2197356
2026-07-01T21:06:51.245491,2026-07-01T11:06:52.648921+00:00,86.2,9,bid,,,2197365
2026-07-01T21:06:51.245491,2026-07-01T11:06:52.648921+00:00,86.2,41,bid,,,2197366
2026-07-01T21:06:51.279374,2026-07-01T11:06:52.681922+00:00,86.0,3,ask,,,2197369
2026-07-01T21:06:51.279374,2026-07-01T11:06:52.681922+00:00,85.7,45,ask,,,2197370
2026-07-01T21:06:52.863552,2026-07-01T11:06:54.263246+00:00,86.1,2,ask,,,2197412
2026-07-01T21:06:53.411592,2026-07-01T11:06:54.808503+00:00,86.1,50,ask,,,2197425
2026-07-01T21:06:54.022000,2026-07-01T11:06:55.419116+00:00,86.1,49,ask,,,2197437
2026-07-01T21:06:55.540528,2026-07-01T11:06:56.937646+00:00,86.0,2,ask,,,2197476
2026-07-01T21:06:55.540528,2026-07-01T11:06:56.937646+00:00,85.9,48,ask,,,2197477
2026-07-01T21:06:57.603598,2026-07-01T11:06:59.004748+00:00,86.3,2,bid,,,2197514
2026-07-01T21:06:57.603598,2026-07-01T11:06:59.004748+00:00,86.3,48,bid,,,2197515
2026-07-01T21:06:59.436288,2026-07-01T11:07:00.838581+00:00,86.3,2,bid,,,2197566
2026-07-01T21:06:59.436288,2026-07-01T11:07:00.838581+00:00,86.5,47,bid,,,2197567
2026-07-01T21:07:00.956977,2026-07-01T11:07:02.355960+00:00,86.2,10,ask,,,2197597
2026-07-01T21:07:00.956977,2026-07-01T11:07:02.355960+00:00,86.2,30,ask,,,2197598
2026-07-01T21:07:01.818572,2026-07-01T11:07:03.220493+00:00,86.3,2,bid,,,2197608
2026-07-01T21:07:01.818572,2026-07-01T11:07:03.220493+00:00,86.6,48,bid,,,2197609
2026-07-01T21:07:02.934005,2026-07-01T11:07:04.334851+00:00,86.4,2,bid,,,2197637
2026-07-01T21:07:02.934005,2026-07-01T11:07:04.334851+00:00,86.6,46,bid,,,2197638
2026-07-01T21:07:03.949255,2026-07-01T11:07:05.349141+00:00,86.4,2,bid,,,2197656
2026-07-01T21:07:03.949255,2026-07-01T11:07:05.349141+00:00,86.6,6,bid,,,2197657
2026-07-01T21:07:03.949255,2026-07-01T11:07:05.349141+00:00,86.7,42,bid,,,2197658
2026-07-01T21:07:04.246087,2026-07-01T11:07:05.643174+00:00,86.4,1,bid,,,2197664
2026-07-01T21:07:04.268250,2026-07-01T11:07:05.664819+00:00,86.4,2,ask,,,2197665
2026-07-01T21:07:04.334320,2026-07-01T11:07:05.730016+00:00,86.4,1,ask,,,2197670
2026-07-01T21:07:05.455136,2026-07-01T11:07:06.853211+00:00,86.4,2,ask,,,2197702
2026-07-01T21:07:06.058365,2026-07-01T11:07:07.453651+00:00,86.7,50,bid,,,2197718
2026-07-01T21:07:07.932532,2026-07-01T11:07:09.333239+00:00,86.4,2,ask,,,2197764
2026-07-01T21:07:08.248725,2026-07-01T11:07:09.648659+00:00,86.4,50,ask,,,2197765
2026-07-01T21:07:10.360730,2026-07-01T11:07:11.761504+00:00,86.4,50,ask,,,2197817
2026-07-01T21:07:10.464501,2026-07-01T11:07:11.860166+00:00,86.4,1,ask,,,2197820
2026-07-01T21:07:12.494077,2026-07-01T11:07:13.902648+00:00,86.2,1,ask,,,2197850
2026-07-01T21:07:12.494077,2026-07-01T11:07:13.902648+00:00,86.2,49,ask,,,2197851
2026-07-01T21:07:12.941245,2026-07-01T11:07:14.339307+00:00,86.2,2,ask,,,2197865
2026-07-01T21:07:14.005533,2026-07-01T11:07:15.408884+00:00,86.4,40,bid,,,2197876
2026-07-01T21:07:14.062031,2026-07-01T11:07:15.463898+00:00,86.1,40,ask,,,2197879
2026-07-01T21:07:14.609056,2026-07-01T11:07:16.010709+00:00,86.1,50,ask,,,2197896
2026-07-01T21:07:14.635035,2026-07-01T11:07:16.032709+00:00,86.1,10,ask,,,2197897
2026-07-01T21:07:14.635035,2026-07-01T11:07:16.032709+00:00,86.1,10,ask,,,2197898
2026-07-01T21:07:14.635035,2026-07-01T11:07:16.032709+00:00,85.9,20,ask,,,2197899
2026-07-01T21:07:15.721894,2026-07-01T11:07:17.124983+00:00,86.4,42,bid,,,2197927
2026-07-01T21:07:16.738521,2026-07-01T11:07:18.144561+00:00,86.3,50,ask,,,2197949
2026-07-01T21:07:17.443353,2026-07-01T11:07:18.846249+00:00,86.3,41,ask,,,2197959
2026-07-01T21:07:18.086817,2026-07-01T11:07:19.480645+00:00,86.4,41,bid,,,2197970
2026-07-01T21:07:18.142555,2026-07-01T11:07:19.546261+00:00,86.3,43,ask,,,2197976
2026-07-01T21:07:18.793971,2026-07-01T11:07:20.191326+00:00,86.4,50,bid,,,2197994
2026-07-01T21:07:19.251739,2026-07-01T11:07:20.651539+00:00,86.4,9,bid,,,2198002
2026-07-01T21:07:19.251739,2026-07-01T11:07:20.651539+00:00,86.4,10,bid,,,2198003
2026-07-01T21:07:19.251739,2026-07-01T11:07:20.651539+00:00,86.8,23,bid,,,2198004
2026-07-01T21:07:19.758900,2026-07-01T11:07:21.153990+00:00,86.3,16,ask,,,2198019
2026-07-01T21:07:19.758900,2026-07-01T11:07:21.164989+00:00,86.2,4,ask,,,2198020
2026-07-01T21:07:19.758900,2026-07-01T11:07:21.164989+00:00,85.9,25,ask,,,2198021
2026-07-01T21:07:20.231048,2026-07-01T11:07:21.634555+00:00,86.1,40,ask,,,2198030
2026-07-01T21:07:20.246096,2026-07-01T11:07:21.645553+00:00,86.2,5,bid,,,2198031
2026-07-01T21:07:20.914270,2026-07-01T11:07:22.315274+00:00,86.2,50,bid,,,2198057
2026-07-01T21:07:21.428097,2026-07-01T11:07:22.827970+00:00,86.2,5,bid,,,2198072
2026-07-01T21:07:21.599217,2026-07-01T11:07:23.002710+00:00,86.2,5,bid,,,2198074
2026-07-01T21:07:21.746216,2026-07-01T11:07:23.145466+00:00,86.2,50,bid,,,2198083
2026-07-01T21:07:21.751545,2026-07-01T11:07:23.145466+00:00,86.2,5,bid,,,2198084
2026-07-01T21:07:22.958864,2026-07-01T11:07:24.356504+00:00,86.2,25,bid,,,2198116
2026-07-01T21:07:23.028441,2026-07-01T11:07:24.432140+00:00,86.6,50,bid,,,2198119
2026-07-01T21:07:24.403339,2026-07-01T11:07:25.799150+00:00,86.3,50,ask,,,2198154
2026-07-01T21:07:25.137140,2026-07-01T11:07:26.541633+00:00,86.5,4,bid,,,2198164
2026-07-01T21:07:25.137140,2026-07-01T11:07:26.541633+00:00,86.5,10,bid,,,2198165
2026-07-01T21:07:25.137140,2026-07-01T11:07:26.541633+00:00,86.7,36,bid,,,2198166
2026-07-01T21:07:25.484667,2026-07-01T11:07:26.881655+00:00,86.3,25,ask,,,2198174
2026-07-01T21:07:27.969239,2026-07-01T11:07:29.363076+00:00,86.3,25,ask,,,2198233
2026-07-01T21:07:28.908707,2026-07-01T11:07:30.313064+00:00,86.5,42,bid,,,2198257
2026-07-01T21:07:29.436892,2026-07-01T11:07:30.836645+00:00,86.3,50,ask,,,2198273
2026-07-01T21:07:29.577338,2026-07-01T11:07:30.978191+00:00,86.1,1,ask,,,2198278
2026-07-01T21:07:29.577338,2026-07-01T11:07:30.978191+00:00,86.0,40,ask,,,2198279
2026-07-01T21:07:30.117129,2026-07-01T11:07:31.516867+00:00,86.4,46,bid,,,2198290
2026-07-01T21:07:31.146179,2026-07-01T11:07:32.541670+00:00,86.4,44,bid,,,2198321
2026-07-01T21:07:31.201346,2026-07-01T11:07:32.596369+00:00,86.2,3,ask,,,2198323
2026-07-01T21:07:31.201346,2026-07-01T11:07:32.607156+00:00,86.0,45,ask,,,2198324
2026-07-01T21:07:31.492310,2026-07-01T11:07:32.889907+00:00,86.4,10,bid,,,2198327
2026-07-01T21:07:31.492310,2026-07-01T11:07:32.889907+00:00,86.5,40,bid,,,2198328
2026-07-01T21:07:31.673796,2026-07-01T11:07:33.075951+00:00,86.0,40,ask,,,2198329
2026-07-01T21:07:32.769310,2026-07-01T11:07:34.167544+00:00,86.1,100,bid,,,2198354
2026-07-01T21:07:33.094451,2026-07-01T11:07:34.496078+00:00,86.1,48,bid,,,2198358
2026-07-01T21:07:33.488090,2026-07-01T11:07:34.888479+00:00,86.1,2,bid,,,2198367
2026-07-01T21:07:33.617573,2026-07-01T11:07:35.019504+00:00,86.6,50,bid,,,2198370
2026-07-01T21:07:34.712479,2026-07-01T11:07:36.109329+00:00,86.6,43,bid,,,2198394
2026-07-01T21:07:35.511320,2026-07-01T11:07:36.917419+00:00,86.1,1,ask,,,2198421
2026-07-01T21:07:35.602647,2026-07-01T11:07:37.005658+00:00,86.2,5,ask,,,2198431
2026-07-01T21:07:35.730454,2026-07-01T11:07:37.125941+00:00,86.4,10,bid,,,2198435
2026-07-01T21:07:35.730454,2026-07-01T11:07:37.136941+00:00,86.5,1,bid,,,2198436
2026-07-01T21:07:35.730454,2026-07-01T11:07:37.136941+00:00,86.6,7,bid,,,2198437
2026-07-01T21:07:36.787433,2026-07-01T11:07:38.186583+00:00,86.1,44,ask,,,2198467
2026-07-01T21:07:37.397936,2026-07-01T11:07:38.797660+00:00,86.5,46,bid,,,2198480
2026-07-01T21:07:37.841019,2026-07-01T11:07:39.246256+00:00,86.5,50,bid,,,2198493
2026-07-01T21:07:37.988440,2026-07-01T11:07:39.387806+00:00,86.2,1,ask,,,2198499
2026-07-01T21:07:37.998484,2026-07-01T11:07:39.398631+00:00,86.1,2,ask,,,2198501
2026-07-01T21:07:38.636326,2026-07-01T11:07:40.032296+00:00,86.2,1,ask,,,2198504
2026-07-01T21:07:38.966218,2026-07-01T11:07:40.360312+00:00,86.0,49,ask,,,2198522
2026-07-01T21:07:39.947945,2026-07-01T11:07:41.342682+00:00,86.5,2,bid,,,2198542
2026-07-01T21:07:39.947945,2026-07-01T11:07:41.353683+00:00,86.5,48,bid,,,2198543
2026-07-01T21:07:40.136798,2026-07-01T11:07:41.538778+00:00,86.2,1,ask,,,2198547
2026-07-01T21:07:40.136798,2026-07-01T11:07:41.538778+00:00,86.2,100,ask,,,2198548
2026-07-01T21:07:40.532333,2026-07-01T11:07:41.933250+00:00,86.0,2,ask,,,2198560
2026-07-01T21:07:42.082905,2026-07-01T11:07:43.488094+00:00,86.5,5,bid,,,2198597
2026-07-01T21:07:42.082905,2026-07-01T11:07:43.488094+00:00,86.7,45,bid,,,2198598
2026-07-01T21:07:43.008528,2026-07-01T11:07:44.405823+00:00,86.1,25,ask,,,2198622
2026-07-01T21:07:43.023427,2026-07-01T11:07:44.428339+00:00,86.1,2,ask,,,2198624
2026-07-01T21:07:44.587257,2026-07-01T11:07:45.982538+00:00,86.1,49,ask,,,2198654
2026-07-01T21:07:48.034957,2026-07-01T11:07:49.435493+00:00,85.9,2,ask,,,2198719
2026-07-01T21:07:48.435358,2026-07-01T11:07:49.829182+00:00,86.4,50,bid,,,2198733
2026-07-01T21:07:50.546565,2026-07-01T11:07:51.951171+00:00,86.1,50,bid,,,2198764
2026-07-01T21:07:50.581596,2026-07-01T11:07:51.984170+00:00,86.0,2,ask,,,2198766
2026-07-01T21:07:51.896601,2026-07-01T11:07:53.298076+00:00,86.3,5,bid,,,2198794
2026-07-01T21:07:51.896601,2026-07-01T11:07:53.298076+00:00,86.4,38,bid,,,2198795
2026-07-01T21:07:52.654257,2026-07-01T11:07:54.048785+00:00,86.4,50,bid,,,2198801
2026-07-01T21:07:53.041270,2026-07-01T11:07:54.441743+00:00,86.1,2,ask,,,2198811
2026-07-01T21:07:54.724416,2026-07-01T11:07:56.124148+00:00,86.3,5,bid,,,2198864
2026-07-01T21:07:54.731583,2026-07-01T11:07:56.135148+00:00,86.4,33,ask,,,2198865
2026-07-01T21:07:54.762272,2026-07-01T11:07:56.157148+00:00,86.6,50,bid,,,2198870
2026-07-01T21:07:55.436420,2026-07-01T11:07:56.831906+00:00,86.4,4,ask,,,2198885
2026-07-01T21:07:55.592422,2026-07-01T11:07:56.996054+00:00,86.4,25,ask,,,2198887
2026-07-01T21:07:55.604095,2026-07-01T11:07:57.007053+00:00,86.4,2,ask,,,2198889
2026-07-01T21:07:56.352004,2026-07-01T11:07:57.750416+00:00,86.7,10,bid,,,2198903
2026-07-01T21:07:56.869679,2026-07-01T11:07:58.264630+00:00,86.7,10,bid,,,2198918
2026-07-01T21:07:56.869679,2026-07-01T11:07:58.275630+00:00,86.8,40,bid,,,2198919
2026-07-01T21:07:58.051227,2026-07-01T11:07:59.454373+00:00,86.2,2,ask,,,2198950
2026-07-01T21:07:58.764286,2026-07-01T11:08:00.165818+00:00,86.5,4,ask,,,2198979
2026-07-01T21:07:58.977829,2026-07-01T11:08:00.372299+00:00,86.7,50,bid,,,2198985
2026-07-01T21:08:00.614458,2026-07-01T11:08:02.014719+00:00,86.5,25,ask,,,2199026
2026-07-01T21:08:01.090402,2026-07-01T11:08:02.492924+00:00,86.7,10,bid,,,2199039
2026-07-01T21:08:03.061719,2026-07-01T11:08:04.465842+00:00,86.5,25,ask,,,2199094
2026-07-01T21:08:03.072459,2026-07-01T11:08:04.476842+00:00,86.5,2,ask,,,2199096
2026-07-01T21:08:03.280527,2026-07-01T11:08:04.684070+00:00,86.5,50,ask,,,2199099
2026-07-01T21:08:05.332191,2026-07-01T11:08:06.736413+00:00,86.6,4,ask,,,2199160
2026-07-01T21:08:05.387173,2026-07-01T11:08:06.791083+00:00,86.6,50,ask,,,2199163
2026-07-01T21:08:05.634525,2026-07-01T11:08:07.031079+00:00,86.6,25,ask,,,2199165
2026-07-01T21:08:07.527328,2026-07-01T11:08:08.949229+00:00,86.4,50,ask,,,2199203
2026-07-01T21:08:07.860409,2026-07-01T11:08:09.254511+00:00,86.5,43,bid,,,2199215
2026-07-01T21:08:08.082494,2026-07-01T11:08:09.484718+00:00,86.4,2,ask,,,2199221
2026-07-01T21:08:08.929560,2026-07-01T11:08:10.328411+00:00,86.4,1,ask,,,2199239
2026-07-01T21:08:08.929560,2026-07-01T11:08:10.328411+00:00,86.4,10,ask,,,2199240
2026-07-01T21:08:08.929560,2026-07-01T11:08:10.328411+00:00,86.2,35,ask,,,2199241
2026-07-01T21:08:09.640540,2026-07-01T11:08:11.040181+00:00,86.2,50,ask,,,2199264
2026-07-01T21:08:10.655676,2026-07-01T11:08:12.056610+00:00,86.3,25,ask,,,2199293
2026-07-01T21:08:10.816113,2026-07-01T11:08:12.222124+00:00,86.3,100,ask,,,2199297
2026-07-01T21:08:11.755628,2026-07-01T11:08:13.160944+00:00,86.3,25,ask,,,2199314
2026-07-01T21:08:11.755628,2026-07-01T11:08:13.160944+00:00,85.8,25,ask,,,2199315
2026-07-01T21:08:13.091205,2026-07-01T11:08:14.486767+00:00,86.3,3,ask,,,2199353
2026-07-01T21:08:13.866568,2026-07-01T11:08:15.262693+00:00,85.8,50,ask,,,2199360
2026-07-01T21:08:15.674576,2026-07-01T11:08:17.069190+00:00,86.2,2,bid,,,2199404
2026-07-01T21:08:15.922027,2026-07-01T11:08:17.320835+00:00,86.2,50,bid,,,2199412
2026-07-01T21:08:18.059972,2026-07-01T11:08:19.457785+00:00,86.5,50,bid,,,2199456
2026-07-01T21:08:20.220647,2026-07-01T11:08:21.622855+00:00,86.2,50,ask,,,2199516
2026-07-01T21:08:20.495631,2026-07-01T11:08:21.895356+00:00,86.5,48,bid,,,2199522
2026-07-01T21:08:21.183783,2026-07-01T11:08:22.580509+00:00,86.2,40,ask,,,2199527
2026-07-01T21:08:22.278613,2026-07-01T11:08:23.676631+00:00,86.4,3,bid,,,2199547
2026-07-01T21:08:22.278613,2026-07-01T11:08:23.676631+00:00,86.5,47,bid,,,2199548
2026-07-01T21:08:22.716189,2026-07-01T11:08:24.114488+00:00,86.5,5,bid,,,2199565
2026-07-01T21:08:22.716189,2026-07-01T11:08:24.114488+00:00,86.7,37,bid,,,2199566
2026-07-01T21:08:24.441363,2026-07-01T11:08:25.846778+00:00,86.4,50,ask,,,2199603
2026-07-01T21:08:26.497666,2026-07-01T11:08:27.892884+00:00,86.5,4,bid,,,2199646
2026-07-01T21:08:27.412640,2026-07-01T11:08:28.810230+00:00,86.2,44,ask,,,2199673
2026-07-01T21:08:29.032567,2026-07-01T11:08:30.428231+00:00,86.5,6,bid,,,2199718
2026-07-01T21:08:29.032567,2026-07-01T11:08:30.439231+00:00,86.6,42,bid,,,2199719
2026-07-01T21:08:30.714195,2026-07-01T11:08:32.110333+00:00,86.5,50,bid,,,2199749
2026-07-01T21:08:30.769171,2026-07-01T11:08:32.164963+00:00,86.1,46,ask,,,2199754
2026-07-01T21:08:31.834721,2026-07-01T11:08:33.235983+00:00,86.5,42,bid,,,2199776
2026-07-01T21:08:32.929066,2026-07-01T11:08:34.330105+00:00,86.5,6,bid,,,2199806
2026-07-01T21:08:32.929066,2026-07-01T11:08:34.330105+00:00,86.5,94,bid,,,2199807
2026-07-01T21:08:34.978376,2026-07-01T11:08:36.374944+00:00,86.0,50,ask,,,2199860
2026-07-01T21:08:37.086017,2026-07-01T11:08:38.485849+00:00,86.2,50,ask,,,2199903
2026-07-01T21:08:37.523984,2026-07-01T11:08:38.921097+00:00,86.2,49,ask,,,2199915
2026-07-01T21:08:38.061059,2026-07-01T11:08:39.456723+00:00,86.2,46,ask,,,2199925
2026-07-01T21:08:39.109670,2026-07-01T11:08:40.504533+00:00,86.2,4,ask,,,2199938
2026-07-01T21:08:39.109670,2026-07-01T11:08:40.515368+00:00,86.2,10,ask,,,2199939
2026-07-01T21:08:39.109670,2026-07-01T11:08:40.515368+00:00,86.1,100,ask,,,2199940
2026-07-01T21:08:39.122399,2026-07-01T11:08:40.526172+00:00,86.1,36,bid,,,2199941
2026-07-01T21:08:39.192556,2026-07-01T11:08:40.591701+00:00,86.2,3,ask,,,2199947
2026-07-01T21:08:39.577753,2026-07-01T11:08:40.974942+00:00,86.3,50,bid,,,2199968
2026-07-01T21:08:39.758291,2026-07-01T11:08:41.161914+00:00,86.3,50,bid,,,2199973
2026-07-01T21:08:41.100885,2026-07-01T11:08:42.504969+00:00,86.5,2,bid,,,2200002
2026-07-01T21:08:42.704859,2026-07-01T11:08:44.114400+00:00,86.5,1,bid,,,2200039
2026-07-01T21:08:42.704859,2026-07-01T11:08:44.114400+00:00,86.6,43,bid,,,2200040
2026-07-01T21:08:43.350990,2026-07-01T11:08:44.750337+00:00,86.6,50,bid,,,2200063
2026-07-01T21:08:44.961813,2026-07-01T11:08:46.359986+00:00,86.6,7,bid,,,2200096
2026-07-01T21:08:44.961813,2026-07-01T11:08:46.359986+00:00,86.7,36,bid,,,2200097
2026-07-01T21:08:45.602842,2026-07-01T11:08:47.002245+00:00,86.4,44,ask,,,2200112
2026-07-01T21:08:46.065872,2026-07-01T11:08:47.464390+00:00,86.4,50,ask,,,2200118
2026-07-01T21:08:46.207957,2026-07-01T11:08:47.605458+00:00,86.4,50,ask,,,2200121
2026-07-01T21:08:47.617662,2026-07-01T11:08:49.014793+00:00,86.4,6,ask,,,2200156
2026-07-01T21:08:47.617662,2026-07-01T11:08:49.014793+00:00,86.4,44,ask,,,2200157
2026-07-01T21:08:47.786747,2026-07-01T11:08:49.189946+00:00,86.4,44,ask,,,2200161
2026-07-01T21:08:48.599584,2026-07-01T11:08:50.001576+00:00,86.4,12,ask,,,2200189
2026-07-01T21:08:48.730085,2026-07-01T11:08:50.133169+00:00,86.4,48,bid,,,2200197
2026-07-01T21:08:50.979772,2026-07-01T11:08:52.382251+00:00,86.2,3,ask,,,2200236
2026-07-01T21:08:50.979772,2026-07-01T11:08:52.382251+00:00,86.2,45,ask,,,2200237
2026-07-01T21:08:51.778138,2026-07-01T11:08:53.182633+00:00,86.5,50,bid,,,2200263
2026-07-01T21:08:53.884405,2026-07-01T11:08:55.284838+00:00,86.4,50,bid,,,2200301
2026-07-01T21:08:56.005060,2026-07-01T11:08:57.402058+00:00,86.6,50,bid,,,2200357
2026-07-01T21:08:56.498184,2026-07-01T11:08:57.895374+00:00,86.6,46,bid,,,2200372
2026-07-01T21:08:57.550380,2026-07-01T11:08:58.953326+00:00,86.2,5,ask,,,2200398
2026-07-01T21:08:57.550380,2026-07-01T11:08:58.953326+00:00,86.2,38,ask,,,2200399
2026-07-01T21:08:58.697436,2026-07-01T11:09:00.100299+00:00,86.4,40,bid,,,2200421
2026-07-01T21:08:59.795557,2026-07-01T11:09:01.190541+00:00,86.2,42,ask,,,2200446
2026-07-01T21:09:02.390877,2026-07-01T11:09:03.786449+00:00,86.2,50,ask,,,2200514
2026-07-01T21:09:03.008193,2026-07-01T11:09:04.407706+00:00,86.7,41,bid,,,2200526
2026-07-01T21:09:04.147883,2026-07-01T11:09:05.542277+00:00,86.2,45,ask,,,2200565
2026-07-01T21:09:05.111596,2026-07-01T11:09:06.506615+00:00,86.6,40,bid,,,2200591
2026-07-01T21:09:05.756882,2026-07-01T11:09:07.158721+00:00,86.6,45,bid,,,2200610
2026-07-01T21:09:06.601671,2026-07-01T11:09:08.003637+00:00,86.4,50,ask,,,2200621
2026-07-01T21:09:08.738042,2026-07-01T11:09:10.135552+00:00,86.2,4,ask,,,2200672
2026-07-01T21:09:08.738042,2026-07-01T11:09:10.146489+00:00,86.2,46,ask,,,2200673
2026-07-01T21:09:08.827565,2026-07-01T11:09:10.222560+00:00,86.2,43,ask,,,2200681
2026-07-01T21:09:09.864428,2026-07-01T11:09:11.260633+00:00,86.3,5,ask,,,2200700
2026-07-01T21:09:09.864428,2026-07-01T11:09:11.271624+00:00,86.2,35,ask,,,2200701
2026-07-01T21:09:10.762395,2026-07-01T11:09:12.159571+00:00,86.2,5,ask,,,2200714
2026-07-01T21:09:10.849352,2026-07-01T11:09:12.246232+00:00,86.0,50,ask,,,2200716
2026-07-01T21:09:11.066622,2026-07-01T11:09:12.465496+00:00,86.2,4,bid,,,2200726
2026-07-01T21:09:11.193636,2026-07-01T11:09:12.596546+00:00,86.2,5,bid,,,2200731
2026-07-01T21:09:11.304029,2026-07-01T11:09:12.706312+00:00,86.2,4,bid,,,2200735
2026-07-01T21:09:11.489430,2026-07-01T11:09:12.891660+00:00,86.2,43,bid,,,2200738
2026-07-01T21:09:11.495573,2026-07-01T11:09:12.891660+00:00,86.2,5,bid,,,2200739
2026-07-01T21:09:12.958562,2026-07-01T11:09:14.358181+00:00,85.8,50,ask,,,2200763
2026-07-01T21:09:13.773036,2026-07-01T11:09:15.168088+00:00,86.2,46,bid,,,2200782
2026-07-01T21:09:14.160755,2026-07-01T11:09:15.560978+00:00,86.1,100,ask,,,2200787
2026-07-01T21:09:15.068307,2026-07-01T11:09:16.466021+00:00,86.1,50,ask,,,2200804
2026-07-01T21:09:15.950087,2026-07-01T11:09:17.352404+00:00,85.6,42,ask,,,2200815
2026-07-01T21:09:17.097061,2026-07-01T11:09:18.498732+00:00,86.0,50,bid,,,2200825
2026-07-01T21:09:17.154025,2026-07-01T11:09:18.553056+00:00,86.1,50,bid,,,2200827
2026-07-01T21:09:17.206351,2026-07-01T11:09:18.608057+00:00,85.7,17,ask,,,2200829
2026-07-01T21:09:17.206351,2026-07-01T11:09:18.608057+00:00,85.6,33,ask,,,2200830
2026-07-01T21:09:17.226934,2026-07-01T11:09:18.630056+00:00,86.0,8,bid,,,2200831
2026-07-01T21:09:17.366648,2026-07-01T11:09:18.770692+00:00,86.1,50,bid,,,2200837
2026-07-01T21:09:17.493178,2026-07-01T11:09:18.890201+00:00,86.1,50,bid,,,2200839
2026-07-01T21:09:18.224848,2026-07-01T11:09:19.622535+00:00,86.3,46,bid,,,2200859
2026-07-01T21:09:18.770573,2026-07-01T11:09:20.169141+00:00,85.8,44,ask,,,2200870
2026-07-01T21:09:19.318863,2026-07-01T11:09:20.723514+00:00,85.8,50,ask,,,2200881
2026-07-01T21:09:20.496400,2026-07-01T11:09:21.902314+00:00,86.0,100,ask,,,2200903
2026-07-01T21:09:21.448710,2026-07-01T11:09:22.855875+00:00,86.0,50,ask,,,2200918
2026-07-01T21:09:23.555441,2026-07-01T11:09:24.958582+00:00,85.5,10,ask,,,2200963
2026-07-01T21:09:23.555441,2026-07-01T11:09:24.958582+00:00,85.5,40,ask,,,2200964
2026-07-01T21:09:23.736007,2026-07-01T11:09:25.133627+00:00,86.0,48,bid,,,2200969
2026-07-01T21:09:23.764306,2026-07-01T11:09:25.166627+00:00,86.0,50,bid,,,2200970
2026-07-01T21:09:25.675038,2026-07-01T11:09:27.081936+00:00,85.8,50,ask,,,2201007
2026-07-01T21:09:29.834365,2026-07-01T11:09:31.230805+00:00,86.1,4,bid,,,2201082
2026-07-01T21:09:29.834365,2026-07-01T11:09:31.230805+00:00,86.1,46,bid,,,2201083
2026-07-01T21:09:30.661459,2026-07-01T11:09:32.060441+00:00,85.7,49,ask,,,2201107
2026-07-01T21:09:31.690143,2026-07-01T11:09:33.089801+00:00,86.1,41,bid,,,2201131
2026-07-01T21:09:31.975600,2026-07-01T11:09:33.374312+00:00,86.1,50,bid,,,2201134
2026-07-01T21:09:32.892850,2026-07-01T11:09:34.292361+00:00,86.1,2,bid,,,2201159
2026-07-01T21:09:34.046336,2026-07-01T11:09:35.450088+00:00,86.1,2,ask,,,2201176
2026-07-01T21:09:34.085183,2026-07-01T11:09:35.482989+00:00,86.2,50,bid,,,2201177
2026-07-01T21:09:34.134069,2026-07-01T11:09:35.537058+00:00,86.1,2,ask,,,2201179
2026-07-01T21:09:34.217632,2026-07-01T11:09:35.613327+00:00,86.1,2,ask,,,2201182
2026-07-01T21:09:34.423397,2026-07-01T11:09:35.820496+00:00,86.1,2,ask,,,2201189
2026-07-01T21:09:34.738565,2026-07-01T11:09:36.135634+00:00,86.1,44,ask,,,2201202
2026-07-01T21:09:36.195915,2026-07-01T11:09:37.596355+00:00,86.2,50,bid,,,2201239
2026-07-01T21:09:36.887328,2026-07-01T11:09:38.284792+00:00,85.8,46,ask,,,2201258
2026-07-01T21:09:38.302454,2026-07-01T11:09:39.704371+00:00,86.2,50,bid,,,2201293
2026-07-01T21:09:38.474205,2026-07-01T11:09:39.878117+00:00,86.2,41,bid,,,2201294
2026-07-01T21:09:39.347498,2026-07-01T11:09:40.741858+00:00,85.7,47,ask,,,2201307
2026-07-01T21:09:40.408385,2026-07-01T11:09:41.812175+00:00,86.0,50,bid,,,2201332
2026-07-01T21:09:41.252689,2026-07-01T11:09:42.653616+00:00,86.0,40,bid,,,2201355
2026-07-01T21:09:42.371299,2026-07-01T11:09:43.769629+00:00,86.2,4,bid,,,2201377
2026-07-01T21:09:42.371299,2026-07-01T11:09:43.769629+00:00,86.4,40,bid,,,2201378
2026-07-01T21:09:42.514497,2026-07-01T11:09:43.911810+00:00,86.3,50,bid,,,2201382
2026-07-01T21:09:42.669535,2026-07-01T11:09:44.064880+00:00,86.0,94,ask,,,2201391
2026-07-01T21:09:42.711820,2026-07-01T11:09:44.108554+00:00,86.0,6,ask,,,2201394
2026-07-01T21:09:42.862174,2026-07-01T11:09:44.261142+00:00,85.8,50,ask,,,2201397
2026-07-01T21:09:42.989362,2026-07-01T11:09:44.390684+00:00,85.8,50,ask,,,2201399
2026-07-01T21:09:43.023385,2026-07-01T11:09:44.423201+00:00,85.8,41,ask,,,2201400
2026-07-01T21:09:43.246909,2026-07-01T11:09:44.642674+00:00,85.8,9,ask,,,2201405
2026-07-01T21:09:44.622736,2026-07-01T11:09:46.019141+00:00,86.2,5,bid,,,2201433
2026-07-01T21:09:44.622736,2026-07-01T11:09:46.030141+00:00,86.3,45,bid,,,2201434
2026-07-01T21:09:46.188398,2026-07-01T11:09:47.589087+00:00,85.8,46,bid,,,2201478
2026-07-01T21:09:46.746757,2026-07-01T11:09:48.151199+00:00,85.8,50,bid,,,2201495
2026-07-01T21:09:48.858694,2026-07-01T11:09:50.259803+00:00,86.2,5,bid,,,2201534
2026-07-01T21:09:48.858694,2026-07-01T11:09:50.259803+00:00,86.2,45,bid,,,2201535
2026-07-01T21:09:49.247940,2026-07-01T11:09:50.652862+00:00,85.7,50,ask,,,2201549
2026-07-01T21:09:49.388430,2026-07-01T11:09:50.794346+00:00,85.7,44,ask,,,2201552
2026-07-01T21:09:50.968050,2026-07-01T11:09:52.366980+00:00,85.9,50,bid,,,2201593
2026-07-01T21:09:53.088554,2026-07-01T11:09:54.490610+00:00,86.0,50,bid,,,2201640
2026-07-01T21:09:55.197543,2026-07-01T11:09:56.601027+00:00,86.1,2,bid,,,2201674
2026-07-01T21:09:55.197543,2026-07-01T11:09:56.601027+00:00,86.4,48,bid,,,2201675
2026-07-01T21:09:56.105604,2026-07-01T11:09:57.507477+00:00,85.9,41,ask,,,2201691
2026-07-01T21:09:57.305632,2026-07-01T11:09:58.709127+00:00,86.1,4,bid,,,2201710
2026-07-01T21:09:57.305632,2026-07-01T11:09:58.709127+00:00,86.3,46,bid,,,2201711
2026-07-01T21:09:58.176557,2026-07-01T11:09:59.572803+00:00,86.3,43,bid,,,2201733
2026-07-01T21:09:58.290519,2026-07-01T11:09:59.693253+00:00,86.0,6,ask,,,2201735
2026-07-01T21:09:58.310385,2026-07-01T11:09:59.715159+00:00,86.0,2,ask,,,2201737
2026-07-01T21:09:58.824210,2026-07-01T11:10:00.227640+00:00,86.1,48,ask,,,2201746
2026-07-01T21:09:59.413744,2026-07-01T11:10:00.814075+00:00,86.4,10,bid,,,2201754
2026-07-01T21:09:59.413744,2026-07-01T11:10:00.814075+00:00,86.5,40,bid,,,2201755
2026-07-01T21:10:00.455870,2026-07-01T11:10:01.855379+00:00,86.1,4,ask,,,2201773
2026-07-01T21:10:01.521947,2026-07-01T11:10:02.926934+00:00,86.5,10,bid,,,2201791
2026-07-01T21:10:01.521947,2026-07-01T11:10:02.926934+00:00,86.6,40,bid,,,2201792
2026-07-01T21:10:03.645794,2026-07-01T11:10:05.051881+00:00,86.3,3,bid,,,2201840
2026-07-01T21:10:03.645794,2026-07-01T11:10:05.051881+00:00,86.3,10,bid,,,2201841
2026-07-01T21:10:03.645794,2026-07-01T11:10:05.051881+00:00,86.5,37,bid,,,2201842
2026-07-01T21:10:04.361279,2026-07-01T11:10:05.767350+00:00,86.5,49,bid,,,2201867
2026-07-01T21:10:04.443424,2026-07-01T11:10:05.844001+00:00,86.1,46,ask,,,2201868
2026-07-01T21:10:05.810001,2026-07-01T11:10:07.212022+00:00,86.4,50,ask,,,2201904
2026-07-01T21:10:07.075100,2026-07-01T11:10:08.479236+00:00,86.4,4,ask,,,2201932
2026-07-01T21:10:07.697198,2026-07-01T11:10:09.102810+00:00,86.4,1,ask,,,2201945
2026-07-01T21:10:07.788206,2026-07-01T11:10:09.188611+00:00,86.4,45,ask,,,2201948
2026-07-01T21:10:07.866194,2026-07-01T11:10:09.265786+00:00,86.4,50,bid,,,2201952
2026-07-01T21:10:10.027247,2026-07-01T11:10:11.426714+00:00,86.1,2,ask,,,2201994
2026-07-01T21:10:10.027247,2026-07-01T11:10:11.426714+00:00,85.9,48,ask,,,2201995
2026-07-01T21:10:10.375890,2026-07-01T11:10:11.776031+00:00,86.1,3,ask,,,2202008
2026-07-01T21:10:12.139302,2026-07-01T11:10:13.540948+00:00,86.1,3,ask,,,2202052
2026-07-01T21:10:12.139302,2026-07-01T11:10:13.540948+00:00,85.9,47,ask,,,2202053
2026-07-01T21:10:13.335451,2026-07-01T11:10:14.738816+00:00,86.3,41,bid,,,2202073
2026-07-01T21:10:13.702711,2026-07-01T11:10:15.097544+00:00,86.1,3,ask,,,2202081
2026-07-01T21:10:14.247534,2026-07-01T11:10:15.644349+00:00,85.9,50,ask,,,2202091
2026-07-01T21:10:15.460348,2026-07-01T11:10:16.857525+00:00,86.1,40,ask,,,2202122
2026-07-01T21:10:16.355456,2026-07-01T11:10:17.751562+00:00,86.1,50,ask,,,2202138
2026-07-01T21:10:17.018819,2026-07-01T11:10:18.416800+00:00,86.1,4,ask,,,2202156
2026-07-01T21:10:17.288373,2026-07-01T11:10:18.689262+00:00,86.1,6,ask,,,2202158
2026-07-01T21:10:18.474736,2026-07-01T11:10:19.884381+00:00,85.7,10,ask,,,2202181
2026-07-01T21:10:18.474736,2026-07-01T11:10:19.884381+00:00,85.6,40,ask,,,2202182
2026-07-01T21:10:20.592246,2026-07-01T11:10:21.991357+00:00,85.6,50,ask,,,2202228
2026-07-01T21:10:22.700481,2026-07-01T11:10:24.098155+00:00,86.0,2,ask,,,2202256
2026-07-01T21:10:22.700481,2026-07-01T11:10:24.098155+00:00,85.8,48,ask,,,2202257
2026-07-01T21:10:22.876051,2026-07-01T11:10:24.283963+00:00,86.1,46,bid,,,2202264
2026-07-01T21:10:23.935177,2026-07-01T11:10:25.333879+00:00,85.9,2,ask,,,2202289
2026-07-01T21:10:23.935177,2026-07-01T11:10:25.333879+00:00,85.7,44,ask,,,2202290
2026-07-01T21:10:24.811735,2026-07-01T11:10:26.207681+00:00,85.9,2,ask,,,2202314
2026-07-01T21:10:24.811735,2026-07-01T11:10:26.218682+00:00,85.7,48,ask,,,2202315
2026-07-01T21:10:26.924300,2026-07-01T11:10:28.330759+00:00,85.9,2,ask,,,2202351
2026-07-01T21:10:26.924300,2026-07-01T11:10:28.330759+00:00,85.7,48,ask,,,2202352
2026-07-01T21:10:29.035182,2026-07-01T11:10:30.437817+00:00,85.9,4,ask,,,2202400
2026-07-01T21:10:29.035182,2026-07-01T11:10:30.448818+00:00,85.9,10,ask,,,2202401
2026-07-01T21:10:29.035182,2026-07-01T11:10:30.448818+00:00,85.7,36,ask,,,2202402
2026-07-01T21:10:29.976552,2026-07-01T11:10:31.378469+00:00,85.9,50,bid,,,2202425
2026-07-01T21:10:30.000782,2026-07-01T11:10:31.400132+00:00,85.9,100,bid,,,2202429
2026-07-01T21:10:31.147186,2026-07-01T11:10:32.549351+00:00,85.8,3,ask,,,2202444
2026-07-01T21:10:31.147186,2026-07-01T11:10:32.549351+00:00,85.7,47,ask,,,2202445
2026-07-01T21:10:31.466507,2026-07-01T11:10:32.868588+00:00,85.8,3,ask,,,2202451
2026-07-01T21:10:31.466507,2026-07-01T11:10:32.868588+00:00,85.7,41,ask,,,2202452
2026-07-01T21:10:33.257138,2026-07-01T11:10:34.656716+00:00,85.8,2,ask,,,2202496
2026-07-01T21:10:33.257138,2026-07-01T11:10:34.656716+00:00,85.8,48,ask,,,2202497
2026-07-01T21:10:33.298743,2026-07-01T11:10:34.701147+00:00,85.8,100,ask,,,2202498
2026-07-01T21:10:33.872767,2026-07-01T11:10:35.270739+00:00,86.1,2,bid,,,2202525
2026-07-01T21:10:33.872767,2026-07-01T11:10:35.270739+00:00,86.3,43,bid,,,2202526
2026-07-01T21:10:35.366110,2026-07-01T11:10:36.768388+00:00,85.8,2,ask,,,2202556
2026-07-01T21:10:35.366110,2026-07-01T11:10:36.768388+00:00,85.8,2,ask,,,2202557
2026-07-01T21:10:36.098391,2026-07-01T11:10:37.500249+00:00,85.8,2,ask,,,2202571
2026-07-01T21:10:39.219682,2026-07-01T11:10:40.618207+00:00,86.0,47,bid,,,2202644
2026-07-01T21:10:39.552632,2026-07-01T11:10:40.955722+00:00,86.0,50,bid,,,2202655
2026-07-01T21:10:43.763878,2026-07-01T11:10:45.163549+00:00,85.9,50,bid,,,2202740
2026-07-01T21:10:43.994814,2026-07-01T11:10:45.391656+00:00,85.7,43,ask,,,2202742
2026-07-01T21:10:45.869252,2026-07-01T11:10:47.266652+00:00,86.0,1,bid,,,2202776
2026-07-01T21:10:45.869252,2026-07-01T11:10:47.266652+00:00,86.0,49,bid,,,2202777
2026-07-01T21:10:47.979105,2026-07-01T11:10:49.383308+00:00,85.9,50,bid,,,2202817
2026-07-01T21:10:49.381666,2026-07-01T11:10:50.779429+00:00,86.0,1,bid,,,2202848
2026-07-01T21:10:49.381666,2026-07-01T11:10:50.790429+00:00,86.1,48,bid,,,2202849
2026-07-01T21:10:50.085606,2026-07-01T11:10:51.480590+00:00,86.0,1,bid,,,2202867
2026-07-01T21:10:50.085606,2026-07-01T11:10:51.491117+00:00,86.1,49,bid,,,2202868
2026-07-01T21:10:51.537054,2026-07-01T11:10:52.937919+00:00,85.7,3,ask,,,2202900
2026-07-01T21:10:51.537054,2026-07-01T11:10:52.937919+00:00,85.7,43,ask,,,2202901
2026-07-01T21:10:52.197675,2026-07-01T11:10:53.594863+00:00,86.0,2,bid,,,2202907
2026-07-01T21:10:52.197675,2026-07-01T11:10:53.594863+00:00,86.0,48,bid,,,2202908
2026-07-01T21:10:52.711030,2026-07-01T11:10:54.110469+00:00,85.9,44,ask,,,2202914
2026-07-01T21:10:54.332208,2026-07-01T11:10:55.736077+00:00,86.0,50,bid,,,2202954
2026-07-01T21:10:55.059985,2026-07-01T11:10:56.456325+00:00,85.9,50,ask,,,2202978
2026-07-01T21:10:56.440896,2026-07-01T11:10:57.839503+00:00,86.1,50,bid,,,2203016
2026-07-01T21:10:57.110193,2026-07-01T11:10:58.514729+00:00,85.9,48,ask,,,2203035
2026-07-01T21:10:58.548047,2026-07-01T11:10:59.946660+00:00,86.3,50,bid,,,2203073
2026-07-01T21:11:00.509639,2026-07-01T11:11:01.907052+00:00,86.3,41,bid,,,2203125
2026-07-01T21:11:00.745337,2026-07-01T11:11:02.147135+00:00,85.9,50,ask,,,2203132
2026-07-01T21:11:01.018011,2026-07-01T11:11:02.419085+00:00,86.3,40,bid,,,2203139
2026-07-01T21:11:01.591749,2026-07-01T11:11:02.995114+00:00,86.4,100,bid,,,2203154
2026-07-01T21:11:01.652680,2026-07-01T11:11:03.050130+00:00,86.4,50,ask,,,2203156
2026-07-01T21:11:02.853593,2026-07-01T11:11:04.250221+00:00,85.9,50,ask,,,2203174
2026-07-01T21:11:02.916763,2026-07-01T11:11:04.316289+00:00,85.9,50,ask,,,2203176
2026-07-01T21:11:03.271333,2026-07-01T11:11:04.667281+00:00,85.9,4,ask,,,2203189
2026-07-01T21:11:04.936619,2026-07-01T11:11:06.332504+00:00,85.9,1,ask,,,2203230
2026-07-01T21:11:04.986202,2026-07-01T11:11:06.387505+00:00,85.5,50,ask,,,2203231
2026-07-01T21:11:05.449792,2026-07-01T11:11:06.856965+00:00,85.9,2,bid,,,2203244
2026-07-01T21:11:05.503407,2026-07-01T11:11:06.900965+00:00,85.9,2,bid,,,2203245
2026-07-01T21:11:05.589025,2026-07-01T11:11:06.987888+00:00,85.9,2,bid,,,2203248
2026-07-01T21:11:07.094310,2026-07-01T11:11:08.495162+00:00,85.5,50,ask,,,2203275
2026-07-01T21:11:07.257626,2026-07-01T11:11:08.658819+00:00,85.9,42,bid,,,2203284
2026-07-01T21:11:07.322274,2026-07-01T11:11:08.723755+00:00,85.5,45,ask,,,2203285
2026-07-01T21:11:08.003801,2026-07-01T11:11:09.404007+00:00,85.4,100,ask,,,2203303
2026-07-01T21:11:08.062491,2026-07-01T11:11:09.459063+00:00,85.4,50,bid,,,2203304
2026-07-01T21:11:08.390480,2026-07-01T11:11:09.787664+00:00,86.1,44,bid,,,2203311
2026-07-01T21:11:09.207221,2026-07-01T11:11:10.619345+00:00,85.8,1,ask,,,2203321
2026-07-01T21:11:09.207221,2026-07-01T11:11:10.619345+00:00,85.6,49,ask,,,2203322
2026-07-01T21:11:09.506204,2026-07-01T11:11:10.903742+00:00,85.7,1,ask,,,2203333
2026-07-01T21:11:09.506204,2026-07-01T11:11:10.903742+00:00,85.6,1,ask,,,2203334
2026-07-01T21:11:09.506204,2026-07-01T11:11:10.914532+00:00,84.9,43,ask,,,2203335
2026-07-01T21:11:10.136447,2026-07-01T11:11:11.537386+00:00,86.0,4,bid,,,2203346
2026-07-01T21:11:10.136447,2026-07-01T11:11:11.537386+00:00,86.1,39,bid,,,2203347
2026-07-01T21:11:10.602448,2026-07-01T11:11:12.007795+00:00,85.7,1,ask,,,2203363
2026-07-01T21:11:11.315008,2026-07-01T11:11:12.716074+00:00,85.4,50,ask,,,2203390
2026-07-01T21:11:13.421719,2026-07-01T11:11:14.823247+00:00,85.5,10,ask,,,2203436
2026-07-01T21:11:13.421719,2026-07-01T11:11:14.823247+00:00,85.4,40,ask,,,2203437
2026-07-01T21:11:15.533215,2026-07-01T11:11:16.931270+00:00,85.4,50,ask,,,2203498
2026-07-01T21:11:15.802416,2026-07-01T11:11:17.204424+00:00,85.4,45,ask,,,2203502
2026-07-01T21:11:17.640832,2026-07-01T11:11:19.037794+00:00,85.0,50,ask,,,2203540
2026-07-01T21:11:18.713018,2026-07-01T11:11:20.112768+00:00,85.5,50,bid,,,2203571
2026-07-01T21:11:18.859492,2026-07-01T11:11:20.255701+00:00,85.5,50,bid,,,2203574
2026-07-01T21:11:18.985642,2026-07-01T11:11:20.385967+00:00,85.5,50,bid,,,2203576
2026-07-01T21:11:19.111608,2026-07-01T11:11:20.507070+00:00,85.5,50,bid,,,2203578
2026-07-01T21:11:19.747432,2026-07-01T11:11:21.151627+00:00,85.1,10,ask,,,2203599
2026-07-01T21:11:19.747432,2026-07-01T11:11:21.151627+00:00,85.0,40,ask,,,2203600
2026-07-01T21:11:21.854846,2026-07-01T11:11:23.251803+00:00,85.4,10,ask,,,2203643
2026-07-01T21:11:21.854846,2026-07-01T11:11:23.251803+00:00,85.2,40,ask,,,2203644
2026-07-01T21:11:21.931456,2026-07-01T11:11:23.328803+00:00,85.6,46,bid,,,2203646
2026-07-01T21:11:22.514876,2026-07-01T11:11:23.909996+00:00,85.3,10,ask,,,2203660
2026-07-01T21:11:22.514876,2026-07-01T11:11:23.920237+00:00,85.2,36,ask,,,2203661
2026-07-01T21:11:22.974707,2026-07-01T11:11:24.370091+00:00,85.6,49,bid,,,2203674
2026-07-01T21:11:23.905411,2026-07-01T11:11:25.312210+00:00,85.4,100,bid,,,2203698
2026-07-01T21:11:23.974088,2026-07-01T11:11:25.377394+00:00,85.0,10,ask,,,2203703
2026-07-01T21:11:23.974088,2026-07-01T11:11:25.377394+00:00,84.9,40,ask,,,2203704
2026-07-01T21:11:25.033268,2026-07-01T11:11:26.438481+00:00,85.4,43,bid,,,2203731
2026-07-01T21:11:25.577310,2026-07-01T11:11:26.976336+00:00,85.4,7,bid,,,2203737
2026-07-01T21:11:26.084496,2026-07-01T11:11:27.489445+00:00,84.9,50,ask,,,2203764
2026-07-01T21:11:26.537887,2026-07-01T11:11:27.937698+00:00,85.6,6,bid,,,2203771
2026-07-01T21:11:28.189708,2026-07-01T11:11:29.589465+00:00,85.5,50,ask,,,2203806
2026-07-01T21:11:29.159442,2026-07-01T11:11:30.563462+00:00,85.7,5,bid,,,2203833
2026-07-01T21:11:30.302849,2026-07-01T11:11:31.698645+00:00,85.5,50,ask,,,2203852
2026-07-01T21:11:30.862989,2026-07-01T11:11:32.265806+00:00,85.8,25,bid,,,2203865
2026-07-01T21:11:31.856454,2026-07-01T11:11:33.256588+00:00,85.6,10,ask,,,2203892
2026-07-01T21:11:31.856454,2026-07-01T11:11:33.256588+00:00,85.5,37,ask,,,2203893
2026-07-01T21:11:32.409979,2026-07-01T11:11:33.812448+00:00,85.6,10,ask,,,2203902
2026-07-01T21:11:32.409979,2026-07-01T11:11:33.812448+00:00,85.5,13,ask,,,2203903
2026-07-01T21:11:32.409979,2026-07-01T11:11:33.812448+00:00,85.3,27,ask,,,2203904
2026-07-01T21:11:32.872769,2026-07-01T11:11:34.270484+00:00,85.4,10,ask,,,2203917
2026-07-01T21:11:33.448092,2026-07-01T11:11:34.848749+00:00,85.8,25,bid,,,2203930
2026-07-01T21:11:33.507567,2026-07-01T11:11:34.903748+00:00,85.7,100,bid,,,2203933
2026-07-01T21:11:34.093697,2026-07-01T11:11:35.493398+00:00,85.7,3,bid,,,2203947
2026-07-01T21:11:34.469175,2026-07-01T11:11:35.866472+00:00,85.8,50,bid,,,2203959
2026-07-01T21:11:35.092204,2026-07-01T11:11:36.497579+00:00,85.7,3,bid,,,2203967
2026-07-01T21:11:36.576832,2026-07-01T11:11:37.976020+00:00,85.7,10,bid,,,2203995
2026-07-01T21:11:36.576832,2026-07-01T11:11:37.976020+00:00,86.0,40,bid,,,2203996
2026-07-01T21:11:38.206942,2026-07-01T11:11:39.604181+00:00,85.7,10,bid,,,2204037
2026-07-01T21:11:38.467813,2026-07-01T11:11:39.877851+00:00,85.8,1,bid,,,2204047
2026-07-01T21:11:38.472722,2026-07-01T11:11:39.877851+00:00,85.9,2,bid,,,2204048
2026-07-01T21:11:38.517953,2026-07-01T11:11:39.921863+00:00,85.9,40,bid,,,2204049
2026-07-01T21:11:38.686288,2026-07-01T11:11:40.085487+00:00,85.9,50,bid,,,2204052
2026-07-01T21:11:40.793935,2026-07-01T11:11:42.193298+00:00,86.1,10,bid,,,2204106
2026-07-01T21:11:40.793935,2026-07-01T11:11:42.193298+00:00,86.2,40,bid,,,2204107
2026-07-01T21:11:42.224817,2026-07-01T11:11:43.625373+00:00,85.8,45,ask,,,2204136
2026-07-01T21:11:42.691387,2026-07-01T11:11:44.095097+00:00,85.8,42,ask,,,2204146
2026-07-01T21:11:42.903540,2026-07-01T11:11:44.299470+00:00,86.1,50,bid,,,2204157
2026-07-01T21:11:43.481335,2026-07-01T11:11:44.879111+00:00,86.1,2,bid,,,2204166
2026-07-01T21:11:44.349085,2026-07-01T11:11:45.750028+00:00,86.1,43,bid,,,2204183
2026-07-01T21:11:45.013842,2026-07-01T11:11:46.408537+00:00,86.1,50,bid,,,2204200
2026-07-01T21:11:46.697751,2026-07-01T11:11:48.094882+00:00,86.0,42,ask,,,2204238
2026-07-01T21:11:47.119392,2026-07-01T11:11:48.521673+00:00,86.3,10,bid,,,2204243
2026-07-01T21:11:47.119392,2026-07-01T11:11:48.521673+00:00,86.4,40,bid,,,2204244
2026-07-01T21:11:47.126463,2026-07-01T11:11:48.532672+00:00,86.0,2,ask,,,2204245
2026-07-01T21:11:49.228006,2026-07-01T11:11:50.623465+00:00,86.1,1,bid,,,2204292
2026-07-01T21:11:49.228006,2026-07-01T11:11:50.634466+00:00,86.1,10,bid,,,2204293
2026-07-01T21:11:49.228006,2026-07-01T11:11:50.634466+00:00,86.3,39,bid,,,2204294
2026-07-01T21:11:50.842669,2026-07-01T11:11:52.240963+00:00,86.1,1,bid,,,2204324
2026-07-01T21:11:50.842669,2026-07-01T11:11:52.240963+00:00,86.1,10,bid,,,2204325
2026-07-01T21:11:50.842669,2026-07-01T11:11:52.251480+00:00,86.3,37,bid,,,2204326
2026-07-01T21:11:51.357555,2026-07-01T11:11:52.758853+00:00,86.3,50,bid,,,2204336
2026-07-01T21:11:52.297929,2026-07-01T11:11:53.699880+00:00,86.2,1,bid,,,2204357
2026-07-01T21:11:52.317198,2026-07-01T11:11:53.721980+00:00,86.4,1,ask,,,2204359
2026-07-01T21:11:52.337230,2026-07-01T11:11:53.732980+00:00,86.4,133,ask,,,2204360
2026-07-01T21:11:52.494723,2026-07-01T11:11:53.897019+00:00,86.4,15,ask,,,2204367
2026-07-01T21:11:53.464731,2026-07-01T11:11:54.859665+00:00,86.6,50,bid,,,2204389
2026-07-01T21:11:54.938443,2026-07-01T11:11:56.337464+00:00,86.1,43,ask,,,2204423
2026-07-01T21:11:55.523771,2026-07-01T11:11:56.924833+00:00,86.1,50,ask,,,2204440
2026-07-01T21:11:55.625371,2026-07-01T11:11:57.022798+00:00,86.1,50,ask,,,2204442
2026-07-01T21:11:55.671646,2026-07-01T11:11:57.066754+00:00,86.1,50,ask,,,2204444
2026-07-01T21:11:55.951478,2026-07-01T11:11:57.350731+00:00,86.1,40,ask,,,2204454
2026-07-01T21:11:57.748684,2026-07-01T11:11:59.153656+00:00,86.1,10,ask,,,2204496
2026-07-01T21:11:57.748684,2026-07-01T11:11:59.153656+00:00,86.0,5,ask,,,2204497
2026-07-01T21:11:57.748684,2026-07-01T11:11:59.153656+00:00,85.8,35,ask,,,2204498
2026-07-01T21:11:58.692260,2026-07-01T11:12:00.090779+00:00,86.0,5,ask,,,2204523
2026-07-01T21:11:58.700331,2026-07-01T11:12:00.101782+00:00,85.9,145,bid,,,2204524
2026-07-01T21:11:59.860420,2026-07-01T11:12:01.260709+00:00,86.0,50,ask,,,2204543
2026-07-01T21:12:01.627745,2026-07-01T11:12:03.030490+00:00,86.5,42,bid,,,2204582
2026-07-01T21:12:02.645326,2026-07-01T11:12:04.044798+00:00,86.3,45,bid,,,2204602
2026-07-01T21:12:04.020869,2026-07-01T11:12:05.425061+00:00,86.3,50,bid,,,2204637
2026-07-01T21:12:04.265904,2026-07-01T11:12:05.663930+00:00,86.0,3,ask,,,2204639
2026-07-01T21:12:04.265904,2026-07-01T11:12:05.663930+00:00,85.8,41,ask,,,2204640
2026-07-01T21:12:05.778577,2026-07-01T11:12:07.184389+00:00,86.2,48,ask,,,2204665
2026-07-01T21:12:06.146231,2026-07-01T11:12:07.544837+00:00,86.4,50,bid,,,2204679
2026-07-01T21:12:08.967219,2026-07-01T11:12:10.362158+00:00,86.5,41,bid,,,2204748
2026-07-01T21:12:10.387385,2026-07-01T11:12:11.791959+00:00,86.5,50,bid,,,2204769
2026-07-01T21:12:11.317697,2026-07-01T11:12:12.718262+00:00,86.6,100,bid,,,2204796
2026-07-01T21:12:11.394145,2026-07-01T11:12:12.794900+00:00,86.7,50,ask,,,2204799
2026-07-01T21:12:11.449359,2026-07-01T11:12:12.849754+00:00,86.8,100,ask,,,2204800
2026-07-01T21:12:14.673699,2026-07-01T11:12:16.074548+00:00,86.4,50,ask,,,2204888
2026-07-01T21:12:15.345220,2026-07-01T11:12:16.742371+00:00,86.5,40,bid,,,2204900
2026-07-01T21:12:16.779419,2026-07-01T11:12:18.175219+00:00,86.4,50,ask,,,2204920
2026-07-01T21:12:16.966640,2026-07-01T11:12:18.371271+00:00,86.2,6,ask,,,2204923
2026-07-01T21:12:16.966640,2026-07-01T11:12:18.371271+00:00,86.0,36,ask,,,2204924
2026-07-01T21:12:20.067820,2026-07-01T11:12:21.472961+00:00,86.5,47,bid,,,2204984
2026-07-01T21:12:21.024227,2026-07-01T11:12:22.421098+00:00,86.2,2,ask,,,2205007
2026-07-01T21:12:21.024227,2026-07-01T11:12:22.421098+00:00,86.1,48,ask,,,2205008
2026-07-01T21:12:22.681960,2026-07-01T11:12:24.081538+00:00,86.1,49,ask,,,2205042
2026-07-01T21:12:24.032391,2026-07-01T11:12:25.434785+00:00,86.2,5,ask,,,2205076
2026-07-01T21:12:24.207620,2026-07-01T11:12:25.607643+00:00,86.2,50,bid,,,2205080
2026-07-01T21:12:24.334059,2026-07-01T11:12:25.737645+00:00,86.2,50,bid,,,2205082
2026-07-01T21:12:24.378822,2026-07-01T11:12:25.781645+00:00,86.2,45,bid,,,2205087
2026-07-01T21:12:25.135104,2026-07-01T11:12:26.535570+00:00,86.0,50,ask,,,2205114
2026-07-01T21:12:27.242201,2026-07-01T11:12:28.641439+00:00,86.4,50,ask,,,2205142
2026-07-01T21:12:27.326613,2026-07-01T11:12:28.728974+00:00,86.4,100,ask,,,2205144
2026-07-01T21:12:28.600491,2026-07-01T11:12:29.997179+00:00,86.4,1,bid,,,2205181
2026-07-01T21:12:29.348735,2026-07-01T11:12:30.752305+00:00,86.1,3,ask,,,2205214
2026-07-01T21:12:29.348735,2026-07-01T11:12:30.752305+00:00,85.9,47,ask,,,2205215
2026-07-01T21:12:30.427825,2026-07-01T11:12:31.825424+00:00,86.2,50,bid,,,2205229
2026-07-01T21:12:30.623072,2026-07-01T11:12:32.021009+00:00,86.2,15,bid,,,2205239
2026-07-01T21:12:31.437721,2026-07-01T11:12:32.842459+00:00,86.2,85,bid,,,2205253
2026-07-01T21:12:31.459481,2026-07-01T11:12:32.863645+00:00,86.0,50,ask,,,2205256
2026-07-01T21:12:33.567429,2026-07-01T11:12:34.966269+00:00,86.3,50,ask,,,2205294
2026-07-01T21:12:33.654581,2026-07-01T11:12:35.054269+00:00,86.3,100,ask,,,2205299
2026-07-01T21:12:37.726168,2026-07-01T11:12:39.123515+00:00,86.0,50,bid,,,2205371
2026-07-01T21:12:37.803696,2026-07-01T11:12:39.200654+00:00,86.0,41,bid,,,2205373
2026-07-01T21:12:38.257744,2026-07-01T11:12:39.659436+00:00,86.0,3,bid,,,2205381
2026-07-01T21:12:38.626883,2026-07-01T11:12:40.031886+00:00,86.0,25,bid,,,2205393
2026-07-01T21:12:38.632022,2026-07-01T11:12:40.031886+00:00,86.0,1,bid,,,2205394
2026-07-01T21:12:39.466508,2026-07-01T11:12:40.869790+00:00,86.0,30,bid,,,2205408
2026-07-01T21:12:39.466508,2026-07-01T11:12:40.869790+00:00,86.0,6,bid,,,2205409
2026-07-01T21:12:39.860166,2026-07-01T11:12:41.262404+00:00,86.1,6,bid,,,2205414
2026-07-01T21:12:39.860166,2026-07-01T11:12:41.262404+00:00,86.4,44,bid,,,2205415
2026-07-01T21:12:41.046875,2026-07-01T11:12:42.451834+00:00,85.9,41,ask,,,2205437
2026-07-01T21:12:41.971198,2026-07-01T11:12:43.366944+00:00,86.1,5,bid,,,2205447
2026-07-01T21:12:41.971198,2026-07-01T11:12:43.377944+00:00,86.4,45,bid,,,2205448
2026-07-01T21:12:44.084287,2026-07-01T11:12:45.489859+00:00,86.5,50,bid,,,2205475
2026-07-01T21:12:44.505664,2026-07-01T11:12:45.905888+00:00,86.1,46,ask,,,2205479
2026-07-01T21:12:46.191875,2026-07-01T11:12:47.589755+00:00,86.5,50,bid,,,2205509
2026-07-01T21:12:46.263942,2026-07-01T11:12:47.666514+00:00,86.4,100,ask,,,2205511
2026-07-01T21:12:48.298511,2026-07-01T11:12:49.699387+00:00,86.3,4,bid,,,2205556
2026-07-01T21:12:48.298511,2026-07-01T11:12:49.699387+00:00,86.5,46,bid,,,2205557
2026-07-01T21:12:49.656092,2026-07-01T11:12:51.055788+00:00,86.5,43,bid,,,2205599
2026-07-01T21:12:50.289519,2026-07-01T11:12:51.689876+00:00,86.1,49,ask,,,2205614
2026-07-01T21:12:50.406252,2026-07-01T11:12:51.809818+00:00,86.5,50,bid,,,2205619
2026-07-01T21:12:51.286393,2026-07-01T11:12:52.683526+00:00,86.5,7,bid,,,2205636
2026-07-01T21:12:51.286393,2026-07-01T11:12:52.683526+00:00,86.6,39,bid,,,2205637
2026-07-01T21:12:51.805484,2026-07-01T11:12:53.208444+00:00,86.1,41,ask,,,2205645
2026-07-01T21:12:52.637918,2026-07-01T11:12:54.037282+00:00,86.6,50,ask,,,2205674
2026-07-01T21:12:52.801514,2026-07-01T11:12:54.212390+00:00,86.6,50,ask,,,2205681
2026-07-01T21:12:54.667803,2026-07-01T11:12:56.070362+00:00,86.2,50,ask,,,2205714
2026-07-01T21:12:55.905415,2026-07-01T11:12:57.309237+00:00,86.4,45,bid,,,2205743
2026-07-01T21:12:56.724282,2026-07-01T11:12:58.127280+00:00,86.4,50,bid,,,2205759
2026-07-01T21:12:57.024609,2026-07-01T11:12:58.421655+00:00,86.4,40,bid,,,2205776
2026-07-01T21:12:58.765040,2026-07-01T11:13:00.169133+00:00,86.3,41,ask,,,2205822
2026-07-01T21:12:58.892936,2026-07-01T11:13:00.288980+00:00,86.4,50,ask,,,2205828
2026-07-01T21:12:59.844123,2026-07-01T11:13:01.249701+00:00,86.4,50,ask,,,2205856
2026-07-01T21:13:00.006252,2026-07-01T11:13:01.403299+00:00,86.4,50,ask,,,2205860
2026-07-01T21:13:00.947333,2026-07-01T11:13:02.343663+00:00,86.6,50,bid,,,2205879
2026-07-01T21:13:02.658005,2026-07-01T11:13:04.057233+00:00,86.6,47,bid,,,2205907
2026-07-01T21:13:03.063117,2026-07-01T11:13:04.471681+00:00,86.6,50,bid,,,2205921
2026-07-01T21:13:07.306079,2026-07-01T11:13:08.710427+00:00,86.9,50,bid,,,2206021
2026-07-01T21:13:08.668720,2026-07-01T11:13:10.065979+00:00,86.8,25,ask,,,2206049
2026-07-01T21:13:09.411925,2026-07-01T11:13:10.809114+00:00,87.1,50,bid,,,2206067
2026-07-01T21:13:10.204654,2026-07-01T11:13:11.608478+00:00,86.8,78,ask,,,2206089
2026-07-01T21:13:10.960192,2026-07-01T11:13:12.366263+00:00,86.8,25,ask,,,2206097
2026-07-01T21:13:11.603584,2026-07-01T11:13:13.008808+00:00,86.7,50,ask,,,2206119
2026-07-01T21:13:13.237075,2026-07-01T11:13:14.637457+00:00,86.7,40,ask,,,2206145
2026-07-01T21:13:13.658943,2026-07-01T11:13:15.064625+00:00,86.8,50,bid,,,2206159
2026-07-01T21:13:14.834586,2026-07-01T11:13:16.231078+00:00,86.9,48,bid,,,2206180
2026-07-01T21:13:14.889110,2026-07-01T11:13:16.285652+00:00,86.5,3,ask,,,2206181
2026-07-01T21:13:14.889110,2026-07-01T11:13:16.296651+00:00,86.4,39,ask,,,2206182
2026-07-01T21:13:15.822021,2026-07-01T11:13:17.225491+00:00,86.5,3,ask,,,2206201
2026-07-01T21:13:15.822021,2026-07-01T11:13:17.225491+00:00,86.4,47,ask,,,2206202
2026-07-01T21:13:17.880240,2026-07-01T11:13:19.281251+00:00,86.8,50,bid,,,2206259
2026-07-01T21:13:18.573964,2026-07-01T11:13:19.970325+00:00,86.5,42,ask,,,2206274
2026-07-01T21:13:20.008492,2026-07-01T11:13:21.415131+00:00,86.8,50,bid,,,2206298
2026-07-01T21:13:20.941597,2026-07-01T11:13:22.340725+00:00,86.8,2,bid,,,2206340
2026-07-01T21:13:22.115180,2026-07-01T11:13:23.519393+00:00,86.8,47,ask,,,2206366
2026-07-01T21:13:22.118916,2026-07-01T11:13:23.519393+00:00,86.9,50,bid,,,2206367
2026-07-01T21:13:22.268102,2026-07-01T11:13:23.671749+00:00,86.8,5,ask,,,2206368
2026-07-01T21:13:22.297932,2026-07-01T11:13:23.704215+00:00,86.8,5,ask,,,2206369
2026-07-01T21:13:22.428303,2026-07-01T11:13:23.824386+00:00,86.8,4,ask,,,2206371
2026-07-01T21:13:23.759200,2026-07-01T11:13:25.165085+00:00,86.9,42,bid,,,2206401
2026-07-01T21:13:24.227440,2026-07-01T11:13:25.632435+00:00,86.9,3,bid,,,2206411
2026-07-01T21:13:24.681378,2026-07-01T11:13:26.081060+00:00,86.9,3,bid,,,2206433
2026-07-01T21:13:25.792850,2026-07-01T11:13:27.196052+00:00,87.1,42,bid,,,2206469
2026-07-01T21:13:26.336720,2026-07-01T11:13:27.741342+00:00,87.1,50,bid,,,2206479
2026-07-01T21:13:27.314796,2026-07-01T11:13:28.712841+00:00,87.1,2,ask,,,2206495
2026-07-01T21:13:27.318484,2026-07-01T11:13:28.723838+00:00,87.1,3,ask,,,2206496
2026-07-01T21:13:27.766249,2026-07-01T11:13:29.170465+00:00,87.1,1,ask,,,2206512
2026-07-01T21:13:28.499392,2026-07-01T11:13:29.900102+00:00,87.1,50,ask,,,2206535
2026-07-01T21:13:28.531754,2026-07-01T11:13:29.932419+00:00,87.1,47,ask,,,2206540
2026-07-01T21:13:28.696381,2026-07-01T11:13:30.095130+00:00,87.1,25,ask,,,2206543
2026-07-01T21:13:29.016306,2026-07-01T11:13:30.411445+00:00,87.4,46,bid,,,2206555
2026-07-01T21:13:29.070832,2026-07-01T11:13:30.476655+00:00,87.1,22,ask,,,2206557
2026-07-01T21:13:29.538345,2026-07-01T11:13:30.937611+00:00,87.4,49,bid,,,2206568
2026-07-01T21:13:30.557594,2026-07-01T11:13:31.963028+00:00,86.9,100,bid,,,2206589
2026-07-01T21:13:30.610970,2026-07-01T11:13:32.007023+00:00,86.7,4,ask,,,2206591
2026-07-01T21:13:30.610970,2026-07-01T11:13:32.018023+00:00,86.4,46,ask,,,2206592
2026-07-01T21:13:31.650505,2026-07-01T11:13:33.046755+00:00,86.8,5,ask,,,2206621
2026-07-01T21:13:31.650505,2026-07-01T11:13:33.057756+00:00,86.8,10,ask,,,2206622
2026-07-01T21:13:31.650505,2026-07-01T11:13:33.057756+00:00,86.4,32,ask,,,2206623
2026-07-01T21:13:32.735025,2026-07-01T11:13:34.137876+00:00,86.8,5,ask,,,2206643
2026-07-01T21:13:32.735025,2026-07-01T11:13:34.137876+00:00,86.8,10,ask,,,2206644
2026-07-01T21:13:32.735025,2026-07-01T11:13:34.137876+00:00,86.4,35,ask,,,2206645
2026-07-01T21:13:33.128785,2026-07-01T11:13:34.531234+00:00,86.9,42,bid,,,2206651
2026-07-01T21:13:34.844502,2026-07-01T11:13:36.243691+00:00,87.0,50,ask,,,2206684
2026-07-01T21:13:36.831337,2026-07-01T11:13:38.228395+00:00,87.0,50,ask,,,2206721
2026-07-01T21:13:40.282243,2026-07-01T11:13:41.687535+00:00,86.8,40,ask,,,2206804
2026-07-01T21:13:41.110052,2026-07-01T11:13:42.513839+00:00,87.1,1,bid,,,2206829
2026-07-01T21:13:41.110052,2026-07-01T11:13:42.513839+00:00,87.1,49,bid,,,2206830
2026-07-01T21:13:43.219127,2026-07-01T11:13:44.617031+00:00,87.2,50,bid,,,2206879
2026-07-01T21:13:45.326634,2026-07-01T11:13:46.731232+00:00,87.1,1,bid,,,2206912
2026-07-01T21:13:45.326634,2026-07-01T11:13:46.731232+00:00,87.2,49,bid,,,2206913
2026-07-01T21:13:47.435006,2026-07-01T11:13:48.837922+00:00,87.2,50,bid,,,2206962
2026-07-01T21:13:48.963472,2026-07-01T11:13:50.365698+00:00,87.2,47,bid,,,2206996
2026-07-01T21:13:49.592587,2026-07-01T11:13:50.990030+00:00,87.1,50,ask,,,2207002
2026-07-01T21:13:51.701983,2026-07-01T11:13:53.097624+00:00,87.1,50,ask,,,2207048
2026-07-01T21:13:53.814165,2026-07-01T11:13:55.218297+00:00,87.0,50,ask,,,2207110
