timestamp,recv_time,price,volume,aggressor_side,buyer,seller,trade_id
2026-07-05T15:00:00.008822,2026-07-05T15:00:00.020801+00:00,162.7,11,bid,EarnestEspressos,DiligentDonuts,8443464
2026-07-05T15:00:00.108980,2026-07-05T15:00:00.121191+00:00,163.1,14,ask,EarnestEspressos,Xuanyu Liu,8443465
2026-07-05T15:00:00.148197,2026-07-05T15:00:00.121191+00:00,163.1,49,ask,EarnestEspressos,CostlyCorianders,8443468
2026-07-05T15:00:01.329643,2026-07-05T15:00:01.341344+00:00,163.1,4,ask,EarnestEspressos,Aaron Tian,8443475
2026-07-05T15:00:01.613654,2026-07-05T15:00:01.625592+00:00,163.1,47,ask,EarnestEspressos,CostlyCorianders,8443480
2026-07-05T15:00:01.685281,2026-07-05T15:00:01.694361+00:00,163.1,12,ask,EarnestEspressos,Xuanyu Liu,8443483
2026-07-05T15:00:02.086456,2026-07-05T15:00:02.095001+00:00,163.1,13,ask,EarnestEspressos,FlawlessFlatbreads,8443496
2026-07-05T15:00:02.086456,2026-07-05T15:00:02.095001+00:00,162.8,37,ask,DiligentDonuts,FlawlessFlatbreads,8443497
2026-07-05T15:00:03.250926,2026-07-05T15:00:03.260362+00:00,162.9,12,bid,Xuanyu Liu,EarnestEspressos,8443517
2026-07-05T15:00:03.280256,2026-07-05T15:00:03.291532+00:00,162.8,2,ask,DiligentDonuts,Harold Schneider,8443519
2026-07-05T15:00:03.303274,2026-07-05T15:00:03.313817+00:00,162.9,11,bid,Xuanyu Liu,EarnestEspressos,8443521
2026-07-05T15:00:04.201404,2026-07-05T15:00:04.208446+00:00,162.8,50,ask,DiligentDonuts,FlawlessFlatbreads,8443539
2026-07-05T15:00:04.218895,2026-07-05T15:00:04.229192+00:00,162.9,45,bid,CostlyCorianders,EarnestEspressos,8443542
2026-07-05T15:00:06.257446,2026-07-05T15:00:06.269220+00:00,162.9,50,bid,FlawlessFlatbreads,EarnestEspressos,8443578
2026-07-05T15:00:07.198870,2026-07-05T15:00:07.208849+00:00,162.6,47,ask,EarnestEspressos,CostlyCorianders,8443586
2026-07-05T15:00:08.296643,2026-07-05T15:00:08.308551+00:00,162.6,2,ask,EarnestEspressos,Harold Schneider,8443593
2026-07-05T15:00:08.365016,2026-07-05T15:00:08.376873+00:00,162.7,50,bid,FlawlessFlatbreads,DiligentDonuts,8443598
2026-07-05T15:00:09.779893,2026-07-05T15:00:09.791547+00:00,162.7,49,bid,CostlyCorianders,DiligentDonuts,8443615
2026-07-05T15:00:10.470205,2026-07-05T15:00:10.480096+00:00,162.7,1,bid,FlawlessFlatbreads,DiligentDonuts,8443625
2026-07-05T15:00:11.312532,2026-07-05T15:00:11.319672+00:00,162.9,45,bid,CostlyCorianders,EarnestEspressos,8443631
2026-07-05T15:00:12.635773,2026-07-05T15:00:12.646301+00:00,162.4,50,ask,DiligentDonuts,FlawlessFlatbreads,8443651
2026-07-05T15:00:14.742090,2026-07-05T15:00:14.753812+00:00,162.6,50,ask,EarnestEspressos,FlawlessFlatbreads,8443689
2026-07-05T15:00:16.851916,2026-07-05T15:00:16.858388+00:00,162.4,50,ask,EarnestEspressos,FlawlessFlatbreads,8443723
2026-07-05T15:00:18.959392,2026-07-05T15:00:18.971410+00:00,162.3,50,ask,DiligentDonuts,FlawlessFlatbreads,8443754
2026-07-05T15:00:20.160836,2026-07-05T15:00:20.172851+00:00,161.9,44,ask,EarnestEspressos,CostlyCorianders,8443776
2026-07-05T15:00:20.359504,2026-07-05T15:00:20.367986+00:00,162.4,3,bid,Xuanyu Liu,EarnestEspressos,8443777
2026-07-05T15:00:20.670408,2026-07-05T15:00:20.680731+00:00,162.4,43,bid,CostlyCorianders,EarnestEspressos,8443779
2026-07-05T15:00:21.096278,2026-07-05T15:00:21.103169+00:00,162.1,50,ask,DiligentDonuts,FlawlessFlatbreads,8443790
2026-07-05T15:00:23.205959,2026-07-05T15:00:23.213998+00:00,162.3,50,ask,EarnestEspressos,FlawlessFlatbreads,8443813
2026-07-05T15:00:25.314742,2026-07-05T15:00:25.326519+00:00,162.3,50,ask,DiligentDonuts,FlawlessFlatbreads,8443833
2026-07-05T15:00:25.825516,2026-07-05T15:00:25.837720+00:00,162.6,40,bid,CostlyCorianders,EarnestEspressos,8443840
2026-07-05T15:00:26.461741,2026-07-05T15:00:26.468840+00:00,162.1,44,ask,EarnestEspressos,CostlyCorianders,8443849
2026-07-05T15:00:27.365713,2026-07-05T15:00:27.372844+00:00,162.1,44,ask,EarnestEspressos,CostlyCorianders,8443863
2026-07-05T15:00:27.370593,2026-07-05T15:00:27.378096+00:00,162.5,50,bid,FlawlessFlatbreads,DiligentDonuts,8443864
2026-07-05T15:00:28.804543,2026-07-05T15:00:28.816189+00:00,162.2,45,bid,CostlyCorianders,EarnestEspressos,8443885
2026-07-05T15:00:29.477251,2026-07-05T15:00:29.489041+00:00,162.2,50,bid,FlawlessFlatbreads,EarnestEspressos,8443892
2026-07-05T15:00:29.586960,2026-07-05T15:00:29.595563+00:00,162.2,3,bid,Xuanyu Liu,EarnestEspressos,8443896
2026-07-05T15:00:30.799822,2026-07-05T15:00:30.808721+00:00,162.2,11,bid,Xuanyu Liu,EarnestEspressos,8443916
2026-07-05T15:00:30.837483,2026-07-05T15:00:30.845038+00:00,162.2,4,bid,Aaron Tian,EarnestEspressos,8443920
2026-07-05T15:00:31.372281,2026-07-05T15:00:31.384066+00:00,162.1,48,ask,DiligentDonuts,CostlyCorianders,8443924
2026-07-05T15:00:31.640045,2026-07-05T15:00:31.658594+00:00,162.1,50,ask,DiligentDonuts,FlawlessFlatbreads,8443929
2026-07-05T15:00:32.880944,2026-07-05T15:00:32.888223+00:00,162.4,100,ask,EarnestEspressos,DiligentDonuts,8443941
2026-07-05T15:00:34.439387,2026-07-05T15:00:34.448428+00:00,162.4,11,ask,EarnestEspressos,Xuanyu Liu,8443967
2026-07-05T15:00:37.906178,2026-07-05T15:00:37.917973+00:00,162.4,50,bid,FlawlessFlatbreads,EarnestEspressos,8444022
2026-07-05T15:00:40.014122,2026-07-05T15:00:40.025848+00:00,162.5,50,bid,FlawlessFlatbreads,DiligentDonuts,8444063
2026-07-05T15:00:41.950370,2026-07-05T15:00:41.956888+00:00,162.5,46,bid,CostlyCorianders,DiligentDonuts,8444093
2026-07-05T15:00:42.120609,2026-07-05T15:00:42.132469+00:00,162.5,4,bid,FlawlessFlatbreads,DiligentDonuts,8444097
2026-07-05T15:00:42.120609,2026-07-05T15:00:42.132469+00:00,162.6,46,bid,FlawlessFlatbreads,EarnestEspressos,8444098
2026-07-05T15:00:42.314183,2026-07-05T15:00:42.326117+00:00,162.6,100,bid,DiligentDonuts,EarnestEspressos,8444103
2026-07-05T15:00:43.128850,2026-07-05T15:00:43.140948+00:00,162.6,4,bid,CostlyCorianders,EarnestEspressos,8444115
2026-07-05T15:00:44.349145,2026-07-05T15:00:44.358210+00:00,162.9,3,ask,EarnestEspressos,Xuanyu Liu,8444136
2026-07-05T15:00:45.529738,2026-07-05T15:00:45.541272+00:00,162.9,100,ask,EarnestEspressos,DiligentDonuts,8444149
2026-07-05T15:00:46.374498,2026-07-05T15:00:46.386488+00:00,162.9,47,ask,EarnestEspressos,CostlyCorianders,8444157
2026-07-05T15:00:46.385377,2026-07-05T15:00:46.396691+00:00,162.4,50,ask,DiligentDonuts,FlawlessFlatbreads,8444159
2026-07-05T15:00:46.963881,2026-07-05T15:00:46.975570+00:00,163.4,49,bid,CostlyCorianders,EarnestEspressos,8444166
2026-07-05T15:00:48.019511,2026-07-05T15:00:48.031474+00:00,162.5,47,ask,EarnestEspressos,CostlyCorianders,8444173
2026-07-05T15:00:50.545885,2026-07-05T15:00:50.558560+00:00,163.0,50,bid,FlawlessFlatbreads,EarnestEspressos,8444205
2026-07-05T15:00:50.606518,2026-07-05T15:00:50.617612+00:00,163.1,48,bid,CostlyCorianders,DiligentDonuts,8444207
2026-07-05T15:00:52.709391,2026-07-05T15:00:52.716709+00:00,162.6,50,ask,DiligentDonuts,FlawlessFlatbreads,8444251
2026-07-05T15:00:54.815755,2026-07-05T15:00:54.823978+00:00,162.6,50,ask,DiligentDonuts,FlawlessFlatbreads,8444274
2026-07-05T15:00:56.442981,2026-07-05T15:00:56.463632+00:00,162.6,48,ask,EarnestEspressos,CostlyCorianders,8444295
2026-07-05T15:00:56.924251,2026-07-05T15:00:56.931641+00:00,162.6,50,ask,EarnestEspressos,FlawlessFlatbreads,8444311
2026-07-05T15:00:59.036418,2026-07-05T15:00:59.043810+00:00,162.5,50,ask,EarnestEspressos,FlawlessFlatbreads,8444347
2026-07-05T15:01:00.712893,2026-07-05T15:01:00.722180+00:00,162.7,48,bid,CostlyCorianders,EarnestEspressos,8444376
2026-07-05T15:01:01.142389,2026-07-05T15:01:01.148983+00:00,162.4,50,ask,DiligentDonuts,FlawlessFlatbreads,8444382
2026-07-05T15:01:02.272493,2026-07-05T15:01:02.284197+00:00,162.2,46,ask,EarnestEspressos,CostlyCorianders,8444396
2026-07-05T15:01:03.248653,2026-07-05T15:01:03.258691+00:00,162.2,50,ask,EarnestEspressos,FlawlessFlatbreads,8444410
2026-07-05T15:01:03.307385,2026-07-05T15:01:03.319276+00:00,162.7,47,bid,CostlyCorianders,DiligentDonuts,8444412
2026-07-05T15:01:03.404051,2026-07-05T15:01:03.414878+00:00,162.3,26,bid,Xuanyu Liu,EarnestEspressos,8444413
2026-07-05T15:01:03.417885,2026-07-05T15:01:03.430179+00:00,162.3,25,bid,Harold Schneider,EarnestEspressos,8444417
2026-07-05T15:01:03.564920,2026-07-05T15:01:03.574398+00:00,162.3,4,bid,Aaron Tian,EarnestEspressos,8444420
2026-07-05T15:01:04.492820,2026-07-05T15:01:04.502514+00:00,162.3,95,bid,DiligentDonuts,EarnestEspressos,8444427
2026-07-05T15:01:05.356083,2026-07-05T15:01:05.368027+00:00,162.4,5,ask,DiligentDonuts,FlawlessFlatbreads,8444448
2026-07-05T15:01:05.356083,2026-07-05T15:01:05.368027+00:00,161.8,45,ask,EarnestEspressos,FlawlessFlatbreads,8444449
2026-07-05T15:01:07.468605,2026-07-05T15:01:07.480533+00:00,162.2,50,ask,EarnestEspressos,FlawlessFlatbreads,8444477
2026-07-05T15:01:08.140649,2026-07-05T15:01:08.152164+00:00,162.2,42,ask,EarnestEspressos,CostlyCorianders,8444481
2026-07-05T15:01:08.437187,2026-07-05T15:01:08.458646+00:00,162.6,25,bid,Harold Schneider,DiligentDonuts,8444491
2026-07-05T15:01:09.583368,2026-07-05T15:01:09.594874+00:00,162.3,10,ask,Harold Schneider,FlawlessFlatbreads,8444506
2026-07-05T15:01:09.583368,2026-07-05T15:01:09.594874+00:00,162.2,40,ask,EarnestEspressos,FlawlessFlatbreads,8444507
2026-07-05T15:01:10.105695,2026-07-05T15:01:10.117322+00:00,162.5,4,bid,Aaron Tian,Harold Schneider,8444511
2026-07-05T15:01:11.694530,2026-07-05T15:01:11.758595+00:00,162.3,50,ask,DiligentDonuts,FlawlessFlatbreads,8444532
2026-07-05T15:01:12.855453,2026-07-05T15:01:12.875587+00:00,162.3,50,ask,DiligentDonuts,EarnestEspressos,8444551
2026-07-05T15:01:12.866440,2026-07-05T15:01:12.875587+00:00,162.3,11,bid,Xuanyu Liu,EarnestEspressos,8444552
2026-07-05T15:01:13.358635,2026-07-05T15:01:13.370047+00:00,162.3,4,bid,Aaron Tian,EarnestEspressos,8444557
2026-07-05T15:01:13.462650,2026-07-05T15:01:13.470672+00:00,162.3,23,bid,Harold Schneider,EarnestEspressos,8444559
2026-07-05T15:01:13.752098,2026-07-05T15:01:13.763617+00:00,162.3,50,bid,FlawlessFlatbreads,EarnestEspressos,8444568
2026-07-05T15:01:15.862722,2026-07-05T15:01:15.874719+00:00,162.3,12,bid,FlawlessFlatbreads,EarnestEspressos,8444594
2026-07-05T15:01:15.862722,2026-07-05T15:01:15.874719+00:00,162.5,38,bid,FlawlessFlatbreads,DiligentDonuts,8444595
2026-07-05T15:01:17.517691,2026-07-05T15:01:17.525062+00:00,162.4,43,bid,CostlyCorianders,DiligentDonuts,8444620
2026-07-05T15:01:17.970001,2026-07-05T15:01:17.981778+00:00,162.4,50,bid,FlawlessFlatbreads,DiligentDonuts,8444631
2026-07-05T15:01:18.613581,2026-07-05T15:01:18.622953+00:00,162.3,47,ask,EarnestEspressos,CostlyCorianders,8444641
2026-07-05T15:01:19.140962,2026-07-05T15:01:19.150223+00:00,162.4,7,bid,CostlyCorianders,DiligentDonuts,8444653
2026-07-05T15:01:20.129829,2026-07-05T15:01:20.137244+00:00,162.0,50,ask,EarnestEspressos,FlawlessFlatbreads,8444668
2026-07-05T15:01:21.774866,2026-07-05T15:01:21.786646+00:00,162.5,46,bid,CostlyCorianders,EarnestEspressos,8444691
2026-07-05T15:01:22.388328,2026-07-05T15:01:22.400029+00:00,162.2,40,ask,DiligentDonuts,CostlyCorianders,8444694
2026-07-05T15:01:22.940956,2026-07-05T15:01:22.952751+00:00,162.6,49,bid,CostlyCorianders,EarnestEspressos,8444704
2026-07-05T15:01:24.345198,2026-07-05T15:01:24.351819+00:00,162.3,50,ask,DiligentDonuts,FlawlessFlatbreads,8444717
2026-07-05T15:01:26.467687,2026-07-05T15:01:26.479457+00:00,162.3,50,ask,DiligentDonuts,FlawlessFlatbreads,8444740
2026-07-05T15:01:28.351452,2026-07-05T15:01:28.358573+00:00,162.2,47,ask,EarnestEspressos,CostlyCorianders,8444767
2026-07-05T15:01:29.257790,2026-07-05T15:01:29.269375+00:00,162.5,42,bid,CostlyCorianders,DiligentDonuts,8444781
2026-07-05T15:01:29.876589,2026-07-05T15:01:29.888688+00:00,162.7,41,bid,CostlyCorianders,DiligentDonuts,8444788
2026-07-05T15:01:30.495023,2026-07-05T15:01:30.506912+00:00,162.3,47,ask,EarnestEspressos,CostlyCorianders,8444795
2026-07-05T15:01:34.875780,2026-07-05T15:01:34.884735+00:00,162.5,50,bid,FlawlessFlatbreads,EarnestEspressos,8444858
2026-07-05T15:01:36.681801,2026-07-05T15:01:36.691603+00:00,162.7,44,bid,CostlyCorianders,EarnestEspressos,8444880
2026-07-05T15:01:36.735745,2026-07-05T15:01:36.747524+00:00,162.4,48,ask,DiligentDonuts,CostlyCorianders,8444881
2026-07-05T15:01:36.986527,2026-07-05T15:01:36.998661+00:00,162.7,50,bid,FlawlessFlatbreads,EarnestEspressos,8444882
2026-07-05T15:01:37.718606,2026-07-05T15:01:37.731497+00:00,162.4,11,ask,DiligentDonuts,Xuanyu Liu,8444893
2026-07-05T15:01:38.383812,2026-07-05T15:01:38.395723+00:00,162.4,41,ask,DiligentDonuts,CostlyCorianders,8444902
2026-07-05T15:01:39.094055,2026-07-05T15:01:39.106240+00:00,162.8,50,bid,FlawlessFlatbreads,EarnestEspressos,8444926
2026-07-05T15:01:41.121195,2026-07-05T15:01:41.133354+00:00,162.4,47,bid,CostlyCorianders,DiligentDonuts,8444958
2026-07-05T15:01:41.203025,2026-07-05T15:01:41.214751+00:00,162.4,50,bid,FlawlessFlatbreads,DiligentDonuts,8444960
2026-07-05T15:01:41.264831,2026-07-05T15:01:41.276581+00:00,162.4,3,bid,EarnestEspressos,DiligentDonuts,8444964
2026-07-05T15:01:41.332180,2026-07-05T15:01:41.343707+00:00,162.7,23,ask,EarnestEspressos,Xuanyu Liu,8444965
2026-07-05T15:01:42.974293,2026-07-05T15:01:42.982963+00:00,162.7,3,ask,EarnestEspressos,Xuanyu Liu,8445000
2026-07-05T15:01:43.170118,2026-07-05T15:01:43.181956+00:00,162.8,44,bid,CostlyCorianders,DiligentDonuts,8445003
2026-07-05T15:01:43.227118,2026-07-05T15:01:43.234676+00:00,162.7,48,ask,EarnestEspressos,CostlyCorianders,8445004
2026-07-05T15:01:43.310931,2026-07-05T15:01:43.322622+00:00,162.8,50,bid,FlawlessFlatbreads,DiligentDonuts,8445008
2026-07-05T15:01:45.422976,2026-07-05T15:01:45.434997+00:00,162.8,6,bid,FlawlessFlatbreads,DiligentDonuts,8445044
2026-07-05T15:01:45.422976,2026-07-05T15:01:45.434997+00:00,162.8,44,bid,FlawlessFlatbreads,EarnestEspressos,8445045
2026-07-05T15:01:46.255183,2026-07-05T15:01:46.266996+00:00,162.8,45,bid,CostlyCorianders,EarnestEspressos,8445057
2026-07-05T15:01:47.532315,2026-07-05T15:01:47.544417+00:00,162.8,50,bid,FlawlessFlatbreads,EarnestEspressos,8445074
2026-07-05T15:01:48.402257,2026-07-05T15:01:48.414652+00:00,162.7,46,ask,EarnestEspressos,CostlyCorianders,8445095
2026-07-05T15:01:48.881572,2026-07-05T15:01:48.893742+00:00,163.1,44,bid,CostlyCorianders,DiligentDonuts,8445099
2026-07-05T15:01:49.647073,2026-07-05T15:01:49.658624+00:00,163.1,50,bid,FlawlessFlatbreads,DiligentDonuts,8445107
2026-07-05T15:01:50.932186,2026-07-05T15:01:50.944142+00:00,162.7,45,ask,EarnestEspressos,CostlyCorianders,8445126
2026-07-05T15:01:51.832229,2026-07-05T15:01:51.843738+00:00,162.7,50,ask,EarnestEspressos,FlawlessFlatbreads,8445147
2026-07-05T15:01:53.941094,2026-07-05T15:01:53.958623+00:00,162.8,50,ask,DiligentDonuts,FlawlessFlatbreads,8445170
2026-07-05T15:01:55.175604,2026-07-05T15:01:55.187377+00:00,162.5,45,ask,DiligentDonuts,CostlyCorianders,8445190
2026-07-05T15:01:56.049171,2026-07-05T15:01:56.059789+00:00,162.5,50,ask,DiligentDonuts,FlawlessFlatbreads,8445205
2026-07-05T15:01:58.155968,2026-07-05T15:01:58.167817+00:00,162.5,5,ask,DiligentDonuts,FlawlessFlatbreads,8445230
2026-07-05T15:01:58.155968,2026-07-05T15:01:58.167817+00:00,162.2,45,ask,EarnestEspressos,FlawlessFlatbreads,8445231
2026-07-05T15:02:00.265368,2026-07-05T15:02:00.277163+00:00,162.2,50,ask,DiligentDonuts,FlawlessFlatbreads,8445253
2026-07-05T15:02:00.634767,2026-07-05T15:02:00.646727+00:00,162.4,47,bid,CostlyCorianders,EarnestEspressos,8445258
2026-07-05T15:02:02.372488,2026-07-05T15:02:02.384535+00:00,161.9,50,ask,EarnestEspressos,FlawlessFlatbreads,8445283
2026-07-05T15:02:05.229792,2026-07-05T15:02:05.239392+00:00,162.1,3,bid,Xuanyu Liu,DiligentDonuts,8445330
2026-07-05T15:02:06.585262,2026-07-05T15:02:06.593549+00:00,161.8,50,ask,EarnestEspressos,FlawlessFlatbreads,8445350
2026-07-05T15:02:07.361102,2026-07-05T15:02:07.373043+00:00,162.1,45,bid,CostlyCorianders,DiligentDonuts,8445358
2026-07-05T15:02:08.693731,2026-07-05T15:02:08.702465+00:00,161.8,50,ask,EarnestEspressos,FlawlessFlatbreads,8445379
2026-07-05T15:02:09.804324,2026-07-05T15:02:09.821315+00:00,161.9,23,bid,Xuanyu Liu,EarnestEspressos,8445395
2026-07-05T15:02:10.799969,2026-07-05T15:02:10.811665+00:00,161.8,50,ask,DiligentDonuts,FlawlessFlatbreads,8445409
2026-07-05T15:02:10.913468,2026-07-05T15:02:10.925357+00:00,161.9,42,bid,CostlyCorianders,EarnestEspressos,8445410
2026-07-05T15:02:12.907194,2026-07-05T15:02:12.917491+00:00,161.7,50,ask,DiligentDonuts,FlawlessFlatbreads,8445437
2026-07-05T15:02:13.433766,2026-07-05T15:02:13.445706+00:00,161.7,44,ask,DiligentDonuts,CostlyCorianders,8445447
2026-07-05T15:02:14.005356,2026-07-05T15:02:14.017205+00:00,161.7,6,ask,DiligentDonuts,CostlyCorianders,8445452
2026-07-05T15:02:14.005356,2026-07-05T15:02:14.017205+00:00,161.6,35,ask,EarnestEspressos,CostlyCorianders,8445453
2026-07-05T15:02:15.014159,2026-07-05T15:02:15.023512+00:00,162.0,44,bid,CostlyCorianders,EarnestEspressos,8445469
2026-07-05T15:02:15.963696,2026-07-05T15:02:15.971719+00:00,161.6,46,ask,EarnestEspressos,CostlyCorianders,8445477
2026-07-05T15:02:16.575961,2026-07-05T15:02:16.587877+00:00,162.0,44,bid,CostlyCorianders,DiligentDonuts,8445484
2026-07-05T15:02:19.178978,2026-07-05T15:02:19.186092+00:00,162.2,50,bid,FlawlessFlatbreads,DiligentDonuts,8445512
2026-07-05T15:02:21.173614,2026-07-05T15:02:21.185764+00:00,161.7,42,ask,DiligentDonuts,CostlyCorianders,8445545
2026-07-05T15:02:21.289877,2026-07-05T15:02:21.297457+00:00,162.1,50,bid,FlawlessFlatbreads,EarnestEspressos,8445546
2026-07-05T15:02:23.447107,2026-07-05T15:02:23.453658+00:00,161.7,50,ask,DiligentDonuts,FlawlessFlatbreads,8445577
2026-07-05T15:02:24.595522,2026-07-05T15:02:24.604228+00:00,161.9,11,bid,Xuanyu Liu,DiligentDonuts,8445598
2026-07-05T15:02:25.554140,2026-07-05T15:02:25.558600+00:00,161.6,50,ask,EarnestEspressos,FlawlessFlatbreads,8445610
2026-07-05T15:02:27.608726,2026-07-05T15:02:27.620688+00:00,162.0,50,bid,FlawlessFlatbreads,DiligentDonuts,8445636
2026-07-05T15:02:28.124193,2026-07-05T15:02:28.132632+00:00,162.0,45,bid,CostlyCorianders,DiligentDonuts,8445641
2026-07-05T15:02:28.714217,2026-07-05T15:02:28.722036+00:00,161.5,44,ask,DiligentDonuts,CostlyCorianders,8445648
2026-07-05T15:02:29.769249,2026-07-05T15:02:29.780914+00:00,161.5,50,ask,DiligentDonuts,FlawlessFlatbreads,8445659
2026-07-05T15:02:29.798241,2026-07-05T15:02:29.809865+00:00,162.0,5,bid,CostlyCorianders,DiligentDonuts,8445662
2026-07-05T15:02:29.798241,2026-07-05T15:02:29.809865+00:00,162.0,35,bid,CostlyCorianders,EarnestEspressos,8445663
2026-07-05T15:02:30.869210,2026-07-05T15:02:30.881048+00:00,161.5,48,ask,EarnestEspressos,CostlyCorianders,8445672
2026-07-05T15:02:33.928810,2026-07-05T15:02:33.940903+00:00,161.8,50,bid,FlawlessFlatbreads,EarnestEspressos,8445711
2026-07-05T15:02:40.263044,2026-07-05T15:02:40.269986+00:00,161.8,50,bid,FlawlessFlatbreads,DiligentDonuts,8445799
2026-07-05T15:02:41.328346,2026-07-05T15:02:41.340282+00:00,161.8,49,bid,CostlyCorianders,DiligentDonuts,8445809
2026-07-05T15:02:42.374846,2026-07-05T15:02:42.386871+00:00,161.8,1,bid,FlawlessFlatbreads,DiligentDonuts,8445824
2026-07-05T15:02:42.374846,2026-07-05T15:02:42.386871+00:00,161.8,49,bid,FlawlessFlatbreads,EarnestEspressos,8445825
2026-07-05T15:02:43.811974,2026-07-05T15:02:43.818471+00:00,161.5,40,ask,DiligentDonuts,CostlyCorianders,8445841
2026-07-05T15:02:44.513301,2026-07-05T15:02:44.528787+00:00,162.0,50,bid,FlawlessFlatbreads,DiligentDonuts,8445852
2026-07-05T15:02:46.505435,2026-07-05T15:02:46.517211+00:00,161.8,42,bid,CostlyCorianders,EarnestEspressos,8445873
2026-07-05T15:02:46.630324,2026-07-05T15:02:46.641964+00:00,161.8,50,bid,FlawlessFlatbreads,EarnestEspressos,8445877
2026-07-05T15:02:47.704970,2026-07-05T15:02:47.713993+00:00,161.8,34,ask,EarnestEspressos,Xuanyu Liu,8445894
2026-07-05T15:02:48.737376,2026-07-05T15:02:48.748914+00:00,161.9,50,bid,FlawlessFlatbreads,DiligentDonuts,8445914
2026-07-05T15:02:49.181937,2026-07-05T15:02:49.194299+00:00,161.8,40,ask,EarnestEspressos,CostlyCorianders,8445921
2026-07-05T15:02:50.843470,2026-07-05T15:02:50.863904+00:00,162.3,50,bid,FlawlessFlatbreads,DiligentDonuts,8445955
2026-07-05T15:02:51.020596,2026-07-05T15:02:51.032524+00:00,162.1,46,bid,CostlyCorianders,EarnestEspressos,8445959
2026-07-05T15:02:52.971176,2026-07-05T15:02:52.980522+00:00,162.1,50,bid,FlawlessFlatbreads,EarnestEspressos,8445985
2026-07-05T15:02:54.178342,2026-07-05T15:02:54.184877+00:00,162.1,46,ask,EarnestEspressos,CostlyCorianders,8446006
2026-07-05T15:02:55.081673,2026-07-05T15:02:55.093405+00:00,162.4,50,bid,FlawlessFlatbreads,DiligentDonuts,8446024
2026-07-05T15:02:57.614803,2026-07-05T15:02:57.625121+00:00,162.0,48,ask,DiligentDonuts,CostlyCorianders,8446061
2026-07-05T15:02:59.356251,2026-07-05T15:02:59.357591+00:00,162.0,50,ask,EarnestEspressos,FlawlessFlatbreads,8446094
2026-07-05T15:03:01.246507,2026-07-05T15:03:01.258563+00:00,162.3,46,bid,CostlyCorianders,EarnestEspressos,8446118
2026-07-05T15:03:03.538840,2026-07-05T15:03:03.546780+00:00,162.6,50,bid,FlawlessFlatbreads,DiligentDonuts,8446147
2026-07-05T15:03:05.706114,2026-07-05T15:03:05.713636+00:00,162.3,50,ask,DiligentDonuts,FlawlessFlatbreads,8446186
2026-07-05T15:03:05.792509,2026-07-05T15:03:05.800314+00:00,162.3,3,ask,DiligentDonuts,Xuanyu Liu,8446188
2026-07-05T15:03:07.818215,2026-07-05T15:03:07.828202+00:00,162.0,50,ask,EarnestEspressos,FlawlessFlatbreads,8446219
2026-07-05T15:03:09.929874,2026-07-05T15:03:09.939251+00:00,162.2,50,ask,DiligentDonuts,FlawlessFlatbreads,8446241
2026-07-05T15:03:11.130626,2026-07-05T15:03:11.143969+00:00,162.0,44,ask,EarnestEspressos,CostlyCorianders,8446262
2026-07-05T15:03:11.985036,2026-07-05T15:03:11.996907+00:00,162.4,50,bid,FlawlessFlatbreads,DiligentDonuts,8446279
2026-07-05T15:03:12.615165,2026-07-05T15:03:12.627338+00:00,162.4,41,bid,CostlyCorianders,DiligentDonuts,8446285
2026-07-05T15:03:14.146490,2026-07-05T15:03:14.168703+00:00,161.8,50,ask,EarnestEspressos,FlawlessFlatbreads,8446301
2026-07-05T15:03:14.209382,2026-07-05T15:03:14.221329+00:00,162.3,100,bid,DiligentDonuts,EarnestEspressos,8446306
2026-07-05T15:03:17.739687,2026-07-05T15:03:17.751675+00:00,162.4,48,bid,CostlyCorianders,DiligentDonuts,8446363
2026-07-05T15:03:17.795259,2026-07-05T15:03:17.803189+00:00,162.0,42,ask,EarnestEspressos,CostlyCorianders,8446364
2026-07-05T15:03:18.307749,2026-07-05T15:03:18.317613+00:00,162.4,50,bid,FlawlessFlatbreads,DiligentDonuts,8446367
2026-07-05T15:03:20.301431,2026-07-05T15:03:20.309827+00:00,162.4,2,bid,Xuanyu Liu,DiligentDonuts,8446396
2026-07-05T15:03:20.504761,2026-07-05T15:03:20.516699+00:00,162.0,50,ask,EarnestEspressos,FlawlessFlatbreads,8446403
2026-07-05T15:03:20.531431,2026-07-05T15:03:20.539326+00:00,162.5,100,bid,DiligentDonuts,EarnestEspressos,8446404
2026-07-05T15:03:22.639102,2026-07-05T15:03:22.647718+00:00,162.0,50,ask,EarnestEspressos,FlawlessFlatbreads,8446434
2026-07-05T15:03:23.692678,2026-07-05T15:03:23.700227+00:00,162.5,40,bid,CostlyCorianders,EarnestEspressos,8446450
2026-07-05T15:03:23.940747,2026-07-05T15:03:23.949902+00:00,162.5,1,bid,Xuanyu Liu,EarnestEspressos,8446453
2026-07-05T15:03:24.261957,2026-07-05T15:03:24.273994+00:00,162.2,45,ask,DiligentDonuts,CostlyCorianders,8446458
2026-07-05T15:03:24.748042,2026-07-05T15:03:24.763953+00:00,162.2,50,ask,DiligentDonuts,FlawlessFlatbreads,8446466
2026-07-05T15:03:26.859787,2026-07-05T15:03:26.869237+00:00,162.3,50,ask,EarnestEspressos,FlawlessFlatbreads,8446489
2026-07-05T15:03:27.009831,2026-07-05T15:03:27.021028+00:00,162.3,40,ask,EarnestEspressos,CostlyCorianders,8446494
2026-07-05T15:03:27.576512,2026-07-05T15:03:27.585709+00:00,162.4,11,bid,Xuanyu Liu,DiligentDonuts,8446504
2026-07-05T15:03:28.968606,2026-07-05T15:03:28.980464+00:00,162.0,50,ask,DiligentDonuts,FlawlessFlatbreads,8446522
2026-07-05T15:03:31.107512,2026-07-05T15:03:31.117403+00:00,161.9,50,ask,EarnestEspressos,FlawlessFlatbreads,8446542
2026-07-05T15:03:32.070024,2026-07-05T15:03:32.079118+00:00,162.2,12,bid,Xuanyu Liu,EarnestEspressos,8446563
2026-07-05T15:03:33.162173,2026-07-05T15:03:33.171261+00:00,162.2,50,bid,FlawlessFlatbreads,EarnestEspressos,8446577
2026-07-05T15:03:35.347329,2026-07-05T15:03:35.358633+00:00,161.9,50,ask,EarnestEspressos,FlawlessFlatbreads,8446613
2026-07-05T15:03:37.403640,2026-07-05T15:03:37.410848+00:00,162.2,50,bid,FlawlessFlatbreads,DiligentDonuts,8446638
2026-07-05T15:03:37.910452,2026-07-05T15:03:37.922436+00:00,162.2,40,bid,CostlyCorianders,DiligentDonuts,8446646
2026-07-05T15:03:38.415004,2026-07-05T15:03:38.421879+00:00,162.1,48,bid,CostlyCorianders,EarnestEspressos,8446654
2026-07-05T15:03:39.514460,2026-07-05T15:03:39.525018+00:00,162.1,50,bid,FlawlessFlatbreads,EarnestEspressos,8446673
2026-07-05T15:03:41.148548,2026-07-05T15:03:41.158554+00:00,162.0,48,ask,DiligentDonuts,CostlyCorianders,8446702
2026-07-05T15:03:42.642985,2026-07-05T15:03:42.654556+00:00,162.3,47,bid,CostlyCorianders,EarnestEspressos,8446720
2026-07-05T15:03:45.112055,2026-07-05T15:03:45.122539+00:00,161.9,49,ask,EarnestEspressos,CostlyCorianders,8446753
2026-07-05T15:03:45.894023,2026-07-05T15:03:45.910290+00:00,161.9,50,ask,EarnestEspressos,FlawlessFlatbreads,8446763
2026-07-05T15:03:47.323049,2026-07-05T15:03:47.334741+00:00,162.3,41,bid,CostlyCorianders,DiligentDonuts,8446778
2026-07-05T15:03:48.000214,2026-07-05T15:03:48.012274+00:00,161.8,50,ask,DiligentDonuts,FlawlessFlatbreads,8446783
2026-07-05T15:03:50.108019,2026-07-05T15:03:50.115469+00:00,161.8,50,ask,DiligentDonuts,FlawlessFlatbreads,8446803
2026-07-05T15:03:51.031405,2026-07-05T15:03:51.043536+00:00,162.3,15,bid,Zhangyue Shen,DiligentDonuts,8446821
2026-07-05T15:03:51.049005,2026-07-05T15:03:51.053900+00:00,162.3,10,bid,Zhangyue Shen,DiligentDonuts,8446823
2026-07-05T15:03:51.317455,2026-07-05T15:03:51.324332+00:00,162.3,15,bid,Zhangyue Shen,DiligentDonuts,8446828
2026-07-05T15:03:51.331342,2026-07-05T15:03:51.339869+00:00,162.3,10,bid,Zhangyue Shen,DiligentDonuts,8446830
2026-07-05T15:03:51.596514,2026-07-05T15:03:51.608169+00:00,162.3,15,bid,Zhangyue Shen,DiligentDonuts,8446834
2026-07-05T15:03:51.877570,2026-07-05T15:03:51.889528+00:00,162.3,15,bid,Zhangyue Shen,DiligentDonuts,8446839
2026-07-05T15:03:52.213478,2026-07-05T15:03:52.225251+00:00,161.8,50,ask,EarnestEspressos,FlawlessFlatbreads,8446845
2026-07-05T15:03:54.232248,2026-07-05T15:03:54.244020+00:00,161.8,100,ask,DiligentDonuts,EarnestEspressos,8446885
2026-07-05T15:03:54.269310,2026-07-05T15:03:54.281104+00:00,161.8,50,bid,FlawlessFlatbreads,EarnestEspressos,8446886
2026-07-05T15:03:55.242189,2026-07-05T15:03:55.258557+00:00,161.3,43,ask,EarnestEspressos,CostlyCorianders,8446897
2026-07-05T15:03:55.402849,2026-07-05T15:03:55.412078+00:00,161.8,11,bid,Xuanyu Liu,DiligentDonuts,8446901
2026-07-05T15:03:56.376451,2026-07-05T15:03:56.385466+00:00,161.8,50,bid,FlawlessFlatbreads,DiligentDonuts,8446910
2026-07-05T15:03:56.870188,2026-07-05T15:03:56.882556+00:00,161.8,39,bid,CostlyCorianders,DiligentDonuts,8446922
2026-07-05T15:03:56.870188,2026-07-05T15:03:56.882556+00:00,162.5,2,bid,CostlyCorianders,Zhangyue Shen,8446923
2026-07-05T15:03:57.486860,2026-07-05T15:03:57.495873+00:00,161.6,2,bid,Zhangyue Shen,EarnestEspressos,8446934
2026-07-05T15:03:58.481972,2026-07-05T15:03:58.491284+00:00,161.6,50,bid,FlawlessFlatbreads,EarnestEspressos,8446950
2026-07-05T15:03:59.470625,2026-07-05T15:03:59.482463+00:00,161.4,47,ask,DiligentDonuts,CostlyCorianders,8446964
2026-07-05T15:04:00.587742,2026-07-05T15:04:00.596358+00:00,161.9,50,bid,FlawlessFlatbreads,DiligentDonuts,8446980
2026-07-05T15:04:02.087596,2026-07-05T15:04:02.099715+00:00,162.0,42,bid,CostlyCorianders,DiligentDonuts,8447012
2026-07-05T15:04:02.744890,2026-07-05T15:04:02.755568+00:00,161.6,50,ask,EarnestEspressos,FlawlessFlatbreads,8447019
2026-07-05T15:04:03.157270,2026-07-05T15:04:03.168839+00:00,161.6,49,ask,EarnestEspressos,CostlyCorianders,8447024
2026-07-05T15:04:04.853475,2026-07-05T15:04:04.858594+00:00,161.8,50,ask,DiligentDonuts,FlawlessFlatbreads,8447048
2026-07-05T15:04:05.247559,2026-07-05T15:04:05.258596+00:00,161.9,44,bid,CostlyCorianders,EarnestEspressos,8447057
2026-07-05T15:04:05.817282,2026-07-05T15:04:05.829288+00:00,161.9,47,bid,CostlyCorianders,EarnestEspressos,8447063
2026-07-05T15:04:06.960868,2026-07-05T15:04:06.969191+00:00,161.8,50,ask,DiligentDonuts,FlawlessFlatbreads,8447076
2026-07-05T15:04:07.184148,2026-07-05T15:04:07.192560+00:00,161.8,11,ask,EarnestEspressos,Xuanyu Liu,8447081
2026-07-05T15:04:07.297630,2026-07-05T15:04:07.309652+00:00,161.8,43,ask,EarnestEspressos,CostlyCorianders,8447084
2026-07-05T15:04:07.824158,2026-07-05T15:04:07.836044+00:00,161.8,40,ask,EarnestEspressos,CostlyCorianders,8447091
2026-07-05T15:04:08.050197,2026-07-05T15:04:08.052737+00:00,161.8,56,ask,EarnestEspressos,DiligentDonuts,8447096
2026-07-05T15:04:09.067186,2026-07-05T15:04:09.079163+00:00,161.3,50,ask,DiligentDonuts,FlawlessFlatbreads,8447107
2026-07-05T15:04:09.285533,2026-07-05T15:04:09.297236+00:00,161.8,44,bid,CostlyCorianders,DiligentDonuts,8447110
2026-07-05T15:04:09.285533,2026-07-05T15:04:09.297236+00:00,162.2,3,bid,CostlyCorianders,Zhangyue Shen,8447111
2026-07-05T15:04:09.829087,2026-07-05T15:04:09.840034+00:00,161.3,49,ask,DiligentDonuts,CostlyCorianders,8447121
2026-07-05T15:04:10.730956,2026-07-05T15:04:10.739164+00:00,161.7,42,bid,CostlyCorianders,EarnestEspressos,8447130
2026-07-05T15:04:10.920122,2026-07-05T15:04:10.928123+00:00,161.7,3,bid,Zhangyue Shen,EarnestEspressos,8447133
2026-07-05T15:04:10.933218,2026-07-05T15:04:10.943840+00:00,161.7,3,bid,Zhangyue Shen,EarnestEspressos,8447135
2026-07-05T15:04:11.115205,2026-07-05T15:04:11.123540+00:00,161.7,11,bid,Xuanyu Liu,EarnestEspressos,8447142
2026-07-05T15:04:11.175221,2026-07-05T15:04:11.186841+00:00,161.5,50,ask,DiligentDonuts,FlawlessFlatbreads,8447145
2026-07-05T15:04:13.230547,2026-07-05T15:04:13.240034+00:00,162.0,50,bid,FlawlessFlatbreads,DiligentDonuts,8447167
2026-07-05T15:04:13.473284,2026-07-05T15:04:13.483893+00:00,161.6,2,ask,EarnestEspressos,Zhangyue Shen,8447176
2026-07-05T15:04:14.466484,2026-07-05T15:04:14.478506+00:00,161.7,46,ask,DiligentDonuts,CostlyCorianders,8447187
2026-07-05T15:04:14.765783,2026-07-05T15:04:14.776791+00:00,161.7,1,ask,DiligentDonuts,Zhangyue Shen,8447197
2026-07-05T15:04:15.397946,2026-07-05T15:04:15.410106+00:00,161.7,50,ask,DiligentDonuts,FlawlessFlatbreads,8447207
2026-07-05T15:04:17.454457,2026-07-05T15:04:17.469065+00:00,162.3,50,bid,FlawlessFlatbreads,EarnestEspressos,8447233
2026-07-05T15:04:17.541053,2026-07-05T15:04:17.558618+00:00,161.8,100,ask,EarnestEspressos,DiligentDonuts,8447235
2026-07-05T15:04:18.546671,2026-07-05T15:04:18.563802+00:00,162.3,43,bid,CostlyCorianders,EarnestEspressos,8447252
2026-07-05T15:04:19.036412,2026-07-05T15:04:19.048664+00:00,161.8,42,ask,EarnestEspressos,CostlyCorianders,8447261
2026-07-05T15:04:19.570498,2026-07-05T15:04:19.581812+00:00,161.9,50,bid,FlawlessFlatbreads,EarnestEspressos,8447262
2026-07-05T15:04:21.676552,2026-07-05T15:04:21.687762+00:00,161.9,50,bid,FlawlessFlatbreads,EarnestEspressos,8447295
2026-07-05T15:04:21.771000,2026-07-05T15:04:21.783401+00:00,161.9,40,bid,CostlyCorianders,EarnestEspressos,8447298
2026-07-05T15:04:22.112920,2026-07-05T15:04:22.121897+00:00,161.9,10,bid,Xuanyu Liu,EarnestEspressos,8447303
2026-07-05T15:04:22.682324,2026-07-05T15:04:22.705069+00:00,162.0,100,bid,EarnestEspressos,DiligentDonuts,8447320
2026-07-05T15:04:22.695421,2026-07-05T15:04:22.705069+00:00,162.2,21,ask,EarnestEspressos,Xuanyu Liu,8447321
2026-07-05T15:04:22.763865,2026-07-05T15:04:22.775601+00:00,162.2,29,ask,EarnestEspressos,CostlyCorianders,8447323
2026-07-05T15:04:23.809804,2026-07-05T15:04:23.820193+00:00,162.7,50,bid,FlawlessFlatbreads,EarnestEspressos,8447335
2026-07-05T15:04:25.916232,2026-07-05T15:04:25.928145+00:00,162.2,50,bid,FlawlessFlatbreads,EarnestEspressos,8447365
2026-07-05T15:04:28.079916,2026-07-05T15:04:28.087805+00:00,162.0,50,ask,DiligentDonuts,FlawlessFlatbreads,8447403
2026-07-05T15:04:29.686552,2026-07-05T15:04:29.698255+00:00,162.0,45,ask,DiligentDonuts,CostlyCorianders,8447424
2026-07-05T15:04:30.187172,2026-07-05T15:04:30.199153+00:00,161.9,50,ask,EarnestEspressos,FlawlessFlatbreads,8447426
2026-07-05T15:04:32.295229,2026-07-05T15:04:32.305406+00:00,161.7,50,ask,DiligentDonuts,FlawlessFlatbreads,8447457
2026-07-05T15:04:33.391527,2026-07-05T15:04:33.401011+00:00,162.0,11,bid,Xuanyu Liu,DiligentDonuts,8447469
2026-07-05T15:04:33.711750,2026-07-05T15:04:33.723828+00:00,162.0,40,bid,CostlyCorianders,DiligentDonuts,8447475
2026-07-05T15:04:35.153517,2026-07-05T15:04:35.165515+00:00,162.0,47,bid,CostlyCorianders,DiligentDonuts,8447494
2026-07-05T15:04:36.462650,2026-07-05T15:04:36.469761+00:00,161.9,50,bid,FlawlessFlatbreads,EarnestEspressos,8447511
2026-07-05T15:04:38.612949,2026-07-05T15:04:38.620950+00:00,162.0,50,bid,FlawlessFlatbreads,DiligentDonuts,8447542
2026-07-05T15:04:40.287909,2026-07-05T15:04:40.296282+00:00,161.6,43,ask,EarnestEspressos,CostlyCorianders,8447569
2026-07-05T15:04:40.719161,2026-07-05T15:04:40.729815+00:00,162.1,50,bid,FlawlessFlatbreads,EarnestEspressos,8447574
2026-07-05T15:04:42.826720,2026-07-05T15:04:42.838743+00:00,162.0,50,bid,FlawlessFlatbreads,EarnestEspressos,8447610
2026-07-05T15:04:43.420263,2026-07-05T15:04:43.428905+00:00,162.0,44,bid,CostlyCorianders,EarnestEspressos,8447616
2026-07-05T15:04:44.872870,2026-07-05T15:04:44.881410+00:00,162.0,23,ask,EarnestEspressos,Xuanyu Liu,8447637
2026-07-05T15:04:44.934110,2026-07-05T15:04:44.945347+00:00,162.2,50,bid,FlawlessFlatbreads,DiligentDonuts,8447641
2026-07-05T15:04:45.226818,2026-07-05T15:04:45.236873+00:00,162.0,11,ask,EarnestEspressos,Xuanyu Liu,8447648
2026-07-05T15:04:47.098412,2026-07-05T15:04:47.110117+00:00,162.0,50,ask,EarnestEspressos,FlawlessFlatbreads,8447671
2026-07-05T15:04:47.848191,2026-07-05T15:04:47.857066+00:00,162.0,3,ask,EarnestEspressos,Xuanyu Liu,8447688
2026-07-05T15:04:48.788949,2026-07-05T15:04:48.800688+00:00,161.7,49,ask,DiligentDonuts,CostlyCorianders,8447711
2026-07-05T15:04:49.153883,2026-07-05T15:04:49.153194+00:00,162.0,50,bid,FlawlessFlatbreads,EarnestEspressos,8447717
2026-07-05T15:04:51.287687,2026-07-05T15:04:51.299370+00:00,162.0,50,bid,FlawlessFlatbreads,DiligentDonuts,8447748
2026-07-05T15:04:51.357843,2026-07-05T15:04:51.369519+00:00,162.0,49,bid,CostlyCorianders,DiligentDonuts,8447753
2026-07-05T15:04:51.943949,2026-07-05T15:04:51.958681+00:00,161.8,42,ask,EarnestEspressos,CostlyCorianders,8447760
2026-07-05T15:04:52.553065,2026-07-05T15:04:52.565212+00:00,162.0,44,ask,DiligentDonuts,CostlyCorianders,8447772
2026-07-05T15:04:54.638856,2026-07-05T15:04:54.650645+00:00,162.3,49,bid,CostlyCorianders,EarnestEspressos,8447796
2026-07-05T15:04:55.526248,2026-07-05T15:04:55.534904+00:00,162.3,50,bid,FlawlessFlatbreads,EarnestEspressos,8447803
2026-07-05T15:04:57.169459,2026-07-05T15:04:57.181333+00:00,162.3,43,bid,CostlyCorianders,EarnestEspressos,8447819
2026-07-05T15:04:59.166852,2026-07-05T15:04:59.174069+00:00,162.2,49,ask,EarnestEspressos,CostlyCorianders,8447844
2026-07-05T15:04:59.791948,2026-07-05T15:04:59.803865+00:00,162.2,50,ask,EarnestEspressos,FlawlessFlatbreads,8447852
2026-07-05T15:05:01.900744,2026-07-05T15:05:01.908991+00:00,161.9,50,ask,EarnestEspressos,FlawlessFlatbreads,8447879
2026-07-05T15:05:04.009011,2026-07-05T15:05:04.021047+00:00,161.8,50,ask,DiligentDonuts,FlawlessFlatbreads,8447914
2026-07-05T15:05:06.064991,2026-07-05T15:05:06.077108+00:00,162.1,50,bid,FlawlessFlatbreads,EarnestEspressos,8447953
2026-07-05T15:05:06.211978,2026-07-05T15:05:06.221547+00:00,162.1,47,bid,CostlyCorianders,EarnestEspressos,8447965
2026-07-05T15:05:06.804131,2026-07-05T15:05:06.815851+00:00,161.7,43,ask,DiligentDonuts,CostlyCorianders,8447973
2026-07-05T15:05:08.172188,2026-07-05T15:05:08.183829+00:00,162.5,50,bid,FlawlessFlatbreads,EarnestEspressos,8447994
2026-07-05T15:05:08.381738,2026-07-05T15:05:08.389710+00:00,162.3,47,bid,CostlyCorianders,DiligentDonuts,8448001
2026-07-05T15:05:10.173891,2026-07-05T15:05:10.185698+00:00,162.3,53,bid,EarnestEspressos,DiligentDonuts,8448029
2026-07-05T15:05:10.479189,2026-07-05T15:05:10.488530+00:00,162.3,48,ask,EarnestEspressos,CostlyCorianders,8448036
2026-07-05T15:05:11.371018,2026-07-05T15:05:11.382876+00:00,162.3,49,ask,EarnestEspressos,DiligentDonuts,8448048
2026-07-05T15:05:12.402267,2026-07-05T15:05:12.414572+00:00,162.3,50,bid,FlawlessFlatbreads,DiligentDonuts,8448062
2026-07-05T15:05:14.510780,2026-07-05T15:05:14.522471+00:00,162.2,50,bid,FlawlessFlatbreads,EarnestEspressos,8448088
2026-07-05T15:05:16.619516,2026-07-05T15:05:16.630047+00:00,162.2,50,bid,FlawlessFlatbreads,EarnestEspressos,8448122
2026-07-05T15:05:18.010954,2026-07-05T15:05:18.022877+00:00,162.0,41,ask,DiligentDonuts,CostlyCorianders,8448144
2026-07-05T15:05:18.781348,2026-07-05T15:05:18.798550+00:00,162.0,50,ask,DiligentDonuts,FlawlessFlatbreads,8448151
2026-07-05T15:05:20.196279,2026-07-05T15:05:20.205785+00:00,162.4,41,bid,CostlyCorianders,EarnestEspressos,8448169
2026-07-05T15:05:20.888438,2026-07-05T15:05:20.895627+00:00,161.9,50,ask,EarnestEspressos,FlawlessFlatbreads,8448184
2026-07-05T15:05:21.347603,2026-07-05T15:05:21.359411+00:00,161.9,43,ask,EarnestEspressos,CostlyCorianders,8448191
2026-07-05T15:05:21.859960,2026-07-05T15:05:21.871734+00:00,161.9,45,ask,EarnestEspressos,CostlyCorianders,8448201
2026-07-05T15:05:22.995761,2026-07-05T15:05:23.007685+00:00,161.7,50,ask,DiligentDonuts,FlawlessFlatbreads,8448218
2026-07-05T15:05:23.268600,2026-07-05T15:05:23.277417+00:00,162.1,14,bid,Xuanyu Liu,EarnestEspressos,8448229
2026-07-05T15:05:23.972621,2026-07-05T15:05:23.984410+00:00,162.1,100,bid,DiligentDonuts,EarnestEspressos,8448241
2026-07-05T15:05:26.010013,2026-07-05T15:05:26.019100+00:00,162.4,11,ask,EarnestEspressos,Xuanyu Liu,8448268
2026-07-05T15:05:26.318903,2026-07-05T15:05:26.334390+00:00,162.4,3,ask,EarnestEspressos,Xuanyu Liu,8448277
2026-07-05T15:05:26.380861,2026-07-05T15:05:26.393709+00:00,162.6,45,bid,CostlyCorianders,DiligentDonuts,8448280
2026-07-05T15:05:27.189837,2026-07-05T15:05:27.197163+00:00,162.4,100,ask,EarnestEspressos,DiligentDonuts,8448291
2026-07-05T15:05:29.257725,2026-07-05T15:05:29.269687+00:00,162.5,50,bid,FlawlessFlatbreads,EarnestEspressos,8448327
2026-07-05T15:05:29.474007,2026-07-05T15:05:29.485852+00:00,162.5,43,bid,CostlyCorianders,EarnestEspressos,8448332
2026-07-05T15:05:29.831881,2026-07-05T15:05:29.839636+00:00,162.5,3,bid,Xuanyu Liu,EarnestEspressos,8448341
2026-07-05T15:05:30.299848,2026-07-05T15:05:30.309454+00:00,162.5,54,bid,DiligentDonuts,EarnestEspressos,8448353
2026-07-05T15:05:31.416253,2026-07-05T15:05:31.428094+00:00,162.5,46,ask,DiligentDonuts,FlawlessFlatbreads,8448372
2026-07-05T15:05:31.416253,2026-07-05T15:05:31.428094+00:00,162.0,4,ask,EarnestEspressos,FlawlessFlatbreads,8448373
2026-07-05T15:05:32.319127,2026-07-05T15:05:32.330804+00:00,163.0,100,bid,EarnestEspressos,DiligentDonuts,8448387
2026-07-05T15:05:32.465017,2026-07-05T15:05:32.475355+00:00,163.4,6,ask,EarnestEspressos,Xuanyu Liu,8448389
2026-07-05T15:05:33.113229,2026-07-05T15:05:33.125005+00:00,163.4,44,ask,EarnestEspressos,CostlyCorianders,8448399
2026-07-05T15:05:33.530612,2026-07-05T15:05:33.539586+00:00,162.8,50,ask,DiligentDonuts,FlawlessFlatbreads,8448404
2026-07-05T15:05:35.545651,2026-07-05T15:05:35.555867+00:00,163.1,3,bid,Xuanyu Liu,EarnestEspressos,8448438
2026-07-05T15:05:35.639280,2026-07-05T15:05:35.649361+00:00,162.8,50,ask,DiligentDonuts,FlawlessFlatbreads,8448442
2026-07-05T15:05:37.694793,2026-07-05T15:05:37.705358+00:00,163.0,50,bid,FlawlessFlatbreads,DiligentDonuts,8448473
2026-07-05T15:05:38.499414,2026-07-05T15:05:38.506799+00:00,163.0,44,bid,CostlyCorianders,DiligentDonuts,8448479
2026-07-05T15:05:39.801730,2026-07-05T15:05:39.811826+00:00,163.1,50,bid,FlawlessFlatbreads,EarnestEspressos,8448506
2026-07-05T15:05:40.311336,2026-07-05T15:05:40.320667+00:00,163.1,3,bid,Xuanyu Liu,EarnestEspressos,8448513
2026-07-05T15:05:41.621765,2026-07-05T15:05:41.631862+00:00,163.1,11,bid,Xuanyu Liu,EarnestEspressos,8448530
2026-07-05T15:05:41.659817,2026-07-05T15:05:41.671750+00:00,163.1,47,bid,CostlyCorianders,EarnestEspressos,8448533
2026-07-05T15:05:41.804497,2026-07-05T15:05:41.813384+00:00,163.3,100,bid,EarnestEspressos,DiligentDonuts,8448539
2026-07-05T15:05:41.871250,2026-07-05T15:05:41.882152+00:00,163.4,11,ask,EarnestEspressos,Xuanyu Liu,8448540
2026-07-05T15:05:41.963490,2026-07-05T15:05:41.975583+00:00,163.4,39,ask,EarnestEspressos,FlawlessFlatbreads,8448543
2026-07-05T15:05:42.824579,2026-07-05T15:05:42.836546+00:00,162.8,40,ask,DiligentDonuts,CostlyCorianders,8448563
2026-07-05T15:05:42.976939,2026-07-05T15:05:42.986925+00:00,163.3,3,ask,DiligentDonuts,Xuanyu Liu,8448564
2026-07-05T15:05:45.041116,2026-07-05T15:05:45.048483+00:00,163.3,97,ask,DiligentDonuts,EarnestEspressos,8448599
2026-07-05T15:05:46.122468,2026-07-05T15:05:46.130184+00:00,163.3,50,bid,FlawlessFlatbreads,EarnestEspressos,8448610
2026-07-05T15:05:46.859589,2026-07-05T15:05:46.867955+00:00,163.3,3,bid,Xuanyu Liu,EarnestEspressos,8448631
2026-07-05T15:05:48.161725,2026-07-05T15:05:48.171009+00:00,163.5,100,bid,EarnestEspressos,DiligentDonuts,8448651
2026-07-05T15:05:48.279949,2026-07-05T15:05:48.291654+00:00,163.5,50,ask,EarnestEspressos,FlawlessFlatbreads,8448653
2026-07-05T15:05:50.386446,2026-07-05T15:05:50.396575+00:00,163.5,50,ask,DiligentDonuts,FlawlessFlatbreads,8448674
2026-07-05T15:05:52.492718,2026-07-05T15:05:52.504356+00:00,163.4,50,ask,DiligentDonuts,FlawlessFlatbreads,8448714
2026-07-05T15:05:54.543414,2026-07-05T15:05:54.553497+00:00,163.4,50,ask,DiligentDonuts,EarnestEspressos,8448741
2026-07-05T15:05:54.626810,2026-07-05T15:05:54.633863+00:00,162.9,50,ask,EarnestEspressos,FlawlessFlatbreads,8448744
2026-07-05T15:05:56.667432,2026-07-05T15:05:56.679580+00:00,163.0,43,ask,DiligentDonuts,CostlyCorianders,8448775
2026-07-05T15:05:56.738979,2026-07-05T15:05:56.751050+00:00,163.0,50,ask,DiligentDonuts,FlawlessFlatbreads,8448778
2026-07-05T15:05:57.200459,2026-07-05T15:05:57.209041+00:00,163.4,40,bid,CostlyCorianders,EarnestEspressos,8448783
2026-07-05T15:05:57.901024,2026-07-05T15:05:57.912972+00:00,163.1,48,ask,EarnestEspressos,CostlyCorianders,8448792
2026-07-05T15:05:58.829013,2026-07-05T15:05:58.837307+00:00,163.2,11,bid,Xuanyu Liu,DiligentDonuts,8448808
2026-07-05T15:05:58.873909,2026-07-05T15:05:58.884228+00:00,163.1,50,ask,EarnestEspressos,FlawlessFlatbreads,8448810
2026-07-05T15:06:00.986718,2026-07-05T15:06:00.998315+00:00,162.7,50,ask,DiligentDonuts,FlawlessFlatbreads,8448845
2026-07-05T15:06:02.009300,2026-07-05T15:06:02.017880+00:00,162.8,23,bid,Xuanyu Liu,DiligentDonuts,8448860
2026-07-05T15:06:03.100727,2026-07-05T15:06:03.118186+00:00,162.8,12,bid,Xuanyu Liu,DiligentDonuts,8448888
2026-07-05T15:06:03.100990,2026-07-05T15:06:03.118186+00:00,162.5,50,ask,EarnestEspressos,FlawlessFlatbreads,8448889
2026-07-05T15:06:03.932210,2026-07-05T15:06:03.942948+00:00,162.8,22,bid,Xuanyu Liu,DiligentDonuts,8448901
2026-07-05T15:06:05.055890,2026-07-05T15:06:05.055742+00:00,163.1,43,bid,CostlyCorianders,EarnestEspressos,8448913
2026-07-05T15:06:05.157056,2026-07-05T15:06:05.169028+00:00,163.1,50,bid,FlawlessFlatbreads,EarnestEspressos,8448916
2026-07-05T15:06:05.537261,2026-07-05T15:06:05.547942+00:00,162.9,41,ask,DiligentDonuts,CostlyCorianders,8448922
2026-07-05T15:06:06.294278,2026-07-05T15:06:06.303332+00:00,162.9,11,ask,DiligentDonuts,Xuanyu Liu,8448935
2026-07-05T15:06:07.263963,2026-07-05T15:06:07.275765+00:00,163.3,50,bid,FlawlessFlatbreads,EarnestEspressos,8448946
2026-07-05T15:06:09.406525,2026-07-05T15:06:09.418659+00:00,163.1,50,bid,FlawlessFlatbreads,DiligentDonuts,8448975
2026-07-05T15:06:10.320398,2026-07-05T15:06:10.330256+00:00,163.1,50,bid,EarnestEspressos,DiligentDonuts,8448993
2026-07-05T15:06:10.480406,2026-07-05T15:06:10.489709+00:00,163.2,23,ask,EarnestEspressos,Xuanyu Liu,8448995
2026-07-05T15:06:10.835716,2026-07-05T15:06:10.842569+00:00,163.7,43,bid,CostlyCorianders,EarnestEspressos,8449004
2026-07-05T15:06:11.516399,2026-07-05T15:06:11.563652+00:00,163.7,50,bid,FlawlessFlatbreads,EarnestEspressos,8449012
2026-07-05T15:06:11.825379,2026-07-05T15:06:11.831960+00:00,163.5,47,ask,DiligentDonuts,CostlyCorianders,8449014
2026-07-05T15:06:13.641531,2026-07-05T15:06:13.653206+00:00,164.0,50,bid,FlawlessFlatbreads,DiligentDonuts,8449054
2026-07-05T15:06:13.804430,2026-07-05T15:06:13.816489+00:00,164.0,47,bid,CostlyCorianders,DiligentDonuts,8449057
2026-07-05T15:06:14.408346,2026-07-05T15:06:14.417076+00:00,163.5,11,ask,DiligentDonuts,Xuanyu Liu,8449065
2026-07-05T15:06:16.830371,2026-07-05T15:06:16.842434+00:00,163.7,46,bid,CostlyCorianders,DiligentDonuts,8449096
2026-07-05T15:06:17.197201,2026-07-05T15:06:17.206593+00:00,163.5,12,ask,EarnestEspressos,Xuanyu Liu,8449100
2026-07-05T15:06:17.865657,2026-07-05T15:06:17.874539+00:00,163.8,50,bid,FlawlessFlatbreads,DiligentDonuts,8449107
2026-07-05T15:06:19.972563,2026-07-05T15:06:19.984669+00:00,163.8,50,bid,FlawlessFlatbreads,DiligentDonuts,8449141
2026-07-05T15:06:20.257728,2026-07-05T15:06:20.269676+00:00,163.5,48,ask,EarnestEspressos,CostlyCorianders,8449145
2026-07-05T15:06:20.941895,2026-07-05T15:06:20.950320+00:00,163.9,11,ask,DiligentDonuts,Xuanyu Liu,8449160
2026-07-05T15:06:20.951544,2026-07-05T15:06:20.960094+00:00,163.9,3,ask,DiligentDonuts,Xuanyu Liu,8449162
2026-07-05T15:06:21.650815,2026-07-05T15:06:21.660282+00:00,163.9,42,ask,DiligentDonuts,CostlyCorianders,8449173
2026-07-05T15:06:22.079398,2026-07-05T15:06:22.091382+00:00,164.0,50,bid,FlawlessFlatbreads,EarnestEspressos,8449179
2026-07-05T15:06:22.150963,2026-07-05T15:06:22.152463+00:00,164.0,40,bid,CostlyCorianders,EarnestEspressos,8449181
2026-07-05T15:06:24.328194,2026-07-05T15:06:24.339905+00:00,163.6,43,ask,EarnestEspressos,CostlyCorianders,8449214
2026-07-05T15:06:27.585261,2026-07-05T15:06:27.592776+00:00,163.9,47,bid,CostlyCorianders,EarnestEspressos,8449256
2026-07-05T15:06:28.398009,2026-07-05T15:06:28.405073+00:00,163.9,50,bid,FlawlessFlatbreads,EarnestEspressos,8449269
2026-07-05T15:06:29.452577,2026-07-05T15:06:29.464375+00:00,163.9,42,ask,EarnestEspressos,CostlyCorianders,8449281
2026-07-05T15:06:30.554811,2026-07-05T15:06:30.566442+00:00,163.9,50,ask,EarnestEspressos,FlawlessFlatbreads,8449304
2026-07-05T15:06:31.022624,2026-07-05T15:06:31.032871+00:00,163.9,44,ask,EarnestEspressos,CostlyCorianders,8449312
2026-07-05T15:06:32.610686,2026-07-05T15:06:32.620193+00:00,163.7,50,bid,FlawlessFlatbreads,EarnestEspressos,8449326
2026-07-05T15:06:34.716058,2026-07-05T15:06:34.727756+00:00,163.7,50,bid,FlawlessFlatbreads,EarnestEspressos,8449347
2026-07-05T15:06:35.268094,2026-07-05T15:06:35.276369+00:00,163.7,40,bid,CostlyCorianders,EarnestEspressos,8449362
2026-07-05T15:06:35.353852,2026-07-05T15:06:35.363950+00:00,163.7,3,bid,Xuanyu Liu,EarnestEspressos,8449366
2026-07-05T15:06:36.559801,2026-07-05T15:06:36.568662+00:00,164.0,3,ask,EarnestEspressos,Xuanyu Liu,8449385
2026-07-05T15:06:36.822320,2026-07-05T15:06:36.834151+00:00,164.1,50,bid,FlawlessFlatbreads,DiligentDonuts,8449395
2026-07-05T15:06:37.800285,2026-07-05T15:06:37.811765+00:00,164.0,43,ask,EarnestEspressos,CostlyCorianders,8449418
2026-07-05T15:06:38.930084,2026-07-05T15:06:38.937724+00:00,164.1,50,bid,FlawlessFlatbreads,DiligentDonuts,8449427
2026-07-05T15:06:39.842826,2026-07-05T15:06:39.852075+00:00,164.3,45,bid,CostlyCorianders,EarnestEspressos,8449442
2026-07-05T15:06:40.896573,2026-07-05T15:06:40.904687+00:00,164.1,48,ask,DiligentDonuts,CostlyCorianders,8449461
2026-07-05T15:06:41.036109,2026-07-05T15:06:41.047939+00:00,164.3,50,bid,FlawlessFlatbreads,EarnestEspressos,8449462
2026-07-05T15:06:42.459291,2026-07-05T15:06:42.471013+00:00,164.6,45,bid,CostlyCorianders,DiligentDonuts,8449479
2026-07-05T15:06:43.144188,2026-07-05T15:06:43.151921+00:00,164.8,50,bid,FlawlessFlatbreads,DiligentDonuts,8449485
2026-07-05T15:06:44.565561,2026-07-05T15:06:44.577249+00:00,164.4,41,ask,EarnestEspressos,CostlyCorianders,8449513
2026-07-05T15:06:45.202020,2026-07-05T15:06:45.212475+00:00,164.8,48,bid,CostlyCorianders,DiligentDonuts,8449517
2026-07-05T15:06:45.250344,2026-07-05T15:06:45.259437+00:00,164.8,2,bid,FlawlessFlatbreads,DiligentDonuts,8449518
2026-07-05T15:06:45.250344,2026-07-05T15:06:45.259437+00:00,164.8,48,bid,FlawlessFlatbreads,EarnestEspressos,8449519
2026-07-05T15:06:47.410195,2026-07-05T15:06:47.422101+00:00,164.4,50,ask,DiligentDonuts,FlawlessFlatbreads,8449557
2026-07-05T15:06:47.723552,2026-07-05T15:06:47.735647+00:00,164.4,41,ask,DiligentDonuts,CostlyCorianders,8449562
2026-07-05T15:06:48.508136,2026-07-05T15:06:48.517298+00:00,164.4,3,ask,DiligentDonuts,Xuanyu Liu,8449575
2026-07-05T15:06:49.447716,2026-07-05T15:06:49.463901+00:00,164.4,43,ask,EarnestEspressos,CostlyCorianders,8449591
2026-07-05T15:06:49.462174,2026-07-05T15:06:49.469300+00:00,164.4,100,ask,EarnestEspressos,DiligentDonuts,8449592
2026-07-05T15:06:49.465894,2026-07-05T15:06:49.474579+00:00,164.9,50,bid,FlawlessFlatbreads,EarnestEspressos,8449593
2026-07-05T15:06:50.456635,2026-07-05T15:06:50.468310+00:00,164.9,49,bid,CostlyCorianders,EarnestEspressos,8449603
2026-07-05T15:06:51.625473,2026-07-05T15:06:51.634822+00:00,164.1,50,ask,EarnestEspressos,FlawlessFlatbreads,8449626
2026-07-05T15:06:53.731425,2026-07-05T15:06:53.743393+00:00,164.3,50,ask,DiligentDonuts,FlawlessFlatbreads,8449660
2026-07-05T15:06:54.129497,2026-07-05T15:06:54.141667+00:00,164.3,25,ask,DiligentDonuts,EarnestEspressos,8449665
2026-07-05T15:06:54.153360,2026-07-05T15:06:54.163885+00:00,164.4,10,ask,Harold Schneider,Xuanyu Liu,8449667
2026-07-05T15:06:54.664544,2026-07-05T15:06:54.674818+00:00,164.5,10,bid,CostlyCorianders,Harold Schneider,8449675
2026-07-05T15:06:54.664544,2026-07-05T15:06:54.674818+00:00,164.8,37,bid,CostlyCorianders,DiligentDonuts,8449676
2026-07-05T15:06:54.688001,2026-07-05T15:06:54.699777+00:00,164.3,25,ask,DiligentDonuts,Harold Schneider,8449677
2026-07-05T15:06:55.820489,2026-07-05T15:06:55.829401+00:00,164.3,47,bid,CostlyCorianders,EarnestEspressos,8449693
2026-07-05T15:06:55.838569,2026-07-05T15:06:55.850428+00:00,164.2,50,ask,DiligentDonuts,FlawlessFlatbreads,8449694
2026-07-05T15:06:55.934647,2026-07-05T15:06:55.944474+00:00,164.3,10,bid,Xuanyu Liu,EarnestEspressos,8449698
2026-07-05T15:06:57.944916,2026-07-05T15:06:57.956713+00:00,164.3,50,ask,EarnestEspressos,FlawlessFlatbreads,8449728
2026-07-05T15:07:00.066561,2026-07-05T15:07:00.078472+00:00,164.4,10,ask,Harold Schneider,FlawlessFlatbreads,8449752
2026-07-05T15:07:00.066561,2026-07-05T15:07:00.078472+00:00,164.3,40,ask,EarnestEspressos,FlawlessFlatbreads,8449753
2026-07-05T15:07:00.174260,2026-07-05T15:07:00.183918+00:00,164.3,47,ask,EarnestEspressos,CostlyCorianders,8449754
2026-07-05T15:07:00.801313,2026-07-05T15:07:00.813137+00:00,164.3,13,ask,EarnestEspressos,CostlyCorianders,8449761
2026-07-05T15:07:00.801313,2026-07-05T15:07:00.813137+00:00,164.3,30,ask,DiligentDonuts,CostlyCorianders,8449762
2026-07-05T15:07:01.008792,2026-07-05T15:07:01.020604+00:00,164.3,70,ask,DiligentDonuts,EarnestEspressos,8449765
2026-07-05T15:07:01.022002,2026-07-05T15:07:01.032147+00:00,164.0,3,bid,Xuanyu Liu,EarnestEspressos,8449766
2026-07-05T15:07:02.181681,2026-07-05T15:07:02.191793+00:00,163.9,50,ask,DiligentDonuts,FlawlessFlatbreads,8449782
2026-07-05T15:07:02.968801,2026-07-05T15:07:02.978052+00:00,164.0,47,bid,CostlyCorianders,EarnestEspressos,8449795
2026-07-05T15:07:04.001306,2026-07-05T15:07:04.013515+00:00,163.9,46,ask,DiligentDonuts,CostlyCorianders,8449812
2026-07-05T15:07:05.306948,2026-07-05T15:07:05.319044+00:00,164.0,100,ask,EarnestEspressos,DiligentDonuts,8449826
2026-07-05T15:07:06.403112,2026-07-05T15:07:06.406632+00:00,164.0,50,ask,EarnestEspressos,FlawlessFlatbreads,8449841
2026-07-05T15:07:06.434544,2026-07-05T15:07:06.441559+00:00,164.5,45,bid,CostlyCorianders,EarnestEspressos,8449842
2026-07-05T15:07:08.618286,2026-07-05T15:07:08.630092+00:00,164.1,41,bid,CostlyCorianders,EarnestEspressos,8449871
2026-07-05T15:07:09.206625,2026-07-05T15:07:09.216124+00:00,164.1,15,bid,Harold Schneider,EarnestEspressos,8449884
2026-07-05T15:07:10.644933,2026-07-05T15:07:10.658559+00:00,163.9,50,ask,DiligentDonuts,FlawlessFlatbreads,8449910
2026-07-05T15:07:11.974553,2026-07-05T15:07:11.986147+00:00,164.0,44,bid,CostlyCorianders,DiligentDonuts,8449936
2026-07-05T15:07:12.724611,2026-07-05T15:07:12.733375+00:00,164.0,50,bid,FlawlessFlatbreads,DiligentDonuts,8449949
2026-07-05T15:07:14.834211,2026-07-05T15:07:14.846126+00:00,164.2,50,bid,FlawlessFlatbreads,EarnestEspressos,8449980
2026-07-05T15:07:15.510820,2026-07-05T15:07:15.521141+00:00,163.8,46,ask,DiligentDonuts,CostlyCorianders,8449991
2026-07-05T15:07:16.069005,2026-07-05T15:07:16.080899+00:00,163.8,42,ask,DiligentDonuts,CostlyCorianders,8449999
2026-07-05T15:07:19.125188,2026-07-05T15:07:19.137344+00:00,163.8,50,ask,EarnestEspressos,FlawlessFlatbreads,8450038
2026-07-05T15:07:21.103285,2026-07-05T15:07:21.115107+00:00,163.7,43,ask,EarnestEspressos,CostlyCorianders,8450057
2026-07-05T15:07:21.244260,2026-07-05T15:07:21.256135+00:00,163.7,50,ask,EarnestEspressos,FlawlessFlatbreads,8450065
2026-07-05T15:07:21.582798,2026-07-05T15:07:21.590462+00:00,164.0,40,bid,CostlyCorianders,DiligentDonuts,8450075
2026-07-05T15:07:22.668417,2026-07-05T15:07:22.680485+00:00,164.0,46,bid,CostlyCorianders,DiligentDonuts,8450090
2026-07-05T15:07:23.219923,2026-07-05T15:07:23.231537+00:00,163.8,44,bid,CostlyCorianders,EarnestEspressos,8450095
2026-07-05T15:07:23.353213,2026-07-05T15:07:23.353362+00:00,163.5,50,ask,DiligentDonuts,FlawlessFlatbreads,8450098
2026-07-05T15:07:25.835186,2026-07-05T15:07:25.846818+00:00,163.7,45,ask,DiligentDonuts,CostlyCorianders,8450141
2026-07-05T15:07:26.900293,2026-07-05T15:07:26.911897+00:00,163.7,46,ask,DiligentDonuts,CostlyCorianders,8450160
2026-07-05T15:07:27.550029,2026-07-05T15:07:27.558605+00:00,163.9,50,bid,FlawlessFlatbreads,DiligentDonuts,8450173
2026-07-05T15:07:29.073631,2026-07-05T15:07:29.085566+00:00,163.9,41,bid,CostlyCorianders,DiligentDonuts,8450192
2026-07-05T15:07:30.084409,2026-07-05T15:07:30.092268+00:00,163.9,9,bid,CostlyCorianders,DiligentDonuts,8450200
2026-07-05T15:07:33.048278,2026-07-05T15:07:33.054664+00:00,163.7,48,ask,DiligentDonuts,CostlyCorianders,8450232
2026-07-05T15:07:33.673176,2026-07-05T15:07:33.684140+00:00,164.1,45,bid,CostlyCorianders,EarnestEspressos,8450234
2026-07-05T15:07:33.946774,2026-07-05T15:07:33.951432+00:00,163.6,50,ask,EarnestEspressos,FlawlessFlatbreads,8450237
2026-07-05T15:07:34.207496,2026-07-05T15:07:34.219330+00:00,163.6,40,ask,EarnestEspressos,CostlyCorianders,8450242
2026-07-05T15:07:34.716169,2026-07-05T15:07:34.728264+00:00,164.1,47,bid,CostlyCorianders,EarnestEspressos,8450244
2026-07-05T15:07:36.004366,2026-07-05T15:07:36.015891+00:00,164.1,50,bid,FlawlessFlatbreads,DiligentDonuts,8450262
2026-07-05T15:07:38.056309,2026-07-05T15:07:38.067904+00:00,163.7,44,ask,EarnestEspressos,CostlyCorianders,8450282
2026-07-05T15:07:38.554478,2026-07-05T15:07:38.566228+00:00,164.2,40,bid,CostlyCorianders,EarnestEspressos,8450290
2026-07-05T15:07:38.610097,2026-07-05T15:07:38.622138+00:00,163.7,42,ask,EarnestEspressos,CostlyCorianders,8450293
2026-07-05T15:07:40.297182,2026-07-05T15:07:40.309278+00:00,163.5,50,ask,DiligentDonuts,FlawlessFlatbreads,8450308
2026-07-05T15:07:40.762935,2026-07-05T15:07:40.774926+00:00,163.8,47,bid,CostlyCorianders,EarnestEspressos,8450318
2026-07-05T15:07:42.383292,2026-07-05T15:07:42.395279+00:00,163.9,50,bid,FlawlessFlatbreads,EarnestEspressos,8450326
2026-07-05T15:07:44.493212,2026-07-05T15:07:44.505021+00:00,163.8,50,bid,FlawlessFlatbreads,DiligentDonuts,8450357
2026-07-05T15:07:46.090217,2026-07-05T15:07:46.102128+00:00,163.7,45,ask,EarnestEspressos,CostlyCorianders,8450381
2026-07-05T15:07:46.604680,2026-07-05T15:07:46.624697+00:00,163.9,50,bid,FlawlessFlatbreads,DiligentDonuts,8450388
2026-07-05T15:07:48.820152,2026-07-05T15:07:48.832392+00:00,163.9,47,bid,CostlyCorianders,DiligentDonuts,8450425
2026-07-05T15:07:50.851013,2026-07-05T15:07:50.863733+00:00,164.0,50,bid,FlawlessFlatbreads,EarnestEspressos,8450455
2026-07-05T15:07:53.010973,2026-07-05T15:07:53.022738+00:00,163.7,50,ask,EarnestEspressos,FlawlessFlatbreads,8450498
2026-07-05T15:07:55.144357,2026-07-05T15:07:55.170351+00:00,163.7,50,ask,DiligentDonuts,FlawlessFlatbreads,8450540
2026-07-05T15:07:56.935597,2026-07-05T15:07:56.947371+00:00,163.6,46,ask,DiligentDonuts,CostlyCorianders,8450567
2026-07-05T15:07:57.257385,2026-07-05T15:07:57.268978+00:00,163.6,50,ask,DiligentDonuts,FlawlessFlatbreads,8450576
2026-07-05T15:07:59.226910,2026-07-05T15:07:59.236396+00:00,163.9,3,bid,Xuanyu Liu,DiligentDonuts,8450613
2026-07-05T15:07:59.946978,2026-07-05T15:07:59.956696+00:00,163.9,11,bid,Xuanyu Liu,DiligentDonuts,8450621
2026-07-05T15:08:01.044290,2026-07-05T15:08:01.058459+00:00,163.9,86,bid,EarnestEspressos,DiligentDonuts,8450644
2026-07-05T15:08:01.615129,2026-07-05T15:08:01.626409+00:00,164.5,41,bid,CostlyCorianders,EarnestEspressos,8450658
2026-07-05T15:08:03.610418,2026-07-05T15:08:03.618291+00:00,164.3,50,ask,DiligentDonuts,FlawlessFlatbreads,8450685
2026-07-05T15:08:05.469988,2026-07-05T15:08:05.480891+00:00,164.4,46,ask,DiligentDonuts,CostlyCorianders,8450705
2026-07-05T15:08:06.459530,2026-07-05T15:08:06.471437+00:00,164.6,45,bid,CostlyCorianders,EarnestEspressos,8450717
2026-07-05T15:08:07.360511,2026-07-05T15:08:07.369203+00:00,164.4,11,ask,DiligentDonuts,Xuanyu Liu,8450731
2026-07-05T15:08:07.609534,2026-07-05T15:08:07.621213+00:00,164.4,41,ask,DiligentDonuts,CostlyCorianders,8450734
2026-07-05T15:08:07.801043,2026-07-05T15:08:07.812719+00:00,164.7,50,bid,FlawlessFlatbreads,EarnestEspressos,8450738
2026-07-05T15:08:09.407666,2026-07-05T15:08:09.419510+00:00,164.2,41,ask,EarnestEspressos,CostlyCorianders,8450760
2026-07-05T15:08:11.038857,2026-07-05T15:08:11.047708+00:00,164.4,11,bid,Xuanyu Liu,DiligentDonuts,8450786
2026-07-05T15:08:11.766624,2026-07-05T15:08:11.778525+00:00,164.7,48,bid,CostlyCorianders,EarnestEspressos,8450801
2026-07-05T15:08:13.712763,2026-07-05T15:08:13.724558+00:00,164.6,14,ask,EarnestEspressos,Xuanyu Liu,8450828
2026-07-05T15:08:14.153423,2026-07-05T15:08:14.156023+00:00,164.8,50,bid,FlawlessFlatbreads,DiligentDonuts,8450838
2026-07-05T15:08:14.480359,2026-07-05T15:08:14.492014+00:00,164.6,49,ask,EarnestEspressos,CostlyCorianders,8450844
2026-07-05T15:08:18.361466,2026-07-05T15:08:18.373175+00:00,164.8,48,bid,CostlyCorianders,DiligentDonuts,8450912
2026-07-05T15:08:18.431585,2026-07-05T15:08:18.442624+00:00,164.5,50,ask,EarnestEspressos,FlawlessFlatbreads,8450915
2026-07-05T15:08:20.559191,2026-07-05T15:08:20.570960+00:00,164.7,50,ask,EarnestEspressos,FlawlessFlatbreads,8450956
2026-07-05T15:08:24.637635,2026-07-05T15:08:24.649420+00:00,164.8,43,ask,DiligentDonuts,CostlyCorianders,8451012
2026-07-05T15:08:24.772628,2026-07-05T15:08:24.777046+00:00,164.8,50,ask,DiligentDonuts,FlawlessFlatbreads,8451016
2026-07-05T15:08:26.884384,2026-07-05T15:08:26.891373+00:00,164.8,7,ask,DiligentDonuts,FlawlessFlatbreads,8451047
2026-07-05T15:08:26.884384,2026-07-05T15:08:26.896548+00:00,164.5,43,ask,EarnestEspressos,FlawlessFlatbreads,8451048
2026-07-05T15:08:27.768241,2026-07-05T15:08:27.778350+00:00,164.9,3,bid,Xuanyu Liu,DiligentDonuts,8451070
2026-07-05T15:08:28.368276,2026-07-05T15:08:28.378732+00:00,164.9,11,bid,Xuanyu Liu,DiligentDonuts,8451079
2026-07-05T15:08:29.207395,2026-07-05T15:08:29.219419+00:00,164.9,41,bid,CostlyCorianders,DiligentDonuts,8451097
2026-07-05T15:08:30.728043,2026-07-05T15:08:30.738673+00:00,165.0,45,bid,CostlyCorianders,EarnestEspressos,8451125
2026-07-05T15:08:30.804543,2026-07-05T15:08:30.813380+00:00,165.0,12,bid,Xuanyu Liu,EarnestEspressos,8451127
2026-07-05T15:08:31.051539,2026-07-05T15:08:31.052998+00:00,165.0,50,bid,FlawlessFlatbreads,EarnestEspressos,8451131
2026-07-05T15:08:31.410352,2026-07-05T15:08:31.419986+00:00,165.0,43,bid,CostlyCorianders,EarnestEspressos,8451141
2026-07-05T15:08:32.716973,2026-07-05T15:08:32.728567+00:00,165.3,100,bid,EarnestEspressos,DiligentDonuts,8451164
2026-07-05T15:08:32.785028,2026-07-05T15:08:32.793808+00:00,165.8,5,ask,EarnestEspressos,Xuanyu Liu,8451169
2026-07-05T15:08:33.345866,2026-07-05T15:08:33.354696+00:00,165.8,24,ask,EarnestEspressos,Xuanyu Liu,8451179
2026-07-05T15:08:34.430055,2026-07-05T15:08:34.437211+00:00,165.8,21,ask,EarnestEspressos,Harold Schneider,8451189
2026-07-05T15:08:35.270440,2026-07-05T15:08:35.282031+00:00,165.9,50,bid,FlawlessFlatbreads,DiligentDonuts,8451199
2026-07-05T15:08:35.936843,2026-07-05T15:08:35.943788+00:00,165.4,100,ask,DiligentDonuts,EarnestEspressos,8451210
2026-07-05T15:08:35.950628,2026-07-05T15:08:35.959023+00:00,165.2,6,bid,Xuanyu Liu,EarnestEspressos,8451211
2026-07-05T15:08:37.035260,2026-07-05T15:08:37.047227+00:00,165.2,44,bid,DiligentDonuts,EarnestEspressos,8451230
2026-07-05T15:08:37.175853,2026-07-05T15:08:37.184298+00:00,165.2,42,ask,DiligentDonuts,CostlyCorianders,8451238
2026-07-05T15:08:37.377897,2026-07-05T15:08:37.389582+00:00,165.7,50,bid,FlawlessFlatbreads,DiligentDonuts,8451240
2026-07-05T15:08:39.486366,2026-07-05T15:08:39.495302+00:00,165.7,50,bid,FlawlessFlatbreads,DiligentDonuts,8451263
2026-07-05T15:08:41.646881,2026-07-05T15:08:41.663945+00:00,165.4,50,ask,EarnestEspressos,FlawlessFlatbreads,8451305
2026-07-05T15:08:43.700333,2026-07-05T15:08:43.711645+00:00,165.6,50,bid,FlawlessFlatbreads,EarnestEspressos,8451333
2026-07-05T15:08:44.526763,2026-07-05T15:08:44.538412+00:00,165.3,41,ask,DiligentDonuts,CostlyCorianders,8451340
2026-07-05T15:08:45.806738,2026-07-05T15:08:45.817774+00:00,165.7,50,bid,FlawlessFlatbreads,EarnestEspressos,8451359
2026-07-05T15:08:48.560924,2026-07-05T15:08:48.569333+00:00,165.4,3,ask,EarnestEspressos,Xuanyu Liu,8451398
2026-07-05T15:08:49.089552,2026-07-05T15:08:49.101719+00:00,165.6,44,bid,CostlyCorianders,DiligentDonuts,8451403
2026-07-05T15:08:50.033967,2026-07-05T15:08:50.047843+00:00,165.7,50,bid,FlawlessFlatbreads,DiligentDonuts,8451423
2026-07-05T15:08:52.214629,2026-07-05T15:08:52.226359+00:00,165.6,50,ask,EarnestEspressos,FlawlessFlatbreads,8451451
2026-07-05T15:08:54.321985,2026-07-05T15:08:54.333966+00:00,165.6,50,ask,EarnestEspressos,FlawlessFlatbreads,8451499
2026-07-05T15:08:56.430724,2026-07-05T15:08:56.442320+00:00,165.6,50,ask,DiligentDonuts,FlawlessFlatbreads,8451536
2026-07-05T15:08:58.108183,2026-07-05T15:08:58.115919+00:00,165.6,50,ask,DiligentDonuts,EarnestEspressos,8451560
2026-07-05T15:08:58.230674,2026-07-05T15:08:58.240540+00:00,165.6,3,bid,Xuanyu Liu,EarnestEspressos,8451563
2026-07-05T15:08:58.539071,2026-07-05T15:08:58.546609+00:00,165.1,50,ask,EarnestEspressos,FlawlessFlatbreads,8451571
2026-07-05T15:08:59.208020,2026-07-05T15:08:59.214983+00:00,165.6,97,bid,DiligentDonuts,EarnestEspressos,8451581
2026-07-05T15:09:00.628310,2026-07-05T15:09:00.636323+00:00,165.6,3,ask,DiligentDonuts,Xuanyu Liu,8451615
2026-07-05T15:09:00.644932,2026-07-05T15:09:00.651945+00:00,165.1,50,ask,EarnestEspressos,FlawlessFlatbreads,8451618
2026-07-05T15:09:02.421866,2026-07-05T15:09:02.433778+00:00,165.4,100,ask,EarnestEspressos,DiligentDonuts,8451643
2026-07-05T15:09:02.523170,2026-07-05T15:09:02.532353+00:00,165.4,48,ask,EarnestEspressos,CostlyCorianders,8451645
2026-07-05T15:09:02.699627,2026-07-05T15:09:02.711607+00:00,165.9,50,bid,FlawlessFlatbreads,EarnestEspressos,8451650
2026-07-05T15:09:03.162292,2026-07-05T15:09:03.172862+00:00,165.4,2,ask,EarnestEspressos,CostlyCorianders,8451661
2026-07-05T15:09:04.574392,2026-07-05T15:09:04.582197+00:00,165.6,21,bid,Harold Schneider,EarnestEspressos,8451689
2026-07-05T15:09:04.861253,2026-07-05T15:09:04.873076+00:00,165.1,50,ask,EarnestEspressos,FlawlessFlatbreads,8451702
2026-07-05T15:09:05.664733,2026-07-05T15:09:05.676776+00:00,165.6,42,bid,CostlyCorianders,EarnestEspressos,8451713
2026-07-05T15:09:06.812087,2026-07-05T15:09:06.823916+00:00,165.6,49,bid,CostlyCorianders,EarnestEspressos,8451728
2026-07-05T15:09:07.284519,2026-07-05T15:09:07.296406+00:00,165.3,49,ask,DiligentDonuts,CostlyCorianders,8451739
2026-07-05T15:09:09.073778,2026-07-05T15:09:09.085626+00:00,165.5,50,ask,EarnestEspressos,FlawlessFlatbreads,8451761
2026-07-05T15:09:11.182270,2026-07-05T15:09:11.193976+00:00,165.3,50,ask,DiligentDonuts,FlawlessFlatbreads,8451793
2026-07-05T15:09:11.987028,2026-07-05T15:09:11.995362+00:00,165.5,3,bid,Xuanyu Liu,DiligentDonuts,8451804
2026-07-05T15:09:12.636102,2026-07-05T15:09:12.645536+00:00,165.5,23,bid,Xuanyu Liu,DiligentDonuts,8451817
2026-07-05T15:09:13.291081,2026-07-05T15:09:13.302897+00:00,165.1,50,ask,EarnestEspressos,FlawlessFlatbreads,8451828
2026-07-05T15:09:13.948809,2026-07-05T15:09:13.958915+00:00,165.5,11,bid,Xuanyu Liu,DiligentDonuts,8451848
2026-07-05T15:09:15.398145,2026-07-05T15:09:15.409789+00:00,165.5,50,ask,DiligentDonuts,FlawlessFlatbreads,8451870
2026-07-05T15:09:16.209324,2026-07-05T15:09:16.216626+00:00,165.7,43,bid,CostlyCorianders,EarnestEspressos,8451879
2026-07-05T15:09:17.187029,2026-07-05T15:09:17.198654+00:00,165.5,43,ask,DiligentDonuts,CostlyCorianders,8451890
2026-07-05T15:09:17.504469,2026-07-05T15:09:17.511198+00:00,165.5,7,ask,DiligentDonuts,FlawlessFlatbreads,8451895
2026-07-05T15:09:17.504469,2026-07-05T15:09:17.516412+00:00,165.5,43,ask,EarnestEspressos,FlawlessFlatbreads,8451896
2026-07-05T15:09:19.617068,2026-07-05T15:09:19.624010+00:00,165.5,50,ask,EarnestEspressos,FlawlessFlatbreads,8451930
2026-07-05T15:09:21.291608,2026-07-05T15:09:21.301653+00:00,165.3,48,ask,EarnestEspressos,CostlyCorianders,8451964
2026-07-05T15:09:25.009744,2026-07-05T15:09:25.021817+00:00,165.7,44,bid,CostlyCorianders,EarnestEspressos,8452016
2026-07-05T15:09:25.964973,2026-07-05T15:09:25.975942+00:00,165.5,50,ask,DiligentDonuts,FlawlessFlatbreads,8452028
2026-07-05T15:09:26.076260,2026-07-05T15:09:26.084905+00:00,165.7,12,bid,Xuanyu Liu,EarnestEspressos,8452033
2026-07-05T15:09:27.006132,2026-07-05T15:09:27.017982+00:00,166.0,43,bid,CostlyCorianders,DiligentDonuts,8452049
2026-07-05T15:09:28.072179,2026-07-05T15:09:28.083829+00:00,165.6,50,ask,DiligentDonuts,FlawlessFlatbreads,8452070
2026-07-05T15:09:28.512218,2026-07-05T15:09:28.523797+00:00,165.6,41,ask,DiligentDonuts,CostlyCorianders,8452076
2026-07-05T15:09:30.204395,2026-07-05T15:09:30.216470+00:00,165.6,9,ask,DiligentDonuts,FlawlessFlatbreads,8452095
2026-07-05T15:09:30.204395,2026-07-05T15:09:30.216470+00:00,165.5,41,ask,EarnestEspressos,FlawlessFlatbreads,8452096
2026-07-05T15:09:33.812100,2026-07-05T15:09:33.824067+00:00,165.8,43,bid,CostlyCorianders,DiligentDonuts,8452139
2026-07-05T15:09:36.482374,2026-07-05T15:09:36.494473+00:00,165.9,50,bid,FlawlessFlatbreads,EarnestEspressos,8452168
2026-07-05T15:09:37.044339,2026-07-05T15:09:37.058586+00:00,165.5,43,ask,DiligentDonuts,CostlyCorianders,8452176
2026-07-05T15:09:40.617419,2026-07-05T15:09:40.627062+00:00,165.8,11,bid,Xuanyu Liu,DiligentDonuts,8452230
2026-07-05T15:09:40.785305,2026-07-05T15:09:40.797318+00:00,165.5,50,ask,EarnestEspressos,FlawlessFlatbreads,8452233
2026-07-05T15:09:42.129203,2026-07-05T15:09:42.140231+00:00,165.8,43,bid,CostlyCorianders,DiligentDonuts,8452259
2026-07-05T15:09:42.681787,2026-07-05T15:09:42.693458+00:00,165.8,41,bid,CostlyCorianders,DiligentDonuts,8452267
2026-07-05T15:09:42.903229,2026-07-05T15:09:42.914910+00:00,165.5,50,ask,EarnestEspressos,FlawlessFlatbreads,8452272
2026-07-05T15:09:45.013202,2026-07-05T15:09:45.025430+00:00,165.7,50,ask,DiligentDonuts,FlawlessFlatbreads,8452305
2026-07-05T15:09:46.683517,2026-07-05T15:09:46.691851+00:00,165.8,23,bid,Xuanyu Liu,EarnestEspressos,8452332
2026-07-05T15:09:47.077028,2026-07-05T15:09:47.084959+00:00,165.8,50,bid,FlawlessFlatbreads,EarnestEspressos,8452338
2026-07-05T15:09:47.443040,2026-07-05T15:09:47.463931+00:00,165.6,45,ask,DiligentDonuts,CostlyCorianders,8452346
2026-07-05T15:09:49.991863,2026-07-05T15:09:50.005840+00:00,166.2,48,bid,CostlyCorianders,DiligentDonuts,8452391
2026-07-05T15:09:51.368594,2026-07-05T15:09:51.380784+00:00,165.8,50,ask,EarnestEspressos,FlawlessFlatbreads,8452417
2026-07-05T15:09:54.922425,2026-07-05T15:09:54.934402+00:00,165.8,42,ask,DiligentDonuts,CostlyCorianders,8452461
2026-07-05T15:09:55.578141,2026-07-05T15:09:55.590121+00:00,165.8,50,ask,DiligentDonuts,FlawlessFlatbreads,8452471
2026-07-05T15:09:57.688484,2026-07-05T15:09:57.695282+00:00,165.7,50,ask,EarnestEspressos,FlawlessFlatbreads,8452499
2026-07-05T15:09:58.593566,2026-07-05T15:09:58.605065+00:00,165.9,49,bid,CostlyCorianders,EarnestEspressos,8452509
2026-07-05T15:09:59.743287,2026-07-05T15:09:59.755045+00:00,165.9,50,bid,FlawlessFlatbreads,EarnestEspressos,8452525
2026-07-05T15:10:01.903047,2026-07-05T15:10:01.914743+00:00,165.7,50,ask,EarnestEspressos,FlawlessFlatbreads,8452550
2026-07-05T15:10:06.124608,2026-07-05T15:10:06.135926+00:00,165.6,50,ask,EarnestEspressos,FlawlessFlatbreads,8452609
2026-07-05T15:10:08.233276,2026-07-05T15:10:08.245547+00:00,165.3,50,ask,DiligentDonuts,FlawlessFlatbreads,8452649
2026-07-05T15:10:08.696010,2026-07-05T15:10:08.707654+00:00,165.3,46,ask,DiligentDonuts,CostlyCorianders,8452657
2026-07-05T15:10:08.823026,2026-07-05T15:10:08.829125+00:00,165.3,11,bid,Xuanyu Liu,DiligentDonuts,8452661
2026-07-05T15:10:10.340786,2026-07-05T15:10:10.352313+00:00,165.1,50,ask,EarnestEspressos,FlawlessFlatbreads,8452691
2026-07-05T15:10:11.677366,2026-07-05T15:10:11.686411+00:00,165.1,6,bid,Xuanyu Liu,EarnestEspressos,8452714
2026-07-05T15:10:12.230056,2026-07-05T15:10:12.241798+00:00,165.1,43,bid,CostlyCorianders,EarnestEspressos,8452725
2026-07-05T15:10:12.449172,2026-07-05T15:10:12.447324+00:00,164.8,50,ask,DiligentDonuts,FlawlessFlatbreads,8452728
2026-07-05T15:10:13.951449,2026-07-05T15:10:13.958562+00:00,165.1,44,bid,CostlyCorianders,EarnestEspressos,8452743
2026-07-05T15:10:14.557003,2026-07-05T15:10:14.564694+00:00,164.9,50,ask,EarnestEspressos,FlawlessFlatbreads,8452748
2026-07-05T15:10:18.715219,2026-07-05T15:10:18.727196+00:00,165.1,50,bid,FlawlessFlatbreads,DiligentDonuts,8452800
2026-07-05T15:10:20.823892,2026-07-05T15:10:20.837535+00:00,165.1,50,bid,FlawlessFlatbreads,DiligentDonuts,8452817
2026-07-05T15:10:21.985988,2026-07-05T15:10:21.997704+00:00,165.1,49,ask,DiligentDonuts,CostlyCorianders,8452834
2026-07-05T15:10:22.931544,2026-07-05T15:10:22.943243+00:00,165.5,50,bid,FlawlessFlatbreads,EarnestEspressos,8452846
2026-07-05T15:10:24.406985,2026-07-05T15:10:24.418843+00:00,165.3,40,ask,EarnestEspressos,CostlyCorianders,8452873
2026-07-05T15:10:25.039327,2026-07-05T15:10:25.048457+00:00,165.5,50,bid,FlawlessFlatbreads,DiligentDonuts,8452883
2026-07-05T15:10:27.145852,2026-07-05T15:10:27.158544+00:00,165.5,50,bid,FlawlessFlatbreads,DiligentDonuts,8452913
2026-07-05T15:10:29.253019,2026-07-05T15:10:29.264990+00:00,165.5,50,bid,FlawlessFlatbreads,EarnestEspressos,8452940
2026-07-05T15:10:29.693224,2026-07-05T15:10:29.701053+00:00,165.5,43,bid,CostlyCorianders,EarnestEspressos,8452946
2026-07-05T15:10:29.746711,2026-07-05T15:10:29.753423+00:00,165.2,49,ask,DiligentDonuts,CostlyCorianders,8452947
2026-07-05T15:10:30.066487,2026-07-05T15:10:30.075443+00:00,165.4,6,ask,EarnestEspressos,Xuanyu Liu,8452950
2026-07-05T15:10:31.296892,2026-07-05T15:10:31.305471+00:00,165.4,11,ask,EarnestEspressos,Xuanyu Liu,8452971
2026-07-05T15:10:31.337577,2026-07-05T15:10:31.346440+00:00,165.4,12,ask,EarnestEspressos,Xuanyu Liu,8452973
2026-07-05T15:10:31.359291,2026-07-05T15:10:31.371043+00:00,165.5,50,bid,FlawlessFlatbreads,DiligentDonuts,8452975
2026-07-05T15:10:31.753065,2026-07-05T15:10:31.764678+00:00,165.4,43,ask,EarnestEspressos,CostlyCorianders,8452980
2026-07-05T15:10:32.252554,2026-07-05T15:10:32.264455+00:00,165.4,44,ask,EarnestEspressos,CostlyCorianders,8452994
2026-07-05T15:10:33.047270,2026-07-05T15:10:33.057191+00:00,165.2,12,bid,Xuanyu Liu,EarnestEspressos,8453011
2026-07-05T15:10:33.515787,2026-07-05T15:10:33.527391+00:00,165.0,50,ask,DiligentDonuts,FlawlessFlatbreads,8453023
2026-07-05T15:10:34.061116,2026-07-05T15:10:34.072752+00:00,165.2,42,bid,CostlyCorianders,EarnestEspressos,8453038
2026-07-05T15:10:35.271123,2026-07-05T15:10:35.279731+00:00,165.2,17,bid,Xuanyu Liu,EarnestEspressos,8453054
2026-07-05T15:10:35.628460,2026-07-05T15:10:35.640295+00:00,164.7,50,ask,EarnestEspressos,FlawlessFlatbreads,8453064
2026-07-05T15:10:35.818072,2026-07-05T15:10:35.829859+00:00,165.2,40,bid,CostlyCorianders,EarnestEspressos,8453066
2026-07-05T15:10:36.898373,2026-07-05T15:10:36.909893+00:00,164.7,44,ask,DiligentDonuts,CostlyCorianders,8453086
2026-07-05T15:10:37.736676,2026-07-05T15:10:37.748596+00:00,164.4,50,ask,EarnestEspressos,FlawlessFlatbreads,8453105
2026-07-05T15:10:38.558678,2026-07-05T15:10:38.566170+00:00,164.6,46,bid,CostlyCorianders,DiligentDonuts,8453122
2026-07-05T15:10:39.867133,2026-07-05T15:10:39.881051+00:00,164.5,50,ask,EarnestEspressos,FlawlessFlatbreads,8453141
2026-07-05T15:10:41.974556,2026-07-05T15:10:41.986161+00:00,164.6,50,ask,DiligentDonuts,FlawlessFlatbreads,8453172
2026-07-05T15:10:44.080397,2026-07-05T15:10:44.088422+00:00,164.2,50,ask,EarnestEspressos,FlawlessFlatbreads,8453201
2026-07-05T15:10:45.127374,2026-07-05T15:10:45.139188+00:00,164.4,47,bid,CostlyCorianders,DiligentDonuts,8453223
2026-07-05T15:10:46.745971,2026-07-05T15:10:46.758611+00:00,164.4,100,bid,DiligentDonuts,EarnestEspressos,8453250
2026-07-05T15:10:48.241730,2026-07-05T15:10:48.251349+00:00,164.4,50,bid,FlawlessFlatbreads,EarnestEspressos,8453273
2026-07-05T15:10:49.686467,2026-07-05T15:10:49.695393+00:00,164.6,29,ask,EarnestEspressos,Xuanyu Liu,8453294
2026-07-05T15:10:49.792673,2026-07-05T15:10:49.798350+00:00,164.6,43,ask,EarnestEspressos,CostlyCorianders,8453298
2026-07-05T15:10:49.959754,2026-07-05T15:10:49.971385+00:00,164.6,78,ask,EarnestEspressos,DiligentDonuts,8453299
2026-07-05T15:10:49.972585,2026-07-05T15:10:49.981738+00:00,164.1,22,bid,Xuanyu Liu,DiligentDonuts,8453300
2026-07-05T15:10:52.029612,2026-07-05T15:10:52.041003+00:00,164.1,7,bid,Xuanyu Liu,EarnestEspressos,8453335
2026-07-05T15:10:52.460107,2026-07-05T15:10:52.468652+00:00,164.1,50,bid,FlawlessFlatbreads,EarnestEspressos,8453342
2026-07-05T15:10:54.566619,2026-07-05T15:10:54.578420+00:00,164.1,50,bid,FlawlessFlatbreads,EarnestEspressos,8453361
2026-07-05T15:10:56.673261,2026-07-05T15:10:56.685319+00:00,164.3,50,bid,FlawlessFlatbreads,DiligentDonuts,8453399
2026-07-05T15:10:57.350455,2026-07-05T15:10:57.356992+00:00,164.3,40,bid,CostlyCorianders,DiligentDonuts,8453402
2026-07-05T15:10:57.996443,2026-07-05T15:10:58.008187+00:00,164.3,10,bid,CostlyCorianders,DiligentDonuts,8453410
2026-07-05T15:10:58.779761,2026-07-05T15:10:58.791555+00:00,164.4,50,bid,FlawlessFlatbreads,EarnestEspressos,8453419
2026-07-05T15:11:00.885202,2026-07-05T15:11:00.897092+00:00,164.4,50,bid,FlawlessFlatbreads,EarnestEspressos,8453447
2026-07-05T15:11:01.488633,2026-07-05T15:11:01.497356+00:00,164.4,6,ask,EarnestEspressos,Xuanyu Liu,8453455
2026-07-05T15:11:03.008020,2026-07-05T15:11:03.019993+00:00,164.7,50,bid,FlawlessFlatbreads,DiligentDonuts,8453475
2026-07-05T15:11:03.271543,2026-07-05T15:11:03.283228+00:00,164.4,41,ask,EarnestEspressos,CostlyCorianders,8453483
2026-07-05T15:11:04.112822,2026-07-05T15:11:04.121769+00:00,164.4,23,ask,EarnestEspressos,Xuanyu Liu,8453500
2026-07-05T15:11:05.120582,2026-07-05T15:11:05.132344+00:00,164.4,50,bid,FlawlessFlatbreads,EarnestEspressos,8453519
2026-07-05T15:11:05.424875,2026-07-05T15:11:05.433397+00:00,164.4,23,bid,Xuanyu Liu,EarnestEspressos,8453530
2026-07-05T15:11:05.735807,2026-07-05T15:11:05.742518+00:00,164.4,77,bid,DiligentDonuts,EarnestEspressos,8453533
2026-07-05T15:11:06.736379,2026-07-05T15:11:06.745086+00:00,164.6,11,ask,DiligentDonuts,Xuanyu Liu,8453552
2026-07-05T15:11:07.229214,2026-07-05T15:11:07.241513+00:00,165.1,50,bid,FlawlessFlatbreads,DiligentDonuts,8453559
2026-07-05T15:11:07.789276,2026-07-05T15:11:07.797619+00:00,164.7,12,ask,EarnestEspressos,Xuanyu Liu,8453566
2026-07-05T15:11:07.820515,2026-07-05T15:11:07.829218+00:00,164.7,11,ask,EarnestEspressos,Xuanyu Liu,8453570
2026-07-05T15:11:08.059515,2026-07-05T15:11:08.069250+00:00,164.7,11,ask,EarnestEspressos,Xuanyu Liu,8453573
2026-07-05T15:11:08.711308,2026-07-05T15:11:08.722231+00:00,164.7,40,ask,EarnestEspressos,CostlyCorianders,8453580
2026-07-05T15:11:08.957480,2026-07-05T15:11:08.969278+00:00,164.7,76,ask,EarnestEspressos,DiligentDonuts,8453585
2026-07-05T15:11:09.339237,2026-07-05T15:11:09.358596+00:00,164.7,24,bid,FlawlessFlatbreads,DiligentDonuts,8453595
2026-07-05T15:11:12.370256,2026-07-05T15:11:12.382317+00:00,164.4,44,ask,DiligentDonuts,CostlyCorianders,8453644
2026-07-05T15:11:13.380710,2026-07-05T15:11:13.392548+00:00,164.5,43,bid,CostlyCorianders,EarnestEspressos,8453659
2026-07-05T15:11:13.583351,2026-07-05T15:11:13.594959+00:00,164.5,50,bid,FlawlessFlatbreads,EarnestEspressos,8453663
2026-07-05T15:11:15.717098,2026-07-05T15:11:15.728858+00:00,164.7,50,bid,FlawlessFlatbreads,DiligentDonuts,8453695
2026-07-05T15:11:15.985326,2026-07-05T15:11:15.996836+00:00,164.7,46,bid,CostlyCorianders,DiligentDonuts,8453700
2026-07-05T15:11:17.525675,2026-07-05T15:11:17.537416+00:00,164.4,41,ask,EarnestEspressos,CostlyCorianders,8453733
2026-07-05T15:11:18.701522,2026-07-05T15:11:18.710697+00:00,164.4,12,ask,EarnestEspressos,Xuanyu Liu,8453753
2026-07-05T15:11:20.486288,2026-07-05T15:11:20.494204+00:00,164.4,100,ask,DiligentDonuts,EarnestEspressos,8453786
2026-07-05T15:11:22.042873,2026-07-05T15:11:22.058556+00:00,164.3,50,bid,FlawlessFlatbreads,EarnestEspressos,8453808
2026-07-05T15:11:23.599081,2026-07-05T15:11:23.611187+00:00,164.4,100,bid,EarnestEspressos,DiligentDonuts,8453832
2026-07-05T15:11:24.177888,2026-07-05T15:11:24.189893+00:00,164.9,50,bid,FlawlessFlatbreads,EarnestEspressos,8453839
2026-07-05T15:11:24.756269,2026-07-05T15:11:24.764600+00:00,164.4,11,ask,EarnestEspressos,Xuanyu Liu,8453842
2026-07-05T15:11:26.286905,2026-07-05T15:11:26.298698+00:00,164.7,50,bid,FlawlessFlatbreads,DiligentDonuts,8453871
2026-07-05T15:11:26.826477,2026-07-05T15:11:26.838140+00:00,164.5,40,bid,CostlyCorianders,EarnestEspressos,8453876
2026-07-05T15:11:28.426724,2026-07-05T15:11:28.438455+00:00,164.5,50,bid,FlawlessFlatbreads,EarnestEspressos,8453891
2026-07-05T15:11:30.052976,2026-07-05T15:11:30.068927+00:00,164.3,48,ask,DiligentDonuts,CostlyCorianders,8453915
2026-07-05T15:11:30.543203,2026-07-05T15:11:30.558558+00:00,164.7,50,bid,FlawlessFlatbreads,EarnestEspressos,8453924
2026-07-05T15:11:31.528183,2026-07-05T15:11:31.536932+00:00,164.6,42,bid,CostlyCorianders,DiligentDonuts,8453943
2026-07-05T15:11:32.650672,2026-07-05T15:11:32.658628+00:00,164.6,50,bid,FlawlessFlatbreads,DiligentDonuts,8453957
2026-07-05T15:11:32.660914,2026-07-05T15:11:32.669825+00:00,164.6,8,bid,CostlyCorianders,DiligentDonuts,8453959
2026-07-05T15:11:32.660914,2026-07-05T15:11:32.669825+00:00,164.7,32,bid,CostlyCorianders,EarnestEspressos,8453960
2026-07-05T15:11:33.159683,2026-07-05T15:11:33.169189+00:00,164.5,12,ask,EarnestEspressos,Xuanyu Liu,8453971
2026-07-05T15:11:34.301011,2026-07-05T15:11:34.309359+00:00,164.5,11,ask,EarnestEspressos,Xuanyu Liu,8453979
2026-07-05T15:11:34.593497,2026-07-05T15:11:34.605538+00:00,164.5,43,ask,EarnestEspressos,CostlyCorianders,8453992
2026-07-05T15:11:34.840625,2026-07-05T15:11:34.858625+00:00,164.5,50,ask,EarnestEspressos,FlawlessFlatbreads,8453995
2026-07-05T15:11:36.567790,2026-07-05T15:11:36.579600+00:00,164.6,44,bid,CostlyCorianders,EarnestEspressos,8454020
2026-07-05T15:11:37.752024,2026-07-05T15:11:37.764103+00:00,164.3,46,ask,DiligentDonuts,CostlyCorianders,8454041
2026-07-05T15:11:39.000748,2026-07-05T15:11:39.012548+00:00,164.6,50,bid,FlawlessFlatbreads,EarnestEspressos,8454055
2026-07-05T15:11:39.639144,2026-07-05T15:11:39.650653+00:00,164.8,44,bid,CostlyCorianders,DiligentDonuts,8454067
2026-07-05T15:11:43.291989,2026-07-05T15:11:43.298801+00:00,164.3,50,ask,DiligentDonuts,FlawlessFlatbreads,8454116
2026-07-05T15:11:45.399159,2026-07-05T15:11:45.411012+00:00,164.3,50,ask,EarnestEspressos,FlawlessFlatbreads,8454137
2026-07-05T15:11:46.229401,2026-07-05T15:11:46.241313+00:00,164.1,49,ask,DiligentDonuts,CostlyCorianders,8454151
2026-07-05T15:11:47.457489,2026-07-05T15:11:47.469221+00:00,164.6,50,bid,FlawlessFlatbreads,EarnestEspressos,8454166
2026-07-05T15:11:47.818443,2026-07-05T15:11:47.829345+00:00,164.6,42,bid,CostlyCorianders,EarnestEspressos,8454173
2026-07-05T15:11:48.305190,2026-07-05T15:11:48.317100+00:00,164.6,49,bid,CostlyCorianders,EarnestEspressos,8454178
2026-07-05T15:11:48.907790,2026-07-05T15:11:48.917782+00:00,164.1,40,ask,DiligentDonuts,CostlyCorianders,8454185
2026-07-05T15:11:48.914140,2026-07-05T15:11:48.922990+00:00,164.6,100,bid,EarnestEspressos,DiligentDonuts,8454186
2026-07-05T15:11:48.981163,2026-07-05T15:11:48.989250+00:00,164.8,3,ask,EarnestEspressos,Xuanyu Liu,8454187
2026-07-05T15:11:49.617617,2026-07-05T15:11:49.629107+00:00,164.8,47,ask,EarnestEspressos,FlawlessFlatbreads,8454195
2026-07-05T15:11:51.485553,2026-07-05T15:11:51.497223+00:00,164.4,40,ask,DiligentDonuts,CostlyCorianders,8454226
2026-07-05T15:11:52.049339,2026-07-05T15:11:52.058565+00:00,164.9,44,bid,CostlyCorianders,DiligentDonuts,8454231
2026-07-05T15:11:52.103617,2026-07-05T15:11:52.115384+00:00,164.4,43,ask,DiligentDonuts,CostlyCorianders,8454232
2026-07-05T15:11:52.635495,2026-07-05T15:11:52.642502+00:00,164.4,17,ask,DiligentDonuts,CostlyCorianders,8454240
2026-07-05T15:11:53.773948,2026-07-05T15:11:53.782698+00:00,164.7,50,bid,FlawlessFlatbreads,EarnestEspressos,8454253
2026-07-05T15:11:54.695571,2026-07-05T15:11:54.708664+00:00,164.7,47,bid,CostlyCorianders,EarnestEspressos,8454260
2026-07-05T15:11:55.809594,2026-07-05T15:11:55.821630+00:00,164.7,45,bid,CostlyCorianders,DiligentDonuts,8454273
2026-07-05T15:11:55.931774,2026-07-05T15:11:55.939122+00:00,164.6,50,ask,EarnestEspressos,FlawlessFlatbreads,8454276
2026-07-05T15:11:56.441860,2026-07-05T15:11:56.464103+00:00,164.6,42,ask,EarnestEspressos,CostlyCorianders,8454284
2026-07-05T15:11:58.038253,2026-07-05T15:11:58.049820+00:00,164.6,50,ask,EarnestEspressos,FlawlessFlatbreads,8454309
2026-07-05T15:11:58.108796,2026-07-05T15:11:58.120723+00:00,164.6,8,ask,EarnestEspressos,CostlyCorianders,8454311
2026-07-05T15:11:58.108796,2026-07-05T15:11:58.120723+00:00,164.3,32,ask,DiligentDonuts,CostlyCorianders,8454312
2026-07-05T15:11:58.466339,2026-07-05T15:11:58.477388+00:00,164.6,3,bid,Xuanyu Liu,EarnestEspressos,8454316
2026-07-05T15:12:00.144963,2026-07-05T15:12:00.155248+00:00,164.4,50,ask,DiligentDonuts,FlawlessFlatbreads,8454339
2026-07-05T15:12:00.524541,2026-07-05T15:12:00.533114+00:00,164.6,11,bid,Xuanyu Liu,EarnestEspressos,8454349
2026-07-05T15:12:02.254665,2026-07-05T15:12:02.261908+00:00,164.4,50,ask,DiligentDonuts,FlawlessFlatbreads,8454375
2026-07-05T15:12:03.044507,2026-07-05T15:12:03.063827+00:00,164.5,44,bid,CostlyCorianders,DiligentDonuts,8454392
2026-07-05T15:12:04.360831,2026-07-05T15:12:04.372660+00:00,164.3,50,ask,EarnestEspressos,FlawlessFlatbreads,8454410
2026-07-05T15:12:04.471032,2026-07-05T15:12:04.512802+00:00,164.5,12,bid,Xuanyu Liu,DiligentDonuts,8454415
2026-07-05T15:12:04.557177,2026-07-05T15:12:04.565670+00:00,164.5,44,bid,CostlyCorianders,DiligentDonuts,8454420
2026-07-05T15:12:04.557177,2026-07-05T15:12:04.565670+00:00,164.8,3,bid,CostlyCorianders,EarnestEspressos,8454421
2026-07-05T15:12:04.614478,2026-07-05T15:12:04.626446+00:00,164.3,48,ask,EarnestEspressos,CostlyCorianders,8454423
2026-07-05T15:12:04.790812,2026-07-05T15:12:04.800814+00:00,164.4,11,bid,Xuanyu Liu,EarnestEspressos,8454424
2026-07-05T15:12:05.876015,2026-07-05T15:12:05.886106+00:00,164.4,100,bid,DiligentDonuts,EarnestEspressos,8454442
2026-07-05T15:12:08.318862,2026-07-05T15:12:08.326011+00:00,164.4,45,ask,EarnestEspressos,CostlyCorianders,8454480
2026-07-05T15:12:08.896542,2026-07-05T15:12:08.906121+00:00,164.9,48,bid,CostlyCorianders,DiligentDonuts,8454491
2026-07-05T15:12:10.678687,2026-07-05T15:12:10.690419+00:00,164.4,50,ask,EarnestEspressos,FlawlessFlatbreads,8454515
2026-07-05T15:12:11.114093,2026-07-05T15:12:11.124196+00:00,164.4,12,bid,Xuanyu Liu,EarnestEspressos,8454524
2026-07-05T15:12:12.073537,2026-07-05T15:12:12.085461+00:00,164.4,41,bid,CostlyCorianders,EarnestEspressos,8454544
2026-07-05T15:12:12.198659,2026-07-05T15:12:12.206795+00:00,164.4,97,bid,DiligentDonuts,EarnestEspressos,8454546
2026-07-05T15:12:13.023163,2026-07-05T15:12:13.035172+00:00,164.4,3,ask,DiligentDonuts,CostlyCorianders,8454558
2026-07-05T15:12:13.023163,2026-07-05T15:12:13.035172+00:00,163.9,44,ask,EarnestEspressos,CostlyCorianders,8454559
2026-07-05T15:12:14.478726,2026-07-05T15:12:14.489223+00:00,164.5,40,ask,EarnestEspressos,CostlyCorianders,8454586
2026-07-05T15:12:14.838912,2026-07-05T15:12:14.850500+00:00,164.9,50,bid,FlawlessFlatbreads,DiligentDonuts,8454595
2026-07-05T15:12:14.965284,2026-07-05T15:12:14.974089+00:00,164.9,42,bid,CostlyCorianders,DiligentDonuts,8454600
2026-07-05T15:12:16.470353,2026-07-05T15:12:16.478461+00:00,165.0,46,bid,CostlyCorianders,EarnestEspressos,8454617
2026-07-05T15:12:16.946081,2026-07-05T15:12:16.958581+00:00,165.0,50,bid,FlawlessFlatbreads,EarnestEspressos,8454627
2026-07-05T15:12:17.389341,2026-07-05T15:12:17.399184+00:00,165.0,12,ask,EarnestEspressos,Xuanyu Liu,8454637
2026-07-05T15:12:17.609411,2026-07-05T15:12:17.619801+00:00,165.0,34,ask,EarnestEspressos,Xuanyu Liu,8454641
2026-07-05T15:12:18.573183,2026-07-05T15:12:18.584892+00:00,165.0,100,ask,EarnestEspressos,DiligentDonuts,8454656
2026-07-05T15:12:19.106286,2026-07-05T15:12:19.118222+00:00,165.0,4,ask,EarnestEspressos,FlawlessFlatbreads,8454662
2026-07-05T15:12:19.106286,2026-07-05T15:12:19.118222+00:00,164.3,46,ask,DiligentDonuts,FlawlessFlatbreads,8454663
2026-07-05T15:12:20.595920,2026-07-05T15:12:20.604736+00:00,164.8,23,bid,Xuanyu Liu,EarnestEspressos,8454686
2026-07-05T15:12:21.035167,2026-07-05T15:12:21.042000+00:00,164.3,41,ask,DiligentDonuts,CostlyCorianders,8454696
2026-07-05T15:12:21.164077,2026-07-05T15:12:21.174551+00:00,164.8,50,bid,FlawlessFlatbreads,EarnestEspressos,8454700
2026-07-05T15:12:22.512691,2026-07-05T15:12:22.524582+00:00,164.8,47,bid,CostlyCorianders,EarnestEspressos,8454722
2026-07-05T15:12:22.989029,2026-07-05T15:12:23.000843+00:00,164.5,43,ask,DiligentDonuts,CostlyCorianders,8454730
2026-07-05T15:12:24.063894,2026-07-05T15:12:24.075198+00:00,165.0,47,bid,CostlyCorianders,DiligentDonuts,8454747
2026-07-05T15:12:25.436846,2026-07-05T15:12:25.443249+00:00,164.7,50,ask,EarnestEspressos,FlawlessFlatbreads,8454764
2026-07-05T15:12:27.447695,2026-07-05T15:12:27.464016+00:00,164.6,45,ask,DiligentDonuts,CostlyCorianders,8454788
2026-07-05T15:12:27.570870,2026-07-05T15:12:27.582706+00:00,164.6,50,ask,DiligentDonuts,FlawlessFlatbreads,8454790
2026-07-05T15:12:27.954988,2026-07-05T15:12:27.966695+00:00,165.0,46,bid,CostlyCorianders,EarnestEspressos,8454796
2026-07-05T15:12:29.628746,2026-07-05T15:12:29.640810+00:00,164.8,50,bid,FlawlessFlatbreads,DiligentDonuts,8454815
2026-07-05T15:12:30.024682,2026-07-05T15:12:30.036545+00:00,164.8,50,bid,EarnestEspressos,DiligentDonuts,8454820
2026-07-05T15:12:33.457484,2026-07-05T15:12:33.469219+00:00,164.7,49,ask,DiligentDonuts,CostlyCorianders,8454870
2026-07-05T15:12:33.878490,2026-07-05T15:12:33.890230+00:00,165.1,50,bid,FlawlessFlatbreads,EarnestEspressos,8454881
2026-07-05T15:12:34.027178,2026-07-05T15:12:34.038478+00:00,164.7,46,ask,DiligentDonuts,CostlyCorianders,8454882
2026-07-05T15:12:34.638419,2026-07-05T15:12:34.649203+00:00,164.7,11,bid,Xuanyu Liu,DiligentDonuts,8454891
2026-07-05T15:12:35.995052,2026-07-05T15:12:36.008699+00:00,164.7,50,bid,FlawlessFlatbreads,DiligentDonuts,8454912
2026-07-05T15:12:38.102784,2026-07-05T15:12:38.114754+00:00,165.0,50,bid,FlawlessFlatbreads,DiligentDonuts,8454945
2026-07-05T15:12:40.216749,2026-07-05T15:12:40.228555+00:00,165.0,50,bid,FlawlessFlatbreads,DiligentDonuts,8454982
2026-07-05T15:12:41.670107,2026-07-05T15:12:41.681205+00:00,164.7,49,bid,CostlyCorianders,DiligentDonuts,8455010
2026-07-05T15:12:42.216818,2026-07-05T15:12:42.223374+00:00,164.7,40,bid,CostlyCorianders,DiligentDonuts,8455022
2026-07-05T15:12:42.333776,2026-07-05T15:12:42.346014+00:00,164.7,11,bid,FlawlessFlatbreads,DiligentDonuts,8455023
2026-07-05T15:12:42.333776,2026-07-05T15:12:42.346014+00:00,165.1,39,bid,FlawlessFlatbreads,EarnestEspressos,8455024
2026-07-05T15:12:43.850630,2026-07-05T15:12:43.859270+00:00,164.9,34,ask,DiligentDonuts,Xuanyu Liu,8455045
2026-07-05T15:12:44.443138,2026-07-05T15:12:44.448457+00:00,165.1,50,bid,FlawlessFlatbreads,EarnestEspressos,8455055
2026-07-05T15:12:44.727990,2026-07-05T15:12:44.736427+00:00,164.9,3,ask,DiligentDonuts,Xuanyu Liu,8455061
2026-07-05T15:12:46.557164,2026-07-05T15:12:46.569499+00:00,165.2,50,bid,FlawlessFlatbreads,EarnestEspressos,8455082
2026-07-05T15:12:50.452174,2026-07-05T15:12:50.468990+00:00,165.0,44,ask,EarnestEspressos,CostlyCorianders,8455136
2026-07-05T15:12:50.827007,2026-07-05T15:12:50.834125+00:00,165.0,50,ask,EarnestEspressos,FlawlessFlatbreads,8455146
2026-07-05T15:12:51.555154,2026-07-05T15:12:51.566899+00:00,165.0,41,ask,EarnestEspressos,CostlyCorianders,8455159
2026-07-05T15:12:52.881398,2026-07-05T15:12:52.892986+00:00,164.9,50,bid,FlawlessFlatbreads,EarnestEspressos,8455178
2026-07-05T15:12:53.524012,2026-07-05T15:12:53.535689+00:00,164.9,49,bid,CostlyCorianders,EarnestEspressos,8455190
2026-07-05T15:12:54.665842,2026-07-05T15:12:54.677695+00:00,164.5,48,ask,DiligentDonuts,CostlyCorianders,8455214
2026-07-05T15:12:55.016387,2026-07-05T15:12:55.028040+00:00,164.9,50,bid,FlawlessFlatbreads,EarnestEspressos,8455217
2026-07-05T15:12:55.319676,2026-07-05T15:12:55.331230+00:00,165.0,100,bid,EarnestEspressos,DiligentDonuts,8455221
2026-07-05T15:12:56.846458,2026-07-05T15:12:56.857996+00:00,165.1,41,bid,CostlyCorianders,DiligentDonuts,8455248
2026-07-05T15:12:57.131140,2026-07-05T15:12:57.141479+00:00,165.1,50,bid,FlawlessFlatbreads,DiligentDonuts,8455253
2026-07-05T15:12:59.672290,2026-07-05T15:12:59.684112+00:00,165.1,100,bid,DiligentDonuts,EarnestEspressos,8455279
2026-07-05T15:13:03.478457,2026-07-05T15:13:03.495483+00:00,165.3,50,bid,FlawlessFlatbreads,DiligentDonuts,8455318
2026-07-05T15:13:03.912977,2026-07-05T15:13:03.920952+00:00,165.0,49,ask,EarnestEspressos,CostlyCorianders,8455325
2026-07-05T15:13:05.435267,2026-07-05T15:13:05.447072+00:00,164.9,43,ask,EarnestEspressos,CostlyCorianders,8455346
2026-07-05T15:13:05.586864,2026-07-05T15:13:05.598718+00:00,165.3,50,bid,FlawlessFlatbreads,DiligentDonuts,8455347
2026-07-05T15:13:06.119859,2026-07-05T15:13:06.132321+00:00,165.2,3,ask,DiligentDonuts,Xuanyu Liu,8455361
2026-07-05T15:13:07.639770,2026-07-05T15:13:07.651573+00:00,165.4,48,bid,CostlyCorianders,EarnestEspressos,8455386
2026-07-05T15:13:08.750840,2026-07-05T15:13:08.759319+00:00,165.2,23,ask,DiligentDonuts,Xuanyu Liu,8455405
2026-07-05T15:13:09.851596,2026-07-05T15:13:09.860027+00:00,164.9,50,ask,EarnestEspressos,FlawlessFlatbreads,8455425
2026-07-05T15:13:11.199494,2026-07-05T15:13:11.208003+00:00,165.1,12,bid,Xuanyu Liu,EarnestEspressos,8455451
2026-07-05T15:13:11.403860,2026-07-05T15:13:11.458657+00:00,165.1,48,bid,CostlyCorianders,EarnestEspressos,8455455
2026-07-05T15:13:11.458275,2026-07-05T15:13:11.468800+00:00,164.7,45,ask,DiligentDonuts,CostlyCorianders,8455457
2026-07-05T15:13:11.959377,2026-07-05T15:13:11.969430+00:00,164.7,50,ask,DiligentDonuts,FlawlessFlatbreads,8455469
2026-07-05T15:13:12.685040,2026-07-05T15:13:12.693730+00:00,164.9,14,bid,Xuanyu Liu,DiligentDonuts,8455477
2026-07-05T15:13:12.692669,2026-07-05T15:13:12.708923+00:00,164.9,47,bid,CostlyCorianders,DiligentDonuts,8455479
2026-07-05T15:13:14.065395,2026-07-05T15:13:14.076804+00:00,164.6,50,ask,EarnestEspressos,FlawlessFlatbreads,8455500
2026-07-05T15:13:16.171822,2026-07-05T15:13:16.182952+00:00,164.8,50,ask,DiligentDonuts,FlawlessFlatbreads,8455532
2026-07-05T15:13:22.440542,2026-07-05T15:13:22.458861+00:00,165.1,50,bid,FlawlessFlatbreads,EarnestEspressos,8455619
2026-07-05T15:13:23.967469,2026-07-05T15:13:23.979505+00:00,164.7,44,ask,DiligentDonuts,CostlyCorianders,8455631
2026-07-05T15:13:25.494687,2026-07-05T15:13:25.508791+00:00,164.9,49,bid,CostlyCorianders,DiligentDonuts,8455650
2026-07-05T15:13:26.525019,2026-07-05T15:13:26.536891+00:00,164.9,43,bid,CostlyCorianders,DiligentDonuts,8455668
2026-07-05T15:13:26.704211,2026-07-05T15:13:26.716230+00:00,164.7,50,ask,EarnestEspressos,FlawlessFlatbreads,8455670
2026-07-05T15:13:26.954811,2026-07-05T15:13:26.963950+00:00,164.9,8,bid,EarnestEspressos,DiligentDonuts,8455680
2026-07-05T15:13:28.813138,2026-07-05T15:13:28.820420+00:00,165.0,50,ask,EarnestEspressos,FlawlessFlatbreads,8455707
2026-07-05T15:13:30.919011,2026-07-05T15:13:30.930652+00:00,164.8,50,ask,DiligentDonuts,FlawlessFlatbreads,8455738
2026-07-05T15:13:31.822024,2026-07-05T15:13:31.831245+00:00,164.7,45,ask,DiligentDonuts,CostlyCorianders,8455751
2026-07-05T15:13:34.865484,2026-07-05T15:13:34.877513+00:00,164.5,44,ask,DiligentDonuts,CostlyCorianders,8455793
2026-07-05T15:13:35.136238,2026-07-05T15:13:35.148213+00:00,164.5,50,ask,DiligentDonuts,FlawlessFlatbreads,8455797
2026-07-05T15:13:35.955846,2026-07-05T15:13:35.971667+00:00,164.8,3,bid,Xuanyu Liu,EarnestEspressos,8455808
2026-07-05T15:13:35.956129,2026-07-05T15:13:35.971667+00:00,164.8,40,bid,CostlyCorianders,EarnestEspressos,8455809
2026-07-05T15:13:36.968804,2026-07-05T15:13:36.980515+00:00,164.8,43,ask,EarnestEspressos,CostlyCorianders,8455833
2026-07-05T15:13:37.243477,2026-07-05T15:13:37.255212+00:00,164.8,50,ask,EarnestEspressos,FlawlessFlatbreads,8455837
2026-07-05T15:13:39.350241,2026-07-05T15:13:39.361976+00:00,164.8,50,ask,EarnestEspressos,FlawlessFlatbreads,8455872
2026-07-05T15:13:39.659528,2026-07-05T15:13:39.668137+00:00,164.9,11,bid,Xuanyu Liu,EarnestEspressos,8455877
2026-07-05T15:13:41.457458,2026-07-05T15:13:41.468948+00:00,164.7,50,ask,DiligentDonuts,FlawlessFlatbreads,8455903
2026-07-05T15:13:42.170560,2026-07-05T15:13:42.182563+00:00,164.9,45,bid,CostlyCorianders,EarnestEspressos,8455910
2026-07-05T15:13:43.563999,2026-07-05T15:13:43.575670+00:00,164.7,50,ask,DiligentDonuts,FlawlessFlatbreads,8455929
2026-07-05T15:13:43.928398,2026-07-05T15:13:43.939034+00:00,165.1,47,bid,CostlyCorianders,EarnestEspressos,8455940
2026-07-05T15:13:44.095166,2026-07-05T15:13:44.104150+00:00,165.0,12,bid,Xuanyu Liu,DiligentDonuts,8455944
2026-07-05T15:13:45.673430,2026-07-05T15:13:45.681314+00:00,164.6,50,ask,EarnestEspressos,FlawlessFlatbreads,8455965
2026-07-05T15:13:47.728567,2026-07-05T15:13:47.736671+00:00,165.1,50,bid,FlawlessFlatbreads,DiligentDonuts,8455988
2026-07-05T15:13:49.820076,2026-07-05T15:13:49.831836+00:00,164.6,44,ask,DiligentDonuts,CostlyCorianders,8456011
2026-07-05T15:13:50.872303,2026-07-05T15:13:50.882725+00:00,164.9,49,bid,CostlyCorianders,DiligentDonuts,8456029
2026-07-05T15:13:51.494229,2026-07-05T15:13:51.501133+00:00,164.6,43,ask,EarnestEspressos,CostlyCorianders,8456036
2026-07-05T15:13:51.940432,2026-07-05T15:13:51.952207+00:00,164.9,50,bid,FlawlessFlatbreads,DiligentDonuts,8456047
2026-07-05T15:13:53.010901,2026-07-05T15:13:53.022719+00:00,164.4,45,ask,DiligentDonuts,CostlyCorianders,8456066
2026-07-05T15:13:54.048008,2026-07-05T15:13:54.059802+00:00,164.9,50,bid,FlawlessFlatbreads,EarnestEspressos,8456077
2026-07-05T15:13:54.115590,2026-07-05T15:13:54.127322+00:00,164.9,41,bid,CostlyCorianders,EarnestEspressos,8456078
2026-07-05T15:13:56.173434,2026-07-05T15:13:56.182775+00:00,165.2,50,bid,FlawlessFlatbreads,DiligentDonuts,8456116
2026-07-05T15:13:58.329782,2026-07-05T15:13:58.341579+00:00,164.8,50,ask,EarnestEspressos,FlawlessFlatbreads,8456141
2026-07-05T15:13:58.537786,2026-07-05T15:13:58.549638+00:00,164.8,47,ask,DiligentDonuts,CostlyCorianders,8456146
2026-07-05T15:14:00.985193,2026-07-05T15:14:00.996982+00:00,165.0,47,bid,CostlyCorianders,EarnestEspressos,8456191
2026-07-05T15:14:02.541796,2026-07-05T15:14:02.553613+00:00,164.7,50,ask,EarnestEspressos,FlawlessFlatbreads,8456206
2026-07-05T15:14:05.957143,2026-07-05T15:14:05.968831+00:00,164.7,44,ask,EarnestEspressos,CostlyCorianders,8456249
2026-07-05T15:14:06.752763,2026-07-05T15:14:06.752671+00:00,164.7,50,ask,EarnestEspressos,FlawlessFlatbreads,8456260
2026-07-05T15:14:08.035739,2026-07-05T15:14:08.044929+00:00,165.2,44,bid,CostlyCorianders,EarnestEspressos,8456274
2026-07-05T15:14:08.858813,2026-07-05T15:14:08.870414+00:00,164.7,50,ask,DiligentDonuts,FlawlessFlatbreads,8456290
2026-07-05T15:14:09.772559,2026-07-05T15:14:09.784417+00:00,164.8,43,bid,CostlyCorianders,EarnestEspressos,8456305
2026-07-05T15:14:10.410379,2026-07-05T15:14:10.418960+00:00,164.8,11,bid,Xuanyu Liu,EarnestEspressos,8456317
2026-07-05T15:14:10.972613,2026-07-05T15:14:10.980553+00:00,164.5,50,ask,DiligentDonuts,FlawlessFlatbreads,8456330
2026-07-05T15:14:13.037128,2026-07-05T15:14:13.044654+00:00,165.0,50,bid,FlawlessFlatbreads,DiligentDonuts,8456360
2026-07-05T15:14:13.223077,2026-07-05T15:14:13.230725+00:00,164.7,49,ask,EarnestEspressos,CostlyCorianders,8456365
2026-07-05T15:14:13.700618,2026-07-05T15:14:13.712576+00:00,164.7,40,ask,EarnestEspressos,CostlyCorianders,8456374
2026-07-05T15:14:15.146978,2026-07-05T15:14:15.154005+00:00,164.7,50,bid,FlawlessFlatbreads,EarnestEspressos,8456395
2026-07-05T15:14:15.158341,2026-07-05T15:14:15.169878+00:00,164.7,44,bid,CostlyCorianders,EarnestEspressos,8456396
2026-07-05T15:14:17.271050,2026-07-05T15:14:17.282951+00:00,164.4,47,ask,DiligentDonuts,CostlyCorianders,8456429
2026-07-05T15:14:18.305431,2026-07-05T15:14:18.313630+00:00,164.9,49,bid,CostlyCorianders,DiligentDonuts,8456443
2026-07-05T15:14:18.901704,2026-07-05T15:14:18.913889+00:00,164.7,41,ask,EarnestEspressos,CostlyCorianders,8456456
2026-07-05T15:14:19.355245,2026-07-05T15:14:19.364671+00:00,165.1,50,bid,FlawlessFlatbreads,DiligentDonuts,8456464
2026-07-05T15:14:19.942063,2026-07-05T15:14:19.958596+00:00,165.1,40,bid,CostlyCorianders,DiligentDonuts,8456470
2026-07-05T15:14:21.461468,2026-07-05T15:14:21.473141+00:00,165.0,50,bid,FlawlessFlatbreads,EarnestEspressos,8456494
2026-07-05T15:14:22.846474,2026-07-05T15:14:22.855210+00:00,164.7,23,ask,DiligentDonuts,Xuanyu Liu,8456508
2026-07-05T15:14:23.568356,2026-07-05T15:14:23.580347+00:00,165.0,50,bid,FlawlessFlatbreads,EarnestEspressos,8456522
2026-07-05T15:14:24.864947,2026-07-05T15:14:24.874784+00:00,164.7,11,ask,DiligentDonuts,Xuanyu Liu,8456542
2026-07-05T15:14:25.674497,2026-07-05T15:14:25.686219+00:00,165.0,50,bid,FlawlessFlatbreads,EarnestEspressos,8456553
2026-07-05T15:14:26.669540,2026-07-05T15:14:26.681385+00:00,164.7,45,ask,DiligentDonuts,CostlyCorianders,8456567
2026-07-05T15:14:27.833475,2026-07-05T15:14:27.845365+00:00,164.9,50,ask,EarnestEspressos,FlawlessFlatbreads,8456590
2026-07-05T15:14:28.308701,2026-07-05T15:14:28.317650+00:00,164.9,100,ask,EarnestEspressos,DiligentDonuts,8456596
2026-07-05T15:14:29.771731,2026-07-05T15:14:29.778897+00:00,165.4,40,bid,CostlyCorianders,EarnestEspressos,8456625
2026-07-05T15:14:29.889579,2026-07-05T15:14:29.899514+00:00,165.4,50,bid,FlawlessFlatbreads,EarnestEspressos,8456629
2026-07-05T15:14:31.996423,2026-07-05T15:14:32.005138+00:00,165.3,50,bid,FlawlessFlatbreads,EarnestEspressos,8456654
2026-07-05T15:14:32.360654,2026-07-05T15:14:32.372794+00:00,164.8,40,ask,EarnestEspressos,CostlyCorianders,8456658
2026-07-05T15:14:34.101158,2026-07-05T15:14:34.108903+00:00,165.3,50,bid,FlawlessFlatbreads,DiligentDonuts,8456679
2026-07-05T15:14:34.971176,2026-07-05T15:14:34.983338+00:00,165.2,40,bid,CostlyCorianders,DiligentDonuts,8456700
2026-07-05T15:14:36.207286,2026-07-05T15:14:36.214547+00:00,165.2,50,bid,FlawlessFlatbreads,DiligentDonuts,8456717
2026-07-05T15:14:37.986873,2026-07-05T15:14:37.995418+00:00,165.2,3,ask,DiligentDonuts,Xuanyu Liu,8456739
2026-07-05T15:14:38.315162,2026-07-05T15:14:38.326816+00:00,165.3,50,bid,FlawlessFlatbreads,EarnestEspressos,8456742
2026-07-05T15:14:38.460349,2026-07-05T15:14:38.472102+00:00,165.2,49,ask,DiligentDonuts,CostlyCorianders,8456744
2026-07-05T15:14:40.423408,2026-07-05T15:14:40.435236+00:00,165.5,50,bid,FlawlessFlatbreads,EarnestEspressos,8456769
2026-07-05T15:14:41.546123,2026-07-05T15:14:41.563641+00:00,165.1,41,ask,DiligentDonuts,CostlyCorianders,8456784
