timestamp,recv_time,price,volume,aggressor_side,buyer,seller,trade_id
2026-07-01T21:00:00.767300,2026-07-01T21:00:00.771618+00:00,87.1,50,ask,EarnestEspressos,FlawlessFlatbreads,2957473
2026-07-01T21:00:01.585366,2026-07-01T21:00:01.596943+00:00,87.2,41,bid,CostlyCorianders,EarnestEspressos,2957486
2026-07-01T21:00:02.889004,2026-07-01T21:00:02.896402+00:00,87.0,50,ask,DiligentDonuts,FlawlessFlatbreads,2957522
2026-07-01T21:00:03.692096,2026-07-01T21:00:03.698426+00:00,87.0,49,ask,DiligentDonuts,CostlyCorianders,2957542
2026-07-01T21:00:04.994872,2026-07-01T21:00:05.002850+00:00,86.9,50,ask,EarnestEspressos,FlawlessFlatbreads,2957562
2026-07-01T21:00:05.154688,2026-07-01T21:00:05.163677+00:00,87.3,45,bid,CostlyCorianders,DiligentDonuts,2957564
2026-07-01T21:00:06.267139,2026-07-01T21:00:06.278463+00:00,87.3,47,bid,CostlyCorianders,DiligentDonuts,2957575
2026-07-01T21:00:07.080729,2026-07-01T21:00:07.087423+00:00,87.3,8,bid,FlawlessFlatbreads,DiligentDonuts,2957604
2026-07-01T21:00:07.080729,2026-07-01T21:00:07.087423+00:00,87.3,42,bid,FlawlessFlatbreads,EarnestEspressos,2957605
2026-07-01T21:00:07.214733,2026-07-01T21:00:07.226444+00:00,87.1,4,ask,Kelvin Chan,CostlyCorianders,2957613
2026-07-01T21:00:07.214733,2026-07-01T21:00:07.226444+00:00,86.8,43,ask,DiligentDonuts,CostlyCorianders,2957614
2026-07-01T21:00:07.692466,2026-07-01T21:00:07.700931+00:00,86.8,47,ask,DiligentDonuts,CostlyCorianders,2957622
2026-07-01T21:00:09.189708,2026-07-01T21:00:09.263733+00:00,87.4,50,bid,FlawlessFlatbreads,DiligentDonuts,2957650
2026-07-01T21:00:10.859627,2026-07-01T21:00:10.869334+00:00,87.4,11,bid,Xuanyu Liu,DiligentDonuts,2957685
2026-07-01T21:00:11.296146,2026-07-01T21:00:11.303579+00:00,87.5,50,bid,FlawlessFlatbreads,EarnestEspressos,2957696
2026-07-01T21:00:11.618636,2026-07-01T21:00:11.625031+00:00,87.5,41,bid,CostlyCorianders,EarnestEspressos,2957704
2026-07-01T21:00:13.371649,2026-07-01T21:00:13.382984+00:00,87.3,40,ask,EarnestEspressos,CostlyCorianders,2957733
2026-07-01T21:00:13.403962,2026-07-01T21:00:13.414530+00:00,87.7,50,bid,FlawlessFlatbreads,DiligentDonuts,2957737
2026-07-01T21:00:15.509842,2026-07-01T21:00:15.521370+00:00,87.4,1,bid,FlawlessFlatbreads,Kelvin Chan,2957775
2026-07-01T21:00:15.509842,2026-07-01T21:00:15.521370+00:00,87.6,49,bid,FlawlessFlatbreads,DiligentDonuts,2957776
2026-07-01T21:00:17.092405,2026-07-01T21:00:17.104035+00:00,87.5,4,bid,CostlyCorianders,Kelvin Chan,2957813
2026-07-01T21:00:17.092405,2026-07-01T21:00:17.104035+00:00,87.6,41,bid,CostlyCorianders,DiligentDonuts,2957814
2026-07-01T21:00:17.668475,2026-07-01T21:00:17.676851+00:00,87.6,23,ask,DiligentDonuts,Xuanyu Liu,2957830
2026-07-01T21:00:17.678708,2026-07-01T21:00:17.692144+00:00,87.6,50,ask,DiligentDonuts,FlawlessFlatbreads,2957833
2026-07-01T21:00:18.200909,2026-07-01T21:00:18.212351+00:00,87.6,27,ask,DiligentDonuts,CostlyCorianders,2957845
2026-07-01T21:00:18.200909,2026-07-01T21:00:18.212351+00:00,87.2,13,ask,EarnestEspressos,CostlyCorianders,2957846
2026-07-01T21:00:18.774634,2026-07-01T21:00:18.785517+00:00,87.2,40,ask,EarnestEspressos,CostlyCorianders,2957860
2026-07-01T21:00:21.020370,2026-07-01T21:00:21.031607+00:00,87.5,1,bid,CostlyCorianders,Kelvin Chan,2957895
2026-07-01T21:00:21.020370,2026-07-01T21:00:21.031607+00:00,87.7,43,bid,CostlyCorianders,EarnestEspressos,2957896
2026-07-01T21:00:21.497035,2026-07-01T21:00:21.508453+00:00,87.5,1,bid,CostlyCorianders,Kelvin Chan,2957908
2026-07-01T21:00:21.497035,2026-07-01T21:00:21.508453+00:00,87.7,40,bid,CostlyCorianders,EarnestEspressos,2957909
2026-07-01T21:00:21.892488,2026-07-01T21:00:21.903788+00:00,87.3,50,ask,DiligentDonuts,FlawlessFlatbreads,2957917
2026-07-01T21:00:25.256121,2026-07-01T21:00:25.258563+00:00,87.3,2,ask,Kelvin Chan,CostlyCorianders,2957992
2026-07-01T21:00:25.256121,2026-07-01T21:00:25.269777+00:00,87.3,39,ask,EarnestEspressos,CostlyCorianders,2957993
2026-07-01T21:00:26.054099,2026-07-01T21:00:26.063653+00:00,87.6,1,bid,FlawlessFlatbreads,Kelvin Chan,2958006
2026-07-01T21:00:26.054099,2026-07-01T21:00:26.063653+00:00,87.6,49,bid,FlawlessFlatbreads,DiligentDonuts,2958007
2026-07-01T21:00:26.236019,2026-07-01T21:00:26.247347+00:00,87.6,40,bid,CostlyCorianders,DiligentDonuts,2958009
2026-07-01T21:00:28.161439,2026-07-01T21:00:28.170249+00:00,87.6,1,bid,FlawlessFlatbreads,Kelvin Chan,2958043
2026-07-01T21:00:28.161439,2026-07-01T21:00:28.170249+00:00,87.6,49,bid,FlawlessFlatbreads,EarnestEspressos,2958044
2026-07-01T21:00:30.267689,2026-07-01T21:00:30.274251+00:00,87.6,50,bid,FlawlessFlatbreads,EarnestEspressos,2958070
2026-07-01T21:00:30.757495,2026-07-01T21:00:30.765950+00:00,87.3,4,ask,Kelvin Chan,CostlyCorianders,2958079
2026-07-01T21:00:30.757495,2026-07-01T21:00:30.765950+00:00,87.2,41,ask,DiligentDonuts,CostlyCorianders,2958080
2026-07-01T21:00:31.329614,2026-07-01T21:00:31.340717+00:00,87.5,46,ask,EarnestEspressos,CostlyCorianders,2958092
2026-07-01T21:00:31.828813,2026-07-01T21:00:31.835365+00:00,87.6,1,bid,CostlyCorianders,Kelvin Chan,2958098
2026-07-01T21:00:31.828813,2026-07-01T21:00:31.840516+00:00,87.7,48,bid,CostlyCorianders,DiligentDonuts,2958099
2026-07-01T21:00:31.903101,2026-07-01T21:00:31.912456+00:00,87.5,11,ask,EarnestEspressos,Xuanyu Liu,2958100
2026-07-01T21:00:32.434060,2026-07-01T21:00:32.445413+00:00,87.5,50,ask,EarnestEspressos,FlawlessFlatbreads,2958113
2026-07-01T21:00:33.806980,2026-07-01T21:00:33.818414+00:00,87.5,43,ask,EarnestEspressos,CostlyCorianders,2958139
2026-07-01T21:00:33.806980,2026-07-01T21:00:33.818414+00:00,87.3,3,ask,Kelvin Chan,CostlyCorianders,2958140
2026-07-01T21:00:33.806980,2026-07-01T21:00:33.818414+00:00,87.2,3,ask,DiligentDonuts,CostlyCorianders,2958141
2026-07-01T21:00:34.333161,2026-07-01T21:00:34.343342+00:00,87.3,11,bid,Xuanyu Liu,EarnestEspressos,2958143
2026-07-01T21:00:34.489464,2026-07-01T21:00:34.501120+00:00,87.3,50,bid,FlawlessFlatbreads,EarnestEspressos,2958150
2026-07-01T21:00:36.109898,2026-07-01T21:00:36.121329+00:00,87.3,40,bid,CostlyCorianders,EarnestEspressos,2958178
2026-07-01T21:00:36.469001,2026-07-01T21:00:36.478731+00:00,87.3,2,bid,Kelvin Chan,EarnestEspressos,2958184
2026-07-01T21:00:36.523854,2026-07-01T21:00:36.532348+00:00,87.3,2,bid,Kelvin Chan,EarnestEspressos,2958185
2026-07-01T21:00:37.631655,2026-07-01T21:00:37.640069+00:00,87.3,1,ask,Kelvin Chan,Xuanyu Liu,2958206
2026-07-01T21:00:38.407970,2026-07-01T21:00:38.419253+00:00,87.1,43,ask,DiligentDonuts,CostlyCorianders,2958220
2026-07-01T21:00:38.559877,2026-07-01T21:00:38.573538+00:00,87.3,2,ask,Kelvin Chan,Xuanyu Liu,2958224
2026-07-01T21:00:38.616740,2026-07-01T21:00:38.625055+00:00,87.3,1,ask,Kelvin Chan,Xuanyu Liu,2958226
2026-07-01T21:00:38.757315,2026-07-01T21:00:38.768962+00:00,87.1,50,ask,DiligentDonuts,FlawlessFlatbreads,2958229
2026-07-01T21:00:39.699898,2026-07-01T21:00:39.708674+00:00,87.3,1,ask,Kelvin Chan,Xuanyu Liu,2958249
2026-07-01T21:00:40.808635,2026-07-01T21:00:40.819870+00:00,87.2,41,bid,CostlyCorianders,DiligentDonuts,2958273
2026-07-01T21:00:40.864237,2026-07-01T21:00:40.875657+00:00,87.0,50,ask,EarnestEspressos,FlawlessFlatbreads,2958274
2026-07-01T21:00:42.921185,2026-07-01T21:00:42.929318+00:00,87.2,50,bid,FlawlessFlatbreads,DiligentDonuts,2958314
2026-07-01T21:00:43.018908,2026-07-01T21:00:43.031749+00:00,87.5,45,bid,CostlyCorianders,EarnestEspressos,2958317
2026-07-01T21:00:43.511012,2026-07-01T21:00:43.522612+00:00,87.0,49,ask,EarnestEspressos,CostlyCorianders,2958321
2026-07-01T21:00:44.650718,2026-07-01T21:00:44.648002+00:00,87.0,41,ask,DiligentDonuts,CostlyCorianders,2958349
2026-07-01T21:00:45.077966,2026-07-01T21:00:45.088689+00:00,87.0,50,ask,DiligentDonuts,FlawlessFlatbreads,2958357
2026-07-01T21:00:47.136829,2026-07-01T21:00:47.145578+00:00,87.3,50,bid,FlawlessFlatbreads,DiligentDonuts,2958388
2026-07-01T21:00:49.614718,2026-07-01T21:00:49.626074+00:00,87.4,5,bid,CostlyCorianders,Kelvin Chan,2958433
2026-07-01T21:00:49.614718,2026-07-01T21:00:49.626074+00:00,87.4,38,bid,CostlyCorianders,EarnestEspressos,2958434
2026-07-01T21:00:53.452149,2026-07-01T21:00:53.469071+00:00,87.4,5,bid,FlawlessFlatbreads,Kelvin Chan,2958507
2026-07-01T21:00:53.452149,2026-07-01T21:00:53.469071+00:00,87.4,45,bid,FlawlessFlatbreads,DiligentDonuts,2958508
2026-07-01T21:00:56.011719,2026-07-01T21:00:56.023071+00:00,87.1,1,ask,Kelvin Chan,CostlyCorianders,2958562
2026-07-01T21:00:56.011719,2026-07-01T21:00:56.023071+00:00,87.1,46,ask,DiligentDonuts,CostlyCorianders,2958563
2026-07-01T21:00:56.491694,2026-07-01T21:00:56.503096+00:00,87.6,48,bid,CostlyCorianders,DiligentDonuts,2958570
2026-07-01T21:00:58.228889,2026-07-01T21:00:58.239716+00:00,87.4,4,bid,CostlyCorianders,Kelvin Chan,2958597
2026-07-01T21:00:58.228889,2026-07-01T21:00:58.239716+00:00,87.6,36,bid,CostlyCorianders,DiligentDonuts,2958598
2026-07-01T21:00:59.841619,2026-07-01T21:00:59.858614+00:00,87.2,50,ask,DiligentDonuts,FlawlessFlatbreads,2958627
2026-07-01T21:00:59.870864,2026-07-01T21:00:59.882128+00:00,87.2,40,ask,DiligentDonuts,CostlyCorianders,2958630
2026-07-01T21:01:01.634458,2026-07-01T21:01:01.645990+00:00,87.2,10,ask,DiligentDonuts,CostlyCorianders,2958658
2026-07-01T21:01:01.634458,2026-07-01T21:01:01.645990+00:00,87.1,1,ask,Kelvin Chan,CostlyCorianders,2958659
2026-07-01T21:01:01.949795,2026-07-01T21:01:01.958562+00:00,87.2,2,ask,Kelvin Chan,FlawlessFlatbreads,2958671
2026-07-01T21:01:01.949795,2026-07-01T21:01:01.968767+00:00,87.0,48,ask,EarnestEspressos,FlawlessFlatbreads,2958672
2026-07-01T21:01:02.267215,2026-07-01T21:01:02.274536+00:00,87.4,3,bid,CostlyCorianders,Kelvin Chan,2958689
2026-07-01T21:01:02.267215,2026-07-01T21:01:02.279765+00:00,87.5,40,bid,CostlyCorianders,EarnestEspressos,2958690
2026-07-01T21:01:04.096197,2026-07-01T21:01:04.107156+00:00,87.2,4,ask,Kelvin Chan,FlawlessFlatbreads,2958714
2026-07-01T21:01:04.096197,2026-07-01T21:01:04.107156+00:00,87.1,46,ask,EarnestEspressos,FlawlessFlatbreads,2958715
2026-07-01T21:01:05.644302,2026-07-01T21:01:05.663969+00:00,87.2,40,ask,DiligentDonuts,CostlyCorianders,2958750
2026-07-01T21:01:06.204672,2026-07-01T21:01:06.215556+00:00,87.2,50,ask,DiligentDonuts,FlawlessFlatbreads,2958761
2026-07-01T21:01:07.404070,2026-07-01T21:01:07.413409+00:00,87.5,47,bid,CostlyCorianders,EarnestEspressos,2958783
2026-07-01T21:01:08.311583,2026-07-01T21:01:08.322301+00:00,87.2,6,ask,Kelvin Chan,FlawlessFlatbreads,2958799
2026-07-01T21:01:08.311583,2026-07-01T21:01:08.322301+00:00,87.0,44,ask,EarnestEspressos,FlawlessFlatbreads,2958800
2026-07-01T21:01:08.364090,2026-07-01T21:01:08.374707+00:00,87.3,17,bid,Xuanyu Liu,DiligentDonuts,2958805
2026-07-01T21:01:09.911013,2026-07-01T21:01:09.920086+00:00,87.3,11,bid,Xuanyu Liu,DiligentDonuts,2958833
2026-07-01T21:01:10.432212,2026-07-01T21:01:10.443949+00:00,87.1,6,ask,Kelvin Chan,FlawlessFlatbreads,2958849
2026-07-01T21:01:10.432212,2026-07-01T21:01:10.443949+00:00,87.0,44,ask,EarnestEspressos,FlawlessFlatbreads,2958850
2026-07-01T21:01:11.064365,2026-07-01T21:01:11.071519+00:00,87.0,47,ask,EarnestEspressos,CostlyCorianders,2958853
2026-07-01T21:01:11.243319,2026-07-01T21:01:11.251479+00:00,87.3,3,bid,Xuanyu Liu,DiligentDonuts,2958859
2026-07-01T21:01:11.982444,2026-07-01T21:01:11.990240+00:00,87.4,49,bid,CostlyCorianders,DiligentDonuts,2958882
2026-07-01T21:01:12.557373,2026-07-01T21:01:12.564057+00:00,86.9,50,ask,DiligentDonuts,FlawlessFlatbreads,2958890
2026-07-01T21:01:12.571145,2026-07-01T21:01:12.579674+00:00,87.1,5,bid,Kelvin Chan,EarnestEspressos,2958891
2026-07-01T21:01:12.931692,2026-07-01T21:01:12.940785+00:00,87.1,46,bid,CostlyCorianders,EarnestEspressos,2958901
2026-07-01T21:01:12.986535,2026-07-01T21:01:12.994026+00:00,86.9,40,ask,DiligentDonuts,CostlyCorianders,2958903
2026-07-01T21:01:13.259845,2026-07-01T21:01:13.270925+00:00,87.1,5,bid,Kelvin Chan,EarnestEspressos,2958907
2026-07-01T21:01:14.283927,2026-07-01T21:01:14.294341+00:00,87.1,5,bid,Kelvin Chan,EarnestEspressos,2958930
2026-07-01T21:01:14.665193,2026-07-01T21:01:14.673928+00:00,86.7,50,ask,DiligentDonuts,FlawlessFlatbreads,2958937
2026-07-01T21:01:16.446706,2026-07-01T21:01:16.444631+00:00,87.0,4,ask,Kelvin Chan,CostlyCorianders,2958965
2026-07-01T21:01:16.446706,2026-07-01T21:01:16.444631+00:00,87.0,43,ask,EarnestEspressos,CostlyCorianders,2958966
2026-07-01T21:01:16.773499,2026-07-01T21:01:16.780302+00:00,87.0,50,ask,EarnestEspressos,FlawlessFlatbreads,2958975
2026-07-01T21:01:17.492102,2026-07-01T21:01:17.499753+00:00,87.2,45,bid,CostlyCorianders,DiligentDonuts,2958999
2026-07-01T21:01:18.636685,2026-07-01T21:01:18.658569+00:00,87.1,46,bid,CostlyCorianders,EarnestEspressos,2959023
2026-07-01T21:01:18.883042,2026-07-01T21:01:18.894842+00:00,87.0,5,ask,Kelvin Chan,FlawlessFlatbreads,2959031
2026-07-01T21:01:18.883042,2026-07-01T21:01:18.894842+00:00,87.0,45,ask,DiligentDonuts,FlawlessFlatbreads,2959032
2026-07-01T21:01:19.119080,2026-07-01T21:01:19.128619+00:00,87.1,3,bid,Xuanyu Liu,EarnestEspressos,2959037
2026-07-01T21:01:20.136918,2026-07-01T21:01:20.148393+00:00,87.1,42,bid,CostlyCorianders,EarnestEspressos,2959059
2026-07-01T21:01:20.940745,2026-07-01T21:01:20.948993+00:00,87.1,50,bid,FlawlessFlatbreads,EarnestEspressos,2959075
2026-07-01T21:01:21.746897,2026-07-01T21:01:21.754948+00:00,87.2,3,ask,EarnestEspressos,Xuanyu Liu,2959088
2026-07-01T21:01:21.856776,2026-07-01T21:01:21.857929+00:00,87.2,48,ask,EarnestEspressos,CostlyCorianders,2959091
2026-07-01T21:01:23.108058,2026-07-01T21:01:23.119882+00:00,87.2,50,ask,EarnestEspressos,FlawlessFlatbreads,2959128
2026-07-01T21:01:24.158945,2026-07-01T21:01:24.169180+00:00,87.2,49,ask,EarnestEspressos,DiligentDonuts,2959161
2026-07-01T21:01:25.216393,2026-07-01T21:01:25.225691+00:00,87.0,2,ask,Kelvin Chan,FlawlessFlatbreads,2959179
2026-07-01T21:01:25.216393,2026-07-01T21:01:25.225691+00:00,86.7,48,ask,DiligentDonuts,FlawlessFlatbreads,2959180
2026-07-01T21:01:25.416251,2026-07-01T21:01:25.427929+00:00,86.7,44,ask,DiligentDonuts,CostlyCorianders,2959183
2026-07-01T21:01:27.273001,2026-07-01T21:01:27.279718+00:00,87.1,50,bid,FlawlessFlatbreads,EarnestEspressos,2959217
2026-07-01T21:01:29.379337,2026-07-01T21:01:29.386751+00:00,87.1,50,bid,FlawlessFlatbreads,DiligentDonuts,2959263
2026-07-01T21:01:29.705490,2026-07-01T21:01:29.713397+00:00,86.8,42,ask,EarnestEspressos,CostlyCorianders,2959272
2026-07-01T21:01:31.521866,2026-07-01T21:01:31.533299+00:00,87.0,50,bid,FlawlessFlatbreads,DiligentDonuts,2959312
2026-07-01T21:01:32.168970,2026-07-01T21:01:32.180541+00:00,87.0,42,bid,CostlyCorianders,DiligentDonuts,2959318
2026-07-01T21:01:33.961279,2026-07-01T21:01:33.968743+00:00,87.0,49,bid,CostlyCorianders,EarnestEspressos,2959367
2026-07-01T21:01:35.822509,2026-07-01T21:01:35.832621+00:00,86.8,50,ask,DiligentDonuts,FlawlessFlatbreads,2959399
2026-07-01T21:01:36.119190,2026-07-01T21:01:36.128470+00:00,86.8,42,ask,DiligentDonuts,CostlyCorianders,2959408
2026-07-01T21:01:36.753152,2026-07-01T21:01:36.758601+00:00,86.7,41,ask,EarnestEspressos,CostlyCorianders,2959416
2026-07-01T21:01:38.814123,2026-07-01T21:01:38.821843+00:00,87.0,3,bid,Xuanyu Liu,EarnestEspressos,2959464
2026-07-01T21:01:39.913705,2026-07-01T21:01:39.925356+00:00,87.0,42,bid,CostlyCorianders,EarnestEspressos,2959488
2026-07-01T21:01:39.989544,2026-07-01T21:01:39.998993+00:00,87.0,50,bid,FlawlessFlatbreads,EarnestEspressos,2959489
2026-07-01T21:01:40.725357,2026-07-01T21:01:40.735647+00:00,87.0,3,ask,EarnestEspressos,Xuanyu Liu,2959501
2026-07-01T21:01:41.049873,2026-07-01T21:01:41.058575+00:00,87.0,41,ask,EarnestEspressos,CostlyCorianders,2959510
2026-07-01T21:01:42.095609,2026-07-01T21:01:42.106945+00:00,87.1,2,bid,FlawlessFlatbreads,Kelvin Chan,2959535
2026-07-01T21:01:42.095609,2026-07-01T21:01:42.106945+00:00,87.4,48,bid,FlawlessFlatbreads,DiligentDonuts,2959536
2026-07-01T21:01:43.446712,2026-07-01T21:01:43.463875+00:00,87.4,40,bid,CostlyCorianders,DiligentDonuts,2959562
2026-07-01T21:01:44.626944,2026-07-01T21:01:44.635275+00:00,87.4,10,bid,CostlyCorianders,DiligentDonuts,2959590
2026-07-01T21:01:44.626944,2026-07-01T21:01:44.635275+00:00,87.4,36,bid,CostlyCorianders,EarnestEspressos,2959591
2026-07-01T21:01:46.264448,2026-07-01T21:01:46.275947+00:00,87.2,4,bid,DiligentDonuts,Kelvin Chan,2959616
2026-07-01T21:01:46.339118,2026-07-01T21:01:46.350511+00:00,87.4,50,bid,FlawlessFlatbreads,DiligentDonuts,2959618
2026-07-01T21:01:46.681948,2026-07-01T21:01:46.690104+00:00,87.3,3,ask,DiligentDonuts,Xuanyu Liu,2959630
2026-07-01T21:01:47.348828,2026-07-01T21:01:47.363992+00:00,87.3,41,ask,DiligentDonuts,CostlyCorianders,2959648
2026-07-01T21:01:47.869731,2026-07-01T21:01:47.879718+00:00,87.3,45,ask,DiligentDonuts,CostlyCorianders,2959661
2026-07-01T21:01:48.536182,2026-07-01T21:01:48.544632+00:00,87.3,7,ask,DiligentDonuts,FlawlessFlatbreads,2959677
2026-07-01T21:01:48.536182,2026-07-01T21:01:48.544632+00:00,87.1,43,ask,EarnestEspressos,FlawlessFlatbreads,2959678
2026-07-01T21:01:52.068488,2026-07-01T21:01:52.079894+00:00,87.7,49,bid,CostlyCorianders,DiligentDonuts,2959743
2026-07-01T21:01:52.697101,2026-07-01T21:01:52.704613+00:00,87.7,50,bid,FlawlessFlatbreads,DiligentDonuts,2959756
2026-07-01T21:01:54.802662,2026-07-01T21:01:54.814114+00:00,87.4,2,bid,FlawlessFlatbreads,Kelvin Chan,2959792
2026-07-01T21:01:56.962867,2026-07-01T21:01:56.972176+00:00,87.3,50,ask,DiligentDonuts,FlawlessFlatbreads,2959827
2026-07-01T21:01:57.166272,2026-07-01T21:01:57.176009+00:00,87.3,23,ask,DiligentDonuts,Xuanyu Liu,2959832
2026-07-01T21:01:57.325573,2026-07-01T21:01:57.343886+00:00,87.5,4,bid,Xuanyu Liu,Kelvin Chan,2959839
2026-07-01T21:01:59.072473,2026-07-01T21:01:59.080552+00:00,87.2,50,ask,EarnestEspressos,FlawlessFlatbreads,2959885
2026-07-01T21:01:59.796563,2026-07-01T21:01:59.807483+00:00,87.5,8,bid,Xuanyu Liu,EarnestEspressos,2959898
2026-07-01T21:02:02.059124,2026-07-01T21:02:02.070701+00:00,87.5,49,bid,CostlyCorianders,EarnestEspressos,2959933
2026-07-01T21:02:02.749722,2026-07-01T21:02:02.759041+00:00,87.5,11,bid,Xuanyu Liu,EarnestEspressos,2959944
2026-07-01T21:02:03.285580,2026-07-01T21:02:03.297291+00:00,87.3,50,ask,EarnestEspressos,FlawlessFlatbreads,2959956
2026-07-01T21:02:04.109105,2026-07-01T21:02:04.116823+00:00,87.3,43,ask,EarnestEspressos,CostlyCorianders,2959976
2026-07-01T21:02:05.016829,2026-07-01T21:02:05.026097+00:00,87.5,2,bid,Xuanyu Liu,Kelvin Chan,2959993
2026-07-01T21:02:05.071718,2026-07-01T21:02:05.081326+00:00,87.5,1,bid,Xuanyu Liu,Kelvin Chan,2959995
2026-07-01T21:02:05.744139,2026-07-01T21:02:05.748485+00:00,87.3,45,ask,EarnestEspressos,CostlyCorianders,2960013
2026-07-01T21:02:06.258116,2026-07-01T21:02:06.269523+00:00,87.4,44,bid,CostlyCorianders,EarnestEspressos,2960028
2026-07-01T21:02:07.445434,2026-07-01T21:02:07.458651+00:00,87.4,50,bid,FlawlessFlatbreads,EarnestEspressos,2960044
2026-07-01T21:02:08.417985,2026-07-01T21:02:08.429469+00:00,87.4,56,bid,DiligentDonuts,EarnestEspressos,2960066
2026-07-01T21:02:10.604318,2026-07-01T21:02:10.612369+00:00,87.5,2,bid,CostlyCorianders,Kelvin Chan,2960104
2026-07-01T21:02:11.636488,2026-07-01T21:02:11.647709+00:00,87.4,100,ask,EarnestEspressos,DiligentDonuts,2960121
2026-07-01T21:02:13.658884,2026-07-01T21:02:13.670390+00:00,87.5,49,bid,CostlyCorianders,EarnestEspressos,2960165
2026-07-01T21:02:15.866513,2026-07-01T21:02:15.877959+00:00,87.6,5,bid,FlawlessFlatbreads,Kelvin Chan,2960202
2026-07-01T21:02:15.866513,2026-07-01T21:02:15.877959+00:00,87.8,45,bid,FlawlessFlatbreads,EarnestEspressos,2960203
2026-07-01T21:02:16.926646,2026-07-01T21:02:16.934162+00:00,87.4,48,ask,DiligentDonuts,CostlyCorianders,2960237
2026-07-01T21:02:18.031752,2026-07-01T21:02:18.043597+00:00,87.4,50,ask,DiligentDonuts,FlawlessFlatbreads,2960260
2026-07-01T21:02:18.641865,2026-07-01T21:02:18.658607+00:00,87.4,44,ask,DiligentDonuts,CostlyCorianders,2960269
2026-07-01T21:02:18.728792,2026-07-01T21:02:18.739250+00:00,87.6,2,bid,EarnestEspressos,Kelvin Chan,2960270
2026-07-01T21:02:20.087757,2026-07-01T21:02:20.099407+00:00,87.9,50,bid,FlawlessFlatbreads,DiligentDonuts,2960297
2026-07-01T21:02:20.778222,2026-07-01T21:02:20.786345+00:00,87.7,3,ask,EarnestEspressos,Xuanyu Liu,2960310
2026-07-01T21:02:22.195635,2026-07-01T21:02:22.207373+00:00,88.1,50,bid,FlawlessFlatbreads,DiligentDonuts,2960337
2026-07-01T21:02:23.028032,2026-07-01T21:02:23.039591+00:00,88.1,45,bid,CostlyCorianders,DiligentDonuts,2960355
2026-07-01T21:02:23.556418,2026-07-01T21:02:23.567814+00:00,87.8,46,ask,EarnestEspressos,CostlyCorianders,2960368
2026-07-01T21:02:24.303307,2026-07-01T21:02:24.312609+00:00,88.3,50,bid,FlawlessFlatbreads,EarnestEspressos,2960381
2026-07-01T21:02:27.684227,2026-07-01T21:02:27.695839+00:00,87.9,40,ask,EarnestEspressos,CostlyCorianders,2960444
2026-07-01T21:02:28.513074,2026-07-01T21:02:28.521043+00:00,88.2,50,bid,FlawlessFlatbreads,EarnestEspressos,2960461
2026-07-01T21:02:28.728424,2026-07-01T21:02:28.739885+00:00,88.2,47,bid,CostlyCorianders,EarnestEspressos,2960465
2026-07-01T21:02:30.620621,2026-07-01T21:02:30.630725+00:00,88.2,50,bid,FlawlessFlatbreads,EarnestEspressos,2960511
2026-07-01T21:02:30.798959,2026-07-01T21:02:30.809403+00:00,87.8,43,ask,DiligentDonuts,CostlyCorianders,2960516
2026-07-01T21:02:31.418050,2026-07-01T21:02:31.429289+00:00,88.3,100,bid,EarnestEspressos,DiligentDonuts,2960528
2026-07-01T21:02:31.479477,2026-07-01T21:02:31.487385+00:00,88.3,8,ask,EarnestEspressos,Xuanyu Liu,2960531
2026-07-01T21:02:31.488479,2026-07-01T21:02:31.496423+00:00,88.3,3,ask,EarnestEspressos,Xuanyu Liu,2960533
2026-07-01T21:02:32.460728,2026-07-01T21:02:32.470552+00:00,88.3,10,ask,EarnestEspressos,Xuanyu Liu,2960558
2026-07-01T21:02:32.570116,2026-07-01T21:02:32.579010+00:00,88.3,25,ask,EarnestEspressos,Xuanyu Liu,2960564
2026-07-01T21:02:32.777031,2026-07-01T21:02:32.788422+00:00,88.3,4,ask,EarnestEspressos,FlawlessFlatbreads,2960577
2026-07-01T21:02:34.639158,2026-07-01T21:02:34.647861+00:00,88.1,23,bid,Xuanyu Liu,EarnestEspressos,2960605
2026-07-01T21:02:34.923226,2026-07-01T21:02:34.934381+00:00,87.8,50,ask,DiligentDonuts,FlawlessFlatbreads,2960609
2026-07-01T21:02:35.189544,2026-07-01T21:02:35.197808+00:00,88.1,23,bid,Xuanyu Liu,EarnestEspressos,2960615
2026-07-01T21:02:36.979524,2026-07-01T21:02:36.990841+00:00,88.1,50,bid,FlawlessFlatbreads,EarnestEspressos,2960634
2026-07-01T21:02:38.215369,2026-07-01T21:02:38.226951+00:00,88.5,47,bid,CostlyCorianders,DiligentDonuts,2960649
2026-07-01T21:02:39.090726,2026-07-01T21:02:39.100205+00:00,88.5,50,bid,FlawlessFlatbreads,DiligentDonuts,2960655
2026-07-01T21:02:41.701220,2026-07-01T21:02:41.710009+00:00,88.2,49,ask,DiligentDonuts,CostlyCorianders,2960703
2026-07-01T21:02:42.270527,2026-07-01T21:02:42.280143+00:00,88.5,4,bid,CostlyCorianders,Kelvin Chan,2960711
2026-07-01T21:02:42.270527,2026-07-01T21:02:42.280143+00:00,88.7,42,bid,CostlyCorianders,DiligentDonuts,2960712
2026-07-01T21:02:43.260129,2026-07-01T21:02:43.271671+00:00,88.2,40,ask,EarnestEspressos,CostlyCorianders,2960730
2026-07-01T21:02:43.392051,2026-07-01T21:02:43.405115+00:00,88.2,50,ask,EarnestEspressos,FlawlessFlatbreads,2960736
2026-07-01T21:02:43.932895,2026-07-01T21:02:43.941512+00:00,88.2,11,ask,EarnestEspressos,Xuanyu Liu,2960742
2026-07-01T21:02:44.134722,2026-07-01T21:02:44.146286+00:00,88.2,100,ask,DiligentDonuts,EarnestEspressos,2960745
2026-07-01T21:02:45.503528,2026-07-01T21:02:45.509830+00:00,87.7,50,ask,EarnestEspressos,FlawlessFlatbreads,2960766
2026-07-01T21:02:46.856338,2026-07-01T21:02:46.858005+00:00,88.2,40,bid,CostlyCorianders,EarnestEspressos,2960793
2026-07-01T21:02:47.332187,2026-07-01T21:02:47.343598+00:00,87.8,46,ask,DiligentDonuts,CostlyCorianders,2960805
2026-07-01T21:02:47.621480,2026-07-01T21:02:47.632771+00:00,87.8,50,ask,DiligentDonuts,FlawlessFlatbreads,2960813
2026-07-01T21:02:48.410750,2026-07-01T21:02:48.422187+00:00,88.3,47,bid,CostlyCorianders,DiligentDonuts,2960835
2026-07-01T21:02:48.892616,2026-07-01T21:02:48.903296+00:00,87.8,4,ask,DiligentDonuts,CostlyCorianders,2960850
2026-07-01T21:02:48.892616,2026-07-01T21:02:48.903296+00:00,87.8,38,ask,EarnestEspressos,CostlyCorianders,2960851
2026-07-01T21:02:49.727622,2026-07-01T21:02:49.735667+00:00,87.8,50,ask,EarnestEspressos,FlawlessFlatbreads,2960866
2026-07-01T21:02:51.843010,2026-07-01T21:02:51.843067+00:00,87.7,50,ask,DiligentDonuts,FlawlessFlatbreads,2960909
2026-07-01T21:02:51.870820,2026-07-01T21:02:51.879594+00:00,88.0,11,bid,Xuanyu Liu,EarnestEspressos,2960911
2026-07-01T21:02:53.022450,2026-07-01T21:02:53.058976+00:00,87.8,40,bid,CostlyCorianders,DiligentDonuts,2960930
2026-07-01T21:02:53.949090,2026-07-01T21:02:53.963898+00:00,87.5,50,ask,EarnestEspressos,FlawlessFlatbreads,2960939
2026-07-01T21:02:54.015321,2026-07-01T21:02:54.026708+00:00,87.8,40,bid,CostlyCorianders,DiligentDonuts,2960941
2026-07-01T21:02:56.058342,2026-07-01T21:02:56.068685+00:00,87.6,50,ask,DiligentDonuts,FlawlessFlatbreads,2960964
2026-07-01T21:02:57.319351,2026-07-01T21:02:57.335301+00:00,87.6,43,ask,DiligentDonuts,CostlyCorianders,2961000
2026-07-01T21:02:58.164530,2026-07-01T21:02:58.176281+00:00,87.6,7,ask,DiligentDonuts,FlawlessFlatbreads,2961014
2026-07-01T21:02:58.164530,2026-07-01T21:02:58.176281+00:00,87.4,43,ask,EarnestEspressos,FlawlessFlatbreads,2961015
2026-07-01T21:02:58.217270,2026-07-01T21:02:58.224792+00:00,87.9,43,bid,CostlyCorianders,EarnestEspressos,2961020
2026-07-01T21:03:00.145757,2026-07-01T21:03:00.164095+00:00,87.8,3,bid,Xuanyu Liu,DiligentDonuts,2961065
2026-07-01T21:03:00.289560,2026-07-01T21:03:00.297412+00:00,87.4,50,ask,EarnestEspressos,FlawlessFlatbreads,2961068
2026-07-01T21:03:00.427791,2026-07-01T21:03:00.439370+00:00,87.4,46,ask,EarnestEspressos,CostlyCorianders,2961071
2026-07-01T21:03:03.127471,2026-07-01T21:03:03.137839+00:00,87.4,3,bid,Xuanyu Liu,EarnestEspressos,2961128
2026-07-01T21:03:04.456880,2026-07-01T21:03:04.463756+00:00,87.4,50,bid,FlawlessFlatbreads,EarnestEspressos,2961158
2026-07-01T21:03:05.349269,2026-07-01T21:03:05.358554+00:00,87.4,42,bid,CostlyCorianders,EarnestEspressos,2961173
2026-07-01T21:03:05.911337,2026-07-01T21:03:05.922647+00:00,87.4,45,bid,CostlyCorianders,EarnestEspressos,2961192
2026-07-01T21:03:06.635341,2026-07-01T21:03:06.642479+00:00,87.5,50,ask,EarnestEspressos,FlawlessFlatbreads,2961203
2026-07-01T21:03:07.075382,2026-07-01T21:03:07.084522+00:00,87.5,48,ask,EarnestEspressos,CostlyCorianders,2961208
2026-07-01T21:03:07.634141,2026-07-01T21:03:07.642727+00:00,87.5,42,ask,EarnestEspressos,CostlyCorianders,2961223
2026-07-01T21:03:08.216542,2026-07-01T21:03:08.227864+00:00,87.8,47,bid,CostlyCorianders,DiligentDonuts,2961238
2026-07-01T21:03:08.755296,2026-07-01T21:03:08.769432+00:00,87.5,10,ask,EarnestEspressos,FlawlessFlatbreads,2961246
2026-07-01T21:03:08.755296,2026-07-01T21:03:08.769432+00:00,87.4,40,ask,DiligentDonuts,FlawlessFlatbreads,2961247
2026-07-01T21:03:09.472253,2026-07-01T21:03:09.483952+00:00,87.4,60,ask,DiligentDonuts,EarnestEspressos,2961260
2026-07-01T21:03:09.768046,2026-07-01T21:03:09.779162+00:00,87.4,5,bid,Kelvin Chan,EarnestEspressos,2961261
2026-07-01T21:03:10.179223,2026-07-01T21:03:10.190563+00:00,87.4,4,bid,Kelvin Chan,EarnestEspressos,2961272
2026-07-01T21:03:12.790654,2026-07-01T21:03:12.802323+00:00,87.5,45,bid,CostlyCorianders,DiligentDonuts,2961318
2026-07-01T21:03:12.923991,2026-07-01T21:03:12.935691+00:00,87.5,50,bid,FlawlessFlatbreads,DiligentDonuts,2961321
2026-07-01T21:03:13.809767,2026-07-01T21:03:13.821284+00:00,87.1,43,ask,EarnestEspressos,CostlyCorianders,2961341
2026-07-01T21:03:15.812900,2026-07-01T21:03:15.824365+00:00,87.3,100,ask,DiligentDonuts,EarnestEspressos,2961370
2026-07-01T21:03:15.903334,2026-07-01T21:03:15.914110+00:00,87.3,2,bid,Kelvin Chan,EarnestEspressos,2961372
2026-07-01T21:03:16.002875,2026-07-01T21:03:16.014419+00:00,87.3,2,bid,Kelvin Chan,EarnestEspressos,2961374
2026-07-01T21:03:17.157016,2026-07-01T21:03:17.163861+00:00,87.3,46,bid,FlawlessFlatbreads,EarnestEspressos,2961392
2026-07-01T21:03:18.771290,2026-07-01T21:03:18.779626+00:00,87.4,40,bid,CostlyCorianders,DiligentDonuts,2961435
2026-07-01T21:03:18.924655,2026-07-01T21:03:18.936390+00:00,87.4,60,bid,EarnestEspressos,DiligentDonuts,2961438
2026-07-01T21:03:18.924655,2026-07-01T21:03:18.936390+00:00,87.6,4,bid,EarnestEspressos,Kelvin Chan,2961439
2026-07-01T21:03:18.995716,2026-07-01T21:03:19.003881+00:00,87.6,3,ask,EarnestEspressos,Xuanyu Liu,2961440
2026-07-01T21:03:19.319625,2026-07-01T21:03:19.328474+00:00,87.6,50,ask,EarnestEspressos,FlawlessFlatbreads,2961445
2026-07-01T21:03:19.892703,2026-07-01T21:03:19.900969+00:00,87.6,3,ask,EarnestEspressos,Xuanyu Liu,2961469
2026-07-01T21:03:21.025955,2026-07-01T21:03:21.034264+00:00,87.6,4,ask,EarnestEspressos,Kelvin Chan,2961486
2026-07-01T21:03:21.113083,2026-07-01T21:03:21.121394+00:00,87.7,3,bid,Xuanyu Liu,Kelvin Chan,2961487
2026-07-01T21:03:22.173038,2026-07-01T21:03:22.184261+00:00,87.4,45,ask,DiligentDonuts,CostlyCorianders,2961511
2026-07-01T21:03:23.306236,2026-07-01T21:03:23.317476+00:00,87.4,41,ask,DiligentDonuts,CostlyCorianders,2961531
2026-07-01T21:03:23.479760,2026-07-01T21:03:23.491133+00:00,87.8,50,bid,FlawlessFlatbreads,EarnestEspressos,2961532
2026-07-01T21:03:25.585762,2026-07-01T21:03:25.591868+00:00,87.8,50,bid,FlawlessFlatbreads,DiligentDonuts,2961580
2026-07-01T21:03:27.557387,2026-07-01T21:03:27.568884+00:00,87.8,43,bid,CostlyCorianders,EarnestEspressos,2961619
2026-07-01T21:03:27.693544,2026-07-01T21:03:27.704854+00:00,87.8,50,bid,FlawlessFlatbreads,EarnestEspressos,2961621
2026-07-01T21:03:29.802752,2026-07-01T21:03:29.814281+00:00,88.0,50,bid,FlawlessFlatbreads,DiligentDonuts,2961665
2026-07-01T21:03:31.685091,2026-07-01T21:03:31.696369+00:00,87.8,3,ask,EarnestEspressos,Xuanyu Liu,2961702
2026-07-01T21:03:31.961668,2026-07-01T21:03:31.973362+00:00,87.8,50,ask,EarnestEspressos,FlawlessFlatbreads,2961719
2026-07-01T21:03:33.886511,2026-07-01T21:03:33.898014+00:00,87.8,97,ask,EarnestEspressos,DiligentDonuts,2961758
2026-07-01T21:03:34.070062,2026-07-01T21:03:34.081633+00:00,87.3,50,ask,DiligentDonuts,FlawlessFlatbreads,2961759
2026-07-01T21:03:34.305798,2026-07-01T21:03:34.314457+00:00,87.8,3,bid,Xuanyu Liu,DiligentDonuts,2961765
2026-07-01T21:03:35.391761,2026-07-01T21:03:35.401617+00:00,87.7,41,bid,CostlyCorianders,EarnestEspressos,2961784
2026-07-01T21:03:35.902875,2026-07-01T21:03:35.911942+00:00,87.3,45,ask,DiligentDonuts,CostlyCorianders,2961797
2026-07-01T21:03:37.962220,2026-07-01T21:03:37.970959+00:00,87.5,46,ask,DiligentDonuts,CostlyCorianders,2961841
2026-07-01T21:03:38.286149,2026-07-01T21:03:38.296347+00:00,87.5,50,ask,DiligentDonuts,FlawlessFlatbreads,2961854
2026-07-01T21:03:40.392526,2026-07-01T21:03:40.403849+00:00,87.2,50,ask,EarnestEspressos,FlawlessFlatbreads,2961894
2026-07-01T21:03:42.498791,2026-07-01T21:03:42.507065+00:00,87.2,50,ask,DiligentDonuts,FlawlessFlatbreads,2961933
2026-07-01T21:03:42.762276,2026-07-01T21:03:42.773985+00:00,87.6,49,bid,CostlyCorianders,EarnestEspressos,2961947
2026-07-01T21:03:43.658251,2026-07-01T21:03:43.664684+00:00,87.4,5,bid,Kelvin Chan,DiligentDonuts,2961965
2026-07-01T21:03:43.703781,2026-07-01T21:03:43.710203+00:00,87.4,5,bid,Kelvin Chan,DiligentDonuts,2961967
2026-07-01T21:03:44.562559,2026-07-01T21:03:44.570499+00:00,87.4,50,bid,FlawlessFlatbreads,DiligentDonuts,2961981
2026-07-01T21:03:45.619465,2026-07-01T21:03:45.630759+00:00,87.2,48,ask,EarnestEspressos,CostlyCorianders,2962001
2026-07-01T21:03:45.717094,2026-07-01T21:03:45.724034+00:00,87.4,6,bid,Kelvin Chan,DiligentDonuts,2962002
2026-07-01T21:03:46.647290,2026-07-01T21:03:46.653494+00:00,87.5,46,bid,CostlyCorianders,DiligentDonuts,2962027
2026-07-01T21:03:46.668788,2026-07-01T21:03:46.677456+00:00,87.5,50,bid,FlawlessFlatbreads,DiligentDonuts,2962028
2026-07-01T21:03:47.462236,2026-07-01T21:03:47.471526+00:00,87.3,3,bid,Xuanyu Liu,EarnestEspressos,2962048
2026-07-01T21:03:48.783651,2026-07-01T21:03:48.790213+00:00,87.3,50,bid,FlawlessFlatbreads,EarnestEspressos,2962073
2026-07-01T21:03:49.671457,2026-07-01T21:03:49.682894+00:00,87.3,97,bid,DiligentDonuts,EarnestEspressos,2962089
2026-07-01T21:03:50.087088,2026-07-01T21:03:50.096057+00:00,87.4,3,ask,DiligentDonuts,Xuanyu Liu,2962105
2026-07-01T21:03:50.888543,2026-07-01T21:03:50.899140+00:00,87.8,50,bid,FlawlessFlatbreads,EarnestEspressos,2962113
2026-07-01T21:03:52.199075,2026-07-01T21:03:52.205993+00:00,87.6,1,bid,CostlyCorianders,Kelvin Chan,2962128
2026-07-01T21:03:52.199075,2026-07-01T21:03:52.211525+00:00,87.8,47,bid,CostlyCorianders,EarnestEspressos,2962129
2026-07-01T21:03:53.045199,2026-07-01T21:03:53.063643+00:00,87.3,50,ask,EarnestEspressos,FlawlessFlatbreads,2962143
2026-07-01T21:03:53.640126,2026-07-01T21:03:53.658786+00:00,87.3,44,ask,EarnestEspressos,CostlyCorianders,2962155
2026-07-01T21:03:53.721947,2026-07-01T21:03:53.733304+00:00,87.5,100,bid,EarnestEspressos,DiligentDonuts,2962156
2026-07-01T21:03:57.207848,2026-07-01T21:03:57.216979+00:00,87.6,50,bid,FlawlessFlatbreads,EarnestEspressos,2962234
2026-07-01T21:04:00.605642,2026-07-01T21:04:00.619315+00:00,87.3,1,ask,Kelvin Chan,CostlyCorianders,2962299
2026-07-01T21:04:00.605642,2026-07-01T21:04:00.619315+00:00,87.2,46,ask,DiligentDonuts,CostlyCorianders,2962300
2026-07-01T21:04:01.484587,2026-07-01T21:04:01.493788+00:00,87.2,50,ask,DiligentDonuts,FlawlessFlatbreads,2962319
2026-07-01T21:04:02.625142,2026-07-01T21:04:02.633879+00:00,87.5,40,bid,CostlyCorianders,DiligentDonuts,2962346
2026-07-01T21:04:03.591333,2026-07-01T21:04:03.602592+00:00,87.2,50,ask,EarnestEspressos,FlawlessFlatbreads,2962371
2026-07-01T21:04:05.711903,2026-07-01T21:04:05.723210+00:00,87.2,50,ask,EarnestEspressos,FlawlessFlatbreads,2962405
2026-07-01T21:04:06.275302,2026-07-01T21:04:06.285207+00:00,87.2,45,ask,EarnestEspressos,CostlyCorianders,2962421
2026-07-01T21:04:06.438856,2026-07-01T21:04:06.464054+00:00,87.2,6,bid,Kelvin Chan,EarnestEspressos,2962424
2026-07-01T21:04:06.451482,2026-07-01T21:04:06.464054+00:00,87.2,3,bid,Xuanyu Liu,EarnestEspressos,2962426
2026-07-01T21:04:06.589688,2026-07-01T21:04:06.596271+00:00,87.2,6,bid,Kelvin Chan,EarnestEspressos,2962435
2026-07-01T21:04:07.330516,2026-07-01T21:04:07.337632+00:00,87.2,48,bid,CostlyCorianders,EarnestEspressos,2962444
2026-07-01T21:04:07.631382,2026-07-01T21:04:07.640902+00:00,87.2,5,bid,Kelvin Chan,EarnestEspressos,2962448
2026-07-01T21:04:07.817816,2026-07-01T21:04:07.829137+00:00,87.1,50,ask,DiligentDonuts,FlawlessFlatbreads,2962458
2026-07-01T21:04:09.938157,2026-07-01T21:04:09.946323+00:00,86.9,50,ask,DiligentDonuts,FlawlessFlatbreads,2962490
2026-07-01T21:04:11.107983,2026-07-01T21:04:11.126023+00:00,87.2,3,ask,Kelvin Chan,Xuanyu Liu,2962521
2026-07-01T21:04:11.520873,2026-07-01T21:04:11.532663+00:00,87.4,47,bid,CostlyCorianders,DiligentDonuts,2962529
2026-07-01T21:04:12.047317,2026-07-01T21:04:12.063954+00:00,86.9,50,ask,EarnestEspressos,FlawlessFlatbreads,2962534
2026-07-01T21:04:13.854754,2026-07-01T21:04:13.856446+00:00,87.1,5,bid,Kelvin Chan,EarnestEspressos,2962566
2026-07-01T21:04:14.172564,2026-07-01T21:04:14.180905+00:00,86.8,50,ask,DiligentDonuts,FlawlessFlatbreads,2962571
2026-07-01T21:04:14.535366,2026-07-01T21:04:14.545308+00:00,87.1,5,bid,Kelvin Chan,EarnestEspressos,2962575
2026-07-01T21:04:15.058721,2026-07-01T21:04:15.068769+00:00,87.0,5,ask,Kelvin Chan,CostlyCorianders,2962582
2026-07-01T21:04:15.058721,2026-07-01T21:04:15.068769+00:00,86.6,39,ask,EarnestEspressos,CostlyCorianders,2962583
2026-07-01T21:04:15.613382,2026-07-01T21:04:15.625250+00:00,86.6,49,ask,EarnestEspressos,CostlyCorianders,2962596
2026-07-01T21:04:15.935804,2026-07-01T21:04:15.944792+00:00,86.6,100,ask,DiligentDonuts,EarnestEspressos,2962597
2026-07-01T21:04:15.959656,2026-07-01T21:04:15.972805+00:00,86.6,10,bid,Xuanyu Liu,EarnestEspressos,2962599
2026-07-01T21:04:15.973962,2026-07-01T21:04:15.983859+00:00,86.6,16,bid,Xuanyu Liu,EarnestEspressos,2962601
2026-07-01T21:04:16.459727,2026-07-01T21:04:16.468008+00:00,86.6,9,bid,Xuanyu Liu,EarnestEspressos,2962611
2026-07-01T21:04:16.696312,2026-07-01T21:04:16.715542+00:00,86.6,2,bid,Xuanyu Liu,EarnestEspressos,2962617
2026-07-01T21:04:17.631935,2026-07-01T21:04:17.641199+00:00,86.6,6,bid,Kelvin Chan,EarnestEspressos,2962642
2026-07-01T21:04:17.955490,2026-07-01T21:04:17.967241+00:00,86.6,7,bid,CostlyCorianders,EarnestEspressos,2962648
2026-07-01T21:04:17.955490,2026-07-01T21:04:17.967241+00:00,87.1,34,bid,CostlyCorianders,DiligentDonuts,2962649
2026-07-01T21:04:18.333923,2026-07-01T21:04:18.345333+00:00,86.7,50,bid,FlawlessFlatbreads,DiligentDonuts,2962656
2026-07-01T21:04:19.571819,2026-07-01T21:04:19.580278+00:00,86.7,40,bid,CostlyCorianders,DiligentDonuts,2962682
2026-07-01T21:04:19.830882,2026-07-01T21:04:19.842414+00:00,86.7,5,bid,Kelvin Chan,DiligentDonuts,2962687
2026-07-01T21:04:20.305090,2026-07-01T21:04:20.313241+00:00,86.6,11,ask,EarnestEspressos,Xuanyu Liu,2962705
2026-07-01T21:04:20.442016,2026-07-01T21:04:20.458631+00:00,86.7,5,bid,FlawlessFlatbreads,DiligentDonuts,2962711
2026-07-01T21:04:20.442016,2026-07-01T21:04:20.458631+00:00,87.1,45,bid,FlawlessFlatbreads,EarnestEspressos,2962712
2026-07-01T21:04:22.551161,2026-07-01T21:04:22.563641+00:00,87.1,50,bid,FlawlessFlatbreads,DiligentDonuts,2962763
2026-07-01T21:04:22.919788,2026-07-01T21:04:22.928942+00:00,86.9,12,ask,EarnestEspressos,Xuanyu Liu,2962773
2026-07-01T21:04:24.717164,2026-07-01T21:04:24.728658+00:00,86.9,50,ask,EarnestEspressos,FlawlessFlatbreads,2962807
2026-07-01T21:04:25.668722,2026-07-01T21:04:25.679990+00:00,86.8,43,ask,DiligentDonuts,CostlyCorianders,2962826
2026-07-01T21:04:26.836684,2026-07-01T21:04:26.845215+00:00,86.8,50,ask,DiligentDonuts,FlawlessFlatbreads,2962841
2026-07-01T21:04:30.597809,2026-07-01T21:04:30.604504+00:00,87.2,41,bid,CostlyCorianders,DiligentDonuts,2962896
2026-07-01T21:04:31.156066,2026-07-01T21:04:31.145693+00:00,86.8,40,ask,DiligentDonuts,CostlyCorianders,2962903
2026-07-01T21:04:33.154954,2026-07-01T21:04:33.166360+00:00,86.8,50,ask,DiligentDonuts,FlawlessFlatbreads,2962941
2026-07-01T21:04:34.722517,2026-07-01T21:04:34.736786+00:00,86.9,44,bid,CostlyCorianders,DiligentDonuts,2962969
2026-07-01T21:04:34.746245,2026-07-01T21:04:34.766996+00:00,86.9,12,bid,Xuanyu Liu,DiligentDonuts,2962971
2026-07-01T21:04:35.264703,2026-07-01T21:04:35.273439+00:00,86.8,50,ask,EarnestEspressos,FlawlessFlatbreads,2962979
2026-07-01T21:04:35.287387,2026-07-01T21:04:35.299244+00:00,86.8,44,ask,EarnestEspressos,CostlyCorianders,2962980
2026-07-01T21:04:37.558975,2026-07-01T21:04:37.570676+00:00,87.0,4,bid,CostlyCorianders,Kelvin Chan,2963023
2026-07-01T21:04:37.558975,2026-07-01T21:04:37.570676+00:00,87.2,36,bid,CostlyCorianders,DiligentDonuts,2963024
2026-07-01T21:04:39.425056,2026-07-01T21:04:39.436615+00:00,87.0,2,bid,FlawlessFlatbreads,Kelvin Chan,2963057
2026-07-01T21:04:39.425056,2026-07-01T21:04:39.436615+00:00,87.1,48,bid,FlawlessFlatbreads,EarnestEspressos,2963058
2026-07-01T21:04:39.451829,2026-07-01T21:04:39.457985+00:00,86.7,41,ask,DiligentDonuts,CostlyCorianders,2963059
2026-07-01T21:04:41.533083,2026-07-01T21:04:41.544359+00:00,87.2,50,bid,FlawlessFlatbreads,EarnestEspressos,2963105
2026-07-01T21:04:43.639978,2026-07-01T21:04:43.658731+00:00,87.2,50,bid,FlawlessFlatbreads,EarnestEspressos,2963156
2026-07-01T21:04:45.364516,2026-07-01T21:04:45.372090+00:00,87.1,4,ask,EarnestEspressos,Kelvin Chan,2963178
2026-07-01T21:04:45.744792,2026-07-01T21:04:45.763992+00:00,87.2,50,bid,FlawlessFlatbreads,DiligentDonuts,2963192
2026-07-01T21:04:45.906681,2026-07-01T21:04:45.918072+00:00,87.2,43,bid,CostlyCorianders,DiligentDonuts,2963195
2026-07-01T21:04:46.791256,2026-07-01T21:04:46.802500+00:00,87.2,47,ask,DiligentDonuts,CostlyCorianders,2963213
2026-07-01T21:04:47.870605,2026-07-01T21:04:47.880929+00:00,87.2,23,ask,DiligentDonuts,Xuanyu Liu,2963238
2026-07-01T21:04:47.908359,2026-07-01T21:04:47.916445+00:00,87.2,30,ask,DiligentDonuts,FlawlessFlatbreads,2963243
2026-07-01T21:04:47.908359,2026-07-01T21:04:47.916445+00:00,87.2,20,ask,EarnestEspressos,FlawlessFlatbreads,2963244
2026-07-01T21:04:48.350437,2026-07-01T21:04:48.363639+00:00,87.7,41,bid,CostlyCorianders,DiligentDonuts,2963257
2026-07-01T21:04:49.965234,2026-07-01T21:04:49.972997+00:00,87.3,50,bid,FlawlessFlatbreads,DiligentDonuts,2963278
2026-07-01T21:04:50.074724,2026-07-01T21:04:50.085290+00:00,87.2,46,ask,EarnestEspressos,CostlyCorianders,2963280
2026-07-01T21:04:52.071621,2026-07-01T21:04:52.082851+00:00,87.3,50,bid,FlawlessFlatbreads,DiligentDonuts,2963313
2026-07-01T21:04:52.075983,2026-07-01T21:04:52.082851+00:00,87.3,49,bid,CostlyCorianders,EarnestEspressos,2963314
2026-07-01T21:04:53.130990,2026-07-01T21:04:53.138829+00:00,87.2,3,ask,DiligentDonuts,Xuanyu Liu,2963352
2026-07-01T21:04:54.230681,2026-07-01T21:04:54.242249+00:00,87.2,50,ask,DiligentDonuts,FlawlessFlatbreads,2963394
2026-07-01T21:04:56.337846,2026-07-01T21:04:56.349535+00:00,86.9,3,ask,Kelvin Chan,FlawlessFlatbreads,2963428
2026-07-01T21:04:56.337846,2026-07-01T21:04:56.349535+00:00,86.9,47,ask,DiligentDonuts,FlawlessFlatbreads,2963429
2026-07-01T21:04:58.446610,2026-07-01T21:04:58.463676+00:00,86.9,50,ask,DiligentDonuts,FlawlessFlatbreads,2963464
2026-07-01T21:05:00.552713,2026-07-01T21:05:00.563622+00:00,87.0,3,ask,Kelvin Chan,FlawlessFlatbreads,2963496
2026-07-01T21:05:00.552713,2026-07-01T21:05:00.563622+00:00,86.9,47,ask,EarnestEspressos,FlawlessFlatbreads,2963497
2026-07-01T21:05:00.974577,2026-07-01T21:05:00.985956+00:00,87.1,43,bid,CostlyCorianders,DiligentDonuts,2963507
2026-07-01T21:05:01.028380,2026-07-01T21:05:01.039616+00:00,86.9,44,ask,EarnestEspressos,CostlyCorianders,2963510
2026-07-01T21:05:02.609388,2026-07-01T21:05:02.620666+00:00,87.0,50,bid,FlawlessFlatbreads,DiligentDonuts,2963539
2026-07-01T21:05:03.005998,2026-07-01T21:05:03.017700+00:00,87.0,48,bid,CostlyCorianders,DiligentDonuts,2963542
2026-07-01T21:05:03.385908,2026-07-01T21:05:03.407762+00:00,86.9,4,ask,Kelvin Chan,EarnestEspressos,2963548
2026-07-01T21:05:03.398356,2026-07-01T21:05:03.407762+00:00,86.9,3,bid,Xuanyu Liu,EarnestEspressos,2963549
2026-07-01T21:05:03.976745,2026-07-01T21:05:03.985139+00:00,86.9,4,bid,Kelvin Chan,EarnestEspressos,2963569
2026-07-01T21:05:04.494151,2026-07-01T21:05:04.500966+00:00,86.9,5,bid,Kelvin Chan,EarnestEspressos,2963579
2026-07-01T21:05:04.716077,2026-07-01T21:05:04.727321+00:00,86.9,50,bid,FlawlessFlatbreads,EarnestEspressos,2963582
2026-07-01T21:05:05.029763,2026-07-01T21:05:05.038154+00:00,86.9,11,bid,Xuanyu Liu,EarnestEspressos,2963592
2026-07-01T21:05:05.607965,2026-07-01T21:05:05.615370+00:00,86.9,73,bid,DiligentDonuts,EarnestEspressos,2963602
2026-07-01T21:05:05.618070,2026-07-01T21:05:05.630793+00:00,87.0,27,ask,DiligentDonuts,CostlyCorianders,2963603
2026-07-01T21:05:05.618070,2026-07-01T21:05:05.630793+00:00,86.8,4,ask,Kelvin Chan,CostlyCorianders,2963604
2026-07-01T21:05:05.618070,2026-07-01T21:05:05.630793+00:00,86.4,10,ask,EarnestEspressos,CostlyCorianders,2963605
2026-07-01T21:05:06.507330,2026-07-01T21:05:06.515565+00:00,87.1,11,ask,EarnestEspressos,Xuanyu Liu,2963625
2026-07-01T21:05:06.612572,2026-07-01T21:05:06.619069+00:00,87.1,49,ask,EarnestEspressos,CostlyCorianders,2963630
2026-07-01T21:05:06.825940,2026-07-01T21:05:06.833468+00:00,87.5,50,bid,FlawlessFlatbreads,DiligentDonuts,2963641
2026-07-01T21:05:07.131542,2026-07-01T21:05:07.142505+00:00,87.1,48,ask,EarnestEspressos,CostlyCorianders,2963647
2026-07-01T21:05:07.541611,2026-07-01T21:05:07.550230+00:00,87.1,3,ask,EarnestEspressos,Xuanyu Liu,2963656
2026-07-01T21:05:07.719754,2026-07-01T21:05:07.731544+00:00,87.5,40,bid,CostlyCorianders,DiligentDonuts,2963660
2026-07-01T21:05:08.367177,2026-07-01T21:05:08.378793+00:00,87.5,10,bid,CostlyCorianders,DiligentDonuts,2963687
2026-07-01T21:05:08.932730,2026-07-01T21:05:08.958568+00:00,87.3,50,bid,FlawlessFlatbreads,DiligentDonuts,2963700
2026-07-01T21:05:11.048630,2026-07-01T21:05:11.063625+00:00,87.3,50,bid,FlawlessFlatbreads,DiligentDonuts,2963749
2026-07-01T21:05:11.048862,2026-07-01T21:05:11.063625+00:00,87.3,41,bid,CostlyCorianders,EarnestEspressos,2963750
2026-07-01T21:05:11.483094,2026-07-01T21:05:11.491982+00:00,87.3,14,bid,Xuanyu Liu,EarnestEspressos,2963764
2026-07-01T21:05:11.961714,2026-07-01T21:05:11.969782+00:00,87.2,4,ask,DiligentDonuts,Xuanyu Liu,2963777
2026-07-01T21:05:12.026189,2026-07-01T21:05:12.034611+00:00,87.2,49,ask,DiligentDonuts,CostlyCorianders,2963781
2026-07-01T21:05:13.155652,2026-07-01T21:05:13.167078+00:00,87.5,50,bid,FlawlessFlatbreads,EarnestEspressos,2963808
2026-07-01T21:05:14.061814,2026-07-01T21:05:14.074532+00:00,87.2,47,ask,DiligentDonuts,CostlyCorianders,2963832
2026-07-01T21:05:15.270411,2026-07-01T21:05:15.279437+00:00,87.5,50,bid,FlawlessFlatbreads,EarnestEspressos,2963852
2026-07-01T21:05:15.418360,2026-07-01T21:05:15.426891+00:00,87.2,7,ask,DiligentDonuts,Xuanyu Liu,2963859
2026-07-01T21:05:15.990688,2026-07-01T21:05:15.998861+00:00,87.3,3,ask,EarnestEspressos,Xuanyu Liu,2963870
2026-07-01T21:05:16.538149,2026-07-01T21:05:16.548478+00:00,87.7,47,bid,CostlyCorianders,DiligentDonuts,2963888
2026-07-01T21:05:17.024762,2026-07-01T21:05:17.031733+00:00,87.3,46,ask,EarnestEspressos,CostlyCorianders,2963892
2026-07-01T21:05:17.377995,2026-07-01T21:05:17.389280+00:00,87.7,50,bid,FlawlessFlatbreads,DiligentDonuts,2963897
2026-07-01T21:05:19.486130,2026-07-01T21:05:19.498788+00:00,87.7,50,bid,FlawlessFlatbreads,EarnestEspressos,2963944
2026-07-01T21:05:23.429044,2026-07-01T21:05:23.436378+00:00,87.5,2,ask,DiligentDonuts,Kelvin Chan,2964015
2026-07-01T21:05:23.592633,2026-07-01T21:05:23.603991+00:00,87.5,2,ask,DiligentDonuts,Kelvin Chan,2964017
2026-07-01T21:05:23.709942,2026-07-01T21:05:23.718890+00:00,87.5,2,ask,DiligentDonuts,Kelvin Chan,2964021
2026-07-01T21:05:23.757049,2026-07-01T21:05:23.769491+00:00,87.5,50,ask,DiligentDonuts,FlawlessFlatbreads,2964023
2026-07-01T21:05:23.765673,2026-07-01T21:05:23.774514+00:00,87.5,2,ask,DiligentDonuts,Kelvin Chan,2964024
2026-07-01T21:05:24.660458,2026-07-01T21:05:24.668907+00:00,87.8,45,bid,CostlyCorianders,DiligentDonuts,2964051
2026-07-01T21:05:25.867287,2026-07-01T21:05:25.878834+00:00,87.5,50,ask,EarnestEspressos,FlawlessFlatbreads,2964081
2026-07-01T21:05:26.182947,2026-07-01T21:05:26.190445+00:00,87.5,5,ask,EarnestEspressos,Kelvin Chan,2964086
2026-07-01T21:05:27.219310,2026-07-01T21:05:27.227653+00:00,87.5,3,ask,EarnestEspressos,Xuanyu Liu,2964107
2026-07-01T21:05:27.374647,2026-07-01T21:05:27.389790+00:00,87.5,40,ask,EarnestEspressos,CostlyCorianders,2964116
2026-07-01T21:05:27.830666,2026-07-01T21:05:27.842017+00:00,87.5,43,ask,EarnestEspressos,CostlyCorianders,2964124
2026-07-01T21:05:27.976751,2026-07-01T21:05:27.989713+00:00,87.5,9,ask,EarnestEspressos,FlawlessFlatbreads,2964126
2026-07-01T21:05:27.976751,2026-07-01T21:05:27.989713+00:00,87.2,41,ask,DiligentDonuts,FlawlessFlatbreads,2964127
2026-07-01T21:05:28.477327,2026-07-01T21:05:28.488576+00:00,87.6,1,bid,CostlyCorianders,Kelvin Chan,2964141
2026-07-01T21:05:28.477327,2026-07-01T21:05:28.488576+00:00,87.7,47,bid,CostlyCorianders,DiligentDonuts,2964142
2026-07-01T21:05:28.687235,2026-07-01T21:05:28.693928+00:00,87.2,59,ask,DiligentDonuts,EarnestEspressos,2964151
2026-07-01T21:05:28.700284,2026-07-01T21:05:28.708244+00:00,87.2,1,bid,Xuanyu Liu,EarnestEspressos,2964154
2026-07-01T21:05:29.493976,2026-07-01T21:05:29.504154+00:00,87.2,2,bid,Kelvin Chan,EarnestEspressos,2964172
2026-07-01T21:05:29.813913,2026-07-01T21:05:29.823671+00:00,87.2,2,bid,Xuanyu Liu,EarnestEspressos,2964180
2026-07-01T21:05:29.892324,2026-07-01T21:05:29.898958+00:00,87.2,2,bid,Kelvin Chan,EarnestEspressos,2964185
2026-07-01T21:05:30.034009,2026-07-01T21:05:30.058592+00:00,87.2,50,bid,FlawlessFlatbreads,EarnestEspressos,2964191
2026-07-01T21:05:32.139899,2026-07-01T21:05:32.146785+00:00,87.4,50,bid,FlawlessFlatbreads,DiligentDonuts,2964229
2026-07-01T21:05:33.730681,2026-07-01T21:05:33.741982+00:00,87.2,42,ask,EarnestEspressos,CostlyCorianders,2964272
2026-07-01T21:05:34.274849,2026-07-01T21:05:34.286522+00:00,87.5,3,bid,FlawlessFlatbreads,Kelvin Chan,2964280
2026-07-01T21:05:34.274849,2026-07-01T21:05:34.286522+00:00,87.5,47,bid,FlawlessFlatbreads,DiligentDonuts,2964281
2026-07-01T21:05:34.772026,2026-07-01T21:05:34.783263+00:00,87.5,45,bid,CostlyCorianders,DiligentDonuts,2964293
2026-07-01T21:05:35.842448,2026-07-01T21:05:35.858544+00:00,87.2,2,ask,Kelvin Chan,CostlyCorianders,2964318
2026-07-01T21:05:36.383839,2026-07-01T21:05:36.394683+00:00,87.3,50,bid,FlawlessFlatbreads,EarnestEspressos,2964329
2026-07-01T21:05:37.267824,2026-07-01T21:05:37.279203+00:00,87.3,100,bid,DiligentDonuts,EarnestEspressos,2964349
2026-07-01T21:05:38.132505,2026-07-01T21:05:38.140463+00:00,87.3,3,ask,EarnestEspressos,Xuanyu Liu,2964363
2026-07-01T21:05:38.490667,2026-07-01T21:05:38.502395+00:00,87.5,3,bid,FlawlessFlatbreads,Kelvin Chan,2964366
2026-07-01T21:05:38.490667,2026-07-01T21:05:38.502395+00:00,87.8,47,bid,FlawlessFlatbreads,DiligentDonuts,2964367
2026-07-01T21:05:38.757312,2026-07-01T21:05:38.769220+00:00,87.8,49,bid,CostlyCorianders,DiligentDonuts,2964373
2026-07-01T21:05:40.599709,2026-07-01T21:05:40.611335+00:00,87.5,5,bid,FlawlessFlatbreads,Kelvin Chan,2964417
2026-07-01T21:05:40.599709,2026-07-01T21:05:40.611335+00:00,87.8,45,bid,FlawlessFlatbreads,EarnestEspressos,2964418
2026-07-01T21:05:41.291650,2026-07-01T21:05:41.327553+00:00,87.5,23,ask,EarnestEspressos,Xuanyu Liu,2964432
2026-07-01T21:05:41.321217,2026-07-01T21:05:41.327553+00:00,87.5,5,ask,EarnestEspressos,Kelvin Chan,2964433
2026-07-01T21:05:42.713320,2026-07-01T21:05:42.720522+00:00,87.8,50,bid,FlawlessFlatbreads,DiligentDonuts,2964464
2026-07-01T21:05:44.002228,2026-07-01T21:05:44.013780+00:00,87.5,43,ask,EarnestEspressos,CostlyCorianders,2964493
2026-07-01T21:05:44.260894,2026-07-01T21:05:44.270249+00:00,87.5,11,ask,EarnestEspressos,Xuanyu Liu,2964507
2026-07-01T21:05:44.820248,2026-07-01T21:05:44.834411+00:00,87.6,1,bid,FlawlessFlatbreads,Kelvin Chan,2964523
2026-07-01T21:05:44.820248,2026-07-01T21:05:44.834411+00:00,87.6,49,bid,FlawlessFlatbreads,EarnestEspressos,2964524
2026-07-01T21:05:46.143340,2026-07-01T21:05:46.163749+00:00,87.6,43,bid,CostlyCorianders,EarnestEspressos,2964555
2026-07-01T21:05:46.928143,2026-07-01T21:05:46.936123+00:00,87.6,50,bid,FlawlessFlatbreads,EarnestEspressos,2964568
2026-07-01T21:05:47.622078,2026-07-01T21:05:47.630484+00:00,87.7,12,ask,EarnestEspressos,Xuanyu Liu,2964580
2026-07-01T21:05:49.034721,2026-07-01T21:05:49.063652+00:00,88.0,50,bid,FlawlessFlatbreads,DiligentDonuts,2964612
2026-07-01T21:05:49.901026,2026-07-01T21:05:49.910795+00:00,87.7,45,ask,EarnestEspressos,CostlyCorianders,2964626
2026-07-01T21:05:50.600663,2026-07-01T21:05:50.607164+00:00,87.7,1,ask,EarnestEspressos,Kelvin Chan,2964637
2026-07-01T21:05:50.720638,2026-07-01T21:05:50.728547+00:00,87.7,1,ask,DiligentDonuts,Kelvin Chan,2964638
2026-07-01T21:05:51.191430,2026-07-01T21:05:51.202574+00:00,87.7,50,ask,DiligentDonuts,FlawlessFlatbreads,2964657
2026-07-01T21:05:53.026169,2026-07-01T21:05:53.038497+00:00,87.6,42,ask,EarnestEspressos,CostlyCorianders,2964696
2026-07-01T21:05:53.300664,2026-07-01T21:05:53.311139+00:00,87.6,50,ask,EarnestEspressos,FlawlessFlatbreads,2964707
2026-07-01T21:05:53.628672,2026-07-01T21:05:53.639960+00:00,88.0,40,bid,CostlyCorianders,DiligentDonuts,2964714
2026-07-01T21:05:54.189016,2026-07-01T21:05:54.200363+00:00,87.5,40,ask,DiligentDonuts,CostlyCorianders,2964723
2026-07-01T21:05:54.772667,2026-07-01T21:05:54.780595+00:00,87.7,12,bid,Xuanyu Liu,EarnestEspressos,2964734
2026-07-01T21:05:55.407251,2026-07-01T21:05:55.418573+00:00,87.5,50,ask,DiligentDonuts,FlawlessFlatbreads,2964744
2026-07-01T21:05:58.726955,2026-07-01T21:05:58.738387+00:00,87.6,48,bid,CostlyCorianders,EarnestEspressos,2964788
2026-07-01T21:05:59.364135,2026-07-01T21:05:59.375639+00:00,87.6,48,bid,CostlyCorianders,EarnestEspressos,2964792
2026-07-01T21:05:59.571114,2026-07-01T21:05:59.579068+00:00,87.6,50,bid,FlawlessFlatbreads,EarnestEspressos,2964797
2026-07-01T21:06:00.261999,2026-07-01T21:06:00.273481+00:00,87.8,100,bid,EarnestEspressos,DiligentDonuts,2964808
2026-07-01T21:06:00.328431,2026-07-01T21:06:00.340446+00:00,87.8,23,ask,EarnestEspressos,Xuanyu Liu,2964809
2026-07-01T21:06:01.332284,2026-07-01T21:06:01.342522+00:00,87.8,23,ask,EarnestEspressos,Xuanyu Liu,2964826
2026-07-01T21:06:01.730691,2026-07-01T21:06:01.742072+00:00,87.8,4,ask,EarnestEspressos,FlawlessFlatbreads,2964836
2026-07-01T21:06:01.730691,2026-07-01T21:06:01.742072+00:00,87.6,19,ask,Kelvin Chan,FlawlessFlatbreads,2964837
2026-07-01T21:06:01.730691,2026-07-01T21:06:01.742072+00:00,87.3,27,ask,DiligentDonuts,FlawlessFlatbreads,2964838
2026-07-01T21:06:03.483227,2026-07-01T21:06:03.504219+00:00,87.6,17,ask,Kelvin Chan,EarnestEspressos,2964871
2026-07-01T21:06:03.493378,2026-07-01T21:06:03.504219+00:00,87.4,23,bid,Xuanyu Liu,EarnestEspressos,2964872
2026-07-01T21:06:03.600002,2026-07-01T21:06:03.606535+00:00,87.4,19,bid,Kelvin Chan,EarnestEspressos,2964880
2026-07-01T21:06:03.607809,2026-07-01T21:06:03.615160+00:00,87.4,10,bid,Xuanyu Liu,EarnestEspressos,2964881
2026-07-01T21:06:03.787684,2026-07-01T21:06:03.799185+00:00,87.4,50,bid,FlawlessFlatbreads,EarnestEspressos,2964886
2026-07-01T21:06:05.899043,2026-07-01T21:06:05.910817+00:00,87.4,31,bid,FlawlessFlatbreads,EarnestEspressos,2964922
2026-07-01T21:06:05.899043,2026-07-01T21:06:05.910817+00:00,87.6,19,bid,FlawlessFlatbreads,DiligentDonuts,2964923
2026-07-01T21:06:06.602890,2026-07-01T21:06:06.611259+00:00,87.4,10,ask,EarnestEspressos,Xuanyu Liu,2964933
2026-07-01T21:06:10.165416,2026-07-01T21:06:10.174149+00:00,87.4,50,ask,EarnestEspressos,FlawlessFlatbreads,2964995
2026-07-01T21:06:12.277321,2026-07-01T21:06:12.288225+00:00,87.4,50,ask,EarnestEspressos,FlawlessFlatbreads,2965036
2026-07-01T21:06:13.370907,2026-07-01T21:06:13.382432+00:00,87.3,42,ask,DiligentDonuts,CostlyCorianders,2965053
2026-07-01T21:06:14.384441,2026-07-01T21:06:14.395728+00:00,87.3,50,ask,DiligentDonuts,FlawlessFlatbreads,2965069
2026-07-01T21:06:16.499993,2026-07-01T21:06:16.506407+00:00,87.2,50,ask,EarnestEspressos,FlawlessFlatbreads,2965118
2026-07-01T21:06:17.604179,2026-07-01T21:06:17.615548+00:00,87.2,47,ask,EarnestEspressos,CostlyCorianders,2965142
2026-07-01T21:06:18.612470,2026-07-01T21:06:18.623734+00:00,87.2,50,ask,EarnestEspressos,FlawlessFlatbreads,2965162
2026-07-01T21:06:19.311312,2026-07-01T21:06:19.319091+00:00,87.1,100,ask,DiligentDonuts,EarnestEspressos,2965178
2026-07-01T21:06:19.320418,2026-07-01T21:06:19.328745+00:00,87.0,46,bid,Xuanyu Liu,EarnestEspressos,2965179
2026-07-01T21:06:19.685117,2026-07-01T21:06:19.692998+00:00,87.0,4,bid,Xuanyu Liu,EarnestEspressos,2965188
2026-07-01T21:06:20.730837,2026-07-01T21:06:20.740938+00:00,86.5,50,ask,EarnestEspressos,FlawlessFlatbreads,2965203
2026-07-01T21:06:20.843817,2026-07-01T21:06:20.858604+00:00,87.5,9,bid,CostlyCorianders,Kelvin Chan,2965207
2026-07-01T21:06:20.843817,2026-07-01T21:06:20.858604+00:00,87.6,40,bid,CostlyCorianders,DiligentDonuts,2965208
2026-07-01T21:06:21.871013,2026-07-01T21:06:21.879667+00:00,87.2,3,bid,Kelvin Chan,DiligentDonuts,2965230
2026-07-01T21:06:22.842922,2026-07-01T21:06:22.858615+00:00,86.9,50,ask,EarnestEspressos,FlawlessFlatbreads,2965248
2026-07-01T21:06:22.851077,2026-07-01T21:06:22.858615+00:00,87.2,2,bid,Kelvin Chan,DiligentDonuts,2965250
2026-07-01T21:06:24.973753,2026-07-01T21:06:24.984579+00:00,87.1,1,ask,Kelvin Chan,FlawlessFlatbreads,2965283
2026-07-01T21:06:24.973753,2026-07-01T21:06:24.984579+00:00,86.9,49,ask,EarnestEspressos,FlawlessFlatbreads,2965284
2026-07-01T21:06:25.659620,2026-07-01T21:06:25.666808+00:00,87.0,1,bid,Kelvin Chan,EarnestEspressos,2965298
2026-07-01T21:06:25.668180,2026-07-01T21:06:25.676215+00:00,87.0,7,bid,Xuanyu Liu,EarnestEspressos,2965299
2026-07-01T21:06:25.903906,2026-07-01T21:06:25.915401+00:00,87.0,41,bid,CostlyCorianders,EarnestEspressos,2965309
2026-07-01T21:06:26.530000,2026-07-01T21:06:26.541529+00:00,86.8,48,ask,DiligentDonuts,CostlyCorianders,2965316
2026-07-01T21:06:27.713987,2026-07-01T21:06:27.725344+00:00,87.0,1,bid,Kelvin Chan,EarnestEspressos,2965333
2026-07-01T21:06:28.447717,2026-07-01T21:06:28.458577+00:00,87.0,44,bid,CostlyCorianders,EarnestEspressos,2965352
2026-07-01T21:06:29.156961,2026-07-01T21:06:29.163719+00:00,87.1,50,bid,FlawlessFlatbreads,DiligentDonuts,2965363
2026-07-01T21:06:29.521055,2026-07-01T21:06:29.528454+00:00,86.8,44,ask,EarnestEspressos,CostlyCorianders,2965368
2026-07-01T21:06:30.968937,2026-07-01T21:06:30.979881+00:00,86.8,41,ask,EarnestEspressos,CostlyCorianders,2965401
2026-07-01T21:06:31.590106,2026-07-01T21:06:31.601655+00:00,87.3,3,bid,CostlyCorianders,Kelvin Chan,2965425
2026-07-01T21:06:31.590106,2026-07-01T21:06:31.601655+00:00,87.3,39,bid,CostlyCorianders,EarnestEspressos,2965426
2026-07-01T21:06:32.596941,2026-07-01T21:06:32.608371+00:00,86.9,46,ask,DiligentDonuts,CostlyCorianders,2965446
2026-07-01T21:06:33.380942,2026-07-01T21:06:33.390318+00:00,87.2,4,bid,FlawlessFlatbreads,Kelvin Chan,2965462
2026-07-01T21:06:33.380942,2026-07-01T21:06:33.395593+00:00,87.2,46,bid,FlawlessFlatbreads,EarnestEspressos,2965463
2026-07-01T21:06:34.253728,2026-07-01T21:06:34.264723+00:00,87.2,45,bid,CostlyCorianders,EarnestEspressos,2965481
2026-07-01T21:06:34.806926,2026-07-01T21:06:34.814770+00:00,87.2,46,bid,CostlyCorianders,EarnestEspressos,2965492
2026-07-01T21:06:34.860648,2026-07-01T21:06:34.868926+00:00,86.9,1,ask,Kelvin Chan,CostlyCorianders,2965495
2026-07-01T21:06:34.860648,2026-07-01T21:06:34.868926+00:00,86.9,45,ask,DiligentDonuts,CostlyCorianders,2965496
2026-07-01T21:06:35.098864,2026-07-01T21:06:35.109644+00:00,87.2,3,bid,EarnestEspressos,Kelvin Chan,2965503
2026-07-01T21:06:35.098864,2026-07-01T21:06:35.109644+00:00,87.4,100,bid,EarnestEspressos,DiligentDonuts,2965504
2026-07-01T21:06:35.138293,2026-07-01T21:06:35.148475+00:00,87.4,7,ask,EarnestEspressos,Kelvin Chan,2965505
2026-07-01T21:06:35.166672,2026-07-01T21:06:35.236881+00:00,87.4,23,ask,EarnestEspressos,Xuanyu Liu,2965509
2026-07-01T21:06:35.222826,2026-07-01T21:06:35.236881+00:00,87.4,5,ask,EarnestEspressos,Kelvin Chan,2965510
2026-07-01T21:06:35.287358,2026-07-01T21:06:35.294397+00:00,87.4,2,ask,EarnestEspressos,Kelvin Chan,2965514
2026-07-01T21:06:35.434312,2026-07-01T21:06:35.444465+00:00,87.4,10,ask,EarnestEspressos,CostlyCorianders,2965521
2026-07-01T21:06:35.434312,2026-07-01T21:06:35.444465+00:00,86.9,33,ask,DiligentDonuts,CostlyCorianders,2965522
2026-07-01T21:06:35.493547,2026-07-01T21:06:35.500770+00:00,87.9,50,bid,FlawlessFlatbreads,EarnestEspressos,2965524
2026-07-01T21:06:36.090771,2026-07-01T21:06:36.098832+00:00,87.2,2,bid,Xuanyu Liu,Kelvin Chan,2965532
2026-07-01T21:06:36.174408,2026-07-01T21:06:36.182390+00:00,87.2,1,bid,Xuanyu Liu,Kelvin Chan,2965534
2026-07-01T21:06:36.219191,2026-07-01T21:06:36.227424+00:00,87.2,1,bid,Xuanyu Liu,Kelvin Chan,2965536
2026-07-01T21:06:36.262469,2026-07-01T21:06:36.270541+00:00,87.2,1,bid,Xuanyu Liu,Kelvin Chan,2965539
2026-07-01T21:06:36.303583,2026-07-01T21:06:36.311279+00:00,87.2,1,bid,Xuanyu Liu,Kelvin Chan,2965541
2026-07-01T21:06:36.332999,2026-07-01T21:06:36.341335+00:00,87.2,1,bid,Xuanyu Liu,Kelvin Chan,2965543
2026-07-01T21:06:37.679603,2026-07-01T21:06:37.686122+00:00,86.9,2,ask,Kelvin Chan,FlawlessFlatbreads,2965578
2026-07-01T21:06:37.679603,2026-07-01T21:06:37.691141+00:00,86.9,48,ask,DiligentDonuts,FlawlessFlatbreads,2965579
2026-07-01T21:06:39.740273,2026-07-01T21:06:39.758566+00:00,87.4,50,bid,FlawlessFlatbreads,DiligentDonuts,2965622
2026-07-01T21:06:40.323317,2026-07-01T21:06:40.334692+00:00,87.4,43,bid,CostlyCorianders,DiligentDonuts,2965632
2026-07-01T21:06:40.962005,2026-07-01T21:06:40.975259+00:00,87.4,47,bid,CostlyCorianders,EarnestEspressos,2965649
2026-07-01T21:06:41.017849,2026-07-01T21:06:41.029322+00:00,87.1,47,ask,DiligentDonuts,CostlyCorianders,2965650
2026-07-01T21:06:41.608291,2026-07-01T21:06:41.617113+00:00,87.3,2,ask,EarnestEspressos,Kelvin Chan,2965658
2026-07-01T21:06:41.873892,2026-07-01T21:06:41.884451+00:00,87.6,50,bid,FlawlessFlatbreads,DiligentDonuts,2965664
2026-07-01T21:06:42.291212,2026-07-01T21:06:42.299172+00:00,87.3,1,ask,EarnestEspressos,Kelvin Chan,2965679
2026-07-01T21:06:42.346648,2026-07-01T21:06:42.363765+00:00,87.3,1,ask,EarnestEspressos,Kelvin Chan,2965681
2026-07-01T21:06:43.236407,2026-07-01T21:06:43.243944+00:00,87.3,1,ask,EarnestEspressos,Kelvin Chan,2965696
2026-07-01T21:06:43.298340,2026-07-01T21:06:43.307305+00:00,87.3,1,ask,EarnestEspressos,Kelvin Chan,2965697
2026-07-01T21:06:43.351345,2026-07-01T21:06:43.355329+00:00,87.3,1,ask,EarnestEspressos,Kelvin Chan,2965698
2026-07-01T21:06:43.462340,2026-07-01T21:06:43.470581+00:00,87.3,1,ask,EarnestEspressos,Kelvin Chan,2965700
2026-07-01T21:06:43.704454,2026-07-01T21:06:43.710572+00:00,87.3,44,ask,EarnestEspressos,CostlyCorianders,2965708
2026-07-01T21:06:44.043007,2026-07-01T21:06:44.063775+00:00,87.3,50,ask,EarnestEspressos,FlawlessFlatbreads,2965715
2026-07-01T21:06:44.355296,2026-07-01T21:06:44.358636+00:00,87.6,41,bid,CostlyCorianders,DiligentDonuts,2965721
2026-07-01T21:06:44.677118,2026-07-01T21:06:44.686532+00:00,87.2,5,bid,Xuanyu Liu,EarnestEspressos,2965730
2026-07-01T21:06:45.434543,2026-07-01T21:06:45.445854+00:00,87.2,47,bid,CostlyCorianders,EarnestEspressos,2965748
2026-07-01T21:06:46.149523,2026-07-01T21:06:46.139398+00:00,87.1,50,ask,DiligentDonuts,FlawlessFlatbreads,2965758
2026-07-01T21:06:47.450277,2026-07-01T21:06:47.456609+00:00,87.1,41,ask,DiligentDonuts,CostlyCorianders,2965779
2026-07-01T21:06:48.076113,2026-07-01T21:06:48.087708+00:00,87.1,41,ask,DiligentDonuts,CostlyCorianders,2965789
2026-07-01T21:06:48.256509,2026-07-01T21:06:48.258563+00:00,87.1,18,ask,DiligentDonuts,FlawlessFlatbreads,2965793
2026-07-01T21:06:48.256509,2026-07-01T21:06:48.269293+00:00,86.9,1,ask,Kelvin Chan,FlawlessFlatbreads,2965794
2026-07-01T21:06:48.256509,2026-07-01T21:06:48.269293+00:00,86.9,31,ask,EarnestEspressos,FlawlessFlatbreads,2965795
2026-07-01T21:06:48.562414,2026-07-01T21:06:48.571242+00:00,87.3,5,bid,Xuanyu Liu,Kelvin Chan,2965800
2026-07-01T21:06:50.387182,2026-07-01T21:06:50.397415+00:00,86.9,50,ask,EarnestEspressos,FlawlessFlatbreads,2965841
2026-07-01T21:06:51.176916,2026-07-01T21:06:51.186263+00:00,87.1,6,bid,Xuanyu Liu,EarnestEspressos,2965848
2026-07-01T21:06:52.493572,2026-07-01T21:06:52.504988+00:00,86.7,50,ask,DiligentDonuts,FlawlessFlatbreads,2965873
2026-07-01T21:06:53.516253,2026-07-01T21:06:53.527620+00:00,87.1,44,bid,CostlyCorianders,EarnestEspressos,2965885
2026-07-01T21:06:54.615564,2026-07-01T21:06:54.627152+00:00,86.9,50,ask,EarnestEspressos,FlawlessFlatbreads,2965898
2026-07-01T21:06:55.116094,2026-07-01T21:06:55.124082+00:00,87.1,3,bid,Xuanyu Liu,DiligentDonuts,2965905
2026-07-01T21:06:56.722876,2026-07-01T21:06:56.734128+00:00,86.9,50,ask,EarnestEspressos,FlawlessFlatbreads,2965943
2026-07-01T21:06:57.674775,2026-07-01T21:06:57.686377+00:00,87.1,45,bid,CostlyCorianders,EarnestEspressos,2965958
2026-07-01T21:06:58.852618,2026-07-01T21:06:58.863887+00:00,86.9,1,ask,Kelvin Chan,FlawlessFlatbreads,2965976
2026-07-01T21:06:58.852618,2026-07-01T21:06:58.863887+00:00,86.7,49,ask,DiligentDonuts,FlawlessFlatbreads,2965977
2026-07-01T21:07:00.959295,2026-07-01T21:07:00.970943+00:00,86.9,50,ask,EarnestEspressos,FlawlessFlatbreads,2966016
2026-07-01T21:07:01.445393,2026-07-01T21:07:01.456834+00:00,87.1,43,bid,CostlyCorianders,DiligentDonuts,2966025
2026-07-01T21:07:01.501283,2026-07-01T21:07:01.512805+00:00,86.9,49,ask,EarnestEspressos,CostlyCorianders,2966026
2026-07-01T21:07:02.996017,2026-07-01T21:07:03.007613+00:00,86.9,44,ask,EarnestEspressos,CostlyCorianders,2966051
2026-07-01T21:07:03.015296,2026-07-01T21:07:03.030090+00:00,87.1,50,bid,FlawlessFlatbreads,DiligentDonuts,2966052
2026-07-01T21:07:03.602643,2026-07-01T21:07:03.611997+00:00,87.1,41,bid,CostlyCorianders,DiligentDonuts,2966060
2026-07-01T21:07:03.655642,2026-07-01T21:07:03.668671+00:00,86.8,3,ask,Kelvin Chan,EarnestEspressos,2966061
2026-07-01T21:07:03.670017,2026-07-01T21:07:03.678763+00:00,86.8,14,bid,Xuanyu Liu,EarnestEspressos,2966062
2026-07-01T21:07:03.705737,2026-07-01T21:07:03.715340+00:00,86.8,12,bid,Xuanyu Liu,EarnestEspressos,2966065
2026-07-01T21:07:03.719686,2026-07-01T21:07:03.730586+00:00,86.8,4,bid,Kelvin Chan,EarnestEspressos,2966067
2026-07-01T21:07:03.770606,2026-07-01T21:07:03.782000+00:00,86.8,4,bid,Kelvin Chan,EarnestEspressos,2966068
2026-07-01T21:07:04.004197,2026-07-01T21:07:04.013181+00:00,86.8,3,bid,Kelvin Chan,EarnestEspressos,2966077
2026-07-01T21:07:04.047317,2026-07-01T21:07:04.063635+00:00,86.8,3,bid,Kelvin Chan,EarnestEspressos,2966078
2026-07-01T21:07:04.076878,2026-07-01T21:07:04.085968+00:00,86.8,3,bid,Kelvin Chan,EarnestEspressos,2966079
2026-07-01T21:07:04.115321,2026-07-01T21:07:04.126700+00:00,86.8,2,bid,Kelvin Chan,EarnestEspressos,2966080
2026-07-01T21:07:04.143210,2026-07-01T21:07:04.149994+00:00,86.8,2,bid,Kelvin Chan,EarnestEspressos,2966081
2026-07-01T21:07:05.121969,2026-07-01T21:07:05.133534+00:00,86.8,50,bid,FlawlessFlatbreads,EarnestEspressos,2966098
2026-07-01T21:07:05.713036,2026-07-01T21:07:05.724707+00:00,86.8,40,bid,CostlyCorianders,EarnestEspressos,2966115
2026-07-01T21:07:05.821455,2026-07-01T21:07:05.858544+00:00,86.8,10,bid,DiligentDonuts,EarnestEspressos,2966116
2026-07-01T21:07:05.889363,2026-07-01T21:07:05.897720+00:00,87.1,5,ask,DiligentDonuts,Xuanyu Liu,2966117
2026-07-01T21:07:05.898702,2026-07-01T21:07:05.906561+00:00,87.1,18,ask,DiligentDonuts,Xuanyu Liu,2966119
2026-07-01T21:07:05.980424,2026-07-01T21:07:05.989557+00:00,87.1,3,ask,DiligentDonuts,Xuanyu Liu,2966121
2026-07-01T21:07:06.102819,2026-07-01T21:07:06.109302+00:00,87.1,2,ask,DiligentDonuts,Kelvin Chan,2966127
2026-07-01T21:07:07.228884,2026-07-01T21:07:07.237573+00:00,87.5,50,bid,FlawlessFlatbreads,EarnestEspressos,2966154
2026-07-01T21:07:09.348841,2026-07-01T21:07:09.358546+00:00,87.5,50,bid,FlawlessFlatbreads,EarnestEspressos,2966205
2026-07-01T21:07:09.380281,2026-07-01T21:07:09.389260+00:00,87.0,41,ask,EarnestEspressos,CostlyCorianders,2966206
2026-07-01T21:07:11.454705,2026-07-01T21:07:11.441527+00:00,87.5,50,bid,FlawlessFlatbreads,DiligentDonuts,2966240
2026-07-01T21:07:13.141183,2026-07-01T21:07:13.150276+00:00,87.1,42,ask,DiligentDonuts,CostlyCorianders,2966289
2026-07-01T21:07:13.571261,2026-07-01T21:07:13.582906+00:00,87.6,50,bid,FlawlessFlatbreads,DiligentDonuts,2966298
2026-07-01T21:07:13.705169,2026-07-01T21:07:13.716739+00:00,87.6,42,bid,CostlyCorianders,DiligentDonuts,2966299
2026-07-01T21:07:13.760388,2026-07-01T21:07:13.772040+00:00,87.1,42,ask,DiligentDonuts,CostlyCorianders,2966300
2026-07-01T21:07:15.680328,2026-07-01T21:07:15.691761+00:00,87.3,5,bid,FlawlessFlatbreads,Kelvin Chan,2966333
2026-07-01T21:07:15.680328,2026-07-01T21:07:15.691761+00:00,87.5,45,bid,CostlyCorianders,DiligentDonuts,2966334
2026-07-01T21:07:15.923713,2026-07-01T21:07:15.935100+00:00,87.5,45,bid,FlawlessFlatbreads,DiligentDonuts,2966341
2026-07-01T21:07:17.814925,2026-07-01T21:07:17.826539+00:00,87.3,5,bid,FlawlessFlatbreads,Kelvin Chan,2966387
2026-07-01T21:07:17.814925,2026-07-01T21:07:17.826539+00:00,87.4,45,bid,FlawlessFlatbreads,EarnestEspressos,2966388
2026-07-01T21:07:18.481463,2026-07-01T21:07:18.492681+00:00,87.4,100,bid,DiligentDonuts,EarnestEspressos,2966403
2026-07-01T21:07:19.443115,2026-07-01T21:07:19.458919+00:00,87.6,37,ask,EarnestEspressos,Xuanyu Liu,2966427
2026-07-01T21:07:19.451048,2026-07-01T21:07:19.458919+00:00,87.6,47,ask,EarnestEspressos,CostlyCorianders,2966429
2026-07-01T21:07:19.928482,2026-07-01T21:07:19.935984+00:00,87.9,50,bid,FlawlessFlatbreads,DiligentDonuts,2966439
2026-07-01T21:07:20.657217,2026-07-01T21:07:20.663618+00:00,87.6,4,ask,EarnestEspressos,Kelvin Chan,2966460
2026-07-01T21:07:21.218775,2026-07-01T21:07:21.225836+00:00,87.6,4,ask,EarnestEspressos,Kelvin Chan,2966466
2026-07-01T21:07:21.236360,2026-07-01T21:07:21.236338+00:00,87.6,40,ask,EarnestEspressos,CostlyCorianders,2966471
2026-07-01T21:07:21.312478,2026-07-01T21:07:21.321972+00:00,87.6,4,ask,EarnestEspressos,Kelvin Chan,2966472
2026-07-01T21:07:21.693921,2026-07-01T21:07:21.701482+00:00,87.6,4,ask,EarnestEspressos,Kelvin Chan,2966477
2026-07-01T21:07:21.762402,2026-07-01T21:07:21.772559+00:00,87.6,4,ask,EarnestEspressos,Kelvin Chan,2966481
2026-07-01T21:07:21.816281,2026-07-01T21:07:21.825939+00:00,87.6,4,ask,EarnestEspressos,Kelvin Chan,2966485
2026-07-01T21:07:21.862072,2026-07-01T21:07:21.873369+00:00,87.6,2,ask,EarnestEspressos,Kelvin Chan,2966488
2026-07-01T21:07:21.875335,2026-07-01T21:07:21.889611+00:00,87.4,1,bid,Xuanyu Liu,Kelvin Chan,2966489
2026-07-01T21:07:21.935504,2026-07-01T21:07:21.942764+00:00,87.4,4,bid,Xuanyu Liu,Kelvin Chan,2966491
2026-07-01T21:07:22.070882,2026-07-01T21:07:22.073605+00:00,87.7,50,bid,FlawlessFlatbreads,DiligentDonuts,2966493
2026-07-01T21:07:22.207454,2026-07-01T21:07:22.216850+00:00,87.5,4,bid,Xuanyu Liu,Kelvin Chan,2966496
2026-07-01T21:07:22.265718,2026-07-01T21:07:22.275083+00:00,87.5,4,bid,Xuanyu Liu,Kelvin Chan,2966498
2026-07-01T21:07:22.334192,2026-07-01T21:07:22.343493+00:00,87.5,3,bid,Xuanyu Liu,Kelvin Chan,2966500
2026-07-01T21:07:22.698636,2026-07-01T21:07:22.712803+00:00,87.7,21,bid,Xuanyu Liu,DiligentDonuts,2966515
2026-07-01T21:07:24.178738,2026-07-01T21:07:24.190411+00:00,87.7,29,bid,FlawlessFlatbreads,DiligentDonuts,2966553
2026-07-01T21:07:24.178738,2026-07-01T21:07:24.190411+00:00,87.7,21,bid,FlawlessFlatbreads,EarnestEspressos,2966554
2026-07-01T21:07:24.803732,2026-07-01T21:07:24.811793+00:00,87.7,100,bid,DiligentDonuts,EarnestEspressos,2966562
2026-07-01T21:07:25.764765,2026-07-01T21:07:25.774169+00:00,88.0,26,ask,EarnestEspressos,Xuanyu Liu,2966583
2026-07-01T21:07:26.078609,2026-07-01T21:07:26.090027+00:00,88.0,43,ask,EarnestEspressos,CostlyCorianders,2966596
2026-07-01T21:07:26.310338,2026-07-01T21:07:26.320897+00:00,88.3,50,bid,FlawlessFlatbreads,DiligentDonuts,2966603
2026-07-01T21:07:26.665808,2026-07-01T21:07:26.674981+00:00,88.0,11,ask,EarnestEspressos,Xuanyu Liu,2966612
2026-07-01T21:07:27.053283,2026-07-01T21:07:27.064860+00:00,88.3,46,bid,CostlyCorianders,DiligentDonuts,2966621
2026-07-01T21:07:28.415342,2026-07-01T21:07:28.422212+00:00,88.3,50,bid,FlawlessFlatbreads,DiligentDonuts,2966637
2026-07-01T21:07:28.788135,2026-07-01T21:07:28.799452+00:00,88.0,41,ask,EarnestEspressos,CostlyCorianders,2966650
2026-07-01T21:07:29.301877,2026-07-01T21:07:29.312136+00:00,87.9,44,bid,CostlyCorianders,EarnestEspressos,2966660
2026-07-01T21:07:29.896173,2026-07-01T21:07:29.905652+00:00,87.8,42,ask,DiligentDonuts,CostlyCorianders,2966677
2026-07-01T21:07:30.586927,2026-07-01T21:07:30.598426+00:00,87.8,50,ask,DiligentDonuts,FlawlessFlatbreads,2966691
2026-07-01T21:07:32.642101,2026-07-01T21:07:32.653373+00:00,88.1,50,bid,FlawlessFlatbreads,DiligentDonuts,2966729
2026-07-01T21:07:34.825275,2026-07-01T21:07:34.836653+00:00,87.9,50,ask,DiligentDonuts,FlawlessFlatbreads,2966765
2026-07-01T21:07:36.933343,2026-07-01T21:07:36.944737+00:00,87.9,50,ask,DiligentDonuts,FlawlessFlatbreads,2966806
2026-07-01T21:07:37.151804,2026-07-01T21:07:37.163947+00:00,88.2,40,bid,CostlyCorianders,EarnestEspressos,2966810
2026-07-01T21:07:38.581826,2026-07-01T21:07:38.593372+00:00,88.0,49,bid,CostlyCorianders,DiligentDonuts,2966833
2026-07-01T21:07:39.040713,2026-07-01T21:07:39.058574+00:00,87.7,50,ask,EarnestEspressos,FlawlessFlatbreads,2966838
2026-07-01T21:07:39.811945,2026-07-01T21:07:39.820855+00:00,87.9,3,bid,Xuanyu Liu,Kelvin Chan,2966854
2026-07-01T21:07:40.388126,2026-07-01T21:07:40.396951+00:00,88.0,45,bid,CostlyCorianders,DiligentDonuts,2966868
2026-07-01T21:07:40.884463,2026-07-01T21:07:40.896142+00:00,87.9,46,ask,DiligentDonuts,CostlyCorianders,2966873
2026-07-01T21:07:41.125791,2026-07-01T21:07:41.135241+00:00,87.9,3,ask,DiligentDonuts,Xuanyu Liu,2966884
2026-07-01T21:07:41.148221,2026-07-01T21:07:41.160818+00:00,87.9,50,ask,DiligentDonuts,FlawlessFlatbreads,2966886
2026-07-01T21:07:41.607510,2026-07-01T21:07:41.618022+00:00,87.9,1,ask,DiligentDonuts,EarnestEspressos,2966893
2026-07-01T21:07:42.443422,2026-07-01T21:07:42.453577+00:00,87.9,11,bid,Xuanyu Liu,EarnestEspressos,2966908
2026-07-01T21:07:42.452691,2026-07-01T21:07:42.473945+00:00,87.9,42,bid,CostlyCorianders,EarnestEspressos,2966910
2026-07-01T21:07:43.255301,2026-07-01T21:07:43.263889+00:00,87.4,50,ask,EarnestEspressos,FlawlessFlatbreads,2966929
2026-07-01T21:07:44.873523,2026-07-01T21:07:44.880392+00:00,87.6,43,ask,DiligentDonuts,CostlyCorianders,2966944
2026-07-01T21:07:45.363171,2026-07-01T21:07:45.369617+00:00,87.6,50,ask,DiligentDonuts,FlawlessFlatbreads,2966953
2026-07-01T21:07:46.120627,2026-07-01T21:07:46.130710+00:00,88.0,3,bid,CostlyCorianders,Kelvin Chan,2966965
2026-07-01T21:07:46.120627,2026-07-01T21:07:46.130710+00:00,88.0,44,bid,CostlyCorianders,EarnestEspressos,2966966
2026-07-01T21:07:47.081565,2026-07-01T21:07:47.088384+00:00,87.6,2,ask,Kelvin Chan,FlawlessFlatbreads,2966979
2026-07-01T21:07:47.081565,2026-07-01T21:07:47.096830+00:00,87.5,45,ask,EarnestEspressos,CostlyCorianders,2966980
2026-07-01T21:07:47.469760,2026-07-01T21:07:47.479728+00:00,87.6,2,ask,Kelvin Chan,CostlyCorianders,2966989
2026-07-01T21:07:47.469760,2026-07-01T21:07:47.479728+00:00,87.5,48,ask,EarnestEspressos,FlawlessFlatbreads,2966990
2026-07-01T21:07:48.551816,2026-07-01T21:07:48.563731+00:00,87.6,2,ask,Kelvin Chan,CostlyCorianders,2967001
2026-07-01T21:07:48.551816,2026-07-01T21:07:48.563731+00:00,87.4,43,ask,DiligentDonuts,CostlyCorianders,2967002
2026-07-01T21:07:49.576564,2026-07-01T21:07:49.584699+00:00,87.6,3,ask,Kelvin Chan,FlawlessFlatbreads,2967019
2026-07-01T21:07:49.576564,2026-07-01T21:07:49.584699+00:00,87.4,47,ask,DiligentDonuts,FlawlessFlatbreads,2967020
2026-07-01T21:07:49.677491,2026-07-01T21:07:49.690179+00:00,87.9,3,bid,CostlyCorianders,Kelvin Chan,2967021
2026-07-01T21:07:49.677491,2026-07-01T21:07:49.690179+00:00,87.9,44,bid,CostlyCorianders,DiligentDonuts,2967022
2026-07-01T21:07:50.187800,2026-07-01T21:07:50.197457+00:00,87.7,23,bid,Xuanyu Liu,DiligentDonuts,2967034
2026-07-01T21:07:50.335274,2026-07-01T21:07:50.358576+00:00,87.7,47,bid,CostlyCorianders,DiligentDonuts,2967044
2026-07-01T21:07:51.685982,2026-07-01T21:07:51.697365+00:00,87.4,50,ask,EarnestEspressos,FlawlessFlatbreads,2967067
2026-07-01T21:07:53.793964,2026-07-01T21:07:53.804510+00:00,87.5,3,ask,Kelvin Chan,FlawlessFlatbreads,2967121
2026-07-01T21:07:53.793964,2026-07-01T21:07:53.804510+00:00,87.4,47,ask,EarnestEspressos,FlawlessFlatbreads,2967122
2026-07-01T21:07:54.286901,2026-07-01T21:07:54.296075+00:00,87.4,3,bid,Xuanyu Liu,EarnestEspressos,2967137
2026-07-01T21:07:55.409278,2026-07-01T21:07:55.420671+00:00,87.4,46,bid,CostlyCorianders,EarnestEspressos,2967156
2026-07-01T21:07:55.809603,2026-07-01T21:07:55.817745+00:00,87.4,5,bid,Kelvin Chan,EarnestEspressos,2967161
2026-07-01T21:07:55.901808,2026-07-01T21:07:55.913183+00:00,87.3,50,ask,DiligentDonuts,FlawlessFlatbreads,2967164
2026-07-01T21:07:56.836348,2026-07-01T21:07:56.845128+00:00,87.4,5,bid,Kelvin Chan,EarnestEspressos,2967185
2026-07-01T21:07:56.846070,2026-07-01T21:07:56.858582+00:00,87.3,49,ask,DiligentDonuts,CostlyCorianders,2967186
2026-07-01T21:07:56.910907,2026-07-01T21:07:56.919561+00:00,87.4,5,bid,Kelvin Chan,EarnestEspressos,2967188
2026-07-01T21:07:56.959683,2026-07-01T21:07:56.969415+00:00,87.4,5,bid,Kelvin Chan,EarnestEspressos,2967191
2026-07-01T21:07:58.012226,2026-07-01T21:07:58.023752+00:00,87.3,50,ask,DiligentDonuts,FlawlessFlatbreads,2967216
2026-07-01T21:08:00.118829,2026-07-01T21:08:00.130409+00:00,87.4,5,ask,Kelvin Chan,CostlyCorianders,2967256
2026-07-01T21:08:00.118829,2026-07-01T21:08:00.130409+00:00,87.3,45,ask,EarnestEspressos,FlawlessFlatbreads,2967257
2026-07-01T21:08:00.782856,2026-07-01T21:08:00.792480+00:00,87.4,5,ask,Kelvin Chan,FlawlessFlatbreads,2967264
2026-07-01T21:08:00.782856,2026-07-01T21:08:00.792480+00:00,87.2,39,ask,EarnestEspressos,CostlyCorianders,2967265
2026-07-01T21:08:02.230099,2026-07-01T21:08:02.241507+00:00,87.2,50,ask,EarnestEspressos,FlawlessFlatbreads,2967304
2026-07-01T21:08:03.471061,2026-07-01T21:08:03.479025+00:00,87.4,14,bid,Xuanyu Liu,DiligentDonuts,2967329
2026-07-01T21:08:04.338725,2026-07-01T21:08:04.348461+00:00,87.3,3,ask,Kelvin Chan,FlawlessFlatbreads,2967343
2026-07-01T21:08:04.338725,2026-07-01T21:08:04.348461+00:00,87.0,47,ask,EarnestEspressos,FlawlessFlatbreads,2967344
2026-07-01T21:08:06.402870,2026-07-01T21:08:06.413128+00:00,87.5,47,bid,CostlyCorianders,EarnestEspressos,2967385
2026-07-01T21:08:06.447641,2026-07-01T21:08:06.458561+00:00,87.2,3,ask,Kelvin Chan,FlawlessFlatbreads,2967386
2026-07-01T21:08:06.447641,2026-07-01T21:08:06.458561+00:00,87.1,47,ask,DiligentDonuts,FlawlessFlatbreads,2967387
2026-07-01T21:08:08.559064,2026-07-01T21:08:08.568887+00:00,87.2,2,ask,Kelvin Chan,FlawlessFlatbreads,2967434
2026-07-01T21:08:08.559064,2026-07-01T21:08:08.568887+00:00,87.1,48,ask,DiligentDonuts,FlawlessFlatbreads,2967435
2026-07-01T21:08:09.504311,2026-07-01T21:08:09.513364+00:00,86.9,45,ask,EarnestEspressos,CostlyCorianders,2967446
2026-07-01T21:08:10.039147,2026-07-01T21:08:10.046923+00:00,87.1,12,bid,Xuanyu Liu,DiligentDonuts,2967463
2026-07-01T21:08:10.101765,2026-07-01T21:08:10.110081+00:00,87.0,11,bid,Xuanyu Liu,EarnestEspressos,2967465
2026-07-01T21:08:10.616656,2026-07-01T21:08:10.622899+00:00,87.0,50,bid,FlawlessFlatbreads,EarnestEspressos,2967482
2026-07-01T21:08:12.722361,2026-07-01T21:08:12.731581+00:00,87.0,50,bid,FlawlessFlatbreads,EarnestEspressos,2967529
2026-07-01T21:08:13.970359,2026-07-01T21:08:13.993385+00:00,87.0,11,ask,EarnestEspressos,Xuanyu Liu,2967562
2026-07-01T21:08:14.827693,2026-07-01T21:08:14.839425+00:00,87.2,50,bid,FlawlessFlatbreads,DiligentDonuts,2967573
2026-07-01T21:08:15.155443,2026-07-01T21:08:15.163917+00:00,87.2,49,bid,CostlyCorianders,DiligentDonuts,2967582
2026-07-01T21:08:16.937497,2026-07-01T21:08:16.969502+00:00,87.3,1,bid,FlawlessFlatbreads,Kelvin Chan,2967622
2026-07-01T21:08:16.937497,2026-07-01T21:08:16.969502+00:00,87.3,49,bid,FlawlessFlatbreads,EarnestEspressos,2967623
2026-07-01T21:08:17.864095,2026-07-01T21:08:17.874057+00:00,87.0,3,ask,Kelvin Chan,CostlyCorianders,2967645
2026-07-01T21:08:17.864095,2026-07-01T21:08:17.874057+00:00,86.9,39,ask,DiligentDonuts,CostlyCorianders,2967646
2026-07-01T21:08:18.503041,2026-07-01T21:08:18.563686+00:00,87.3,45,bid,CostlyCorianders,EarnestEspressos,2967658
2026-07-01T21:08:19.043650,2026-07-01T21:08:19.058578+00:00,87.3,50,bid,FlawlessFlatbreads,EarnestEspressos,2967668
2026-07-01T21:08:19.552020,2026-07-01T21:08:19.563817+00:00,87.3,100,bid,EarnestEspressos,DiligentDonuts,2967678
2026-07-01T21:08:19.617525,2026-07-01T21:08:19.633713+00:00,87.4,26,ask,EarnestEspressos,Xuanyu Liu,2967680
2026-07-01T21:08:21.173905,2026-07-01T21:08:21.185063+00:00,87.9,50,bid,FlawlessFlatbreads,EarnestEspressos,2967698
2026-07-01T21:08:21.253311,2026-07-01T21:08:21.264044+00:00,87.4,1,ask,EarnestEspressos,Kelvin Chan,2967703
2026-07-01T21:08:22.718418,2026-07-01T21:08:22.727784+00:00,87.1,43,ask,DiligentDonuts,CostlyCorianders,2967731
2026-07-01T21:08:23.283814,2026-07-01T21:08:23.295233+00:00,87.6,50,bid,FlawlessFlatbreads,DiligentDonuts,2967740
2026-07-01T21:08:24.719944,2026-07-01T21:08:24.734111+00:00,87.3,3,bid,Xuanyu Liu,Kelvin Chan,2967764
2026-07-01T21:08:25.420199,2026-07-01T21:08:25.428601+00:00,87.4,3,bid,FlawlessFlatbreads,Kelvin Chan,2967772
2026-07-01T21:08:25.420199,2026-07-01T21:08:25.428601+00:00,87.6,47,bid,FlawlessFlatbreads,EarnestEspressos,2967773
2026-07-01T21:08:26.630840,2026-07-01T21:08:26.646986+00:00,87.8,45,bid,CostlyCorianders,DiligentDonuts,2967802
2026-07-01T21:08:27.531569,2026-07-01T21:08:27.542986+00:00,87.8,50,bid,FlawlessFlatbreads,DiligentDonuts,2967814
2026-07-01T21:08:28.120784,2026-07-01T21:08:28.130364+00:00,87.5,3,ask,DiligentDonuts,Xuanyu Liu,2967824
2026-07-01T21:08:29.700918,2026-07-01T21:08:29.710683+00:00,87.6,50,ask,EarnestEspressos,FlawlessFlatbreads,2967871
2026-07-01T21:08:31.808200,2026-07-01T21:08:31.819635+00:00,87.6,50,ask,EarnestEspressos,FlawlessFlatbreads,2967915
2026-07-01T21:08:33.020837,2026-07-01T21:08:33.032356+00:00,87.5,40,ask,DiligentDonuts,CostlyCorianders,2967953
2026-07-01T21:08:33.638895,2026-07-01T21:08:33.646723+00:00,87.7,3,bid,Xuanyu Liu,EarnestEspressos,2967961
2026-07-01T21:08:33.938401,2026-07-01T21:08:33.944521+00:00,87.5,50,ask,DiligentDonuts,FlawlessFlatbreads,2967972
2026-07-01T21:08:34.434547,2026-07-01T21:08:34.445759+00:00,87.7,100,bid,DiligentDonuts,EarnestEspressos,2967978
2026-07-01T21:08:34.513772,2026-07-01T21:08:34.521200+00:00,87.7,46,bid,CostlyCorianders,EarnestEspressos,2967981
2026-07-01T21:08:35.379640,2026-07-01T21:08:35.388208+00:00,88.0,3,ask,EarnestEspressos,Xuanyu Liu,2968013
2026-07-01T21:08:35.946212,2026-07-01T21:08:35.954768+00:00,88.0,43,ask,EarnestEspressos,CostlyCorianders,2968025
2026-07-01T21:08:35.993645,2026-07-01T21:08:36.004864+00:00,88.2,50,bid,FlawlessFlatbreads,DiligentDonuts,2968028
2026-07-01T21:08:36.479923,2026-07-01T21:08:36.486533+00:00,88.0,47,ask,EarnestEspressos,CostlyCorianders,2968043
2026-07-01T21:08:37.651713,2026-07-01T21:08:37.663620+00:00,88.0,57,ask,EarnestEspressos,DiligentDonuts,2968063
2026-07-01T21:08:38.134739,2026-07-01T21:08:38.145977+00:00,88.0,43,bid,FlawlessFlatbreads,DiligentDonuts,2968078
2026-07-01T21:08:40.298929,2026-07-01T21:08:40.310328+00:00,87.5,50,ask,DiligentDonuts,FlawlessFlatbreads,2968125
2026-07-01T21:08:42.407596,2026-07-01T21:08:42.422379+00:00,87.6,50,ask,DiligentDonuts,FlawlessFlatbreads,2968166
2026-07-01T21:08:42.702234,2026-07-01T21:08:42.713497+00:00,88.0,44,bid,CostlyCorianders,EarnestEspressos,2968169
2026-07-01T21:08:43.778052,2026-07-01T21:08:43.789267+00:00,88.0,44,bid,CostlyCorianders,EarnestEspressos,2968194
2026-07-01T21:08:44.481955,2026-07-01T21:08:44.493404+00:00,87.5,40,ask,EarnestEspressos,CostlyCorianders,2968214
2026-07-01T21:08:46.649498,2026-07-01T21:08:46.663832+00:00,87.5,1,ask,Kelvin Chan,FlawlessFlatbreads,2968251
2026-07-01T21:08:46.649498,2026-07-01T21:08:46.663832+00:00,87.3,49,ask,EarnestEspressos,FlawlessFlatbreads,2968252
2026-07-01T21:08:47.478791,2026-07-01T21:08:47.490233+00:00,87.5,45,bid,CostlyCorianders,DiligentDonuts,2968261
2026-07-01T21:08:47.535450,2026-07-01T21:08:47.543822+00:00,87.3,43,ask,EarnestEspressos,CostlyCorianders,2968262
2026-07-01T21:08:48.706958,2026-07-01T21:08:48.718345+00:00,87.3,50,bid,FlawlessFlatbreads,EarnestEspressos,2968282
2026-07-01T21:08:50.833941,2026-07-01T21:08:50.841489+00:00,87.3,50,bid,FlawlessFlatbreads,EarnestEspressos,2968325
2026-07-01T21:08:51.616693,2026-07-01T21:08:51.628036+00:00,87.5,48,bid,CostlyCorianders,EarnestEspressos,2968341
2026-07-01T21:08:51.671368,2026-07-01T21:08:51.682674+00:00,87.1,42,ask,DiligentDonuts,CostlyCorianders,2968342
2026-07-01T21:08:52.939212,2026-07-01T21:08:52.949252+00:00,87.5,50,bid,FlawlessFlatbreads,EarnestEspressos,2968371
2026-07-01T21:08:53.811348,2026-07-01T21:08:53.822788+00:00,87.5,40,bid,CostlyCorianders,EarnestEspressos,2968384
2026-07-01T21:08:54.347345,2026-07-01T21:08:54.353803+00:00,87.5,100,bid,EarnestEspressos,DiligentDonuts,2968386
2026-07-01T21:08:54.347345,2026-07-01T21:08:54.353803+00:00,87.7,5,bid,EarnestEspressos,Kelvin Chan,2968387
2026-07-01T21:08:54.385638,2026-07-01T21:08:54.394759+00:00,87.7,6,ask,EarnestEspressos,Kelvin Chan,2968390
2026-07-01T21:08:54.409804,2026-07-01T21:08:54.424273+00:00,87.7,39,ask,EarnestEspressos,CostlyCorianders,2968395
2026-07-01T21:08:54.409804,2026-07-01T21:08:54.424273+00:00,87.0,2,ask,DiligentDonuts,CostlyCorianders,2968396
2026-07-01T21:08:55.046118,2026-07-01T21:08:55.063962+00:00,87.6,5,bid,FlawlessFlatbreads,Kelvin Chan,2968415
2026-07-01T21:08:55.046118,2026-07-01T21:08:55.063962+00:00,88.2,45,bid,FlawlessFlatbreads,EarnestEspressos,2968416
2026-07-01T21:08:55.655280,2026-07-01T21:08:55.666875+00:00,87.6,4,bid,CostlyCorianders,Kelvin Chan,2968422
2026-07-01T21:08:57.155987,2026-07-01T21:08:57.154130+00:00,87.6,3,bid,FlawlessFlatbreads,Kelvin Chan,2968451
2026-07-01T21:08:57.155987,2026-07-01T21:08:57.165015+00:00,87.9,47,bid,FlawlessFlatbreads,DiligentDonuts,2968452
2026-07-01T21:08:58.570195,2026-07-01T21:08:58.581361+00:00,87.4,49,ask,DiligentDonuts,CostlyCorianders,2968474
2026-07-01T21:08:59.270158,2026-07-01T21:08:59.281408+00:00,87.7,50,bid,FlawlessFlatbreads,EarnestEspressos,2968483
2026-07-01T21:09:01.378968,2026-07-01T21:09:01.390325+00:00,87.6,2,bid,FlawlessFlatbreads,Kelvin Chan,2968529
2026-07-01T21:09:01.378968,2026-07-01T21:09:01.390325+00:00,87.8,48,bid,FlawlessFlatbreads,DiligentDonuts,2968530
2026-07-01T21:09:02.905393,2026-07-01T21:09:02.912554+00:00,87.7,2,bid,CostlyCorianders,Kelvin Chan,2968556
2026-07-01T21:09:02.905393,2026-07-01T21:09:02.917563+00:00,87.9,41,bid,CostlyCorianders,EarnestEspressos,2968557
2026-07-01T21:09:03.487745,2026-07-01T21:09:03.499342+00:00,87.9,50,bid,FlawlessFlatbreads,EarnestEspressos,2968566
2026-07-01T21:09:03.518383,2026-07-01T21:09:03.526982+00:00,87.4,42,ask,EarnestEspressos,CostlyCorianders,2968567
2026-07-01T21:09:05.151871,2026-07-01T21:09:05.168677+00:00,87.6,41,ask,EarnestEspressos,CostlyCorianders,2968593
2026-07-01T21:09:05.607595,2026-07-01T21:09:05.619272+00:00,87.9,50,bid,FlawlessFlatbreads,DiligentDonuts,2968604
2026-07-01T21:09:06.570019,2026-07-01T21:09:06.584376+00:00,88.1,40,bid,CostlyCorianders,EarnestEspressos,2968613
2026-07-01T21:09:07.021085,2026-07-01T21:09:07.030770+00:00,87.7,3,ask,EarnestEspressos,Xuanyu Liu,2968618
2026-07-01T21:09:07.617290,2026-07-01T21:09:07.626898+00:00,87.7,41,ask,EarnestEspressos,CostlyCorianders,2968627
2026-07-01T21:09:07.715313,2026-07-01T21:09:07.726861+00:00,88.1,50,bid,FlawlessFlatbreads,DiligentDonuts,2968628
2026-07-01T21:09:07.738219,2026-07-01T21:09:07.745612+00:00,87.7,11,ask,EarnestEspressos,Xuanyu Liu,2968629
2026-07-01T21:09:09.065169,2026-07-01T21:09:09.074335+00:00,87.7,12,ask,EarnestEspressos,Xuanyu Liu,2968654
2026-07-01T21:09:09.399416,2026-07-01T21:09:09.410758+00:00,88.1,40,bid,CostlyCorianders,DiligentDonuts,2968656
2026-07-01T21:09:11.925304,2026-07-01T21:09:11.936561+00:00,87.7,50,bid,FlawlessFlatbreads,EarnestEspressos,2968703
2026-07-01T21:09:12.846436,2026-07-01T21:09:12.858548+00:00,87.6,45,ask,DiligentDonuts,CostlyCorianders,2968716
2026-07-01T21:09:14.082140,2026-07-01T21:09:14.093540+00:00,87.6,50,ask,DiligentDonuts,FlawlessFlatbreads,2968741
2026-07-01T21:09:14.417379,2026-07-01T21:09:14.428892+00:00,87.9,47,bid,CostlyCorianders,EarnestEspressos,2968746
2026-07-01T21:09:15.423153,2026-07-01T21:09:15.431341+00:00,87.9,43,bid,CostlyCorianders,EarnestEspressos,2968773
2026-07-01T21:09:15.476289,2026-07-01T21:09:15.487544+00:00,87.6,5,ask,DiligentDonuts,CostlyCorianders,2968774
2026-07-01T21:09:15.476289,2026-07-01T21:09:15.487544+00:00,87.4,36,ask,EarnestEspressos,CostlyCorianders,2968775
2026-07-01T21:09:16.008633,2026-07-01T21:09:16.020306+00:00,87.4,47,ask,EarnestEspressos,CostlyCorianders,2968790
2026-07-01T21:09:16.138607,2026-07-01T21:09:16.163914+00:00,87.8,50,bid,FlawlessFlatbreads,DiligentDonuts,2968791
2026-07-01T21:09:18.297215,2026-07-01T21:09:18.306277+00:00,87.5,50,ask,EarnestEspressos,FlawlessFlatbreads,2968831
2026-07-01T21:09:20.405361,2026-07-01T21:09:20.416616+00:00,87.5,50,ask,DiligentDonuts,FlawlessFlatbreads,2968872
2026-07-01T21:09:20.985271,2026-07-01T21:09:20.996897+00:00,87.7,41,bid,CostlyCorianders,EarnestEspressos,2968881
2026-07-01T21:09:21.643610,2026-07-01T21:09:21.658709+00:00,87.5,48,ask,DiligentDonuts,CostlyCorianders,2968893
2026-07-01T21:09:22.459980,2026-07-01T21:09:22.471461+00:00,87.5,50,bid,FlawlessFlatbreads,DiligentDonuts,2968908
2026-07-01T21:09:23.109763,2026-07-01T21:09:23.121246+00:00,87.5,42,bid,CostlyCorianders,DiligentDonuts,2968915
2026-07-01T21:09:23.480231,2026-07-01T21:09:23.488596+00:00,87.5,8,bid,Xuanyu Liu,DiligentDonuts,2968934
2026-07-01T21:09:24.275198,2026-07-01T21:09:24.283477+00:00,87.7,43,bid,CostlyCorianders,EarnestEspressos,2968953
2026-07-01T21:09:26.724343,2026-07-01T21:09:26.731017+00:00,87.7,50,ask,EarnestEspressos,FlawlessFlatbreads,2969004
2026-07-01T21:09:28.198710,2026-07-01T21:09:28.210115+00:00,87.7,45,ask,EarnestEspressos,CostlyCorianders,2969029
2026-07-01T21:09:28.706028,2026-07-01T21:09:28.717441+00:00,87.9,4,bid,CostlyCorianders,Kelvin Chan,2969036
2026-07-01T21:09:28.706028,2026-07-01T21:09:28.717441+00:00,88.1,38,bid,CostlyCorianders,DiligentDonuts,2969037
2026-07-01T21:09:28.739663,2026-07-01T21:09:28.748208+00:00,87.7,8,ask,EarnestEspressos,Xuanyu Liu,2969041
2026-07-01T21:09:28.829349,2026-07-01T21:09:28.836118+00:00,87.7,47,ask,EarnestEspressos,FlawlessFlatbreads,2969043
2026-07-01T21:09:28.829349,2026-07-01T21:09:28.841299+00:00,87.6,3,ask,DiligentDonuts,FlawlessFlatbreads,2969044
2026-07-01T21:09:29.197794,2026-07-01T21:09:29.209017+00:00,87.6,97,ask,DiligentDonuts,EarnestEspressos,2969053
2026-07-01T21:09:29.210181,2026-07-01T21:09:29.219751+00:00,87.5,12,bid,Xuanyu Liu,EarnestEspressos,2969054
2026-07-01T21:09:29.235026,2026-07-01T21:09:29.246300+00:00,87.0,41,ask,EarnestEspressos,CostlyCorianders,2969056
2026-07-01T21:09:30.259733,2026-07-01T21:09:30.269351+00:00,87.5,11,bid,Xuanyu Liu,EarnestEspressos,2969088
2026-07-01T21:09:30.936887,2026-07-01T21:09:30.948657+00:00,87.0,50,ask,EarnestEspressos,FlawlessFlatbreads,2969097
2026-07-01T21:09:31.364995,2026-07-01T21:09:31.372218+00:00,87.5,3,bid,Xuanyu Liu,EarnestEspressos,2969109
2026-07-01T21:09:31.384665,2026-07-01T21:09:31.392844+00:00,87.5,27,bid,DiligentDonuts,EarnestEspressos,2969112
2026-07-01T21:09:32.691423,2026-07-01T21:09:32.700310+00:00,87.5,3,ask,DiligentDonuts,Xuanyu Liu,2969142
2026-07-01T21:09:33.044031,2026-07-01T21:09:33.063600+00:00,87.5,50,ask,DiligentDonuts,FlawlessFlatbreads,2969147
2026-07-01T21:09:33.251938,2026-07-01T21:09:33.258572+00:00,87.8,4,bid,CostlyCorianders,Kelvin Chan,2969154
2026-07-01T21:09:33.251938,2026-07-01T21:09:33.268950+00:00,88.0,45,bid,CostlyCorianders,DiligentDonuts,2969155
2026-07-01T21:09:34.382948,2026-07-01T21:09:34.392662+00:00,87.5,20,ask,DiligentDonuts,CostlyCorianders,2969179
2026-07-01T21:09:34.382948,2026-07-01T21:09:34.392662+00:00,87.5,29,ask,EarnestEspressos,CostlyCorianders,2969180
2026-07-01T21:09:35.151350,2026-07-01T21:09:35.163572+00:00,87.5,50,ask,EarnestEspressos,FlawlessFlatbreads,2969189
2026-07-01T21:09:36.633623,2026-07-01T21:09:36.642239+00:00,87.6,3,bid,Xuanyu Liu,EarnestEspressos,2969224
2026-07-01T21:09:37.260430,2026-07-01T21:09:37.271951+00:00,87.5,50,ask,DiligentDonuts,FlawlessFlatbreads,2969235
2026-07-01T21:09:38.266665,2026-07-01T21:09:38.276298+00:00,87.6,43,bid,CostlyCorianders,EarnestEspressos,2969252
2026-07-01T21:09:39.375524,2026-07-01T21:09:39.386855+00:00,87.5,1,ask,Kelvin Chan,FlawlessFlatbreads,2969279
2026-07-01T21:09:39.375524,2026-07-01T21:09:39.386855+00:00,87.5,49,ask,EarnestEspressos,FlawlessFlatbreads,2969280
2026-07-01T21:09:41.484180,2026-07-01T21:09:41.493308+00:00,87.5,50,ask,EarnestEspressos,FlawlessFlatbreads,2969317
2026-07-01T21:09:43.545742,2026-07-01T21:09:43.551718+00:00,87.7,50,bid,FlawlessFlatbreads,EarnestEspressos,2969345
2026-07-01T21:09:44.064368,2026-07-01T21:09:44.075675+00:00,87.6,43,ask,DiligentDonuts,CostlyCorianders,2969357
2026-07-01T21:09:45.651480,2026-07-01T21:09:45.657631+00:00,88.0,50,bid,FlawlessFlatbreads,EarnestEspressos,2969382
2026-07-01T21:09:46.735868,2026-07-01T21:09:46.747209+00:00,88.0,41,bid,CostlyCorianders,EarnestEspressos,2969406
2026-07-01T21:09:47.759721,2026-07-01T21:09:47.769213+00:00,88.0,50,bid,FlawlessFlatbreads,EarnestEspressos,2969422
2026-07-01T21:09:48.128374,2026-07-01T21:09:48.138913+00:00,88.2,100,bid,EarnestEspressos,DiligentDonuts,2969428
2026-07-01T21:09:48.190776,2026-07-01T21:09:48.204440+00:00,88.2,3,ask,EarnestEspressos,Xuanyu Liu,2969430
2026-07-01T21:09:49.364847,2026-07-01T21:09:49.376052+00:00,88.2,44,ask,EarnestEspressos,CostlyCorianders,2969446
2026-07-01T21:09:49.918257,2026-07-01T21:09:49.929697+00:00,88.2,3,ask,EarnestEspressos,FlawlessFlatbreads,2969460
2026-07-01T21:09:49.918257,2026-07-01T21:09:49.929697+00:00,87.7,47,ask,DiligentDonuts,FlawlessFlatbreads,2969461
2026-07-01T21:09:50.518183,2026-07-01T21:09:50.529760+00:00,88.3,44,bid,CostlyCorianders,DiligentDonuts,2969467
2026-07-01T21:09:51.976579,2026-07-01T21:09:51.987923+00:00,87.9,50,bid,FlawlessFlatbreads,EarnestEspressos,2969494
2026-07-01T21:09:52.420839,2026-07-01T21:09:52.428917+00:00,87.9,3,bid,Xuanyu Liu,EarnestEspressos,2969511
2026-07-01T21:09:53.544522,2026-07-01T21:09:53.563938+00:00,87.9,97,bid,DiligentDonuts,EarnestEspressos,2969531
2026-07-01T21:09:54.086056,2026-07-01T21:09:54.096023+00:00,88.5,50,bid,FlawlessFlatbreads,DiligentDonuts,2969552
2026-07-01T21:09:54.186077,2026-07-01T21:09:54.197551+00:00,88.0,3,ask,DiligentDonuts,CostlyCorianders,2969553
2026-07-01T21:09:54.485567,2026-07-01T21:09:54.494478+00:00,88.3,3,ask,EarnestEspressos,Xuanyu Liu,2969557
2026-07-01T21:09:54.775275,2026-07-01T21:09:54.783051+00:00,88.5,45,bid,CostlyCorianders,DiligentDonuts,2969562
2026-07-01T21:09:56.192510,2026-07-01T21:09:56.203893+00:00,88.5,5,bid,FlawlessFlatbreads,DiligentDonuts,2969581
2026-07-01T21:09:56.192510,2026-07-01T21:09:56.203893+00:00,88.8,45,bid,FlawlessFlatbreads,EarnestEspressos,2969582
2026-07-01T21:09:56.364855,2026-07-01T21:09:56.373287+00:00,88.3,11,ask,EarnestEspressos,Xuanyu Liu,2969585
2026-07-01T21:09:58.308892,2026-07-01T21:09:58.320116+00:00,88.4,50,bid,FlawlessFlatbreads,DiligentDonuts,2969621
2026-07-01T21:09:58.851779,2026-07-01T21:09:58.863831+00:00,88.2,42,ask,EarnestEspressos,CostlyCorianders,2969629
2026-07-01T21:10:00.416238,2026-07-01T21:10:00.427718+00:00,88.5,50,bid,FlawlessFlatbreads,DiligentDonuts,2969666
2026-07-01T21:10:01.393962,2026-07-01T21:10:01.405500+00:00,88.2,1,bid,CostlyCorianders,Kelvin Chan,2969680
2026-07-01T21:10:02.540476,2026-07-01T21:10:02.563770+00:00,88.5,50,bid,FlawlessFlatbreads,DiligentDonuts,2969699
2026-07-01T21:10:04.166411,2026-07-01T21:10:04.178763+00:00,88.4,12,ask,DiligentDonuts,Xuanyu Liu,2969736
2026-07-01T21:10:04.648787,2026-07-01T21:10:04.663944+00:00,88.7,50,bid,FlawlessFlatbreads,EarnestEspressos,2969749
2026-07-01T21:10:06.323043,2026-07-01T21:10:06.334430+00:00,88.3,41,ask,DiligentDonuts,CostlyCorianders,2969777
2026-07-01T21:10:06.826406,2026-07-01T21:10:06.837699+00:00,88.3,50,ask,DiligentDonuts,FlawlessFlatbreads,2969794
2026-07-01T21:10:07.783253,2026-07-01T21:10:07.792667+00:00,88.8,42,bid,CostlyCorianders,DiligentDonuts,2969817
2026-07-01T21:10:07.804096,2026-07-01T21:10:07.812082+00:00,88.5,11,ask,EarnestEspressos,Xuanyu Liu,2969820
2026-07-01T21:10:09.006365,2026-07-01T21:10:09.012500+00:00,88.5,5,ask,EarnestEspressos,Kelvin Chan,2969842
2026-07-01T21:10:09.828982,2026-07-01T21:10:09.840110+00:00,88.5,43,ask,EarnestEspressos,CostlyCorianders,2969863
2026-07-01T21:10:10.003467,2026-07-01T21:10:10.014854+00:00,88.5,4,ask,EarnestEspressos,Kelvin Chan,2969865
2026-07-01T21:10:10.984963,2026-07-01T21:10:10.994883+00:00,88.6,50,bid,FlawlessFlatbreads,DiligentDonuts,2969893
2026-07-01T21:10:12.531626,2026-07-01T21:10:12.542838+00:00,88.4,43,ask,DiligentDonuts,CostlyCorianders,2969922
2026-07-01T21:10:13.142179,2026-07-01T21:10:13.148398+00:00,88.4,50,ask,DiligentDonuts,FlawlessFlatbreads,2969934
2026-07-01T21:10:13.460330,2026-07-01T21:10:13.471151+00:00,88.5,1,bid,Xuanyu Liu,Kelvin Chan,2969937
2026-07-01T21:10:14.778674,2026-07-01T21:10:14.787289+00:00,88.4,7,ask,DiligentDonuts,Xuanyu Liu,2969963
2026-07-01T21:10:15.249689,2026-07-01T21:10:15.251792+00:00,88.1,2,ask,Kelvin Chan,FlawlessFlatbreads,2969970
2026-07-01T21:10:15.249689,2026-07-01T21:10:15.251792+00:00,88.1,48,ask,EarnestEspressos,FlawlessFlatbreads,2969971
2026-07-01T21:10:16.235262,2026-07-01T21:10:16.242368+00:00,88.3,49,bid,CostlyCorianders,DiligentDonuts,2969981
2026-07-01T21:10:16.675502,2026-07-01T21:10:16.701887+00:00,88.2,5,ask,Kelvin Chan,EarnestEspressos,2969985
2026-07-01T21:10:16.692438,2026-07-01T21:10:16.701887+00:00,88.2,6,bid,Xuanyu Liu,EarnestEspressos,2969987
2026-07-01T21:10:17.229940,2026-07-01T21:10:17.240991+00:00,88.2,10,bid,Xuanyu Liu,EarnestEspressos,2970001
2026-07-01T21:10:17.357681,2026-07-01T21:10:17.369256+00:00,87.8,50,ask,DiligentDonuts,FlawlessFlatbreads,2970003
2026-07-01T21:10:17.396242,2026-07-01T21:10:17.405657+00:00,88.2,13,bid,Xuanyu Liu,EarnestEspressos,2970004
2026-07-01T21:10:17.597497,2026-07-01T21:10:17.606193+00:00,88.2,4,bid,Kelvin Chan,EarnestEspressos,2970008
2026-07-01T21:10:19.464553,2026-07-01T21:10:19.471558+00:00,88.0,50,ask,DiligentDonuts,FlawlessFlatbreads,2970044
2026-07-01T21:10:21.570017,2026-07-01T21:10:21.581400+00:00,88.0,50,ask,DiligentDonuts,FlawlessFlatbreads,2970087
2026-07-01T21:10:23.425723,2026-07-01T21:10:23.437308+00:00,88.3,46,bid,CostlyCorianders,DiligentDonuts,2970120
2026-07-01T21:10:23.675859,2026-07-01T21:10:23.687334+00:00,88.1,1,ask,Kelvin Chan,FlawlessFlatbreads,2970127
2026-07-01T21:10:25.784522,2026-07-01T21:10:25.796213+00:00,88.1,1,ask,Kelvin Chan,FlawlessFlatbreads,2970177
2026-07-01T21:10:25.784522,2026-07-01T21:10:25.796213+00:00,87.9,49,ask,EarnestEspressos,FlawlessFlatbreads,2970178
2026-07-01T21:10:26.135136,2026-07-01T21:10:26.146370+00:00,87.9,48,ask,DiligentDonuts,CostlyCorianders,2970185
2026-07-01T21:10:27.581929,2026-07-01T21:10:27.592819+00:00,88.0,3,ask,Kelvin Chan,CostlyCorianders,2970217
2026-07-01T21:10:27.895362,2026-07-01T21:10:27.906675+00:00,88.0,2,ask,Kelvin Chan,FlawlessFlatbreads,2970228
2026-07-01T21:10:27.895362,2026-07-01T21:10:27.906675+00:00,87.9,48,ask,DiligentDonuts,FlawlessFlatbreads,2970229
2026-07-01T21:10:28.406065,2026-07-01T21:10:28.413972+00:00,88.1,11,bid,Xuanyu Liu,DiligentDonuts,2970246
2026-07-01T21:10:30.003889,2026-07-01T21:10:30.015388+00:00,87.9,50,ask,EarnestEspressos,FlawlessFlatbreads,2970266
2026-07-01T21:10:32.060721,2026-07-01T21:10:32.072060+00:00,88.1,50,bid,FlawlessFlatbreads,DiligentDonuts,2970300
2026-07-01T21:10:32.927268,2026-07-01T21:10:32.938673+00:00,88.1,49,bid,CostlyCorianders,DiligentDonuts,2970322
2026-07-01T21:10:34.168154,2026-07-01T21:10:34.176077+00:00,88.1,1,bid,FlawlessFlatbreads,DiligentDonuts,2970338
2026-07-01T21:10:34.168154,2026-07-01T21:10:34.181105+00:00,88.1,49,bid,FlawlessFlatbreads,EarnestEspressos,2970339
2026-07-01T21:10:36.276968,2026-07-01T21:10:36.288665+00:00,88.3,3,bid,FlawlessFlatbreads,Kelvin Chan,2970384
2026-07-01T21:10:36.276968,2026-07-01T21:10:36.288665+00:00,88.3,47,bid,FlawlessFlatbreads,DiligentDonuts,2970385
2026-07-01T21:10:37.674936,2026-07-01T21:10:37.686197+00:00,87.8,48,ask,DiligentDonuts,CostlyCorianders,2970410
2026-07-01T21:10:40.490939,2026-07-01T21:10:40.500807+00:00,88.1,50,bid,FlawlessFlatbreads,DiligentDonuts,2970467
2026-07-01T21:10:44.753482,2026-07-01T21:10:44.763826+00:00,87.9,50,ask,DiligentDonuts,FlawlessFlatbreads,2970544
2026-07-01T21:10:47.818719,2026-07-01T21:10:47.828343+00:00,88.2,1,bid,CostlyCorianders,Kelvin Chan,2970595
2026-07-01T21:10:47.818719,2026-07-01T21:10:47.828343+00:00,88.2,40,bid,CostlyCorianders,EarnestEspressos,2970596
2026-07-01T21:10:48.914591,2026-07-01T21:10:48.922636+00:00,88.3,42,bid,CostlyCorianders,DiligentDonuts,2970619
2026-07-01T21:10:48.922429,2026-07-01T21:10:48.933241+00:00,88.3,50,bid,FlawlessFlatbreads,DiligentDonuts,2970621
2026-07-01T21:10:51.028513,2026-07-01T21:10:51.040128+00:00,88.4,50,bid,FlawlessFlatbreads,EarnestEspressos,2970660
2026-07-01T21:10:52.588550,2026-07-01T21:10:52.598784+00:00,88.1,11,ask,DiligentDonuts,Xuanyu Liu,2970699
2026-07-01T21:10:53.205732,2026-07-01T21:10:53.216971+00:00,88.1,50,ask,DiligentDonuts,FlawlessFlatbreads,2970715
2026-07-01T21:10:53.904964,2026-07-01T21:10:53.916197+00:00,88.1,44,ask,EarnestEspressos,CostlyCorianders,2970726
2026-07-01T21:10:55.261364,2026-07-01T21:10:55.272572+00:00,88.3,50,bid,FlawlessFlatbreads,DiligentDonuts,2970747
2026-07-01T21:10:55.412950,2026-07-01T21:10:55.424270+00:00,87.8,43,ask,DiligentDonuts,CostlyCorianders,2970750
2026-07-01T21:10:57.369416,2026-07-01T21:10:57.382134+00:00,88.2,50,bid,FlawlessFlatbreads,DiligentDonuts,2970778
