timestamp,recv_time,price,volume,aggressor_side,buyer,seller,trade_id
2026-07-01T06:59:59.291124,2026-06-30T21:00:00.481995+00:00,70.6,43,bid,CostlyCorianders,DiligentDonuts,1144969
2026-07-01T06:59:59.839460,2026-06-30T21:00:01.028076+00:00,70.1,50,ask,EarnestEspressos,FlawlessFlatbreads,1144983
2026-07-01T07:00:00.837486,2026-06-30T21:00:02.026956+00:00,70.5,42,ask,DiligentDonuts,CostlyCorianders,1144999
2026-07-01T07:00:02.152419,2026-06-30T21:00:03.340434+00:00,70.5,58,ask,DiligentDonuts,EarnestEspressos,1145013
2026-07-01T07:00:05.250761,2026-06-30T21:00:06.445115+00:00,70.1,42,ask,DiligentDonuts,CostlyCorianders,1145055
2026-07-01T07:00:05.743763,2026-06-30T21:00:06.933303+00:00,70.1,43,ask,DiligentDonuts,CostlyCorianders,1145063
2026-07-01T07:00:06.101260,2026-06-30T21:00:07.298704+00:00,70.6,50,bid,FlawlessFlatbreads,DiligentDonuts,1145066
2026-07-01T07:00:07.401376,2026-06-30T21:00:08.642342+00:00,70.3,44,bid,CostlyCorianders,DiligentDonuts,1145082
2026-07-01T07:00:10.310529,2026-06-30T21:00:11.503604+00:00,70.4,50,bid,FlawlessFlatbreads,EarnestEspressos,1145130
2026-07-01T07:00:13.158028,2026-06-30T21:00:14.352103+00:00,70.7,49,bid,CostlyCorianders,EarnestEspressos,1145168
2026-07-01T07:00:15.232612,2026-06-30T21:00:16.425469+00:00,70.5,40,ask,EarnestEspressos,CostlyCorianders,1145204
2026-07-01T07:00:16.262408,2026-06-30T21:00:17.461294+00:00,70.5,110,ask,EarnestEspressos,Chester Au,1145219
2026-07-01T07:00:16.685906,2026-06-30T21:00:17.884039+00:00,70.1,50,ask,DiligentDonuts,FlawlessFlatbreads,1145231
2026-07-01T07:00:17.811154,2026-06-30T21:00:19.008421+00:00,70.6,48,bid,CostlyCorianders,DiligentDonuts,1145257
2026-07-01T07:00:18.510665,2026-06-30T21:00:19.707959+00:00,70.1,41,ask,DiligentDonuts,CostlyCorianders,1145263
2026-07-01T07:00:18.791683,2026-06-30T21:00:19.980340+00:00,69.8,50,ask,EarnestEspressos,FlawlessFlatbreads,1145267
2026-07-01T07:00:21.173008,2026-06-30T21:00:22.367334+00:00,70.2,110,bid,Chester Au,EarnestEspressos,1145303
2026-07-01T07:00:21.579137,2026-06-30T21:00:22.768547+00:00,70.2,40,bid,CostlyCorianders,EarnestEspressos,1145309
2026-07-01T07:00:21.579137,2026-06-30T21:00:22.779547+00:00,70.4,1,bid,CostlyCorianders,DiligentDonuts,1145310
2026-07-01T07:00:22.212551,2026-06-30T21:00:23.404052+00:00,70.0,40,ask,DiligentDonuts,CostlyCorianders,1145320
2026-07-01T07:00:23.006901,2026-06-30T21:00:24.203397+00:00,70.0,50,ask,DiligentDonuts,FlawlessFlatbreads,1145330
2026-07-01T07:00:24.274627,2026-06-30T21:00:25.462024+00:00,70.5,100,bid,EarnestEspressos,DiligentDonuts,1145353
2026-07-01T07:00:26.882732,2026-06-30T21:00:28.076062+00:00,70.7,44,bid,CostlyCorianders,DiligentDonuts,1145386
2026-07-01T07:00:26.937014,2026-06-30T21:00:28.131062+00:00,70.5,49,ask,EarnestEspressos,CostlyCorianders,1145387
2026-07-01T07:00:27.165006,2026-06-30T21:00:28.360396+00:00,70.7,50,bid,FlawlessFlatbreads,DiligentDonuts,1145391
2026-07-01T07:00:28.323942,2026-06-30T21:00:29.518053+00:00,70.3,100,bid,DiligentDonuts,EarnestEspressos,1145411
2026-07-01T07:00:28.600722,2026-06-30T21:00:29.788595+00:00,70.3,40,bid,CostlyCorianders,EarnestEspressos,1145419
2026-07-01T07:00:29.273857,2026-06-30T21:00:30.466620+00:00,70.3,10,bid,FlawlessFlatbreads,EarnestEspressos,1145425
2026-07-01T07:00:29.273857,2026-06-30T21:00:30.466620+00:00,70.9,40,bid,FlawlessFlatbreads,DiligentDonuts,1145426
2026-07-01T07:00:31.380931,2026-06-30T21:00:32.578431+00:00,70.7,10,bid,FlawlessFlatbreads,Zijun Feng,1145461
2026-07-01T07:00:31.380931,2026-06-30T21:00:32.578431+00:00,70.8,40,bid,FlawlessFlatbreads,EarnestEspressos,1145462
2026-07-01T07:00:33.539227,2026-06-30T21:00:34.736419+00:00,70.4,10,ask,Zijun Feng,FlawlessFlatbreads,1145486
2026-07-01T07:00:33.539227,2026-06-30T21:00:34.736419+00:00,70.3,40,ask,EarnestEspressos,FlawlessFlatbreads,1145487
2026-07-01T07:00:33.770648,2026-06-30T21:00:34.962420+00:00,70.6,100,bid,EarnestEspressos,DiligentDonuts,1145489
2026-07-01T07:00:35.648088,2026-06-30T21:00:36.845866+00:00,70.6,50,ask,EarnestEspressos,FlawlessFlatbreads,1145523
2026-07-01T07:00:36.989698,2026-06-30T21:00:38.182641+00:00,70.6,100,ask,DiligentDonuts,EarnestEspressos,1145541
2026-07-01T07:00:38.888106,2026-06-30T21:00:40.086710+00:00,70.5,46,bid,CostlyCorianders,EarnestEspressos,1145576
2026-07-01T07:00:39.838177,2026-06-30T21:00:41.026455+00:00,70.5,4,bid,FlawlessFlatbreads,EarnestEspressos,1145587
2026-07-01T07:00:39.838177,2026-06-30T21:00:41.037456+00:00,70.8,46,bid,FlawlessFlatbreads,DiligentDonuts,1145588
2026-07-01T07:00:41.949934,2026-06-30T21:00:43.140440+00:00,71.0,50,bid,FlawlessFlatbreads,EarnestEspressos,1145619
2026-07-01T07:00:42.071450,2026-06-30T21:00:43.260882+00:00,70.5,40,ask,EarnestEspressos,CostlyCorianders,1145620
2026-07-01T07:00:44.129864,2026-06-30T21:00:45.325125+00:00,70.6,50,ask,EarnestEspressos,FlawlessFlatbreads,1145650
2026-07-01T07:00:46.613124,2026-06-30T21:00:47.803137+00:00,70.5,40,ask,DiligentDonuts,CostlyCorianders,1145696
2026-07-01T07:00:48.293615,2026-06-30T21:00:49.482093+00:00,70.8,50,bid,FlawlessFlatbreads,EarnestEspressos,1145709
2026-07-01T07:00:50.399165,2026-06-30T21:00:51.594393+00:00,70.7,10,bid,FlawlessFlatbreads,Zijun Feng,1145741
2026-07-01T07:00:50.399165,2026-06-30T21:00:51.594393+00:00,70.8,40,bid,FlawlessFlatbreads,DiligentDonuts,1145742
2026-07-01T07:00:52.508470,2026-06-30T21:00:53.703717+00:00,70.7,50,bid,FlawlessFlatbreads,DiligentDonuts,1145769
2026-07-01T07:00:52.992632,2026-06-30T21:00:54.181433+00:00,70.7,47,bid,CostlyCorianders,DiligentDonuts,1145777
2026-07-01T07:00:53.802521,2026-06-30T21:00:54.992373+00:00,70.6,100,ask,DiligentDonuts,Chester Au,1145790
2026-07-01T07:00:54.613808,2026-06-30T21:00:55.811014+00:00,71.0,50,bid,FlawlessFlatbreads,EarnestEspressos,1145795
2026-07-01T07:00:55.252469,2026-06-30T21:00:56.445397+00:00,70.5,100,ask,EarnestEspressos,Chester Au,1145805
2026-07-01T07:00:56.196143,2026-06-30T21:00:57.393517+00:00,70.3,44,ask,EarnestEspressos,CostlyCorianders,1145826
2026-07-01T07:00:57.700571,2026-06-30T21:00:58.892706+00:00,70.8,45,bid,CostlyCorianders,EarnestEspressos,1145846
2026-07-01T07:00:58.284634,2026-06-30T21:00:59.481741+00:00,70.4,46,ask,DiligentDonuts,CostlyCorianders,1145855
2026-07-01T07:00:58.850296,2026-06-30T21:01:00.038852+00:00,70.8,50,bid,FlawlessFlatbreads,EarnestEspressos,1145868
2026-07-01T07:00:59.260334,2026-06-30T21:01:00.453894+00:00,70.5,49,ask,EarnestEspressos,CostlyCorianders,1145871
2026-07-01T07:01:00.444593,2026-06-30T21:01:01.636555+00:00,70.8,49,bid,CostlyCorianders,DiligentDonuts,1145885
2026-07-01T07:01:00.958911,2026-06-30T21:01:02.151110+00:00,70.8,50,bid,FlawlessFlatbreads,DiligentDonuts,1145888
2026-07-01T07:01:01.405922,2026-06-30T21:01:02.600735+00:00,70.8,1,bid,CostlyCorianders,DiligentDonuts,1145900
2026-07-01T07:01:02.990852,2026-06-30T21:01:04.183175+00:00,70.9,42,bid,CostlyCorianders,EarnestEspressos,1145921
2026-07-01T07:01:03.045092,2026-06-30T21:01:04.237868+00:00,70.4,46,ask,EarnestEspressos,CostlyCorianders,1145923
2026-07-01T07:01:03.065557,2026-06-30T21:01:04.259273+00:00,70.9,50,bid,FlawlessFlatbreads,EarnestEspressos,1145924
2026-07-01T07:01:04.722563,2026-06-30T21:01:05.913579+00:00,70.7,45,ask,DiligentDonuts,CostlyCorianders,1145946
2026-07-01T07:01:05.172922,2026-06-30T21:01:06.360819+00:00,70.9,50,bid,FlawlessFlatbreads,EarnestEspressos,1145953
2026-07-01T07:01:07.329705,2026-06-30T21:01:08.519424+00:00,70.8,50,ask,EarnestEspressos,FlawlessFlatbreads,1145994
2026-07-01T07:01:08.929590,2026-06-30T21:01:10.121106+00:00,71.0,41,bid,CostlyCorianders,DiligentDonuts,1146009
2026-07-01T07:01:11.539550,2026-06-30T21:01:12.737852+00:00,70.6,50,ask,EarnestEspressos,FlawlessFlatbreads,1146046
2026-07-01T07:01:13.267804,2026-06-30T21:01:14.457174+00:00,70.9,48,bid,CostlyCorianders,EarnestEspressos,1146074
2026-07-01T07:01:13.601098,2026-06-30T21:01:14.796681+00:00,70.9,50,bid,FlawlessFlatbreads,EarnestEspressos,1146078
2026-07-01T07:01:14.922088,2026-06-30T21:01:16.111512+00:00,70.8,42,ask,EarnestEspressos,CostlyCorianders,1146094
2026-07-01T07:01:15.710556,2026-06-30T21:01:16.898834+00:00,71.1,50,bid,FlawlessFlatbreads,DiligentDonuts,1146102
2026-07-01T07:01:16.650043,2026-06-30T21:01:17.845121+00:00,70.8,45,ask,EarnestEspressos,CostlyCorianders,1146116
2026-07-01T07:01:17.256450,2026-06-30T21:01:18.445144+00:00,70.8,47,ask,EarnestEspressos,CostlyCorianders,1146124
2026-07-01T07:01:17.870246,2026-06-30T21:01:19.058771+00:00,70.8,16,ask,EarnestEspressos,FlawlessFlatbreads,1146133
2026-07-01T07:01:17.870246,2026-06-30T21:01:19.070218+00:00,70.7,34,ask,DiligentDonuts,FlawlessFlatbreads,1146134
2026-07-01T07:01:23.564942,2026-06-30T21:01:24.756942+00:00,70.7,40,bid,CostlyCorianders,EarnestEspressos,1146220
2026-07-01T07:01:24.139395,2026-06-30T21:01:25.337648+00:00,70.7,50,bid,FlawlessFlatbreads,EarnestEspressos,1146235
2026-07-01T07:01:24.960213,2026-06-30T21:01:26.153786+00:00,70.8,10,bid,CostlyCorianders,Zijun Feng,1146241
2026-07-01T07:01:24.960213,2026-06-30T21:01:26.153786+00:00,70.9,39,bid,CostlyCorianders,EarnestEspressos,1146242
2026-07-01T07:01:26.244759,2026-06-30T21:01:27.441299+00:00,70.9,50,bid,FlawlessFlatbreads,EarnestEspressos,1146263
2026-07-01T07:01:27.235051,2026-06-30T21:01:28.426250+00:00,70.5,46,ask,DiligentDonuts,CostlyCorianders,1146278
2026-07-01T07:01:28.353863,2026-06-30T21:01:29.551123+00:00,71.0,50,bid,FlawlessFlatbreads,DiligentDonuts,1146294
2026-07-01T07:01:28.372566,2026-06-30T21:01:29.561641+00:00,70.7,46,ask,EarnestEspressos,CostlyCorianders,1146295
2026-07-01T07:01:30.461756,2026-06-30T21:01:31.658785+00:00,71.0,50,bid,FlawlessFlatbreads,DiligentDonuts,1146323
2026-07-01T07:01:30.876230,2026-06-30T21:01:32.072261+00:00,71.0,48,bid,CostlyCorianders,DiligentDonuts,1146329
2026-07-01T07:01:32.574016,2026-06-30T21:01:33.771601+00:00,71.0,50,bid,FlawlessFlatbreads,EarnestEspressos,1146346
2026-07-01T07:01:34.680138,2026-06-30T21:01:35.877935+00:00,71.0,10,bid,FlawlessFlatbreads,Zijun Feng,1146377
2026-07-01T07:01:34.680138,2026-06-30T21:01:35.877935+00:00,71.1,40,bid,FlawlessFlatbreads,EarnestEspressos,1146378
2026-07-01T07:01:38.949196,2026-06-30T21:01:40.146838+00:00,70.6,50,ask,DiligentDonuts,FlawlessFlatbreads,1146443
2026-07-01T07:01:41.056244,2026-06-30T21:01:42.246617+00:00,70.5,50,ask,EarnestEspressos,FlawlessFlatbreads,1146476
2026-07-01T07:01:42.553435,2026-06-30T21:01:43.750282+00:00,70.8,45,bid,CostlyCorianders,DiligentDonuts,1146500
2026-07-01T07:01:43.141483,2026-06-30T21:01:44.329079+00:00,70.5,40,ask,EarnestEspressos,CostlyCorianders,1146501
2026-07-01T07:01:43.163394,2026-06-30T21:01:44.351079+00:00,70.5,50,ask,EarnestEspressos,FlawlessFlatbreads,1146502
2026-07-01T07:01:45.774050,2026-06-30T21:01:46.969460+00:00,70.5,41,bid,CostlyCorianders,EarnestEspressos,1146542
2026-07-01T07:01:47.347868,2026-06-30T21:01:48.542480+00:00,70.6,50,bid,FlawlessFlatbreads,EarnestEspressos,1146565
2026-07-01T07:01:48.053051,2026-06-30T21:01:49.241643+00:00,70.5,10,bid,CostlyCorianders,Zijun Feng,1146572
2026-07-01T07:01:49.112232,2026-06-30T21:01:50.300655+00:00,70.3,40,ask,DiligentDonuts,CostlyCorianders,1146590
2026-07-01T07:01:49.512874,2026-06-30T21:01:50.704159+00:00,70.3,50,ask,DiligentDonuts,FlawlessFlatbreads,1146593
2026-07-01T07:01:51.619491,2026-06-30T21:01:52.809956+00:00,70.3,50,ask,EarnestEspressos,FlawlessFlatbreads,1146616
2026-07-01T07:01:52.302866,2026-06-30T21:01:53.502004+00:00,70.6,48,bid,CostlyCorianders,DiligentDonuts,1146627
2026-07-01T07:01:53.725553,2026-06-30T21:01:54.919684+00:00,70.2,50,ask,EarnestEspressos,FlawlessFlatbreads,1146639
2026-07-01T07:01:55.195146,2026-06-30T21:01:56.393203+00:00,70.4,47,ask,DiligentDonuts,CostlyCorianders,1146655
2026-07-01T07:01:55.745293,2026-06-30T21:01:56.941918+00:00,70.4,41,ask,DiligentDonuts,CostlyCorianders,1146661
2026-07-01T07:01:55.832680,2026-06-30T21:01:57.029937+00:00,70.4,12,ask,DiligentDonuts,FlawlessFlatbreads,1146662
2026-07-01T07:01:55.832680,2026-06-30T21:01:57.029937+00:00,70.2,38,ask,EarnestEspressos,FlawlessFlatbreads,1146663
2026-07-01T07:01:57.941485,2026-06-30T21:01:59.131198+00:00,69.8,50,ask,DiligentDonuts,FlawlessFlatbreads,1146687
2026-07-01T07:02:00.048160,2026-06-30T21:02:01.241151+00:00,69.8,10,ask,Zijun Feng,FlawlessFlatbreads,1146711
2026-07-01T07:02:00.048160,2026-06-30T21:02:01.241151+00:00,69.5,40,ask,EarnestEspressos,FlawlessFlatbreads,1146712
2026-07-01T07:02:02.157034,2026-06-30T21:02:03.353401+00:00,69.7,50,ask,DiligentDonuts,FlawlessFlatbreads,1146743
2026-07-01T07:02:04.263037,2026-06-30T21:02:05.458831+00:00,69.7,10,ask,Zijun Feng,FlawlessFlatbreads,1146772
2026-07-01T07:02:04.263037,2026-06-30T21:02:05.458831+00:00,69.6,40,ask,DiligentDonuts,FlawlessFlatbreads,1146773
2026-07-01T07:02:06.371713,2026-06-30T21:02:07.561256+00:00,69.3,50,ask,EarnestEspressos,FlawlessFlatbreads,1146812
2026-07-01T07:02:08.479114,2026-06-30T21:02:09.668993+00:00,69.5,10,ask,Zijun Feng,FlawlessFlatbreads,1146836
2026-07-01T07:02:08.479114,2026-06-30T21:02:09.668993+00:00,69.4,40,ask,DiligentDonuts,FlawlessFlatbreads,1146837
2026-07-01T07:02:08.771599,2026-06-30T21:02:09.965040+00:00,69.7,150,bid,Chester Au,EarnestEspressos,1146843
2026-07-01T07:02:09.353910,2026-06-30T21:02:10.547624+00:00,69.9,41,bid,CostlyCorianders,DiligentDonuts,1146856
2026-07-01T07:02:10.590251,2026-06-30T21:02:11.784771+00:00,69.4,50,ask,DiligentDonuts,FlawlessFlatbreads,1146883
2026-07-01T07:02:11.303144,2026-06-30T21:02:12.495510+00:00,69.9,49,bid,CostlyCorianders,DiligentDonuts,1146889
2026-07-01T07:02:12.513957,2026-06-30T21:02:13.706603+00:00,69.7,48,ask,EarnestEspressos,CostlyCorianders,1146905
2026-07-01T07:02:12.697978,2026-06-30T21:02:13.893032+00:00,69.7,50,ask,EarnestEspressos,FlawlessFlatbreads,1146909
2026-07-01T07:02:12.814827,2026-06-30T21:02:14.013043+00:00,69.7,52,ask,EarnestEspressos,DiligentDonuts,1146911
2026-07-01T07:02:12.998278,2026-06-30T21:02:14.188072+00:00,69.6,45,bid,CostlyCorianders,DiligentDonuts,1146915
2026-07-01T07:02:15.281978,2026-06-30T21:02:16.470378+00:00,69.4,50,bid,Chester Au,EarnestEspressos,1146945
2026-07-01T07:02:15.928955,2026-06-30T21:02:17.126146+00:00,69.4,100,bid,DiligentDonuts,EarnestEspressos,1146952
2026-07-01T07:02:19.012000,2026-06-30T21:02:20.203813+00:00,69.6,50,ask,EarnestEspressos,FlawlessFlatbreads,1146986
2026-07-01T07:02:20.102788,2026-06-30T21:02:21.300955+00:00,69.6,40,ask,EarnestEspressos,CostlyCorianders,1147000
2026-07-01T07:02:21.124580,2026-06-30T21:02:22.318847+00:00,69.6,50,ask,EarnestEspressos,FlawlessFlatbreads,1147010
2026-07-01T07:02:23.180715,2026-06-30T21:02:24.376834+00:00,69.6,50,bid,FlawlessFlatbreads,DiligentDonuts,1147055
2026-07-01T07:02:24.214045,2026-06-30T21:02:25.407907+00:00,69.6,48,bid,CostlyCorianders,DiligentDonuts,1147068
2026-07-01T07:02:25.288927,2026-06-30T21:02:26.479597+00:00,69.5,50,bid,FlawlessFlatbreads,EarnestEspressos,1147082
2026-07-01T07:02:27.282985,2026-06-30T21:02:28.481846+00:00,69.5,43,bid,CostlyCorianders,EarnestEspressos,1147114
2026-07-01T07:02:27.394896,2026-06-30T21:02:28.591859+00:00,69.5,50,bid,FlawlessFlatbreads,EarnestEspressos,1147115
2026-07-01T07:02:31.660423,2026-06-30T21:02:32.857915+00:00,69.7,50,ask,EarnestEspressos,FlawlessFlatbreads,1147171
2026-07-01T07:02:35.862071,2026-06-30T21:02:37.049906+00:00,69.7,47,ask,DiligentDonuts,CostlyCorianders,1147232
2026-07-01T07:02:36.946976,2026-06-30T21:02:38.143050+00:00,69.7,40,ask,DiligentDonuts,CostlyCorianders,1147245
2026-07-01T07:02:38.394296,2026-06-30T21:02:39.585146+00:00,69.7,48,ask,EarnestEspressos,CostlyCorianders,1147261
2026-07-01T07:02:39.465578,2026-06-30T21:02:40.661974+00:00,69.9,49,bid,CostlyCorianders,DiligentDonuts,1147270
2026-07-01T07:02:39.992584,2026-06-30T21:02:41.190144+00:00,69.7,41,ask,EarnestEspressos,CostlyCorianders,1147274
2026-07-01T07:02:40.098435,2026-06-30T21:02:41.289034+00:00,69.7,50,ask,EarnestEspressos,FlawlessFlatbreads,1147276
2026-07-01T07:02:42.032476,2026-06-30T21:02:43.223638+00:00,69.5,42,bid,CostlyCorianders,EarnestEspressos,1147307
2026-07-01T07:02:42.153153,2026-06-30T21:02:43.343696+00:00,69.5,50,bid,FlawlessFlatbreads,EarnestEspressos,1147309
2026-07-01T07:02:43.141147,2026-06-30T21:02:44.332430+00:00,69.5,42,bid,CostlyCorianders,EarnestEspressos,1147330
2026-07-01T07:02:44.311308,2026-06-30T21:02:45.504966+00:00,69.5,50,ask,EarnestEspressos,FlawlessFlatbreads,1147348
2026-07-01T07:02:46.417169,2026-06-30T21:02:47.611417+00:00,69.5,50,ask,EarnestEspressos,FlawlessFlatbreads,1147376
2026-07-01T07:02:46.630197,2026-06-30T21:02:47.818769+00:00,69.5,43,ask,EarnestEspressos,CostlyCorianders,1147381
2026-07-01T07:02:46.758967,2026-06-30T21:02:47.950637+00:00,69.2,100,ask,DiligentDonuts,EarnestEspressos,1147382
2026-07-01T07:02:48.273882,2026-06-30T21:02:49.467696+00:00,69.1,47,bid,CostlyCorianders,EarnestEspressos,1147408
2026-07-01T07:02:48.524204,2026-06-30T21:02:49.719021+00:00,68.9,50,ask,DiligentDonuts,FlawlessFlatbreads,1147410
2026-07-01T07:02:50.580587,2026-06-30T21:02:51.772744+00:00,69.4,50,bid,FlawlessFlatbreads,DiligentDonuts,1147440
2026-07-01T07:02:51.471745,2026-06-30T21:02:52.664661+00:00,69.3,43,bid,CostlyCorianders,DiligentDonuts,1147455
2026-07-01T07:02:52.548962,2026-06-30T21:02:53.740017+00:00,69.2,42,ask,EarnestEspressos,CostlyCorianders,1147466
2026-07-01T07:02:52.689047,2026-06-30T21:02:53.880859+00:00,69.3,50,bid,FlawlessFlatbreads,DiligentDonuts,1147472
2026-07-01T07:02:54.846526,2026-06-30T21:02:56.041085+00:00,69.1,50,ask,EarnestEspressos,FlawlessFlatbreads,1147509
2026-07-01T07:02:56.289289,2026-06-30T21:02:57.483416+00:00,69.4,44,bid,CostlyCorianders,EarnestEspressos,1147530
2026-07-01T07:02:56.902616,2026-06-30T21:02:58.095537+00:00,69.4,50,bid,FlawlessFlatbreads,EarnestEspressos,1147539
2026-07-01T07:02:59.010204,2026-06-30T21:03:00.204357+00:00,69.4,50,bid,FlawlessFlatbreads,EarnestEspressos,1147572
2026-07-01T07:02:59.382239,2026-06-30T21:03:00.576395+00:00,69.6,100,bid,EarnestEspressos,DiligentDonuts,1147579
2026-07-01T07:03:00.741521,2026-06-30T21:03:01.933018+00:00,69.7,43,ask,EarnestEspressos,CostlyCorianders,1147591
2026-07-01T07:03:01.115062,2026-06-30T21:03:02.313079+00:00,70.0,50,bid,FlawlessFlatbreads,DiligentDonuts,1147599
2026-07-01T07:03:02.609137,2026-06-30T21:03:03.808417+00:00,69.5,100,ask,DiligentDonuts,EarnestEspressos,1147621
2026-07-01T07:03:02.803953,2026-06-30T21:03:03.994267+00:00,69.0,10,ask,Zijun Feng,CostlyCorianders,1147622
2026-07-01T07:03:02.803953,2026-06-30T21:03:03.994267+00:00,68.9,32,ask,EarnestEspressos,CostlyCorianders,1147623
2026-07-01T07:03:03.221813,2026-06-30T21:03:04.420416+00:00,69.4,50,bid,FlawlessFlatbreads,EarnestEspressos,1147635
2026-07-01T07:03:05.330293,2026-06-30T21:03:06.525093+00:00,69.8,50,bid,FlawlessFlatbreads,DiligentDonuts,1147665
2026-07-01T07:03:07.487468,2026-06-30T21:03:08.681373+00:00,69.8,50,ask,DiligentDonuts,FlawlessFlatbreads,1147697
2026-07-01T07:03:07.501089,2026-06-30T21:03:08.692375+00:00,70.0,10,bid,CostlyCorianders,Zijun Feng,1147698
2026-07-01T07:03:07.501089,2026-06-30T21:03:08.692375+00:00,70.1,30,bid,CostlyCorianders,EarnestEspressos,1147699
2026-07-01T07:03:09.600590,2026-06-30T21:03:10.795225+00:00,69.8,50,ask,DiligentDonuts,FlawlessFlatbreads,1147734
2026-07-01T07:03:11.426358,2026-06-30T21:03:12.615279+00:00,69.7,46,ask,EarnestEspressos,CostlyCorianders,1147760
2026-07-01T07:03:11.706153,2026-06-30T21:03:12.899348+00:00,69.7,50,ask,EarnestEspressos,FlawlessFlatbreads,1147767
2026-07-01T07:03:12.000216,2026-06-30T21:03:13.194413+00:00,69.9,46,bid,CostlyCorianders,DiligentDonuts,1147776
2026-07-01T07:03:13.090816,2026-06-30T21:03:14.280092+00:00,69.7,49,bid,CostlyCorianders,EarnestEspressos,1147794
2026-07-01T07:03:13.812762,2026-06-30T21:03:15.011038+00:00,69.4,50,ask,DiligentDonuts,FlawlessFlatbreads,1147801
2026-07-01T07:03:15.299537,2026-06-30T21:03:16.493350+00:00,69.5,44,ask,EarnestEspressos,CostlyCorianders,1147829
2026-07-01T07:03:15.810869,2026-06-30T21:03:17.007876+00:00,69.9,48,bid,CostlyCorianders,DiligentDonuts,1147834
2026-07-01T07:03:15.920156,2026-06-30T21:03:17.116899+00:00,69.6,10,ask,Zijun Feng,FlawlessFlatbreads,1147836
2026-07-01T07:03:15.920156,2026-06-30T21:03:17.116899+00:00,69.5,40,ask,EarnestEspressos,FlawlessFlatbreads,1147837
2026-07-01T07:03:17.596438,2026-06-30T21:03:18.786109+00:00,69.7,47,ask,DiligentDonuts,CostlyCorianders,1147860
2026-07-01T07:03:18.029910,2026-06-30T21:03:19.224167+00:00,69.7,50,ask,DiligentDonuts,FlawlessFlatbreads,1147864
2026-07-01T07:03:18.419000,2026-06-30T21:03:19.609207+00:00,69.7,3,ask,DiligentDonuts,EarnestEspressos,1147871
2026-07-01T07:03:19.640012,2026-06-30T21:03:20.836363+00:00,69.6,43,bid,CostlyCorianders,EarnestEspressos,1147898
2026-07-01T07:03:20.135922,2026-06-30T21:03:21.331411+00:00,69.1,50,ask,EarnestEspressos,FlawlessFlatbreads,1147901
2026-07-01T07:03:21.222002,2026-06-30T21:03:22.418558+00:00,69.1,47,ask,EarnestEspressos,CostlyCorianders,1147916
2026-07-01T07:03:21.696214,2026-06-30T21:03:22.889616+00:00,69.1,44,ask,DiligentDonuts,CostlyCorianders,1147922
2026-07-01T07:03:22.341261,2026-06-30T21:03:23.537692+00:00,69.3,47,bid,CostlyCorianders,EarnestEspressos,1147929
2026-07-01T07:03:23.888144,2026-06-30T21:03:25.083872+00:00,69.3,40,bid,CostlyCorianders,EarnestEspressos,1147943
2026-07-01T07:03:24.320419,2026-06-30T21:03:25.509871+00:00,69.3,50,bid,FlawlessFlatbreads,EarnestEspressos,1147952
2026-07-01T07:03:24.975873,2026-06-30T21:03:26.164015+00:00,69.3,49,ask,EarnestEspressos,CostlyCorianders,1147955
2026-07-01T07:03:26.048049,2026-06-30T21:03:27.246161+00:00,69.3,48,ask,EarnestEspressos,CostlyCorianders,1147976
2026-07-01T07:03:26.427318,2026-06-30T21:03:27.618034+00:00,69.5,50,bid,FlawlessFlatbreads,DiligentDonuts,1147983
2026-07-01T07:03:27.829843,2026-06-30T21:03:29.017783+00:00,69.5,46,bid,CostlyCorianders,DiligentDonuts,1148002
2026-07-01T07:03:28.535650,2026-06-30T21:03:29.728110+00:00,69.5,4,bid,FlawlessFlatbreads,DiligentDonuts,1148010
2026-07-01T07:03:28.535650,2026-06-30T21:03:29.728110+00:00,69.6,46,bid,FlawlessFlatbreads,EarnestEspressos,1148011
2026-07-01T07:03:30.643692,2026-06-30T21:03:31.831722+00:00,69.6,50,bid,FlawlessFlatbreads,EarnestEspressos,1148040
2026-07-01T07:03:32.659541,2026-06-30T21:03:33.850436+00:00,69.7,40,bid,CostlyCorianders,DiligentDonuts,1148067
2026-07-01T07:03:32.751714,2026-06-30T21:03:33.947498+00:00,69.7,50,bid,FlawlessFlatbreads,DiligentDonuts,1148071
2026-07-01T07:03:34.177563,2026-06-30T21:03:35.375754+00:00,69.7,10,bid,EarnestEspressos,DiligentDonuts,1148099
2026-07-01T07:03:34.858688,2026-06-30T21:03:36.057280+00:00,70.2,50,bid,FlawlessFlatbreads,EarnestEspressos,1148104
2026-07-01T07:03:36.203504,2026-06-30T21:03:37.393063+00:00,69.8,43,ask,DiligentDonuts,CostlyCorianders,1148125
2026-07-01T07:03:37.016903,2026-06-30T21:03:38.213280+00:00,69.8,50,ask,DiligentDonuts,FlawlessFlatbreads,1148134
2026-07-01T07:03:37.788134,2026-06-30T21:03:38.979240+00:00,69.8,7,ask,DiligentDonuts,CostlyCorianders,1148142
2026-07-01T07:03:37.788134,2026-06-30T21:03:38.979240+00:00,69.7,35,ask,EarnestEspressos,CostlyCorianders,1148143
2026-07-01T07:03:38.881827,2026-06-30T21:03:40.073850+00:00,69.9,49,bid,CostlyCorianders,DiligentDonuts,1148159
2026-07-01T07:03:41.179527,2026-06-30T21:03:42.376544+00:00,69.9,50,bid,FlawlessFlatbreads,DiligentDonuts,1148192
2026-07-01T07:03:41.986133,2026-06-30T21:03:43.174370+00:00,69.9,41,ask,DiligentDonuts,CostlyCorianders,1148196
2026-07-01T07:03:43.285395,2026-06-30T21:03:44.478352+00:00,70.2,50,bid,FlawlessFlatbreads,EarnestEspressos,1148211
2026-07-01T07:03:44.306409,2026-06-30T21:03:45.504131+00:00,69.9,46,ask,DiligentDonuts,CostlyCorianders,1148228
2026-07-01T07:03:45.392029,2026-06-30T21:03:46.585084+00:00,70.0,50,bid,FlawlessFlatbreads,DiligentDonuts,1148245
2026-07-01T07:03:46.845680,2026-06-30T21:03:48.040722+00:00,70.0,50,bid,EarnestEspressos,DiligentDonuts,1148261
2026-07-01T07:03:46.845680,2026-06-30T21:03:48.040722+00:00,70.0,10,bid,EarnestEspressos,Zijun Feng,1148262
2026-07-01T07:03:47.161581,2026-06-30T21:03:48.357170+00:00,70.5,40,bid,CostlyCorianders,EarnestEspressos,1148265
2026-07-01T07:03:47.187535,2026-06-30T21:03:48.378710+00:00,70.0,90,ask,EarnestEspressos,Chester Au,1148266
2026-07-01T07:03:47.550103,2026-06-30T21:03:48.738677+00:00,69.5,50,ask,DiligentDonuts,FlawlessFlatbreads,1148274
2026-07-01T07:03:49.352579,2026-06-30T21:03:50.551416+00:00,70.1,42,bid,CostlyCorianders,DiligentDonuts,1148296
2026-07-01T07:03:49.606120,2026-06-30T21:03:50.803479+00:00,70.1,50,bid,FlawlessFlatbreads,DiligentDonuts,1148301
2026-07-01T07:03:50.435529,2026-06-30T21:03:51.632731+00:00,69.6,48,ask,DiligentDonuts,CostlyCorianders,1148312
2026-07-01T07:03:50.994635,2026-06-30T21:03:52.190804+00:00,69.9,43,bid,CostlyCorianders,EarnestEspressos,1148319
2026-07-01T07:03:51.762138,2026-06-30T21:03:52.959980+00:00,69.8,50,ask,DiligentDonuts,FlawlessFlatbreads,1148329
2026-07-01T07:03:53.104566,2026-06-30T21:03:54.301663+00:00,69.8,49,ask,DiligentDonuts,CostlyCorianders,1148351
2026-07-01T07:03:53.651044,2026-06-30T21:03:54.848982+00:00,70.1,47,bid,CostlyCorianders,EarnestEspressos,1148366
2026-07-01T07:03:55.920505,2026-06-30T21:03:57.119354+00:00,70.0,50,bid,FlawlessFlatbreads,DiligentDonuts,1148395
2026-07-01T07:03:56.331366,2026-06-30T21:03:57.525049+00:00,70.0,50,bid,EarnestEspressos,DiligentDonuts,1148403
2026-07-01T07:03:56.397157,2026-06-30T21:03:57.590937+00:00,70.0,100,ask,EarnestEspressos,Chester Au,1148408
2026-07-01T07:03:58.024872,2026-06-30T21:03:59.233610+00:00,70.2,50,bid,FlawlessFlatbreads,DiligentDonuts,1148432
2026-07-01T07:03:58.651402,2026-06-30T21:03:59.839746+00:00,70.2,46,bid,CostlyCorianders,DiligentDonuts,1148440
2026-07-01T07:03:59.545933,2026-06-30T21:04:00.737502+00:00,69.7,100,ask,DiligentDonuts,EarnestEspressos,1148451
2026-07-01T07:04:00.132675,2026-06-30T21:04:01.328127+00:00,69.7,50,bid,FlawlessFlatbreads,EarnestEspressos,1148458
2026-07-01T07:04:02.291095,2026-06-30T21:04:03.486662+00:00,69.8,50,ask,DiligentDonuts,FlawlessFlatbreads,1148485
2026-07-01T07:04:04.348720,2026-06-30T21:04:05.536910+00:00,70.3,50,bid,FlawlessFlatbreads,DiligentDonuts,1148513
2026-07-01T07:04:06.514080,2026-06-30T21:04:07.709796+00:00,70.1,50,ask,EarnestEspressos,FlawlessFlatbreads,1148549
2026-07-01T07:04:08.203193,2026-06-30T21:04:09.392314+00:00,70.1,10,ask,EarnestEspressos,Chester Au,1148568
2026-07-01T07:04:08.568057,2026-06-30T21:04:09.766445+00:00,70.5,10,bid,FlawlessFlatbreads,Zijun Feng,1148578
2026-07-01T07:04:08.568057,2026-06-30T21:04:09.766445+00:00,70.6,40,bid,FlawlessFlatbreads,EarnestEspressos,1148579
2026-07-01T07:04:10.142300,2026-06-30T21:04:11.337166+00:00,70.0,43,ask,DiligentDonuts,CostlyCorianders,1148599
2026-07-01T07:04:10.730732,2026-06-30T21:04:11.923344+00:00,70.0,50,ask,DiligentDonuts,FlawlessFlatbreads,1148610
2026-07-01T07:04:10.795707,2026-06-30T21:04:11.988955+00:00,70.2,44,bid,CostlyCorianders,EarnestEspressos,1148612
2026-07-01T07:04:10.850921,2026-06-30T21:04:12.043217+00:00,70.0,7,ask,DiligentDonuts,CostlyCorianders,1148613
2026-07-01T07:04:10.850921,2026-06-30T21:04:12.043217+00:00,69.7,38,ask,EarnestEspressos,CostlyCorianders,1148614
2026-07-01T07:04:12.785110,2026-06-30T21:04:13.980075+00:00,70.2,50,bid,FlawlessFlatbreads,EarnestEspressos,1148646
2026-07-01T07:04:14.892494,2026-06-30T21:04:16.081345+00:00,70.2,50,bid,FlawlessFlatbreads,EarnestEspressos,1148678
2026-07-01T07:04:15.309750,2026-06-30T21:04:16.508164+00:00,70.2,100,bid,EarnestEspressos,DiligentDonuts,1148682
2026-06-30T21:14:08.721828,2026-06-30T21:14:08.729485+00:00,71.3,45,ask,DiligentDonuts,CostlyCorianders,1157784
2026-06-30T21:14:09.370186,2026-06-30T21:14:09.380388+00:00,71.5,10,bid,FlawlessFlatbreads,Zijun Feng,1157794
2026-06-30T21:14:09.370186,2026-06-30T21:14:09.380388+00:00,71.6,40,bid,FlawlessFlatbreads,EarnestEspressos,1157795
2026-06-30T21:14:10.235497,2026-06-30T21:14:10.239336+00:00,71.8,3,bid,Xuanyu Liu,DiligentDonuts,1157802
2026-06-30T21:14:11.478519,2026-06-30T21:14:11.483237+00:00,71.6,50,bid,FlawlessFlatbreads,DiligentDonuts,1157830
2026-06-30T21:14:13.584766,2026-06-30T21:14:13.588295+00:00,71.6,50,bid,FlawlessFlatbreads,DiligentDonuts,1157865
2026-06-30T21:14:14.133016,2026-06-30T21:14:14.135302+00:00,71.6,100,bid,DiligentDonuts,EarnestEspressos,1157877
2026-06-30T21:14:15.691974,2026-06-30T21:14:15.706345+00:00,71.6,50,bid,FlawlessFlatbreads,EarnestEspressos,1157895
2026-06-30T21:14:15.702570,2026-06-30T21:14:15.706345+00:00,72.1,34,bid,Xuanyu Liu,DiligentDonuts,1157897
2026-06-30T21:14:15.821293,2026-06-30T21:14:15.829127+00:00,72.1,46,bid,CostlyCorianders,DiligentDonuts,1157900
2026-06-30T21:14:16.285440,2026-06-30T21:14:16.289203+00:00,72.1,12,bid,Xuanyu Liu,DiligentDonuts,1157905
2026-06-30T21:14:16.407667,2026-06-30T21:14:16.412295+00:00,71.1,43,ask,EarnestEspressos,CostlyCorianders,1157907
2026-06-30T21:14:16.613526,2026-06-30T21:14:16.617457+00:00,71.6,49,ask,EarnestEspressos,Xuanyu Liu,1157911
2026-06-30T21:14:16.633922,2026-06-30T21:14:16.637591+00:00,72.1,8,bid,Xuanyu Liu,DiligentDonuts,1157913
2026-06-30T21:14:16.664504,2026-06-30T21:14:16.668404+00:00,71.6,8,ask,EarnestEspressos,Xuanyu Liu,1157915
2026-06-30T21:14:16.685032,2026-06-30T21:14:16.690225+00:00,72.0,10,bid,Xuanyu Liu,Zijun Feng,1157917
2026-06-30T21:14:16.685032,2026-06-30T21:14:16.690225+00:00,72.1,27,bid,Xuanyu Liu,EarnestEspressos,1157918
2026-06-30T21:14:16.707771,2026-06-30T21:14:16.711915+00:00,71.6,37,ask,EarnestEspressos,Xuanyu Liu,1157920
2026-06-30T21:14:16.728985,2026-06-30T21:14:16.733027+00:00,72.1,37,bid,Xuanyu Liu,EarnestEspressos,1157922
2026-06-30T21:14:16.778308,2026-06-30T21:14:16.782375+00:00,71.6,37,ask,EarnestEspressos,Xuanyu Liu,1157924
2026-06-30T21:14:16.798977,2026-06-30T21:14:16.803530+00:00,72.1,37,bid,Xuanyu Liu,EarnestEspressos,1157926
2026-06-30T21:14:16.820092,2026-06-30T21:14:16.824179+00:00,71.6,19,ask,EarnestEspressos,Xuanyu Liu,1157928
2026-06-30T21:14:17.311585,2026-06-30T21:14:17.315394+00:00,71.4,4,ask,DiligentDonuts,Xuanyu Liu,1157937
2026-06-30T21:14:17.331649,2026-06-30T21:14:17.335601+00:00,72.1,23,bid,Xuanyu Liu,EarnestEspressos,1157939
2026-06-30T21:14:17.387164,2026-06-30T21:14:17.390887+00:00,71.4,23,ask,DiligentDonuts,Xuanyu Liu,1157942
2026-06-30T21:14:17.623723,2026-06-30T21:14:17.627723+00:00,71.9,12,bid,Xuanyu Liu,DiligentDonuts,1157948
2026-06-30T21:14:17.644212,2026-06-30T21:14:17.648042+00:00,71.4,12,ask,DiligentDonuts,Xuanyu Liu,1157950
2026-06-30T21:14:17.675650,2026-06-30T21:14:17.679499+00:00,71.9,12,bid,Xuanyu Liu,DiligentDonuts,1157952
2026-06-30T21:14:17.696432,2026-06-30T21:14:17.700110+00:00,71.4,12,ask,DiligentDonuts,Xuanyu Liu,1157954
2026-06-30T21:14:17.850162,2026-06-30T21:14:17.853648+00:00,71.4,49,ask,DiligentDonuts,FlawlessFlatbreads,1157956
2026-06-30T21:14:19.798259,2026-06-30T21:14:19.801869+00:00,71.7,11,ask,EarnestEspressos,Xuanyu Liu,1157985
2026-06-30T21:14:19.840024,2026-06-30T21:14:19.843866+00:00,71.7,3,ask,EarnestEspressos,Xuanyu Liu,1157991
2026-06-30T21:14:19.859875,2026-06-30T21:14:19.863643+00:00,71.9,3,bid,Xuanyu Liu,DiligentDonuts,1157993
2026-06-30T21:14:19.879688,2026-06-30T21:14:19.883897+00:00,71.7,3,ask,EarnestEspressos,Xuanyu Liu,1157995
2026-06-30T21:14:19.900285,2026-06-30T21:14:19.903777+00:00,71.9,3,bid,Xuanyu Liu,DiligentDonuts,1157997
2026-06-30T21:14:19.920352,2026-06-30T21:14:19.923933+00:00,71.7,3,ask,EarnestEspressos,Xuanyu Liu,1157999
2026-06-30T21:14:19.940922,2026-06-30T21:14:19.945152+00:00,71.9,3,bid,Xuanyu Liu,DiligentDonuts,1158001
2026-06-30T21:14:19.959213,2026-06-30T21:14:19.965669+00:00,71.7,50,ask,EarnestEspressos,FlawlessFlatbreads,1158003
2026-06-30T21:14:19.961810,2026-06-30T21:14:19.965669+00:00,71.7,3,ask,EarnestEspressos,Xuanyu Liu,1158004
2026-06-30T21:14:19.983766,2026-06-30T21:14:19.988034+00:00,71.9,3,bid,Xuanyu Liu,DiligentDonuts,1158006
2026-06-30T21:14:20.006089,2026-06-30T21:14:20.010412+00:00,71.7,3,ask,EarnestEspressos,Xuanyu Liu,1158008
2026-06-30T21:14:20.027228,2026-06-30T21:14:20.031431+00:00,71.9,3,bid,,,1158010
2026-06-30T21:14:20.048360,2026-06-30T21:14:20.052639+00:00,71.7,3,ask,,,1158012
2026-06-30T21:14:20.322894,2026-06-30T21:14:20.328921+00:00,71.9,46,bid,CostlyCorianders,DiligentDonuts,1158013
2026-06-30T21:14:20.807495,2026-06-30T21:14:20.811044+00:00,71.9,14,bid,Xuanyu Liu,DiligentDonuts,1158019
2026-06-30T21:14:20.836816,2026-06-30T21:14:20.842897+00:00,71.7,42,ask,EarnestEspressos,CostlyCorianders,1158021
2026-06-30T21:14:20.839509,2026-06-30T21:14:20.842897+00:00,71.7,14,ask,EarnestEspressos,Xuanyu Liu,1158022
2026-06-30T21:14:20.869911,2026-06-30T21:14:20.873527+00:00,71.9,14,bid,Xuanyu Liu,DiligentDonuts,1158024
2026-06-30T21:14:20.890321,2026-06-30T21:14:20.894056+00:00,71.7,14,ask,EarnestEspressos,Xuanyu Liu,1158026
2026-06-30T21:14:20.910089,2026-06-30T21:14:20.913894+00:00,71.9,14,bid,Xuanyu Liu,DiligentDonuts,1158028
2026-06-30T21:14:20.930405,2026-06-30T21:14:20.934429+00:00,71.7,1,ask,EarnestEspressos,Xuanyu Liu,1158030
2026-06-30T21:14:20.952384,2026-06-30T21:14:20.956030+00:00,71.9,1,bid,Xuanyu Liu,DiligentDonuts,1158032
2026-06-30T21:14:22.013895,2026-06-30T21:14:22.019860+00:00,71.9,50,bid,FlawlessFlatbreads,DiligentDonuts,1158051
2026-06-30T21:14:22.997783,2026-06-30T21:14:23.003752+00:00,71.4,100,ask,DiligentDonuts,EarnestEspressos,1158076
2026-06-30T21:14:23.644108,2026-06-30T21:14:23.649396+00:00,71.4,50,bid,DiligentDonuts,EarnestEspressos,1158082
2026-06-30T21:14:24.171279,2026-06-30T21:14:24.180976+00:00,71.4,50,ask,DiligentDonuts,FlawlessFlatbreads,1158087
2026-06-30T21:14:26.118384,2026-06-30T21:14:26.121722+00:00,71.6,11,ask,EarnestEspressos,Xuanyu Liu,1158129
2026-06-30T21:14:26.137675,2026-06-30T21:14:26.141228+00:00,71.9,11,bid,Xuanyu Liu,DiligentDonuts,1158131
2026-06-30T21:14:26.156662,2026-06-30T21:14:26.159854+00:00,71.6,11,ask,EarnestEspressos,Xuanyu Liu,1158134
2026-06-30T21:14:26.175772,2026-06-30T21:14:26.179228+00:00,71.9,11,bid,Xuanyu Liu,DiligentDonuts,1158136
2026-06-30T21:14:26.195139,2026-06-30T21:14:26.198489+00:00,71.6,11,ask,EarnestEspressos,Xuanyu Liu,1158138
2026-06-30T21:14:26.214316,2026-06-30T21:14:26.217605+00:00,71.9,11,bid,Xuanyu Liu,DiligentDonuts,1158140
2026-06-30T21:14:26.233248,2026-06-30T21:14:26.236459+00:00,71.6,11,ask,EarnestEspressos,Xuanyu Liu,1158142
2026-06-30T21:14:26.252198,2026-06-30T21:14:26.255514+00:00,71.9,11,bid,Xuanyu Liu,DiligentDonuts,1158144
2026-06-30T21:14:26.271623,2026-06-30T21:14:26.275157+00:00,71.6,11,ask,EarnestEspressos,Xuanyu Liu,1158146
2026-06-30T21:14:26.276987,2026-06-30T21:14:26.294080+00:00,71.6,50,ask,EarnestEspressos,FlawlessFlatbreads,1158147
2026-06-30T21:14:26.290705,2026-06-30T21:14:26.294080+00:00,71.9,11,bid,Xuanyu Liu,DiligentDonuts,1158149
2026-06-30T21:14:26.311047,2026-06-30T21:14:26.315202+00:00,71.6,11,ask,EarnestEspressos,Xuanyu Liu,1158151
2026-06-30T21:14:26.333410,2026-06-30T21:14:26.338175+00:00,71.9,11,bid,Xuanyu Liu,DiligentDonuts,1158153
2026-06-30T21:14:27.135401,2026-06-30T21:14:27.139830+00:00,71.6,11,ask,EarnestEspressos,Xuanyu Liu,1158167
2026-06-30T21:14:28.293138,2026-06-30T21:14:28.302587+00:00,71.8,45,bid,CostlyCorianders,DiligentDonuts,1158175
2026-06-30T21:14:28.384787,2026-06-30T21:14:28.394548+00:00,71.6,23,ask,EarnestEspressos,FlawlessFlatbreads,1158176
2026-06-30T21:14:28.384787,2026-06-30T21:14:28.394548+00:00,71.3,27,ask,DiligentDonuts,FlawlessFlatbreads,1158177
2026-06-30T21:14:29.283844,2026-06-30T21:14:29.292983+00:00,71.3,41,ask,DiligentDonuts,CostlyCorianders,1158199
2026-06-30T21:14:30.493119,2026-06-30T21:14:30.498617+00:00,71.2,10,ask,Zijun Feng,FlawlessFlatbreads,1158208
2026-06-30T21:14:30.493119,2026-06-30T21:14:30.498617+00:00,71.1,40,ask,DiligentDonuts,FlawlessFlatbreads,1158209
2026-06-30T21:14:31.429146,2026-06-30T21:14:31.438743+00:00,71.5,43,bid,CostlyCorianders,EarnestEspressos,1158220
2026-06-30T21:14:32.607709,2026-06-30T21:14:32.613100+00:00,71.2,10,ask,Zijun Feng,FlawlessFlatbreads,1158235
2026-06-30T21:14:32.607709,2026-06-30T21:14:32.613100+00:00,71.1,40,ask,DiligentDonuts,FlawlessFlatbreads,1158236
2026-06-30T21:14:32.975604,2026-06-30T21:14:32.979090+00:00,71.6,47,bid,CostlyCorianders,DiligentDonuts,1158246
2026-06-30T21:14:34.664677,2026-06-30T21:14:34.675557+00:00,71.5,10,bid,FlawlessFlatbreads,Zijun Feng,1158265
2026-06-30T21:14:34.664677,2026-06-30T21:14:34.675557+00:00,71.6,40,bid,FlawlessFlatbreads,EarnestEspressos,1158266
2026-06-30T21:14:36.782698,2026-06-30T21:14:36.793090+00:00,71.5,10,bid,FlawlessFlatbreads,Zijun Feng,1158300
2026-06-30T21:14:36.782698,2026-06-30T21:14:36.793090+00:00,71.6,40,bid,FlawlessFlatbreads,DiligentDonuts,1158301
2026-06-30T21:14:38.776610,2026-06-30T21:14:38.783741+00:00,71.4,10,ask,Zijun Feng,CostlyCorianders,1158329
2026-06-30T21:14:38.776610,2026-06-30T21:14:38.783741+00:00,71.1,34,ask,DiligentDonuts,CostlyCorianders,1158330
2026-06-30T21:14:39.293874,2026-06-30T21:14:39.296503+00:00,71.2,43,ask,EarnestEspressos,CostlyCorianders,1158341
2026-06-30T21:14:41.048091,2026-06-30T21:14:41.057351+00:00,71.2,50,ask,EarnestEspressos,FlawlessFlatbreads,1158372
2026-06-30T21:14:43.155830,2026-06-30T21:14:43.165829+00:00,71.0,50,ask,DiligentDonuts,FlawlessFlatbreads,1158406
2026-06-30T21:14:43.732174,2026-06-30T21:14:43.739449+00:00,71.3,46,bid,CostlyCorianders,EarnestEspressos,1158421
2026-06-30T21:14:45.297090,2026-06-30T21:14:45.307267+00:00,71.1,10,ask,Zijun Feng,FlawlessFlatbreads,1158444
2026-06-30T21:14:45.297090,2026-06-30T21:14:45.307267+00:00,71.0,40,ask,DiligentDonuts,FlawlessFlatbreads,1158445
2026-06-30T21:14:47.404796,2026-06-30T21:14:47.413190+00:00,71.0,50,ask,EarnestEspressos,FlawlessFlatbreads,1158474
2026-06-30T21:14:47.662688,2026-06-30T21:14:47.669482+00:00,71.0,42,ask,EarnestEspressos,CostlyCorianders,1158479
2026-06-30T21:14:48.331168,2026-06-30T21:14:48.334820+00:00,71.0,34,bid,Xuanyu Liu,EarnestEspressos,1158489
2026-06-30T21:14:48.924181,2026-06-30T21:14:48.927935+00:00,71.0,12,bid,Xuanyu Liu,EarnestEspressos,1158497
2026-06-30T21:14:50.348389,2026-06-30T21:14:50.352192+00:00,71.0,11,bid,Xuanyu Liu,EarnestEspressos,1158518
2026-06-30T21:14:51.624193,2026-06-30T21:14:51.630439+00:00,71.0,50,ask,EarnestEspressos,FlawlessFlatbreads,1158542
2026-06-30T21:14:51.920592,2026-06-30T21:14:51.926517+00:00,71.4,41,bid,CostlyCorianders,DiligentDonuts,1158543
2026-06-30T21:14:52.996071,2026-06-30T21:14:53.000023+00:00,71.1,10,ask,Zijun Feng,Xuanyu Liu,1158565
2026-06-30T21:14:53.737566,2026-06-30T21:14:53.739804+00:00,71.0,50,ask,EarnestEspressos,FlawlessFlatbreads,1158582
2026-06-30T21:14:54.640752,2026-06-30T21:14:54.649355+00:00,71.0,100,ask,DiligentDonuts,EarnestEspressos,1158594
2026-06-30T21:14:55.620066,2026-06-30T21:14:55.624554+00:00,71.0,10,bid,Xuanyu Liu,EarnestEspressos,1158609
2026-06-30T21:14:55.792227,2026-06-30T21:14:55.798383+00:00,71.0,40,bid,FlawlessFlatbreads,EarnestEspressos,1158610
2026-06-30T21:14:56.997438,2026-06-30T21:14:57.007113+00:00,71.2,41,bid,CostlyCorianders,DiligentDonuts,1158630
2026-06-30T21:14:57.760453,2026-06-30T21:14:57.763985+00:00,71.1,11,ask,EarnestEspressos,Xuanyu Liu,1158641
2026-06-30T21:14:57.959964,2026-06-30T21:14:57.968545+00:00,71.1,50,ask,EarnestEspressos,FlawlessFlatbreads,1158644
2026-06-30T21:14:59.543983,2026-06-30T21:14:59.547495+00:00,71.1,12,ask,EarnestEspressos,Xuanyu Liu,1158664
2026-06-30T21:15:00.015071,2026-06-30T21:15:00.018114+00:00,71.3,50,bid,FlawlessFlatbreads,DiligentDonuts,1158677
2026-06-30T21:15:01.470271,2026-06-30T21:15:01.483523+00:00,71.0,10,ask,Zijun Feng,CostlyCorianders,1158696
2026-06-30T21:15:01.470271,2026-06-30T21:15:01.483523+00:00,70.9,37,ask,EarnestEspressos,CostlyCorianders,1158697
2026-06-30T21:15:02.122034,2026-06-30T21:15:02.129499+00:00,71.4,50,bid,FlawlessFlatbreads,EarnestEspressos,1158707
2026-06-30T21:15:03.538658,2026-06-30T21:15:03.544585+00:00,71.3,10,bid,CostlyCorianders,Zijun Feng,1158725
2026-06-30T21:15:03.538658,2026-06-30T21:15:03.544585+00:00,71.4,33,bid,CostlyCorianders,EarnestEspressos,1158726
2026-06-30T21:15:03.596240,2026-06-30T21:15:03.606046+00:00,70.9,47,ask,EarnestEspressos,CostlyCorianders,1158727
2026-06-30T21:15:04.231196,2026-06-30T21:15:04.241536+00:00,71.2,50,bid,FlawlessFlatbreads,EarnestEspressos,1158745
2026-06-30T21:15:04.747212,2026-06-30T21:15:04.753208+00:00,71.2,47,bid,CostlyCorianders,EarnestEspressos,1158748
2026-06-30T21:15:05.781182,2026-06-30T21:15:05.790343+00:00,70.9,10,ask,Zijun Feng,CostlyCorianders,1158762
2026-06-30T21:15:05.781182,2026-06-30T21:15:05.790343+00:00,70.8,38,ask,DiligentDonuts,CostlyCorianders,1158763
2026-06-30T21:15:06.342506,2026-06-30T21:15:06.344646+00:00,71.2,50,bid,FlawlessFlatbreads,EarnestEspressos,1158773
2026-06-30T21:15:07.251577,2026-06-30T21:15:07.260376+00:00,71.3,100,bid,EarnestEspressos,DiligentDonuts,1158795
2026-06-30T21:15:07.317840,2026-06-30T21:15:07.321706+00:00,71.5,23,ask,EarnestEspressos,Xuanyu Liu,1158797
2026-06-30T21:15:07.338790,2026-06-30T21:15:07.342743+00:00,72.0,12,bid,Xuanyu Liu,EarnestEspressos,1158799
2026-06-30T21:15:07.359017,2026-06-30T21:15:07.362989+00:00,71.5,12,ask,EarnestEspressos,Xuanyu Liu,1158801
2026-06-30T21:15:07.380234,2026-06-30T21:15:07.384668+00:00,72.0,12,bid,Xuanyu Liu,EarnestEspressos,1158803
2026-06-30T21:15:07.400973,2026-06-30T21:15:07.404872+00:00,71.5,15,ask,EarnestEspressos,Xuanyu Liu,1158805
2026-06-30T21:15:07.421059,2026-06-30T21:15:07.425252+00:00,72.0,26,bid,Xuanyu Liu,EarnestEspressos,1158807
2026-06-30T21:15:08.450294,2026-06-30T21:15:08.455821+00:00,71.4,10,bid,FlawlessFlatbreads,Zijun Feng,1158819
2026-06-30T21:15:08.450294,2026-06-30T21:15:08.455821+00:00,71.5,40,bid,FlawlessFlatbreads,DiligentDonuts,1158820
2026-06-30T21:15:10.324409,2026-06-30T21:15:10.333180+00:00,71.4,10,bid,CostlyCorianders,Zijun Feng,1158844
2026-06-30T21:15:10.324409,2026-06-30T21:15:10.333180+00:00,71.5,31,bid,CostlyCorianders,DiligentDonuts,1158845
2026-06-30T21:15:10.379694,2026-06-30T21:15:10.384600+00:00,71.0,44,ask,DiligentDonuts,CostlyCorianders,1158848
2026-06-30T21:15:10.559655,2026-06-30T21:15:10.568920+00:00,71.3,50,bid,FlawlessFlatbreads,EarnestEspressos,1158851
2026-06-30T21:15:12.667717,2026-06-30T21:15:12.675222+00:00,71.3,50,bid,FlawlessFlatbreads,EarnestEspressos,1158889
2026-06-30T21:15:13.601318,2026-06-30T21:15:13.605992+00:00,71.3,23,ask,EarnestEspressos,Xuanyu Liu,1158913
2026-06-30T21:15:13.950669,2026-06-30T21:15:13.954832+00:00,71.3,14,ask,EarnestEspressos,Xuanyu Liu,1158918
2026-06-30T21:15:13.971167,2026-06-30T21:15:13.974960+00:00,71.5,3,bid,Xuanyu Liu,DiligentDonuts,1158921
2026-06-30T21:15:13.990619,2026-06-30T21:15:13.994741+00:00,71.3,3,ask,EarnestEspressos,Xuanyu Liu,1158923
2026-06-30T21:15:14.010785,2026-06-30T21:15:14.014391+00:00,71.5,3,bid,Xuanyu Liu,DiligentDonuts,1158925
2026-06-30T21:15:14.031966,2026-06-30T21:15:14.036416+00:00,71.3,3,ask,EarnestEspressos,Xuanyu Liu,1158927
2026-06-30T21:15:14.053762,2026-06-30T21:15:14.057971+00:00,71.5,3,bid,Xuanyu Liu,DiligentDonuts,1158929
2026-06-30T21:15:14.074706,2026-06-30T21:15:14.078224+00:00,71.3,3,ask,EarnestEspressos,Xuanyu Liu,1158931
2026-06-30T21:15:14.093845,2026-06-30T21:15:14.097155+00:00,71.5,3,bid,Xuanyu Liu,DiligentDonuts,1158933
2026-06-30T21:15:14.113894,2026-06-30T21:15:14.117210+00:00,71.3,3,ask,EarnestEspressos,Xuanyu Liu,1158935
2026-06-30T21:15:14.132902,2026-06-30T21:15:14.136109+00:00,71.5,3,bid,Xuanyu Liu,DiligentDonuts,1158939
2026-06-30T21:15:14.152199,2026-06-30T21:15:14.155565+00:00,71.3,3,ask,EarnestEspressos,Xuanyu Liu,1158941
2026-06-30T21:15:14.514331,2026-06-30T21:15:14.517168+00:00,71.3,41,ask,EarnestEspressos,CostlyCorianders,1158947
2026-06-30T21:15:14.826331,2026-06-30T21:15:14.836814+00:00,71.3,50,ask,EarnestEspressos,FlawlessFlatbreads,1158951
2026-06-30T21:15:16.807190,2026-06-30T21:15:16.810951+00:00,71.2,14,bid,Xuanyu Liu,EarnestEspressos,1158970
2026-06-30T21:15:16.932390,2026-06-30T21:15:16.934043+00:00,71.0,50,ask,DiligentDonuts,FlawlessFlatbreads,1158973
2026-06-30T21:15:18.468585,2026-06-30T21:15:18.476324+00:00,71.2,40,bid,CostlyCorianders,EarnestEspressos,1158989
2026-06-30T21:15:18.554420,2026-06-30T21:15:18.558186+00:00,71.2,12,bid,Xuanyu Liu,EarnestEspressos,1158994
2026-06-30T21:15:19.041754,2026-06-30T21:15:19.051682+00:00,71.0,50,ask,DiligentDonuts,FlawlessFlatbreads,1159000
2026-06-30T21:15:21.147645,2026-06-30T21:15:21.156214+00:00,71.3,50,ask,EarnestEspressos,FlawlessFlatbreads,1159032
2026-06-30T21:15:21.715143,2026-06-30T21:15:21.720025+00:00,71.3,42,ask,EarnestEspressos,CostlyCorianders,1159044
2026-06-30T21:15:23.136910,2026-06-30T21:15:23.140708+00:00,71.3,11,bid,Xuanyu Liu,EarnestEspressos,1159067
2026-06-30T21:15:23.252832,2026-06-30T21:15:23.264263+00:00,71.2,50,ask,DiligentDonuts,FlawlessFlatbreads,1159069
2026-06-30T21:15:27.182318,2026-06-30T21:15:27.193578+00:00,71.4,45,bid,CostlyCorianders,EarnestEspressos,1159118
2026-06-30T21:15:27.466806,2026-06-30T21:15:27.469885+00:00,71.1,10,ask,Zijun Feng,FlawlessFlatbreads,1159122
2026-06-30T21:15:27.466806,2026-06-30T21:15:27.469885+00:00,71.0,40,ask,DiligentDonuts,FlawlessFlatbreads,1159123
2026-06-30T21:15:28.176543,2026-06-30T21:15:28.180303+00:00,71.4,46,bid,CostlyCorianders,EarnestEspressos,1159136
2026-06-30T21:15:29.237209,2026-06-30T21:15:29.241343+00:00,71.4,40,bid,CostlyCorianders,EarnestEspressos,1159153
2026-06-30T21:15:29.390026,2026-06-30T21:15:29.395224+00:00,71.5,100,bid,EarnestEspressos,DiligentDonuts,1159154
2026-06-30T21:15:29.474269,2026-06-30T21:15:29.477924+00:00,71.6,11,ask,EarnestEspressos,Xuanyu Liu,1159157
2026-06-30T21:15:29.576150,2026-06-30T21:15:29.580468+00:00,71.6,39,ask,EarnestEspressos,FlawlessFlatbreads,1159158
2026-06-30T21:15:29.576150,2026-06-30T21:15:29.580468+00:00,71.1,10,ask,Zijun Feng,FlawlessFlatbreads,1159159
2026-06-30T21:15:29.576150,2026-06-30T21:15:29.580468+00:00,71.0,1,ask,DiligentDonuts,FlawlessFlatbreads,1159160
2026-06-30T21:24:15.050382,2026-06-30T21:24:15.053522+00:00,72.0,34,bid,Xuanyu Liu,DiligentDonuts,1167012
2026-06-30T21:24:15.072570,2026-06-30T21:24:15.075566+00:00,71.5,34,ask,EarnestEspressos,Xuanyu Liu,1167014
2026-06-30T21:24:15.091250,2026-06-30T21:24:15.095272+00:00,72.0,22,bid,Xuanyu Liu,DiligentDonuts,1167016
2026-06-30T21:24:15.091250,2026-06-30T21:24:15.095272+00:00,72.0,12,bid,Xuanyu Liu,EarnestEspressos,1167017
2026-06-30T21:24:15.114861,2026-06-30T21:24:15.118370+00:00,71.5,10,ask,EarnestEspressos,Xuanyu Liu,1167020
2026-06-30T21:24:15.418320,2026-06-30T21:24:15.422113+00:00,71.4,13,ask,DiligentDonuts,Xuanyu Liu,1167023
2026-06-30T21:24:15.438129,2026-06-30T21:24:15.441413+00:00,72.0,23,bid,Xuanyu Liu,EarnestEspressos,1167026
2026-06-30T21:24:15.462570,2026-06-30T21:24:15.465925+00:00,71.4,23,ask,DiligentDonuts,Xuanyu Liu,1167028
2026-06-30T21:24:15.483369,2026-06-30T21:24:15.486771+00:00,71.9,12,bid,Xuanyu Liu,DiligentDonuts,1167030
2026-06-30T21:24:15.507648,2026-06-30T21:24:15.510950+00:00,71.4,12,ask,DiligentDonuts,Xuanyu Liu,1167032
2026-06-30T21:24:15.527788,2026-06-30T21:24:15.530995+00:00,71.4,11,ask,DiligentDonuts,Xuanyu Liu,1167036
2026-06-30T21:24:15.550487,2026-06-30T21:24:15.553855+00:00,71.9,34,bid,Xuanyu Liu,DiligentDonuts,1167038
2026-06-30T21:24:15.894976,2026-06-30T21:24:15.898705+00:00,71.4,34,ask,DiligentDonuts,Xuanyu Liu,1167044
2026-06-30T21:24:16.055307,2026-06-30T21:24:16.058882+00:00,71.9,34,bid,Xuanyu Liu,DiligentDonuts,1167050
2026-06-30T21:24:16.086812,2026-06-30T21:24:16.090579+00:00,71.4,7,ask,DiligentDonuts,Xuanyu Liu,1167052
2026-06-30T21:24:16.848919,2026-06-30T21:24:16.859082+00:00,71.9,20,bid,FlawlessFlatbreads,DiligentDonuts,1167067
2026-06-30T21:24:16.848919,2026-06-30T21:24:16.859082+00:00,72.0,30,bid,FlawlessFlatbreads,EarnestEspressos,1167068
2026-06-30T21:24:17.823317,2026-06-30T21:24:17.826633+00:00,71.2,4,ask,Zijun Feng,Xuanyu Liu,1167080
2026-06-30T21:24:17.843543,2026-06-30T21:24:17.847005+00:00,71.2,6,ask,Zijun Feng,Xuanyu Liu,1167082
2026-06-30T21:24:18.574775,2026-06-30T21:24:18.579242+00:00,71.3,17,ask,DiligentDonuts,Xuanyu Liu,1167091
2026-06-30T21:24:18.957709,2026-06-30T21:24:18.968818+00:00,71.6,50,bid,FlawlessFlatbreads,EarnestEspressos,1167098
2026-06-30T21:24:19.807191,2026-06-30T21:24:19.809846+00:00,71.3,44,ask,DiligentDonuts,CostlyCorianders,1167113
2026-06-30T21:24:20.398432,2026-06-30T21:24:20.403696+00:00,71.6,46,bid,CostlyCorianders,EarnestEspressos,1167123
2026-06-30T21:24:20.883803,2026-06-30T21:24:20.886951+00:00,71.8,23,bid,Xuanyu Liu,DiligentDonuts,1167131
2026-06-30T21:24:20.902877,2026-06-30T21:24:20.905950+00:00,71.3,12,ask,DiligentDonuts,Xuanyu Liu,1167133
2026-06-30T21:24:20.932031,2026-06-30T21:24:20.935408+00:00,71.5,14,ask,EarnestEspressos,Xuanyu Liu,1167135
2026-06-30T21:24:20.951768,2026-06-30T21:24:20.955493+00:00,71.8,14,bid,Xuanyu Liu,DiligentDonuts,1167137
2026-06-30T21:24:20.972645,2026-06-30T21:24:20.976838+00:00,71.5,14,ask,EarnestEspressos,Xuanyu Liu,1167139
2026-06-30T21:24:20.992973,2026-06-30T21:24:20.996397+00:00,71.8,14,bid,Xuanyu Liu,DiligentDonuts,1167142
2026-06-30T21:24:21.012682,2026-06-30T21:24:21.016429+00:00,71.5,14,ask,EarnestEspressos,Xuanyu Liu,1167144
2026-06-30T21:24:21.033241,2026-06-30T21:24:21.036669+00:00,71.8,14,bid,Xuanyu Liu,DiligentDonuts,1167146
2026-06-30T21:24:21.053198,2026-06-30T21:24:21.056800+00:00,71.5,14,ask,EarnestEspressos,Xuanyu Liu,1167148
2026-06-30T21:24:21.073575,2026-06-30T21:24:21.076911+00:00,71.8,14,bid,Xuanyu Liu,DiligentDonuts,1167150
2026-06-30T21:24:21.094160,2026-06-30T21:24:21.098366+00:00,71.5,14,ask,EarnestEspressos,Xuanyu Liu,1167152
2026-06-30T21:24:21.119617,2026-06-30T21:24:21.123744+00:00,71.8,14,bid,Xuanyu Liu,DiligentDonuts,1167154
2026-06-30T21:24:21.124912,2026-06-30T21:24:21.134059+00:00,71.5,50,ask,EarnestEspressos,FlawlessFlatbreads,1167155
2026-06-30T21:24:21.887508,2026-06-30T21:24:21.891073+00:00,71.5,14,ask,EarnestEspressos,Xuanyu Liu,1167170
2026-06-30T21:24:21.917251,2026-06-30T21:24:21.920851+00:00,71.9,26,bid,Xuanyu Liu,DiligentDonuts,1167174
2026-06-30T21:24:21.937606,2026-06-30T21:24:21.941040+00:00,71.5,16,ask,EarnestEspressos,Xuanyu Liu,1167176
2026-06-30T21:24:21.957667,2026-06-30T21:24:21.961342+00:00,71.4,7,ask,DiligentDonuts,Xuanyu Liu,1167178
2026-06-30T21:24:21.988025,2026-06-30T21:24:21.991865+00:00,71.9,23,bid,Xuanyu Liu,DiligentDonuts,1167180
2026-06-30T21:24:22.008269,2026-06-30T21:24:22.011907+00:00,71.4,23,ask,DiligentDonuts,Xuanyu Liu,1167182
2026-06-30T21:24:22.011925,2026-06-30T21:24:22.059553+00:00,71.9,41,bid,CostlyCorianders,DiligentDonuts,1167183
2026-06-30T21:24:22.056193,2026-06-30T21:24:22.059553+00:00,71.9,10,bid,Xuanyu Liu,DiligentDonuts,1167186
2026-06-30T21:24:22.084918,2026-06-30T21:24:22.088219+00:00,72.0,24,bid,Xuanyu Liu,EarnestEspressos,1167189
2026-06-30T21:24:22.104004,2026-06-30T21:24:22.107580+00:00,71.4,34,ask,DiligentDonuts,Xuanyu Liu,1167191
2026-06-30T21:24:22.124421,2026-06-30T21:24:22.128341+00:00,72.0,34,bid,Xuanyu Liu,EarnestEspressos,1167193
2026-06-30T21:24:22.145480,2026-06-30T21:24:22.149124+00:00,71.4,34,ask,DiligentDonuts,Xuanyu Liu,1167195
2026-06-30T21:24:22.165895,2026-06-30T21:24:22.169629+00:00,72.0,34,bid,Xuanyu Liu,EarnestEspressos,1167197
2026-06-30T21:24:22.898971,2026-06-30T21:24:22.902399+00:00,71.4,2,ask,DiligentDonuts,Xuanyu Liu,1167204
2026-06-30T21:24:24.149750,2026-06-30T21:24:24.153360+00:00,71.3,21,ask,EarnestEspressos,Xuanyu Liu,1167217
2026-06-30T21:24:24.895313,2026-06-30T21:24:24.898405+00:00,71.5,11,ask,DiligentDonuts,Xuanyu Liu,1167224
2026-06-30T21:24:24.914115,2026-06-30T21:24:24.917136+00:00,71.8,11,bid,Xuanyu Liu,EarnestEspressos,1167226
2026-06-30T21:24:24.932961,2026-06-30T21:24:24.936054+00:00,71.5,11,ask,DiligentDonuts,Xuanyu Liu,1167228
2026-06-30T21:24:24.952208,2026-06-30T21:24:24.955259+00:00,71.8,11,bid,Xuanyu Liu,EarnestEspressos,1167230
2026-06-30T21:24:24.971056,2026-06-30T21:24:24.974333+00:00,71.5,11,ask,DiligentDonuts,Xuanyu Liu,1167232
2026-06-30T21:24:24.990442,2026-06-30T21:24:24.994061+00:00,71.8,11,bid,Xuanyu Liu,EarnestEspressos,1167234
2026-06-30T21:24:25.010915,2026-06-30T21:24:25.015384+00:00,71.5,11,ask,DiligentDonuts,Xuanyu Liu,1167236
2026-06-30T21:24:25.033223,2026-06-30T21:24:25.038211+00:00,71.8,11,bid,Xuanyu Liu,EarnestEspressos,1167238
2026-06-30T21:24:25.084431,2026-06-30T21:24:25.088669+00:00,71.5,11,ask,DiligentDonuts,Xuanyu Liu,1167241
2026-06-30T21:24:25.105199,2026-06-30T21:24:25.109300+00:00,71.8,11,bid,Xuanyu Liu,EarnestEspressos,1167243
2026-06-30T21:24:25.126534,2026-06-30T21:24:25.130914+00:00,71.5,11,ask,DiligentDonuts,Xuanyu Liu,1167245
2026-06-30T21:24:25.158264,2026-06-30T21:24:25.162152+00:00,71.8,11,bid,Xuanyu Liu,EarnestEspressos,1167248
2026-06-30T21:24:25.335072,2026-06-30T21:24:25.336524+00:00,71.5,34,ask,DiligentDonuts,FlawlessFlatbreads,1167257
2026-06-30T21:24:25.335072,2026-06-30T21:24:25.346771+00:00,71.3,16,ask,EarnestEspressos,FlawlessFlatbreads,1167258
2026-06-30T21:24:26.005255,2026-06-30T21:24:26.008863+00:00,71.8,35,bid,Xuanyu Liu,EarnestEspressos,1167271
2026-06-30T21:24:26.276099,2026-06-30T21:24:26.280011+00:00,71.3,35,ask,EarnestEspressos,Xuanyu Liu,1167277
2026-06-30T21:24:26.295908,2026-06-30T21:24:26.299430+00:00,71.8,35,bid,Xuanyu Liu,EarnestEspressos,1167279
2026-06-30T21:24:26.316433,2026-06-30T21:24:26.319858+00:00,71.3,35,ask,EarnestEspressos,Xuanyu Liu,1167283
2026-06-30T21:24:26.337292,2026-06-30T21:24:26.341854+00:00,71.8,14,bid,Xuanyu Liu,EarnestEspressos,1167285
2026-06-30T21:24:26.359626,2026-06-30T21:24:26.364053+00:00,71.3,14,ask,EarnestEspressos,Xuanyu Liu,1167287
2026-06-30T21:24:26.381575,2026-06-30T21:24:26.386452+00:00,72.0,57,bid,Xuanyu Liu,DiligentDonuts,1167289
2026-06-30T21:24:26.404673,2026-06-30T21:24:26.409152+00:00,71.3,29,ask,EarnestEspressos,Xuanyu Liu,1167291
2026-06-30T21:24:27.248925,2026-06-30T21:24:27.252199+00:00,71.3,28,ask,EarnestEspressos,Xuanyu Liu,1167304
2026-06-30T21:24:27.269047,2026-06-30T21:24:27.273010+00:00,72.0,23,bid,Xuanyu Liu,DiligentDonuts,1167306
2026-06-30T21:24:27.290807,2026-06-30T21:24:27.294277+00:00,71.3,23,ask,EarnestEspressos,Xuanyu Liu,1167309
2026-06-30T21:24:27.445978,2026-06-30T21:24:27.447499+00:00,71.3,50,ask,EarnestEspressos,FlawlessFlatbreads,1167311
2026-06-30T21:24:28.056111,2026-06-30T21:24:28.059159+00:00,71.4,11,ask,DiligentDonuts,Xuanyu Liu,1167315
2026-06-30T21:24:28.075259,2026-06-30T21:24:28.078615+00:00,71.8,11,bid,Xuanyu Liu,EarnestEspressos,1167317
2026-06-30T21:24:28.117910,2026-06-30T21:24:28.120971+00:00,71.4,11,ask,DiligentDonuts,Xuanyu Liu,1167319
2026-06-30T21:24:28.149059,2026-06-30T21:24:28.152403+00:00,71.8,11,bid,Xuanyu Liu,EarnestEspressos,1167324
2026-06-30T21:24:28.168841,2026-06-30T21:24:28.171875+00:00,71.4,11,ask,DiligentDonuts,Xuanyu Liu,1167327
2026-06-30T21:24:28.188090,2026-06-30T21:24:28.191448+00:00,71.8,23,bid,Xuanyu Liu,EarnestEspressos,1167329
2026-06-30T21:24:28.209808,2026-06-30T21:24:28.212874+00:00,71.4,23,ask,DiligentDonuts,Xuanyu Liu,1167332
2026-06-30T21:24:28.228216,2026-06-30T21:24:28.231601+00:00,71.8,23,bid,Xuanyu Liu,EarnestEspressos,1167337
2026-06-30T21:24:28.264440,2026-06-30T21:24:28.268635+00:00,71.4,23,ask,DiligentDonuts,Xuanyu Liu,1167339
2026-06-30T21:24:28.285225,2026-06-30T21:24:28.289014+00:00,71.8,23,bid,Xuanyu Liu,EarnestEspressos,1167342
2026-06-30T21:24:28.306501,2026-06-30T21:24:28.310609+00:00,71.4,21,ask,DiligentDonuts,Xuanyu Liu,1167344
2026-06-30T21:24:28.327135,2026-06-30T21:24:28.330928+00:00,71.8,21,bid,Xuanyu Liu,EarnestEspressos,1167346
2026-06-30T21:24:29.063652,2026-06-30T21:24:29.067316+00:00,71.3,23,ask,EarnestEspressos,Xuanyu Liu,1167354
2026-06-30T21:24:29.084119,2026-06-30T21:24:29.088148+00:00,71.8,23,bid,Xuanyu Liu,EarnestEspressos,1167356
2026-06-30T21:24:29.124448,2026-06-30T21:24:29.127962+00:00,71.3,23,ask,EarnestEspressos,Xuanyu Liu,1167358
2026-06-30T21:24:29.144614,2026-06-30T21:24:29.148027+00:00,71.8,15,bid,Xuanyu Liu,EarnestEspressos,1167360
2026-06-30T21:24:29.175116,2026-06-30T21:24:29.178795+00:00,71.3,3,ask,EarnestEspressos,Xuanyu Liu,1167362
2026-06-30T21:24:29.501268,2026-06-30T21:24:29.505651+00:00,71.9,50,bid,FlawlessFlatbreads,DiligentDonuts,1167369
2026-06-30T21:24:30.412748,2026-06-30T21:24:30.415841+00:00,71.4,1,ask,EarnestEspressos,Xuanyu Liu,1167385
2026-06-30T21:24:30.431174,2026-06-30T21:24:30.434735+00:00,71.9,12,bid,Xuanyu Liu,DiligentDonuts,1167388
2026-06-30T21:24:30.450312,2026-06-30T21:24:30.453381+00:00,71.4,12,ask,EarnestEspressos,Xuanyu Liu,1167390
2026-06-30T21:24:30.468823,2026-06-30T21:24:30.471829+00:00,71.9,12,bid,Xuanyu Liu,DiligentDonuts,1167392
2026-06-30T21:24:30.487396,2026-06-30T21:24:30.490387+00:00,71.4,12,ask,EarnestEspressos,Xuanyu Liu,1167395
2026-06-30T21:24:30.529196,2026-06-30T21:24:30.532272+00:00,71.9,12,bid,Xuanyu Liu,DiligentDonuts,1167399
2026-06-30T21:24:30.549429,2026-06-30T21:24:30.552836+00:00,71.4,12,ask,EarnestEspressos,Xuanyu Liu,1167402
2026-06-30T21:24:30.571793,2026-06-30T21:24:30.575208+00:00,71.9,12,bid,Xuanyu Liu,EarnestEspressos,1167404
2026-06-30T21:24:30.592783,2026-06-30T21:24:30.596207+00:00,71.4,12,ask,EarnestEspressos,Xuanyu Liu,1167407
2026-06-30T21:24:30.612150,2026-06-30T21:24:30.616772+00:00,71.9,2,bid,Xuanyu Liu,DiligentDonuts,1167409
2026-06-30T21:24:30.612150,2026-06-30T21:24:30.616772+00:00,71.9,10,bid,Xuanyu Liu,EarnestEspressos,1167410
2026-06-30T21:24:30.633255,2026-06-30T21:24:30.636454+00:00,71.4,12,ask,EarnestEspressos,Xuanyu Liu,1167412
2026-06-30T21:24:30.652361,2026-06-30T21:24:30.655690+00:00,71.9,12,bid,Xuanyu Liu,DiligentDonuts,1167414
2026-06-30T21:26:42.208688,2026-06-30T21:26:42.219307+00:00,71.8,43,bid,CostlyCorianders,EarnestEspressos,1169450
2026-06-30T21:26:42.371334,2026-06-30T21:26:42.375833+00:00,71.3,50,ask,EarnestEspressos,FlawlessFlatbreads,1169451
2026-06-30T21:26:43.354311,2026-06-30T21:26:43.358185+00:00,71.6,26,ask,EarnestEspressos,Xuanyu Liu,1169463
2026-06-30T21:26:43.796254,2026-06-30T21:26:43.800904+00:00,71.8,44,bid,CostlyCorianders,DiligentDonuts,1169464
2026-06-30T21:26:44.478609,2026-06-30T21:26:44.485084+00:00,71.6,50,ask,EarnestEspressos,FlawlessFlatbreads,1169474
2026-06-30T21:26:46.533453,2026-06-30T21:26:46.535169+00:00,71.9,50,bid,FlawlessFlatbreads,DiligentDonuts,1169496
2026-06-30T21:26:48.706484,2026-06-30T21:26:48.710080+00:00,71.8,50,ask,DiligentDonuts,FlawlessFlatbreads,1169521
2026-06-30T21:26:50.332514,2026-06-30T21:26:50.336430+00:00,71.9,45,bid,Chester Au,EarnestEspressos,1169537
2026-06-30T21:26:50.360959,2026-06-30T21:26:50.367236+00:00,71.9,10,bid,Chester Au,EarnestEspressos,1169540
2026-06-30T21:26:50.761884,2026-06-30T21:26:50.770565+00:00,71.9,50,bid,FlawlessFlatbreads,EarnestEspressos,1169548
2026-06-30T21:26:52.868048,2026-06-30T21:26:52.873609+00:00,72.2,50,bid,FlawlessFlatbreads,DiligentDonuts,1169569
2026-06-30T21:26:53.560618,2026-06-30T21:26:53.569219+00:00,71.9,46,ask,EarnestEspressos,CostlyCorianders,1169578
2026-06-30T21:26:54.975429,2026-06-30T21:26:54.986593+00:00,72.2,50,bid,FlawlessFlatbreads,DiligentDonuts,1169599
2026-06-30T21:26:56.908211,2026-06-30T21:26:56.911548+00:00,72.0,3,ask,DiligentDonuts,Xuanyu Liu,1169624
2026-06-30T21:26:57.083269,2026-06-30T21:26:57.085953+00:00,72.3,50,bid,FlawlessFlatbreads,EarnestEspressos,1169630
2026-06-30T21:26:59.188728,2026-06-30T21:26:59.194853+00:00,72.4,10,bid,FlawlessFlatbreads,Zijun Feng,1169651
2026-06-30T21:26:59.188728,2026-06-30T21:26:59.194853+00:00,72.5,40,bid,FlawlessFlatbreads,DiligentDonuts,1169652
2026-06-30T21:27:01.297165,2026-06-30T21:27:01.303583+00:00,72.3,50,bid,FlawlessFlatbreads,EarnestEspressos,1169693
2026-06-30T21:27:01.592281,2026-06-30T21:27:01.599650+00:00,71.9,44,ask,DiligentDonuts,CostlyCorianders,1169695
2026-06-30T21:27:03.236940,2026-06-30T21:27:03.248818+00:00,72.0,55,ask,EarnestEspressos,Chester Au,1169715
2026-06-30T21:27:03.245159,2026-06-30T21:27:03.248818+00:00,72.0,11,ask,EarnestEspressos,Xuanyu Liu,1169717
2026-06-30T21:27:03.404923,2026-06-30T21:27:03.412121+00:00,72.3,50,bid,FlawlessFlatbreads,DiligentDonuts,1169719
2026-06-30T21:27:06.096444,2026-06-30T21:27:06.100287+00:00,72.2,46,bid,CostlyCorianders,EarnestEspressos,1169747
2026-06-30T21:27:07.667545,2026-06-30T21:27:07.674709+00:00,71.8,50,ask,DiligentDonuts,FlawlessFlatbreads,1169766
2026-06-30T21:27:09.774223,2026-06-30T21:27:09.786065+00:00,71.9,50,ask,EarnestEspressos,FlawlessFlatbreads,1169796
2026-06-30T21:27:11.879694,2026-06-30T21:27:11.885558+00:00,71.9,50,ask,DiligentDonuts,FlawlessFlatbreads,1169819
2026-06-30T21:27:12.838693,2026-06-30T21:27:12.845242+00:00,71.7,46,ask,EarnestEspressos,CostlyCorianders,1169824
2026-06-30T21:27:14.182398,2026-06-30T21:27:14.186046+00:00,72.1,11,bid,Xuanyu Liu,DiligentDonuts,1169847
2026-06-30T21:27:16.096662,2026-06-30T21:27:16.099280+00:00,71.8,50,ask,EarnestEspressos,FlawlessFlatbreads,1169871
2026-06-30T21:27:16.256347,2026-06-30T21:27:16.263069+00:00,72.3,43,bid,CostlyCorianders,EarnestEspressos,1169872
2026-06-30T21:27:18.203066,2026-06-30T21:27:18.209108+00:00,71.8,50,ask,DiligentDonuts,FlawlessFlatbreads,1169910
2026-06-30T21:27:18.872699,2026-06-30T21:27:18.883617+00:00,71.6,41,ask,EarnestEspressos,CostlyCorianders,1169917
2026-06-30T21:27:20.309496,2026-06-30T21:27:20.315957+00:00,71.6,50,ask,EarnestEspressos,FlawlessFlatbreads,1169942
2026-06-30T21:27:20.402745,2026-06-30T21:27:20.407919+00:00,72.1,49,bid,CostlyCorianders,EarnestEspressos,1169944
2026-06-30T21:27:21.819757,2026-06-30T21:27:21.827853+00:00,71.8,45,bid,Chester Au,EarnestEspressos,1169962
2026-06-30T21:27:21.823936,2026-06-30T21:27:21.827853+00:00,71.8,3,bid,Xuanyu Liu,EarnestEspressos,1169963
2026-06-30T21:27:21.850241,2026-06-30T21:27:21.859700+00:00,71.8,10,bid,Chester Au,EarnestEspressos,1169965
2026-06-30T21:27:22.415789,2026-06-30T21:27:22.424427+00:00,71.6,50,ask,DiligentDonuts,FlawlessFlatbreads,1169970
2026-06-30T21:27:24.523507,2026-06-30T21:27:24.526482+00:00,71.6,50,ask,DiligentDonuts,FlawlessFlatbreads,1170001
2026-06-30T21:27:24.745054,2026-06-30T21:27:24.751217+00:00,71.6,47,ask,EarnestEspressos,CostlyCorianders,1170004
2026-06-30T21:27:26.577680,2026-06-30T21:27:26.583371+00:00,71.7,50,bid,FlawlessFlatbreads,DiligentDonuts,1170036
2026-06-30T21:27:26.764444,2026-06-30T21:27:26.767481+00:00,71.7,47,bid,CostlyCorianders,DiligentDonuts,1170040
2026-06-30T21:27:29.475612,2026-06-30T21:27:29.483460+00:00,71.6,45,ask,DiligentDonuts,CostlyCorianders,1170078
2026-06-30T21:27:30.790488,2026-06-30T21:27:30.792312+00:00,72.1,50,bid,FlawlessFlatbreads,DiligentDonuts,1170103
2026-06-30T21:27:32.600507,2026-06-30T21:27:32.604331+00:00,72.0,49,bid,CostlyCorianders,EarnestEspressos,1170131
2026-06-30T21:27:32.895854,2026-06-30T21:27:32.900696+00:00,72.0,50,bid,FlawlessFlatbreads,EarnestEspressos,1170133
2026-06-30T21:27:34.562096,2026-06-30T21:27:34.566505+00:00,71.8,42,ask,EarnestEspressos,CostlyCorianders,1170152
2026-06-30T21:27:34.767308,2026-06-30T21:27:34.770980+00:00,71.8,3,ask,EarnestEspressos,Xuanyu Liu,1170159
2026-06-30T21:27:35.601014,2026-06-30T21:27:35.608893+00:00,72.0,48,bid,CostlyCorianders,DiligentDonuts,1170167
2026-06-30T21:27:36.122192,2026-06-30T21:27:36.130420+00:00,71.8,44,ask,EarnestEspressos,CostlyCorianders,1170173
2026-06-30T21:27:37.106547,2026-06-30T21:27:37.113104+00:00,72.0,50,bid,FlawlessFlatbreads,DiligentDonuts,1170183
2026-06-30T21:27:42.591004,2026-06-30T21:27:42.596902+00:00,71.8,45,ask,DiligentDonuts,CostlyCorianders,1170260
2026-06-30T21:27:43.109494,2026-06-30T21:27:43.118408+00:00,72.0,49,bid,CostlyCorianders,EarnestEspressos,1170264
2026-06-30T21:27:43.455596,2026-06-30T21:27:43.466196+00:00,72.0,10,bid,FlawlessFlatbreads,Zijun Feng,1170273
2026-06-30T21:27:44.859509,2026-06-30T21:27:44.865629+00:00,72.0,44,bid,CostlyCorianders,EarnestEspressos,1170300
2026-06-30T21:27:44.913252,2026-06-30T21:27:44.916821+00:00,71.5,43,ask,EarnestEspressos,CostlyCorianders,1170302
2026-06-30T21:27:45.612966,2026-06-30T21:27:45.621453+00:00,71.5,50,ask,EarnestEspressos,FlawlessFlatbreads,1170320
2026-06-30T21:27:46.448514,2026-06-30T21:27:46.460110+00:00,72.0,40,bid,CostlyCorianders,EarnestEspressos,1170338
2026-06-30T21:27:47.407726,2026-06-30T21:27:47.410246+00:00,71.7,40,ask,DiligentDonuts,CostlyCorianders,1170345
2026-06-30T21:27:47.722195,2026-06-30T21:27:47.727421+00:00,71.7,50,ask,DiligentDonuts,FlawlessFlatbreads,1170348
2026-06-30T21:27:51.530012,2026-06-30T21:27:51.540665+00:00,71.4,41,ask,EarnestEspressos,CostlyCorianders,1170395
2026-06-30T21:27:51.881021,2026-06-30T21:27:51.888885+00:00,71.7,50,bid,FlawlessFlatbreads,DiligentDonuts,1170400
2026-06-30T21:27:52.534952,2026-06-30T21:27:52.543591+00:00,71.7,40,bid,CostlyCorianders,DiligentDonuts,1170410
2026-06-30T21:27:54.038912,2026-06-30T21:27:54.045455+00:00,71.4,50,ask,DiligentDonuts,FlawlessFlatbreads,1170423
2026-06-30T21:27:54.151095,2026-06-30T21:27:54.158201+00:00,71.6,43,bid,CostlyCorianders,EarnestEspressos,1170426
2026-06-30T21:27:54.601300,2026-06-30T21:27:54.615280+00:00,71.6,3,bid,Xuanyu Liu,EarnestEspressos,1170442
2026-06-30T21:27:54.792506,2026-06-30T21:27:54.799581+00:00,71.4,41,ask,DiligentDonuts,CostlyCorianders,1170452
2026-06-30T21:27:55.321390,2026-06-30T21:27:55.331741+00:00,71.6,40,bid,CostlyCorianders,EarnestEspressos,1170456
2026-06-30T21:27:56.094693,2026-06-30T21:27:56.097943+00:00,71.9,50,bid,FlawlessFlatbreads,DiligentDonuts,1170469
2026-06-30T21:27:56.300203,2026-06-30T21:27:56.302079+00:00,71.6,40,ask,EarnestEspressos,CostlyCorianders,1170472
2026-06-30T21:27:58.201027,2026-06-30T21:27:58.203324+00:00,71.8,50,bid,FlawlessFlatbreads,DiligentDonuts,1170503
2026-06-30T21:27:59.908765,2026-06-30T21:27:59.920214+00:00,71.4,46,ask,EarnestEspressos,CostlyCorianders,1170534
2026-06-30T21:28:00.312487,2026-06-30T21:28:00.319829+00:00,71.9,50,bid,FlawlessFlatbreads,EarnestEspressos,1170542
2026-06-30T21:28:00.863298,2026-06-30T21:28:00.872782+00:00,71.9,41,bid,CostlyCorianders,EarnestEspressos,1170548
2026-06-30T21:28:01.476670,2026-06-30T21:28:01.485615+00:00,71.5,44,ask,DiligentDonuts,CostlyCorianders,1170557
2026-06-30T21:28:02.418697,2026-06-30T21:28:02.426033+00:00,72.0,50,bid,FlawlessFlatbreads,DiligentDonuts,1170567
2026-06-30T21:28:02.472562,2026-06-30T21:28:02.475946+00:00,71.6,3,ask,EarnestEspressos,Xuanyu Liu,1170572
2026-06-30T21:28:03.795233,2026-06-30T21:28:03.809722+00:00,71.6,145,ask,EarnestEspressos,Chester Au,1170598
2026-06-30T21:28:03.805924,2026-06-30T21:28:03.820178+00:00,71.6,2,ask,EarnestEspressos,Xuanyu Liu,1170601
2026-06-30T21:28:03.810714,2026-06-30T21:28:03.820178+00:00,71.9,49,bid,CostlyCorianders,DiligentDonuts,1170602
2026-06-30T21:28:04.270829,2026-06-30T21:28:04.279548+00:00,71.4,46,ask,DiligentDonuts,CostlyCorianders,1170609
2026-06-30T21:28:04.577337,2026-06-30T21:28:04.586603+00:00,71.4,50,ask,DiligentDonuts,FlawlessFlatbreads,1170618
2026-06-30T21:28:05.645604,2026-06-30T21:28:05.649399+00:00,71.6,14,bid,Xuanyu Liu,EarnestEspressos,1170628
2026-06-30T21:28:06.633428,2026-06-30T21:28:06.639953+00:00,71.6,50,bid,FlawlessFlatbreads,EarnestEspressos,1170642
2026-06-30T21:28:08.799529,2026-06-30T21:28:08.807051+00:00,71.4,50,ask,DiligentDonuts,FlawlessFlatbreads,1170670
2026-06-30T21:28:10.854882,2026-06-30T21:28:10.859747+00:00,71.7,50,bid,FlawlessFlatbreads,EarnestEspressos,1170700
2026-06-30T21:28:11.444611,2026-06-30T21:28:11.451815+00:00,71.7,41,bid,CostlyCorianders,EarnestEspressos,1170708
2026-06-30T21:28:12.960919,2026-06-30T21:28:12.964358+00:00,71.4,3,ask,EarnestEspressos,Xuanyu Liu,1170725
2026-06-30T21:28:13.013936,2026-06-30T21:28:13.015474+00:00,71.4,50,ask,EarnestEspressos,FlawlessFlatbreads,1170726
2026-06-30T21:28:17.177467,2026-06-30T21:28:17.180626+00:00,71.6,50,bid,FlawlessFlatbreads,DiligentDonuts,1170782
2026-06-30T21:28:19.282828,2026-06-30T21:28:19.285642+00:00,71.7,50,bid,FlawlessFlatbreads,EarnestEspressos,1170811
2026-06-30T21:28:20.044040,2026-06-30T21:28:20.052517+00:00,71.7,49,bid,CostlyCorianders,EarnestEspressos,1170820
2026-06-30T21:28:21.391150,2026-06-30T21:28:21.392942+00:00,71.8,50,bid,EarnestEspressos,DiligentDonuts,1170838
2026-06-30T21:28:21.397688,2026-06-30T21:28:21.403192+00:00,71.8,50,bid,FlawlessFlatbreads,DiligentDonuts,1170839
2026-06-30T21:28:21.460673,2026-06-30T21:28:21.464683+00:00,71.8,11,ask,EarnestEspressos,Xuanyu Liu,1170841
2026-06-30T21:28:23.089672,2026-06-30T21:28:23.093588+00:00,71.8,46,ask,EarnestEspressos,CostlyCorianders,1170861
2026-06-30T21:28:23.231029,2026-06-30T21:28:23.234955+00:00,71.8,12,ask,EarnestEspressos,Xuanyu Liu,1170867
2026-06-30T21:28:23.550574,2026-06-30T21:28:23.552480+00:00,71.8,31,ask,EarnestEspressos,FlawlessFlatbreads,1170875
2026-06-30T21:28:23.550574,2026-06-30T21:28:23.562766+00:00,71.6,19,ask,DiligentDonuts,FlawlessFlatbreads,1170876
2026-06-30T21:28:24.239761,2026-06-30T21:28:24.248374+00:00,71.6,49,ask,DiligentDonuts,CostlyCorianders,1170890
2026-06-30T21:28:24.611110,2026-06-30T21:28:24.626801+00:00,71.6,32,ask,DiligentDonuts,EarnestEspressos,1170898
2026-06-30T21:28:24.623184,2026-06-30T21:28:24.626801+00:00,71.6,12,bid,Xuanyu Liu,EarnestEspressos,1170900
2026-06-30T21:28:25.665843,2026-06-30T21:28:25.671265+00:00,71.1,50,ask,EarnestEspressos,FlawlessFlatbreads,1170915
2026-06-30T21:28:28.621907,2026-06-30T21:28:28.625158+00:00,71.4,11,bid,Xuanyu Liu,EarnestEspressos,1170960
2026-06-30T21:28:28.692384,2026-06-30T21:28:28.695602+00:00,71.4,3,bid,Xuanyu Liu,EarnestEspressos,1170962
2026-06-30T21:28:30.770117,2026-06-30T21:28:30.772777+00:00,71.4,46,bid,CostlyCorianders,EarnestEspressos,1170999
2026-06-30T21:28:34.380015,2026-06-30T21:28:34.386109+00:00,71.6,42,bid,CostlyCorianders,DiligentDonuts,1171044
2026-06-30T21:28:36.186659,2026-06-30T21:28:36.195610+00:00,71.6,50,ask,DiligentDonuts,FlawlessFlatbreads,1171065
2026-06-30T21:28:40.418104,2026-06-30T21:28:40.422620+00:00,71.6,50,ask,EarnestEspressos,FlawlessFlatbreads,1171115
2026-06-30T21:28:41.770278,2026-06-30T21:28:41.774200+00:00,71.6,45,ask,EarnestEspressos,CostlyCorianders,1171137
2026-06-30T21:28:42.473845,2026-06-30T21:28:42.481224+00:00,72.0,50,bid,FlawlessFlatbreads,DiligentDonuts,1171145
2026-06-30T21:28:43.181003,2026-06-30T21:28:43.187778+00:00,71.6,49,ask,EarnestEspressos,CostlyCorianders,1171154
2026-06-30T21:28:43.584102,2026-06-30T21:28:43.586279+00:00,71.5,100,ask,DiligentDonuts,EarnestEspressos,1171159
2026-06-30T21:28:43.816788,2026-06-30T21:28:43.820514+00:00,71.4,50,bid,Chester Au,EarnestEspressos,1171163
2026-06-30T21:28:43.826652,2026-06-30T21:28:43.830884+00:00,72.0,41,bid,CostlyCorianders,DiligentDonuts,1171165
2026-06-30T21:28:44.634772,2026-06-30T21:28:44.638213+00:00,71.4,50,ask,DiligentDonuts,FlawlessFlatbreads,1171182
2026-06-30T21:28:45.594367,2026-06-30T21:28:45.598470+00:00,71.9,42,bid,CostlyCorianders,DiligentDonuts,1171193
2026-06-30T21:28:46.255151,2026-06-30T21:28:46.263734+00:00,71.4,49,ask,DiligentDonuts,CostlyCorianders,1171212
2026-06-30T21:28:46.742275,2026-06-30T21:28:46.744001+00:00,71.5,50,ask,EarnestEspressos,FlawlessFlatbreads,1171218
2026-06-30T21:28:46.753040,2026-06-30T21:28:46.764561+00:00,71.5,48,ask,EarnestEspressos,CostlyCorianders,1171219
2026-06-30T21:28:48.852423,2026-06-30T21:28:48.863736+00:00,71.5,50,ask,EarnestEspressos,FlawlessFlatbreads,1171257
2026-06-30T21:28:49.308410,2026-06-30T21:28:49.314082+00:00,71.7,47,bid,CostlyCorianders,DiligentDonuts,1171265
2026-06-30T21:28:50.959715,2026-06-30T21:28:50.971097+00:00,71.5,50,ask,DiligentDonuts,FlawlessFlatbreads,1171285
2026-06-30T21:28:52.339926,2026-06-30T21:28:52.343490+00:00,71.6,40,bid,CostlyCorianders,EarnestEspressos,1171315
2026-06-30T21:28:53.065047,2026-06-30T21:28:53.068994+00:00,71.5,50,ask,DiligentDonuts,FlawlessFlatbreads,1171318
2026-06-30T21:28:53.327628,2026-06-30T21:28:53.334697+00:00,71.7,41,bid,CostlyCorianders,EarnestEspressos,1171322
2026-06-30T21:28:53.854178,2026-06-30T21:28:53.857413+00:00,71.2,49,ask,EarnestEspressos,CostlyCorianders,1171346
2026-06-30T21:28:53.933224,2026-06-30T21:28:53.939713+00:00,71.5,10,bid,Chester Au,DiligentDonuts,1171352
2026-06-30T21:28:54.328945,2026-06-30T21:28:54.338969+00:00,71.5,42,bid,CostlyCorianders,DiligentDonuts,1171355
2026-06-30T21:28:55.174524,2026-06-30T21:28:55.177734+00:00,71.2,50,ask,EarnestEspressos,FlawlessFlatbreads,1171367
2026-06-30T21:28:55.960954,2026-06-30T21:28:55.965168+00:00,71.2,48,ask,EarnestEspressos,CostlyCorianders,1171378
2026-06-30T21:28:56.229984,2026-06-30T21:28:56.231522+00:00,71.2,10,ask,Zijun Feng,EarnestEspressos,1171382
2026-06-30T21:28:56.249713,2026-06-30T21:28:56.258007+00:00,71.1,90,bid,Chester Au,EarnestEspressos,1171386
2026-06-30T21:28:56.254413,2026-06-30T21:28:56.258007+00:00,71.1,14,bid,Xuanyu Liu,EarnestEspressos,1171387
2026-06-30T21:28:56.276835,2026-06-30T21:28:56.280749+00:00,71.1,3,bid,Xuanyu Liu,EarnestEspressos,1171390
2026-06-30T21:28:56.518890,2026-06-30T21:28:56.522900+00:00,71.1,11,bid,Xuanyu Liu,EarnestEspressos,1171395
2026-06-30T21:28:57.028350,2026-06-30T21:28:57.034953+00:00,71.1,22,bid,DiligentDonuts,EarnestEspressos,1171402
2026-06-30T21:28:57.103715,2026-06-30T21:28:57.117292+00:00,71.6,41,bid,CostlyCorianders,DiligentDonuts,1171403
2026-06-30T21:28:59.336964,2026-06-30T21:28:59.346162+00:00,71.6,50,bid,FlawlessFlatbreads,DiligentDonuts,1171443
2026-06-30T21:29:00.190364,2026-06-30T21:29:00.193861+00:00,71.5,11,ask,EarnestEspressos,Xuanyu Liu,1171458
2026-06-30T21:29:00.230912,2026-06-30T21:29:00.234828+00:00,71.6,3,ask,DiligentDonuts,Xuanyu Liu,1171460
2026-06-30T21:29:01.444863,2026-06-30T21:29:01.452038+00:00,72.0,50,bid,FlawlessFlatbreads,EarnestEspressos,1171482
2026-06-30T21:29:03.552043,2026-06-30T21:29:03.559072+00:00,72.1,50,bid,FlawlessFlatbreads,EarnestEspressos,1171523
2026-06-30T21:29:04.365922,2026-06-30T21:29:04.378163+00:00,71.6,48,ask,EarnestEspressos,CostlyCorianders,1171535
2026-06-30T21:29:04.915943,2026-06-30T21:29:04.920107+00:00,71.6,49,ask,EarnestEspressos,CostlyCorianders,1171545
2026-06-30T21:29:05.657803,2026-06-30T21:29:05.666557+00:00,72.1,50,bid,FlawlessFlatbreads,DiligentDonuts,1171558
2026-06-30T21:29:06.948068,2026-06-30T21:29:06.955787+00:00,71.8,48,bid,CostlyCorianders,EarnestEspressos,1171573
2026-06-30T21:29:07.764990,2026-06-30T21:29:07.774277+00:00,71.8,50,bid,FlawlessFlatbreads,EarnestEspressos,1171583
2026-06-30T21:29:09.470248,2026-06-30T21:29:09.472329+00:00,72.2,40,bid,CostlyCorianders,DiligentDonuts,1171601
2026-06-30T21:29:09.871761,2026-06-30T21:29:09.882440+00:00,72.3,50,bid,FlawlessFlatbreads,EarnestEspressos,1171609
2026-06-30T21:29:12.026845,2026-06-30T21:29:12.031038+00:00,72.0,3,ask,EarnestEspressos,Xuanyu Liu,1171638
2026-06-30T21:29:13.298833,2026-06-30T21:29:13.302329+00:00,72.0,147,ask,EarnestEspressos,Chester Au,1171650
2026-06-30T21:29:14.100787,2026-06-30T21:29:14.111979+00:00,72.3,10,bid,FlawlessFlatbreads,Zijun Feng,1171663
2026-06-30T21:29:14.100787,2026-06-30T21:29:14.111979+00:00,72.4,40,bid,FlawlessFlatbreads,DiligentDonuts,1171664
2026-06-30T21:29:15.221951,2026-06-30T21:29:15.226497+00:00,71.9,100,ask,DiligentDonuts,EarnestEspressos,1171683
2026-06-30T21:29:15.599138,2026-06-30T21:29:15.605717+00:00,71.3,48,ask,EarnestEspressos,CostlyCorianders,1171689
2026-06-30T21:29:16.258631,2026-06-30T21:29:16.260631+00:00,71.3,50,ask,EarnestEspressos,FlawlessFlatbreads,1171694
2026-06-30T21:29:17.659935,2026-06-30T21:29:17.663342+00:00,71.8,45,bid,CostlyCorianders,EarnestEspressos,1171714
2026-06-30T21:29:18.277913,2026-06-30T21:29:18.288284+00:00,71.3,41,ask,EarnestEspressos,CostlyCorianders,1171723
2026-06-30T21:29:18.326386,2026-06-30T21:29:18.329403+00:00,71.8,50,bid,FlawlessFlatbreads,DiligentDonuts,1171724
2026-06-30T21:29:18.810330,2026-06-30T21:29:18.821096+00:00,71.7,45,bid,CostlyCorianders,EarnestEspressos,1171732
2026-06-30T21:29:19.868246,2026-06-30T21:29:19.876380+00:00,71.5,47,ask,DiligentDonuts,CostlyCorianders,1171748
2026-06-30T21:29:20.487260,2026-06-30T21:29:20.491461+00:00,71.5,50,ask,DiligentDonuts,FlawlessFlatbreads,1171755
2026-06-30T21:29:20.962569,2026-06-30T21:29:20.973225+00:00,71.7,40,bid,CostlyCorianders,EarnestEspressos,1171761
2026-06-30T21:29:21.914045,2026-06-30T21:29:21.925418+00:00,71.5,3,ask,DiligentDonuts,CostlyCorianders,1171770
2026-06-30T21:29:21.914045,2026-06-30T21:29:21.925418+00:00,71.4,44,ask,EarnestEspressos,CostlyCorianders,1171771
2026-06-30T21:29:22.597692,2026-06-30T21:29:22.601668+00:00,71.4,50,ask,EarnestEspressos,FlawlessFlatbreads,1171784
2026-06-30T21:29:23.276080,2026-06-30T21:29:23.287245+00:00,71.7,44,bid,CostlyCorianders,DiligentDonuts,1171795
2026-06-30T21:29:24.653532,2026-06-30T21:29:24.659500+00:00,71.7,50,bid,FlawlessFlatbreads,DiligentDonuts,1171815
2026-06-30T21:29:25.076367,2026-06-30T21:29:25.079588+00:00,71.6,3,bid,Xuanyu Liu,EarnestEspressos,1171824
2026-06-30T21:29:25.518167,2026-06-30T21:29:25.520439+00:00,71.6,100,bid,DiligentDonuts,EarnestEspressos,1171829
2026-06-30T21:29:26.001009,2026-06-30T21:29:26.011872+00:00,71.6,44,bid,CostlyCorianders,EarnestEspressos,1171838
2026-06-30T21:29:26.056501,2026-06-30T21:29:26.062965+00:00,71.2,10,ask,Zijun Feng,CostlyCorianders,1171839
2026-06-30T21:29:26.056501,2026-06-30T21:29:26.062965+00:00,71.1,39,ask,EarnestEspressos,CostlyCorianders,1171840
2026-06-30T21:29:26.814268,2026-06-30T21:29:26.820207+00:00,71.1,50,ask,EarnestEspressos,FlawlessFlatbreads,1171849
2026-06-30T21:29:28.921015,2026-06-30T21:29:28.926516+00:00,71.2,50,ask,EarnestEspressos,FlawlessFlatbreads,1171869
2026-06-30T21:29:29.587550,2026-06-30T21:29:29.590436+00:00,71.2,47,ask,EarnestEspressos,CostlyCorianders,1171876
2026-06-30T21:29:31.093835,2026-06-30T21:29:31.103647+00:00,71.5,147,bid,Chester Au,EarnestEspressos,1171892
2026-06-30T21:29:33.079054,2026-06-30T21:29:33.086474+00:00,71.5,3,bid,FlawlessFlatbreads,EarnestEspressos,1171915
2026-06-30T21:29:33.079054,2026-06-30T21:29:33.086474+00:00,71.9,47,bid,FlawlessFlatbreads,DiligentDonuts,1171916
2026-06-30T21:29:35.186518,2026-06-30T21:29:35.193984+00:00,71.9,50,bid,FlawlessFlatbreads,DiligentDonuts,1171940
2026-06-30T21:29:36.594088,2026-06-30T21:29:36.604390+00:00,71.9,42,bid,CostlyCorianders,DiligentDonuts,1171957
2026-06-30T21:29:41.501069,2026-06-30T21:29:41.506937+00:00,72.1,50,bid,FlawlessFlatbreads,EarnestEspressos,1172032
2026-06-30T21:29:43.428638,2026-06-30T21:29:43.431823+00:00,71.6,3,ask,EarnestEspressos,Xuanyu Liu,1172075
2026-06-30T21:29:43.607715,2026-06-30T21:29:43.615734+00:00,72.1,50,bid,FlawlessFlatbreads,DiligentDonuts,1172078
2026-06-30T21:29:44.057122,2026-06-30T21:29:44.066736+00:00,71.6,45,ask,DiligentDonuts,CostlyCorianders,1172088
2026-06-30T21:29:45.578761,2026-06-30T21:29:45.584086+00:00,71.6,42,ask,EarnestEspressos,CostlyCorianders,1172115
2026-06-30T21:29:45.713825,2026-06-30T21:29:45.717555+00:00,72.1,50,bid,FlawlessFlatbreads,EarnestEspressos,1172119
2026-06-30T21:29:47.873728,2026-06-30T21:29:47.878010+00:00,71.6,50,ask,EarnestEspressos,FlawlessFlatbreads,1172150
2026-06-30T21:29:48.046568,2026-06-30T21:29:48.050291+00:00,71.6,11,ask,EarnestEspressos,Xuanyu Liu,1172154
2026-06-30T21:29:48.050845,2026-06-30T21:29:48.060633+00:00,71.6,89,ask,EarnestEspressos,Chester Au,1172155
2026-06-30T21:29:48.050845,2026-06-30T21:29:48.060633+00:00,71.6,100,ask,DiligentDonuts,Chester Au,1172156
2026-06-30T21:29:49.825553,2026-06-30T21:29:49.827328+00:00,72.1,40,bid,CostlyCorianders,EarnestEspressos,1172172
2026-06-30T21:29:52.034214,2026-06-30T21:29:52.037007+00:00,71.7,50,bid,FlawlessFlatbreads,EarnestEspressos,1172206
2026-06-30T21:29:53.247272,2026-06-30T21:29:53.254349+00:00,71.5,48,ask,EarnestEspressos,CostlyCorianders,1172223
2026-06-30T21:29:53.853707,2026-06-30T21:29:53.856678+00:00,71.7,42,bid,CostlyCorianders,DiligentDonuts,1172228
2026-06-30T21:29:54.191074,2026-06-30T21:29:54.194916+00:00,71.5,50,ask,EarnestEspressos,FlawlessFlatbreads,1172238
2026-06-30T21:29:54.431873,2026-06-30T21:29:54.440258+00:00,71.8,43,bid,CostlyCorianders,DiligentDonuts,1172240
2026-06-30T21:29:56.297105,2026-06-30T21:29:56.302388+00:00,71.3,50,ask,DiligentDonuts,FlawlessFlatbreads,1172263
2026-06-30T21:29:58.402995,2026-06-30T21:29:58.410738+00:00,71.2,50,ask,DiligentDonuts,FlawlessFlatbreads,1172287
2026-06-30T21:29:59.389920,2026-06-30T21:29:59.392283+00:00,71.6,42,bid,CostlyCorianders,EarnestEspressos,1172303
2026-06-30T21:29:59.444807,2026-06-30T21:29:59.453822+00:00,71.2,44,ask,DiligentDonuts,CostlyCorianders,1172306
2026-06-30T21:29:59.935868,2026-06-30T21:29:59.944691+00:00,71.2,6,ask,DiligentDonuts,CostlyCorianders,1172310
2026-06-30T21:29:59.935868,2026-06-30T21:29:59.944691+00:00,71.1,36,ask,EarnestEspressos,CostlyCorianders,1172311
2026-06-30T21:30:00.506446,2026-06-30T21:30:00.513257+00:00,71.4,5,bid,Chester Au,DiligentDonuts,1172322
2026-06-30T21:30:00.509321,2026-06-30T21:30:00.513257+00:00,71.4,3,bid,Xuanyu Liu,DiligentDonuts,1172323
2026-06-30T21:30:00.514772,2026-06-30T21:30:00.523666+00:00,71.1,50,ask,EarnestEspressos,FlawlessFlatbreads,1172325
2026-06-30T21:30:00.538877,2026-06-30T21:30:00.544359+00:00,71.4,5,bid,Chester Au,DiligentDonuts,1172329
2026-06-30T21:30:00.567942,2026-06-30T21:30:00.575083+00:00,71.4,5,bid,Chester Au,DiligentDonuts,1172331
2026-06-30T21:30:00.597219,2026-06-30T21:30:00.605876+00:00,71.4,5,bid,Chester Au,DiligentDonuts,1172334
2026-06-30T21:30:00.626486,2026-06-30T21:30:00.636679+00:00,71.4,5,bid,Chester Au,DiligentDonuts,1172337
2026-06-30T21:30:00.654821,2026-06-30T21:30:00.657307+00:00,71.4,5,bid,Chester Au,DiligentDonuts,1172339
2026-06-30T21:30:00.684247,2026-06-30T21:30:00.688140+00:00,71.4,5,bid,Chester Au,DiligentDonuts,1172341
2026-06-30T21:30:00.738538,2026-06-30T21:30:00.750126+00:00,71.4,5,bid,Chester Au,DiligentDonuts,1172347
2026-06-30T21:30:00.767154,2026-06-30T21:30:00.770781+00:00,71.4,5,bid,Chester Au,DiligentDonuts,1172349
2026-06-30T21:30:00.805519,2026-06-30T21:30:00.811949+00:00,71.4,5,bid,Chester Au,DiligentDonuts,1172352
2026-06-30T21:30:00.834902,2026-06-30T21:30:00.842816+00:00,71.4,5,bid,Chester Au,DiligentDonuts,1172354
2026-06-30T21:30:00.864152,2026-06-30T21:30:00.873842+00:00,71.4,5,bid,Chester Au,DiligentDonuts,1172356
2026-06-30T21:30:00.893270,2026-06-30T21:30:00.904798+00:00,71.4,5,bid,Chester Au,DiligentDonuts,1172359
2026-06-30T21:30:00.928200,2026-06-30T21:30:00.935552+00:00,71.4,5,bid,Chester Au,DiligentDonuts,1172361
2026-06-30T21:30:00.961725,2026-06-30T21:30:00.966257+00:00,71.4,5,bid,Chester Au,DiligentDonuts,1172366
2026-06-30T21:30:00.990161,2026-06-30T21:30:00.996954+00:00,71.4,5,bid,Chester Au,DiligentDonuts,1172368
2026-06-30T21:30:01.019685,2026-06-30T21:30:01.027717+00:00,71.4,5,bid,Chester Au,DiligentDonuts,1172371
2026-06-30T21:30:01.062577,2026-06-30T21:30:01.068594+00:00,71.4,5,bid,Chester Au,DiligentDonuts,1172373
2026-06-30T21:30:02.621840,2026-06-30T21:30:02.628865+00:00,70.9,50,ask,DiligentDonuts,FlawlessFlatbreads,1172405
2026-06-30T21:30:03.157551,2026-06-30T21:30:03.161231+00:00,71.2,3,bid,Xuanyu Liu,EarnestEspressos,1172419
2026-06-30T21:30:03.473826,2026-06-30T21:30:03.479058+00:00,71.2,100,bid,DiligentDonuts,EarnestEspressos,1172426
2026-06-30T21:30:04.006924,2026-06-30T21:30:04.011623+00:00,71.2,44,bid,CostlyCorianders,EarnestEspressos,1172435
2026-06-30T21:30:04.504183,2026-06-30T21:30:04.513091+00:00,71.2,3,bid,CostlyCorianders,EarnestEspressos,1172441
2026-06-30T21:30:04.730500,2026-06-30T21:30:04.738010+00:00,70.8,10,ask,Zijun Feng,FlawlessFlatbreads,1172444
2026-06-30T21:30:04.730500,2026-06-30T21:30:04.738010+00:00,70.7,40,ask,EarnestEspressos,FlawlessFlatbreads,1172445
2026-06-30T21:30:06.050825,2026-06-30T21:30:06.059064+00:00,71.2,45,ask,EarnestEspressos,CostlyCorianders,1172466
2026-06-30T21:30:06.629263,2026-06-30T21:30:06.632628+00:00,71.7,46,bid,CostlyCorianders,EarnestEspressos,1172470
2026-06-30T21:30:06.846145,2026-06-30T21:30:06.848478+00:00,71.2,50,ask,EarnestEspressos,FlawlessFlatbreads,1172471
2026-06-30T21:30:08.376704,2026-06-30T21:30:08.380760+00:00,71.2,3,ask,EarnestEspressos,Xuanyu Liu,1172494
2026-06-30T21:30:08.697430,2026-06-30T21:30:08.699034+00:00,71.2,47,ask,EarnestEspressos,CostlyCorianders,1172503
2026-06-30T21:30:08.902449,2026-06-30T21:30:08.904210+00:00,71.3,50,bid,FlawlessFlatbreads,DiligentDonuts,1172505
2026-06-30T21:30:11.067251,2026-06-30T21:30:11.068998+00:00,71.1,50,ask,DiligentDonuts,FlawlessFlatbreads,1172543
2026-06-30T21:30:13.173789,2026-06-30T21:30:13.176556+00:00,71.1,50,ask,DiligentDonuts,FlawlessFlatbreads,1172578
2026-06-30T21:30:16.011398,2026-06-30T21:30:16.013591+00:00,71.4,41,bid,CostlyCorianders,EarnestEspressos,1172620
2026-06-30T21:30:18.164429,2026-06-30T21:30:18.172288+00:00,70.9,49,ask,EarnestEspressos,CostlyCorianders,1172644
2026-06-30T21:30:19.504607,2026-06-30T21:30:19.511494+00:00,70.9,10,ask,Zijun Feng,FlawlessFlatbreads,1172669
2026-06-30T21:30:19.504607,2026-06-30T21:30:19.511494+00:00,70.8,40,ask,EarnestEspressos,FlawlessFlatbreads,1172670
2026-06-30T21:30:20.166664,2026-06-30T21:30:20.170443+00:00,71.1,3,bid,Xuanyu Liu,DiligentDonuts,1172684
2026-06-30T21:30:22.782616,2026-06-30T21:30:22.786115+00:00,71.1,11,bid,Xuanyu Liu,EarnestEspressos,1172717
2026-06-30T21:30:23.665765,2026-06-30T21:30:23.669236+00:00,71.1,50,bid,FlawlessFlatbreads,EarnestEspressos,1172735
2026-06-30T21:30:27.881354,2026-06-30T21:30:27.883139+00:00,71.2,50,bid,FlawlessFlatbreads,DiligentDonuts,1172770
2026-06-30T21:30:30.041345,2026-06-30T21:30:30.044533+00:00,71.0,50,ask,DiligentDonuts,FlawlessFlatbreads,1172812
2026-06-30T21:30:30.160094,2026-06-30T21:30:30.167454+00:00,71.4,47,bid,CostlyCorianders,EarnestEspressos,1172813
2026-06-30T21:30:34.200192,2026-06-30T21:30:34.207486+00:00,71.2,50,bid,FlawlessFlatbreads,DiligentDonuts,1172873
2026-06-30T21:30:35.310705,2026-06-30T21:30:35.314953+00:00,71.1,11,ask,EarnestEspressos,Xuanyu Liu,1172885
2026-06-30T21:30:36.358137,2026-06-30T21:30:36.363059+00:00,71.1,50,ask,EarnestEspressos,FlawlessFlatbreads,1172904
2026-06-30T21:30:36.461753,2026-06-30T21:30:36.466497+00:00,71.4,49,bid,CostlyCorianders,DiligentDonuts,1172908
2026-06-30T21:30:37.203226,2026-06-30T21:30:37.206489+00:00,71.1,3,ask,EarnestEspressos,Xuanyu Liu,1172920
2026-06-30T21:30:38.413441,2026-06-30T21:30:38.421678+00:00,71.2,50,bid,FlawlessFlatbreads,EarnestEspressos,1172944
2026-06-30T21:30:40.523334,2026-06-30T21:30:40.530029+00:00,71.4,50,bid,FlawlessFlatbreads,DiligentDonuts,1172969
2026-06-30T21:30:41.492663,2026-06-30T21:30:41.495733+00:00,71.1,48,ask,DiligentDonuts,CostlyCorianders,1172981
2026-06-30T21:30:42.069137,2026-06-30T21:30:42.071966+00:00,71.1,49,ask,DiligentDonuts,CostlyCorianders,1172988
2026-06-30T21:30:42.634151,2026-06-30T21:30:42.638701+00:00,71.5,50,bid,FlawlessFlatbreads,EarnestEspressos,1172992
2026-06-30T21:30:44.671478,2026-06-30T21:30:44.673239+00:00,71.3,100,ask,EarnestEspressos,DiligentDonuts,1173029
2026-06-30T21:30:44.739290,2026-06-30T21:30:44.744873+00:00,71.5,10,bid,FlawlessFlatbreads,Zijun Feng,1173030
2026-06-30T21:30:44.739290,2026-06-30T21:30:44.744873+00:00,71.8,40,bid,FlawlessFlatbreads,EarnestEspressos,1173031
2026-06-30T21:30:45.567119,2026-06-30T21:30:45.576010+00:00,71.8,49,bid,CostlyCorianders,EarnestEspressos,1173043
2026-06-30T21:30:46.846661,2026-06-30T21:30:46.857601+00:00,71.8,50,bid,FlawlessFlatbreads,EarnestEspressos,1173059
2026-06-30T21:30:48.953934,2026-06-30T21:30:48.958551+00:00,71.7,50,bid,FlawlessFlatbreads,DiligentDonuts,1173095
2026-06-30T21:30:49.621845,2026-06-30T21:30:49.626180+00:00,71.4,40,ask,EarnestEspressos,CostlyCorianders,1173104
2026-06-30T21:30:51.062870,2026-06-30T21:30:51.071602+00:00,71.8,50,bid,FlawlessFlatbreads,EarnestEspressos,1173118
2026-06-30T21:30:51.171010,2026-06-30T21:30:51.174556+00:00,71.8,46,bid,CostlyCorianders,EarnestEspressos,1173120
2026-06-30T21:30:53.158034,2026-06-30T21:30:53.161665+00:00,71.4,41,ask,DiligentDonuts,CostlyCorianders,1173143
2026-06-30T21:30:53.253938,2026-06-30T21:30:53.257736+00:00,71.8,14,ask,EarnestEspressos,Xuanyu Liu,1173146
2026-06-30T21:30:54.186085,2026-06-30T21:30:54.189830+00:00,71.8,100,ask,EarnestEspressos,DiligentDonuts,1173161
2026-06-30T21:31:00.554911,2026-06-30T21:31:00.556951+00:00,72.0,46,bid,CostlyCorianders,EarnestEspressos,1173234
2026-06-30T21:31:01.604769,2026-06-30T21:31:01.610416+00:00,72.0,50,bid,FlawlessFlatbreads,EarnestEspressos,1173249
2026-06-30T21:31:02.729864,2026-06-30T21:31:02.733028+00:00,71.7,47,ask,EarnestEspressos,CostlyCorianders,1173258
2026-06-30T21:31:03.242635,2026-06-30T21:31:03.247757+00:00,71.7,45,ask,EarnestEspressos,CostlyCorianders,1173265
2026-06-30T21:31:03.712322,2026-06-30T21:31:03.721375+00:00,72.0,10,bid,FlawlessFlatbreads,Zijun Feng,1173275
2026-06-30T21:31:03.712322,2026-06-30T21:31:03.721375+00:00,72.2,40,bid,FlawlessFlatbreads,EarnestEspressos,1173276
2026-06-30T21:31:05.607048,2026-06-30T21:31:05.618385+00:00,72.1,10,bid,CostlyCorianders,Zijun Feng,1173317
2026-06-30T21:31:05.607048,2026-06-30T21:31:05.618385+00:00,72.2,31,bid,CostlyCorianders,EarnestEspressos,1173318
2026-06-30T21:31:05.871281,2026-06-30T21:31:05.875780+00:00,71.7,50,ask,DiligentDonuts,FlawlessFlatbreads,1173323
2026-06-30T21:31:06.218093,2026-06-30T21:31:06.226979+00:00,72.1,10,bid,CostlyCorianders,Zijun Feng,1173329
2026-06-30T21:31:06.218093,2026-06-30T21:31:06.226979+00:00,72.1,37,bid,CostlyCorianders,EarnestEspressos,1173330
2026-06-30T21:31:06.272572,2026-06-30T21:31:06.278561+00:00,71.7,49,ask,DiligentDonuts,CostlyCorianders,1173333
2026-06-30T21:31:07.928116,2026-06-30T21:31:07.935003+00:00,71.7,50,bid,FlawlessFlatbreads,DiligentDonuts,1173356
2026-06-30T21:31:07.942814,2026-06-30T21:31:07.945342+00:00,71.6,43,ask,EarnestEspressos,CostlyCorianders,1173357
2026-06-30T21:31:08.425348,2026-06-30T21:31:08.430549+00:00,71.7,44,bid,CostlyCorianders,DiligentDonuts,1173372
2026-06-30T21:31:10.095769,2026-06-30T21:31:10.100162+00:00,71.5,50,ask,EarnestEspressos,FlawlessFlatbreads,1173392
2026-06-30T21:31:12.916660,2026-06-30T21:31:12.926831+00:00,71.5,44,ask,DiligentDonuts,CostlyCorianders,1173427
2026-06-30T21:31:14.264112,2026-06-30T21:31:14.271668+00:00,71.7,50,bid,FlawlessFlatbreads,EarnestEspressos,1173440
2026-06-30T21:31:16.421430,2026-06-30T21:31:16.426581+00:00,71.4,50,ask,EarnestEspressos,FlawlessFlatbreads,1173460
2026-06-30T21:31:18.137047,2026-06-30T21:31:18.144738+00:00,71.8,43,bid,CostlyCorianders,DiligentDonuts,1173490
2026-06-30T21:31:21.153607,2026-06-30T21:31:21.158485+00:00,71.7,40,bid,CostlyCorianders,EarnestEspressos,1173537
2026-06-30T21:31:21.653281,2026-06-30T21:31:21.663463+00:00,71.7,10,bid,CostlyCorianders,Zijun Feng,1173544
2026-06-30T21:31:22.331025,2026-06-30T21:31:22.342256+00:00,71.6,49,ask,DiligentDonuts,CostlyCorianders,1173556
2026-06-30T21:31:24.837979,2026-06-30T21:31:24.841716+00:00,71.4,50,ask,DiligentDonuts,FlawlessFlatbreads,1173582
2026-06-30T21:31:26.943392,2026-06-30T21:31:26.953068+00:00,71.4,50,ask,EarnestEspressos,FlawlessFlatbreads,1173612
2026-06-30T21:31:27.262415,2026-06-30T21:31:27.272651+00:00,71.7,46,bid,CostlyCorianders,DiligentDonuts,1173616
2026-06-30T21:31:28.705103,2026-06-30T21:31:28.707376+00:00,71.7,49,bid,CostlyCorianders,DiligentDonuts,1173637
2026-06-30T21:31:28.758668,2026-06-30T21:31:28.769196+00:00,71.3,42,ask,EarnestEspressos,CostlyCorianders,1173638
2026-06-30T21:31:28.997711,2026-06-30T21:31:29.006843+00:00,71.8,50,bid,FlawlessFlatbreads,EarnestEspressos,1173643
2026-06-30T21:31:31.162775,2026-06-30T21:31:31.177408+00:00,71.5,50,ask,DiligentDonuts,FlawlessFlatbreads,1173664
2026-06-30T21:31:33.272737,2026-06-30T21:31:33.284438+00:00,71.4,50,ask,DiligentDonuts,FlawlessFlatbreads,1173686
2026-06-30T21:31:35.379132,2026-06-30T21:31:35.385501+00:00,71.0,50,ask,EarnestEspressos,FlawlessFlatbreads,1173721
2026-06-30T21:31:36.137314,2026-06-30T21:31:36.139168+00:00,71.0,47,ask,EarnestEspressos,CostlyCorianders,1173743
2026-06-30T21:31:36.772257,2026-06-30T21:31:36.776158+00:00,71.5,46,bid,CostlyCorianders,EarnestEspressos,1173746
2026-06-30T21:31:37.360554,2026-06-30T21:31:37.362666+00:00,71.5,44,bid,CostlyCorianders,EarnestEspressos,1173756
2026-06-30T21:31:39.606571,2026-06-30T21:31:39.611822+00:00,71.1,50,ask,EarnestEspressos,FlawlessFlatbreads,1173794
2026-06-30T21:31:40.747615,2026-06-30T21:31:40.751396+00:00,71.0,48,ask,DiligentDonuts,CostlyCorianders,1173807
2026-06-30T21:31:40.777469,2026-06-30T21:31:40.781301+00:00,71.3,11,bid,Xuanyu Liu,EarnestEspressos,1173812
2026-06-30T21:31:41.712941,2026-06-30T21:31:41.724348+00:00,70.9,50,ask,DiligentDonuts,FlawlessFlatbreads,1173818
2026-06-30T21:31:43.457013,2026-06-30T21:31:43.459476+00:00,71.0,10,ask,Zijun Feng,CostlyCorianders,1173844
2026-06-30T21:31:43.457013,2026-06-30T21:31:43.469705+00:00,70.9,35,ask,DiligentDonuts,CostlyCorianders,1173845
2026-06-30T21:31:43.822043,2026-06-30T21:31:43.828471+00:00,70.9,15,ask,DiligentDonuts,FlawlessFlatbreads,1173849
2026-06-30T21:31:44.788892,2026-06-30T21:31:44.792043+00:00,71.1,3,bid,Xuanyu Liu,DiligentDonuts,1173867
2026-06-30T21:31:45.930111,2026-06-30T21:31:45.940268+00:00,70.9,10,ask,Zijun Feng,FlawlessFlatbreads,1173892
2026-06-30T21:31:45.930111,2026-06-30T21:31:45.940268+00:00,70.8,40,ask,EarnestEspressos,FlawlessFlatbreads,1173893
2026-06-30T21:31:47.313805,2026-06-30T21:31:47.324881+00:00,71.1,46,bid,CostlyCorianders,DiligentDonuts,1173909
2026-06-30T21:31:48.038008,2026-06-30T21:31:48.041694+00:00,70.7,10,ask,Zijun Feng,FlawlessFlatbreads,1173920
2026-06-30T21:31:48.038008,2026-06-30T21:31:48.041694+00:00,70.6,40,ask,EarnestEspressos,FlawlessFlatbreads,1173921
2026-06-30T21:31:48.843702,2026-06-30T21:31:48.851939+00:00,71.1,45,bid,CostlyCorianders,EarnestEspressos,1173933
2026-06-30T21:31:50.097602,2026-06-30T21:31:50.103143+00:00,71.1,50,bid,FlawlessFlatbreads,EarnestEspressos,1173952
2026-06-30T21:31:51.416163,2026-06-30T21:31:51.426269+00:00,70.9,41,ask,EarnestEspressos,CostlyCorianders,1173966
2026-06-30T21:31:52.205269,2026-06-30T21:31:52.216966+00:00,71.1,50,bid,FlawlessFlatbreads,DiligentDonuts,1173974
2026-06-30T21:31:52.626498,2026-06-30T21:31:52.636872+00:00,70.9,43,ask,EarnestEspressos,CostlyCorianders,1173979
2026-06-30T21:31:54.312059,2026-06-30T21:31:54.321900+00:00,71.0,50,bid,FlawlessFlatbreads,EarnestEspressos,1174005
2026-06-30T21:31:55.970191,2026-06-30T21:31:55.973617+00:00,71.0,14,bid,Xuanyu Liu,EarnestEspressos,1174035
2026-06-30T21:31:56.292339,2026-06-30T21:31:56.301785+00:00,71.0,48,bid,CostlyCorianders,EarnestEspressos,1174039
2026-06-30T21:31:56.419012,2026-06-30T21:31:56.425072+00:00,71.0,38,bid,FlawlessFlatbreads,EarnestEspressos,1174040
2026-06-30T21:31:56.419012,2026-06-30T21:31:56.425072+00:00,71.3,12,bid,FlawlessFlatbreads,DiligentDonuts,1174041
2026-06-30T21:31:56.534215,2026-06-30T21:31:56.537918+00:00,71.1,14,ask,EarnestEspressos,Xuanyu Liu,1174045
2026-06-30T21:31:57.340775,2026-06-30T21:31:57.349132+00:00,71.3,46,bid,CostlyCorianders,DiligentDonuts,1174062
2026-06-30T21:31:58.528598,2026-06-30T21:31:58.539201+00:00,71.5,50,bid,FlawlessFlatbreads,DiligentDonuts,1174070
2026-06-30T21:31:59.877422,2026-06-30T21:31:59.883201+00:00,71.0,40,ask,DiligentDonuts,CostlyCorianders,1174090
2026-06-30T21:32:00.635638,2026-06-30T21:32:00.645908+00:00,71.5,50,bid,FlawlessFlatbreads,EarnestEspressos,1174106
2026-06-30T21:32:02.741667,2026-06-30T21:32:02.744455+00:00,71.5,50,bid,FlawlessFlatbreads,EarnestEspressos,1174146
2026-06-30T21:32:02.852100,2026-06-30T21:32:02.857228+00:00,71.5,100,bid,EarnestEspressos,DiligentDonuts,1174147
2026-06-30T21:32:02.914203,2026-06-30T21:32:02.917411+00:00,71.6,26,ask,EarnestEspressos,Xuanyu Liu,1174149
2026-06-30T21:32:07.026983,2026-06-30T21:32:07.034457+00:00,71.5,50,ask,DiligentDonuts,FlawlessFlatbreads,1174219
2026-06-30T21:32:07.790493,2026-06-30T21:32:07.794871+00:00,71.5,23,ask,DiligentDonuts,Xuanyu Liu,1174230
2026-06-30T21:32:09.143317,2026-06-30T21:32:09.148137+00:00,71.5,27,ask,DiligentDonuts,FlawlessFlatbreads,1174253
2026-06-30T21:32:09.247637,2026-06-30T21:32:09.251618+00:00,71.5,12,bid,Xuanyu Liu,EarnestEspressos,1174257
2026-06-30T21:32:09.800915,2026-06-30T21:32:09.807113+00:00,71.0,41,ask,EarnestEspressos,CostlyCorianders,1174264
2026-06-30T21:32:11.251463,2026-06-30T21:32:11.257828+00:00,71.0,50,ask,EarnestEspressos,FlawlessFlatbreads,1174290
2026-06-30T21:32:11.498276,2026-06-30T21:32:11.504277+00:00,71.5,46,bid,CostlyCorianders,EarnestEspressos,1174291
2026-06-30T21:32:11.719655,2026-06-30T21:32:11.723100+00:00,71.5,11,bid,Xuanyu Liu,EarnestEspressos,1174298
2026-06-30T21:32:13.358872,2026-06-30T21:32:13.365406+00:00,71.0,50,ask,EarnestEspressos,FlawlessFlatbreads,1174326
2026-06-30T21:32:13.874063,2026-06-30T21:32:13.877802+00:00,71.0,49,ask,EarnestEspressos,CostlyCorianders,1174330
2026-06-30T21:32:15.466214,2026-06-30T21:32:15.467798+00:00,71.0,50,ask,DiligentDonuts,EarnestEspressos,1174349
2026-06-30T21:32:15.558016,2026-06-30T21:32:15.560062+00:00,71.0,50,ask,DiligentDonuts,FlawlessFlatbreads,1174351
2026-06-30T21:32:15.576437,2026-06-30T21:32:15.580085+00:00,71.0,26,bid,Xuanyu Liu,EarnestEspressos,1174353
2026-06-30T21:32:17.575103,2026-06-30T21:32:17.579142+00:00,70.8,50,ask,DiligentDonuts,FlawlessFlatbreads,1174380
2026-06-30T21:32:19.631006,2026-06-30T21:32:19.633527+00:00,71.1,50,bid,FlawlessFlatbreads,DiligentDonuts,1174409
2026-06-30T21:32:20.239496,2026-06-30T21:32:20.249725+00:00,71.1,47,bid,CostlyCorianders,DiligentDonuts,1174421
2026-06-30T21:32:21.207235,2026-06-30T21:32:21.218008+00:00,71.1,3,bid,CostlyCorianders,DiligentDonuts,1174438
2026-06-30T21:32:21.207235,2026-06-30T21:32:21.218008+00:00,71.3,45,bid,CostlyCorianders,EarnestEspressos,1174439
2026-06-30T21:32:22.211802,2026-06-30T21:32:22.215472+00:00,71.1,3,ask,EarnestEspressos,Xuanyu Liu,1174453
2026-06-30T21:32:22.661565,2026-06-30T21:32:22.668252+00:00,71.1,49,ask,EarnestEspressos,CostlyCorianders,1174466
2026-06-30T21:32:22.768260,2026-06-30T21:32:22.770778+00:00,71.1,98,ask,EarnestEspressos,DiligentDonuts,1174467
2026-06-30T21:32:23.650001,2026-06-30T21:32:23.653515+00:00,71.1,2,bid,CostlyCorianders,DiligentDonuts,1174484
2026-06-30T21:32:23.704417,2026-06-30T21:32:23.715418+00:00,70.6,47,ask,DiligentDonuts,CostlyCorianders,1174485
2026-06-30T21:32:23.894371,2026-06-30T21:32:23.899315+00:00,70.6,50,ask,DiligentDonuts,FlawlessFlatbreads,1174486
2026-06-30T21:32:25.046710,2026-06-30T21:32:25.048285+00:00,70.6,3,ask,DiligentDonuts,EarnestEspressos,1174519
2026-06-30T21:32:25.063736,2026-06-30T21:32:25.066844+00:00,70.6,3,bid,Xuanyu Liu,EarnestEspressos,1174522
2026-06-30T21:32:25.951182,2026-06-30T21:32:25.959066+00:00,70.6,50,bid,FlawlessFlatbreads,EarnestEspressos,1174534
2026-06-30T21:32:26.169550,2026-06-30T21:32:26.173367+00:00,70.6,3,bid,Xuanyu Liu,EarnestEspressos,1174536
2026-06-30T21:32:26.239101,2026-06-30T21:32:26.245439+00:00,70.6,41,bid,CostlyCorianders,EarnestEspressos,1174539
2026-06-30T21:32:27.288146,2026-06-30T21:32:27.295299+00:00,70.5,40,ask,DiligentDonuts,CostlyCorianders,1174560
2026-06-30T21:32:28.057739,2026-06-30T21:32:28.067680+00:00,70.6,50,bid,FlawlessFlatbreads,EarnestEspressos,1174569
2026-06-30T21:32:30.215661,2026-06-30T21:32:30.222157+00:00,70.8,50,ask,EarnestEspressos,FlawlessFlatbreads,1174602
2026-06-30T21:32:30.989641,2026-06-30T21:32:30.992784+00:00,70.8,49,ask,EarnestEspressos,CostlyCorianders,1174611
2026-06-30T21:32:34.268706,2026-06-30T21:32:34.278450+00:00,70.9,41,bid,CostlyCorianders,EarnestEspressos,1174657
2026-06-30T21:32:35.341412,2026-06-30T21:32:35.344943+00:00,70.9,3,ask,Zijun Feng,Xuanyu Liu,1174680
2026-06-30T21:32:37.178816,2026-06-30T21:32:37.182272+00:00,71.2,41,bid,CostlyCorianders,DiligentDonuts,1174720
2026-06-30T21:32:38.584965,2026-06-30T21:32:38.589438+00:00,71.1,50,bid,FlawlessFlatbreads,EarnestEspressos,1174736
2026-06-30T21:32:40.805648,2026-06-30T21:32:40.810139+00:00,70.9,44,ask,EarnestEspressos,CostlyCorianders,1174757
2026-06-30T21:32:44.238623,2026-06-30T21:32:44.246785+00:00,70.8,48,ask,DiligentDonuts,CostlyCorianders,1174805
2026-06-30T21:32:44.898211,2026-06-30T21:32:44.902099+00:00,71.0,50,bid,FlawlessFlatbreads,EarnestEspressos,1174809
2026-06-30T21:32:48.087587,2026-06-30T21:32:48.095324+00:00,70.8,100,ask,EarnestEspressos,DiligentDonuts,1174861
2026-06-30T21:32:49.105125,2026-06-30T21:32:49.114134+00:00,71.3,41,bid,CostlyCorianders,EarnestEspressos,1174880
