timestamp,recv_time,price,volume,aggressor_side,buyer,seller,trade_id
2026-06-29T15:00:01.162913,2026-06-29T05:00:01.710308+00:00,98.1,1,ask,,,12136498
2026-06-29T15:00:01.162913,2026-06-29T05:00:01.710308+00:00,98.0,39,ask,,,12136499
2026-06-29T15:00:01.269100,2026-06-29T05:00:01.820308+00:00,98.0,50,ask,,,12136503
2026-06-29T15:00:02.193140,2026-06-29T05:00:02.744309+00:00,98.2,35,bid,,,12136514
2026-06-29T15:00:02.223934,2026-06-29T05:00:02.766309+00:00,98.2,25,bid,,,12136517
2026-06-29T15:00:02.284576,2026-06-29T05:00:02.832308+00:00,98.2,35,bid,,,12136518
2026-06-29T15:00:02.331569,2026-06-29T05:00:02.876308+00:00,98.2,45,bid,,,12136521
2026-06-29T15:00:02.436427,2026-06-29T05:00:02.986309+00:00,98.2,10,bid,,,12136524
2026-06-29T15:00:02.928878,2026-06-29T05:00:03.470308+00:00,98.1,1,ask,,,12136531
2026-06-29T15:00:02.928878,2026-06-29T05:00:03.481308+00:00,98.0,45,ask,,,12136532
2026-06-29T15:00:03.377705,2026-06-29T05:00:03.920846+00:00,98.0,50,ask,,,12136545
2026-06-29T15:00:05.272438,2026-06-29T05:00:05.823846+00:00,98.3,100,bid,,,12136577
2026-06-29T15:00:05.490203,2026-06-29T05:00:06.032846+00:00,98.3,50,ask,,,12136578
2026-06-29T15:00:07.598705,2026-06-29T05:00:08.144928+00:00,97.8,50,ask,,,12136623
2026-06-29T15:00:08.544853,2026-06-29T05:00:09.090521+00:00,98.5,35,bid,,,12136646
2026-06-29T15:00:08.552342,2026-06-29T05:00:09.101521+00:00,98.5,25,bid,,,12136649
2026-06-29T15:00:08.637149,2026-06-29T05:00:09.178522+00:00,98.5,24,bid,,,12136652
2026-06-29T15:00:08.657207,2026-06-29T05:00:09.200521+00:00,98.5,25,bid,,,12136655
2026-06-29T15:00:08.762895,2026-06-29T05:00:09.310530+00:00,98.5,25,bid,,,12136657
2026-06-29T15:00:08.868807,2026-06-29T05:00:09.420530+00:00,98.5,16,bid,,,12136659
2026-06-29T15:00:09.347067,2026-06-29T05:00:09.893543+00:00,98.6,49,bid,,,12136665
2026-06-29T15:00:09.707444,2026-06-29T05:00:10.256533+00:00,98.1,50,ask,,,12136674
2026-06-29T15:00:09.904638,2026-06-29T05:00:10.454533+00:00,98.1,41,ask,,,12136677
2026-06-29T15:00:10.894265,2026-06-29T05:00:11.444542+00:00,98.1,9,ask,,,12136692
2026-06-29T15:00:11.201653,2026-06-29T05:00:11.752534+00:00,98.3,5,ask,,,12136698
2026-06-29T15:00:11.214499,2026-06-29T05:00:11.763534+00:00,98.3,5,bid,,,12136699
2026-06-29T15:00:11.281828,2026-06-29T05:00:11.829534+00:00,98.3,4,bid,,,12136701
2026-06-29T15:00:11.285208,2026-06-29T05:00:11.829534+00:00,98.3,25,bid,,,12136702
2026-06-29T15:00:11.297112,2026-06-29T05:00:11.840533+00:00,98.3,4,bid,,,12136703
2026-06-29T15:00:11.312253,2026-06-29T05:00:11.862533+00:00,98.3,4,bid,,,12136704
2026-06-29T15:00:11.378251,2026-06-29T05:00:11.928534+00:00,98.3,25,bid,,,12136706
2026-06-29T15:00:11.525110,2026-06-29T05:00:12.071542+00:00,98.3,25,bid,,,12136708
2026-06-29T15:00:11.589658,2026-06-29T05:00:12.137543+00:00,98.3,3,bid,,,12136712
2026-06-29T15:00:11.762343,2026-06-29T05:00:12.313533+00:00,98.7,1,bid,,,12136718
2026-06-29T15:00:11.762343,2026-06-29T05:00:12.313533+00:00,98.7,1,bid,,,12136719
2026-06-29T15:00:11.762343,2026-06-29T05:00:12.313533+00:00,98.9,48,bid,,,12136720
2026-06-29T15:00:12.542396,2026-06-29T05:00:13.094542+00:00,98.9,42,bid,,,12136735
2026-06-29T15:00:12.596874,2026-06-29T05:00:13.138543+00:00,98.4,45,ask,,,12136736
2026-06-29T15:00:13.031102,2026-06-29T05:00:13.578068+00:00,98.6,1,bid,,,12136748
2026-06-29T15:00:13.031102,2026-06-29T05:00:13.578068+00:00,98.9,1,bid,,,12136749
2026-06-29T15:00:13.238899,2026-06-29T05:00:13.787068+00:00,98.6,1,bid,,,12136750
2026-06-29T15:00:13.238899,2026-06-29T05:00:13.787068+00:00,98.9,1,bid,,,12136751
2026-06-29T15:00:13.445172,2026-06-29T05:00:13.996069+00:00,98.6,1,bid,,,12136755
2026-06-29T15:00:13.445172,2026-06-29T05:00:13.996069+00:00,98.9,1,bid,,,12136756
2026-06-29T15:00:13.872483,2026-06-29T05:00:14.414077+00:00,98.9,50,bid,,,12136765
2026-06-29T15:00:14.217769,2026-06-29T05:00:14.766069+00:00,98.9,7,bid,,,12136769
2026-06-29T15:00:14.756599,2026-06-29T05:00:15.305068+00:00,98.7,1,bid,,,12136775
2026-06-29T15:00:14.756599,2026-06-29T05:00:15.305068+00:00,98.8,100,bid,,,12136776
2026-06-29T15:00:14.756599,2026-06-29T05:00:15.305068+00:00,99.0,1,bid,,,12136777
2026-06-29T15:00:14.801289,2026-06-29T05:00:15.349068+00:00,99.0,1,ask,,,12136778
2026-06-29T15:00:14.825112,2026-06-29T05:00:15.371068+00:00,99.0,47,ask,,,12136781
2026-06-29T15:00:15.987110,2026-06-29T05:00:16.536150+00:00,98.7,1,bid,,,12136800
2026-06-29T15:00:16.832859,2026-06-29T05:00:17.383159+00:00,98.7,1,bid,,,12136817
2026-06-29T15:00:17.785482,2026-06-29T05:00:18.329172+00:00,98.4,47,ask,,,12136840
2026-06-29T15:00:18.094107,2026-06-29T05:00:18.635904+00:00,98.7,50,bid,,,12136844
2026-06-29T15:00:20.255397,2026-06-29T05:00:20.802915+00:00,98.4,50,ask,,,12136873
2026-06-29T15:00:21.090137,2026-06-29T05:00:21.638924+00:00,98.6,100,bid,,,12136893
2026-06-29T15:00:22.057883,2026-06-29T05:00:22.606915+00:00,98.6,35,ask,,,12136916
2026-06-29T15:00:22.070458,2026-06-29T05:00:22.617916+00:00,98.6,15,ask,,,12136919
2026-06-29T15:00:22.361815,2026-06-29T05:00:22.903435+00:00,98.3,3,ask,,,12136930
2026-06-29T15:00:22.361815,2026-06-29T05:00:22.914442+00:00,98.1,47,ask,,,12136931
2026-06-29T15:00:24.333546,2026-06-29T05:00:24.882991+00:00,98.4,100,ask,,,12136975
2026-06-29T15:00:24.357796,2026-06-29T05:00:24.904990+00:00,98.4,25,bid,,,12136977
2026-06-29T15:00:24.386376,2026-06-29T05:00:24.937991+00:00,98.4,25,bid,,,12136978
2026-06-29T15:00:24.420481,2026-06-29T05:00:24.970991+00:00,98.9,50,bid,,,12136981
2026-06-29T15:00:26.527345,2026-06-29T05:00:27.071566+00:00,98.8,4,bid,,,12137014
2026-06-29T15:00:26.527345,2026-06-29T05:00:27.071566+00:00,98.9,46,bid,,,12137015
2026-06-29T15:00:26.601959,2026-06-29T05:00:27.148566+00:00,98.9,4,bid,,,12137018
2026-06-29T15:00:26.601959,2026-06-29T05:00:27.148566+00:00,99.1,1,bid,,,12137019
2026-06-29T15:00:28.626318,2026-06-29T05:00:29.172213+00:00,98.9,48,bid,,,12137073
2026-06-29T15:00:28.685652,2026-06-29T05:00:29.227214+00:00,98.6,50,ask,,,12137079
2026-06-29T15:00:29.175950,2026-06-29T05:00:29.722222+00:00,98.9,40,bid,,,12137092
2026-06-29T15:00:30.140761,2026-06-29T05:00:30.690222+00:00,98.8,4,bid,,,12137104
2026-06-29T15:00:30.163831,2026-06-29T05:00:30.712222+00:00,98.8,4,ask,,,12137105
2026-06-29T15:00:30.554179,2026-06-29T05:00:31.107741+00:00,98.8,3,ask,,,12137109
2026-06-29T15:00:30.745311,2026-06-29T05:00:31.294741+00:00,98.8,3,ask,,,12137112
2026-06-29T15:00:30.793540,2026-06-29T05:00:31.338741+00:00,98.8,50,ask,,,12137116
2026-06-29T15:00:31.296491,2026-06-29T05:00:31.844741+00:00,98.8,36,ask,,,12137133
2026-06-29T15:00:31.296491,2026-06-29T05:00:31.844741+00:00,98.4,1,ask,,,12137134
2026-06-29T15:00:31.296491,2026-06-29T05:00:31.844741+00:00,98.4,1,ask,,,12137135
2026-06-29T15:00:31.296491,2026-06-29T05:00:31.844741+00:00,98.4,3,ask,,,12137136
2026-06-29T15:00:32.253209,2026-06-29T05:00:32.856851+00:00,98.9,43,bid,,,12137153
2026-06-29T15:00:32.899781,2026-06-29T05:00:33.450732+00:00,98.4,50,ask,,,12137166
2026-06-29T15:00:35.005355,2026-06-29T05:00:35.551745+00:00,98.7,50,ask,,,12137201
2026-06-29T15:00:37.112492,2026-06-29T05:00:37.663325+00:00,98.6,4,ask,,,12137236
2026-06-29T15:00:37.112492,2026-06-29T05:00:37.663325+00:00,98.3,1,ask,,,12137237
2026-06-29T15:00:37.112492,2026-06-29T05:00:37.663325+00:00,98.2,45,ask,,,12137238
2026-06-29T15:00:39.231772,2026-06-29T05:00:39.773871+00:00,98.2,50,ask,,,12137270
2026-06-29T15:00:39.683734,2026-06-29T05:00:40.235871+00:00,98.2,100,ask,,,12137278
2026-06-29T15:00:40.183414,2026-06-29T05:00:40.730871+00:00,98.2,35,bid,,,12137288
2026-06-29T15:00:40.274451,2026-06-29T05:00:40.818872+00:00,98.2,21,bid,,,12137293
2026-06-29T15:00:40.340318,2026-06-29T05:00:40.884872+00:00,98.2,25,bid,,,12137297
2026-06-29T15:00:40.569082,2026-06-29T05:00:41.115871+00:00,98.0,1,ask,,,12137306
2026-06-29T15:00:40.569082,2026-06-29T05:00:41.115871+00:00,97.7,39,ask,,,12137307
2026-06-29T15:00:40.578715,2026-06-29T05:00:41.126872+00:00,98.2,25,bid,,,12137308
2026-06-29T15:00:40.792193,2026-06-29T05:00:41.335872+00:00,98.2,25,bid,,,12137317
2026-06-29T15:00:40.996757,2026-06-29T05:00:41.544880+00:00,98.2,5,bid,,,12137326
2026-06-29T15:00:41.005309,2026-06-29T05:00:41.555880+00:00,98.2,14,bid,,,12137328
2026-06-29T15:00:41.339431,2026-06-29T05:00:41.885880+00:00,97.7,50,ask,,,12137339
2026-06-29T15:00:42.845548,2026-06-29T05:00:43.392872+00:00,98.4,1,ask,,,12137370
2026-06-29T15:00:43.047649,2026-06-29T05:00:43.601427+00:00,98.3,25,bid,,,12137381
2026-06-29T15:00:43.241643,2026-06-29T05:00:43.788436+00:00,98.3,74,bid,,,12137382
2026-06-29T15:00:43.445395,2026-06-29T05:00:43.997436+00:00,98.3,50,ask,,,12137384
2026-06-29T15:00:43.716563,2026-06-29T05:00:44.261428+00:00,98.3,26,ask,,,12137389
2026-06-29T15:00:45.151070,2026-06-29T05:00:45.702457+00:00,98.7,1,bid,,,12137422
2026-06-29T15:00:45.151070,2026-06-29T05:00:45.702457+00:00,98.8,48,bid,,,12137423
2026-06-29T15:00:45.501420,2026-06-29T05:00:46.043457+00:00,98.8,50,bid,,,12137435
2026-06-29T15:00:47.665172,2026-06-29T05:00:48.209532+00:00,98.3,50,ask,,,12137477
2026-06-29T15:00:47.734901,2026-06-29T05:00:48.286532+00:00,98.8,40,bid,,,12137481
2026-06-29T15:00:49.242746,2026-06-29T05:00:49.792576+00:00,98.4,47,ask,,,12137515
2026-06-29T15:00:49.772323,2026-06-29T05:00:50.408567+00:00,98.4,50,ask,,,12137526
2026-06-29T15:00:51.023351,2026-06-29T05:00:51.574567+00:00,98.7,5,bid,,,12137548
2026-06-29T15:00:51.070733,2026-06-29T05:00:51.618567+00:00,98.7,5,bid,,,12137550
2026-06-29T15:00:51.880435,2026-06-29T05:00:52.432576+00:00,98.4,3,ask,,,12137575
2026-06-29T15:00:51.880435,2026-06-29T05:00:52.432576+00:00,98.4,47,ask,,,12137576
2026-06-29T15:00:52.487143,2026-06-29T05:00:53.037576+00:00,98.6,1,bid,,,12137584
2026-06-29T15:00:53.989725,2026-06-29T05:00:54.533142+00:00,98.4,1,ask,,,12137604
2026-06-29T15:00:53.989725,2026-06-29T05:00:54.533142+00:00,98.2,49,ask,,,12137605
2026-06-29T15:00:55.547282,2026-06-29T05:00:56.094730+00:00,98.4,2,ask,,,12137651
2026-06-29T15:00:56.102708,2026-06-29T05:00:56.644722+00:00,98.2,50,ask,,,12137671
2026-06-29T15:00:58.206717,2026-06-29T05:00:58.756287+00:00,98.7,2,bid,,,12137714
2026-06-29T15:00:58.206717,2026-06-29T05:00:58.756287+00:00,98.7,46,bid,,,12137715
2026-06-29T15:00:58.210662,2026-06-29T05:00:58.756287+00:00,98.2,50,ask,,,12137716
2026-06-29T15:00:59.243335,2026-06-29T05:00:59.790278+00:00,98.6,44,bid,,,12137741
2026-06-29T15:01:02.430984,2026-06-29T05:01:02.980287+00:00,98.4,5,ask,,,12137808
2026-06-29T15:01:02.430984,2026-06-29T05:01:02.980287+00:00,98.2,45,ask,,,12137809
2026-06-29T15:01:04.058527,2026-06-29T05:01:04.607964+00:00,98.6,8,bid,,,12137847
2026-06-29T15:01:04.486859,2026-06-29T05:01:05.036973+00:00,98.6,50,bid,,,12137860
2026-06-29T15:01:06.603652,2026-06-29T05:01:07.170523+00:00,98.6,50,bid,,,12137911
2026-06-29T15:01:08.106936,2026-06-29T05:01:08.654768+00:00,98.6,100,bid,,,12137942
2026-06-29T15:01:08.280455,2026-06-29T05:01:08.830777+00:00,99.0,1,bid,,,12137946
2026-06-29T15:01:08.709482,2026-06-29T05:01:09.259768+00:00,99.2,50,bid,,,12137952
2026-06-29T15:01:10.607791,2026-06-29T05:01:11.162777+00:00,98.9,47,ask,,,12137989
2026-06-29T15:01:10.896447,2026-06-29T05:01:11.459777+00:00,98.9,50,ask,,,12137997
2026-06-29T15:01:11.318539,2026-06-29T05:01:11.877777+00:00,98.9,53,ask,,,12138004
2026-06-29T15:01:11.770741,2026-06-29T05:01:12.328777+00:00,98.4,5,ask,,,12138013
2026-06-29T15:01:11.770741,2026-06-29T05:01:12.328777+00:00,98.4,1,ask,,,12138014
2026-06-29T15:01:11.770741,2026-06-29T05:01:12.339777+00:00,98.3,34,ask,,,12138015
2026-06-29T15:01:12.662580,2026-06-29T05:01:13.219777+00:00,98.6,45,bid,,,12138031
2026-06-29T15:01:15.056308,2026-06-29T05:01:15.616998+00:00,98.9,1,bid,,,12138079
2026-06-29T15:01:15.056308,2026-06-29T05:01:15.627998+00:00,98.9,49,bid,,,12138080
2026-06-29T15:01:16.418076,2026-06-29T05:01:16.969530+00:00,98.5,5,ask,,,12138100
2026-06-29T15:01:16.418076,2026-06-29T05:01:16.969530+00:00,98.5,35,ask,,,12138101
2026-06-29T15:01:17.165242,2026-06-29T05:01:17.728411+00:00,98.9,50,bid,,,12138112
2026-06-29T15:01:17.516006,2026-06-29T05:01:18.080420+00:00,98.5,40,ask,,,12138123
2026-06-29T15:01:18.029099,2026-06-29T05:01:18.596163+00:00,98.7,100,bid,,,12138131
2026-06-29T15:01:19.041321,2026-06-29T05:01:19.608183+00:00,99.2,45,bid,,,12138153
2026-06-29T15:01:19.272864,2026-06-29T05:01:19.839183+00:00,99.2,50,bid,,,12138158
2026-06-29T15:01:19.919167,2026-06-29T05:01:20.488183+00:00,98.8,1,bid,,,12138164
2026-06-29T15:01:20.671023,2026-06-29T05:01:21.214183+00:00,99.2,42,bid,,,12138190
2026-06-29T15:01:21.223802,2026-06-29T05:01:21.774693+00:00,98.9,1,ask,,,12138195
2026-06-29T15:01:21.392286,2026-06-29T05:01:21.939694+00:00,99.2,50,bid,,,12138198
2026-06-29T15:01:21.692968,2026-06-29T05:01:22.236693+00:00,98.9,1,ask,,,12138204
2026-06-29T15:01:21.851631,2026-06-29T05:01:22.401693+00:00,98.9,1,ask,,,12138207
2026-06-29T15:01:22.025759,2026-06-29T05:01:22.577702+00:00,98.9,1,ask,,,12138208
2026-06-29T15:01:22.701839,2026-06-29T05:01:23.248736+00:00,98.9,40,ask,,,12138220
2026-06-29T15:01:23.499054,2026-06-29T05:01:24.049890+00:00,99.2,50,bid,,,12138232
2026-06-29T15:01:25.897360,2026-06-29T05:01:26.447473+00:00,99.0,49,ask,,,12138277
2026-06-29T15:01:26.487603,2026-06-29T05:01:27.030474+00:00,99.4,47,bid,,,12138304
2026-06-29T15:01:27.002900,2026-06-29T05:01:27.547473+00:00,99.0,44,ask,,,12138320
2026-06-29T15:01:27.714640,2026-06-29T05:01:28.262473+00:00,99.2,50,bid,,,12138340
2026-06-29T15:01:28.558434,2026-06-29T05:01:29.131102+00:00,99.2,45,bid,,,12138358
2026-06-29T15:01:28.940572,2026-06-29T05:01:29.516111+00:00,99.1,25,ask,,,12138373
2026-06-29T15:01:28.957271,2026-06-29T05:01:29.527103+00:00,99.1,25,ask,,,12138376
2026-06-29T15:01:29.023582,2026-06-29T05:01:29.582111+00:00,99.1,35,ask,,,12138381
2026-06-29T15:01:29.873013,2026-06-29T05:01:30.451111+00:00,99.1,50,ask,,,12138398
2026-06-29T15:01:30.754376,2026-06-29T05:01:31.298112+00:00,99.1,100,ask,,,12138413
2026-06-29T15:01:30.773332,2026-06-29T05:01:31.320112+00:00,98.9,25,bid,,,12138415
2026-06-29T15:01:30.818102,2026-06-29T05:01:31.364112+00:00,98.9,25,bid,,,12138416
2026-06-29T15:01:31.485894,2026-06-29T05:01:32.035195+00:00,98.9,6,ask,,,12138432
2026-06-29T15:01:31.485894,2026-06-29T05:01:32.035195+00:00,98.7,1,ask,,,12138433
2026-06-29T15:01:31.485894,2026-06-29T05:01:32.035195+00:00,98.4,41,ask,,,12138434
2026-06-29T15:01:33.513508,2026-06-29T05:01:34.058466+00:00,99.3,1,bid,,,12138463
2026-06-29T15:01:33.513508,2026-06-29T05:01:34.058466+00:00,99.3,47,bid,,,12138464
2026-06-29T15:01:34.033314,2026-06-29T05:01:34.575465+00:00,99.3,50,bid,,,12138478
2026-06-29T15:01:36.139229,2026-06-29T05:01:36.687083+00:00,99.3,3,bid,,,12138540
2026-06-29T15:01:36.139229,2026-06-29T05:01:36.687083+00:00,99.6,47,bid,,,12138541
2026-06-29T15:01:38.247615,2026-06-29T05:01:38.797297+00:00,99.6,50,bid,,,12138586
2026-06-29T15:01:40.077480,2026-06-29T05:01:40.623288+00:00,99.3,42,ask,,,12138612
2026-06-29T15:01:40.353993,2026-06-29T05:01:40.909288+00:00,99.7,50,bid,,,12138618
2026-06-29T15:01:40.648587,2026-06-29T05:01:41.239288+00:00,99.3,42,ask,,,12138624
2026-06-29T15:01:42.461408,2026-06-29T05:01:43.021288+00:00,99.7,50,bid,,,12138647
2026-06-29T15:01:43.376380,2026-06-29T05:01:43.944906+00:00,99.5,25,ask,,,12138661
2026-06-29T15:01:43.400395,2026-06-29T05:01:43.966907+00:00,99.5,25,ask,,,12138663
2026-06-29T15:01:43.414471,2026-06-29T05:01:43.999909+00:00,99.5,35,ask,,,12138666
2026-06-29T15:01:43.503728,2026-06-29T05:01:44.076906+00:00,99.5,35,ask,,,12138672
2026-06-29T15:01:43.586796,2026-06-29T05:01:44.142906+00:00,99.5,25,ask,,,12138674
2026-06-29T15:01:43.594350,2026-06-29T05:01:44.164906+00:00,99.5,5,ask,,,12138677
2026-06-29T15:01:44.568382,2026-06-29T05:01:45.143494+00:00,99.6,50,bid,,,12138695
2026-06-29T15:01:46.675754,2026-06-29T05:01:47.243628+00:00,99.5,50,bid,,,12138742
2026-06-29T15:01:47.815988,2026-06-29T05:01:48.387627+00:00,99.5,40,bid,,,12138769
2026-06-29T15:01:48.783098,2026-06-29T05:01:49.343294+00:00,99.5,50,bid,,,12138794
2026-06-29T15:01:50.842178,2026-06-29T05:01:51.447294+00:00,99.8,1,bid,,,12138838
2026-06-29T15:01:50.842178,2026-06-29T05:01:51.447294+00:00,99.8,44,bid,,,12138839
2026-06-29T15:01:50.890393,2026-06-29T05:01:51.524294+00:00,99.8,50,bid,,,12138840
2026-06-29T15:01:51.212856,2026-06-29T05:01:51.975294+00:00,99.5,25,ask,,,12138846
2026-06-29T15:01:51.227817,2026-06-29T05:01:51.975294+00:00,99.5,25,ask,,,12138850
2026-06-29T15:01:51.281824,2026-06-29T05:01:51.975294+00:00,99.5,35,ask,,,12138853
2026-06-29T15:01:51.372367,2026-06-29T05:01:52.107294+00:00,99.5,35,ask,,,12138855
2026-06-29T15:01:51.428102,2026-06-29T05:01:52.151294+00:00,99.5,25,ask,,,12138859
2026-06-29T15:01:51.439445,2026-06-29T05:01:52.151294+00:00,99.5,5,ask,,,12138861
2026-06-29T15:01:51.453018,2026-06-29T05:01:52.151294+00:00,99.3,1,ask,,,12138864
2026-06-29T15:01:51.453018,2026-06-29T05:01:52.151294+00:00,99.3,1,ask,,,12138865
2026-06-29T15:01:51.658568,2026-06-29T05:01:52.217294+00:00,99.3,2,ask,,,12138871
2026-06-29T15:01:51.863112,2026-06-29T05:01:52.415294+00:00,99.3,2,ask,,,12138874
2026-06-29T15:01:51.929854,2026-06-29T05:01:52.481294+00:00,99.3,43,ask,,,12138878
2026-06-29T15:01:52.068570,2026-06-29T05:01:52.668293+00:00,99.3,2,ask,,,12138882
2026-06-29T15:01:52.275748,2026-06-29T05:01:52.844294+00:00,99.3,2,ask,,,12138886
2026-06-29T15:01:52.480472,2026-06-29T05:01:53.042294+00:00,99.4,2,ask,,,12138888
2026-06-29T15:01:52.997924,2026-06-29T05:01:53.557904+00:00,99.5,50,bid,,,12138903
2026-06-29T15:01:54.510772,2026-06-29T05:01:55.086903+00:00,99.4,48,ask,,,12138932
2026-06-29T15:01:55.106467,2026-06-29T05:01:55.691904+00:00,99.5,50,bid,,,12138949
2026-06-29T15:01:55.233864,2026-06-29T05:01:55.790904+00:00,99.4,22,ask,,,12138953
2026-06-29T15:01:55.248322,2026-06-29T05:01:55.801904+00:00,99.4,25,ask,,,12138954
2026-06-29T15:01:55.312968,2026-06-29T05:01:55.867904+00:00,99.4,3,ask,,,12138956
2026-06-29T15:01:55.858592,2026-06-29T05:01:56.417438+00:00,99.4,6,ask,,,12138968
2026-06-29T15:01:56.552230,2026-06-29T05:01:57.110438+00:00,99.4,6,ask,,,12138983
2026-06-29T15:01:56.769948,2026-06-29T05:01:57.319439+00:00,99.4,6,ask,,,12138991
2026-06-29T15:01:57.613963,2026-06-29T05:01:58.177438+00:00,99.5,46,bid,,,12139024
2026-06-29T15:01:58.218368,2026-06-29T05:01:58.781976+00:00,99.2,2,ask,,,12139030
2026-06-29T15:01:58.423499,2026-06-29T05:01:58.990976+00:00,99.2,2,ask,,,12139031
2026-06-29T15:01:58.628421,2026-06-29T05:01:59.199976+00:00,99.2,2,ask,,,12139034
2026-06-29T15:01:58.632608,2026-06-29T05:01:59.199976+00:00,99.5,45,bid,,,12139035
2026-06-29T15:01:58.837224,2026-06-29T05:01:59.408976+00:00,99.3,2,ask,,,12139041
2026-06-29T15:01:59.042218,2026-06-29T05:01:59.606976+00:00,99.3,2,ask,,,12139049
2026-06-29T15:01:59.271224,2026-06-29T05:01:59.837976+00:00,99.3,2,ask,,,12139058
2026-06-29T15:01:59.476040,2026-06-29T05:02:00.035977+00:00,99.3,2,ask,,,12139059
2026-06-29T15:01:59.681776,2026-06-29T05:02:00.244976+00:00,99.3,2,ask,,,12139064
2026-06-29T15:01:59.887638,2026-06-29T05:02:00.464976+00:00,99.3,2,ask,,,12139071
2026-06-29T15:02:01.470617,2026-06-29T05:02:02.026903+00:00,99.3,50,ask,,,12139114
2026-06-29T15:02:03.079733,2026-06-29T05:02:03.644011+00:00,99.5,25,ask,,,12139137
2026-06-29T15:02:03.129356,2026-06-29T05:02:03.699012+00:00,99.5,25,ask,,,12139142
2026-06-29T15:02:03.338314,2026-06-29T05:02:03.898012+00:00,99.5,25,ask,,,12139146
2026-06-29T15:02:03.590344,2026-06-29T05:02:04.151013+00:00,99.5,50,ask,,,12139153
2026-06-29T15:02:06.187539,2026-06-29T05:02:06.746555+00:00,99.5,47,ask,,,12139205
2026-06-29T15:02:06.746170,2026-06-29T05:02:07.307554+00:00,99.5,40,ask,,,12139211
2026-06-29T15:02:07.803477,2026-06-29T05:02:08.374554+00:00,99.5,13,ask,,,12139228
2026-06-29T15:02:07.803477,2026-06-29T05:02:08.374554+00:00,99.1,37,ask,,,12139229
2026-06-29T15:02:08.706293,2026-06-29T05:02:09.276226+00:00,99.3,25,bid,,,12139236
2026-06-29T15:02:08.718381,2026-06-29T05:02:09.276226+00:00,99.3,125,bid,,,12139237
2026-06-29T15:02:09.334088,2026-06-29T05:02:09.903226+00:00,99.6,42,bid,,,12139254
2026-06-29T15:02:09.910036,2026-06-29T05:02:10.486226+00:00,99.1,50,ask,,,12139258
2026-06-29T15:02:10.851623,2026-06-29T05:02:11.399226+00:00,99.6,40,bid,,,12139271
2026-06-29T15:02:10.919820,2026-06-29T05:02:11.476226+00:00,99.6,18,bid,,,12139274
2026-06-29T15:02:11.965678,2026-06-29T05:02:12.521227+00:00,99.9,1,bid,,,12139294
2026-06-29T15:02:11.965678,2026-06-29T05:02:12.521227+00:00,100.0,49,bid,,,12139295
2026-06-29T15:02:13.137923,2026-06-29T05:02:13.708832+00:00,99.7,40,ask,,,12139310
2026-06-29T15:02:13.618273,2026-06-29T05:02:14.181832+00:00,100.0,40,bid,,,12139313
2026-06-29T15:02:14.127708,2026-06-29T05:02:14.687832+00:00,99.7,50,ask,,,12139321
2026-06-29T15:02:15.985418,2026-06-29T05:02:16.546502+00:00,99.7,42,bid,,,12139355
2026-06-29T15:02:16.068333,2026-06-29T05:02:16.634503+00:00,99.7,1,bid,,,12139359
2026-06-29T15:02:16.245004,2026-06-29T05:02:16.810502+00:00,99.6,50,ask,,,12139365
2026-06-29T15:02:18.349964,2026-06-29T05:02:18.910071+00:00,99.5,50,ask,,,12139397
2026-06-29T15:02:18.715462,2026-06-29T05:02:19.273071+00:00,99.5,48,ask,,,12139406
2026-06-29T15:02:20.041219,2026-06-29T05:02:20.604071+00:00,99.5,2,ask,,,12139438
2026-06-29T15:02:20.041219,2026-06-29T05:02:20.604071+00:00,99.3,43,ask,,,12139439
2026-06-29T15:02:20.456271,2026-06-29T05:02:21.011071+00:00,99.3,50,ask,,,12139445
2026-06-29T15:02:20.521065,2026-06-29T05:02:21.066071+00:00,99.8,40,bid,,,12139447
2026-06-29T15:02:22.564525,2026-06-29T05:02:23.123083+00:00,99.2,50,ask,,,12139478
2026-06-29T15:02:24.146898,2026-06-29T05:02:24.706622+00:00,99.1,48,ask,,,12139512
2026-06-29T15:02:24.155651,2026-06-29T05:02:24.717622+00:00,99.5,25,bid,,,12139514
2026-06-29T15:02:24.193087,2026-06-29T05:02:24.750622+00:00,99.5,25,bid,,,12139516
2026-06-29T15:02:24.205664,2026-06-29T05:02:24.761621+00:00,99.5,50,bid,,,12139517
2026-06-29T15:02:24.294583,2026-06-29T05:02:24.860622+00:00,99.6,2,bid,,,12139520
2026-06-29T15:02:24.366555,2026-06-29T05:02:24.937621+00:00,99.6,25,bid,,,12139523
2026-06-29T15:02:24.403008,2026-06-29T05:02:24.959622+00:00,99.6,25,bid,,,12139525
2026-06-29T15:02:24.671491,2026-06-29T05:02:25.245622+00:00,99.2,50,ask,,,12139527
2026-06-29T15:02:26.779752,2026-06-29T05:02:27.346179+00:00,99.5,1,ask,,,12139563
2026-06-29T15:02:26.779752,2026-06-29T05:02:27.346179+00:00,99.2,49,ask,,,12139564
2026-06-29T15:02:27.708690,2026-06-29T05:02:28.259179+00:00,99.4,1,ask,,,12139574
2026-06-29T15:02:27.708690,2026-06-29T05:02:28.259179+00:00,99.2,100,ask,,,12139575
2026-06-29T15:02:27.804713,2026-06-29T05:02:28.347179+00:00,99.1,25,bid,,,12139583
2026-06-29T15:02:27.818250,2026-06-29T05:02:28.369179+00:00,99.1,24,bid,,,12139585
2026-06-29T15:02:28.854135,2026-06-29T05:02:29.402251+00:00,99.7,44,bid,,,12139596
2026-06-29T15:02:28.907007,2026-06-29T05:02:29.457251+00:00,99.4,1,ask,,,12139600
2026-06-29T15:02:28.907007,2026-06-29T05:02:29.457251+00:00,98.7,1,ask,,,12139601
2026-06-29T15:02:28.907007,2026-06-29T05:02:29.468251+00:00,98.6,48,ask,,,12139602
2026-06-29T15:02:29.827014,2026-06-29T05:02:30.370251+00:00,99.6,5,bid,,,12139612
2026-06-29T15:02:29.827014,2026-06-29T05:02:30.381250+00:00,99.7,36,bid,,,12139613
2026-06-29T15:02:31.017377,2026-06-29T05:02:31.569251+00:00,99.1,50,ask,,,12139643
2026-06-29T15:02:33.124403,2026-06-29T05:02:33.670264+00:00,99.1,50,ask,,,12139687
2026-06-29T15:02:33.623497,2026-06-29T05:02:34.165264+00:00,99.4,25,bid,,,12139702
2026-06-29T15:02:33.642592,2026-06-29T05:02:34.198264+00:00,99.4,25,bid,,,12139704
2026-06-29T15:02:33.817870,2026-06-29T05:02:34.363264+00:00,99.1,44,ask,,,12139705
2026-06-29T15:02:33.831662,2026-06-29T05:02:34.374264+00:00,99.4,25,bid,,,12139707
2026-06-29T15:02:33.860944,2026-06-29T05:02:34.407265+00:00,99.4,25,bid,,,12139713
2026-06-29T15:02:34.071505,2026-06-29T05:02:34.627264+00:00,99.4,25,bid,,,12139718
2026-06-29T15:02:34.282653,2026-06-29T05:02:34.825264+00:00,99.4,1,bid,,,12139726
2026-06-29T15:02:35.230329,2026-06-29T05:02:35.782265+00:00,98.9,50,ask,,,12139744
2026-06-29T15:02:39.446289,2026-06-29T05:02:39.993275+00:00,98.9,50,ask,,,12139819
2026-06-29T15:02:40.053849,2026-06-29T05:02:40.598273+00:00,99.3,45,bid,,,12139827
2026-06-29T15:02:41.523238,2026-06-29T05:02:42.071789+00:00,98.9,45,ask,,,12139856
2026-06-29T15:02:41.554171,2026-06-29T05:02:42.104789+00:00,98.9,50,ask,,,12139858
2026-06-29T15:02:42.024429,2026-06-29T05:02:42.566788+00:00,99.3,44,bid,,,12139874
2026-06-29T15:02:42.481144,2026-06-29T05:02:43.083789+00:00,98.9,5,ask,,,12139880
2026-06-29T15:02:42.481144,2026-06-29T05:02:43.083789+00:00,98.8,38,ask,,,12139881
2026-06-29T15:02:43.101496,2026-06-29T05:02:43.644458+00:00,98.8,100,ask,,,12139891
2026-06-29T15:02:43.608931,2026-06-29T05:02:44.161458+00:00,99.0,50,bid,,,12139903
2026-06-29T15:02:44.006051,2026-06-29T05:02:44.557458+00:00,99.0,46,bid,,,12139907
2026-06-29T15:02:44.545798,2026-06-29T05:02:45.096471+00:00,99.0,41,bid,,,12139914
2026-06-29T15:02:44.599854,2026-06-29T05:02:45.151471+00:00,98.6,1,ask,,,12139915
2026-06-29T15:02:44.599854,2026-06-29T05:02:45.151471+00:00,98.5,39,ask,,,12139916
2026-06-29T15:02:44.660738,2026-06-29T05:02:45.206471+00:00,99.0,13,bid,,,12139918
2026-06-29T15:02:45.715070,2026-06-29T05:02:46.262002+00:00,99.4,7,bid,,,12139932
2026-06-29T15:02:45.715070,2026-06-29T05:02:46.262002+00:00,99.6,1,bid,,,12139933
2026-06-29T15:02:47.822538,2026-06-29T05:02:48.374003+00:00,99.1,50,bid,,,12139978
2026-06-29T15:02:49.928787,2026-06-29T05:02:50.474039+00:00,99.1,50,bid,,,12140011
2026-06-29T15:02:52.043393,2026-06-29T05:02:52.586039+00:00,99.1,50,bid,,,12140055
2026-06-29T15:02:52.234155,2026-06-29T05:02:52.784039+00:00,98.8,48,ask,,,12140057
2026-06-29T15:02:54.150103,2026-06-29T05:02:54.697648+00:00,99.2,50,bid,,,12140085
2026-06-29T15:02:56.258005,2026-06-29T05:02:56.808793+00:00,99.2,50,bid,,,12140131
2026-06-29T15:02:57.616004,2026-06-29T05:02:58.161792+00:00,99.2,41,bid,,,12140155
2026-06-29T15:02:57.670107,2026-06-29T05:02:58.216804+00:00,99.0,1,ask,,,12140156
2026-06-29T15:02:57.670107,2026-06-29T05:02:58.216804+00:00,98.8,45,ask,,,12140157
2026-06-29T15:02:58.365647,2026-06-29T05:02:58.908924+00:00,99.2,50,bid,,,12140170
2026-06-29T15:02:59.315868,2026-06-29T05:02:59.865924+00:00,99.1,100,bid,,,12140189
2026-06-29T15:02:59.332363,2026-06-29T05:02:59.876923+00:00,99.2,25,ask,,,12140190
2026-06-29T15:02:59.342711,2026-06-29T05:02:59.887924+00:00,99.2,25,ask,,,12140193
2026-06-29T15:03:00.475463,2026-06-29T05:03:01.020936+00:00,99.3,4,bid,,,12140226
2026-06-29T15:03:00.475463,2026-06-29T05:03:01.020936+00:00,99.5,1,bid,,,12140227
2026-06-29T15:03:00.475463,2026-06-29T05:03:01.020936+00:00,99.7,45,bid,,,12140228
2026-06-29T15:03:00.939607,2026-06-29T05:03:01.482936+00:00,99.0,1,ask,,,12140243
2026-06-29T15:03:00.939607,2026-06-29T05:03:01.493936+00:00,98.6,1,ask,,,12140244
2026-06-29T15:03:00.939607,2026-06-29T05:03:01.493936+00:00,98.6,45,ask,,,12140245
2026-06-29T15:03:02.584451,2026-06-29T05:03:03.132935+00:00,99.3,50,bid,,,12140294
2026-06-29T15:03:03.978851,2026-06-29T05:03:04.530086+00:00,99.3,44,bid,,,12140312
2026-06-29T15:03:06.561968,2026-06-29T05:03:07.113722+00:00,99.1,49,ask,,,12140376
2026-06-29T15:03:06.821486,2026-06-29T05:03:07.366722+00:00,99.4,50,bid,,,12140378
2026-06-29T15:03:08.927468,2026-06-29T05:03:09.477473+00:00,99.3,1,bid,,,12140412
2026-06-29T15:03:08.927468,2026-06-29T05:03:09.477473+00:00,99.5,49,bid,,,12140413
2026-06-29T15:03:09.062076,2026-06-29T05:03:09.609473+00:00,99.1,35,ask,,,12140417
2026-06-29T15:03:09.108386,2026-06-29T05:03:09.653473+00:00,99.1,25,ask,,,12140418
2026-06-29T15:03:09.112805,2026-06-29T05:03:09.664473+00:00,99.1,44,ask,,,12140419
2026-06-29T15:03:09.151557,2026-06-29T05:03:09.697474+00:00,99.1,35,ask,,,12140423
2026-06-29T15:03:09.162648,2026-06-29T05:03:09.708474+00:00,99.1,11,ask,,,12140424
2026-06-29T15:03:09.171899,2026-06-29T05:03:09.719473+00:00,99.0,2,ask,,,12140426
2026-06-29T15:03:09.376194,2026-06-29T05:03:09.928473+00:00,99.0,2,ask,,,12140430
2026-06-29T15:03:09.585835,2026-06-29T05:03:10.137474+00:00,99.0,1,ask,,,12140435
2026-06-29T15:03:09.585835,2026-06-29T05:03:10.137474+00:00,99.0,1,ask,,,12140436
2026-06-29T15:03:09.790998,2026-06-29T05:03:10.335473+00:00,99.0,2,ask,,,12140441
2026-06-29T15:03:09.995536,2026-06-29T05:03:10.544007+00:00,99.0,2,ask,,,12140444
2026-06-29T15:03:11.035488,2026-06-29T05:03:11.577998+00:00,99.5,50,bid,,,12140467
2026-06-29T15:03:11.223486,2026-06-29T05:03:11.776007+00:00,99.5,1,bid,,,12140468
2026-06-29T15:03:11.223486,2026-06-29T05:03:11.776007+00:00,99.6,47,bid,,,12140469
2026-06-29T15:03:11.416514,2026-06-29T05:03:11.963998+00:00,99.0,25,ask,,,12140479
2026-06-29T15:03:11.524891,2026-06-29T05:03:12.073998+00:00,99.0,25,ask,,,12140483
2026-06-29T15:03:11.564759,2026-06-29T05:03:12.106998+00:00,99.0,35,ask,,,12140486
2026-06-29T15:03:11.624744,2026-06-29T05:03:12.172998+00:00,99.0,25,ask,,,12140487
2026-06-29T15:03:11.654978,2026-06-29T05:03:12.205997+00:00,99.0,7,ask,,,12140490
2026-06-29T15:03:12.130033,2026-06-29T05:03:12.679006+00:00,99.1,5,bid,,,12140501
2026-06-29T15:03:12.362217,2026-06-29T05:03:12.910007+00:00,99.1,44,bid,,,12140502
2026-06-29T15:03:13.034945,2026-06-29T05:03:13.579501+00:00,99.0,8,ask,,,12140516
2026-06-29T15:03:13.034945,2026-06-29T05:03:13.579501+00:00,99.0,4,ask,,,12140517
2026-06-29T15:03:13.034945,2026-06-29T05:03:13.590501+00:00,98.9,1,ask,,,12140518
2026-06-29T15:03:13.148930,2026-06-29T05:03:13.711492+00:00,99.1,50,bid,,,12140520
2026-06-29T15:03:16.347638,2026-06-29T05:03:17.000072+00:00,99.3,1,bid,,,12140591
2026-06-29T15:03:16.347638,2026-06-29T05:03:17.000072+00:00,99.3,43,bid,,,12140592
2026-06-29T15:03:17.425299,2026-06-29T05:03:17.968072+00:00,99.1,50,ask,,,12140615
2026-06-29T15:03:19.113419,2026-06-29T05:03:19.660285+00:00,99.3,3,bid,,,12140654
2026-06-29T15:03:19.154399,2026-06-29T05:03:19.704284+00:00,99.4,25,bid,,,12140657
2026-06-29T15:03:19.201666,2026-06-29T05:03:19.748284+00:00,99.4,35,bid,,,12140658
2026-06-29T15:03:19.259104,2026-06-29T05:03:19.803284+00:00,99.4,25,bid,,,12140661
2026-06-29T15:03:19.291358,2026-06-29T05:03:19.836285+00:00,99.4,35,bid,,,12140664
2026-06-29T15:03:19.364007,2026-06-29T05:03:19.913284+00:00,99.4,25,bid,,,12140667
2026-06-29T15:03:19.379603,2026-06-29T05:03:19.924284+00:00,99.4,5,bid,,,12140668
2026-06-29T15:03:19.532726,2026-06-29T05:03:20.078284+00:00,99.1,50,ask,,,12140670
2026-06-29T15:03:19.563939,2026-06-29T05:03:20.111275+00:00,99.1,48,ask,,,12140671
2026-06-29T15:03:21.461875,2026-06-29T05:03:22.014305+00:00,99.6,1,bid,,,12140716
2026-06-29T15:03:21.461875,2026-06-29T05:03:22.014305+00:00,99.6,100,bid,,,12140717
2026-06-29T15:03:21.476285,2026-06-29T05:03:22.025305+00:00,99.9,5,ask,,,12140719
2026-06-29T15:03:21.565493,2026-06-29T05:03:22.113305+00:00,99.9,44,ask,,,12140725
2026-06-29T15:03:21.639836,2026-06-29T05:03:22.190305+00:00,99.1,50,ask,,,12140728
2026-06-29T15:03:23.745165,2026-06-29T05:03:24.290861+00:00,99.1,50,ask,,,12140767
2026-06-29T15:03:24.966653,2026-06-29T05:03:25.511861+00:00,99.5,49,bid,,,12140791
2026-06-29T15:03:25.854920,2026-06-29T05:03:26.402427+00:00,99.2,50,ask,,,12140805
2026-06-29T15:03:27.964917,2026-06-29T05:03:28.513517+00:00,99.2,4,ask,,,12140854
2026-06-29T15:03:27.964917,2026-06-29T05:03:28.513517+00:00,99.2,46,ask,,,12140855
2026-06-29T15:03:29.641731,2026-06-29T05:03:30.185419+00:00,99.5,2,bid,,,12140904
2026-06-29T15:03:29.641731,2026-06-29T05:03:30.185419+00:00,99.5,47,bid,,,12140905
2026-06-29T15:03:30.074073,2026-06-29T05:03:30.625416+00:00,99.2,50,ask,,,12140926
2026-06-29T15:03:30.248740,2026-06-29T05:03:30.801407+00:00,99.2,4,ask,,,12140928
2026-06-29T15:03:30.248740,2026-06-29T05:03:30.801407+00:00,99.0,38,ask,,,12140929
2026-06-29T15:03:30.746006,2026-06-29T05:03:31.296416+00:00,99.1,44,ask,,,12140940
2026-06-29T15:03:32.181975,2026-06-29T05:03:32.726417+00:00,99.1,50,ask,,,12140967
2026-06-29T15:03:33.515425,2026-06-29T05:03:34.067952+00:00,99.5,35,bid,,,12141000
2026-06-29T15:03:33.605809,2026-06-29T05:03:34.155960+00:00,99.5,35,bid,,,12141004
2026-06-29T15:03:33.693376,2026-06-29T05:03:34.243960+00:00,99.5,25,bid,,,12141007
2026-06-29T15:03:33.695906,2026-06-29T05:03:34.243960+00:00,99.5,35,bid,,,12141008
2026-06-29T15:03:33.791335,2026-06-29T05:03:34.342960+00:00,99.4,3,bid,,,12141010
2026-06-29T15:03:33.906321,2026-06-29T05:03:34.452960+00:00,99.4,25,bid,,,12141013
2026-06-29T15:03:33.954341,2026-06-29T05:03:34.496961+00:00,99.4,44,bid,,,12141014
2026-06-29T15:03:34.114811,2026-06-29T05:03:34.661960+00:00,99.4,21,bid,,,12141019
2026-06-29T15:03:34.120825,2026-06-29T05:03:34.672961+00:00,99.4,7,bid,,,12141020
2026-06-29T15:03:34.120825,2026-06-29T05:03:34.672961+00:00,99.5,4,bid,,,12141021
2026-06-29T15:03:34.120825,2026-06-29T05:03:34.672961+00:00,99.6,1,bid,,,12141022
2026-06-29T15:03:34.194717,2026-06-29T05:03:34.738960+00:00,99.8,7,ask,,,12141025
2026-06-29T15:03:34.291676,2026-06-29T05:03:34.837960+00:00,99.8,50,ask,,,12141027
2026-06-29T15:03:34.850838,2026-06-29T05:03:35.398960+00:00,99.8,81,ask,,,12141038
2026-06-29T15:03:34.922312,2026-06-29T05:03:35.464960+00:00,99.6,1,ask,,,12141040
2026-06-29T15:03:36.399357,2026-06-29T05:03:36.949533+00:00,98.9,50,ask,,,12141087
2026-06-29T15:03:37.499394,2026-06-29T05:03:38.048987+00:00,99.3,35,bid,,,12141118
2026-06-29T15:03:37.587683,2026-06-29T05:03:38.136987+00:00,99.3,35,bid,,,12141122
2026-06-29T15:03:37.610631,2026-06-29T05:03:38.158987+00:00,99.3,30,bid,,,12141124
2026-06-29T15:03:38.168320,2026-06-29T05:03:38.719544+00:00,99.0,41,ask,,,12141130
2026-06-29T15:03:38.505891,2026-06-29T05:03:39.049544+00:00,99.0,50,ask,,,12141135
2026-06-29T15:03:39.759217,2026-06-29T05:03:40.303544+00:00,99.0,44,ask,,,12141165
2026-06-29T15:03:40.502615,2026-06-29T05:03:41.051544+00:00,98.9,100,ask,,,12141183
2026-06-29T15:03:40.564008,2026-06-29T05:03:41.106544+00:00,98.9,11,bid,,,12141185
2026-06-29T15:03:40.613310,2026-06-29T05:03:41.161544+00:00,98.5,1,ask,,,12141187
2026-06-29T15:03:40.613310,2026-06-29T05:03:41.161544+00:00,98.4,49,ask,,,12141188
2026-06-29T15:03:40.635476,2026-06-29T05:03:41.183544+00:00,98.9,1,bid,,,12141190
2026-06-29T15:03:41.415417,2026-06-29T05:03:41.964544+00:00,98.9,5,bid,,,12141198
2026-06-29T15:03:41.484950,2026-06-29T05:03:42.030544+00:00,98.9,5,bid,,,12141202
2026-06-29T15:03:41.897275,2026-06-29T05:03:42.448544+00:00,98.9,5,bid,,,12141208
2026-06-29T15:03:42.099653,2026-06-29T05:03:42.646544+00:00,98.9,5,bid,,,12141215
2026-06-29T15:03:42.179675,2026-06-29T05:03:42.723544+00:00,98.9,5,bid,,,12141217
2026-06-29T15:03:43.104828,2026-06-29T05:03:43.647101+00:00,98.9,5,bid,,,12141237
2026-06-29T15:03:43.224154,2026-06-29T05:03:43.768101+00:00,98.9,8,bid,,,12141239
2026-06-29T15:03:43.438973,2026-06-29T05:03:43.988092+00:00,99.1,1,bid,,,12141246
2026-06-29T15:03:46.181855,2026-06-29T05:03:46.759209+00:00,99.2,49,bid,,,12141316
2026-06-29T15:03:46.312091,2026-06-29T05:03:46.891209+00:00,99.2,100,bid,,,12141318
2026-06-29T15:03:46.666806,2026-06-29T05:03:47.221209+00:00,99.2,44,bid,,,12141329
2026-06-29T15:03:46.931539,2026-06-29T05:03:47.474209+00:00,99.4,50,ask,,,12141339
2026-06-29T15:03:48.986652,2026-06-29T05:03:49.530765+00:00,99.5,1,bid,,,12141378
2026-06-29T15:03:48.986652,2026-06-29T05:03:49.530765+00:00,99.7,49,bid,,,12141379
2026-06-29T15:03:49.532828,2026-06-29T05:03:50.080764+00:00,99.4,100,ask,,,12141390
2026-06-29T15:03:50.205191,2026-06-29T05:03:50.751765+00:00,99.0,4,ask,,,12141403
2026-06-29T15:03:50.205191,2026-06-29T05:03:50.751765+00:00,98.8,38,ask,,,12141404
2026-06-29T15:03:50.758879,2026-06-29T05:03:51.312755+00:00,99.3,1,bid,,,12141422
2026-06-29T15:03:50.758879,2026-06-29T05:03:51.312755+00:00,99.3,39,bid,,,12141423
2026-06-29T15:03:51.094972,2026-06-29T05:03:51.642755+00:00,99.3,50,bid,,,12141430
2026-06-29T15:03:53.089476,2026-06-29T05:03:53.633333+00:00,99.3,4,bid,,,12141462
2026-06-29T15:03:53.207402,2026-06-29T05:03:53.754333+00:00,99.5,1,bid,,,12141464
2026-06-29T15:03:53.207402,2026-06-29T05:03:53.754333+00:00,99.6,49,bid,,,12141465
2026-06-29T15:03:53.920818,2026-06-29T05:03:54.469353+00:00,99.3,42,ask,,,12141482
2026-06-29T15:03:54.425476,2026-06-29T05:03:54.975353+00:00,99.6,41,bid,,,12141491
2026-06-29T15:03:54.478727,2026-06-29T05:03:55.030353+00:00,99.3,43,ask,,,12141492
2026-06-29T15:03:55.663262,2026-06-29T05:03:56.206926+00:00,99.3,44,ask,,,12141509
2026-06-29T15:03:56.328643,2026-06-29T05:03:56.877926+00:00,99.3,100,ask,,,12141518
2026-06-29T15:03:59.544322,2026-06-29T05:04:00.089609+00:00,99.6,1,bid,,,12141560
2026-06-29T15:03:59.544322,2026-06-29T05:04:00.100609+00:00,99.6,49,bid,,,12141561
2026-06-29T15:04:01.651230,2026-06-29T05:04:02.201630+00:00,99.6,50,bid,,,12141593
2026-06-29T15:04:02.087394,2026-06-29T05:04:02.629839+00:00,99.5,1,bid,,,12141597
2026-06-29T15:04:03.003950,2026-06-29T05:04:03.553395+00:00,99.5,1,ask,,,12141616
2026-06-29T15:04:03.053349,2026-06-29T05:04:03.861395+00:00,99.5,1,ask,,,12141619
2026-06-29T15:04:03.082197,2026-06-29T05:04:03.861395+00:00,99.5,1,ask,,,12141620
2026-06-29T15:04:03.758940,2026-06-29T05:04:04.301395+00:00,99.7,1,bid,,,12141631
2026-06-29T15:04:03.758940,2026-06-29T05:04:04.312395+00:00,99.8,49,bid,,,12141632
2026-06-29T15:04:03.902186,2026-06-29T05:04:04.455395+00:00,99.5,3,ask,,,12141634
2026-06-29T15:04:04.022063,2026-06-29T05:04:04.565395+00:00,99.5,2,ask,,,12141636
2026-06-29T15:04:04.063673,2026-06-29T05:04:04.609395+00:00,99.5,1,ask,,,12141637
2026-06-29T15:04:04.125311,2026-06-29T05:04:04.675395+00:00,99.5,1,ask,,,12141643
2026-06-29T15:04:04.856190,2026-06-29T05:04:05.434036+00:00,99.5,44,ask,,,12141657
2026-06-29T15:04:05.919131,2026-06-29T05:04:06.467599+00:00,99.5,50,ask,,,12141677
2026-06-29T15:04:07.737276,2026-06-29T05:04:08.282125+00:00,99.6,1,bid,,,12141702
2026-06-29T15:04:07.737276,2026-06-29T05:04:08.293125+00:00,99.8,48,bid,,,12141703
2026-06-29T15:04:08.024277,2026-06-29T05:04:08.566799+00:00,99.5,50,ask,,,12141714
2026-06-29T15:04:08.340673,2026-06-29T05:04:08.885799+00:00,99.5,42,ask,,,12141720
2026-06-29T15:04:08.984468,2026-06-29T05:04:09.534790+00:00,99.4,1,ask,,,12141729
2026-06-29T15:04:08.984468,2026-06-29T05:04:09.534790+00:00,99.4,100,ask,,,12141730
2026-06-29T15:04:10.132276,2026-06-29T05:04:10.678323+00:00,98.8,50,ask,,,12141746
2026-06-29T15:04:10.390067,2026-06-29T05:04:10.942332+00:00,99.3,48,bid,,,12141751
2026-06-29T15:04:12.239430,2026-06-29T05:04:12.790353+00:00,99.2,50,ask,,,12141776
2026-06-29T15:04:12.573414,2026-06-29T05:04:13.120353+00:00,99.2,48,ask,,,12141790
2026-06-29T15:04:14.346808,2026-06-29T05:04:14.890910+00:00,99.2,50,ask,,,12141826
2026-06-29T15:04:15.308748,2026-06-29T05:04:15.858909+00:00,99.1,1,ask,,,12141847
2026-06-29T15:04:15.308748,2026-06-29T05:04:15.858909+00:00,99.0,100,ask,,,12141848
2026-06-29T15:04:16.439127,2026-06-29T05:04:16.991461+00:00,99.0,44,bid,,,12141866
2026-06-29T15:04:17.601761,2026-06-29T05:04:18.146461+00:00,99.0,5,bid,,,12141885
2026-06-29T15:04:17.601761,2026-06-29T05:04:18.146461+00:00,99.3,1,bid,,,12141886
2026-06-29T15:04:17.601761,2026-06-29T05:04:18.157461+00:00,99.5,38,bid,,,12141887
2026-06-29T15:04:18.508763,2026-06-29T05:04:19.058787+00:00,99.2,50,bid,,,12141897
2026-06-29T15:04:19.227011,2026-06-29T05:04:19.784788+00:00,99.2,46,bid,,,12141909
2026-06-29T15:04:19.713418,2026-06-29T05:04:20.257787+00:00,99.0,40,ask,,,12141914
2026-06-29T15:04:20.688807,2026-06-29T05:04:21.236361+00:00,99.0,50,ask,,,12141929
2026-06-29T15:04:20.907779,2026-06-29T05:04:21.456360+00:00,99.2,4,bid,,,12141930
2026-06-29T15:04:22.009936,2026-06-29T05:04:22.556360+00:00,99.1,48,bid,,,12141945
2026-06-29T15:04:22.795599,2026-06-29T05:04:23.348361+00:00,99.0,50,ask,,,12141959
2026-06-29T15:04:23.985224,2026-06-29T05:04:24.536101+00:00,99.0,42,ask,,,12141977
2026-06-29T15:04:24.541191,2026-06-29T05:04:25.086101+00:00,99.1,41,bid,,,12141990
2026-06-29T15:04:24.851402,2026-06-29T05:04:25.405101+00:00,99.2,4,bid,,,12141996
2026-06-29T15:04:24.851402,2026-06-29T05:04:25.405101+00:00,99.3,46,bid,,,12141997
2026-06-29T15:04:26.681987,2026-06-29T05:04:27.230189+00:00,99.1,48,ask,,,12142028
2026-06-29T15:04:29.061916,2026-06-29T05:04:29.604608+00:00,99.5,50,bid,,,12142074
2026-06-29T15:04:30.474154,2026-06-29T05:04:31.023150+00:00,99.5,45,bid,,,12142091
2026-06-29T15:04:30.624647,2026-06-29T05:04:31.177149+00:00,99.6,100,bid,,,12142093
2026-06-29T15:04:31.059994,2026-06-29T05:04:31.606149+00:00,99.6,1,bid,,,12142100
2026-06-29T15:04:31.170038,2026-06-29T05:04:31.716150+00:00,100.1,50,bid,,,12142101
2026-06-29T15:04:31.208643,2026-06-29T05:04:31.760150+00:00,99.7,8,ask,,,12142103
2026-06-29T15:04:31.585057,2026-06-29T05:04:32.134150+00:00,99.7,40,ask,,,12142111
2026-06-29T15:04:32.234620,2026-06-29T05:04:32.783149+00:00,99.7,45,ask,,,12142127
2026-06-29T15:04:33.275650,2026-06-29T05:04:33.827706+00:00,100.1,50,bid,,,12142140
2026-06-29T15:04:33.869783,2026-06-29T05:04:34.421706+00:00,99.7,35,ask,,,12142154
2026-06-29T15:04:33.937265,2026-06-29T05:04:34.487706+00:00,99.7,21,ask,,,12142155
2026-06-29T15:04:33.937265,2026-06-29T05:04:34.487706+00:00,99.7,1,ask,,,12142156
2026-06-29T15:04:34.273301,2026-06-29T05:04:34.817706+00:00,99.4,100,ask,,,12142167
2026-06-29T15:04:34.355098,2026-06-29T05:04:34.905697+00:00,99.3,8,bid,,,12142169
2026-06-29T15:04:34.373697,2026-06-29T05:04:34.916706+00:00,99.3,22,bid,,,12142171
2026-06-29T15:04:34.447495,2026-06-29T05:04:34.993706+00:00,99.3,20,bid,,,12142173
2026-06-29T15:04:34.530097,2026-06-29T05:04:35.081706+00:00,99.2,5,ask,,,12142177
2026-06-29T15:04:35.389346,2026-06-29T05:04:35.939706+00:00,99.7,1,bid,,,12142191
2026-06-29T15:04:35.389346,2026-06-29T05:04:35.939706+00:00,99.9,49,bid,,,12142192
2026-06-29T15:04:37.481097,2026-06-29T05:04:38.029393+00:00,99.4,46,ask,,,12142231
2026-06-29T15:04:37.829154,2026-06-29T05:04:38.381392+00:00,99.6,7,bid,,,12142240
2026-06-29T15:04:39.642299,2026-06-29T05:04:40.184970+00:00,99.6,1,bid,,,12142269
2026-06-29T15:04:39.642299,2026-06-29T05:04:40.195970+00:00,99.7,46,bid,,,12142270
2026-06-29T15:04:39.652306,2026-06-29T05:04:40.195970+00:00,99.4,50,ask,,,12142271
2026-06-29T15:04:40.713829,2026-06-29T05:04:41.262961+00:00,99.4,46,ask,,,12142285
2026-06-29T15:04:41.264498,2026-06-29T05:04:41.812970+00:00,99.6,6,bid,,,12142302
2026-06-29T15:04:41.264498,2026-06-29T05:04:41.812970+00:00,99.6,40,bid,,,12142303
2026-06-29T15:04:41.759648,2026-06-29T05:04:42.307970+00:00,99.4,50,ask,,,12142309
2026-06-29T15:04:43.662743,2026-06-29T05:04:44.221051+00:00,99.3,1,ask,,,12142341
2026-06-29T15:04:43.867484,2026-06-29T05:04:44.419061+00:00,99.4,50,ask,,,12142342
2026-06-29T15:04:44.206235,2026-06-29T05:04:44.749052+00:00,99.6,4,bid,,,12142351
2026-06-29T15:04:44.206235,2026-06-29T05:04:44.760051+00:00,99.7,43,bid,,,12142352
2026-06-29T15:04:45.976038,2026-06-29T05:04:46.519612+00:00,99.4,50,ask,,,12142389
2026-06-29T15:04:47.739388,2026-06-29T05:04:48.290632+00:00,99.3,2,ask,,,12142430
2026-06-29T15:04:47.739388,2026-06-29T05:04:48.290632+00:00,99.3,40,ask,,,12142431
2026-06-29T15:04:50.133879,2026-06-29T05:04:50.677305+00:00,99.5,50,bid,,,12142482
2026-06-29T15:04:51.635694,2026-06-29T05:04:52.184304+00:00,99.5,45,bid,,,12142500
2026-06-29T15:04:53.205148,2026-06-29T05:04:53.755948+00:00,99.1,1,ask,,,12142540
2026-06-29T15:04:53.205148,2026-06-29T05:04:53.755948+00:00,99.1,40,ask,,,12142541
2026-06-29T15:04:54.395901,2026-06-29T05:04:54.943948+00:00,99.3,50,ask,,,12142558
2026-06-29T15:04:54.632309,2026-06-29T05:04:55.174968+00:00,99.5,1,bid,,,12142561
2026-06-29T15:04:54.632309,2026-06-29T05:04:55.185968+00:00,99.6,46,bid,,,12142562
2026-06-29T15:04:56.173382,2026-06-29T05:04:56.725057+00:00,99.3,49,ask,,,12142579
2026-06-29T15:04:56.451993,2026-06-29T05:04:57.000057+00:00,99.3,5,ask,,,12142590
2026-06-29T15:04:56.507269,2026-06-29T05:04:57.055057+00:00,99.1,1,ask,,,12142592
2026-06-29T15:04:56.507269,2026-06-29T05:04:57.055057+00:00,99.0,49,ask,,,12142593
2026-06-29T15:04:56.799383,2026-06-29T05:04:57.352077+00:00,99.3,47,bid,,,12142608
2026-06-29T15:04:58.542087,2026-06-29T05:04:59.088846+00:00,99.0,43,ask,,,12142637
2026-06-29T15:04:58.617767,2026-06-29T05:04:59.165847+00:00,99.0,8,ask,,,12142641
2026-06-29T15:04:58.617767,2026-06-29T05:04:59.165847+00:00,98.8,42,ask,,,12142642
2026-06-29T15:05:00.280936,2026-06-29T05:05:00.826469+00:00,99.2,2,ask,,,12142668
2026-06-29T15:05:00.728750,2026-06-29T05:05:01.277459+00:00,99.2,2,ask,,,12142677
2026-06-29T15:05:00.728750,2026-06-29T05:05:01.277459+00:00,98.9,48,ask,,,12142678
2026-06-29T15:05:00.736208,2026-06-29T05:05:01.288460+00:00,99.3,41,bid,,,12142679
2026-06-29T15:05:02.775291,2026-06-29T05:05:03.323002+00:00,99.2,3,ask,,,12142714
2026-06-29T15:05:02.775291,2026-06-29T05:05:03.323002+00:00,99.2,1,ask,,,12142715
2026-06-29T15:05:02.837853,2026-06-29T05:05:03.389002+00:00,98.9,50,ask,,,12142718
2026-06-29T15:05:02.842288,2026-06-29T05:05:03.389002+00:00,99.2,2,bid,,,12142719
2026-06-29T15:05:02.882367,2026-06-29T05:05:03.433002+00:00,99.2,3,bid,,,12142720
2026-06-29T15:05:02.916194,2026-06-29T05:05:03.466002+00:00,99.2,2,bid,,,12142721
2026-06-29T15:05:04.893648,2026-06-29T05:05:05.445764+00:00,99.2,50,bid,,,12142749
2026-06-29T15:05:05.614612,2026-06-29T05:05:06.160336+00:00,99.1,2,ask,,,12142769
2026-06-29T15:05:05.614612,2026-06-29T05:05:06.160336+00:00,98.9,43,ask,,,12142770
2026-06-29T15:05:07.070796,2026-06-29T05:05:07.623336+00:00,99.1,4,ask,,,12142799
2026-06-29T15:05:07.070796,2026-06-29T05:05:07.623336+00:00,99.0,46,ask,,,12142800
2026-06-29T15:05:08.631220,2026-06-29T05:05:09.184139+00:00,99.1,3,ask,,,12142824
2026-06-29T15:05:09.180517,2026-06-29T05:05:09.723139+00:00,98.9,1,ask,,,12142833
2026-06-29T15:05:09.180517,2026-06-29T05:05:09.734139+00:00,98.7,49,ask,,,12142834
2026-06-29T15:05:11.162853,2026-06-29T05:05:11.714138+00:00,99.1,3,bid,,,12142884
2026-06-29T15:05:13.368845,2026-06-29T05:05:13.914260+00:00,98.7,50,bid,,,12142919
2026-06-29T15:05:15.476717,2026-06-29T05:05:16.026260+00:00,98.8,1,bid,,,12142958
2026-06-29T15:05:15.476717,2026-06-29T05:05:16.026260+00:00,98.9,49,bid,,,12142959
2026-06-29T15:05:16.372653,2026-06-29T05:05:16.915903+00:00,98.9,44,bid,,,12142977
2026-06-29T15:05:16.950195,2026-06-29T05:05:17.498902+00:00,98.5,49,ask,,,12142984
2026-06-29T15:05:17.587664,2026-06-29T05:05:18.136902+00:00,98.9,7,bid,,,12142992
2026-06-29T15:05:17.587664,2026-06-29T05:05:18.136902+00:00,99.0,43,bid,,,12142993
2026-06-29T15:05:19.694953,2026-06-29T05:05:20.248474+00:00,99.0,50,bid,,,12143015
2026-06-29T15:05:21.805278,2026-06-29T05:05:22.349466+00:00,99.2,8,bid,,,12143063
2026-06-29T15:05:21.805278,2026-06-29T05:05:22.360474+00:00,99.2,42,bid,,,12143064
2026-06-29T15:05:26.025634,2026-06-29T05:05:26.572157+00:00,99.1,1,bid,,,12143155
2026-06-29T15:05:26.025634,2026-06-29T05:05:26.572157+00:00,99.2,49,bid,,,12143156
2026-06-29T15:05:28.133421,2026-06-29T05:05:28.683800+00:00,99.3,1,bid,,,12143190
2026-06-29T15:05:28.133421,2026-06-29T05:05:28.683800+00:00,99.4,49,bid,,,12143191
2026-06-29T15:05:28.229173,2026-06-29T05:05:28.782800+00:00,99.4,41,bid,,,12143194
2026-06-29T15:05:30.245693,2026-06-29T05:05:30.796336+00:00,99.4,10,bid,,,12143234
2026-06-29T15:05:30.245693,2026-06-29T05:05:30.796336+00:00,99.4,40,bid,,,12143235
2026-06-29T15:05:31.340237,2026-06-29T05:05:31.885336+00:00,99.2,42,ask,,,12143252
2026-06-29T15:05:37.118950,2026-06-29T05:05:37.670465+00:00,99.1,48,ask,,,12143358
2026-06-29T15:05:37.644461,2026-06-29T05:05:38.187465+00:00,99.3,1,bid,,,12143361
2026-06-29T15:05:37.644461,2026-06-29T05:05:38.198465+00:00,99.5,44,bid,,,12143362
2026-06-29T15:05:38.703097,2026-06-29T05:05:39.253165+00:00,99.3,1,bid,,,12143389
2026-06-29T15:05:38.703097,2026-06-29T05:05:39.253165+00:00,99.5,48,bid,,,12143390
2026-06-29T15:05:40.672558,2026-06-29T05:05:41.222593+00:00,99.6,1,bid,,,12143429
2026-06-29T15:05:40.672558,2026-06-29T05:05:41.222593+00:00,99.6,100,bid,,,12143430
2026-06-29T15:05:40.825515,2026-06-29T05:05:41.376601+00:00,99.6,49,ask,,,12143439
2026-06-29T15:05:42.834089,2026-06-29T05:05:43.389601+00:00,99.2,1,ask,,,12143485
2026-06-29T15:05:42.834089,2026-06-29T05:05:43.389601+00:00,99.1,43,ask,,,12143486
2026-06-29T15:05:42.920109,2026-06-29T05:05:43.466602+00:00,99.8,1,bid,,,12143489
2026-06-29T15:05:42.920109,2026-06-29T05:05:43.466602+00:00,100.1,49,bid,,,12143490
2026-06-29T15:05:45.028435,2026-06-29T05:05:45.578138+00:00,99.6,50,bid,,,12143531
2026-06-29T15:05:45.273819,2026-06-29T05:05:45.820138+00:00,99.6,46,bid,,,12143534
2026-06-29T15:05:47.135422,2026-06-29T05:05:47.678720+00:00,99.7,1,bid,,,12143574
2026-06-29T15:05:47.135422,2026-06-29T05:05:47.689719+00:00,99.9,49,bid,,,12143575
2026-06-29T15:05:49.251033,2026-06-29T05:05:49.800415+00:00,99.9,50,bid,,,12143627
2026-06-29T15:05:50.063938,2026-06-29T05:05:50.614416+00:00,99.6,41,ask,,,12143644
2026-06-29T15:05:53.462936,2026-06-29T05:05:54.012138+00:00,100.1,1,bid,,,12143715
2026-06-29T15:05:53.462936,2026-06-29T05:05:54.012138+00:00,100.1,49,bid,,,12143716
2026-06-29T15:05:54.901162,2026-06-29T05:05:55.453129+00:00,99.8,25,ask,,,12143747
2026-06-29T15:05:54.937355,2026-06-29T05:05:55.486129+00:00,99.8,35,ask,,,12143750
2026-06-29T15:05:54.962339,2026-06-29T05:05:55.508129+00:00,99.8,25,ask,,,12143752
2026-06-29T15:05:55.026323,2026-06-29T05:05:55.574129+00:00,99.8,15,ask,,,12143759
2026-06-29T15:05:55.570361,2026-06-29T05:05:56.123225+00:00,100.1,50,bid,,,12143772
2026-06-29T15:05:56.002906,2026-06-29T05:05:56.552224+00:00,99.7,1,ask,,,12143782
2026-06-29T15:05:56.002906,2026-06-29T05:05:56.552224+00:00,99.6,47,ask,,,12143783
2026-06-29T15:05:57.494107,2026-06-29T05:05:58.048215+00:00,99.9,45,bid,,,12143814
2026-06-29T15:05:57.678026,2026-06-29T05:05:58.224224+00:00,99.9,50,bid,,,12143816
2026-06-29T15:05:58.120937,2026-06-29T05:05:58.674036+00:00,99.9,5,bid,,,12143828
2026-06-29T15:05:58.677580,2026-06-29T05:05:59.223570+00:00,99.7,48,ask,,,12143839
2026-06-29T15:05:59.150700,2026-06-29T05:05:59.696571+00:00,100.1,1,bid,,,12143846
2026-06-29T15:05:59.150700,2026-06-29T05:05:59.707562+00:00,100.2,47,bid,,,12143847
2026-06-29T15:05:59.835393,2026-06-29T05:06:00.378571+00:00,100.0,50,ask,,,12143859
2026-06-29T15:06:01.717395,2026-06-29T05:06:02.270149+00:00,100.0,46,ask,,,12143881
2026-06-29T15:06:01.943225,2026-06-29T05:06:02.490149+00:00,100.0,4,ask,,,12143884
2026-06-29T15:06:01.943225,2026-06-29T05:06:02.490149+00:00,100.0,46,ask,,,12143885
2026-06-29T15:06:02.350075,2026-06-29T05:06:02.897149+00:00,100.5,43,bid,,,12143898
2026-06-29T15:06:02.957429,2026-06-29T05:06:03.501693+00:00,100.2,48,bid,,,12143902
2026-06-29T15:06:04.050653,2026-06-29T05:06:04.601221+00:00,100.0,50,ask,,,12143916
2026-06-29T15:06:04.395324,2026-06-29T05:06:04.942221+00:00,100.0,25,ask,,,12143919
2026-06-29T15:06:04.410061,2026-06-29T05:06:04.953221+00:00,100.0,35,ask,,,12143922
2026-06-29T15:06:04.499593,2026-06-29T05:06:05.052220+00:00,100.0,35,ask,,,12143924
2026-06-29T15:06:04.527819,2026-06-29T05:06:05.074220+00:00,100.0,5,ask,,,12143926
2026-06-29T15:06:06.032363,2026-06-29T05:06:06.580792+00:00,99.8,6,ask,,,12143951
2026-06-29T15:06:06.092062,2026-06-29T05:06:06.635792+00:00,99.8,6,bid,,,12143953
2026-06-29T15:06:06.158689,2026-06-29T05:06:06.701792+00:00,99.6,50,ask,,,12143955
2026-06-29T15:06:06.370615,2026-06-29T05:06:06.921792+00:00,99.8,5,bid,,,12143959
2026-06-29T15:06:06.979645,2026-06-29T05:06:07.526812+00:00,99.8,25,bid,,,12143972
2026-06-29T15:06:06.987757,2026-06-29T05:06:07.537812+00:00,99.8,35,bid,,,12143973
2026-06-29T15:06:07.037957,2026-06-29T05:06:07.581813+00:00,99.8,25,bid,,,12143979
2026-06-29T15:06:07.076479,2026-06-29T05:06:07.625812+00:00,99.8,15,bid,,,12143980
2026-06-29T15:06:08.248437,2026-06-29T05:06:08.802297+00:00,99.8,25,bid,,,12144006
2026-06-29T15:06:08.265726,2026-06-29T05:06:08.813297+00:00,99.6,50,ask,,,12144007
2026-06-29T15:06:08.292099,2026-06-29T05:06:08.846297+00:00,99.8,8,bid,,,12144008
2026-06-29T15:06:09.142071,2026-06-29T05:06:09.693288+00:00,100.0,100,bid,,,12144026
2026-06-29T15:06:09.205101,2026-06-29T05:06:09.748289+00:00,100.0,7,ask,,,12144028
2026-06-29T15:06:09.635878,2026-06-29T05:06:10.188289+00:00,100.0,7,ask,,,12144039
2026-06-29T15:06:09.654983,2026-06-29T05:06:10.199288+00:00,100.0,25,ask,,,12144042
2026-06-29T15:06:09.666900,2026-06-29T05:06:10.210289+00:00,100.0,11,ask,,,12144045
2026-06-29T15:06:10.373719,2026-06-29T05:06:10.925297+00:00,99.5,50,ask,,,12144062
2026-06-29T15:06:13.870178,2026-06-29T05:06:14.421759+00:00,99.7,43,ask,,,12144121
2026-06-29T15:06:14.592532,2026-06-29T05:06:15.136759+00:00,99.7,50,ask,,,12144132
2026-06-29T15:06:16.706623,2026-06-29T05:06:17.259333+00:00,99.6,3,ask,,,12144161
2026-06-29T15:06:16.706623,2026-06-29T05:06:17.259333+00:00,99.4,1,ask,,,12144162
2026-06-29T15:06:16.706623,2026-06-29T05:06:17.259333+00:00,99.3,46,ask,,,12144163
2026-06-29T15:06:16.723419,2026-06-29T05:06:17.270324+00:00,99.8,35,bid,,,12144164
2026-06-29T15:06:16.811559,2026-06-29T05:06:17.358333+00:00,99.8,35,bid,,,12144168
2026-06-29T15:06:16.885057,2026-06-29T05:06:17.435333+00:00,99.8,25,bid,,,12144172
2026-06-29T15:06:16.900882,2026-06-29T05:06:17.446332+00:00,99.8,5,bid,,,12144173
2026-06-29T15:06:16.900882,2026-06-29T05:06:17.446332+00:00,99.8,30,bid,,,12144174
2026-06-29T15:06:16.990227,2026-06-29T05:06:17.534333+00:00,99.8,17,bid,,,12144176
2026-06-29T15:06:18.815482,2026-06-29T05:06:19.359921+00:00,99.5,50,ask,,,12144211
2026-06-29T15:06:20.873119,2026-06-29T05:06:21.416489+00:00,100.0,1,bid,,,12144267
2026-06-29T15:06:20.873119,2026-06-29T05:06:21.427489+00:00,100.0,1,bid,,,12144268
2026-06-29T15:06:20.873119,2026-06-29T05:06:21.427489+00:00,100.0,48,bid,,,12144269
2026-06-29T15:06:22.981880,2026-06-29T05:06:23.527574+00:00,99.9,50,bid,,,12144311
2026-06-29T15:06:23.589451,2026-06-29T05:06:24.132565+00:00,99.9,41,bid,,,12144324
2026-06-29T15:06:25.089822,2026-06-29T05:06:25.639565+00:00,100.0,50,bid,,,12144356
2026-06-29T15:06:27.212671,2026-06-29T05:06:27.772724+00:00,99.9,2,bid,,,12144381
2026-06-29T15:06:27.212671,2026-06-29T05:06:27.772724+00:00,100.0,48,bid,,,12144382
2026-06-29T15:06:27.250001,2026-06-29T05:06:27.805724+00:00,99.8,41,ask,,,12144384
2026-06-29T15:06:29.322470,2026-06-29T05:06:29.927429+00:00,100.2,50,bid,,,12144421
2026-06-29T15:06:30.027584,2026-06-29T05:06:30.576437+00:00,100.0,25,ask,,,12144436
2026-06-29T15:06:30.068276,2026-06-29T05:06:30.620436+00:00,100.0,35,ask,,,12144441
2026-06-29T15:06:30.113232,2026-06-29T05:06:30.664437+00:00,100.0,25,ask,,,12144442
2026-06-29T15:06:30.139297,2026-06-29T05:06:30.686437+00:00,100.0,8,ask,,,12144447
2026-06-29T15:06:30.156751,2026-06-29T05:06:30.708437+00:00,100.0,35,ask,,,12144449
2026-06-29T15:06:30.239485,2026-06-29T05:06:30.785437+00:00,100.0,22,ask,,,12144450
2026-06-29T15:06:31.327689,2026-06-29T05:06:31.874437+00:00,99.7,1,ask,,,12144474
2026-06-29T15:06:31.327689,2026-06-29T05:06:31.874437+00:00,99.7,100,ask,,,12144475
2026-06-29T15:06:31.378824,2026-06-29T05:06:31.929437+00:00,99.7,35,bid,,,12144476
2026-06-29T15:06:31.456038,2026-06-29T05:06:32.006437+00:00,99.7,14,bid,,,12144482
2026-06-29T15:06:31.456038,2026-06-29T05:06:32.006437+00:00,100.0,8,bid,,,12144483
2026-06-29T15:06:31.890105,2026-06-29T05:06:32.435437+00:00,100.0,8,bid,,,12144499
2026-06-29T15:06:33.563446,2026-06-29T05:06:34.106975+00:00,100.0,8,bid,,,12144538
2026-06-29T15:06:33.563446,2026-06-29T05:06:34.117974+00:00,100.2,42,bid,,,12144539
2026-06-29T15:06:35.679064,2026-06-29T05:06:36.234041+00:00,99.9,50,bid,,,12144579
2026-06-29T15:06:37.838653,2026-06-29T05:06:38.389575+00:00,99.6,50,ask,,,12144622
2026-06-29T15:06:39.944904,2026-06-29T05:06:40.490123+00:00,99.6,50,ask,,,12144650
2026-06-29T15:06:42.051248,2026-06-29T05:06:42.602132+00:00,99.5,50,ask,,,12144698
2026-06-29T15:06:44.159751,2026-06-29T05:06:44.713204+00:00,99.2,1,ask,,,12144730
2026-06-29T15:06:44.159751,2026-06-29T05:06:44.713204+00:00,99.2,49,ask,,,12144731
2026-06-29T15:06:44.266749,2026-06-29T05:06:44.812205+00:00,99.3,40,bid,,,12144734
2026-06-29T15:06:44.827623,2026-06-29T05:06:45.373204+00:00,99.2,40,ask,,,12144744
2026-06-29T15:06:46.267487,2026-06-29T05:06:46.813798+00:00,99.2,11,ask,,,12144762
2026-06-29T15:06:46.267487,2026-06-29T05:06:46.813798+00:00,98.9,1,ask,,,12144763
2026-06-29T15:06:46.267487,2026-06-29T05:06:46.824798+00:00,98.8,38,ask,,,12144764
2026-06-29T15:06:46.528005,2026-06-29T05:06:47.077790+00:00,99.3,47,bid,,,12144770
2026-06-29T15:06:48.117422,2026-06-29T05:06:48.671485+00:00,99.0,44,ask,,,12144804
2026-06-29T15:06:48.379512,2026-06-29T05:06:48.924476+00:00,99.0,50,ask,,,12144812
2026-06-29T15:06:49.084151,2026-06-29T05:06:49.628485+00:00,99.1,48,bid,,,12144817
2026-06-29T15:06:50.434860,2026-06-29T05:06:50.981477+00:00,99.0,50,bid,,,12144839
2026-06-29T15:06:51.336419,2026-06-29T05:06:51.883485+00:00,99.0,1,bid,,,12144858
2026-06-29T15:06:51.550358,2026-06-29T05:06:52.103485+00:00,99.0,25,bid,,,12144864
2026-06-29T15:06:51.569476,2026-06-29T05:06:52.114485+00:00,99.0,25,bid,,,12144866
2026-06-29T15:06:51.584148,2026-06-29T05:06:52.136485+00:00,99.0,35,bid,,,12144867
2026-06-29T15:06:51.762042,2026-06-29T05:06:52.312485+00:00,99.0,14,bid,,,12144871
2026-06-29T15:06:53.320750,2026-06-29T05:06:53.873612+00:00,98.8,42,ask,,,12144900
2026-06-29T15:06:53.415199,2026-06-29T05:06:53.972145+00:00,99.3,1,bid,,,12144902
2026-06-29T15:06:53.415199,2026-06-29T05:06:53.972145+00:00,99.3,100,bid,,,12144903
2026-06-29T15:06:54.164722,2026-06-29T05:06:54.709145+00:00,99.3,35,ask,,,12144922
2026-06-29T15:06:54.172410,2026-06-29T05:06:54.720146+00:00,99.3,14,ask,,,12144923
2026-06-29T15:06:54.698756,2026-06-29T05:06:55.248145+00:00,99.1,1,ask,,,12144929
2026-06-29T15:06:54.698756,2026-06-29T05:06:55.248145+00:00,98.8,49,ask,,,12144930
2026-06-29T15:06:55.905802,2026-06-29T05:06:56.457722+00:00,98.8,9,ask,,,12144952
2026-06-29T15:06:56.791581,2026-06-29T05:06:57.337713+00:00,99.1,25,bid,,,12144963
2026-06-29T15:06:56.808470,2026-06-29T05:06:57.359713+00:00,98.7,50,ask,,,12144964
2026-06-29T15:06:56.814086,2026-06-29T05:06:57.359713+00:00,99.1,35,bid,,,12144965
2026-06-29T15:06:58.805618,2026-06-29T05:06:59.349398+00:00,99.1,1,bid,,,12144996
2026-06-29T15:06:58.914008,2026-06-29T05:06:59.459398+00:00,98.7,50,ask,,,12144997
2026-06-29T15:06:59.109659,2026-06-29T05:06:59.657398+00:00,99.1,47,bid,,,12145003
2026-06-29T15:06:59.768143,2026-06-29T05:07:00.317398+00:00,98.9,100,bid,,,12145019
2026-06-29T15:07:00.738386,2026-06-29T05:07:01.284941+00:00,99.0,43,ask,,,12145031
2026-06-29T15:07:01.020281,2026-06-29T05:07:01.570941+00:00,99.0,7,ask,,,12145033
2026-06-29T15:07:01.020281,2026-06-29T05:07:01.570941+00:00,98.5,1,ask,,,12145034
2026-06-29T15:07:01.020281,2026-06-29T05:07:01.570941+00:00,98.4,42,ask,,,12145035
2026-06-29T15:07:02.768791,2026-06-29T05:07:03.319941+00:00,98.7,42,ask,,,12145069
2026-06-29T15:07:03.133146,2026-06-29T05:07:03.682066+00:00,98.7,50,ask,,,12145074
2026-06-29T15:07:04.083878,2026-06-29T05:07:04.628077+00:00,99.0,1,bid,,,12145084
2026-06-29T15:07:04.234477,2026-06-29T05:07:04.782087+00:00,99.0,1,bid,,,12145089
2026-06-29T15:07:04.327534,2026-06-29T05:07:04.881087+00:00,99.0,1,bid,,,12145094
2026-06-29T15:07:07.344138,2026-06-29T05:07:07.971686+00:00,98.5,50,ask,,,12145172
2026-06-29T15:07:09.408307,2026-06-29T05:07:10.016665+00:00,98.9,50,bid,,,12145219
2026-06-29T15:07:11.513582,2026-06-29T05:07:12.062664+00:00,98.9,50,bid,,,12145256
2026-06-29T15:07:13.583155,2026-06-29T05:07:14.130259+00:00,98.8,49,bid,,,12145303
2026-06-29T15:07:13.620587,2026-06-29T05:07:14.174260+00:00,98.8,50,bid,,,12145307
2026-06-29T15:07:15.728697,2026-06-29T05:07:16.274879+00:00,99.1,50,bid,,,12145348
2026-06-29T15:07:16.223231,2026-06-29T05:07:16.769880+00:00,98.7,42,ask,,,12145361
2026-06-29T15:07:17.835333,2026-06-29T05:07:18.386871+00:00,99.1,50,bid,,,12145386
2026-06-29T15:07:17.871457,2026-06-29T05:07:18.419880+00:00,99.2,3,bid,,,12145387
2026-06-29T15:07:17.871457,2026-06-29T05:07:18.419880+00:00,99.2,39,bid,,,12145388
2026-06-29T15:07:19.541704,2026-06-29T05:07:20.090583+00:00,99.1,4,bid,,,12145430
2026-06-29T15:07:19.541704,2026-06-29T05:07:20.090583+00:00,99.2,37,bid,,,12145431
2026-06-29T15:07:19.951384,2026-06-29T05:07:20.497583+00:00,99.1,4,bid,,,12145436
2026-06-29T15:07:19.951384,2026-06-29T05:07:20.497583+00:00,99.2,46,bid,,,12145437
2026-06-29T15:07:20.623054,2026-06-29T05:07:21.168583+00:00,99.0,44,ask,,,12145454
2026-06-29T15:07:21.171720,2026-06-29T05:07:21.718583+00:00,99.1,4,bid,,,12145465
2026-06-29T15:07:21.171720,2026-06-29T05:07:21.718583+00:00,99.2,42,bid,,,12145466
2026-06-29T15:07:21.910783,2026-06-29T05:07:22.455595+00:00,99.2,3,bid,,,12145477
2026-06-29T15:07:21.971969,2026-06-29T05:07:22.521602+00:00,99.3,3,ask,,,12145478
2026-06-29T15:07:22.059084,2026-06-29T05:07:22.609603+00:00,99.3,3,ask,,,12145483
2026-06-29T15:07:22.061733,2026-06-29T05:07:22.609603+00:00,99.5,50,bid,,,12145484
2026-06-29T15:07:22.255133,2026-06-29T05:07:22.807602+00:00,99.3,3,ask,,,12145485
2026-06-29T15:07:22.773938,2026-06-29T05:07:23.324602+00:00,99.3,40,ask,,,12145497
2026-06-29T15:07:24.169513,2026-06-29T05:07:24.721159+00:00,99.5,50,bid,,,12145529
2026-06-29T15:07:24.410030,2026-06-29T05:07:24.963159+00:00,99.3,35,ask,,,12145534
2026-06-29T15:07:24.437509,2026-06-29T05:07:24.996159+00:00,99.3,25,ask,,,12145537
2026-06-29T15:07:24.457968,2026-06-29T05:07:25.007159+00:00,99.3,25,ask,,,12145539
2026-06-29T15:07:24.525822,2026-06-29T05:07:25.073159+00:00,99.3,13,ask,,,12145544
2026-06-29T15:07:25.127763,2026-06-29T05:07:25.678159+00:00,99.1,100,ask,,,12145559
2026-06-29T15:07:25.127763,2026-06-29T05:07:25.689159+00:00,99.0,4,ask,,,12145560
2026-06-29T15:07:25.171374,2026-06-29T05:07:25.722159+00:00,99.0,10,bid,,,12145563
2026-06-29T15:07:25.341285,2026-06-29T05:07:25.887159+00:00,99.0,10,bid,,,12145571
2026-06-29T15:07:25.653353,2026-06-29T05:07:26.205739+00:00,99.0,25,bid,,,12145578
2026-06-29T15:07:25.671841,2026-06-29T05:07:26.216739+00:00,99.0,1,bid,,,12145580
2026-06-29T15:07:27.460109,2026-06-29T05:07:28.009739+00:00,99.0,2,ask,,,12145614
2026-06-29T15:07:27.460109,2026-06-29T05:07:28.009739+00:00,98.8,1,ask,,,12145615
2026-06-29T15:07:28.055464,2026-06-29T05:07:28.602832+00:00,99.0,42,ask,,,12145622
2026-06-29T15:07:28.387281,2026-06-29T05:07:28.932832+00:00,99.5,50,bid,,,12145635
2026-06-29T15:07:28.570434,2026-06-29T05:07:29.119823+00:00,99.5,48,bid,,,12145640
2026-06-29T15:07:29.094298,2026-06-29T05:07:29.647832+00:00,99.3,5,ask,,,12145651
2026-06-29T15:07:29.543377,2026-06-29T05:07:30.087832+00:00,99.3,44,ask,,,12145659
2026-06-29T15:07:30.493274,2026-06-29T05:07:31.044843+00:00,99.4,5,bid,,,12145687
2026-06-29T15:07:30.493274,2026-06-29T05:07:31.044843+00:00,99.5,2,bid,,,12145688
2026-06-29T15:07:30.493274,2026-06-29T05:07:31.044843+00:00,99.7,1,bid,,,12145689
2026-06-29T15:07:30.493274,2026-06-29T05:07:31.044843+00:00,99.8,42,bid,,,12145690
2026-06-29T15:07:32.681114,2026-06-29T05:07:33.322852+00:00,99.3,50,ask,,,12145743
2026-06-29T15:07:33.254295,2026-06-29T05:07:33.850991+00:00,99.4,3,bid,,,12145754
2026-06-29T15:07:33.254295,2026-06-29T05:07:33.850991+00:00,99.6,40,bid,,,12145755
2026-06-29T15:07:33.510247,2026-06-29T05:07:34.158991+00:00,99.3,100,ask,,,12145765
2026-06-29T15:07:33.612698,2026-06-29T05:07:34.257991+00:00,99.2,2,ask,,,12145771
2026-06-29T15:07:34.295649,2026-06-29T05:07:34.873982+00:00,98.9,1,ask,,,12145788
2026-06-29T15:07:34.295649,2026-06-29T05:07:34.873982+00:00,98.9,48,ask,,,12145789
2026-06-29T15:07:34.608708,2026-06-29T05:07:35.159991+00:00,98.9,52,ask,,,12145792
2026-06-29T15:07:34.668358,2026-06-29T05:07:35.214991+00:00,98.8,3,bid,,,12145793
2026-06-29T15:07:34.706671,2026-06-29T05:07:35.258991+00:00,98.8,25,bid,,,12145796
2026-06-29T15:07:34.757736,2026-06-29T05:07:35.302991+00:00,98.8,35,bid,,,12145799
2026-06-29T15:07:34.926172,2026-06-29T05:07:35.478991+00:00,98.8,35,bid,,,12145811
2026-06-29T15:07:35.906723,2026-06-29T05:07:36.457561+00:00,99.4,44,bid,,,12145823
2026-06-29T15:07:35.961753,2026-06-29T05:07:36.512561+00:00,99.1,1,ask,,,12145826
2026-06-29T15:07:36.839367,2026-06-29T05:07:37.392561+00:00,99.4,50,bid,,,12145856
2026-06-29T15:07:38.442132,2026-06-29T05:07:38.998239+00:00,99.1,47,ask,,,12145902
2026-06-29T15:07:39.010276,2026-06-29T05:07:39.559239+00:00,99.1,41,ask,,,12145906
2026-06-29T15:07:41.066073,2026-06-29T05:07:41.615973+00:00,99.2,50,bid,,,12145940
2026-06-29T15:07:43.178063,2026-06-29T05:07:43.727530+00:00,99.2,50,bid,,,12145982
2026-06-29T15:07:45.379222,2026-06-29T05:07:45.927679+00:00,99.0,35,ask,,,12146037
2026-06-29T15:07:45.468866,2026-06-29T05:07:46.015679+00:00,99.0,35,ask,,,12146039
2026-06-29T15:07:45.493310,2026-06-29T05:07:46.037679+00:00,99.0,25,ask,,,12146040
2026-06-29T15:07:45.529689,2026-06-29T05:07:46.081249+00:00,99.0,25,ask,,,12146042
2026-06-29T15:07:45.557115,2026-06-29T05:07:46.103249+00:00,99.0,30,ask,,,12146046
2026-06-29T15:07:46.779900,2026-06-29T05:07:47.335248+00:00,99.5,40,bid,,,12146064
2026-06-29T15:07:46.936952,2026-06-29T05:07:47.489249+00:00,99.1,5,ask,,,12146068
2026-06-29T15:07:47.250548,2026-06-29T05:07:47.797269+00:00,98.9,100,ask,,,12146070
2026-06-29T15:07:47.313479,2026-06-29T05:07:47.863269+00:00,98.9,5,bid,,,12146071
2026-06-29T15:07:49.091758,2026-06-29T05:07:49.644951+00:00,98.9,43,bid,,,12146104
2026-06-29T15:07:49.492996,2026-06-29T05:07:50.040467+00:00,98.9,2,bid,,,12146110
2026-06-29T15:07:49.492996,2026-06-29T05:07:50.040467+00:00,99.3,1,bid,,,12146111
2026-06-29T15:07:49.492996,2026-06-29T05:07:50.040467+00:00,99.4,47,bid,,,12146112
2026-06-29T15:07:50.394253,2026-06-29T05:07:50.942466+00:00,99.1,16,ask,,,12146135
2026-06-29T15:07:50.511378,2026-06-29T05:07:51.063467+00:00,99.1,25,ask,,,12146136
2026-06-29T15:07:50.550382,2026-06-29T05:07:51.096467+00:00,99.1,25,ask,,,12146139
2026-06-29T15:07:50.668406,2026-06-29T05:07:51.217467+00:00,99.1,8,ask,,,12146149
2026-06-29T15:07:50.723648,2026-06-29T05:07:51.272466+00:00,99.1,25,ask,,,12146156
2026-06-29T15:07:50.760128,2026-06-29T05:07:51.305467+00:00,99.1,25,ask,,,12146159
2026-06-29T15:07:50.782244,2026-06-29T05:07:51.327466+00:00,99.1,8,ask,,,12146162
2026-06-29T15:07:50.933030,2026-06-29T05:07:51.481475+00:00,99.1,18,ask,,,12146173
2026-06-29T15:07:51.787862,2026-06-29T05:07:52.339475+00:00,98.7,46,ask,,,12146197
2026-06-29T15:07:53.410925,2026-06-29T05:07:53.955810+00:00,99.0,47,bid,,,12146227
2026-06-29T15:07:53.713580,2026-06-29T05:07:54.263810+00:00,99.0,50,bid,,,12146235
2026-06-29T15:07:55.877895,2026-06-29T05:07:56.496052+00:00,98.6,50,ask,,,12146284
2026-06-29T15:07:55.953969,2026-06-29T05:07:56.551052+00:00,98.6,42,ask,,,12146287
2026-06-29T15:07:56.747297,2026-06-29T05:07:57.343052+00:00,98.6,100,ask,,,12146311
2026-06-29T15:07:56.747297,2026-06-29T05:07:57.343052+00:00,98.4,1,ask,,,12146312
2026-06-29T15:07:56.782574,2026-06-29T05:07:57.387052+00:00,98.4,25,bid,,,12146314
2026-06-29T15:07:57.161458,2026-06-29T05:07:57.958586+00:00,98.4,24,bid,,,12146331
2026-06-29T15:07:58.050553,2026-06-29T05:07:58.629144+00:00,99.1,41,bid,,,12146365
2026-06-29T15:08:00.095479,2026-06-29T05:08:00.642144+00:00,98.6,50,ask,,,12146399
2026-06-29T15:08:02.202438,2026-06-29T05:08:02.754144+00:00,98.6,50,ask,,,12146434
2026-06-29T15:08:02.692302,2026-06-29T05:08:03.238144+00:00,98.6,46,ask,,,12146447
2026-06-29T15:08:03.710132,2026-06-29T05:08:04.259967+00:00,98.7,46,bid,,,12146460
2026-06-29T15:08:03.741591,2026-06-29T05:08:04.292967+00:00,98.7,35,bid,,,12146463
2026-06-29T15:08:03.801722,2026-06-29T05:08:04.347967+00:00,98.7,19,bid,,,12146466
2026-06-29T15:08:04.184657,2026-06-29T05:08:04.732967+00:00,98.4,45,ask,,,12146470
2026-06-29T15:08:04.310251,2026-06-29T05:08:04.853967+00:00,98.4,50,ask,,,12146472
2026-06-29T15:08:05.863577,2026-06-29T05:08:06.415540+00:00,98.7,42,bid,,,12146512
2026-06-29T15:08:06.250080,2026-06-29T05:08:06.800540+00:00,98.2,100,ask,,,12146522
2026-06-29T15:08:06.250080,2026-06-29T05:08:06.800540+00:00,98.1,1,ask,,,12146523
2026-06-29T15:08:06.314243,2026-06-29T05:08:06.866540+00:00,98.1,1,bid,,,12146524
2026-06-29T15:08:06.415340,2026-06-29T05:08:06.965538+00:00,98.1,48,bid,,,12146529
2026-06-29T15:08:06.418471,2026-06-29T05:08:06.976540+00:00,97.6,50,ask,,,12146530
2026-06-29T15:08:06.488415,2026-06-29T05:08:07.042540+00:00,98.7,43,bid,,,12146533
2026-06-29T15:08:07.051398,2026-06-29T05:08:07.603540+00:00,98.0,1,ask,,,12146544
2026-06-29T15:08:07.051398,2026-06-29T05:08:07.603540+00:00,97.6,46,ask,,,12146545
2026-06-29T15:08:08.531300,2026-06-29T05:08:09.077196+00:00,97.6,50,ask,,,12146584
2026-06-29T15:08:09.419648,2026-06-29T05:08:09.968160+00:00,98.3,100,ask,,,12146604
2026-06-29T15:08:09.467264,2026-06-29T05:08:10.023159+00:00,98.3,25,bid,,,12146606
2026-06-29T15:08:09.472145,2026-06-29T05:08:10.023159+00:00,98.3,25,bid,,,12146607
2026-06-29T15:08:10.637798,2026-06-29T05:08:11.189160+00:00,97.9,1,ask,,,12146630
2026-06-29T15:08:10.637798,2026-06-29T05:08:11.189160+00:00,97.8,49,ask,,,12146631
2026-06-29T15:08:12.222804,2026-06-29T05:08:12.772686+00:00,97.8,47,ask,,,12146653
2026-06-29T15:08:12.281682,2026-06-29T05:08:12.827687+00:00,98.2,25,bid,,,12146655
2026-06-29T15:08:12.444927,2026-06-29T05:08:12.992686+00:00,98.2,1,bid,,,12146659
2026-06-29T15:08:12.728600,2026-06-29T05:08:13.278685+00:00,98.2,2,bid,,,12146670
2026-06-29T15:08:12.746624,2026-06-29T05:08:13.300685+00:00,97.7,50,ask,,,12146672
2026-06-29T15:08:12.908682,2026-06-29T05:08:13.454686+00:00,98.2,18,bid,,,12146677
2026-06-29T15:08:12.950181,2026-06-29T05:08:13.509685+00:00,98.2,54,bid,,,12146680
2026-06-29T15:08:12.950181,2026-06-29T05:08:13.509685+00:00,98.2,5,bid,,,12146681
2026-06-29T15:08:12.964077,2026-06-29T05:08:13.509685+00:00,98.2,25,bid,,,12146682
2026-06-29T15:08:13.173442,2026-06-29T05:08:13.718686+00:00,98.2,25,bid,,,12146693
2026-06-29T15:08:13.465217,2026-06-29T05:08:14.015695+00:00,98.2,40,bid,,,12146697
2026-06-29T15:08:14.851614,2026-06-29T05:08:15.401715+00:00,97.7,50,ask,,,12146731
2026-06-29T15:08:15.690371,2026-06-29T05:08:16.237268+00:00,98.3,100,bid,,,12146741
2026-06-29T15:08:15.713101,2026-06-29T05:08:16.259268+00:00,98.6,1,bid,,,12146742
2026-06-29T15:08:15.713101,2026-06-29T05:08:16.259268+00:00,98.7,5,bid,,,12146743
2026-06-29T15:08:16.959849,2026-06-29T05:08:17.513268+00:00,98.3,50,ask,,,12146767
2026-06-29T15:08:18.905407,2026-06-29T05:08:19.535528+00:00,98.3,1,ask,,,12146798
2026-06-29T15:08:19.196959,2026-06-29T05:08:19.832520+00:00,98.2,3,bid,,,12146810
2026-06-29T15:08:19.568466,2026-06-29T05:08:20.195528+00:00,98.2,45,bid,,,12146811
2026-06-29T15:08:21.120446,2026-06-29T05:08:21.724528+00:00,98.2,50,bid,,,12146840
2026-06-29T15:08:21.749327,2026-06-29T05:08:22.296528+00:00,98.2,5,bid,,,12146859
2026-06-29T15:08:23.228392,2026-06-29T05:08:23.781076+00:00,98.5,50,bid,,,12146899
2026-06-29T15:08:25.008898,2026-06-29T05:08:25.563106+00:00,98.2,43,ask,,,12146927
2026-06-29T15:08:25.334972,2026-06-29T05:08:25.882106+00:00,98.7,50,bid,,,12146935
2026-06-29T15:08:31.647100,2026-06-29T05:08:32.194278+00:00,98.6,1,bid,,,12147043
2026-06-29T15:08:31.647100,2026-06-29T05:08:32.194278+00:00,98.7,49,bid,,,12147044
2026-06-29T15:08:32.440242,2026-06-29T05:08:32.986278+00:00,98.6,1,bid,,,12147062
2026-06-29T15:08:32.440242,2026-06-29T05:08:32.986278+00:00,98.7,47,bid,,,12147063
2026-06-29T15:08:33.087905,2026-06-29T05:08:33.634412+00:00,98.4,43,ask,,,12147084
2026-06-29T15:08:33.827731,2026-06-29T05:08:34.371422+00:00,98.4,50,ask,,,12147104
2026-06-29T15:08:34.179027,2026-06-29T05:08:34.734421+00:00,98.4,41,ask,,,12147115
2026-06-29T15:08:34.738218,2026-06-29T05:08:35.295421+00:00,98.5,100,ask,,,12147123
2026-06-29T15:08:34.738218,2026-06-29T05:08:35.295421+00:00,98.3,5,ask,,,12147124
2026-06-29T15:08:35.549154,2026-06-29T05:08:36.097982+00:00,98.3,7,bid,,,12147137
2026-06-29T15:08:35.657839,2026-06-29T05:08:36.207983+00:00,98.3,6,bid,,,12147139
2026-06-29T15:08:35.934115,2026-06-29T05:08:36.482983+00:00,97.8,1,ask,,,12147147
2026-06-29T15:08:35.934115,2026-06-29T05:08:36.482983+00:00,97.8,49,ask,,,12147148
2026-06-29T15:08:36.673310,2026-06-29T05:08:37.219974+00:00,98.3,7,bid,,,12147170
2026-06-29T15:08:37.012041,2026-06-29T05:08:37.560516+00:00,98.3,6,bid,,,12147179
2026-06-29T15:08:37.398426,2026-06-29T05:08:37.945516+00:00,98.3,19,bid,,,12147189
2026-06-29T15:08:38.044420,2026-06-29T05:08:38.594073+00:00,98.6,50,ask,,,12147201
2026-06-29T15:08:39.011902,2026-06-29T05:08:39.562065+00:00,98.6,1,ask,,,12147210
2026-06-29T15:08:39.545234,2026-06-29T05:08:40.090079+00:00,98.6,1,ask,,,12147216
2026-06-29T15:08:40.102150,2026-06-29T05:08:40.651064+00:00,98.8,1,bid,,,12147228
2026-06-29T15:08:40.102150,2026-06-29T05:08:40.651064+00:00,98.8,49,bid,,,12147229
2026-06-29T15:08:42.210463,2026-06-29T05:08:42.763073+00:00,98.8,50,bid,,,12147273
2026-06-29T15:08:44.317355,2026-06-29T05:08:44.940676+00:00,99.0,50,bid,,,12147313
2026-06-29T15:08:46.423740,2026-06-29T05:08:46.974487+00:00,98.8,1,bid,,,12147347
2026-06-29T15:08:46.423740,2026-06-29T05:08:46.974487+00:00,99.0,49,bid,,,12147348
2026-06-29T15:08:48.530719,2026-06-29T05:08:49.084923+00:00,99.3,50,bid,,,12147387
2026-06-29T15:08:49.311337,2026-06-29T05:08:49.865914+00:00,99.3,46,bid,,,12147400
2026-06-29T15:08:50.636702,2026-06-29T05:08:51.185448+00:00,99.5,50,bid,,,12147423
2026-06-29T15:08:50.711784,2026-06-29T05:08:51.262448+00:00,99.0,48,ask,,,12147424
2026-06-29T15:08:50.976536,2026-06-29T05:08:51.526457+00:00,99.0,35,ask,,,12147430
2026-06-29T15:08:51.053665,2026-06-29T05:08:51.603457+00:00,99.0,17,ask,,,12147431
2026-06-29T15:08:51.053665,2026-06-29T05:08:51.603457+00:00,99.0,8,ask,,,12147432
2026-06-29T15:08:51.062402,2026-06-29T05:08:51.614457+00:00,99.0,25,ask,,,12147435
2026-06-29T15:08:51.074066,2026-06-29T05:08:51.625447+00:00,99.0,35,ask,,,12147436
2026-06-29T15:08:51.163276,2026-06-29T05:08:51.713457+00:00,99.0,35,ask,,,12147442
2026-06-29T15:08:51.253981,2026-06-29T05:08:51.801456+00:00,99.0,35,ask,,,12147452
2026-06-29T15:08:51.264153,2026-06-29T05:08:51.812457+00:00,99.0,12,ask,,,12147453
2026-06-29T15:08:53.752367,2026-06-29T05:08:54.309158+00:00,98.9,100,ask,,,12147502
2026-06-29T15:08:53.776741,2026-06-29T05:08:54.331158+00:00,98.7,3,ask,,,12147505
2026-06-29T15:08:54.953720,2026-06-29T05:08:55.508158+00:00,98.8,45,bid,,,12147532
2026-06-29T15:08:56.417664,2026-06-29T05:08:56.970267+00:00,98.8,5,bid,,,12147558
2026-06-29T15:08:56.472723,2026-06-29T05:08:57.025267+00:00,98.7,6,ask,,,12147563
2026-06-29T15:08:56.472723,2026-06-29T05:08:57.025267+00:00,98.4,43,ask,,,12147564
2026-06-29T15:08:56.864841,2026-06-29T05:08:57.410267+00:00,98.9,100,bid,,,12147572
2026-06-29T15:08:57.002009,2026-06-29T05:08:57.553266+00:00,98.9,50,ask,,,12147575
2026-06-29T15:08:57.672215,2026-06-29T05:08:58.224267+00:00,99.0,1,bid,,,12147593
2026-06-29T15:08:57.672215,2026-06-29T05:08:58.224267+00:00,99.3,1,bid,,,12147594
2026-06-29T15:08:57.672215,2026-06-29T05:08:58.224267+00:00,99.4,41,bid,,,12147595
2026-06-29T15:08:59.113792,2026-06-29T05:08:59.664950+00:00,98.7,3,ask,,,12147627
2026-06-29T15:08:59.113792,2026-06-29T05:08:59.664950+00:00,98.4,47,ask,,,12147628
2026-06-29T15:09:00.312547,2026-06-29T05:09:00.863941+00:00,98.7,47,ask,,,12147649
2026-06-29T15:09:01.170720,2026-06-29T05:09:01.721950+00:00,99.1,50,bid,,,12147667
2026-06-29T15:09:03.279720,2026-06-29T05:09:03.833482+00:00,98.9,50,bid,,,12147701
2026-06-29T15:09:03.460342,2026-06-29T05:09:04.009016+00:00,98.9,41,bid,,,12147702
2026-06-29T15:09:04.078786,2026-06-29T05:09:04.625006+00:00,98.9,35,bid,,,12147717
2026-06-29T15:09:04.105311,2026-06-29T05:09:04.658006+00:00,98.9,24,bid,,,12147720
2026-06-29T15:09:05.386158,2026-06-29T05:09:05.934007+00:00,99.0,2,bid,,,12147751
2026-06-29T15:09:05.386158,2026-06-29T05:09:05.934007+00:00,99.3,48,bid,,,12147752
2026-06-29T15:09:05.534457,2026-06-29T05:09:06.088059+00:00,98.8,40,ask,,,12147754
2026-06-29T15:09:06.361092,2026-06-29T05:09:06.913059+00:00,99.1,4,bid,,,12147768
2026-06-29T15:09:06.402002,2026-06-29T05:09:06.957059+00:00,99.1,4,ask,,,12147769
2026-06-29T15:09:06.509881,2026-06-29T05:09:07.056079+00:00,99.1,4,ask,,,12147771
2026-06-29T15:09:06.545946,2026-06-29T05:09:07.100079+00:00,99.1,4,ask,,,12147774
2026-06-29T15:09:07.048952,2026-06-29T05:09:07.606079+00:00,99.1,3,ask,,,12147781
2026-06-29T15:09:07.318721,2026-06-29T05:09:07.925079+00:00,99.3,1,bid,,,12147785
2026-06-29T15:09:07.318721,2026-06-29T05:09:07.925079+00:00,99.3,48,bid,,,12147786
2026-06-29T15:09:07.403757,2026-06-29T05:09:08.013070+00:00,99.1,3,ask,,,12147788
2026-06-29T15:09:07.492983,2026-06-29T05:09:08.112071+00:00,99.3,50,bid,,,12147793
2026-06-29T15:09:07.863673,2026-06-29T05:09:08.453070+00:00,99.1,43,ask,,,12147814
2026-06-29T15:09:08.326588,2026-06-29T05:09:08.947608+00:00,99.3,2,bid,,,12147828
2026-06-29T15:09:08.326588,2026-06-29T05:09:08.958608+00:00,99.6,39,bid,,,12147829
2026-06-29T15:09:08.874967,2026-06-29T05:09:09.486617+00:00,99.1,41,ask,,,12147839
2026-06-29T15:09:09.031830,2026-06-29T05:09:09.607617+00:00,99.2,2,bid,,,12147843
2026-06-29T15:09:09.407977,2026-06-29T05:09:09.959617+00:00,99.2,3,ask,,,12147847
2026-06-29T15:09:09.656358,2026-06-29T05:09:10.201628+00:00,99.2,3,ask,,,12147848
2026-06-29T15:09:09.684624,2026-06-29T05:09:10.234637+00:00,99.2,3,ask,,,12147849
2026-06-29T15:09:09.715599,2026-06-29T05:09:10.267637+00:00,99.2,3,ask,,,12147850
2026-06-29T15:09:10.436526,2026-06-29T05:09:10.982637+00:00,99.4,41,bid,,,12147873
2026-06-29T15:09:11.732227,2026-06-29T05:09:12.291171+00:00,99.4,50,bid,,,12147886
2026-06-29T15:09:13.842090,2026-06-29T05:09:14.391727+00:00,99.7,50,bid,,,12147917
2026-06-29T15:09:14.558150,2026-06-29T05:09:15.106719+00:00,99.2,25,ask,,,12147925
2026-06-29T15:09:14.591303,2026-06-29T05:09:15.139731+00:00,99.2,35,ask,,,12147928
2026-06-29T15:09:14.638603,2026-06-29T05:09:15.183731+00:00,99.2,40,ask,,,12147930
2026-06-29T15:09:14.638603,2026-06-29T05:09:15.194730+00:00,99.2,1,ask,,,12147931
2026-06-29T15:09:14.681099,2026-06-29T05:09:15.227730+00:00,99.2,35,ask,,,12147933
2026-06-29T15:09:14.742025,2026-06-29T05:09:15.293731+00:00,99.2,25,ask,,,12147936
2026-06-29T15:09:14.774813,2026-06-29T05:09:15.337731+00:00,99.2,25,ask,,,12147940
2026-06-29T15:09:14.786278,2026-06-29T05:09:15.337731+00:00,99.2,18,ask,,,12147942
2026-06-29T15:09:14.951201,2026-06-29T05:09:15.502731+00:00,99.2,25,ask,,,12147950
2026-06-29T15:09:14.991138,2026-06-29T05:09:15.535731+00:00,99.2,21,ask,,,12147957
2026-06-29T15:09:15.000187,2026-06-29T05:09:15.546731+00:00,99.1,1,ask,,,12147959
2026-06-29T15:09:15.000187,2026-06-29T05:09:15.546731+00:00,99.1,1,ask,,,12147960
2026-06-29T15:09:15.206638,2026-06-29T05:09:15.755730+00:00,99.1,1,ask,,,12147964
2026-06-29T15:09:15.951123,2026-06-29T05:09:16.503307+00:00,99.0,50,bid,,,12147978
2026-06-29T15:09:17.226888,2026-06-29T05:09:17.779307+00:00,99.0,25,bid,,,12148008
2026-06-29T15:09:17.275306,2026-06-29T05:09:17.823307+00:00,99.0,35,bid,,,12148009
2026-06-29T15:09:17.365260,2026-06-29T05:09:17.911307+00:00,99.0,35,bid,,,12148011
2026-06-29T15:09:17.385036,2026-06-29T05:09:17.933307+00:00,99.0,5,bid,,,12148015
2026-06-29T15:09:17.397576,2026-06-29T05:09:17.944306+00:00,99.3,2,bid,,,12148017
2026-06-29T15:09:18.584608,2026-06-29T05:09:19.131476+00:00,99.1,35,ask,,,12148040
2026-06-29T15:09:18.628875,2026-06-29T05:09:19.175476+00:00,99.1,25,ask,,,12148041
2026-06-29T15:09:18.633647,2026-06-29T05:09:19.186476+00:00,99.1,25,ask,,,12148042
2026-06-29T15:09:18.673508,2026-06-29T05:09:19.219477+00:00,99.1,15,ask,,,12148047
2026-06-29T15:09:19.045747,2026-06-29T05:09:19.593476+00:00,99.1,25,ask,,,12148054
2026-06-29T15:09:19.055314,2026-06-29T05:09:19.615476+00:00,99.1,25,ask,,,12148056
2026-06-29T15:09:19.082218,2026-06-29T05:09:19.626476+00:00,99.1,20,ask,,,12148060
2026-06-29T15:09:19.257955,2026-06-29T05:09:19.802468+00:00,99.1,25,ask,,,12148063
2026-06-29T15:09:19.267315,2026-06-29T05:09:19.813476+00:00,99.1,25,ask,,,12148065
2026-06-29T15:09:19.465883,2026-06-29T05:09:20.011476+00:00,99.1,25,ask,,,12148069
2026-06-29T15:09:19.479365,2026-06-29T05:09:20.033476+00:00,99.1,5,ask,,,12148071
2026-06-29T15:09:19.479365,2026-06-29T05:09:20.033476+00:00,99.1,1,ask,,,12148072
2026-06-29T15:09:19.677633,2026-06-29T05:09:20.231854+00:00,99.1,1,ask,,,12148078
2026-06-29T15:09:20.692848,2026-06-29T05:09:21.243855+00:00,99.1,1,ask,,,12148094
2026-06-29T15:09:21.509320,2026-06-29T05:09:22.057864+00:00,99.1,1,ask,,,12148113
2026-06-29T15:09:21.720592,2026-06-29T05:09:22.266863+00:00,99.1,1,ask,,,12148118
2026-06-29T15:09:21.799829,2026-06-29T05:09:22.343855+00:00,99.1,1,bid,,,12148122
2026-06-29T15:09:21.834720,2026-06-29T05:09:22.387863+00:00,99.1,1,bid,,,12148123
2026-06-29T15:09:22.126176,2026-06-29T05:09:22.673863+00:00,99.1,42,bid,,,12148132
2026-06-29T15:09:22.451769,2026-06-29T05:09:23.003863+00:00,99.0,35,bid,,,12148138
2026-06-29T15:09:22.535377,2026-06-29T05:09:23.080864+00:00,99.0,25,bid,,,12148143
2026-06-29T15:09:22.538610,2026-06-29T05:09:23.091863+00:00,99.0,25,bid,,,12148144
2026-06-29T15:09:22.541778,2026-06-29T05:09:23.091863+00:00,99.0,35,bid,,,12148145
2026-06-29T15:09:22.612525,2026-06-29T05:09:23.168863+00:00,99.0,30,bid,,,12148147
2026-06-29T15:09:22.612525,2026-06-29T05:09:23.168863+00:00,99.1,15,bid,,,12148148
2026-06-29T15:09:24.371494,2026-06-29T05:09:24.917889+00:00,99.1,41,bid,,,12148176
2026-06-29T15:09:24.371494,2026-06-29T05:09:24.917889+00:00,99.3,2,bid,,,12148177
2026-06-29T15:09:24.371494,2026-06-29T05:09:24.928890+00:00,99.5,1,bid,,,12148178
2026-06-29T15:09:25.299533,2026-06-29T05:09:25.852889+00:00,98.8,45,ask,,,12148192
2026-06-29T15:09:28.551217,2026-06-29T05:09:29.096151+00:00,99.2,25,ask,,,12148255
2026-06-29T15:09:28.553957,2026-06-29T05:09:29.107151+00:00,99.2,25,ask,,,12148256
2026-06-29T15:09:28.566112,2026-06-29T05:09:29.118151+00:00,99.2,35,ask,,,12148260
2026-06-29T15:09:28.679038,2026-06-29T05:09:29.228151+00:00,99.2,35,ask,,,12148268
2026-06-29T15:09:28.760969,2026-06-29T05:09:29.305151+00:00,99.2,13,ask,,,12148272
2026-06-29T15:09:28.765619,2026-06-29T05:09:29.316151+00:00,99.2,17,ask,,,12148273
2026-06-29T15:09:28.972697,2026-06-29T05:09:29.525151+00:00,99.0,1,ask,,,12148277
2026-06-29T15:09:28.972697,2026-06-29T05:09:29.525151+00:00,98.8,45,ask,,,12148278
2026-06-29T15:09:30.772388,2026-06-29T05:09:31.373142+00:00,99.0,3,ask,,,12148308
2026-06-29T15:09:30.772388,2026-06-29T05:09:31.373142+00:00,98.8,47,ask,,,12148309
2026-06-29T15:09:31.222813,2026-06-29T05:09:31.857153+00:00,99.0,2,ask,,,12148320
2026-06-29T15:09:31.476957,2026-06-29T05:09:32.044162+00:00,98.9,3,bid,,,12148326
2026-06-29T15:09:31.857806,2026-06-29T05:09:32.440162+00:00,98.9,2,bid,,,12148330
2026-06-29T15:09:31.886361,2026-06-29T05:09:32.473162+00:00,98.9,2,bid,,,12148331
2026-06-29T15:09:32.904152,2026-06-29T05:09:33.495696+00:00,98.5,50,ask,,,12148349
2026-06-29T15:09:32.922606,2026-06-29T05:09:33.517696+00:00,98.9,2,bid,,,12148350
2026-06-29T15:09:33.082550,2026-06-29T05:09:33.671253+00:00,98.9,2,bid,,,12148354
2026-06-29T15:09:33.108050,2026-06-29T05:09:33.671253+00:00,98.9,2,bid,,,12148355
2026-06-29T15:09:33.199631,2026-06-29T05:09:33.748253+00:00,98.9,2,bid,,,12148356
2026-06-29T15:09:33.778614,2026-06-29T05:09:34.331253+00:00,98.9,2,bid,,,12148358
2026-06-29T15:09:33.893114,2026-06-29T05:09:34.441253+00:00,98.9,2,bid,,,12148362
2026-06-29T15:09:34.938400,2026-06-29T05:09:35.486244+00:00,98.7,2,bid,,,12148375
2026-06-29T15:09:34.942972,2026-06-29T05:09:35.497244+00:00,98.7,35,bid,,,12148376
2026-06-29T15:09:34.978106,2026-06-29T05:09:35.530244+00:00,98.7,2,bid,,,12148378
2026-06-29T15:09:34.996615,2026-06-29T05:09:35.541244+00:00,98.7,25,bid,,,12148381
2026-06-29T15:09:34.999801,2026-06-29T05:09:35.552244+00:00,98.7,25,bid,,,12148382
2026-06-29T15:09:35.009176,2026-06-29T05:09:35.563244+00:00,98.4,50,ask,,,12148383
2026-06-29T15:09:35.031883,2026-06-29T05:09:35.585244+00:00,98.7,35,bid,,,12148384
2026-06-29T15:09:35.123178,2026-06-29T05:09:35.673244+00:00,98.7,26,bid,,,12148388
2026-06-29T15:09:35.308644,2026-06-29T05:09:35.860253+00:00,98.9,45,bid,,,12148392
2026-06-29T15:09:37.117498,2026-06-29T05:09:37.662837+00:00,98.4,50,ask,,,12148429
2026-06-29T15:09:37.609577,2026-06-29T05:09:38.157836+00:00,98.6,25,bid,,,12148444
2026-06-29T15:09:37.975042,2026-06-29T05:09:38.520857+00:00,98.6,75,bid,,,12148451
2026-06-29T15:09:39.223795,2026-06-29T05:09:39.774407+00:00,98.6,50,ask,,,12148479
2026-06-29T15:09:39.430073,2026-06-29T05:09:39.983408+00:00,98.6,25,ask,,,12148482
2026-06-29T15:09:39.430073,2026-06-29T05:09:39.983408+00:00,98.3,1,ask,,,12148483
2026-06-29T15:09:39.430073,2026-06-29T05:09:39.983408+00:00,98.1,17,ask,,,12148484
2026-06-29T15:09:41.225662,2026-06-29T05:09:41.776399+00:00,98.7,25,bid,,,12148525
2026-06-29T15:09:41.228436,2026-06-29T05:09:41.776399+00:00,98.7,35,bid,,,12148526
2026-06-29T15:09:41.287533,2026-06-29T05:09:41.831399+00:00,98.7,25,bid,,,12148530
2026-06-29T15:09:41.318335,2026-06-29T05:09:41.864398+00:00,98.7,35,bid,,,12148531
2026-06-29T15:09:41.331661,2026-06-29T05:09:41.886399+00:00,98.5,50,ask,,,12148533
2026-06-29T15:09:41.406334,2026-06-29T05:09:41.952398+00:00,98.7,27,bid,,,12148537
2026-06-29T15:09:41.620003,2026-06-29T05:09:42.172407+00:00,98.7,3,bid,,,12148543
2026-06-29T15:09:41.620003,2026-06-29T05:09:42.172407+00:00,99.0,37,bid,,,12148544
2026-06-29T15:09:43.438066,2026-06-29T05:09:43.987078+00:00,98.5,50,ask,,,12148581
2026-06-29T15:09:44.304050,2026-06-29T05:09:44.856098+00:00,98.7,100,bid,,,12148591
2026-06-29T15:09:45.544262,2026-06-29T05:09:46.098682+00:00,98.7,50,ask,,,12148613
2026-06-29T15:09:47.537464,2026-06-29T05:09:48.089216+00:00,98.6,1,ask,,,12148654
2026-06-29T15:09:47.600515,2026-06-29T05:09:48.155215+00:00,98.6,50,bid,,,12148655
2026-06-29T15:09:48.708987,2026-06-29T05:09:49.254773+00:00,98.6,25,bid,,,12148684
2026-06-29T15:09:48.849032,2026-06-29T05:09:49.397772+00:00,98.6,25,bid,,,12148686
2026-06-29T15:09:48.917876,2026-06-29T05:09:49.463772+00:00,98.6,25,bid,,,12148688
2026-06-29T15:09:49.058633,2026-06-29T05:09:49.617772+00:00,98.6,24,bid,,,12148693
2026-06-29T15:09:50.069254,2026-06-29T05:09:50.618793+00:00,98.9,3,bid,,,12148715
2026-06-29T15:09:51.862597,2026-06-29T05:09:52.411793+00:00,99.0,50,ask,,,12148744
2026-06-29T15:09:52.398733,2026-06-29T05:09:52.950793+00:00,99.0,35,ask,,,12148760
2026-06-29T15:09:52.478041,2026-06-29T05:09:53.027793+00:00,99.0,25,ask,,,12148763
2026-06-29T15:09:52.490039,2026-06-29T05:09:53.038793+00:00,99.0,35,ask,,,12148766
2026-06-29T15:09:52.528326,2026-06-29T05:09:53.082793+00:00,99.0,5,ask,,,12148768
2026-06-29T15:09:52.536987,2026-06-29T05:09:53.082793+00:00,98.9,2,ask,,,12148770
2026-06-29T15:09:52.741419,2026-06-29T05:09:53.291793+00:00,98.9,2,ask,,,12148774
2026-06-29T15:09:52.953010,2026-06-29T05:09:53.500793+00:00,98.9,2,ask,,,12148781
2026-06-29T15:09:53.158332,2026-06-29T05:09:53.709351+00:00,98.9,2,ask,,,12148783
2026-06-29T15:09:53.856893,2026-06-29T05:09:54.402342+00:00,98.8,1,ask,,,12148805
2026-06-29T15:09:53.896906,2026-06-29T05:09:54.446342+00:00,98.7,25,bid,,,12148807
2026-06-29T15:09:53.936581,2026-06-29T05:09:54.490342+00:00,98.7,35,bid,,,12148808
2026-06-29T15:09:53.971010,2026-06-29T05:09:54.523343+00:00,98.6,50,ask,,,12148811
2026-06-29T15:09:53.981630,2026-06-29T05:09:54.534342+00:00,98.7,25,bid,,,12148813
2026-06-29T15:09:54.026388,2026-06-29T05:09:54.578342+00:00,98.7,35,bid,,,12148815
2026-06-29T15:09:54.125152,2026-06-29T05:09:54.677343+00:00,98.7,25,bid,,,12148819
2026-06-29T15:09:54.198752,2026-06-29T05:09:54.743342+00:00,98.7,4,bid,,,12148822
2026-06-29T15:09:54.405038,2026-06-29T05:09:54.952351+00:00,98.6,41,ask,,,12148826
2026-06-29T15:09:55.985469,2026-06-29T05:09:56.975439+00:00,99.1,47,bid,,,12148865
2026-06-29T15:09:56.883389,2026-06-29T05:09:57.525439+00:00,98.8,49,bid,,,12148894
2026-06-29T15:09:58.132641,2026-06-29T05:09:58.679711+00:00,98.8,50,bid,,,12148918
2026-06-29T15:09:59.723442,2026-06-29T05:10:00.274719+00:00,98.8,46,ask,,,12148947
2026-06-29T15:10:02.352206,2026-06-29T05:10:02.903274+00:00,99.3,50,bid,,,12149000
2026-06-29T15:10:04.462843,2026-06-29T05:10:05.014824+00:00,99.0,1,bid,,,12149054
2026-06-29T15:10:04.462843,2026-06-29T05:10:05.014824+00:00,99.3,49,bid,,,12149055
2026-06-29T15:10:08.676856,2026-06-29T05:10:09.225668+00:00,99.1,2,bid,,,12149142
2026-06-29T15:10:08.676856,2026-06-29T05:10:09.225668+00:00,99.3,48,bid,,,12149143
2026-06-29T15:10:10.783745,2026-06-29T05:10:11.337669+00:00,99.3,1,bid,,,12149189
2026-06-29T15:10:10.783745,2026-06-29T05:10:11.337669+00:00,99.5,49,bid,,,12149190
2026-06-29T15:10:11.929924,2026-06-29T05:10:12.481669+00:00,99.1,48,ask,,,12149230
2026-06-29T15:10:12.361867,2026-06-29T05:10:12.910661+00:00,99.5,25,ask,,,12149233
2026-06-29T15:10:12.370702,2026-06-29T05:10:12.921668+00:00,99.5,75,ask,,,12149237
2026-06-29T15:10:12.513889,2026-06-29T05:10:13.064668+00:00,99.1,48,ask,,,12149239
2026-06-29T15:10:12.893022,2026-06-29T05:10:13.438669+00:00,99.5,50,bid,,,12149249
2026-06-29T15:10:14.803141,2026-06-29T05:10:15.352856+00:00,99.5,47,bid,,,12149287
2026-06-29T15:10:14.999380,2026-06-29T05:10:15.550855+00:00,99.5,50,bid,,,12149290
2026-06-29T15:10:15.914932,2026-06-29T05:10:16.462615+00:00,99.1,45,ask,,,12149317
2026-06-29T15:10:15.954532,2026-06-29T05:10:16.506614+00:00,99.6,100,bid,,,12149320
2026-06-29T15:10:15.978974,2026-06-29T05:10:16.528615+00:00,99.6,25,ask,,,12149321
2026-06-29T15:10:15.991360,2026-06-29T05:10:16.539615+00:00,99.6,25,ask,,,12149325
2026-06-29T15:10:17.108155,2026-06-29T05:10:17.661614+00:00,99.7,1,bid,,,12149337
2026-06-29T15:10:17.108155,2026-06-29T05:10:17.661614+00:00,100.1,49,bid,,,12149338
2026-06-29T15:10:19.225766,2026-06-29T05:10:19.839171+00:00,99.5,50,bid,,,12149396
2026-06-29T15:10:21.358579,2026-06-29T05:10:21.973172+00:00,99.5,50,bid,,,12149435
2026-06-29T15:10:22.298167,2026-06-29T05:10:22.842184+00:00,99.4,25,ask,,,12149455
2026-06-29T15:10:22.333915,2026-06-29T05:10:22.886191+00:00,99.4,77,ask,,,12149458
2026-06-29T15:10:22.401395,2026-06-29T05:10:22.952191+00:00,99.4,25,ask,,,12149459
2026-06-29T15:10:22.506843,2026-06-29T05:10:23.062191+00:00,99.4,23,ask,,,12149462
2026-06-29T15:10:22.515728,2026-06-29T05:10:23.062191+00:00,99.1,2,ask,,,12149464
2026-06-29T15:10:23.515557,2026-06-29T05:10:24.062748+00:00,99.1,50,ask,,,12149480
2026-06-29T15:10:25.622150,2026-06-29T05:10:26.173840+00:00,99.0,50,ask,,,12149512
2026-06-29T15:10:25.648622,2026-06-29T05:10:26.195840+00:00,99.4,40,bid,,,12149514
2026-06-29T15:10:26.238423,2026-06-29T05:10:26.789840+00:00,99.4,41,bid,,,12149524
2026-06-29T15:10:26.700990,2026-06-29T05:10:27.251840+00:00,99.4,45,bid,,,12149531
2026-06-29T15:10:27.677276,2026-06-29T05:10:28.230861+00:00,99.4,24,bid,,,12149553
2026-06-29T15:10:27.677276,2026-06-29T05:10:28.230861+00:00,99.5,26,bid,,,12149554
2026-06-29T15:10:27.734356,2026-06-29T05:10:28.285860+00:00,99.0,49,ask,,,12149555
2026-06-29T15:10:28.615149,2026-06-29T05:10:29.165545+00:00,99.4,100,bid,,,12149568
2026-06-29T15:10:28.623981,2026-06-29T05:10:29.176544+00:00,99.5,25,ask,,,12149569
2026-06-29T15:10:28.733155,2026-06-29T05:10:29.286544+00:00,99.5,25,ask,,,12149574
2026-06-29T15:10:29.352236,2026-06-29T05:10:29.902553+00:00,98.9,47,ask,,,12149584
2026-06-29T15:10:29.820836,2026-06-29T05:10:30.364545+00:00,99.7,1,bid,,,12149589
2026-06-29T15:10:31.931000,2026-06-29T05:10:32.476553+00:00,99.3,50,bid,,,12149621
2026-06-29T15:10:34.060836,2026-06-29T05:10:34.609666+00:00,99.3,50,bid,,,12149647
2026-06-29T15:10:35.264964,2026-06-29T05:10:35.819199+00:00,99.4,43,bid,,,12149671
2026-06-29T15:10:36.166653,2026-06-29T05:10:36.720756+00:00,99.4,50,bid,,,12149688
2026-06-29T15:10:37.653513,2026-06-29T05:10:38.205755+00:00,99.5,25,ask,,,12149708
2026-06-29T15:10:37.760413,2026-06-29T05:10:38.315756+00:00,99.5,25,ask,,,12149712
2026-06-29T15:10:37.865438,2026-06-29T05:10:38.414755+00:00,99.5,25,ask,,,12149716
2026-06-29T15:10:37.969819,2026-06-29T05:10:38.523879+00:00,99.5,25,ask,,,12149719
2026-06-29T15:10:38.179648,2026-06-29T05:10:38.732879+00:00,99.5,16,ask,,,12149730
2026-06-29T15:10:38.278081,2026-06-29T05:10:38.831879+00:00,99.5,25,ask,,,12149734
2026-06-29T15:10:38.326589,2026-06-29T05:10:38.875879+00:00,99.5,50,ask,,,12149737
2026-06-29T15:10:40.432848,2026-06-29T05:10:40.987879+00:00,99.5,50,ask,,,12149776
2026-06-29T15:10:41.893042,2026-06-29T05:10:42.439879+00:00,99.5,48,bid,,,12149808
2026-06-29T15:10:41.946930,2026-06-29T05:10:42.494879+00:00,99.2,46,ask,,,12149809
2026-06-29T15:10:42.548033,2026-06-29T05:10:43.099878+00:00,99.2,50,ask,,,12149816
2026-06-29T15:10:42.909100,2026-06-29T05:10:43.495879+00:00,99.2,4,ask,,,12149829
2026-06-29T15:10:42.909100,2026-06-29T05:10:43.495879+00:00,99.1,5,ask,,,12149830
2026-06-29T15:10:42.909100,2026-06-29T05:10:43.495879+00:00,99.0,33,ask,,,12149831
2026-06-29T15:10:44.467457,2026-06-29T05:10:45.090456+00:00,99.4,1,bid,,,12149845
2026-06-29T15:10:44.467457,2026-06-29T05:10:45.090456+00:00,99.5,47,bid,,,12149846
2026-06-29T15:10:44.660515,2026-06-29T05:10:45.277455+00:00,99.1,5,ask,,,12149847
2026-06-29T15:10:44.660515,2026-06-29T05:10:45.277455+00:00,99.1,45,ask,,,12149848
2026-06-29T15:10:46.775735,2026-06-29T05:10:47.323008+00:00,99.1,50,ask,,,12149879
2026-06-29T15:10:47.652716,2026-06-29T05:10:48.203008+00:00,99.1,5,ask,,,12149900
2026-06-29T15:10:47.667403,2026-06-29T05:10:48.214008+00:00,99.0,35,bid,,,12149901
2026-06-29T15:10:47.735080,2026-06-29T05:10:48.280008+00:00,99.0,25,bid,,,12149906
2026-06-29T15:10:47.758494,2026-06-29T05:10:48.313008+00:00,99.0,35,bid,,,12149907
2026-06-29T15:10:47.810968,2026-06-29T05:10:48.357009+00:00,99.0,25,bid,,,12149910
2026-06-29T15:10:47.848418,2026-06-29T05:10:48.401009+00:00,99.0,25,bid,,,12149911
2026-06-29T15:10:48.881130,2026-06-29T05:10:49.434259+00:00,99.1,4,ask,,,12149922
2026-06-29T15:10:48.881130,2026-06-29T05:10:49.434259+00:00,98.9,46,ask,,,12149923
2026-06-29T15:10:50.762856,2026-06-29T05:10:51.314783+00:00,99.3,100,bid,,,12149950
2026-06-29T15:10:51.019997,2026-06-29T05:10:51.567792+00:00,99.3,50,ask,,,12149951
2026-06-29T15:10:51.217714,2026-06-29T05:10:51.765812+00:00,99.4,1,bid,,,12149953
2026-06-29T15:10:51.795659,2026-06-29T05:10:52.348803+00:00,98.8,49,ask,,,12149971
2026-06-29T15:10:53.126041,2026-06-29T05:10:53.679786+00:00,99.2,2,ask,,,12149989
2026-06-29T15:10:53.126041,2026-06-29T05:10:53.679786+00:00,98.8,48,ask,,,12149990
2026-06-29T15:10:53.980091,2026-06-29T05:10:54.526787+00:00,99.2,2,ask,,,12150012
2026-06-29T15:10:54.051079,2026-06-29T05:10:54.603787+00:00,99.2,3,bid,,,12150015
2026-06-29T15:10:54.378272,2026-06-29T05:10:54.922779+00:00,99.2,3,bid,,,12150022
2026-06-29T15:10:54.831033,2026-06-29T05:10:55.384786+00:00,99.2,47,bid,,,12150034
2026-06-29T15:10:55.261557,2026-06-29T05:10:55.813787+00:00,99.1,2,ask,,,12150043
2026-06-29T15:10:55.261557,2026-06-29T05:10:55.813787+00:00,99.0,48,ask,,,12150044
2026-06-29T15:10:56.675431,2026-06-29T05:10:57.221368+00:00,99.1,35,bid,,,12150081
2026-06-29T15:10:56.762790,2026-06-29T05:10:57.309368+00:00,99.1,25,bid,,,12150087
2026-06-29T15:10:56.769552,2026-06-29T05:10:57.320368+00:00,99.1,35,bid,,,12150088
2026-06-29T15:10:56.835457,2026-06-29T05:10:57.386368+00:00,99.1,5,bid,,,12150094
2026-06-29T15:10:56.839607,2026-06-29T05:10:57.386368+00:00,99.2,2,bid,,,12150095
2026-06-29T15:10:57.277793,2026-06-29T05:10:57.826370+00:00,99.2,2,bid,,,12150102
2026-06-29T15:10:57.482369,2026-06-29T05:10:58.035380+00:00,99.2,2,bid,,,12150104
2026-06-29T15:10:57.687196,2026-06-29T05:10:58.233379+00:00,99.2,2,bid,,,12150107
2026-06-29T15:10:57.891964,2026-06-29T05:10:58.442379+00:00,99.2,2,bid,,,12150115
2026-06-29T15:10:58.096780,2026-06-29T05:10:58.651058+00:00,99.2,2,bid,,,12150118
2026-06-29T15:10:58.302217,2026-06-29T05:10:58.849058+00:00,99.2,2,bid,,,12150120
2026-06-29T15:10:58.507712,2026-06-29T05:10:59.058058+00:00,99.2,2,bid,,,12150126
2026-06-29T15:10:58.711904,2026-06-29T05:10:59.267058+00:00,99.2,2,bid,,,12150130
2026-06-29T15:11:00.716604,2026-06-29T05:11:01.269049+00:00,99.0,44,ask,,,12150165
2026-06-29T15:11:01.355543,2026-06-29T05:11:01.910049+00:00,99.3,49,bid,,,12150178
2026-06-29T15:11:01.538860,2026-06-29T05:11:02.086049+00:00,99.3,50,bid,,,12150180
2026-06-29T15:11:02.428724,2026-06-29T05:11:02.977058+00:00,99.0,45,ask,,,12150193
2026-06-29T15:11:03.026526,2026-06-29T05:11:03.581204+00:00,99.2,48,bid,,,12150202
2026-06-29T15:11:03.414620,2026-06-29T05:11:03.966224+00:00,99.2,52,bid,,,12150214
2026-06-29T15:11:04.616291,2026-06-29T05:11:05.165224+00:00,99.2,41,ask,,,12150237
2026-06-29T15:11:05.679306,2026-06-29T05:11:06.231330+00:00,99.4,3,bid,,,12150259
2026-06-29T15:11:05.679306,2026-06-29T05:11:06.231330+00:00,99.4,1,bid,,,12150260
2026-06-29T15:11:05.776478,2026-06-29T05:11:06.330330+00:00,99.7,50,bid,,,12150269
2026-06-29T15:11:06.285600,2026-06-29T05:11:06.858321+00:00,99.2,44,ask,,,12150284
2026-06-29T15:11:07.884197,2026-06-29T05:11:08.464330+00:00,99.3,50,bid,,,12150313
2026-06-29T15:11:09.992080,2026-06-29T05:11:10.575420+00:00,99.4,1,bid,,,12150357
2026-06-29T15:11:09.992080,2026-06-29T05:11:10.575420+00:00,99.4,49,bid,,,12150358
2026-06-29T15:11:11.244332,2026-06-29T05:11:11.795954+00:00,99.4,48,bid,,,12150389
2026-06-29T15:11:13.418714,2026-06-29T05:11:13.973510+00:00,99.5,1,bid,,,12150413
2026-06-29T15:11:13.418714,2026-06-29T05:11:13.973510+00:00,99.6,44,bid,,,12150414
2026-06-29T15:11:14.253598,2026-06-29T05:11:14.809068+00:00,99.2,50,ask,,,12150438
2026-06-29T15:11:14.421072,2026-06-29T05:11:14.974068+00:00,99.2,45,ask,,,12150439
2026-06-29T15:11:16.364764,2026-06-29T05:11:16.909624+00:00,99.2,50,ask,,,12150477
2026-06-29T15:11:19.064058,2026-06-29T05:11:19.614319+00:00,99.3,40,bid,,,12150526
2026-06-29T15:11:20.574763,2026-06-29T05:11:21.121319+00:00,99.2,50,ask,,,12150539
2026-06-29T15:11:22.202274,2026-06-29T05:11:22.749320+00:00,99.1,40,ask,,,12150574
2026-06-29T15:11:22.682585,2026-06-29T05:11:23.233319+00:00,99.1,1,ask,,,12150582
2026-06-29T15:11:22.682585,2026-06-29T05:11:23.233319+00:00,98.9,49,ask,,,12150583
2026-06-29T15:11:24.603538,2026-06-29T05:11:25.157046+00:00,98.9,42,ask,,,12150609
2026-06-29T15:11:24.792239,2026-06-29T05:11:25.344046+00:00,98.9,9,ask,,,12150612
2026-06-29T15:11:24.792239,2026-06-29T05:11:25.344046+00:00,98.8,41,ask,,,12150613
2026-06-29T15:11:26.770065,2026-06-29T05:11:27.323241+00:00,99.1,25,bid,,,12150639
2026-06-29T15:11:26.823921,2026-06-29T05:11:27.378241+00:00,99.1,25,bid,,,12150642
2026-06-29T15:11:26.837628,2026-06-29T05:11:27.389241+00:00,99.1,12,bid,,,12150643
2026-06-29T15:11:26.898374,2026-06-29T05:11:27.444241+00:00,98.6,50,ask,,,12150645
2026-06-29T15:11:26.979116,2026-06-29T05:11:27.532241+00:00,99.1,25,bid,,,12150649
2026-06-29T15:11:29.005263,2026-06-29T05:11:29.554625+00:00,98.7,50,ask,,,12150677
2026-06-29T15:11:29.011734,2026-06-29T05:11:29.565625+00:00,99.1,1,bid,,,12150678
2026-06-29T15:11:29.011734,2026-06-29T05:11:29.565625+00:00,99.1,43,bid,,,12150679
2026-06-29T15:11:29.610004,2026-06-29T05:11:30.159634+00:00,99.1,44,bid,,,12150701
2026-06-29T15:11:31.112659,2026-06-29T05:11:31.677634+00:00,98.7,50,ask,,,12150716
2026-06-29T15:11:31.278285,2026-06-29T05:11:31.919634+00:00,98.7,1,ask,,,12150721
2026-06-29T15:11:31.278285,2026-06-29T05:11:31.919634+00:00,98.6,44,ask,,,12150722
2026-06-29T15:11:31.608205,2026-06-29T05:11:32.227634+00:00,98.9,25,bid,,,12150730
2026-06-29T15:11:31.648020,2026-06-29T05:11:32.271634+00:00,98.9,25,bid,,,12150736
2026-06-29T15:11:31.783399,2026-06-29T05:11:32.392634+00:00,98.9,41,bid,,,12150741
2026-06-29T15:11:31.820233,2026-06-29T05:11:32.425634+00:00,98.9,9,bid,,,12150745
2026-06-29T15:11:31.824278,2026-06-29T05:11:32.436634+00:00,99.0,2,bid,,,12150746
2026-06-29T15:11:31.863621,2026-06-29T05:11:32.469634+00:00,99.0,2,bid,,,12150751
2026-06-29T15:11:32.028255,2026-06-29T05:11:32.634634+00:00,99.2,1,bid,,,12150755
2026-06-29T15:11:32.028255,2026-06-29T05:11:32.634634+00:00,99.3,1,bid,,,12150756
2026-06-29T15:11:33.219337,2026-06-29T05:11:33.821634+00:00,98.8,50,ask,,,12150781
2026-06-29T15:11:35.324455,2026-06-29T05:11:35.878167+00:00,98.8,1,ask,,,12150830
2026-06-29T15:11:35.324455,2026-06-29T05:11:35.878167+00:00,98.7,49,ask,,,12150831
2026-06-29T15:11:35.638672,2026-06-29T05:11:36.185864+00:00,98.7,42,ask,,,12150832
