timestamp,recv_time,price,volume,aggressor_side,buyer,seller,trade_id
2026-07-02T18:28:43.612272,2026-07-02T18:28:43.528711+00:00,124.0,50,bid,,,4600032
2026-07-02T18:28:43.795915,2026-07-02T18:28:43.805058+00:00,124.3,5,bid,,,4600034
2026-07-02T18:28:43.817513,2026-07-02T18:28:43.825723+00:00,124.3,22,bid,,,4600036
2026-07-02T18:28:44.387628,2026-07-02T18:28:44.399185+00:00,124.1,44,ask,,,4600052
2026-07-02T18:28:45.771447,2026-07-02T18:28:45.783454+00:00,124.1,50,ask,,,4600081
2026-07-02T18:28:46.510812,2026-07-02T18:28:46.522286+00:00,124.3,42,bid,,,4600089
2026-07-02T18:28:47.269840,2026-07-02T18:28:47.278264+00:00,124.1,11,bid,,,4600096
2026-07-02T18:28:47.879765,2026-07-02T18:28:47.887252+00:00,124.0,50,ask,,,4600106
2026-07-02T18:28:48.478662,2026-07-02T18:28:48.490068+00:00,124.0,41,ask,,,4600110
2026-07-02T18:28:49.985635,2026-07-02T18:28:49.997341+00:00,124.0,9,ask,,,4600143
2026-07-02T18:28:49.985635,2026-07-02T18:28:49.997341+00:00,123.6,41,ask,,,4600144
2026-07-02T18:28:50.465402,2026-07-02T18:28:50.474717+00:00,123.8,12,bid,,,4600151
2026-07-02T18:28:51.775373,2026-07-02T18:28:51.783194+00:00,123.7,3,ask,,,4600179
2026-07-02T18:28:52.095881,2026-07-02T18:28:52.104986+00:00,123.5,50,ask,,,4600185
2026-07-02T18:28:53.315665,2026-07-02T18:28:53.324138+00:00,123.6,3,bid,,,4600211
2026-07-02T18:28:54.151062,2026-07-02T18:28:54.169066+00:00,123.6,50,bid,,,4600223
2026-07-02T18:28:56.258580,2026-07-02T18:28:56.273953+00:00,123.6,47,bid,,,4600269
2026-07-02T18:28:56.258580,2026-07-02T18:28:56.273953+00:00,123.6,3,bid,,,4600270
2026-07-02T18:28:58.372213,2026-07-02T18:28:58.379862+00:00,123.6,50,bid,,,4600310
2026-07-02T18:28:59.991241,2026-07-02T18:29:00.002970+00:00,123.8,5,bid,,,4600360
2026-07-02T18:28:59.991241,2026-07-02T18:29:00.002970+00:00,123.9,41,bid,,,4600361
2026-07-02T18:29:00.483002,2026-07-02T18:29:00.493895+00:00,123.8,4,bid,,,4600375
2026-07-02T18:29:00.483002,2026-07-02T18:29:00.493895+00:00,123.9,46,bid,,,4600376
2026-07-02T18:29:02.591843,2026-07-02T18:29:02.603308+00:00,123.8,4,bid,,,4600420
2026-07-02T18:29:02.591843,2026-07-02T18:29:02.603308+00:00,123.9,46,bid,,,4600421
2026-07-02T18:29:02.798947,2026-07-02T18:29:02.809062+00:00,123.8,42,bid,,,4600433
2026-07-02T18:29:03.020654,2026-07-02T18:29:03.029252+00:00,123.7,12,ask,,,4600438
2026-07-02T18:29:03.062454,2026-07-02T18:29:03.068949+00:00,123.7,34,ask,,,4600443
2026-07-02T18:29:04.713716,2026-07-02T18:29:04.725222+00:00,123.8,50,bid,,,4600480
2026-07-02T18:29:06.837299,2026-07-02T18:29:06.864464+00:00,124.1,50,bid,,,4600520
2026-07-02T18:29:08.949167,2026-07-02T18:29:08.958561+00:00,124.1,50,bid,,,4600554
2026-07-02T18:29:09.078086,2026-07-02T18:29:09.087653+00:00,124.0,11,ask,,,4600558
2026-07-02T18:29:11.082539,2026-07-02T18:29:11.092008+00:00,124.3,50,bid,,,4600602
2026-07-02T18:29:11.761812,2026-07-02T18:29:11.769478+00:00,124.0,11,ask,,,4600611
2026-07-02T18:29:13.195651,2026-07-02T18:29:13.205982+00:00,124.3,50,bid,,,4600632
2026-07-02T18:29:15.324315,2026-07-02T18:29:15.338022+00:00,124.3,50,bid,,,4600681
2026-07-02T18:29:15.465221,2026-07-02T18:29:15.483267+00:00,124.2,12,ask,,,4600685
2026-07-02T18:29:16.805871,2026-07-02T18:29:16.817681+00:00,124.2,47,ask,,,4600717
2026-07-02T18:29:19.535201,2026-07-02T18:29:19.563711+00:00,124.5,50,bid,,,4600783
2026-07-02T18:29:19.881282,2026-07-02T18:29:19.888797+00:00,124.1,41,ask,,,4600795
2026-07-02T18:29:21.695651,2026-07-02T18:29:21.707243+00:00,124.0,50,ask,,,4600840
2026-07-02T18:29:21.917641,2026-07-02T18:29:21.926028+00:00,124.5,48,bid,,,4600846
2026-07-02T18:29:22.238521,2026-07-02T18:29:22.246849+00:00,124.3,11,ask,,,4600853
2026-07-02T18:29:23.750475,2026-07-02T18:29:23.764403+00:00,124.6,50,bid,,,4600880
2026-07-02T18:29:24.410801,2026-07-02T18:29:24.422124+00:00,124.3,43,ask,,,4600910
2026-07-02T18:29:25.856536,2026-07-02T18:29:25.868098+00:00,124.6,50,bid,,,4600926
2026-07-02T18:29:26.721944,2026-07-02T18:29:26.758657+00:00,124.6,41,bid,,,4600942
2026-07-02T18:29:28.030264,2026-07-02T18:29:28.040811+00:00,124.1,50,ask,,,4600962
2026-07-02T18:29:28.427542,2026-07-02T18:29:28.435641+00:00,124.4,40,ask,,,4600969
2026-07-02T18:29:30.137512,2026-07-02T18:29:30.149053+00:00,124.4,50,ask,,,4601000
2026-07-02T18:29:32.245660,2026-07-02T18:29:32.263647+00:00,124.2,50,ask,,,4601022
2026-07-02T18:29:32.320421,2026-07-02T18:29:32.331868+00:00,124.2,45,ask,,,4601024
2026-07-02T18:29:32.930658,2026-07-02T18:29:32.942207+00:00,124.4,45,bid,,,4601026
2026-07-02T18:29:33.515613,2026-07-02T18:29:33.522454+00:00,124.2,46,ask,,,4601041
2026-07-02T18:29:34.359349,2026-07-02T18:29:34.368225+00:00,124.2,9,ask,,,4601050
2026-07-02T18:29:34.359349,2026-07-02T18:29:34.368225+00:00,124.1,25,ask,,,4601051
2026-07-02T18:29:34.752410,2026-07-02T18:29:34.760521+00:00,124.1,11,bid,,,4601055
2026-07-02T18:29:35.353655,2026-07-02T18:29:35.361090+00:00,124.1,12,bid,,,4601065
2026-07-02T18:29:36.493657,2026-07-02T18:29:36.503641+00:00,124.0,50,ask,,,4601092
2026-07-02T18:29:37.639877,2026-07-02T18:29:37.647684+00:00,124.1,2,bid,,,4601097
2026-07-02T18:29:38.599639,2026-07-02T18:29:38.609530+00:00,124.0,50,ask,,,4601119
2026-07-02T18:29:40.705509,2026-07-02T18:29:40.714165+00:00,124.0,1,ask,,,4601161
2026-07-02T18:29:40.705509,2026-07-02T18:29:40.714165+00:00,124.0,49,ask,,,4601162
2026-07-02T18:29:41.038400,2026-07-02T18:29:41.044815+00:00,124.4,3,bid,,,4601167
2026-07-02T18:29:41.038400,2026-07-02T18:29:41.044815+00:00,124.5,43,bid,,,4601168
2026-07-02T18:29:42.628749,2026-07-02T18:29:42.637501+00:00,124.3,1,bid,,,4601185
2026-07-02T18:29:42.628749,2026-07-02T18:29:42.637501+00:00,124.4,42,bid,,,4601186
2026-07-02T18:29:42.817636,2026-07-02T18:29:42.826343+00:00,124.0,50,ask,,,4601192
2026-07-02T18:29:43.224308,2026-07-02T18:29:43.235034+00:00,124.0,1,ask,,,4601200
2026-07-02T18:29:43.224308,2026-07-02T18:29:43.235034+00:00,124.0,2,ask,,,4601201
2026-07-02T18:29:43.224308,2026-07-02T18:29:43.235034+00:00,123.9,42,ask,,,4601202
2026-07-02T18:29:44.161026,2026-07-02T18:29:44.172905+00:00,124.3,46,bid,,,4601216
2026-07-02T18:29:44.925188,2026-07-02T18:29:44.936498+00:00,123.8,50,ask,,,4601234
2026-07-02T18:29:47.031705,2026-07-02T18:29:47.042601+00:00,124.0,4,ask,,,4601264
2026-07-02T18:29:47.031705,2026-07-02T18:29:47.042601+00:00,123.8,46,ask,,,4601265
2026-07-02T18:29:47.159518,2026-07-02T18:29:47.167541+00:00,124.2,22,bid,,,4601271
2026-07-02T18:29:48.019170,2026-07-02T18:29:48.030608+00:00,124.2,49,bid,,,4601289
2026-07-02T18:29:49.089756,2026-07-02T18:29:49.098192+00:00,124.2,29,bid,,,4601309
2026-07-02T18:29:49.089756,2026-07-02T18:29:49.098192+00:00,124.3,21,bid,,,4601310
2026-07-02T18:29:52.328638,2026-07-02T18:29:52.336575+00:00,124.1,11,ask,,,4601376
2026-07-02T18:29:52.407306,2026-07-02T18:29:52.416829+00:00,124.1,11,ask,,,4601378
2026-07-02T18:29:52.664714,2026-07-02T18:29:52.676248+00:00,124.1,46,ask,,,4601385
2026-07-02T18:29:53.184365,2026-07-02T18:29:53.195876+00:00,124.1,32,ask,,,4601395
2026-07-02T18:29:53.184365,2026-07-02T18:29:53.195876+00:00,124.0,4,ask,,,4601396
2026-07-02T18:29:53.184365,2026-07-02T18:29:53.195876+00:00,123.8,5,ask,,,4601397
2026-07-02T18:29:53.771294,2026-07-02T18:29:53.780556+00:00,124.0,5,bid,,,4601406
2026-07-02T18:29:53.879181,2026-07-02T18:29:53.889837+00:00,124.0,5,bid,,,4601408
2026-07-02T18:29:54.672826,2026-07-02T18:29:54.679442+00:00,124.0,4,bid,,,4601418
2026-07-02T18:29:54.744245,2026-07-02T18:29:54.751544+00:00,124.0,11,bid,,,4601419
2026-07-02T18:29:55.412743,2026-07-02T18:29:55.422839+00:00,124.0,50,bid,,,4601435
2026-07-02T18:29:57.571851,2026-07-02T18:29:57.583454+00:00,123.9,4,ask,,,4601483
2026-07-02T18:29:57.571851,2026-07-02T18:29:57.583454+00:00,123.9,46,ask,,,4601484
2026-07-02T18:29:57.705412,2026-07-02T18:29:57.717458+00:00,124.1,11,bid,,,4601495
2026-07-02T18:29:57.781980,2026-07-02T18:29:57.793441+00:00,124.1,41,bid,,,4601499
2026-07-02T18:29:59.255519,2026-07-02T18:29:59.265073+00:00,124.1,46,bid,,,4601524
2026-07-02T18:29:59.628566,2026-07-02T18:29:59.635321+00:00,124.1,50,bid,,,4601528
2026-07-02T18:29:59.996865,2026-07-02T18:30:00.008252+00:00,124.4,100,bid,,,4601536
2026-07-02T18:30:00.059592,2026-07-02T18:30:00.069356+00:00,124.4,22,ask,,,4601537
2026-07-02T18:30:01.785656,2026-07-02T18:30:01.792958+00:00,124.4,28,ask,,,4601578
2026-07-02T18:30:01.785656,2026-07-02T18:30:01.798336+00:00,123.9,22,ask,,,4601579
2026-07-02T18:30:01.966819,2026-07-02T18:30:01.974135+00:00,124.9,11,bid,,,4601584
2026-07-02T18:30:03.163998,2026-07-02T18:30:03.174229+00:00,124.1,11,ask,,,4601603
2026-07-02T18:30:03.841982,2026-07-02T18:30:03.853591+00:00,124.2,50,bid,,,4601610
2026-07-02T18:30:04.286320,2026-07-02T18:30:04.298153+00:00,124.2,34,bid,,,4601618
2026-07-02T18:30:04.366917,2026-07-02T18:30:04.376851+00:00,124.2,11,bid,,,4601624
2026-07-02T18:30:05.349777,2026-07-02T18:30:05.357451+00:00,124.2,45,bid,,,4601637
2026-07-02T18:30:05.950149,2026-07-02T18:30:05.963868+00:00,124.2,10,bid,,,4601654
2026-07-02T18:30:05.950149,2026-07-02T18:30:05.963868+00:00,124.3,2,bid,,,4601655
2026-07-02T18:30:05.950149,2026-07-02T18:30:05.963868+00:00,124.6,38,bid,,,4601656
2026-07-02T18:30:06.096764,2026-07-02T18:30:06.105655+00:00,124.4,12,ask,,,4601659
2026-07-02T18:30:06.175822,2026-07-02T18:30:06.186124+00:00,124.4,11,ask,,,4601664
2026-07-02T18:30:06.329165,2026-07-02T18:30:06.343420+00:00,124.6,22,ask,,,4601666
2026-07-02T18:30:06.909615,2026-07-02T18:30:06.918532+00:00,124.6,12,ask,,,4601677
2026-07-02T18:30:07.110610,2026-07-02T18:30:07.120781+00:00,124.6,3,ask,,,4601680
2026-07-02T18:30:07.474275,2026-07-02T18:30:07.482188+00:00,124.6,3,ask,,,4601684
2026-07-02T18:30:07.495850,2026-07-02T18:30:07.505389+00:00,124.6,3,ask,,,4601685
2026-07-02T18:30:07.580042,2026-07-02T18:30:07.587232+00:00,124.6,3,ask,,,4601686
2026-07-02T18:30:08.058478,2026-07-02T18:30:08.069826+00:00,124.9,50,bid,,,4601692
2026-07-02T18:30:08.116261,2026-07-02T18:30:08.125824+00:00,124.6,3,ask,,,4601693
2026-07-02T18:30:08.138891,2026-07-02T18:30:08.150550+00:00,124.6,3,ask,,,4601697
2026-07-02T18:30:08.163594,2026-07-02T18:30:08.172036+00:00,124.6,3,ask,,,4601698
2026-07-02T18:30:08.202791,2026-07-02T18:30:08.213906+00:00,124.6,3,ask,,,4601701
2026-07-02T18:30:08.367763,2026-07-02T18:30:08.376556+00:00,124.6,43,ask,,,4601704
2026-07-02T18:30:08.496970,2026-07-02T18:30:08.508362+00:00,124.6,2,ask,,,4601706
2026-07-02T18:30:08.517674,2026-07-02T18:30:08.527929+00:00,124.6,2,ask,,,4601707
2026-07-02T18:30:08.546955,2026-07-02T18:30:08.563620+00:00,124.6,2,ask,,,4601708
2026-07-02T18:30:09.628148,2026-07-02T18:30:09.635255+00:00,124.4,49,ask,,,4601730
2026-07-02T18:30:10.165327,2026-07-02T18:30:10.176783+00:00,124.6,50,bid,,,4601741
2026-07-02T18:30:12.272071,2026-07-02T18:30:12.283926+00:00,124.5,5,bid,,,4601769
2026-07-02T18:30:12.272071,2026-07-02T18:30:12.283926+00:00,124.6,45,bid,,,4601770
2026-07-02T18:30:12.289764,2026-07-02T18:30:12.301410+00:00,124.4,44,ask,,,4601771
2026-07-02T18:30:14.379567,2026-07-02T18:30:14.387879+00:00,124.5,50,bid,,,4601799
2026-07-02T18:30:15.293852,2026-07-02T18:30:15.304595+00:00,124.3,49,ask,,,4601824
2026-07-02T18:30:16.488383,2026-07-02T18:30:16.494856+00:00,124.5,5,bid,,,4601846
2026-07-02T18:30:16.488383,2026-07-02T18:30:16.500051+00:00,124.6,45,bid,,,4601847
2026-07-02T18:30:17.267875,2026-07-02T18:30:17.279711+00:00,124.6,43,bid,,,4601869
2026-07-02T18:30:18.594897,2026-07-02T18:30:18.602557+00:00,124.6,12,bid,,,4601903
2026-07-02T18:30:18.594897,2026-07-02T18:30:18.602557+00:00,124.6,38,bid,,,4601904
2026-07-02T18:30:18.905118,2026-07-02T18:30:18.916630+00:00,124.5,42,ask,,,4601911
2026-07-02T18:30:20.159584,2026-07-02T18:30:20.166769+00:00,124.5,11,ask,,,4601937
2026-07-02T18:30:20.723745,2026-07-02T18:30:20.730727+00:00,124.8,50,bid,,,4601957
2026-07-02T18:30:21.616019,2026-07-02T18:30:21.627485+00:00,124.8,49,bid,,,4601971
2026-07-02T18:30:22.165057,2026-07-02T18:30:22.173577+00:00,124.7,12,ask,,,4601981
2026-07-02T18:30:22.670497,2026-07-02T18:30:22.678583+00:00,124.7,11,ask,,,4601990
2026-07-02T18:30:22.832498,2026-07-02T18:30:22.844120+00:00,124.8,50,bid,,,4601994
2026-07-02T18:30:23.249772,2026-07-02T18:30:23.258589+00:00,124.7,6,ask,,,4602009
2026-07-02T18:30:23.301240,2026-07-02T18:30:23.312664+00:00,124.7,5,ask,,,4602011
2026-07-02T18:30:23.345756,2026-07-02T18:30:23.351997+00:00,124.7,5,ask,,,4602013
2026-07-02T18:30:23.651669,2026-07-02T18:30:23.655580+00:00,124.7,5,ask,,,4602017
2026-07-02T18:30:24.139181,2026-07-02T18:30:24.150164+00:00,124.7,5,ask,,,4602025
2026-07-02T18:30:24.265032,2026-07-02T18:30:24.276859+00:00,124.8,45,bid,,,4602028
2026-07-02T18:30:24.939449,2026-07-02T18:30:24.950909+00:00,124.8,5,bid,,,4602044
2026-07-02T18:30:24.939449,2026-07-02T18:30:24.950909+00:00,125.2,45,bid,,,4602045
2026-07-02T18:30:26.297027,2026-07-02T18:30:26.308202+00:00,124.6,49,ask,,,4602063
2026-07-02T18:30:27.046549,2026-07-02T18:30:27.063956+00:00,124.8,4,bid,,,4602077
2026-07-02T18:30:27.046549,2026-07-02T18:30:27.063956+00:00,125.0,46,bid,,,4602078
2026-07-02T18:30:27.368347,2026-07-02T18:30:27.374822+00:00,124.8,4,bid,,,4602085
2026-07-02T18:30:27.421848,2026-07-02T18:30:27.428367+00:00,124.6,43,ask,,,4602087
2026-07-02T18:30:29.173894,2026-07-02T18:30:29.181364+00:00,124.7,50,bid,,,4602126
2026-07-02T18:30:29.822891,2026-07-02T18:30:29.829699+00:00,124.6,44,ask,,,4602146
2026-07-02T18:30:31.285437,2026-07-02T18:30:31.297177+00:00,124.7,50,bid,,,4602177
2026-07-02T18:30:33.420371,2026-07-02T18:30:33.434655+00:00,124.8,3,bid,,,4602224
2026-07-02T18:30:33.420371,2026-07-02T18:30:33.434655+00:00,125.0,47,bid,,,4602225
2026-07-02T18:30:37.495886,2026-07-02T18:30:37.507615+00:00,124.9,3,bid,,,4602305
2026-07-02T18:30:37.495886,2026-07-02T18:30:37.507615+00:00,125.0,38,bid,,,4602306
2026-07-02T18:30:38.409240,2026-07-02T18:30:38.419081+00:00,124.7,3,ask,,,4602319
2026-07-02T18:30:39.760910,2026-07-02T18:30:39.772384+00:00,125.0,3,bid,,,4602350
2026-07-02T18:30:39.760910,2026-07-02T18:30:39.772384+00:00,125.1,47,bid,,,4602351
2026-07-02T18:30:41.811913,2026-07-02T18:30:41.823860+00:00,125.0,1,bid,,,4602389
2026-07-02T18:30:41.811913,2026-07-02T18:30:41.823860+00:00,125.1,47,bid,,,4602390
2026-07-02T18:30:41.936155,2026-07-02T18:30:41.947690+00:00,124.7,50,ask,,,4602394
2026-07-02T18:30:43.395856,2026-07-02T18:30:43.407240+00:00,124.7,48,ask,,,4602419
2026-07-02T18:30:44.043016,2026-07-02T18:30:44.047853+00:00,124.9,50,ask,,,4602432
2026-07-02T18:30:44.343708,2026-07-02T18:30:44.353485+00:00,124.9,50,ask,,,4602440
2026-07-02T18:30:46.149118,2026-07-02T18:30:46.147756+00:00,124.3,50,ask,,,4602471
2026-07-02T18:30:47.486545,2026-07-02T18:30:47.498162+00:00,124.7,3,ask,,,4602502
2026-07-02T18:30:47.486545,2026-07-02T18:30:47.498162+00:00,124.5,45,ask,,,4602503
2026-07-02T18:30:48.260946,2026-07-02T18:30:48.269468+00:00,124.5,50,ask,,,4602529
2026-07-02T18:30:49.468041,2026-07-02T18:30:49.479726+00:00,124.7,43,bid,,,4602546
2026-07-02T18:30:49.987924,2026-07-02T18:30:49.999415+00:00,124.7,49,bid,,,4602558
2026-07-02T18:30:50.367664,2026-07-02T18:30:50.380361+00:00,124.3,50,ask,,,4602568
2026-07-02T18:30:51.137975,2026-07-02T18:30:51.149536+00:00,124.6,2,ask,,,4602576
2026-07-02T18:30:51.137975,2026-07-02T18:30:51.149536+00:00,124.6,39,ask,,,4602577
2026-07-02T18:30:52.423325,2026-07-02T18:30:52.434935+00:00,124.8,50,bid,,,4602604
2026-07-02T18:30:53.689471,2026-07-02T18:30:53.700901+00:00,124.7,49,bid,,,4602621
2026-07-02T18:30:56.647092,2026-07-02T18:30:56.658619+00:00,124.9,1,bid,,,4602675
2026-07-02T18:30:56.647092,2026-07-02T18:30:56.658619+00:00,124.9,49,bid,,,4602676
2026-07-02T18:30:59.816957,2026-07-02T18:30:59.826751+00:00,124.7,41,ask,,,4602734
2026-07-02T18:31:00.334650,2026-07-02T18:31:00.345467+00:00,124.9,1,bid,,,4602740
2026-07-02T18:31:00.334650,2026-07-02T18:31:00.345467+00:00,125.1,43,bid,,,4602741
2026-07-02T18:31:00.913722,2026-07-02T18:31:00.923567+00:00,124.6,1,ask,,,4602752
2026-07-02T18:31:00.913722,2026-07-02T18:31:00.923567+00:00,124.6,49,ask,,,4602753
2026-07-02T18:31:01.725147,2026-07-02T18:31:01.736753+00:00,124.7,2,ask,,,4602765
2026-07-02T18:31:01.725147,2026-07-02T18:31:01.736753+00:00,124.6,38,ask,,,4602766
2026-07-02T18:31:02.793575,2026-07-02T18:31:02.805269+00:00,124.7,1,ask,,,4602779
2026-07-02T18:31:02.793575,2026-07-02T18:31:02.805269+00:00,124.6,13,ask,,,4602780
2026-07-02T18:31:02.793575,2026-07-02T18:31:02.805269+00:00,124.6,26,ask,,,4602781
2026-07-02T18:31:02.971495,2026-07-02T18:31:02.981109+00:00,125.0,2,bid,,,4602787
2026-07-02T18:31:02.971495,2026-07-02T18:31:02.981109+00:00,125.1,48,bid,,,4602788
2026-07-02T18:31:04.302736,2026-07-02T18:31:04.313228+00:00,124.9,43,bid,,,4602805
2026-07-02T18:31:04.356835,2026-07-02T18:31:04.368907+00:00,124.8,44,ask,,,4602808
2026-07-02T18:31:05.077853,2026-07-02T18:31:05.089978+00:00,124.9,50,bid,,,4602813
2026-07-02T18:31:06.249299,2026-07-02T18:31:06.261000+00:00,125.0,2,bid,,,4602836
2026-07-02T18:31:06.249299,2026-07-02T18:31:06.261000+00:00,125.3,40,bid,,,4602837
2026-07-02T18:31:06.776927,2026-07-02T18:31:06.788381+00:00,125.1,2,bid,,,4602846
2026-07-02T18:31:06.776927,2026-07-02T18:31:06.788381+00:00,125.2,46,bid,,,4602847
2026-07-02T18:31:06.832617,2026-07-02T18:31:06.844400+00:00,124.8,40,ask,,,4602849
2026-07-02T18:31:07.183010,2026-07-02T18:31:07.191073+00:00,125.1,1,bid,,,4602855
2026-07-02T18:31:07.183010,2026-07-02T18:31:07.191073+00:00,125.2,49,bid,,,4602856
2026-07-02T18:31:08.482218,2026-07-02T18:31:08.492894+00:00,125.1,1,bid,,,4602889
2026-07-02T18:31:08.979774,2026-07-02T18:31:08.991446+00:00,124.8,47,ask,,,4602905
2026-07-02T18:31:09.289812,2026-07-02T18:31:09.296907+00:00,125.2,5,bid,,,4602918
2026-07-02T18:31:09.289812,2026-07-02T18:31:09.302111+00:00,125.3,45,bid,,,4602919
2026-07-02T18:31:11.397731,2026-07-02T18:31:11.408698+00:00,125.1,50,bid,,,4602948
2026-07-02T18:31:12.214240,2026-07-02T18:31:12.221515+00:00,125.0,3,ask,,,4602963
2026-07-02T18:31:13.560052,2026-07-02T18:31:13.571692+00:00,124.8,50,ask,,,4603004
2026-07-02T18:31:13.972403,2026-07-02T18:31:13.978297+00:00,125.0,44,bid,,,4603008
2026-07-02T18:31:15.665979,2026-07-02T18:31:15.677503+00:00,124.5,50,ask,,,4603037
2026-07-02T18:31:16.664352,2026-07-02T18:31:16.675768+00:00,125.1,48,bid,,,4603065
2026-07-02T18:31:17.771091,2026-07-02T18:31:17.779567+00:00,124.6,50,ask,,,4603082
2026-07-02T18:31:18.836221,2026-07-02T18:31:18.847887+00:00,124.6,44,ask,,,4603101
2026-07-02T18:31:19.877570,2026-07-02T18:31:19.889003+00:00,124.5,50,ask,,,4603118
2026-07-02T18:31:20.777394,2026-07-02T18:31:20.788731+00:00,124.5,45,ask,,,4603125
2026-07-02T18:31:21.933710,2026-07-02T18:31:21.945482+00:00,124.8,50,bid,,,4603146
2026-07-02T18:31:22.282397,2026-07-02T18:31:22.292099+00:00,124.9,42,bid,,,4603158
2026-07-02T18:31:22.751743,2026-07-02T18:31:22.763567+00:00,124.9,40,bid,,,4603172
2026-07-02T18:31:24.092029,2026-07-02T18:31:24.103654+00:00,124.6,50,ask,,,4603198
2026-07-02T18:31:24.330777,2026-07-02T18:31:24.337301+00:00,124.6,48,ask,,,4603204
2026-07-02T18:31:25.314379,2026-07-02T18:31:25.325981+00:00,124.6,45,ask,,,4603226
2026-07-02T18:31:25.514375,2026-07-02T18:31:25.537323+00:00,124.5,100,ask,,,4603229
2026-07-02T18:31:25.527244,2026-07-02T18:31:25.537323+00:00,124.4,3,bid,,,4603230
2026-07-02T18:31:25.556938,2026-07-02T18:31:25.565677+00:00,124.4,3,bid,,,4603233
2026-07-02T18:31:26.763711,2026-07-02T18:31:26.772575+00:00,124.4,11,bid,,,4603266
2026-07-02T18:31:27.840274,2026-07-02T18:31:27.851820+00:00,124.4,33,bid,,,4603290
2026-07-02T18:31:27.840274,2026-07-02T18:31:27.851820+00:00,125.0,12,bid,,,4603291
2026-07-02T18:31:27.900936,2026-07-02T18:31:27.911310+00:00,125.0,11,bid,,,4603297
2026-07-02T18:31:28.251897,2026-07-02T18:31:28.258589+00:00,125.0,50,bid,,,4603305
2026-07-02T18:31:28.493855,2026-07-02T18:31:28.503780+00:00,124.5,11,ask,,,4603312
2026-07-02T18:31:28.640124,2026-07-02T18:31:28.657988+00:00,124.7,14,ask,,,4603314
2026-07-02T18:31:29.844360,2026-07-02T18:31:29.856066+00:00,125.0,46,bid,,,4603338
2026-07-02T18:31:30.409787,2026-07-02T18:31:30.416054+00:00,124.7,50,ask,,,4603346
2026-07-02T18:31:31.845059,2026-07-02T18:31:31.856638+00:00,124.7,5,ask,,,4603372
2026-07-02T18:31:32.315788,2026-07-02T18:31:32.323985+00:00,124.7,5,bid,,,4603386
2026-07-02T18:31:32.465188,2026-07-02T18:31:32.475899+00:00,124.7,50,bid,,,4603392
2026-07-02T18:31:34.330609,2026-07-02T18:31:34.340068+00:00,124.7,5,bid,,,4603425
2026-07-02T18:31:36.725492,2026-07-02T18:31:36.733738+00:00,124.6,5,ask,,,4603463
2026-07-02T18:31:36.725492,2026-07-02T18:31:36.733738+00:00,124.6,45,ask,,,4603464
2026-07-02T18:31:37.657423,2026-07-02T18:31:37.666086+00:00,124.7,3,ask,,,4603473
2026-07-02T18:31:37.881022,2026-07-02T18:31:37.890340+00:00,124.7,1,ask,,,4603475
2026-07-02T18:31:37.901851,2026-07-02T18:31:37.908877+00:00,124.7,4,bid,,,4603476
2026-07-02T18:31:38.839819,2026-07-02T18:31:38.848929+00:00,124.7,3,bid,,,4603493
2026-07-02T18:31:38.842944,2026-07-02T18:31:38.858615+00:00,124.4,50,ask,,,4603494
2026-07-02T18:31:40.051122,2026-07-02T18:31:40.058583+00:00,124.4,46,ask,,,4603515
2026-07-02T18:31:40.949336,2026-07-02T18:31:40.958581+00:00,124.4,50,ask,,,4603544
2026-07-02T18:31:41.350680,2026-07-02T18:31:41.364504+00:00,124.2,3,bid,,,4603552
2026-07-02T18:31:42.119364,2026-07-02T18:31:42.130917+00:00,124.1,45,ask,,,4603566
2026-07-02T18:31:43.060400,2026-07-02T18:31:43.069923+00:00,124.1,50,ask,,,4603588
2026-07-02T18:31:43.633849,2026-07-02T18:31:43.645155+00:00,124.2,41,bid,,,4603596
2026-07-02T18:31:45.166168,2026-07-02T18:31:45.177633+00:00,123.9,50,ask,,,4603634
2026-07-02T18:31:47.410468,2026-07-02T18:31:47.418842+00:00,124.2,3,bid,,,4603674
2026-07-02T18:31:49.378713,2026-07-02T18:31:49.385296+00:00,124.0,50,ask,,,4603705
2026-07-02T18:31:51.492285,2026-07-02T18:31:51.503411+00:00,123.8,50,ask,,,4603738
2026-07-02T18:31:52.374343,2026-07-02T18:31:52.385984+00:00,124.2,3,bid,,,4603750
2026-07-02T18:31:53.209176,2026-07-02T18:31:53.220600+00:00,124.2,3,bid,,,4603768
2026-07-02T18:31:53.547533,2026-07-02T18:31:53.558547+00:00,124.2,50,bid,,,4603776
2026-07-02T18:31:54.936052,2026-07-02T18:31:54.944694+00:00,124.1,3,bid,,,4603803
2026-07-02T18:31:54.992521,2026-07-02T18:31:55.002268+00:00,124.1,3,bid,,,4603804
2026-07-02T18:31:55.714908,2026-07-02T18:31:55.729695+00:00,123.9,50,ask,,,4603818
2026-07-02T18:31:55.867696,2026-07-02T18:31:55.879156+00:00,124.1,45,bid,,,4603823
2026-07-02T18:31:55.930707,2026-07-02T18:31:55.939314+00:00,124.1,4,bid,,,4603824
2026-07-02T18:31:55.976357,2026-07-02T18:31:55.987840+00:00,124.1,3,bid,,,4603825
2026-07-02T18:31:56.004285,2026-07-02T18:31:56.011184+00:00,124.1,3,bid,,,4603828
2026-07-02T18:31:56.204807,2026-07-02T18:31:56.216277+00:00,124.1,3,bid,,,4603829
2026-07-02T18:31:56.223597,2026-07-02T18:31:56.235211+00:00,124.1,3,bid,,,4603830
2026-07-02T18:31:56.246060,2026-07-02T18:31:56.258544+00:00,124.1,3,bid,,,4603831
2026-07-02T18:31:56.273339,2026-07-02T18:31:56.284633+00:00,124.1,3,bid,,,4603832
2026-07-02T18:31:56.322068,2026-07-02T18:31:56.330901+00:00,124.1,3,bid,,,4603834
2026-07-02T18:31:56.972259,2026-07-02T18:31:56.983811+00:00,123.9,40,ask,,,4603843
2026-07-02T18:31:57.819982,2026-07-02T18:31:57.831175+00:00,123.8,50,ask,,,4603856
2026-07-02T18:31:58.530199,2026-07-02T18:31:58.537077+00:00,124.1,46,bid,,,4603866
2026-07-02T18:31:59.459647,2026-07-02T18:31:59.467747+00:00,124.1,11,bid,,,4603882
2026-07-02T18:31:59.516375,2026-07-02T18:31:59.528037+00:00,124.1,47,bid,,,4603884
2026-07-02T18:31:59.876546,2026-07-02T18:31:59.888380+00:00,124.1,46,bid,,,4603893
2026-07-02T18:31:59.876546,2026-07-02T18:31:59.888380+00:00,124.3,4,bid,,,4603894
2026-07-02T18:32:00.277231,2026-07-02T18:32:00.289269+00:00,124.2,100,bid,,,4603906
2026-07-02T18:32:00.466189,2026-07-02T18:32:00.477898+00:00,124.2,40,ask,,,4603908
2026-07-02T18:32:01.594903,2026-07-02T18:32:01.606661+00:00,124.2,10,ask,,,4603919
2026-07-02T18:32:01.594903,2026-07-02T18:32:01.606661+00:00,124.0,3,ask,,,4603920
2026-07-02T18:32:01.594903,2026-07-02T18:32:01.606661+00:00,123.7,30,ask,,,4603921
2026-07-02T18:32:02.010772,2026-07-02T18:32:02.021981+00:00,124.4,2,bid,,,4603922
2026-07-02T18:32:02.010772,2026-07-02T18:32:02.021981+00:00,124.7,48,bid,,,4603923
2026-07-02T18:32:03.103288,2026-07-02T18:32:03.114748+00:00,124.3,2,bid,,,4603948
2026-07-02T18:32:03.103288,2026-07-02T18:32:03.114748+00:00,124.7,47,bid,,,4603949
2026-07-02T18:32:04.156524,2026-07-02T18:32:04.158293+00:00,124.0,3,ask,,,4603960
2026-07-02T18:32:04.156524,2026-07-02T18:32:04.169476+00:00,124.0,45,ask,,,4603961
2026-07-02T18:32:04.174731,2026-07-02T18:32:04.184970+00:00,124.0,50,ask,,,4603965
2026-07-02T18:32:05.051131,2026-07-02T18:32:05.063710+00:00,124.3,1,bid,,,4603976
2026-07-02T18:32:05.051131,2026-07-02T18:32:05.063710+00:00,124.5,43,bid,,,4603977
2026-07-02T18:32:06.289982,2026-07-02T18:32:06.301204+00:00,124.0,50,ask,,,4604004
2026-07-02T18:32:07.670851,2026-07-02T18:32:07.682325+00:00,124.0,4,ask,,,4604031
2026-07-02T18:32:07.670851,2026-07-02T18:32:07.682325+00:00,123.8,36,ask,,,4604032
2026-07-02T18:32:08.140583,2026-07-02T18:32:08.151960+00:00,124.3,48,bid,,,4604043
2026-07-02T18:32:08.421438,2026-07-02T18:32:08.436610+00:00,123.8,50,ask,,,4604051
2026-07-02T18:32:08.690386,2026-07-02T18:32:08.702097+00:00,123.8,14,ask,,,4604056
2026-07-02T18:32:08.690386,2026-07-02T18:32:08.702097+00:00,123.8,35,ask,,,4604057
2026-07-02T18:32:10.527891,2026-07-02T18:32:10.539818+00:00,124.0,6,ask,,,4604096
2026-07-02T18:32:10.527891,2026-07-02T18:32:10.539818+00:00,123.8,44,ask,,,4604097
2026-07-02T18:32:10.636983,2026-07-02T18:32:10.648617+00:00,124.3,40,bid,,,4604102
2026-07-02T18:32:13.226938,2026-07-02T18:32:13.238531+00:00,124.1,43,bid,,,4604148
2026-07-02T18:32:14.395991,2026-07-02T18:32:14.407486+00:00,124.0,1,ask,,,4604166
2026-07-02T18:32:14.395991,2026-07-02T18:32:14.407486+00:00,123.6,48,ask,,,4604167
2026-07-02T18:32:14.772866,2026-07-02T18:32:14.784525+00:00,123.6,50,ask,,,4604183
2026-07-02T18:32:15.439420,2026-07-02T18:32:15.447319+00:00,124.1,12,bid,,,4604198
2026-07-02T18:32:15.626379,2026-07-02T18:32:15.636025+00:00,123.9,3,ask,,,4604202
2026-07-02T18:32:18.652529,2026-07-02T18:32:18.658530+00:00,124.1,44,bid,,,4604283
2026-07-02T18:32:18.984553,2026-07-02T18:32:19.008848+00:00,123.9,2,ask,,,4604290
2026-07-02T18:32:18.984553,2026-07-02T18:32:19.008848+00:00,123.8,48,ask,,,4604291
2026-07-02T18:32:19.369973,2026-07-02T18:32:19.381459+00:00,124.0,11,bid,,,4604297
2026-07-02T18:32:20.039087,2026-07-02T18:32:20.046961+00:00,124.0,12,bid,,,4604316
2026-07-02T18:32:20.529353,2026-07-02T18:32:20.537285+00:00,124.0,11,bid,,,4604327
2026-07-02T18:32:21.094871,2026-07-02T18:32:21.106443+00:00,123.6,50,ask,,,4604336
2026-07-02T18:32:21.197506,2026-07-02T18:32:21.208897+00:00,124.0,48,bid,,,4604341
2026-07-02T18:32:23.203985,2026-07-02T18:32:23.215608+00:00,124.1,50,ask,,,4604385
2026-07-02T18:32:26.122930,2026-07-02T18:32:26.134575+00:00,123.9,47,ask,,,4604437
2026-07-02T18:32:27.141307,2026-07-02T18:32:27.152715+00:00,123.9,43,ask,,,4604447
2026-07-02T18:32:27.780004,2026-07-02T18:32:27.791472+00:00,124.2,2,bid,,,4604466
2026-07-02T18:32:27.780004,2026-07-02T18:32:27.791472+00:00,124.3,42,bid,,,4604467
2026-07-02T18:32:28.811633,2026-07-02T18:32:28.823030+00:00,124.0,100,ask,,,4604479
2026-07-02T18:32:29.471167,2026-07-02T18:32:29.478932+00:00,124.0,50,bid,,,4604494
2026-07-02T18:32:31.632466,2026-07-02T18:32:31.644155+00:00,123.9,2,ask,,,4604527
2026-07-02T18:32:31.632466,2026-07-02T18:32:31.644155+00:00,123.5,48,ask,,,4604528
2026-07-02T18:32:31.883934,2026-07-02T18:32:31.895444+00:00,123.9,3,ask,,,4604530
2026-07-02T18:32:31.883934,2026-07-02T18:32:31.895444+00:00,123.5,39,ask,,,4604531
2026-07-02T18:32:33.689733,2026-07-02T18:32:33.700521+00:00,124.0,50,bid,,,4604572
2026-07-02T18:32:34.856584,2026-07-02T18:32:34.864591+00:00,123.9,3,ask,,,4604595
2026-07-02T18:32:34.925737,2026-07-02T18:32:34.935066+00:00,123.9,3,bid,,,4604597
2026-07-02T18:32:35.116234,2026-07-02T18:32:35.125886+00:00,123.9,44,bid,,,4604604
2026-07-02T18:32:35.802141,2026-07-02T18:32:35.811673+00:00,123.9,50,bid,,,4604621
2026-07-02T18:32:36.174231,2026-07-02T18:32:36.184547+00:00,123.8,3,ask,,,4604625
2026-07-02T18:32:36.174231,2026-07-02T18:32:36.184547+00:00,123.7,39,ask,,,4604626
2026-07-02T18:32:37.166878,2026-07-02T18:32:37.175290+00:00,124.2,2,bid,,,4604654
2026-07-02T18:32:37.166878,2026-07-02T18:32:37.175290+00:00,124.2,41,bid,,,4604655
2026-07-02T18:32:37.909491,2026-07-02T18:32:37.920793+00:00,124.2,50,bid,,,4604671
2026-07-02T18:32:38.250412,2026-07-02T18:32:38.256904+00:00,124.1,2,bid,,,4604679
2026-07-02T18:32:40.017684,2026-07-02T18:32:40.025275+00:00,124.5,50,bid,,,4604714
2026-07-02T18:32:40.376059,2026-07-02T18:32:40.384158+00:00,124.2,11,ask,,,4604721
2026-07-02T18:32:42.126209,2026-07-02T18:32:42.135177+00:00,124.6,50,bid,,,4604757
2026-07-02T18:32:44.095072,2026-07-02T18:32:44.106505+00:00,124.1,42,ask,,,4604805
2026-07-02T18:32:44.233868,2026-07-02T18:32:44.244780+00:00,124.6,50,bid,,,4604815
2026-07-02T18:32:44.311184,2026-07-02T18:32:44.321708+00:00,124.3,12,ask,,,4604821
2026-07-02T18:32:46.343643,2026-07-02T18:32:46.358590+00:00,124.8,50,bid,,,4604866
2026-07-02T18:32:46.724458,2026-07-02T18:32:46.731973+00:00,124.3,46,ask,,,4604880
2026-07-02T18:32:48.240678,2026-07-02T18:32:48.250359+00:00,124.4,3,bid,,,4604901
2026-07-02T18:32:48.240678,2026-07-02T18:32:48.250359+00:00,124.6,37,bid,,,4604902
2026-07-02T18:32:48.451218,2026-07-02T18:32:48.458563+00:00,124.6,50,bid,,,4604907
2026-07-02T18:32:48.760294,2026-07-02T18:32:48.771890+00:00,124.3,46,ask,,,4604918
2026-07-02T18:32:50.558871,2026-07-02T18:32:50.570660+00:00,124.4,2,bid,,,4604939
2026-07-02T18:32:50.558871,2026-07-02T18:32:50.570660+00:00,124.6,13,bid,,,4604940
2026-07-02T18:32:50.558871,2026-07-02T18:32:50.570660+00:00,124.8,35,bid,,,4604941
2026-07-02T18:32:50.638540,2026-07-02T18:32:50.646997+00:00,124.4,11,ask,,,4604944
2026-07-02T18:32:51.775579,2026-07-02T18:32:51.787262+00:00,124.5,2,bid,,,4604962
2026-07-02T18:32:51.775579,2026-07-02T18:32:51.787262+00:00,124.8,38,bid,,,4604963
2026-07-02T18:32:52.670104,2026-07-02T18:32:52.681670+00:00,124.5,2,bid,,,4604990
2026-07-02T18:32:52.670104,2026-07-02T18:32:52.681670+00:00,124.8,48,bid,,,4604991
2026-07-02T18:32:54.070302,2026-07-02T18:32:54.079053+00:00,124.7,12,ask,,,4605024
2026-07-02T18:32:54.145165,2026-07-02T18:32:54.153113+00:00,124.7,9,ask,,,4605027
2026-07-02T18:32:54.777884,2026-07-02T18:32:54.788117+00:00,125.0,50,bid,,,4605036
2026-07-02T18:32:55.149649,2026-07-02T18:32:55.156015+00:00,124.7,5,ask,,,4605045
2026-07-02T18:32:55.221197,2026-07-02T18:32:55.231880+00:00,124.7,5,ask,,,4605046
2026-07-02T18:32:55.433214,2026-07-02T18:32:55.444952+00:00,124.7,4,ask,,,4605047
2026-07-02T18:32:55.532430,2026-07-02T18:32:55.543814+00:00,124.7,4,ask,,,4605049
2026-07-02T18:32:55.606016,2026-07-02T18:32:55.615174+00:00,124.7,4,ask,,,4605054
2026-07-02T18:32:55.672928,2026-07-02T18:32:55.679264+00:00,124.7,4,ask,,,4605058
2026-07-02T18:32:56.156991,2026-07-02T18:32:56.164941+00:00,124.7,5,ask,,,4605065
2026-07-02T18:32:56.235953,2026-07-02T18:32:56.246811+00:00,124.7,4,ask,,,4605067
2026-07-02T18:32:58.985780,2026-07-02T18:32:58.993161+00:00,125.1,50,bid,,,4605136
2026-07-02T18:33:01.154411,2026-07-02T18:33:01.155625+00:00,124.8,50,ask,,,4605188
2026-07-02T18:33:03.264266,2026-07-02T18:33:03.275208+00:00,124.8,42,ask,,,4605245
2026-07-02T18:33:03.264593,2026-07-02T18:33:03.280661+00:00,124.8,50,ask,,,4605246
2026-07-02T18:33:03.603200,2026-07-02T18:33:03.610148+00:00,124.8,100,ask,,,4605260
2026-07-02T18:33:05.281488,2026-07-02T18:33:05.289749+00:00,124.8,47,bid,,,4605306
2026-07-02T18:33:05.394027,2026-07-02T18:33:05.405545+00:00,124.3,50,ask,,,4605311
2026-07-02T18:33:07.503978,2026-07-02T18:33:07.515161+00:00,124.6,50,ask,,,4605368
2026-07-02T18:33:09.637851,2026-07-02T18:33:09.647742+00:00,124.6,50,ask,,,4605409
2026-07-02T18:33:09.889812,2026-07-02T18:33:09.899997+00:00,124.2,48,ask,,,4605419
2026-07-02T18:33:10.532213,2026-07-02T18:33:10.540925+00:00,124.5,21,bid,,,4605429
2026-07-02T18:33:10.859538,2026-07-02T18:33:10.867013+00:00,124.5,11,bid,,,4605434
2026-07-02T18:33:11.693939,2026-07-02T18:33:11.705581+00:00,124.5,50,bid,,,4605458
2026-07-02T18:33:13.832575,2026-07-02T18:33:13.841204+00:00,124.5,2,ask,,,4605511
2026-07-02T18:33:13.862200,2026-07-02T18:33:13.873507+00:00,124.4,50,ask,,,4605513
2026-07-02T18:33:14.482936,2026-07-02T18:33:14.503324+00:00,124.4,9,ask,,,4605529
2026-07-02T18:33:14.514323,2026-07-02T18:33:14.523868+00:00,124.6,49,bid,,,4605535
2026-07-02T18:33:15.508424,2026-07-02T18:33:15.516690+00:00,124.5,2,ask,,,4605551
2026-07-02T18:33:15.540839,2026-07-02T18:33:15.552609+00:00,124.6,40,bid,,,4605554
2026-07-02T18:33:15.969385,2026-07-02T18:33:15.976983+00:00,124.6,50,ask,,,4605565
2026-07-02T18:33:16.068583,2026-07-02T18:33:16.080214+00:00,124.6,40,ask,,,4605566
2026-07-02T18:33:16.707867,2026-07-02T18:33:16.719371+00:00,124.6,10,ask,,,4605584
2026-07-02T18:33:16.707867,2026-07-02T18:33:16.719371+00:00,124.5,2,ask,,,4605585
2026-07-02T18:33:16.707867,2026-07-02T18:33:16.719371+00:00,124.3,28,ask,,,4605586
2026-07-02T18:33:18.100259,2026-07-02T18:33:18.109377+00:00,124.5,3,ask,,,4605630
2026-07-02T18:33:20.207564,2026-07-02T18:33:20.219224+00:00,124.2,50,ask,,,4605683
2026-07-02T18:33:21.610982,2026-07-02T18:33:21.619109+00:00,124.6,47,bid,,,4605706
2026-07-02T18:33:22.339332,2026-07-02T18:33:22.347965+00:00,124.5,2,bid,,,4605718
2026-07-02T18:33:22.347032,2026-07-02T18:33:22.358073+00:00,124.1,50,ask,,,4605720
2026-07-02T18:33:22.576410,2026-07-02T18:33:22.587786+00:00,124.2,42,ask,,,4605727
2026-07-02T18:33:23.180010,2026-07-02T18:33:23.191610+00:00,124.5,43,bid,,,4605732
2026-07-02T18:33:23.751994,2026-07-02T18:33:23.758671+00:00,124.2,42,ask,,,4605746
2026-07-02T18:33:24.457476,2026-07-02T18:33:24.464944+00:00,124.2,50,ask,,,4605758
2026-07-02T18:33:25.314717,2026-07-02T18:33:25.326017+00:00,124.5,46,bid,,,4605773
2026-07-02T18:33:25.750690,2026-07-02T18:33:25.759001+00:00,124.0,34,bid,,,4605785
2026-07-02T18:33:26.566007,2026-07-02T18:33:26.577525+00:00,123.5,50,ask,,,4605797
2026-07-02T18:33:27.582290,2026-07-02T18:33:27.591018+00:00,124.0,11,bid,,,4605810
2026-07-02T18:33:27.692301,2026-07-02T18:33:27.703312+00:00,124.0,4,bid,,,4605814
2026-07-02T18:33:27.891294,2026-07-02T18:33:27.898141+00:00,123.5,4,ask,,,4605818
2026-07-02T18:33:28.672193,2026-07-02T18:33:28.683743+00:00,123.9,50,ask,,,4605834
2026-07-02T18:33:28.692388,2026-07-02T18:33:28.699128+00:00,124.4,4,bid,,,4605836
2026-07-02T18:33:28.713772,2026-07-02T18:33:28.724991+00:00,124.4,43,bid,,,4605840
2026-07-02T18:33:29.777892,2026-07-02T18:33:29.786138+00:00,124.2,1,ask,,,4605864
2026-07-02T18:33:30.728737,2026-07-02T18:33:30.738336+00:00,124.4,50,bid,,,4605885
2026-07-02T18:33:30.813967,2026-07-02T18:33:30.822231+00:00,124.2,1,ask,,,4605890
2026-07-02T18:33:30.875068,2026-07-02T18:33:30.883686+00:00,124.2,1,ask,,,4605893
2026-07-02T18:33:31.815505,2026-07-02T18:33:31.823226+00:00,124.2,1,ask,,,4605914
2026-07-02T18:33:34.944362,2026-07-02T18:33:34.954906+00:00,124.3,50,bid,,,4605990
2026-07-02T18:33:37.424969,2026-07-02T18:33:37.436461+00:00,123.9,41,ask,,,4606041
2026-07-02T18:33:39.212322,2026-07-02T18:33:39.227688+00:00,124.1,50,ask,,,4606075
2026-07-02T18:33:39.563926,2026-07-02T18:33:39.575509+00:00,124.4,44,bid,,,4606089
2026-07-02T18:33:41.320349,2026-07-02T18:33:41.328692+00:00,124.2,50,ask,,,4606113
2026-07-02T18:33:41.576205,2026-07-02T18:33:41.588045+00:00,124.2,44,ask,,,4606118
2026-07-02T18:33:42.504372,2026-07-02T18:33:42.514526+00:00,124.2,6,ask,,,4606137
2026-07-02T18:33:42.504372,2026-07-02T18:33:42.514526+00:00,124.1,5,ask,,,4606138
2026-07-02T18:33:42.504372,2026-07-02T18:33:42.514526+00:00,124.1,30,ask,,,4606139
2026-07-02T18:33:43.426349,2026-07-02T18:33:43.437775+00:00,124.1,50,ask,,,4606162
2026-07-02T18:33:45.533153,2026-07-02T18:33:45.544499+00:00,123.9,50,ask,,,4606202
2026-07-02T18:33:47.259772,2026-07-02T18:33:47.269036+00:00,124.1,3,ask,,,4606240
2026-07-02T18:33:47.640033,2026-07-02T18:33:47.646833+00:00,123.7,50,ask,,,4606250
2026-07-02T18:33:47.891993,2026-07-02T18:33:47.904123+00:00,123.7,19,bid,,,4606256
2026-07-02T18:33:48.569954,2026-07-02T18:33:48.578480+00:00,123.7,11,bid,,,4606275
2026-07-02T18:33:49.747011,2026-07-02T18:33:49.753197+00:00,123.5,50,ask,,,4606307
2026-07-02T18:33:51.326181,2026-07-02T18:33:51.334705+00:00,123.5,4,ask,,,4606350
2026-07-02T18:33:52.559592,2026-07-02T18:33:52.569055+00:00,123.9,47,bid,,,4606372
2026-07-02T18:33:53.318538,2026-07-02T18:33:53.325282+00:00,123.9,4,bid,,,4606398
2026-07-02T18:33:53.510522,2026-07-02T18:33:53.521866+00:00,123.9,48,bid,,,4606401
2026-07-02T18:33:53.904843,2026-07-02T18:33:53.916242+00:00,124.0,50,bid,,,4606409
2026-07-02T18:33:54.122415,2026-07-02T18:33:54.130484+00:00,123.4,4,ask,,,4606415
2026-07-02T18:33:55.119856,2026-07-02T18:33:55.127094+00:00,123.8,4,bid,,,4606440
2026-07-02T18:33:56.012154,2026-07-02T18:33:56.018506+00:00,123.8,50,bid,,,4606450
2026-07-02T18:33:56.520613,2026-07-02T18:33:56.528006+00:00,123.4,4,ask,,,4606470
2026-07-02T18:33:57.004006,2026-07-02T18:33:57.015735+00:00,123.3,46,ask,,,4606479
2026-07-02T18:33:57.923483,2026-07-02T18:33:57.930473+00:00,124.0,4,bid,,,4606501
2026-07-02T18:33:58.116949,2026-07-02T18:33:58.128768+00:00,124.0,50,bid,,,4606506
2026-07-02T18:33:59.160206,2026-07-02T18:33:59.171523+00:00,123.5,4,ask,,,4606518
2026-07-02T18:33:59.471739,2026-07-02T18:33:59.483264+00:00,124.0,46,bid,,,4606520
2026-07-02T18:33:59.471739,2026-07-02T18:33:59.483264+00:00,124.0,2,bid,,,4606521
2026-07-02T18:34:00.212064,2026-07-02T18:34:00.221991+00:00,123.9,23,ask,,,4606529
2026-07-02T18:34:00.224572,2026-07-02T18:34:00.237666+00:00,124.0,4,bid,,,4606531
2026-07-02T18:34:00.224572,2026-07-02T18:34:00.237666+00:00,124.0,46,bid,,,4606532
2026-07-02T18:34:00.363385,2026-07-02T18:34:00.381433+00:00,124.0,4,bid,,,4606539
2026-07-02T18:34:00.373575,2026-07-02T18:34:00.381433+00:00,123.9,22,ask,,,4606542
2026-07-02T18:34:00.764833,2026-07-02T18:34:00.773851+00:00,123.9,4,ask,,,4606555
2026-07-02T18:34:02.062360,2026-07-02T18:34:02.073967+00:00,123.9,41,ask,,,4606574
2026-07-02T18:34:02.385000,2026-07-02T18:34:02.396438+00:00,123.9,10,ask,,,4606579
2026-07-02T18:34:02.564837,2026-07-02T18:34:02.575801+00:00,124.0,6,bid,,,4606583
2026-07-02T18:34:02.564837,2026-07-02T18:34:02.575801+00:00,124.0,4,bid,,,4606584
2026-07-02T18:34:02.675184,2026-07-02T18:34:02.685165+00:00,124.0,49,bid,,,4606585
2026-07-02T18:34:02.763192,2026-07-02T18:34:02.770421+00:00,124.0,9,bid,,,4606588
2026-07-02T18:34:02.963420,2026-07-02T18:34:02.970779+00:00,124.0,7,bid,,,4606599
2026-07-02T18:34:03.972579,2026-07-02T18:34:03.982861+00:00,123.8,22,ask,,,4606618
2026-07-02T18:34:04.490850,2026-07-02T18:34:04.502626+00:00,123.8,50,ask,,,4606632
2026-07-02T18:34:05.101983,2026-07-02T18:34:05.111878+00:00,123.8,44,ask,,,4606647
2026-07-02T18:34:05.616145,2026-07-02T18:34:05.624454+00:00,123.9,11,bid,,,4606660
2026-07-02T18:34:06.545888,2026-07-02T18:34:06.558582+00:00,124.0,5,bid,,,4606694
2026-07-02T18:34:06.545888,2026-07-02T18:34:06.558582+00:00,124.3,45,bid,,,4606695
2026-07-02T18:34:07.324736,2026-07-02T18:34:07.335330+00:00,123.8,41,ask,,,4606721
2026-07-02T18:34:08.651752,2026-07-02T18:34:08.663599+00:00,124.1,50,bid,,,4606752
2026-07-02T18:34:10.757482,2026-07-02T18:34:10.768881+00:00,124.1,50,bid,,,4606797
2026-07-02T18:34:12.865109,2026-07-02T18:34:12.874762+00:00,124.1,50,bid,,,4606842
2026-07-02T18:34:13.048859,2026-07-02T18:34:13.063984+00:00,124.1,45,bid,,,4606845
2026-07-02T18:34:13.137372,2026-07-02T18:34:13.148363+00:00,124.2,11,ask,,,4606850
2026-07-02T18:34:13.483435,2026-07-02T18:34:13.491728+00:00,124.2,12,ask,,,4606861
2026-07-02T18:34:14.387043,2026-07-02T18:34:14.396371+00:00,124.2,4,ask,,,4606873
2026-07-02T18:34:14.764558,2026-07-02T18:34:14.774810+00:00,124.2,49,ask,,,4606887
2026-07-02T18:34:14.796720,2026-07-02T18:34:14.805352+00:00,124.2,11,ask,,,4606889
2026-07-02T18:34:14.971613,2026-07-02T18:34:14.983115+00:00,124.3,50,bid,,,4606893
2026-07-02T18:34:15.504257,2026-07-02T18:34:15.512094+00:00,124.2,4,ask,,,4606899
2026-07-02T18:34:15.570912,2026-07-02T18:34:15.577222+00:00,124.2,4,ask,,,4606900
2026-07-02T18:34:17.079110,2026-07-02T18:34:17.090820+00:00,124.1,50,bid,,,4606934
2026-07-02T18:34:17.446966,2026-07-02T18:34:17.458582+00:00,124.1,42,bid,,,4606944
2026-07-02T18:34:18.721086,2026-07-02T18:34:18.729725+00:00,124.1,23,bid,,,4606962
2026-07-02T18:34:19.190086,2026-07-02T18:34:19.201707+00:00,124.1,35,bid,,,4606975
2026-07-02T18:34:19.190086,2026-07-02T18:34:19.201707+00:00,124.2,3,bid,,,4606976
2026-07-02T18:34:19.452091,2026-07-02T18:34:19.463675+00:00,124.5,100,bid,,,4606986
2026-07-02T18:34:19.518463,2026-07-02T18:34:19.526615+00:00,124.5,23,ask,,,4606987
2026-07-02T18:34:20.028614,2026-07-02T18:34:20.036541+00:00,124.5,23,ask,,,4606993
2026-07-02T18:34:21.297744,2026-07-02T18:34:21.304690+00:00,125.0,50,bid,,,4607013
2026-07-02T18:34:23.211486,2026-07-02T18:34:23.222908+00:00,124.1,42,ask,,,4607053
2026-07-02T18:34:23.417943,2026-07-02T18:34:23.429255+00:00,124.5,50,bid,,,4607054
2026-07-02T18:34:23.684799,2026-07-02T18:34:23.694442+00:00,124.5,47,bid,,,4607058
2026-07-02T18:34:24.278123,2026-07-02T18:34:24.289712+00:00,124.1,44,ask,,,4607072
2026-07-02T18:34:24.822797,2026-07-02T18:34:24.830056+00:00,124.5,49,bid,,,4607084
2026-07-02T18:34:24.877620,2026-07-02T18:34:24.888053+00:00,124.1,14,ask,,,4607085
2026-07-02T18:34:24.877620,2026-07-02T18:34:24.888053+00:00,124.0,3,ask,,,4607086
2026-07-02T18:34:24.877620,2026-07-02T18:34:24.888053+00:00,124.0,29,ask,,,4607087
2026-07-02T18:34:25.405528,2026-07-02T18:34:25.416318+00:00,124.0,44,ask,,,4607094
2026-07-02T18:34:25.524151,2026-07-02T18:34:25.531293+00:00,124.5,4,bid,,,4607097
2026-07-02T18:34:26.571998,2026-07-02T18:34:26.580275+00:00,124.4,11,bid,,,4607117
2026-07-02T18:34:27.636597,2026-07-02T18:34:27.648665+00:00,124.4,50,bid,,,4607140
2026-07-02T18:34:29.743155,2026-07-02T18:34:29.754926+00:00,124.6,50,bid,,,4607187
2026-07-02T18:34:31.855106,2026-07-02T18:34:31.858598+00:00,124.8,50,bid,,,4607228
2026-07-02T18:34:32.101791,2026-07-02T18:34:32.110125+00:00,124.8,100,bid,,,4607235
2026-07-02T18:34:32.646177,2026-07-02T18:34:32.657646+00:00,125.3,47,bid,,,4607249
2026-07-02T18:34:33.091859,2026-07-02T18:34:33.107144+00:00,124.8,11,ask,,,4607256
2026-07-02T18:34:33.190680,2026-07-02T18:34:33.198000+00:00,124.8,3,ask,,,4607270
2026-07-02T18:34:33.962486,2026-07-02T18:34:33.971548+00:00,125.3,50,bid,,,4607291
2026-07-02T18:34:41.251545,2026-07-02T18:34:41.258380+00:00,124.7,49,ask,,,4607451
2026-07-02T18:34:41.670678,2026-07-02T18:34:41.679108+00:00,124.8,2,bid,,,4607469
2026-07-02T18:34:42.352344,2026-07-02T18:34:42.363922+00:00,125.2,46,bid,,,4607493
2026-07-02T18:34:42.440456,2026-07-02T18:34:42.451808+00:00,124.7,50,ask,,,4607496
2026-07-02T18:34:44.495624,2026-07-02T18:34:44.506951+00:00,125.2,50,bid,,,4607542
2026-07-02T18:34:44.759615,2026-07-02T18:34:44.767597+00:00,124.9,2,ask,,,4607554
2026-07-02T18:34:46.603045,2026-07-02T18:34:46.614813+00:00,125.2,50,bid,,,4607593
2026-07-02T18:34:46.829659,2026-07-02T18:34:46.838457+00:00,124.9,46,ask,,,4607595
2026-07-02T18:34:47.847107,2026-07-02T18:34:47.855019+00:00,125.3,44,bid,,,4607618
2026-07-02T18:34:48.765392,2026-07-02T18:34:48.776776+00:00,124.8,50,ask,,,4607645
2026-07-02T18:34:50.820887,2026-07-02T18:34:50.832267+00:00,125.3,50,bid,,,4607682
2026-07-02T18:34:50.927292,2026-07-02T18:34:50.938725+00:00,124.8,41,ask,,,4607683
2026-07-02T18:34:51.421771,2026-07-02T18:34:51.432100+00:00,124.9,45,bid,,,4607689
2026-07-02T18:34:52.574313,2026-07-02T18:34:52.584026+00:00,124.6,6,ask,,,4607721
2026-07-02T18:34:52.574313,2026-07-02T18:34:52.584026+00:00,124.4,36,ask,,,4607722
2026-07-02T18:34:52.927097,2026-07-02T18:34:52.938583+00:00,124.9,50,bid,,,4607728
2026-07-02T18:34:53.969394,2026-07-02T18:34:53.981035+00:00,124.9,100,bid,,,4607742
2026-07-02T18:34:54.259576,2026-07-02T18:34:54.297311+00:00,125.1,3,ask,,,4607746
2026-07-02T18:34:54.418418,2026-07-02T18:34:54.427462+00:00,125.1,4,ask,,,4607752
2026-07-02T18:34:54.564049,2026-07-02T18:34:54.575639+00:00,125.1,43,ask,,,4607755
2026-07-02T18:34:55.035733,2026-07-02T18:34:55.047222+00:00,125.4,50,bid,,,4607758
2026-07-02T18:34:55.039928,2026-07-02T18:34:55.047222+00:00,125.4,41,bid,,,4607759
2026-07-02T18:34:57.193464,2026-07-02T18:34:57.200272+00:00,125.1,50,ask,,,4607811
2026-07-02T18:34:57.421829,2026-07-02T18:34:57.431781+00:00,125.4,4,bid,,,4607813
2026-07-02T18:34:57.822776,2026-07-02T18:34:57.829302+00:00,124.9,4,ask,,,4607825
2026-07-02T18:34:58.031546,2026-07-02T18:34:58.039272+00:00,125.2,7,bid,,,4607832
2026-07-02T18:34:58.889062,2026-07-02T18:34:58.958777+00:00,124.9,40,ask,,,4607843
2026-07-02T18:34:59.298771,2026-07-02T18:34:59.309058+00:00,124.9,50,ask,,,4607849
2026-07-02T18:35:00.029515,2026-07-02T18:35:00.041010+00:00,125.1,2,bid,,,4607867
2026-07-02T18:35:00.029515,2026-07-02T18:35:00.041010+00:00,125.2,47,bid,,,4607868
2026-07-02T18:35:00.660468,2026-07-02T18:35:00.668534+00:00,125.1,3,bid,,,4607878
2026-07-02T18:35:01.405070,2026-07-02T18:35:01.416533+00:00,125.0,50,ask,,,4607900
2026-07-02T18:35:01.991050,2026-07-02T18:35:02.002874+00:00,125.1,4,bid,,,4607917
2026-07-02T18:35:02.063994,2026-07-02T18:35:02.074954+00:00,125.0,7,ask,,,4607919
2026-07-02T18:35:03.514995,2026-07-02T18:35:03.524399+00:00,125.0,93,ask,,,4607947
2026-07-02T18:35:03.518803,2026-07-02T18:35:03.529461+00:00,124.5,50,ask,,,4607948
2026-07-02T18:35:03.536606,2026-07-02T18:35:03.547971+00:00,125.0,7,bid,,,4607949
2026-07-02T18:35:03.664132,2026-07-02T18:35:03.671431+00:00,125.1,7,bid,,,4607951
2026-07-02T18:35:05.573744,2026-07-02T18:35:05.585610+00:00,124.8,50,bid,,,4607999
2026-07-02T18:35:06.627741,2026-07-02T18:35:06.639575+00:00,124.8,100,bid,,,4608025
2026-07-02T18:35:07.066929,2026-07-02T18:35:07.074764+00:00,125.0,7,ask,,,4608031
2026-07-02T18:35:09.836771,2026-07-02T18:35:09.848631+00:00,125.0,50,ask,,,4608066
2026-07-02T18:35:09.850225,2026-07-02T18:35:09.864115+00:00,125.0,93,ask,,,4608069
2026-07-02T18:35:09.881831,2026-07-02T18:35:09.890616+00:00,125.0,7,bid,,,4608073
2026-07-02T18:35:11.488790,2026-07-02T18:35:11.500458+00:00,124.9,40,bid,,,4608099
2026-07-02T18:35:11.950843,2026-07-02T18:35:11.958559+00:00,124.8,2,ask,,,4608101
2026-07-02T18:35:11.950843,2026-07-02T18:35:11.963802+00:00,124.5,48,ask,,,4608102
2026-07-02T18:35:14.058908,2026-07-02T18:35:14.070618+00:00,124.8,5,ask,,,4608135
2026-07-02T18:35:14.058908,2026-07-02T18:35:14.070618+00:00,124.6,45,ask,,,4608136
2026-07-02T18:35:16.166812,2026-07-02T18:35:16.178128+00:00,124.5,50,ask,,,4608171
2026-07-02T18:35:16.247882,2026-07-02T18:35:16.259542+00:00,124.5,48,ask,,,4608175
2026-07-02T18:35:16.459589,2026-07-02T18:35:16.468132+00:00,124.6,3,bid,,,4608181
2026-07-02T18:35:17.186790,2026-07-02T18:35:17.198502+00:00,124.6,47,bid,,,4608206
2026-07-02T18:35:18.001637,2026-07-02T18:35:18.010543+00:00,124.6,11,bid,,,4608233
2026-07-02T18:35:18.273115,2026-07-02T18:35:18.283972+00:00,124.5,50,ask,,,4608239
2026-07-02T18:35:20.384255,2026-07-02T18:35:20.395461+00:00,124.3,50,ask,,,4608291
2026-07-02T18:35:21.684948,2026-07-02T18:35:21.693947+00:00,124.8,22,bid,,,4608312
2026-07-02T18:35:22.494852,2026-07-02T18:35:22.504212+00:00,124.3,50,ask,,,4608339
2026-07-02T18:35:24.317482,2026-07-02T18:35:24.325961+00:00,124.7,12,bid,,,4608371
2026-07-02T18:35:24.431516,2026-07-02T18:35:24.442922+00:00,124.7,48,bid,,,4608373
2026-07-02T18:35:24.604383,2026-07-02T18:35:24.615730+00:00,124.3,50,ask,,,4608376
2026-07-02T18:35:25.554482,2026-07-02T18:35:25.563986+00:00,124.3,46,ask,,,4608390
2026-07-02T18:35:25.888182,2026-07-02T18:35:25.895575+00:00,124.4,22,ask,,,4608395
2026-07-02T18:35:26.709542,2026-07-02T18:35:26.721347+00:00,124.4,50,ask,,,4608411
2026-07-02T18:35:28.818130,2026-07-02T18:35:28.829526+00:00,124.4,50,ask,,,4608467
2026-07-02T18:35:28.862748,2026-07-02T18:35:28.872003+00:00,124.4,28,ask,,,4608469
2026-07-02T18:35:29.102538,2026-07-02T18:35:29.112615+00:00,124.2,11,bid,,,4608479
2026-07-02T18:35:30.700266,2026-07-02T18:35:30.707037+00:00,124.2,41,bid,,,4608522
2026-07-02T18:35:30.753816,2026-07-02T18:35:30.765413+00:00,123.9,42,ask,,,4608523
2026-07-02T18:35:32.976932,2026-07-02T18:35:32.988340+00:00,124.3,50,bid,,,4608579
2026-07-02T18:35:34.047350,2026-07-02T18:35:34.058593+00:00,124.3,48,bid,,,4608615
2026-07-02T18:35:35.083562,2026-07-02T18:35:35.095327+00:00,124.3,2,bid,,,4608624
2026-07-02T18:35:35.083562,2026-07-02T18:35:35.095327+00:00,124.4,48,bid,,,4608625
2026-07-02T18:35:35.890486,2026-07-02T18:35:35.902271+00:00,124.3,3,ask,,,4608631
2026-07-02T18:35:35.890486,2026-07-02T18:35:35.902271+00:00,124.1,38,ask,,,4608632
2026-07-02T18:35:37.245332,2026-07-02T18:35:37.255986+00:00,124.3,3,ask,,,4608662
2026-07-02T18:35:37.245332,2026-07-02T18:35:37.255986+00:00,124.1,47,ask,,,4608663
2026-07-02T18:35:38.358651,2026-07-02T18:35:38.370361+00:00,124.3,2,ask,,,4608695
2026-07-02T18:35:38.559481,2026-07-02T18:35:38.569078+00:00,124.0,44,ask,,,4608706
2026-07-02T18:35:39.301340,2026-07-02T18:35:39.312772+00:00,124.3,50,bid,,,4608723
2026-07-02T18:35:40.049865,2026-07-02T18:35:40.063381+00:00,124.3,12,bid,,,4608747
2026-07-02T18:35:41.409352,2026-07-02T18:35:41.420763+00:00,124.3,36,bid,,,4608784
2026-07-02T18:35:42.961820,2026-07-02T18:35:42.973210+00:00,124.5,40,bid,,,4608804
2026-07-02T18:35:43.568395,2026-07-02T18:35:43.580022+00:00,124.3,50,ask,,,4608815
2026-07-02T18:35:43.986690,2026-07-02T18:35:43.995343+00:00,124.3,12,ask,,,4608828
2026-07-02T18:35:44.553245,2026-07-02T18:35:44.564100+00:00,124.3,38,ask,,,4608835
2026-07-02T18:35:44.553245,2026-07-02T18:35:44.564100+00:00,124.2,5,ask,,,4608836
2026-07-02T18:35:44.553245,2026-07-02T18:35:44.569115+00:00,124.0,2,ask,,,4608837
2026-07-02T18:35:47.163134,2026-07-02T18:35:47.174729+00:00,124.3,45,bid,,,4608891
2026-07-02T18:35:47.727187,2026-07-02T18:35:47.738480+00:00,124.3,50,bid,,,4608906
2026-07-02T18:35:48.126527,2026-07-02T18:35:48.138037+00:00,124.2,2,ask,,,4608923
2026-07-02T18:35:48.126527,2026-07-02T18:35:48.138037+00:00,124.1,47,ask,,,4608924
2026-07-02T18:35:49.832089,2026-07-02T18:35:49.840998+00:00,124.5,6,bid,,,4608962
2026-07-02T18:35:49.832089,2026-07-02T18:35:49.840998+00:00,124.5,44,bid,,,4608963
2026-07-02T18:35:50.544685,2026-07-02T18:35:50.554259+00:00,124.2,1,ask,,,4608982
2026-07-02T18:35:50.602181,2026-07-02T18:35:50.611668+00:00,124.2,1,ask,,,4608984
2026-07-02T18:35:50.646512,2026-07-02T18:35:50.656137+00:00,124.2,1,ask,,,4608987
2026-07-02T18:35:50.793764,2026-07-02T18:35:50.801680+00:00,124.2,1,ask,,,4608993
2026-07-02T18:35:51.861428,2026-07-02T18:35:51.869513+00:00,124.0,7,ask,,,4609033
2026-07-02T18:35:51.991717,2026-07-02T18:35:52.003186+00:00,124.0,50,ask,,,4609036
2026-07-02T18:35:52.172613,2026-07-02T18:35:52.181081+00:00,124.3,49,bid,,,4609041
2026-07-02T18:35:54.047400,2026-07-02T18:35:54.063867+00:00,124.3,50,bid,,,4609079
2026-07-02T18:35:54.895957,2026-07-02T18:35:54.905218+00:00,123.8,40,ask,,,4609101
2026-07-02T18:35:56.100711,2026-07-02T18:35:56.107419+00:00,124.0,40,bid,,,4609130
2026-07-02T18:35:56.204832,2026-07-02T18:35:56.212907+00:00,123.8,50,ask,,,4609135
2026-07-02T18:35:57.799726,2026-07-02T18:35:57.807258+00:00,123.9,45,bid,,,4609162
2026-07-02T18:36:00.413404,2026-07-02T18:36:00.424727+00:00,123.6,50,ask,,,4609209
2026-07-02T18:36:02.469162,2026-07-02T18:36:02.480216+00:00,123.9,50,bid,,,4609250
2026-07-02T18:36:03.318516,2026-07-02T18:36:03.329898+00:00,123.6,41,ask,,,4609267
2026-07-02T18:36:03.894739,2026-07-02T18:36:03.904425+00:00,123.5,43,ask,,,4609273
2026-07-02T18:36:04.625702,2026-07-02T18:36:04.633551+00:00,123.5,50,ask,,,4609290
2026-07-02T18:36:06.680568,2026-07-02T18:36:06.692032+00:00,124.0,50,bid,,,4609335
2026-07-02T18:36:06.833108,2026-07-02T18:36:06.843542+00:00,123.8,1,ask,,,4609338
2026-07-02T18:36:06.933329,2026-07-02T18:36:06.942055+00:00,123.7,11,bid,,,4609341
2026-07-02T18:36:07.017653,2026-07-02T18:36:07.025169+00:00,123.7,88,bid,,,4609344
2026-07-02T18:36:07.332567,2026-07-02T18:36:07.344199+00:00,124.4,22,bid,,,4609353
2026-07-02T18:36:07.732554,2026-07-02T18:36:07.741760+00:00,123.9,22,ask,,,4609361
2026-07-02T18:36:08.788064,2026-07-02T18:36:08.799491+00:00,124.4,50,bid,,,4609385
2026-07-02T18:36:09.628554,2026-07-02T18:36:09.639961+00:00,123.9,40,ask,,,4609411
2026-07-02T18:36:09.628554,2026-07-02T18:36:09.639961+00:00,123.8,1,ask,,,4609412
2026-07-02T18:36:10.897930,2026-07-02T18:36:10.909672+00:00,123.9,50,bid,,,4609429
2026-07-02T18:36:12.813144,2026-07-02T18:36:12.822483+00:00,123.8,11,ask,,,4609471
2026-07-02T18:36:15.109403,2026-07-02T18:36:15.121258+00:00,123.8,50,bid,,,4609502
2026-07-02T18:36:17.285901,2026-07-02T18:36:17.297369+00:00,123.7,50,ask,,,4609535
2026-07-02T18:36:19.394091,2026-07-02T18:36:19.403496+00:00,123.7,50,ask,,,4609564
2026-07-02T18:36:19.578639,2026-07-02T18:36:19.589521+00:00,123.8,42,bid,,,4609568
2026-07-02T18:36:20.670781,2026-07-02T18:36:20.678206+00:00,123.8,11,bid,,,4609595
2026-07-02T18:36:21.505936,2026-07-02T18:36:21.515266+00:00,123.7,50,ask,,,4609609
2026-07-02T18:36:21.981627,2026-07-02T18:36:21.988690+00:00,123.8,12,bid,,,4609618
2026-07-02T18:36:23.366480,2026-07-02T18:36:23.373661+00:00,124.2,22,bid,,,4609646
2026-07-02T18:36:23.611916,2026-07-02T18:36:23.623864+00:00,123.7,50,ask,,,4609653
2026-07-02T18:36:25.162920,2026-07-02T18:36:25.169767+00:00,123.8,5,ask,,,4609685
2026-07-02T18:36:25.747454,2026-07-02T18:36:25.758597+00:00,123.7,50,ask,,,4609709
2026-07-02T18:36:27.709277,2026-07-02T18:36:27.719371+00:00,124.0,41,bid,,,4609766
2026-07-02T18:36:27.853512,2026-07-02T18:36:27.865021+00:00,123.6,50,ask,,,4609772
2026-07-02T18:36:29.192058,2026-07-02T18:36:29.202650+00:00,123.9,49,ask,,,4609797
2026-07-02T18:36:29.961906,2026-07-02T18:36:29.973344+00:00,123.9,50,ask,,,4609830
2026-07-02T18:36:31.766234,2026-07-02T18:36:31.777886+00:00,124.2,45,bid,,,4609868
2026-07-02T18:36:32.068476,2026-07-02T18:36:32.079637+00:00,123.9,50,ask,,,4609874
2026-07-02T18:36:32.400128,2026-07-02T18:36:32.423370+00:00,123.7,5,ask,,,4609880
2026-07-02T18:36:32.400128,2026-07-02T18:36:32.423370+00:00,123.6,100,ask,,,4609881
2026-07-02T18:36:32.415597,2026-07-02T18:36:32.423370+00:00,123.5,22,bid,,,4609883
2026-07-02T18:36:32.492885,2026-07-02T18:36:32.500732+00:00,123.5,12,bid,,,4609888
2026-07-02T18:36:32.570556,2026-07-02T18:36:32.582116+00:00,123.5,11,bid,,,4609892
2026-07-02T18:36:32.754464,2026-07-02T18:36:32.763656+00:00,124.1,48,bid,,,4609901
2026-07-02T18:36:32.772410,2026-07-02T18:36:32.781325+00:00,123.0,22,ask,,,4609904
2026-07-02T18:36:34.123414,2026-07-02T18:36:34.134874+00:00,124.1,50,bid,,,4609930
2026-07-02T18:36:35.116180,2026-07-02T18:36:35.123375+00:00,123.8,4,ask,,,4609946
2026-07-02T18:36:35.337719,2026-07-02T18:36:35.345142+00:00,123.8,4,ask,,,4609950
2026-07-02T18:36:36.231055,2026-07-02T18:36:36.242767+00:00,124.2,50,bid,,,4609968
2026-07-02T18:36:36.283355,2026-07-02T18:36:36.291358+00:00,123.8,3,ask,,,4609970
2026-07-02T18:36:36.520076,2026-07-02T18:36:36.530055+00:00,123.8,1,ask,,,4609976
2026-07-02T18:36:38.337770,2026-07-02T18:36:38.349256+00:00,124.2,50,bid,,,4610016
2026-07-02T18:36:38.460757,2026-07-02T18:36:38.469320+00:00,124.0,22,ask,,,4610023
2026-07-02T18:36:39.106301,2026-07-02T18:36:39.114989+00:00,124.0,12,ask,,,4610036
2026-07-02T18:36:40.448987,2026-07-02T18:36:40.460668+00:00,124.1,1,bid,,,4610063
2026-07-02T18:36:40.448987,2026-07-02T18:36:40.460668+00:00,124.2,49,bid,,,4610064
2026-07-02T18:36:41.735340,2026-07-02T18:36:41.746656+00:00,123.9,45,ask,,,4610101
2026-07-02T18:36:42.558950,2026-07-02T18:36:42.570631+00:00,124.3,50,bid,,,4610113
2026-07-02T18:36:43.424706,2026-07-02T18:36:43.435388+00:00,123.9,43,ask,,,4610127
2026-07-02T18:36:44.692886,2026-07-02T18:36:44.703662+00:00,124.3,50,bid,,,4610157
2026-07-02T18:36:44.989065,2026-07-02T18:36:44.997889+00:00,124.1,40,bid,,,4610159
2026-07-02T18:36:45.000501,2026-07-02T18:36:45.012131+00:00,124.1,60,bid,,,4610160
2026-07-02T18:36:45.072311,2026-07-02T18:36:45.087142+00:00,124.2,23,ask,,,4610161
2026-07-02T18:36:45.594624,2026-07-02T18:36:45.603428+00:00,124.2,14,ask,,,4610175
2026-07-02T18:36:46.797906,2026-07-02T18:36:46.809479+00:00,124.7,50,bid,,,4610203
2026-07-02T18:36:47.903063,2026-07-02T18:36:47.914394+00:00,124.2,42,ask,,,4610220
2026-07-02T18:36:48.914858,2026-07-02T18:36:48.926421+00:00,124.2,50,bid,,,4610232
2026-07-02T18:36:50.433903,2026-07-02T18:36:50.441853+00:00,123.8,45,ask,,,4610262
2026-07-02T18:36:50.993764,2026-07-02T18:36:51.003629+00:00,124.2,47,bid,,,4610274
2026-07-02T18:36:52.654018,2026-07-02T18:36:52.658548+00:00,124.1,45,bid,,,4610297
2026-07-02T18:36:52.708411,2026-07-02T18:36:52.716124+00:00,124.0,42,ask,,,4610298
2026-07-02T18:36:52.921166,2026-07-02T18:36:52.930002+00:00,124.1,3,bid,,,4610304
2026-07-02T18:36:53.125548,2026-07-02T18:36:53.137175+00:00,124.1,50,bid,,,4610310
2026-07-02T18:36:54.858700,2026-07-02T18:36:54.867411+00:00,124.5,45,bid,,,4610349
2026-07-02T18:36:54.912468,2026-07-02T18:36:54.921300+00:00,124.2,10,ask,,,4610354
2026-07-02T18:36:54.912468,2026-07-02T18:36:54.921300+00:00,124.0,33,ask,,,4610355
2026-07-02T18:36:55.236491,2026-07-02T18:36:55.248116+00:00,124.5,50,bid,,,4610364
2026-07-02T18:36:55.550313,2026-07-02T18:36:55.555281+00:00,124.5,5,bid,,,4610369
2026-07-02T18:36:55.550313,2026-07-02T18:36:55.555281+00:00,124.5,5,bid,,,4610370
2026-07-02T18:36:55.550313,2026-07-02T18:36:55.555281+00:00,124.5,32,bid,,,4610371
2026-07-02T18:36:57.341518,2026-07-02T18:36:57.349434+00:00,124.5,50,bid,,,4610407
2026-07-02T18:36:57.439887,2026-07-02T18:36:57.450799+00:00,124.5,68,bid,,,4610412
2026-07-02T18:36:57.518005,2026-07-02T18:36:57.526572+00:00,124.6,3,ask,,,4610416
2026-07-02T18:36:57.709686,2026-07-02T18:36:57.717191+00:00,124.8,45,ask,,,4610425
2026-07-02T18:36:57.797519,2026-07-02T18:36:57.805909+00:00,124.8,13,ask,,,4610427
2026-07-02T18:36:58.192647,2026-07-02T18:36:58.201240+00:00,124.8,41,ask,,,4610436
2026-07-02T18:36:58.712719,2026-07-02T18:36:58.724258+00:00,125.1,49,bid,,,4610447
2026-07-02T18:36:59.834055,2026-07-02T18:36:59.845736+00:00,124.8,41,ask,,,4610461
2026-07-02T18:37:03.466267,2026-07-02T18:37:03.473297+00:00,124.8,13,bid,,,4610541
2026-07-02T18:37:03.632438,2026-07-02T18:37:03.640959+00:00,124.7,3,bid,,,4610544
2026-07-02T18:37:03.961003,2026-07-02T18:37:03.972507+00:00,124.7,48,ask,,,4610550
2026-07-02T18:37:04.083346,2026-07-02T18:37:04.092653+00:00,124.7,3,ask,,,4610555
2026-07-02T18:37:06.779310,2026-07-02T18:37:06.791158+00:00,125.1,49,bid,,,4610623
2026-07-02T18:37:07.938577,2026-07-02T18:37:07.958766+00:00,124.8,50,ask,,,4610649
2026-07-02T18:37:08.351956,2026-07-02T18:37:08.358547+00:00,124.8,42,ask,,,4610658
2026-07-02T18:37:08.672406,2026-07-02T18:37:08.680014+00:00,124.8,7,ask,,,4610664
2026-07-02T18:37:09.678984,2026-07-02T18:37:09.690594+00:00,124.8,7,ask,,,4610689
2026-07-02T18:37:10.046292,2026-07-02T18:37:10.058601+00:00,124.8,44,ask,,,4610695
2026-07-02T18:37:13.208257,2026-07-02T18:37:13.216069+00:00,124.8,11,bid,,,4610764
2026-07-02T18:37:14.204201,2026-07-02T18:37:14.215761+00:00,124.9,3,bid,,,4610785
2026-07-02T18:37:14.204201,2026-07-02T18:37:14.215761+00:00,125.0,47,bid,,,4610786
2026-07-02T18:37:16.312187,2026-07-02T18:37:16.323919+00:00,124.9,4,bid,,,4610825
2026-07-02T18:37:16.312187,2026-07-02T18:37:16.323919+00:00,125.0,46,bid,,,4610826
2026-07-02T18:37:16.662058,2026-07-02T18:37:16.673707+00:00,125.2,45,bid,,,4610833
2026-07-02T18:37:18.195920,2026-07-02T18:37:18.207534+00:00,125.2,42,bid,,,4610857
2026-07-02T18:37:18.470918,2026-07-02T18:37:18.478813+00:00,124.8,11,ask,,,4610865
2026-07-02T18:37:18.473184,2026-07-02T18:37:18.478813+00:00,124.8,50,ask,,,4610866
2026-07-02T18:37:19.785018,2026-07-02T18:37:19.793862+00:00,124.8,3,ask,,,4610895
2026-07-02T18:37:20.412683,2026-07-02T18:37:20.420991+00:00,124.8,47,ask,,,4610908
2026-07-02T18:37:20.578728,2026-07-02T18:37:20.590111+00:00,124.8,50,ask,,,4610911
2026-07-02T18:37:20.914126,2026-07-02T18:37:20.925779+00:00,124.9,46,bid,,,4610923
2026-07-02T18:37:22.635040,2026-07-02T18:37:22.643072+00:00,124.9,50,bid,,,4610964
2026-07-02T18:37:24.743629,2026-07-02T18:37:24.758594+00:00,124.9,50,bid,,,4611014
2026-07-02T18:37:25.724924,2026-07-02T18:37:25.733010+00:00,124.7,46,ask,,,4611037
2026-07-02T18:37:26.907492,2026-07-02T18:37:26.914320+00:00,124.6,2,ask,,,4611063
2026-07-02T18:37:26.907492,2026-07-02T18:37:26.919468+00:00,124.5,48,ask,,,4611064
2026-07-02T18:37:27.267110,2026-07-02T18:37:27.278698+00:00,124.5,48,ask,,,4611077
2026-07-02T18:37:28.353269,2026-07-02T18:37:28.364101+00:00,125.0,44,bid,,,4611092
2026-07-02T18:37:28.971521,2026-07-02T18:37:28.981151+00:00,125.0,50,bid,,,4611101
2026-07-02T18:37:29.868691,2026-07-02T18:37:29.885127+00:00,124.7,2,ask,,,4611124
2026-07-02T18:37:30.393438,2026-07-02T18:37:30.404946+00:00,125.0,45,bid,,,4611147
2026-07-02T18:37:31.010659,2026-07-02T18:37:31.021960+00:00,125.0,41,bid,,,4611157
2026-07-02T18:37:31.129641,2026-07-02T18:37:31.140932+00:00,124.5,50,ask,,,4611160
2026-07-02T18:37:33.156621,2026-07-02T18:37:33.165221+00:00,124.9,42,ask,,,4611212
2026-07-02T18:37:33.184217,2026-07-02T18:37:33.195627+00:00,125.0,2,bid,,,4611217
2026-07-02T18:37:33.184217,2026-07-02T18:37:33.195627+00:00,125.3,48,bid,,,4611218
2026-07-02T18:37:35.429604,2026-07-02T18:37:35.436879+00:00,124.8,40,ask,,,4611256
2026-07-02T18:37:37.449438,2026-07-02T18:37:37.458531+00:00,124.8,50,ask,,,4611296
2026-07-02T18:37:38.557185,2026-07-02T18:37:38.568964+00:00,124.8,44,ask,,,4611322
2026-07-02T18:37:39.161036,2026-07-02T18:37:39.172768+00:00,124.8,47,bid,,,4611334
2026-07-02T18:37:39.470010,2026-07-02T18:37:39.478163+00:00,124.8,3,bid,,,4611348
2026-07-02T18:37:39.581288,2026-07-02T18:37:39.592790+00:00,124.7,5,ask,,,4611351
2026-07-02T18:37:39.581288,2026-07-02T18:37:39.592790+00:00,124.6,45,ask,,,4611352
2026-07-02T18:37:40.708666,2026-07-02T18:37:40.720034+00:00,124.8,5,bid,,,4611366
2026-07-02T18:37:40.776521,2026-07-02T18:37:40.784339+00:00,124.8,11,bid,,,4611369
2026-07-02T18:37:41.690060,2026-07-02T18:37:41.701777+00:00,124.7,5,ask,,,4611391
2026-07-02T18:37:41.690060,2026-07-02T18:37:41.701777+00:00,124.3,45,ask,,,4611392
2026-07-02T18:37:43.459320,2026-07-02T18:37:43.469030+00:00,125.0,41,bid,,,4611415
2026-07-02T18:37:43.822696,2026-07-02T18:37:43.834197+00:00,124.7,50,ask,,,4611419
2026-07-02T18:37:44.005789,2026-07-02T18:37:44.017357+00:00,124.7,41,ask,,,4611423
2026-07-02T18:37:45.879170,2026-07-02T18:37:45.890934+00:00,124.9,50,bid,,,4611463
2026-07-02T18:37:46.015275,2026-07-02T18:37:46.024053+00:00,124.7,3,ask,,,4611471
2026-07-02T18:37:46.015275,2026-07-02T18:37:46.024053+00:00,124.7,8,ask,,,4611472
2026-07-02T18:37:47.986856,2026-07-02T18:37:47.993256+00:00,125.0,4,bid,,,4611514
2026-07-02T18:37:47.986856,2026-07-02T18:37:47.998629+00:00,125.2,46,bid,,,4611515
2026-07-02T18:37:49.550808,2026-07-02T18:37:49.558557+00:00,124.6,45,ask,,,4611550
2026-07-02T18:37:50.099715,2026-07-02T18:37:50.109061+00:00,124.8,50,bid,,,4611562
2026-07-02T18:37:50.500538,2026-07-02T18:37:50.511853+00:00,124.8,40,bid,,,4611574
2026-07-02T18:37:53.652290,2026-07-02T18:37:53.663977+00:00,124.9,47,bid,,,4611640
2026-07-02T18:37:54.369799,2026-07-02T18:37:54.376641+00:00,124.4,50,ask,,,4611658
2026-07-02T18:37:55.116323,2026-07-02T18:37:55.128062+00:00,124.5,41,ask,,,4611670
2026-07-02T18:37:55.208704,2026-07-02T18:37:55.227145+00:00,124.5,3,ask,,,4611672
2026-07-02T18:37:56.493891,2026-07-02T18:37:56.504272+00:00,124.5,50,ask,,,4611709
2026-07-02T18:37:58.205592,2026-07-02T18:37:58.217338+00:00,124.5,43,bid,,,4611756
2026-07-02T18:37:58.599199,2026-07-02T18:37:58.610773+00:00,124.1,50,ask,,,4611768
2026-07-02T18:38:00.414553,2026-07-02T18:38:00.422244+00:00,124.5,42,bid,,,4611808
2026-07-02T18:38:00.469854,2026-07-02T18:38:00.481381+00:00,124.1,41,ask,,,4611810
2026-07-02T18:38:00.706227,2026-07-02T18:38:00.717106+00:00,124.3,50,ask,,,4611811
2026-07-02T18:38:00.986893,2026-07-02T18:38:00.993464+00:00,124.3,50,ask,,,4611817
2026-07-02T18:38:00.999770,2026-07-02T18:38:01.009153+00:00,124.3,14,bid,,,4611818
2026-07-02T18:38:01.441850,2026-07-02T18:38:01.450356+00:00,124.3,23,bid,,,4611834
2026-07-02T18:38:01.607733,2026-07-02T18:38:01.619250+00:00,124.3,45,bid,,,4611839
2026-07-02T18:38:02.761981,2026-07-02T18:38:02.771449+00:00,124.3,18,bid,,,4611868
2026-07-02T18:38:02.929933,2026-07-02T18:38:02.938016+00:00,124.8,5,bid,,,4611874
2026-07-02T18:38:02.929933,2026-07-02T18:38:02.938016+00:00,124.8,17,bid,,,4611875
2026-07-02T18:38:03.931077,2026-07-02T18:38:03.938468+00:00,124.0,22,ask,,,4611891
2026-07-02T18:38:04.107260,2026-07-02T18:38:04.115374+00:00,124.4,23,ask,,,4611894
2026-07-02T18:38:04.431544,2026-07-02T18:38:04.440718+00:00,124.4,11,ask,,,4611909
2026-07-02T18:38:04.868130,2026-07-02T18:38:04.879546+00:00,124.5,50,bid,,,4611915
2026-07-02T18:38:04.960390,2026-07-02T18:38:04.969278+00:00,124.4,47,ask,,,4611920
2026-07-02T18:38:06.502885,2026-07-02T18:38:06.514394+00:00,124.4,44,ask,,,4611945
2026-07-02T18:38:06.974842,2026-07-02T18:38:06.986291+00:00,124.8,5,bid,,,4611953
2026-07-02T18:38:06.974842,2026-07-02T18:38:06.986291+00:00,124.9,45,bid,,,4611954
2026-07-02T18:38:09.081166,2026-07-02T18:38:09.092623+00:00,124.6,50,bid,,,4612002
2026-07-02T18:38:11.188555,2026-07-02T18:38:11.199832+00:00,124.7,50,bid,,,4612026
2026-07-02T18:38:13.293779,2026-07-02T18:38:13.300004+00:00,124.7,50,bid,,,4612053
2026-07-02T18:38:13.580275,2026-07-02T18:38:13.588265+00:00,124.7,45,bid,,,4612062
2026-07-02T18:38:14.921644,2026-07-02T18:38:14.930477+00:00,124.7,3,ask,,,4612079
2026-07-02T18:38:15.399110,2026-07-02T18:38:15.409329+00:00,125.0,50,bid,,,4612087
2026-07-02T18:38:17.546713,2026-07-02T18:38:17.555250+00:00,124.9,47,bid,,,4612120
2026-07-02T18:38:20.238689,2026-07-02T18:38:20.250189+00:00,124.6,1,ask,,,4612173
2026-07-02T18:38:20.238689,2026-07-02T18:38:20.250189+00:00,124.5,47,ask,,,4612174
2026-07-02T18:38:21.715584,2026-07-02T18:38:21.727249+00:00,125.0,50,bid,,,4612201
2026-07-02T18:38:23.806698,2026-07-02T18:38:23.813911+00:00,124.6,40,ask,,,4612243
2026-07-02T18:38:23.849749,2026-07-02T18:38:23.860753+00:00,124.9,4,bid,,,4612248
2026-07-02T18:38:26.010649,2026-07-02T18:38:26.019209+00:00,124.6,50,ask,,,4612277
2026-07-02T18:38:27.194543,2026-07-02T18:38:27.206127+00:00,124.9,4,bid,,,4612296
2026-07-02T18:38:27.194543,2026-07-02T18:38:27.206127+00:00,124.9,38,bid,,,4612297
2026-07-02T18:38:28.030326,2026-07-02T18:38:28.037742+00:00,124.6,1,ask,,,4612314
2026-07-02T18:38:28.081492,2026-07-02T18:38:28.088544+00:00,124.7,1,ask,,,4612317
2026-07-02T18:38:28.111286,2026-07-02T18:38:28.118266+00:00,124.7,2,ask,,,4612319
2026-07-02T18:38:28.118000,2026-07-02T18:38:28.133758+00:00,124.5,50,ask,,,4612321
2026-07-02T18:38:28.153053,2026-07-02T18:38:28.160026+00:00,124.7,1,ask,,,4612322
2026-07-02T18:38:28.181307,2026-07-02T18:38:28.188057+00:00,124.5,13,ask,,,4612326
2026-07-02T18:38:28.200079,2026-07-02T18:38:28.207112+00:00,124.7,2,ask,,,4612327
2026-07-02T18:38:29.248151,2026-07-02T18:38:29.253244+00:00,124.6,1,ask,,,4612345
2026-07-02T18:38:29.248151,2026-07-02T18:38:29.253244+00:00,124.4,99,ask,,,4612346
2026-07-02T18:38:29.444942,2026-07-02T18:38:29.451208+00:00,124.6,1,ask,,,4612348
2026-07-02T18:38:29.460507,2026-07-02T18:38:29.470214+00:00,124.3,7,bid,,,4612349
2026-07-02T18:38:29.583587,2026-07-02T18:38:29.589812+00:00,124.3,13,bid,,,4612353
2026-07-02T18:38:29.678340,2026-07-02T18:38:29.687746+00:00,124.3,1,bid,,,4612357
2026-07-02T18:38:29.777294,2026-07-02T18:38:29.784551+00:00,124.3,1,bid,,,4612359
2026-07-02T18:38:30.180131,2026-07-02T18:38:30.187780+00:00,124.3,1,bid,,,4612363
2026-07-02T18:38:30.222905,2026-07-02T18:38:30.234636+00:00,123.8,50,ask,,,4612364
2026-07-02T18:38:30.235447,2026-07-02T18:38:30.245029+00:00,124.3,1,bid,,,4612365
2026-07-02T18:38:31.792106,2026-07-02T18:38:31.803930+00:00,124.3,1,bid,,,4612402
2026-07-02T18:38:32.329401,2026-07-02T18:38:32.340766+00:00,123.8,50,ask,,,4612418
2026-07-02T18:38:32.871341,2026-07-02T18:38:32.881396+00:00,124.1,3,bid,,,4612438
2026-07-02T18:38:32.947397,2026-07-02T18:38:32.956603+00:00,124.1,2,bid,,,4612440
2026-07-02T18:38:33.734361,2026-07-02T18:38:33.745928+00:00,124.1,42,bid,,,4612460
2026-07-02T18:38:34.254720,2026-07-02T18:38:34.266689+00:00,124.1,1,bid,,,4612468
2026-07-02T18:38:34.348906,2026-07-02T18:38:34.358577+00:00,124.1,1,bid,,,4612471
2026-07-02T18:38:34.373962,2026-07-02T18:38:34.383589+00:00,124.1,1,bid,,,4612472
2026-07-02T18:38:34.411372,2026-07-02T18:38:34.421587+00:00,124.1,1,bid,,,4612475
2026-07-02T18:38:34.689271,2026-07-02T18:38:34.700605+00:00,124.1,48,bid,,,4612482
2026-07-02T18:38:34.917760,2026-07-02T18:38:34.925709+00:00,124.1,1,bid,,,4612489
2026-07-02T18:38:34.976241,2026-07-02T18:38:34.985555+00:00,124.1,1,bid,,,4612493
2026-07-02T18:38:37.598813,2026-07-02T18:38:37.609105+00:00,124.0,41,ask,,,4612558
2026-07-02T18:38:38.650515,2026-07-02T18:38:38.658610+00:00,124.0,50,ask,,,4612571
2026-07-02T18:38:40.704907,2026-07-02T18:38:40.716613+00:00,124.2,50,bid,,,4612612
2026-07-02T18:38:40.721882,2026-07-02T18:38:40.733213+00:00,124.2,49,bid,,,4612614
2026-07-02T18:38:41.716180,2026-07-02T18:38:41.727686+00:00,124.2,1,bid,,,4612629
2026-07-02T18:38:41.967997,2026-07-02T18:38:41.974656+00:00,124.2,1,bid,,,4612632
2026-07-02T18:38:42.811647,2026-07-02T18:38:42.823345+00:00,124.3,50,bid,,,4612648
2026-07-02T18:38:44.248634,2026-07-02T18:38:44.254916+00:00,124.1,48,ask,,,4612670
2026-07-02T18:38:46.262365,2026-07-02T18:38:46.273680+00:00,124.1,44,ask,,,4612719
2026-07-02T18:38:47.080379,2026-07-02T18:38:47.091907+00:00,124.1,50,ask,,,4612744
2026-07-02T18:38:47.332940,2026-07-02T18:38:47.348189+00:00,124.5,2,bid,,,4612746
2026-07-02T18:38:47.332940,2026-07-02T18:38:47.348189+00:00,124.5,42,bid,,,4612747
2026-07-02T18:38:47.390668,2026-07-02T18:38:47.402510+00:00,124.1,6,ask,,,4612749
2026-07-02T18:38:47.682160,2026-07-02T18:38:47.689961+00:00,124.4,5,bid,,,4612756
2026-07-02T18:38:47.897216,2026-07-02T18:38:47.904487+00:00,124.4,5,bid,,,4612761
2026-07-02T18:38:47.997646,2026-07-02T18:38:48.006086+00:00,124.5,41,bid,,,4612763
2026-07-02T18:38:48.369970,2026-07-02T18:38:48.376494+00:00,124.5,4,bid,,,4612775
2026-07-02T18:38:48.369970,2026-07-02T18:38:48.382054+00:00,124.6,100,bid,,,4612776
2026-07-02T18:38:48.437125,2026-07-02T18:38:48.449338+00:00,124.8,13,ask,,,4612777
2026-07-02T18:38:48.689045,2026-07-02T18:38:48.700379+00:00,124.8,4,ask,,,4612782
2026-07-02T18:38:48.913241,2026-07-02T18:38:48.921112+00:00,124.8,4,ask,,,4612787
2026-07-02T18:38:48.943525,2026-07-02T18:38:48.963652+00:00,124.8,3,ask,,,4612788
2026-07-02T18:38:48.970967,2026-07-02T18:38:48.982628+00:00,124.8,3,ask,,,4612789
2026-07-02T18:38:49.114417,2026-07-02T18:38:49.139367+00:00,124.8,2,ask,,,4612794
2026-07-02T18:38:49.130345,2026-07-02T18:38:49.139367+00:00,124.8,3,ask,,,4612798
2026-07-02T18:38:49.190636,2026-07-02T18:38:49.202022+00:00,124.8,14,ask,,,4612804
2026-07-02T18:38:49.190636,2026-07-02T18:38:49.202022+00:00,124.1,36,ask,,,4612805
2026-07-02T18:38:51.387242,2026-07-02T18:38:51.396241+00:00,124.7,3,bid,,,4612846
2026-07-02T18:38:55.455362,2026-07-02T18:38:55.467043+00:00,124.5,50,bid,,,4612905
2026-07-02T18:38:57.220785,2026-07-02T18:38:57.232247+00:00,124.2,45,ask,,,4612930
2026-07-02T18:38:57.563926,2026-07-02T18:38:57.575241+00:00,124.5,50,bid,,,4612934
2026-07-02T18:38:57.763905,2026-07-02T18:38:57.775606+00:00,124.0,47,ask,,,4612938
2026-07-02T18:38:59.487692,2026-07-02T18:38:59.496699+00:00,124.3,3,bid,,,4612970
2026-07-02T18:38:59.685376,2026-07-02T18:38:59.694907+00:00,124.3,50,bid,,,4612973
2026-07-02T18:39:01.790826,2026-07-02T18:39:01.799682+00:00,124.5,50,bid,,,4613018
2026-07-02T18:39:03.811505,2026-07-02T18:39:03.821610+00:00,124.5,40,bid,,,4613075
2026-07-02T18:39:03.897363,2026-07-02T18:39:03.908864+00:00,124.5,10,bid,,,4613079
2026-07-02T18:39:03.897363,2026-07-02T18:39:03.908864+00:00,124.7,40,bid,,,4613080
2026-07-02T18:39:06.006102,2026-07-02T18:39:06.014127+00:00,124.8,50,bid,,,4613133
2026-07-02T18:39:06.923991,2026-07-02T18:39:06.935682+00:00,124.4,42,ask,,,4613161
2026-07-02T18:39:07.355364,2026-07-02T18:39:07.364265+00:00,124.6,3,ask,,,4613176
2026-07-02T18:39:07.464406,2026-07-02T18:39:07.476055+00:00,124.6,43,ask,,,4613182
2026-07-02T18:39:10.101390,2026-07-02T18:39:10.113056+00:00,124.9,46,bid,,,4613230
2026-07-02T18:39:10.216136,2026-07-02T18:39:10.222780+00:00,124.9,50,bid,,,4613235
2026-07-02T18:39:12.321772,2026-07-02T18:39:12.330545+00:00,125.1,50,bid,,,4613285
2026-07-02T18:39:13.209947,2026-07-02T18:39:13.221641+00:00,125.1,46,bid,,,4613314
2026-07-02T18:39:13.677785,2026-07-02T18:39:13.684534+00:00,125.1,13,ask,,,4613320
2026-07-02T18:39:13.702197,2026-07-02T18:39:13.711956+00:00,125.1,44,ask,,,4613321
2026-07-02T18:39:13.718332,2026-07-02T18:39:13.725928+00:00,125.1,1,ask,,,4613322
2026-07-02T18:39:14.077921,2026-07-02T18:39:14.084614+00:00,125.4,13,bid,,,4613334
2026-07-02T18:39:14.480103,2026-07-02T18:39:14.491686+00:00,125.1,50,ask,,,4613343
2026-07-02T18:39:15.266641,2026-07-02T18:39:15.274550+00:00,125.1,42,ask,,,4613367
2026-07-02T18:39:15.266641,2026-07-02T18:39:15.274550+00:00,124.9,4,ask,,,4613368
2026-07-02T18:39:16.873882,2026-07-02T18:39:16.895299+00:00,125.0,100,ask,,,4613389
2026-07-02T18:39:16.886744,2026-07-02T18:39:16.895299+00:00,125.0,1,bid,,,4613391
2026-07-02T18:39:17.933088,2026-07-02T18:39:17.943716+00:00,125.0,45,bid,,,4613418
2026-07-02T18:39:18.693986,2026-07-02T18:39:18.700265+00:00,124.5,50,ask,,,4613428
2026-07-02T18:39:19.318681,2026-07-02T18:39:19.327971+00:00,125.0,4,bid,,,4613444
2026-07-02T18:39:20.292900,2026-07-02T18:39:20.304423+00:00,124.9,48,ask,,,4613456
2026-07-02T18:39:20.749443,2026-07-02T18:39:20.755129+00:00,125.1,1,bid,,,4613463
2026-07-02T18:39:20.749443,2026-07-02T18:39:20.755129+00:00,125.2,49,bid,,,4613464
2026-07-02T18:39:22.908273,2026-07-02T18:39:22.919824+00:00,124.9,50,ask,,,4613508
2026-07-02T18:39:24.344481,2026-07-02T18:39:24.358563+00:00,125.0,45,bid,,,4613535
2026-07-02T18:39:25.015774,2026-07-02T18:39:25.027363+00:00,124.9,50,ask,,,4613547
2026-07-02T18:39:27.125019,2026-07-02T18:39:27.133814+00:00,124.9,50,ask,,,4613581
2026-07-02T18:39:29.245377,2026-07-02T18:39:29.252775+00:00,124.9,50,ask,,,4613634
2026-07-02T18:39:29.285150,2026-07-02T18:39:29.286239+00:00,124.9,42,ask,,,4613637
2026-07-02T18:39:31.351912,2026-07-02T18:39:31.358242+00:00,124.8,2,ask,,,4613680
2026-07-02T18:39:31.351912,2026-07-02T18:39:31.358242+00:00,124.7,48,ask,,,4613681
2026-07-02T18:39:33.407717,2026-07-02T18:39:33.416476+00:00,125.0,50,bid,,,4613726
2026-07-02T18:39:35.290840,2026-07-02T18:39:35.302166+00:00,125.0,47,bid,,,4613763
2026-07-02T18:39:35.518391,2026-07-02T18:39:35.529756+00:00,125.0,50,bid,,,4613767
2026-07-02T18:39:35.826426,2026-07-02T18:39:35.835478+00:00,125.0,100,bid,,,4613780
2026-07-02T18:39:39.616355,2026-07-02T18:39:39.627735+00:00,125.0,42,bid,,,4613872
2026-07-02T18:39:39.779677,2026-07-02T18:39:39.791363+00:00,124.9,3,ask,,,4613875
2026-07-02T18:39:39.779677,2026-07-02T18:39:39.791363+00:00,124.9,47,ask,,,4613876
2026-07-02T18:39:40.272382,2026-07-02T18:39:40.284664+00:00,124.9,41,ask,,,4613884
2026-07-02T18:39:41.464829,2026-07-02T18:39:41.472611+00:00,125.0,14,bid,,,4613914
2026-07-02T18:39:44.007112,2026-07-02T18:39:44.016797+00:00,125.0,50,ask,,,4613986
2026-07-02T18:39:44.096238,2026-07-02T18:39:44.104659+00:00,125.0,11,ask,,,4613990
2026-07-02T18:39:46.061836,2026-07-02T18:39:46.069151+00:00,125.0,50,bid,,,4614040
2026-07-02T18:39:47.516975,2026-07-02T18:39:47.523481+00:00,125.0,44,bid,,,4614068
2026-07-02T18:39:48.039261,2026-07-02T18:39:48.045929+00:00,124.9,1,ask,,,4614077
2026-07-02T18:39:48.218355,2026-07-02T18:39:48.229951+00:00,124.5,50,ask,,,4614078
2026-07-02T18:39:49.102846,2026-07-02T18:39:49.111398+00:00,124.9,1,ask,,,4614096
2026-07-02T18:39:50.326931,2026-07-02T18:39:50.337285+00:00,124.6,50,ask,,,4614131
2026-07-02T18:39:52.433018,2026-07-02T18:39:52.439892+00:00,124.8,50,ask,,,4614171
2026-07-02T18:39:54.488209,2026-07-02T18:39:54.499528+00:00,125.1,50,bid,,,4614218
2026-07-02T18:39:54.553001,2026-07-02T18:39:54.570378+00:00,124.8,47,ask,,,4614221
2026-07-02T18:39:55.913974,2026-07-02T18:39:55.923654+00:00,124.8,11,bid,,,4614240
2026-07-02T18:39:56.611979,2026-07-02T18:39:56.623410+00:00,124.8,50,bid,,,4614267
2026-07-02T18:39:57.161721,2026-07-02T18:39:57.173251+00:00,124.8,47,bid,,,4614280
2026-07-02T18:39:58.528534,2026-07-02T18:39:58.539681+00:00,125.1,22,bid,,,4614301
2026-07-02T18:39:58.718260,2026-07-02T18:39:58.729946+00:00,125.1,50,bid,,,4614303
2026-07-02T18:39:59.574955,2026-07-02T18:39:59.585449+00:00,125.1,28,bid,,,4614322
2026-07-02T18:39:59.574955,2026-07-02T18:39:59.585449+00:00,125.2,1,bid,,,4614323
2026-07-02T18:39:59.574955,2026-07-02T18:39:59.585449+00:00,125.2,12,bid,,,4614324
2026-07-02T18:40:00.950460,2026-07-02T18:40:00.959463+00:00,125.0,11,ask,,,4614347
2026-07-02T18:40:01.170080,2026-07-02T18:40:01.178224+00:00,125.0,3,ask,,,4614353
2026-07-02T18:40:01.722159,2026-07-02T18:40:01.731716+00:00,125.0,43,ask,,,4614375
2026-07-02T18:40:02.984238,2026-07-02T18:40:02.997367+00:00,125.0,43,ask,,,4614402
2026-07-02T18:40:02.984238,2026-07-02T18:40:02.997367+00:00,124.8,4,ask,,,4614403
2026-07-02T18:40:02.984238,2026-07-02T18:40:02.997367+00:00,124.8,3,ask,,,4614404
2026-07-02T18:40:03.298461,2026-07-02T18:40:03.309975+00:00,125.2,2,bid,,,4614410
2026-07-02T18:40:03.298461,2026-07-02T18:40:03.309975+00:00,125.3,39,bid,,,4614411
2026-07-02T18:40:03.810177,2026-07-02T18:40:03.818643+00:00,125.2,3,bid,,,4614423
2026-07-02T18:40:04.282879,2026-07-02T18:40:04.292206+00:00,125.2,3,bid,,,4614431
2026-07-02T18:40:04.838046,2026-07-02T18:40:04.848853+00:00,125.3,5,ask,,,4614446
2026-07-02T18:40:05.094267,2026-07-02T18:40:05.105793+00:00,125.3,50,ask,,,4614453
2026-07-02T18:40:05.122542,2026-07-02T18:40:05.134377+00:00,125.3,3,ask,,,4614454
2026-07-02T18:40:05.755302,2026-07-02T18:40:05.763768+00:00,125.3,4,ask,,,4614467
2026-07-02T18:40:06.297850,2026-07-02T18:40:06.309749+00:00,125.3,44,ask,,,4614481
2026-07-02T18:40:06.534230,2026-07-02T18:40:06.544338+00:00,125.3,22,ask,,,4614485
2026-07-02T18:40:07.203364,2026-07-02T18:40:07.211866+00:00,125.3,19,ask,,,4614503
2026-07-02T18:40:07.203364,2026-07-02T18:40:07.211866+00:00,125.0,31,ask,,,4614504
2026-07-02T18:40:07.359355,2026-07-02T18:40:07.366560+00:00,125.2,22,bid,,,4614510
2026-07-02T18:40:07.506539,2026-07-02T18:40:07.514914+00:00,125.0,3,bid,,,4614511
2026-07-02T18:40:07.739249,2026-07-02T18:40:07.747441+00:00,125.0,11,bid,,,4614515
2026-07-02T18:40:09.642430,2026-07-02T18:40:09.650632+00:00,125.0,46,bid,,,4614543
2026-07-02T18:40:10.366422,2026-07-02T18:40:10.374344+00:00,125.0,23,bid,,,4614559
2026-07-02T18:40:10.440956,2026-07-02T18:40:10.448141+00:00,125.0,67,bid,,,4614561
2026-07-02T18:40:10.617576,2026-07-02T18:40:10.625700+00:00,125.4,23,ask,,,4614564
2026-07-02T18:40:10.938078,2026-07-02T18:40:10.947020+00:00,125.4,11,ask,,,4614577
2026-07-02T18:40:11.366258,2026-07-02T18:40:11.376939+00:00,125.5,5,bid,,,4614587
2026-07-02T18:40:11.679397,2026-07-02T18:40:11.686456+00:00,125.4,3,ask,,,4614595
2026-07-02T18:40:13.524269,2026-07-02T18:40:13.535615+00:00,125.4,50,ask,,,4614614
2026-07-02T18:40:13.664846,2026-07-02T18:40:13.674994+00:00,125.4,63,ask,,,4614616
2026-07-02T18:40:13.787941,2026-07-02T18:40:13.798442+00:00,125.2,37,bid,,,4614617
2026-07-02T18:40:13.826397,2026-07-02T18:40:13.836340+00:00,125.1,3,bid,,,4614619
2026-07-02T18:40:14.305201,2026-07-02T18:40:14.312938+00:00,125.1,11,bid,,,4614628
2026-07-02T18:40:17.687699,2026-07-02T18:40:17.697308+00:00,125.1,50,bid,,,4614709
2026-07-02T18:40:17.813117,2026-07-02T18:40:17.823262+00:00,125.1,5,bid,,,4614712
2026-07-02T18:40:17.894202,2026-07-02T18:40:17.905689+00:00,125.1,5,bid,,,4614715
2026-07-02T18:40:17.945732,2026-07-02T18:40:17.957256+00:00,125.1,5,bid,,,4614717
2026-07-02T18:40:17.998303,2026-07-02T18:40:18.009993+00:00,125.1,5,bid,,,4614719
2026-07-02T18:40:19.794112,2026-07-02T18:40:19.805419+00:00,125.1,50,bid,,,4614745
2026-07-02T18:40:22.717626,2026-07-02T18:40:22.729450+00:00,125.1,49,ask,,,4614806
2026-07-02T18:40:24.004301,2026-07-02T18:40:24.015007+00:00,125.4,50,bid,,,4614832
2026-07-02T18:40:26.068334,2026-07-02T18:40:26.079889+00:00,125.4,42,bid,,,4614877
2026-07-02T18:40:26.161850,2026-07-02T18:40:26.173488+00:00,125.1,4,ask,,,4614879
2026-07-02T18:40:26.263917,2026-07-02T18:40:26.271357+00:00,125.4,100,bid,,,4614880
2026-07-02T18:40:26.449757,2026-07-02T18:40:26.458914+00:00,125.6,14,ask,,,4614881
2026-07-02T18:40:28.218181,2026-07-02T18:40:28.229526+00:00,126.0,50,bid,,,4614907
2026-07-02T18:40:30.325354,2026-07-02T18:40:30.336929+00:00,125.8,50,bid,,,4614942
2026-07-02T18:40:32.432683,2026-07-02T18:40:32.444209+00:00,125.8,50,bid,,,4614982
2026-07-02T18:40:32.788473,2026-07-02T18:40:32.799641+00:00,125.8,22,ask,,,4615004
2026-07-02T18:40:34.546403,2026-07-02T18:40:34.557857+00:00,126.0,50,bid,,,4615034
2026-07-02T18:40:35.989971,2026-07-02T18:40:36.001161+00:00,126.2,22,bid,,,4615056
2026-07-02T18:40:36.390728,2026-07-02T18:40:36.400862+00:00,125.9,49,ask,,,4615064
2026-07-02T18:40:38.811502,2026-07-02T18:40:38.822753+00:00,125.9,50,ask,,,4615098
2026-07-02T18:40:39.482450,2026-07-02T18:40:39.493838+00:00,126.0,45,ask,,,4615110
2026-07-02T18:40:40.138003,2026-07-02T18:40:40.149253+00:00,126.2,48,bid,,,4615123
2026-07-02T18:40:40.865384,2026-07-02T18:40:40.876751+00:00,126.2,50,bid,,,4615134
2026-07-02T18:40:42.686247,2026-07-02T18:40:42.694085+00:00,125.9,41,ask,,,4615178
2026-07-02T18:40:43.024387,2026-07-02T18:40:43.035681+00:00,125.9,50,ask,,,4615184
2026-07-02T18:40:44.220346,2026-07-02T18:40:44.231058+00:00,125.9,43,ask,,,4615208
2026-07-02T18:40:45.130005,2026-07-02T18:40:45.141786+00:00,125.9,16,ask,,,4615222
2026-07-02T18:40:45.130005,2026-07-02T18:40:45.141786+00:00,125.7,5,ask,,,4615223
2026-07-02T18:40:45.130005,2026-07-02T18:40:45.141786+00:00,125.7,29,ask,,,4615224
2026-07-02T18:40:46.911936,2026-07-02T18:40:46.905875+00:00,125.8,43,bid,,,4615251
2026-07-02T18:40:47.215655,2026-07-02T18:40:47.225051+00:00,125.8,50,bid,,,4615255
2026-07-02T18:40:49.374940,2026-07-02T18:40:49.386464+00:00,125.7,2,ask,,,4615290
2026-07-02T18:40:49.374940,2026-07-02T18:40:49.386464+00:00,125.6,48,ask,,,4615291
2026-07-02T18:40:50.853816,2026-07-02T18:40:50.855945+00:00,126.0,4,bid,,,4615323
2026-07-02T18:40:50.853816,2026-07-02T18:40:50.855945+00:00,126.0,42,bid,,,4615324
2026-07-02T18:40:51.503395,2026-07-02T18:40:51.514853+00:00,125.6,50,ask,,,4615337
2026-07-02T18:40:51.678830,2026-07-02T18:40:51.686880+00:00,125.7,3,ask,,,4615339
2026-07-02T18:40:51.773767,2026-07-02T18:40:51.782645+00:00,125.4,100,ask,,,4615344
2026-07-02T18:40:51.783856,2026-07-02T18:40:51.791922+00:00,125.4,3,bid,,,4615345
2026-07-02T18:40:53.009297,2026-07-02T18:40:53.017501+00:00,125.4,47,bid,,,4615382
2026-07-02T18:40:54.528872,2026-07-02T18:40:54.537156+00:00,124.9,47,ask,,,4615410
2026-07-02T18:40:57.670928,2026-07-02T18:40:57.681069+00:00,125.4,46,bid,,,4615477
2026-07-02T18:40:57.777414,2026-07-02T18:40:57.786670+00:00,125.4,50,bid,,,4615479
2026-07-02T18:40:58.168387,2026-07-02T18:40:58.179741+00:00,125.2,45,ask,,,4615486
2026-07-02T18:40:59.883578,2026-07-02T18:40:59.895247+00:00,125.7,50,bid,,,4615513
2026-07-02T18:41:00.348488,2026-07-02T18:41:00.360133+00:00,125.2,41,ask,,,4615527
2026-07-02T18:41:00.941745,2026-07-02T18:41:00.953225+00:00,125.2,14,ask,,,4615536
2026-07-02T18:41:00.941745,2026-07-02T18:41:00.953225+00:00,125.2,31,ask,,,4615537
2026-07-02T18:41:02.041830,2026-07-02T18:41:02.053352+00:00,125.1,50,ask,,,4615552
2026-07-02T18:41:04.172301,2026-07-02T18:41:04.179378+00:00,125.1,50,ask,,,4615594
2026-07-02T18:41:04.303844,2026-07-02T18:41:04.318738+00:00,125.1,100,ask,,,4615596
2026-07-02T18:41:05.429775,2026-07-02T18:41:05.436803+00:00,125.0,3,bid,,,4615613
2026-07-02T18:41:10.514467,2026-07-02T18:41:10.526122+00:00,124.8,50,ask,,,4615706
2026-07-02T18:41:11.652027,2026-07-02T18:41:11.663614+00:00,125.1,43,bid,,,4615733
2026-07-02T18:41:12.629731,2026-07-02T18:41:12.639407+00:00,124.8,50,ask,,,4615743
2026-07-02T18:41:14.743751,2026-07-02T18:41:14.752650+00:00,125.0,50,ask,,,4615800
2026-07-02T18:41:16.877778,2026-07-02T18:41:16.889942+00:00,125.0,50,ask,,,4615839
2026-07-02T18:41:17.097639,2026-07-02T18:41:17.105272+00:00,125.1,11,bid,,,4615851
2026-07-02T18:41:18.984645,2026-07-02T18:41:18.996049+00:00,124.9,50,ask,,,4615881
2026-07-02T18:41:20.750005,2026-07-02T18:41:20.756251+00:00,125.1,41,bid,,,4615915
2026-07-02T18:41:21.118705,2026-07-02T18:41:21.131333+00:00,124.7,50,ask,,,4615919
2026-07-02T18:41:22.222722,2026-07-02T18:41:22.234109+00:00,125.1,40,bid,,,4615945
2026-07-02T18:41:23.212670,2026-07-02T18:41:23.222390+00:00,125.0,4,ask,,,4615970
2026-07-02T18:41:23.212670,2026-07-02T18:41:23.222390+00:00,124.6,39,ask,,,4615971
2026-07-02T18:41:23.224324,2026-07-02T18:41:23.232957+00:00,124.6,50,ask,,,4615972
2026-07-02T18:41:24.136439,2026-07-02T18:41:24.146004+00:00,125.0,4,bid,,,4615990
2026-07-02T18:41:25.352860,2026-07-02T18:41:25.369525+00:00,124.9,4,ask,,,4616013
2026-07-02T18:41:25.352860,2026-07-02T18:41:25.369525+00:00,124.7,46,ask,,,4616014
2026-07-02T18:41:25.737508,2026-07-02T18:41:25.745412+00:00,124.7,47,ask,,,4616022
2026-07-02T18:41:26.250340,2026-07-02T18:41:26.258548+00:00,125.0,42,bid,,,4616028
2026-07-02T18:41:26.306251,2026-07-02T18:41:26.317575+00:00,124.9,3,ask,,,4616030
2026-07-02T18:41:26.587126,2026-07-02T18:41:26.604480+00:00,124.8,23,bid,,,4616034
2026-07-02T18:41:27.410263,2026-07-02T18:41:27.416905+00:00,124.8,50,bid,,,4616056
2026-07-02T18:41:27.951904,2026-07-02T18:41:27.958201+00:00,124.6,48,ask,,,4616074
2026-07-02T18:41:28.239220,2026-07-02T18:41:28.248748+00:00,124.8,2,bid,,,4616076
2026-07-02T18:41:28.469595,2026-07-02T18:41:28.481100+00:00,124.8,41,bid,,,4616083
2026-07-02T18:41:29.230567,2026-07-02T18:41:29.237586+00:00,124.8,1,bid,,,4616093
2026-07-02T18:41:29.804915,2026-07-02T18:41:29.815165+00:00,124.8,1,bid,,,4616106
2026-07-02T18:41:29.960305,2026-07-02T18:41:29.969767+00:00,124.8,1,bid,,,4616109
2026-07-02T18:41:29.983533,2026-07-02T18:41:29.994902+00:00,124.8,1,bid,,,4616110
2026-07-02T18:41:30.080485,2026-07-02T18:41:30.090126+00:00,124.6,43,ask,,,4616111
2026-07-02T18:41:30.084473,2026-07-02T18:41:30.095555+00:00,124.8,1,bid,,,4616112
2026-07-02T18:41:30.634978,2026-07-02T18:41:30.643019+00:00,124.8,45,bid,,,4616121
2026-07-02T18:41:30.848366,2026-07-02T18:41:30.856202+00:00,124.6,11,ask,,,4616128
2026-07-02T18:41:31.636025,2026-07-02T18:41:31.647380+00:00,124.8,50,bid,,,4616143
2026-07-02T18:41:32.661235,2026-07-02T18:41:32.669030+00:00,124.6,42,ask,,,4616165
2026-07-02T18:41:33.232324,2026-07-02T18:41:33.244344+00:00,124.5,47,bid,,,4616178
2026-07-02T18:41:33.742430,2026-07-02T18:41:33.758563+00:00,124.5,50,bid,,,4616184
2026-07-02T18:41:33.802666,2026-07-02T18:41:33.810156+00:00,124.4,44,ask,,,4616186
2026-07-02T18:41:34.382491,2026-07-02T18:41:34.393342+00:00,124.4,40,ask,,,4616212
2026-07-02T18:41:35.859188,2026-07-02T18:41:35.870510+00:00,124.5,50,bid,,,4616250
2026-07-02T18:41:37.965981,2026-07-02T18:41:37.977407+00:00,124.4,50,bid,,,4616294
2026-07-02T18:41:38.240112,2026-07-02T18:41:38.251603+00:00,124.4,48,bid,,,4616304
2026-07-02T18:41:38.417653,2026-07-02T18:41:38.425351+00:00,124.4,2,bid,,,4616310
2026-07-02T18:41:39.189965,2026-07-02T18:41:39.198899+00:00,124.6,2,ask,,,4616320
2026-07-02T18:41:39.634653,2026-07-02T18:41:39.642285+00:00,124.6,12,ask,,,4616338
2026-07-02T18:41:40.718620,2026-07-02T18:41:40.763902+00:00,124.9,40,bid,,,4616361
2026-07-02T18:41:42.180644,2026-07-02T18:41:42.189710+00:00,125.0,3,bid,,,4616401
2026-07-02T18:41:42.180644,2026-07-02T18:41:42.189710+00:00,125.1,47,bid,,,4616402
2026-07-02T18:41:42.775650,2026-07-02T18:41:42.783935+00:00,124.7,44,ask,,,4616416
2026-07-02T18:41:44.301538,2026-07-02T18:41:44.312990+00:00,124.9,4,bid,,,4616434
2026-07-02T18:41:44.301538,2026-07-02T18:41:44.312990+00:00,125.1,46,bid,,,4616435
2026-07-02T18:41:46.411672,2026-07-02T18:41:46.419421+00:00,125.0,3,bid,,,4616473
2026-07-02T18:41:46.411672,2026-07-02T18:41:46.424402+00:00,125.1,47,bid,,,4616474
2026-07-02T18:41:46.432700,2026-07-02T18:41:46.444161+00:00,125.1,42,bid,,,4616475
2026-07-02T18:41:48.519899,2026-07-02T18:41:48.531269+00:00,125.1,50,bid,,,4616522
2026-07-02T18:41:48.698051,2026-07-02T18:41:48.705869+00:00,125.1,14,ask,,,4616535
2026-07-02T18:41:48.812699,2026-07-02T18:41:48.821086+00:00,125.1,14,ask,,,4616538
2026-07-02T18:41:48.985555,2026-07-02T18:41:48.995363+00:00,125.1,22,ask,,,4616543
2026-07-02T18:41:49.287884,2026-07-02T18:41:49.294952+00:00,125.1,3,ask,,,4616548
2026-07-02T18:41:50.303896,2026-07-02T18:41:50.313600+00:00,125.1,3,ask,,,4616569
2026-07-02T18:41:50.479894,2026-07-02T18:41:50.486614+00:00,125.1,3,ask,,,4616570
2026-07-02T18:41:50.484298,2026-07-02T18:41:50.492144+00:00,125.1,47,ask,,,4616571
2026-07-02T18:41:50.627517,2026-07-02T18:41:50.639282+00:00,125.2,50,bid,,,4616572
2026-07-02T18:41:51.043988,2026-07-02T18:41:51.063758+00:00,125.1,44,ask,,,4616591
2026-07-02T18:41:51.043988,2026-07-02T18:41:51.063758+00:00,124.8,2,ask,,,4616592
2026-07-02T18:41:51.043988,2026-07-02T18:41:51.063758+00:00,124.7,2,ask,,,4616593
2026-07-02T18:41:51.183823,2026-07-02T18:41:51.193944+00:00,125.2,22,bid,,,4616599
2026-07-02T18:41:51.909631,2026-07-02T18:41:51.917733+00:00,124.8,14,bid,,,4616608
2026-07-02T18:41:52.734964,2026-07-02T18:41:52.746364+00:00,124.8,50,bid,,,4616625
2026-07-02T18:41:52.763915,2026-07-02T18:41:52.774298+00:00,124.8,42,bid,,,4616626
2026-07-02T18:41:54.841744,2026-07-02T18:41:54.848475+00:00,124.8,44,bid,,,4616660
2026-07-02T18:41:54.841744,2026-07-02T18:41:54.848475+00:00,125.1,4,bid,,,4616661
2026-07-02T18:41:56.076185,2026-07-02T18:41:56.087957+00:00,125.1,4,bid,,,4616676
2026-07-02T18:41:56.286690,2026-07-02T18:41:56.295144+00:00,125.0,3,ask,,,4616679
2026-07-02T18:41:56.386706,2026-07-02T18:41:56.393794+00:00,125.0,22,ask,,,4616684
2026-07-02T18:41:56.952576,2026-07-02T18:41:56.964391+00:00,125.1,3,bid,,,4616697
2026-07-02T18:41:56.952576,2026-07-02T18:41:56.964391+00:00,125.3,47,bid,,,4616698
2026-07-02T18:41:56.988198,2026-07-02T18:41:56.999944+00:00,125.3,22,bid,,,4616700
2026-07-02T18:41:58.011179,2026-07-02T18:41:58.021820+00:00,125.1,3,bid,,,4616717
2026-07-02T18:41:58.188255,2026-07-02T18:41:58.199045+00:00,125.1,22,ask,,,4616726
2026-07-02T18:41:58.840417,2026-07-02T18:41:58.852052+00:00,125.1,45,ask,,,4616731
2026-07-02T18:41:59.061985,2026-07-02T18:41:59.072209+00:00,125.2,3,bid,,,4616739
2026-07-02T18:41:59.061985,2026-07-02T18:41:59.072209+00:00,125.4,47,bid,,,4616740
2026-07-02T18:41:59.327599,2026-07-02T18:41:59.337050+00:00,125.1,11,ask,,,4616745
2026-07-02T18:42:00.391603,2026-07-02T18:42:00.403247+00:00,125.4,44,bid,,,4616760
2026-07-02T18:42:01.172061,2026-07-02T18:42:01.183605+00:00,125.4,50,bid,,,4616771
2026-07-02T18:42:01.191817,2026-07-02T18:42:01.199494+00:00,125.4,9,bid,,,4616773
2026-07-02T18:42:01.342395,2026-07-02T18:42:01.350853+00:00,125.2,100,bid,,,4616776
2026-07-02T18:42:01.405512,2026-07-02T18:42:01.414811+00:00,125.4,35,ask,,,4616777
2026-07-02T18:42:01.592783,2026-07-02T18:42:01.604199+00:00,125.4,15,ask,,,4616781
2026-07-02T18:42:01.792780,2026-07-02T18:42:01.802404+00:00,125.9,22,bid,,,4616785
2026-07-02T18:42:02.528963,2026-07-02T18:42:02.538231+00:00,124.7,44,ask,,,4616807
2026-07-02T18:42:03.279558,2026-07-02T18:42:03.290954+00:00,125.9,50,bid,,,4616822
2026-07-02T18:42:03.538785,2026-07-02T18:42:03.548280+00:00,125.3,2,bid,,,4616836
2026-07-02T18:42:03.725166,2026-07-02T18:42:03.733292+00:00,125.3,2,bid,,,4616838
2026-07-02T18:42:04.510239,2026-07-02T18:42:04.520981+00:00,125.3,2,ask,,,4616844
2026-07-02T18:42:04.594603,2026-07-02T18:42:04.602185+00:00,125.3,22,ask,,,4616850
2026-07-02T18:42:04.723794,2026-07-02T18:42:04.731785+00:00,125.3,1,ask,,,4616855
2026-07-02T18:42:05.104765,2026-07-02T18:42:05.116150+00:00,125.3,49,ask,,,4616866
2026-07-02T18:42:05.386815,2026-07-02T18:42:05.398192+00:00,125.5,50,bid,,,4616871
2026-07-02T18:42:05.923371,2026-07-02T18:42:05.932943+00:00,125.3,4,ask,,,4616888
2026-07-02T18:42:05.997629,2026-07-02T18:42:06.009037+00:00,125.3,7,ask,,,4616891
2026-07-02T18:42:06.266393,2026-07-02T18:42:06.274520+00:00,125.5,44,bid,,,4616892
2026-07-02T18:42:07.974190,2026-07-02T18:42:07.985766+00:00,125.2,41,ask,,,4616932
2026-07-02T18:42:09.646992,2026-07-02T18:42:09.657654+00:00,125.3,46,bid,,,4616970
2026-07-02T18:42:09.652176,2026-07-02T18:42:09.657654+00:00,125.2,50,ask,,,4616971
2026-07-02T18:42:11.757652,2026-07-02T18:42:11.769247+00:00,125.0,1,ask,,,4617015
2026-07-02T18:42:11.757652,2026-07-02T18:42:11.769247+00:00,124.9,49,ask,,,4617016
2026-07-02T18:42:11.874088,2026-07-02T18:42:11.882228+00:00,124.9,49,ask,,,4617019
2026-07-02T18:42:13.268043,2026-07-02T18:42:13.279812+00:00,125.3,40,bid,,,4617045
2026-07-02T18:42:13.793159,2026-07-02T18:42:13.810787+00:00,125.1,5,ask,,,4617061
2026-07-02T18:42:13.793159,2026-07-02T18:42:13.816058+00:00,124.9,42,ask,,,4617062
2026-07-02T18:42:13.872284,2026-07-02T18:42:13.883643+00:00,125.0,50,ask,,,4617065
2026-07-02T18:42:14.049076,2026-07-02T18:42:14.055475+00:00,125.1,5,ask,,,4617071
2026-07-02T18:42:14.049076,2026-07-02T18:42:14.055475+00:00,125.0,50,ask,,,4617072
2026-07-02T18:42:14.059577,2026-07-02T18:42:14.068690+00:00,124.9,46,bid,,,4617073
2026-07-02T18:42:14.653592,2026-07-02T18:42:14.663650+00:00,124.9,5,bid,,,4617079
2026-07-02T18:42:14.898241,2026-07-02T18:42:14.908727+00:00,124.9,4,bid,,,4617083
2026-07-02T18:42:15.039086,2026-07-02T18:42:15.044473+00:00,124.9,4,bid,,,4617085
2026-07-02T18:42:15.386655,2026-07-02T18:42:15.398180+00:00,124.9,36,bid,,,4617092
2026-07-02T18:42:15.386655,2026-07-02T18:42:15.398180+00:00,125.5,8,bid,,,4617093
2026-07-02T18:42:18.042746,2026-07-02T18:42:18.051372+00:00,125.1,50,bid,,,4617151
2026-07-02T18:42:18.105647,2026-07-02T18:42:18.114008+00:00,125.1,43,bid,,,4617155
2026-07-02T18:42:19.691419,2026-07-02T18:42:19.699982+00:00,125.0,1,ask,,,4617179
2026-07-02T18:42:19.691419,2026-07-02T18:42:19.699982+00:00,124.9,48,ask,,,4617180
2026-07-02T18:42:20.251798,2026-07-02T18:42:20.260256+00:00,125.2,43,ask,,,4617191
2026-07-02T18:42:21.271531,2026-07-02T18:42:21.278171+00:00,125.5,49,bid,,,4617207
2026-07-02T18:42:21.636649,2026-07-02T18:42:21.644709+00:00,125.2,11,ask,,,4617213
2026-07-02T18:42:22.316227,2026-07-02T18:42:22.323112+00:00,125.2,46,ask,,,4617229
2026-07-02T18:42:22.316227,2026-07-02T18:42:22.328344+00:00,125.0,4,ask,,,4617230
2026-07-02T18:42:22.875837,2026-07-02T18:42:22.889938+00:00,125.0,45,ask,,,4617246
2026-07-02T18:42:24.024197,2026-07-02T18:42:24.035745+00:00,125.4,49,bid,,,4617265
2026-07-02T18:42:24.424090,2026-07-02T18:42:24.436115+00:00,125.0,5,ask,,,4617272
2026-07-02T18:42:24.424090,2026-07-02T18:42:24.436115+00:00,125.0,45,ask,,,4617273
2026-07-02T18:42:26.536384,2026-07-02T18:42:26.551314+00:00,125.1,4,ask,,,4617313
2026-07-02T18:42:26.536384,2026-07-02T18:42:26.556599+00:00,125.0,46,ask,,,4617314
2026-07-02T18:42:26.726289,2026-07-02T18:42:26.735873+00:00,125.1,11,bid,,,4617321
2026-07-02T18:42:28.144147,2026-07-02T18:42:28.155726+00:00,125.1,3,bid,,,4617346
2026-07-02T18:42:28.307777,2026-07-02T18:42:28.319160+00:00,125.1,42,bid,,,4617347
2026-07-02T18:42:28.644435,2026-07-02T18:42:28.663605+00:00,125.0,50,ask,,,4617351
2026-07-02T18:42:30.502832,2026-07-02T18:42:30.514359+00:00,125.3,2,bid,,,4617382
2026-07-02T18:42:30.502832,2026-07-02T18:42:30.514359+00:00,125.3,46,bid,,,4617383
2026-07-02T18:42:30.558472,2026-07-02T18:42:30.569791+00:00,125.0,3,ask,,,4617386
2026-07-02T18:42:30.558472,2026-07-02T18:42:30.569791+00:00,124.9,45,ask,,,4617387
2026-07-02T18:42:30.761670,2026-07-02T18:42:30.774566+00:00,124.9,50,ask,,,4617391
2026-07-02T18:42:31.181890,2026-07-02T18:42:31.190031+00:00,125.3,42,bid,,,4617396
2026-07-02T18:42:32.868363,2026-07-02T18:42:32.879029+00:00,125.0,3,ask,,,4617434
2026-07-02T18:42:32.868363,2026-07-02T18:42:32.879029+00:00,124.8,47,ask,,,4617435
2026-07-02T18:42:33.459541,2026-07-02T18:42:33.467597+00:00,125.2,3,bid,,,4617457
2026-07-02T18:42:33.479967,2026-07-02T18:42:33.488315+00:00,125.2,29,bid,,,4617460
2026-07-02T18:42:33.806218,2026-07-02T18:42:33.820290+00:00,125.1,43,ask,,,4617470
2026-07-02T18:42:34.975920,2026-07-02T18:42:34.987340+00:00,125.1,50,ask,,,4617482
2026-07-02T18:42:37.083888,2026-07-02T18:42:37.098774+00:00,125.0,5,ask,,,4617528
2026-07-02T18:42:37.083888,2026-07-02T18:42:37.098774+00:00,125.0,45,ask,,,4617529
2026-07-02T18:42:37.152238,2026-07-02T18:42:37.151664+00:00,125.0,46,ask,,,4617532
2026-07-02T18:42:39.191330,2026-07-02T18:42:39.201566+00:00,125.0,6,ask,,,4617562
2026-07-02T18:42:39.191330,2026-07-02T18:42:39.201566+00:00,124.9,44,ask,,,4617563
2026-07-02T18:42:41.299767,2026-07-02T18:42:41.308909+00:00,124.8,50,ask,,,4617614
2026-07-02T18:42:42.544851,2026-07-02T18:42:42.553889+00:00,124.9,42,bid,,,4617641
2026-07-02T18:42:43.407990,2026-07-02T18:42:43.417686+00:00,124.6,50,ask,,,4617655
2026-07-02T18:42:43.700833,2026-07-02T18:42:43.707570+00:00,124.9,45,bid,,,4617669
2026-07-02T18:42:45.515873,2026-07-02T18:42:45.527349+00:00,124.4,50,ask,,,4617719
2026-07-02T18:42:45.715372,2026-07-02T18:42:45.722300+00:00,124.9,48,bid,,,4617722
2026-07-02T18:42:47.622055,2026-07-02T18:42:47.633727+00:00,124.5,50,ask,,,4617763
2026-07-02T18:42:48.922388,2026-07-02T18:42:48.932714+00:00,124.9,3,bid,,,4617782
2026-07-02T18:42:49.677912,2026-07-02T18:42:49.689390+00:00,124.9,50,bid,,,4617805
2026-07-02T18:42:49.787498,2026-07-02T18:42:49.799331+00:00,124.8,1,ask,,,4617806
2026-07-02T18:42:49.787498,2026-07-02T18:42:49.799331+00:00,124.5,44,ask,,,4617807
2026-07-02T18:42:50.385347,2026-07-02T18:42:50.395373+00:00,124.9,40,bid,,,4617818
2026-07-02T18:42:50.951666,2026-07-02T18:42:50.957869+00:00,124.5,40,ask,,,4617827
2026-07-02T18:42:51.786401,2026-07-02T18:42:51.798032+00:00,124.9,50,bid,,,4617840
2026-07-02T18:42:51.974393,2026-07-02T18:42:51.984654+00:00,124.9,100,bid,,,4617843
2026-07-02T18:42:51.988507,2026-07-02T18:42:51.994946+00:00,125.0,5,ask,,,4617844
2026-07-02T18:42:52.564841,2026-07-02T18:42:52.574227+00:00,125.0,5,ask,,,4617851
2026-07-02T18:42:53.078219,2026-07-02T18:42:53.085953+00:00,125.0,40,ask,,,4617863
2026-07-02T18:42:53.078219,2026-07-02T18:42:53.090896+00:00,124.4,9,ask,,,4617864
2026-07-02T18:42:56.049627,2026-07-02T18:42:56.058582+00:00,124.8,50,ask,,,4617922
2026-07-02T18:42:57.449261,2026-07-02T18:42:57.458645+00:00,125.1,1,bid,,,4617949
2026-07-02T18:42:57.449261,2026-07-02T18:42:57.458645+00:00,125.1,45,bid,,,4617950
2026-07-02T18:42:58.158204,2026-07-02T18:42:58.169594+00:00,124.8,3,ask,,,4617966
2026-07-02T18:42:58.158204,2026-07-02T18:42:58.169594+00:00,124.7,47,ask,,,4617967
2026-07-02T18:42:58.370263,2026-07-02T18:42:58.380315+00:00,125.1,2,bid,,,4617973
2026-07-02T18:42:58.760500,2026-07-02T18:42:58.768246+00:00,125.1,2,bid,,,4617978
2026-07-02T18:42:58.795515,2026-07-02T18:42:58.804187+00:00,125.1,2,bid,,,4617980
2026-07-02T18:42:58.977221,2026-07-02T18:42:58.988871+00:00,124.8,43,ask,,,4617984
2026-07-02T18:43:00.162848,2026-07-02T18:43:00.174531+00:00,125.2,41,bid,,,4617999
2026-07-02T18:43:00.264851,2026-07-02T18:43:00.276187+00:00,124.8,50,ask,,,4618007
2026-07-02T18:43:01.529497,2026-07-02T18:43:01.539234+00:00,124.9,17,bid,,,4618040
2026-07-02T18:43:02.299591,2026-07-02T18:43:02.308331+00:00,124.9,11,bid,,,4618059
2026-07-02T18:43:02.319440,2026-07-02T18:43:02.328867+00:00,124.9,50,bid,,,4618061
2026-07-02T18:43:02.772590,2026-07-02T18:43:02.781226+00:00,124.9,46,bid,,,4618073
2026-07-02T18:43:03.378704,2026-07-02T18:43:03.390077+00:00,124.9,26,bid,,,4618089
2026-07-02T18:43:04.643657,2026-07-02T18:43:04.652179+00:00,125.2,11,ask,,,4618121
2026-07-02T18:43:04.691862,2026-07-02T18:43:04.711947+00:00,125.2,12,ask,,,4618128
2026-07-02T18:43:04.821206,2026-07-02T18:43:04.832532+00:00,125.2,43,ask,,,4618133
2026-07-02T18:43:05.852720,2026-07-02T18:43:05.861053+00:00,125.2,42,ask,,,4618164
