timestamp,recv_time,price,volume,aggressor_side,buyer,seller,trade_id
2026-07-05T12:00:00.367217,2026-07-05T12:00:00.300008+00:00,140.4,50,bid,FlawlessFlatbreads,EarnestEspressos,8280523
2026-07-05T12:00:00.914703,2026-07-05T12:00:00.926507+00:00,140.1,42,ask,EarnestEspressos,CostlyCorianders,8280530
2026-07-05T12:00:02.474001,2026-07-05T12:00:02.485693+00:00,140.6,50,bid,FlawlessFlatbreads,EarnestEspressos,8280549
2026-07-05T12:00:04.022424,2026-07-05T12:00:04.031105+00:00,140.3,12,ask,EarnestEspressos,Xuanyu Liu,8280568
2026-07-05T12:00:04.581283,2026-07-05T12:00:04.594738+00:00,140.8,50,bid,FlawlessFlatbreads,EarnestEspressos,8280579
2026-07-05T12:00:05.743632,2026-07-05T12:00:05.754191+00:00,140.5,11,ask,EarnestEspressos,Xuanyu Liu,8280593
2026-07-05T12:00:06.401038,2026-07-05T12:00:06.414473+00:00,140.5,40,ask,EarnestEspressos,CostlyCorianders,8280609
2026-07-05T12:00:06.686858,2026-07-05T12:00:06.698359+00:00,140.8,50,bid,FlawlessFlatbreads,DiligentDonuts,8280617
2026-07-05T12:00:08.224080,2026-07-05T12:00:08.231832+00:00,140.5,3,ask,EarnestEspressos,Xuanyu Liu,8280644
2026-07-05T12:00:08.818450,2026-07-05T12:00:08.832071+00:00,140.8,50,bid,FlawlessFlatbreads,DiligentDonuts,8280654
2026-07-05T12:00:08.818969,2026-07-05T12:00:08.842787+00:00,140.8,44,bid,CostlyCorianders,DiligentDonuts,8280657
2026-07-05T12:00:09.811044,2026-07-05T12:00:09.822726+00:00,140.8,6,bid,CostlyCorianders,DiligentDonuts,8280677
2026-07-05T12:00:09.811044,2026-07-05T12:00:09.822726+00:00,140.9,36,bid,CostlyCorianders,EarnestEspressos,8280678
2026-07-05T12:00:10.461946,2026-07-05T12:00:10.469000+00:00,140.9,46,bid,CostlyCorianders,EarnestEspressos,8280682
2026-07-05T12:00:10.829868,2026-07-05T12:00:10.841882+00:00,140.9,68,bid,DiligentDonuts,EarnestEspressos,8280687
2026-07-05T12:00:10.930269,2026-07-05T12:00:10.942184+00:00,141.5,50,bid,FlawlessFlatbreads,DiligentDonuts,8280691
2026-07-05T12:00:11.442740,2026-07-05T12:00:11.468691+00:00,141.0,32,ask,DiligentDonuts,CostlyCorianders,8280695
2026-07-05T12:00:11.442740,2026-07-05T12:00:11.468691+00:00,140.4,13,ask,EarnestEspressos,CostlyCorianders,8280696
2026-07-05T12:00:13.057282,2026-07-05T12:00:13.063859+00:00,141.5,50,bid,FlawlessFlatbreads,DiligentDonuts,8280717
2026-07-05T12:00:13.376537,2026-07-05T12:00:13.388393+00:00,141.1,44,ask,EarnestEspressos,CostlyCorianders,8280719
2026-07-05T12:00:14.400664,2026-07-05T12:00:14.412469+00:00,141.1,46,ask,EarnestEspressos,CostlyCorianders,8280739
2026-07-05T12:00:16.097172,2026-07-05T12:00:16.132113+00:00,141.1,3,ask,DiligentDonuts,Xuanyu Liu,8280761
2026-07-05T12:00:16.475749,2026-07-05T12:00:16.487430+00:00,141.2,40,bid,CostlyCorianders,EarnestEspressos,8280771
2026-07-05T12:00:17.984669,2026-07-05T12:00:17.996435+00:00,141.2,43,bid,CostlyCorianders,EarnestEspressos,8280791
2026-07-05T12:00:18.531911,2026-07-05T12:00:18.543337+00:00,141.1,49,ask,EarnestEspressos,CostlyCorianders,8280802
2026-07-05T12:00:19.443105,2026-07-05T12:00:19.454931+00:00,141.1,50,ask,EarnestEspressos,FlawlessFlatbreads,8280814
2026-07-05T12:00:19.543587,2026-07-05T12:00:19.551509+00:00,141.1,47,ask,EarnestEspressos,CostlyCorianders,8280821
2026-07-05T12:00:21.166776,2026-07-05T12:00:21.176109+00:00,141.5,48,bid,CostlyCorianders,DiligentDonuts,8280843
2026-07-05T12:00:21.571778,2026-07-05T12:00:21.583789+00:00,141.0,50,ask,DiligentDonuts,FlawlessFlatbreads,8280846
2026-07-05T12:00:21.641425,2026-07-05T12:00:21.650098+00:00,141.1,3,bid,Xuanyu Liu,EarnestEspressos,8280850
2026-07-05T12:00:22.728450,2026-07-05T12:00:22.736336+00:00,141.1,41,bid,CostlyCorianders,EarnestEspressos,8280873
2026-07-05T12:00:22.782549,2026-07-05T12:00:22.794109+00:00,141.0,46,ask,DiligentDonuts,CostlyCorianders,8280874
2026-07-05T12:00:23.628865,2026-07-05T12:00:23.640410+00:00,141.1,50,bid,FlawlessFlatbreads,EarnestEspressos,8280883
2026-07-05T12:00:25.787878,2026-07-05T12:00:25.797873+00:00,141.0,50,ask,EarnestEspressos,FlawlessFlatbreads,8280928
2026-07-05T12:00:26.457746,2026-07-05T12:00:26.469662+00:00,141.4,45,bid,CostlyCorianders,DiligentDonuts,8280943
2026-07-05T12:00:27.894016,2026-07-05T12:00:27.902119+00:00,141.0,50,ask,DiligentDonuts,FlawlessFlatbreads,8280957
2026-07-05T12:00:30.012806,2026-07-05T12:00:30.025317+00:00,141.0,50,ask,DiligentDonuts,FlawlessFlatbreads,8280982
2026-07-05T12:00:30.993414,2026-07-05T12:00:31.005312+00:00,141.0,44,ask,DiligentDonuts,CostlyCorianders,8280998
2026-07-05T12:00:32.120172,2026-07-05T12:00:32.132416+00:00,141.0,6,ask,DiligentDonuts,FlawlessFlatbreads,8281021
2026-07-05T12:00:32.120172,2026-07-05T12:00:32.132416+00:00,140.7,44,ask,EarnestEspressos,FlawlessFlatbreads,8281022
2026-07-05T12:00:33.519514,2026-07-05T12:00:33.526644+00:00,141.1,41,bid,CostlyCorianders,DiligentDonuts,8281039
2026-07-05T12:00:34.170413,2026-07-05T12:00:34.182110+00:00,141.1,48,bid,CostlyCorianders,DiligentDonuts,8281047
2026-07-05T12:00:34.233027,2026-07-05T12:00:34.243302+00:00,140.6,50,ask,DiligentDonuts,FlawlessFlatbreads,8281048
2026-07-05T12:00:35.319721,2026-07-05T12:00:35.328420+00:00,140.6,49,ask,DiligentDonuts,CostlyCorianders,8281070
2026-07-05T12:00:35.511468,2026-07-05T12:00:35.518835+00:00,141.0,3,bid,Xuanyu Liu,EarnestEspressos,8281076
2026-07-05T12:00:36.338568,2026-07-05T12:00:36.347398+00:00,140.8,50,ask,DiligentDonuts,FlawlessFlatbreads,8281082
2026-07-05T12:00:38.216989,2026-07-05T12:00:38.228341+00:00,141.3,41,bid,CostlyCorianders,DiligentDonuts,8281107
2026-07-05T12:00:38.446055,2026-07-05T12:00:38.452668+00:00,140.8,50,ask,DiligentDonuts,FlawlessFlatbreads,8281110
2026-07-05T12:00:40.555328,2026-07-05T12:00:40.566963+00:00,140.5,50,ask,DiligentDonuts,FlawlessFlatbreads,8281136
2026-07-05T12:00:42.516728,2026-07-05T12:00:42.528323+00:00,140.7,100,ask,EarnestEspressos,DiligentDonuts,8281166
2026-07-05T12:00:42.664479,2026-07-05T12:00:42.675872+00:00,140.7,50,ask,EarnestEspressos,FlawlessFlatbreads,8281170
2026-07-05T12:00:43.795182,2026-07-05T12:00:43.803961+00:00,140.6,23,bid,Xuanyu Liu,EarnestEspressos,8281185
2026-07-05T12:00:44.720752,2026-07-05T12:00:44.732467+00:00,140.6,50,bid,FlawlessFlatbreads,EarnestEspressos,8281200
2026-07-05T12:00:44.996183,2026-07-05T12:00:45.007795+00:00,140.2,41,ask,DiligentDonuts,CostlyCorianders,8281204
2026-07-05T12:00:45.994124,2026-07-05T12:00:46.005607+00:00,140.6,49,bid,CostlyCorianders,EarnestEspressos,8281220
2026-07-05T12:00:46.880199,2026-07-05T12:00:46.891469+00:00,140.4,50,ask,DiligentDonuts,FlawlessFlatbreads,8281237
2026-07-05T12:00:48.425498,2026-07-05T12:00:48.434766+00:00,140.4,46,ask,DiligentDonuts,CostlyCorianders,8281258
2026-07-05T12:00:49.057165,2026-07-05T12:00:49.058651+00:00,140.4,43,ask,EarnestEspressos,CostlyCorianders,8281275
2026-07-05T12:00:50.055271,2026-07-05T12:00:50.058560+00:00,140.7,100,bid,EarnestEspressos,DiligentDonuts,8281291
2026-07-05T12:00:51.041765,2026-07-05T12:00:51.048657+00:00,141.2,50,bid,FlawlessFlatbreads,EarnestEspressos,8281304
2026-07-05T12:00:53.152989,2026-07-05T12:00:53.164949+00:00,141.1,50,bid,FlawlessFlatbreads,DiligentDonuts,8281334
2026-07-05T12:00:53.663448,2026-07-05T12:00:53.672188+00:00,140.7,11,bid,Xuanyu Liu,EarnestEspressos,8281341
2026-07-05T12:00:54.486021,2026-07-05T12:00:54.495079+00:00,140.7,41,bid,CostlyCorianders,EarnestEspressos,8281345
2026-07-05T12:00:55.114938,2026-07-05T12:00:55.122052+00:00,140.7,98,bid,DiligentDonuts,EarnestEspressos,8281357
2026-07-05T12:00:55.259209,2026-07-05T12:00:55.270953+00:00,141.3,50,bid,FlawlessFlatbreads,DiligentDonuts,8281359
2026-07-05T12:00:55.437162,2026-07-05T12:00:55.448103+00:00,140.8,2,ask,DiligentDonuts,Xuanyu Liu,8281363
2026-07-05T12:00:56.384658,2026-07-05T12:00:56.392956+00:00,141.0,9,ask,EarnestEspressos,Xuanyu Liu,8281377
2026-07-05T12:00:57.420194,2026-07-05T12:00:57.431954+00:00,141.0,50,ask,EarnestEspressos,FlawlessFlatbreads,8281394
2026-07-05T12:00:59.476560,2026-07-05T12:00:59.488336+00:00,141.4,50,bid,FlawlessFlatbreads,DiligentDonuts,8281418
2026-07-05T12:01:01.584163,2026-07-05T12:01:01.596021+00:00,141.3,50,bid,FlawlessFlatbreads,EarnestEspressos,8281452
2026-07-05T12:01:03.691810,2026-07-05T12:01:03.698246+00:00,141.4,50,bid,FlawlessFlatbreads,DiligentDonuts,8281484
2026-07-05T12:01:04.623456,2026-07-05T12:01:04.632712+00:00,141.3,12,ask,DiligentDonuts,Xuanyu Liu,8281499
2026-07-05T12:01:05.390073,2026-07-05T12:01:05.400005+00:00,141.3,40,ask,DiligentDonuts,CostlyCorianders,8281514
2026-07-05T12:01:05.850203,2026-07-05T12:01:05.860320+00:00,141.3,48,ask,DiligentDonuts,FlawlessFlatbreads,8281524
2026-07-05T12:01:07.904506,2026-07-05T12:01:07.916526+00:00,141.5,50,bid,FlawlessFlatbreads,DiligentDonuts,8281553
2026-07-05T12:01:10.933080,2026-07-05T12:01:10.941407+00:00,141.8,40,bid,CostlyCorianders,EarnestEspressos,8281595
2026-07-05T12:01:11.865487,2026-07-05T12:01:11.876735+00:00,141.3,11,ask,EarnestEspressos,Xuanyu Liu,8281611
2026-07-05T12:01:12.168244,2026-07-05T12:01:12.176430+00:00,141.1,50,ask,DiligentDonuts,FlawlessFlatbreads,8281615
2026-07-05T12:01:12.591810,2026-07-05T12:01:12.603325+00:00,141.2,49,ask,EarnestEspressos,CostlyCorianders,8281620
2026-07-05T12:01:14.282889,2026-07-05T12:01:14.294669+00:00,141.2,50,ask,EarnestEspressos,FlawlessFlatbreads,8281647
2026-07-05T12:01:18.448410,2026-07-05T12:01:18.458557+00:00,141.3,50,bid,FlawlessFlatbreads,EarnestEspressos,8281704
2026-07-05T12:01:19.765600,2026-07-05T12:01:19.772493+00:00,141.3,42,bid,CostlyCorianders,DiligentDonuts,8281730
2026-07-05T12:01:20.255213,2026-07-05T12:01:20.266891+00:00,141.3,11,bid,Xuanyu Liu,DiligentDonuts,8281735
2026-07-05T12:01:20.611649,2026-07-05T12:01:20.621023+00:00,141.2,50,ask,DiligentDonuts,FlawlessFlatbreads,8281745
2026-07-05T12:01:20.936422,2026-07-05T12:01:20.947966+00:00,141.5,42,bid,CostlyCorianders,EarnestEspressos,8281758
2026-07-05T12:01:22.667388,2026-07-05T12:01:22.674974+00:00,141.7,50,bid,FlawlessFlatbreads,DiligentDonuts,8281781
2026-07-05T12:01:24.772816,2026-07-05T12:01:24.780409+00:00,141.8,50,bid,FlawlessFlatbreads,DiligentDonuts,8281813
2026-07-05T12:01:26.933433,2026-07-05T12:01:26.943550+00:00,141.6,50,ask,EarnestEspressos,FlawlessFlatbreads,8281848
2026-07-05T12:01:29.061942,2026-07-05T12:01:29.071054+00:00,141.6,50,ask,DiligentDonuts,FlawlessFlatbreads,8281878
2026-07-05T12:01:33.215683,2026-07-05T12:01:33.222645+00:00,141.6,40,ask,DiligentDonuts,CostlyCorianders,8281938
2026-07-05T12:01:33.248446,2026-07-05T12:01:33.254921+00:00,142.0,50,bid,FlawlessFlatbreads,EarnestEspressos,8281939
2026-07-05T12:01:33.837292,2026-07-05T12:01:33.845230+00:00,142.0,49,bid,CostlyCorianders,EarnestEspressos,8281948
2026-07-05T12:01:34.367616,2026-07-05T12:01:34.376225+00:00,142.0,11,ask,EarnestEspressos,Xuanyu Liu,8281957
2026-07-05T12:01:34.697629,2026-07-05T12:01:34.705755+00:00,142.0,6,ask,EarnestEspressos,Xuanyu Liu,8281963
2026-07-05T12:01:35.286495,2026-07-05T12:01:35.292895+00:00,142.0,49,ask,EarnestEspressos,CostlyCorianders,8281972
2026-07-05T12:01:35.383446,2026-07-05T12:01:35.391107+00:00,142.1,50,bid,FlawlessFlatbreads,DiligentDonuts,8281975
2026-07-05T12:01:36.301940,2026-07-05T12:01:36.313528+00:00,142.0,84,ask,EarnestEspressos,DiligentDonuts,8281983
2026-07-05T12:01:36.314856,2026-07-05T12:01:36.323049+00:00,142.0,3,bid,Xuanyu Liu,DiligentDonuts,8281985
2026-07-05T12:01:37.080740,2026-07-05T12:01:37.088178+00:00,142.0,13,bid,CostlyCorianders,DiligentDonuts,8281998
2026-07-05T12:01:38.256943,2026-07-05T12:01:38.264850+00:00,141.8,43,bid,CostlyCorianders,EarnestEspressos,8282012
2026-07-05T12:01:39.593097,2026-07-05T12:01:39.604558+00:00,141.8,50,bid,FlawlessFlatbreads,EarnestEspressos,8282032
2026-07-05T12:01:40.754432,2026-07-05T12:01:40.763616+00:00,141.6,46,ask,DiligentDonuts,CostlyCorianders,8282050
2026-07-05T12:01:41.700387,2026-07-05T12:01:41.711977+00:00,141.9,50,bid,FlawlessFlatbreads,EarnestEspressos,8282062
2026-07-05T12:01:41.899359,2026-07-05T12:01:41.910930+00:00,141.6,42,ask,DiligentDonuts,CostlyCorianders,8282067
2026-07-05T12:01:43.807094,2026-07-05T12:01:43.818709+00:00,141.9,50,bid,FlawlessFlatbreads,DiligentDonuts,8282091
2026-07-05T12:01:45.933845,2026-07-05T12:01:45.945509+00:00,141.9,50,bid,FlawlessFlatbreads,DiligentDonuts,8282113
2026-07-05T12:01:46.249230,2026-07-05T12:01:46.258596+00:00,141.9,45,bid,CostlyCorianders,DiligentDonuts,8282115
2026-07-05T12:01:48.040668,2026-07-05T12:01:48.052083+00:00,141.9,5,bid,FlawlessFlatbreads,DiligentDonuts,8282136
2026-07-05T12:01:48.141434,2026-07-05T12:01:48.148591+00:00,141.7,3,ask,EarnestEspressos,Xuanyu Liu,8282141
2026-07-05T12:01:49.597427,2026-07-05T12:01:49.609243+00:00,141.7,47,ask,EarnestEspressos,CostlyCorianders,8282168
2026-07-05T12:01:50.197345,2026-07-05T12:01:50.206289+00:00,141.5,50,ask,DiligentDonuts,FlawlessFlatbreads,8282175
2026-07-05T12:01:50.201325,2026-07-05T12:01:50.211300+00:00,141.5,46,ask,DiligentDonuts,CostlyCorianders,8282176
2026-07-05T12:01:52.253831,2026-07-05T12:01:52.265430+00:00,141.7,50,bid,FlawlessFlatbreads,EarnestEspressos,8282210
2026-07-05T12:01:55.386482,2026-07-05T12:01:55.398760+00:00,141.5,3,bid,Xuanyu Liu,DiligentDonuts,8282259
2026-07-05T12:01:55.767346,2026-07-05T12:01:55.779048+00:00,141.5,42,bid,CostlyCorianders,DiligentDonuts,8282270
2026-07-05T12:01:56.232317,2026-07-05T12:01:56.243868+00:00,141.5,46,bid,CostlyCorianders,DiligentDonuts,8282274
2026-07-05T12:01:56.520289,2026-07-05T12:01:56.526669+00:00,141.6,50,ask,EarnestEspressos,FlawlessFlatbreads,8282280
2026-07-05T12:01:58.625928,2026-07-05T12:01:58.634868+00:00,141.6,50,ask,EarnestEspressos,FlawlessFlatbreads,8282311
2026-07-05T12:02:00.733167,2026-07-05T12:02:00.744824+00:00,141.5,50,ask,DiligentDonuts,FlawlessFlatbreads,8282362
2026-07-05T12:02:01.448208,2026-07-05T12:02:01.453455+00:00,141.5,47,ask,DiligentDonuts,CostlyCorianders,8282378
2026-07-05T12:02:01.915502,2026-07-05T12:02:01.925203+00:00,141.6,45,bid,CostlyCorianders,EarnestEspressos,8282385
2026-07-05T12:02:02.840303,2026-07-05T12:02:02.853610+00:00,141.4,50,ask,DiligentDonuts,FlawlessFlatbreads,8282396
2026-07-05T12:02:04.946112,2026-07-05T12:02:04.957590+00:00,141.2,48,ask,EarnestEspressos,CostlyCorianders,8282422
2026-07-05T12:02:04.949388,2026-07-05T12:02:04.957590+00:00,141.2,50,ask,EarnestEspressos,FlawlessFlatbreads,8282423
2026-07-05T12:02:05.523971,2026-07-05T12:02:05.535720+00:00,141.2,48,ask,EarnestEspressos,CostlyCorianders,8282435
2026-07-05T12:02:06.048296,2026-07-05T12:02:06.056933+00:00,141.1,3,bid,Xuanyu Liu,EarnestEspressos,8282447
2026-07-05T12:02:07.055484,2026-07-05T12:02:07.057348+00:00,140.9,50,ask,DiligentDonuts,FlawlessFlatbreads,8282467
2026-07-05T12:02:09.161943,2026-07-05T12:02:09.173463+00:00,140.7,50,ask,DiligentDonuts,FlawlessFlatbreads,8282498
2026-07-05T12:02:13.372170,2026-07-05T12:02:13.384092+00:00,140.7,50,ask,DiligentDonuts,FlawlessFlatbreads,8282576
2026-07-05T12:02:13.957284,2026-07-05T12:02:13.968838+00:00,141.0,43,bid,CostlyCorianders,EarnestEspressos,8282581
2026-07-05T12:02:14.759739,2026-07-05T12:02:14.767871+00:00,140.8,23,bid,Xuanyu Liu,DiligentDonuts,8282593
2026-07-05T12:02:15.391473,2026-07-05T12:02:15.399509+00:00,140.8,11,bid,Xuanyu Liu,DiligentDonuts,8282599
2026-07-05T12:02:15.432715,2026-07-05T12:02:15.445941+00:00,140.8,50,bid,FlawlessFlatbreads,DiligentDonuts,8282602
2026-07-05T12:02:15.481390,2026-07-05T12:02:15.490134+00:00,140.8,16,bid,EarnestEspressos,DiligentDonuts,8282605
2026-07-05T12:02:17.538675,2026-07-05T12:02:17.550498+00:00,141.3,50,bid,FlawlessFlatbreads,EarnestEspressos,8282637
2026-07-05T12:02:19.867125,2026-07-05T12:02:19.876247+00:00,141.0,47,ask,EarnestEspressos,CostlyCorianders,8282665
2026-07-05T12:02:21.800746,2026-07-05T12:02:21.812389+00:00,140.9,50,ask,DiligentDonuts,FlawlessFlatbreads,8282694
2026-07-05T12:02:23.909009,2026-07-05T12:02:23.918810+00:00,140.9,50,ask,EarnestEspressos,FlawlessFlatbreads,8282725
2026-07-05T12:02:24.910009,2026-07-05T12:02:24.921428+00:00,141.4,45,bid,CostlyCorianders,EarnestEspressos,8282736
2026-07-05T12:02:25.447764,2026-07-05T12:02:25.463883+00:00,141.3,44,bid,CostlyCorianders,EarnestEspressos,8282743
2026-07-05T12:02:25.949594,2026-07-05T12:02:25.952075+00:00,141.3,49,bid,CostlyCorianders,EarnestEspressos,8282751
2026-07-05T12:02:26.014346,2026-07-05T12:02:26.021330+00:00,140.9,50,ask,DiligentDonuts,FlawlessFlatbreads,8282753
2026-07-05T12:02:27.032209,2026-07-05T12:02:27.043748+00:00,140.9,46,ask,DiligentDonuts,CostlyCorianders,8282768
2026-07-05T12:02:28.132432,2026-07-05T12:02:28.142157+00:00,141.4,100,bid,EarnestEspressos,DiligentDonuts,8282787
2026-07-05T12:02:28.200486,2026-07-05T12:02:28.209131+00:00,141.4,11,ask,EarnestEspressos,Xuanyu Liu,8282789
2026-07-05T12:02:29.791342,2026-07-05T12:02:29.802745+00:00,141.4,39,ask,EarnestEspressos,CostlyCorianders,8282801
2026-07-05T12:02:30.183038,2026-07-05T12:02:30.194660+00:00,141.7,50,bid,FlawlessFlatbreads,DiligentDonuts,8282809
2026-07-05T12:02:31.581979,2026-07-05T12:02:31.593435+00:00,141.6,49,bid,CostlyCorianders,EarnestEspressos,8282834
2026-07-05T12:02:32.340806,2026-07-05T12:02:32.348596+00:00,141.2,50,ask,DiligentDonuts,FlawlessFlatbreads,8282843
2026-07-05T12:02:34.448334,2026-07-05T12:02:34.463647+00:00,141.2,50,ask,DiligentDonuts,FlawlessFlatbreads,8282866
2026-07-05T12:02:36.082775,2026-07-05T12:02:36.094276+00:00,141.2,42,ask,DiligentDonuts,CostlyCorianders,8282899
2026-07-05T12:02:36.565779,2026-07-05T12:02:36.579250+00:00,141.2,50,ask,EarnestEspressos,FlawlessFlatbreads,8282902
2026-07-05T12:02:38.673339,2026-07-05T12:02:38.680013+00:00,141.0,50,ask,EarnestEspressos,FlawlessFlatbreads,8282937
2026-07-05T12:02:39.976196,2026-07-05T12:02:39.987944+00:00,141.3,44,bid,CostlyCorianders,DiligentDonuts,8282954
2026-07-05T12:02:40.869996,2026-07-05T12:02:40.879432+00:00,141.2,11,bid,Xuanyu Liu,EarnestEspressos,8282968
2026-07-05T12:02:41.742176,2026-07-05T12:02:41.753636+00:00,140.8,45,ask,DiligentDonuts,CostlyCorianders,8282981
2026-07-05T12:02:42.857730,2026-07-05T12:02:42.862971+00:00,141.2,50,bid,FlawlessFlatbreads,EarnestEspressos,8282996
2026-07-05T12:02:44.964633,2026-07-05T12:02:44.976331+00:00,141.3,47,bid,CostlyCorianders,DiligentDonuts,8283026
2026-07-05T12:02:44.964856,2026-07-05T12:02:44.976331+00:00,141.3,50,bid,FlawlessFlatbreads,DiligentDonuts,8283027
2026-07-05T12:02:45.994274,2026-07-05T12:02:46.005990+00:00,141.3,40,bid,CostlyCorianders,EarnestEspressos,8283048
2026-07-05T12:02:47.106528,2026-07-05T12:02:47.118010+00:00,141.5,50,bid,FlawlessFlatbreads,DiligentDonuts,8283064
2026-07-05T12:02:49.213016,2026-07-05T12:02:49.224803+00:00,141.5,50,bid,FlawlessFlatbreads,EarnestEspressos,8283091
2026-07-05T12:02:51.319105,2026-07-05T12:02:51.330721+00:00,141.6,50,bid,FlawlessFlatbreads,DiligentDonuts,8283128
2026-07-05T12:02:51.755252,2026-07-05T12:02:51.766899+00:00,141.1,46,ask,DiligentDonuts,CostlyCorianders,8283136
2026-07-05T12:02:53.427114,2026-07-05T12:02:53.433839+00:00,141.7,50,bid,FlawlessFlatbreads,DiligentDonuts,8283153
2026-07-05T12:02:54.277273,2026-07-05T12:02:54.288710+00:00,141.2,42,ask,DiligentDonuts,CostlyCorianders,8283180
2026-07-05T12:02:55.199905,2026-07-05T12:02:55.211517+00:00,141.2,43,ask,DiligentDonuts,CostlyCorianders,8283191
2026-07-05T12:02:55.585593,2026-07-05T12:02:55.595587+00:00,141.2,50,ask,EarnestEspressos,FlawlessFlatbreads,8283198
2026-07-05T12:02:57.226504,2026-07-05T12:02:57.235909+00:00,141.5,47,bid,CostlyCorianders,DiligentDonuts,8283219
2026-07-05T12:02:57.691607,2026-07-05T12:02:57.703394+00:00,141.1,50,ask,EarnestEspressos,FlawlessFlatbreads,8283222
2026-07-05T12:02:58.742498,2026-07-05T12:02:58.751400+00:00,141.5,34,ask,DiligentDonuts,Xuanyu Liu,8283241
2026-07-05T12:02:59.799324,2026-07-05T12:02:59.807445+00:00,141.5,50,ask,DiligentDonuts,FlawlessFlatbreads,8283255
2026-07-05T12:02:59.850121,2026-07-05T12:02:59.867718+00:00,141.5,16,ask,DiligentDonuts,EarnestEspressos,8283258
2026-07-05T12:02:59.859422,2026-07-05T12:02:59.867718+00:00,141.3,11,bid,Xuanyu Liu,EarnestEspressos,8283259
2026-07-05T12:03:01.906273,2026-07-05T12:03:01.913377+00:00,140.9,50,ask,DiligentDonuts,FlawlessFlatbreads,8283292
2026-07-05T12:03:04.012228,2026-07-05T12:03:04.024023+00:00,140.9,50,ask,DiligentDonuts,FlawlessFlatbreads,8283327
2026-07-05T12:03:04.858521,2026-07-05T12:03:04.869882+00:00,141.4,46,bid,CostlyCorianders,EarnestEspressos,8283341
2026-07-05T12:03:04.871099,2026-07-05T12:03:04.879311+00:00,141.2,12,bid,Xuanyu Liu,DiligentDonuts,8283342
2026-07-05T12:03:06.119933,2026-07-05T12:03:06.131583+00:00,140.7,50,ask,DiligentDonuts,FlawlessFlatbreads,8283359
2026-07-05T12:03:07.527163,2026-07-05T12:03:07.538477+00:00,141.1,42,ask,EarnestEspressos,CostlyCorianders,8283385
2026-07-05T12:03:08.021101,2026-07-05T12:03:08.030558+00:00,141.1,100,ask,EarnestEspressos,DiligentDonuts,8283395
2026-07-05T12:03:08.230682,2026-07-05T12:03:08.240231+00:00,141.1,8,ask,EarnestEspressos,FlawlessFlatbreads,8283402
2026-07-05T12:03:08.230682,2026-07-05T12:03:08.240231+00:00,140.5,42,ask,DiligentDonuts,FlawlessFlatbreads,8283403
2026-07-05T12:03:09.355420,2026-07-05T12:03:09.365519+00:00,141.2,11,bid,Xuanyu Liu,EarnestEspressos,8283425
2026-07-05T12:03:12.442267,2026-07-05T12:03:12.458576+00:00,140.8,50,ask,DiligentDonuts,FlawlessFlatbreads,8283466
2026-07-05T12:03:12.527050,2026-07-05T12:03:12.535980+00:00,141.0,12,bid,Xuanyu Liu,EarnestEspressos,8283468
2026-07-05T12:03:12.970186,2026-07-05T12:03:12.977544+00:00,141.0,11,bid,Xuanyu Liu,EarnestEspressos,8283477
2026-07-05T12:03:13.964939,2026-07-05T12:03:13.974644+00:00,141.0,42,bid,CostlyCorianders,EarnestEspressos,8283489
2026-07-05T12:03:14.499879,2026-07-05T12:03:14.511655+00:00,141.0,50,bid,FlawlessFlatbreads,EarnestEspressos,8283494
2026-07-05T12:03:15.640644,2026-07-05T12:03:15.654370+00:00,141.1,100,bid,EarnestEspressos,DiligentDonuts,8283513
2026-07-05T12:03:16.242508,2026-07-05T12:03:16.258600+00:00,141.1,41,ask,EarnestEspressos,CostlyCorianders,8283521
2026-07-05T12:03:16.607062,2026-07-05T12:03:16.618615+00:00,141.6,50,bid,FlawlessFlatbreads,EarnestEspressos,8283524
2026-07-05T12:03:18.713445,2026-07-05T12:03:18.723300+00:00,141.5,50,bid,FlawlessFlatbreads,DiligentDonuts,8283553
2026-07-05T12:03:20.818542,2026-07-05T12:03:20.829992+00:00,141.4,50,bid,FlawlessFlatbreads,EarnestEspressos,8283575
2026-07-05T12:03:22.337944,2026-07-05T12:03:22.349539+00:00,141.4,41,bid,CostlyCorianders,EarnestEspressos,8283598
2026-07-05T12:03:22.925270,2026-07-05T12:03:22.936688+00:00,141.4,50,bid,FlawlessFlatbreads,EarnestEspressos,8283609
2026-07-05T12:03:23.642611,2026-07-05T12:03:23.651393+00:00,141.2,11,ask,DiligentDonuts,Xuanyu Liu,8283624
2026-07-05T12:03:25.035100,2026-07-05T12:03:25.045932+00:00,141.4,50,bid,FlawlessFlatbreads,EarnestEspressos,8283645
2026-07-05T12:03:25.151654,2026-07-05T12:03:25.158564+00:00,141.5,100,bid,EarnestEspressos,DiligentDonuts,8283647
2026-07-05T12:03:25.217245,2026-07-05T12:03:25.226083+00:00,141.5,35,ask,EarnestEspressos,Xuanyu Liu,8283648
2026-07-05T12:03:26.437263,2026-07-05T12:03:26.449000+00:00,141.5,15,ask,EarnestEspressos,CostlyCorianders,8283668
2026-07-05T12:03:26.437263,2026-07-05T12:03:26.449000+00:00,141.0,30,ask,DiligentDonuts,CostlyCorianders,8283669
2026-07-05T12:03:29.247581,2026-07-05T12:03:29.254541+00:00,141.5,50,bid,FlawlessFlatbreads,EarnestEspressos,8283713
2026-07-05T12:03:30.020985,2026-07-05T12:03:30.032898+00:00,141.5,48,bid,CostlyCorianders,EarnestEspressos,8283728
2026-07-05T12:03:31.047998,2026-07-05T12:03:31.057786+00:00,141.5,12,bid,Xuanyu Liu,EarnestEspressos,8283740
2026-07-05T12:03:31.357635,2026-07-05T12:03:31.364535+00:00,141.5,40,bid,FlawlessFlatbreads,EarnestEspressos,8283744
2026-07-05T12:03:31.357635,2026-07-05T12:03:31.364535+00:00,141.9,10,bid,FlawlessFlatbreads,DiligentDonuts,8283745
2026-07-05T12:03:32.699016,2026-07-05T12:03:32.710474+00:00,141.7,45,ask,EarnestEspressos,CostlyCorianders,8283769
2026-07-05T12:03:33.169122,2026-07-05T12:03:33.180993+00:00,141.7,42,ask,EarnestEspressos,CostlyCorianders,8283777
2026-07-05T12:03:33.490449,2026-07-05T12:03:33.499508+00:00,142.1,50,bid,FlawlessFlatbreads,DiligentDonuts,8283780
2026-07-05T12:03:35.596441,2026-07-05T12:03:35.608059+00:00,141.9,50,bid,FlawlessFlatbreads,EarnestEspressos,8283809
2026-07-05T12:03:36.175916,2026-07-05T12:03:36.186680+00:00,141.9,47,bid,CostlyCorianders,EarnestEspressos,8283823
2026-07-05T12:03:37.208398,2026-07-05T12:03:37.220139+00:00,141.9,49,bid,CostlyCorianders,EarnestEspressos,8283843
2026-07-05T12:03:37.704649,2026-07-05T12:03:37.716383+00:00,141.9,4,bid,FlawlessFlatbreads,EarnestEspressos,8283847
2026-07-05T12:03:37.704649,2026-07-05T12:03:37.716383+00:00,142.3,46,bid,FlawlessFlatbreads,DiligentDonuts,8283848
2026-07-05T12:03:37.822331,2026-07-05T12:03:37.831008+00:00,142.0,23,ask,EarnestEspressos,Xuanyu Liu,8283854
2026-07-05T12:03:38.076662,2026-07-05T12:03:38.085133+00:00,142.0,3,ask,EarnestEspressos,Xuanyu Liu,8283859
2026-07-05T12:03:39.814275,2026-07-05T12:03:39.822900+00:00,142.4,50,bid,FlawlessFlatbreads,DiligentDonuts,8283874
2026-07-05T12:03:41.247887,2026-07-05T12:03:41.253391+00:00,142.0,41,ask,EarnestEspressos,CostlyCorianders,8283901
2026-07-05T12:03:41.920442,2026-07-05T12:03:41.932451+00:00,142.4,50,bid,FlawlessFlatbreads,DiligentDonuts,8283915
2026-07-05T12:03:44.027700,2026-07-05T12:03:44.039451+00:00,142.5,50,bid,FlawlessFlatbreads,EarnestEspressos,8283952
2026-07-05T12:03:45.946162,2026-07-05T12:03:45.958615+00:00,142.6,100,bid,DiligentDonuts,EarnestEspressos,8283978
2026-07-05T12:03:47.320624,2026-07-05T12:03:47.327936+00:00,142.4,3,ask,EarnestEspressos,Xuanyu Liu,8283995
2026-07-05T12:03:52.264719,2026-07-05T12:03:52.273894+00:00,142.4,45,ask,EarnestEspressos,CostlyCorianders,8284058
2026-07-05T12:03:52.471434,2026-07-05T12:03:52.483036+00:00,142.5,50,bid,FlawlessFlatbreads,DiligentDonuts,8284060
2026-07-05T12:03:53.734596,2026-07-05T12:03:53.746156+00:00,142.3,45,ask,EarnestEspressos,CostlyCorianders,8284082
2026-07-05T12:03:54.371572,2026-07-05T12:03:54.383115+00:00,142.5,40,bid,CostlyCorianders,DiligentDonuts,8284097
2026-07-05T12:03:54.580416,2026-07-05T12:03:54.592027+00:00,142.5,10,bid,FlawlessFlatbreads,DiligentDonuts,8284099
2026-07-05T12:03:54.580416,2026-07-05T12:03:54.592027+00:00,142.8,40,bid,FlawlessFlatbreads,EarnestEspressos,8284100
2026-07-05T12:03:56.688992,2026-07-05T12:03:56.700431+00:00,142.8,50,bid,FlawlessFlatbreads,EarnestEspressos,8284123
2026-07-05T12:03:56.934378,2026-07-05T12:03:56.946299+00:00,142.5,44,ask,EarnestEspressos,CostlyCorianders,8284129
2026-07-05T12:03:58.481281,2026-07-05T12:03:58.492967+00:00,142.9,41,bid,CostlyCorianders,DiligentDonuts,8284149
2026-07-05T12:03:58.795476,2026-07-05T12:03:58.807023+00:00,142.9,50,bid,FlawlessFlatbreads,DiligentDonuts,8284156
2026-07-05T12:03:58.975377,2026-07-05T12:03:58.983530+00:00,142.5,11,ask,EarnestEspressos,Xuanyu Liu,8284162
2026-07-05T12:04:00.902293,2026-07-05T12:04:00.911619+00:00,142.7,50,bid,FlawlessFlatbreads,EarnestEspressos,8284187
2026-07-05T12:04:01.163615,2026-07-05T12:04:01.175412+00:00,142.4,48,ask,DiligentDonuts,CostlyCorianders,8284195
2026-07-05T12:04:03.009039,2026-07-05T12:04:03.020695+00:00,142.7,50,bid,FlawlessFlatbreads,EarnestEspressos,8284222
2026-07-05T12:04:03.129272,2026-07-05T12:04:03.163231+00:00,142.5,12,ask,EarnestEspressos,Xuanyu Liu,8284223
2026-07-05T12:04:04.767273,2026-07-05T12:04:04.782152+00:00,142.5,4,ask,EarnestEspressos,Aaron Tian,8284253
2026-07-05T12:04:05.039537,2026-07-05T12:04:05.047483+00:00,142.5,11,ask,EarnestEspressos,Xuanyu Liu,8284259
2026-07-05T12:04:05.169366,2026-07-05T12:04:05.180774+00:00,142.5,50,ask,EarnestEspressos,FlawlessFlatbreads,8284261
2026-07-05T12:04:07.296354,2026-07-05T12:04:07.308120+00:00,142.6,41,bid,CostlyCorianders,EarnestEspressos,8284287
2026-07-05T12:04:09.379251,2026-07-05T12:04:09.391232+00:00,142.4,50,ask,DiligentDonuts,FlawlessFlatbreads,8284312
2026-07-05T12:04:09.925808,2026-07-05T12:04:09.937311+00:00,142.5,45,ask,EarnestEspressos,CostlyCorianders,8284320
2026-07-05T12:04:10.492692,2026-07-05T12:04:10.503318+00:00,142.5,42,ask,EarnestEspressos,CostlyCorianders,8284329
2026-07-05T12:04:11.486989,2026-07-05T12:04:11.563657+00:00,142.5,50,ask,EarnestEspressos,FlawlessFlatbreads,8284347
2026-07-05T12:04:12.031512,2026-07-05T12:04:12.043027+00:00,142.8,45,bid,CostlyCorianders,DiligentDonuts,8284353
2026-07-05T12:04:12.557375,2026-07-05T12:04:12.567149+00:00,142.8,48,bid,CostlyCorianders,DiligentDonuts,8284360
2026-07-05T12:04:12.652437,2026-07-05T12:04:12.673846+00:00,142.3,100,ask,DiligentDonuts,EarnestEspressos,8284363
2026-07-05T12:04:12.665045,2026-07-05T12:04:12.673846+00:00,142.3,11,bid,Xuanyu Liu,EarnestEspressos,8284364
2026-07-05T12:04:13.172839,2026-07-05T12:04:13.184323+00:00,141.8,42,ask,EarnestEspressos,CostlyCorianders,8284368
2026-07-05T12:04:13.546984,2026-07-05T12:04:13.556118+00:00,142.3,39,bid,FlawlessFlatbreads,EarnestEspressos,8284372
2026-07-05T12:04:13.546984,2026-07-05T12:04:13.556118+00:00,142.8,7,bid,FlawlessFlatbreads,DiligentDonuts,8284373
2026-07-05T12:04:17.757108,2026-07-05T12:04:17.768856+00:00,142.5,50,bid,FlawlessFlatbreads,DiligentDonuts,8284428
2026-07-05T12:04:19.915629,2026-07-05T12:04:19.926921+00:00,142.0,50,ask,DiligentDonuts,FlawlessFlatbreads,8284451
2026-07-05T12:04:20.328957,2026-07-05T12:04:20.336910+00:00,142.2,48,bid,CostlyCorianders,EarnestEspressos,8284455
2026-07-05T12:04:22.021916,2026-07-05T12:04:22.033759+00:00,141.8,50,ask,DiligentDonuts,FlawlessFlatbreads,8284478
2026-07-05T12:04:23.940095,2026-07-05T12:04:23.947139+00:00,142.1,100,ask,EarnestEspressos,DiligentDonuts,8284497
2026-07-05T12:04:24.128820,2026-07-05T12:04:24.140253+00:00,142.1,50,ask,EarnestEspressos,FlawlessFlatbreads,8284501
2026-07-05T12:04:26.235900,2026-07-05T12:04:26.247831+00:00,141.6,50,ask,DiligentDonuts,FlawlessFlatbreads,8284529
2026-07-05T12:04:26.371151,2026-07-05T12:04:26.382916+00:00,141.6,46,ask,DiligentDonuts,CostlyCorianders,8284531
2026-07-05T12:04:26.803934,2026-07-05T12:04:26.812265+00:00,142.0,12,bid,Xuanyu Liu,EarnestEspressos,8284549
2026-07-05T12:04:28.351112,2026-07-05T12:04:28.357484+00:00,141.7,50,ask,DiligentDonuts,FlawlessFlatbreads,8284573
2026-07-05T12:04:30.458013,2026-07-05T12:04:30.469302+00:00,141.5,50,ask,EarnestEspressos,FlawlessFlatbreads,8284606
2026-07-05T12:04:31.006174,2026-07-05T12:04:31.013053+00:00,141.5,42,ask,EarnestEspressos,CostlyCorianders,8284613
2026-07-05T12:04:31.659741,2026-07-05T12:04:31.667646+00:00,141.9,11,bid,Xuanyu Liu,EarnestEspressos,8284626
2026-07-05T12:04:32.540251,2026-07-05T12:04:32.551746+00:00,141.9,47,bid,CostlyCorianders,EarnestEspressos,8284640
2026-07-05T12:04:32.566262,2026-07-05T12:04:32.572938+00:00,141.5,50,ask,DiligentDonuts,FlawlessFlatbreads,8284641
2026-07-05T12:04:34.684014,2026-07-05T12:04:34.695755+00:00,141.4,50,ask,EarnestEspressos,FlawlessFlatbreads,8284677
2026-07-05T12:04:35.786491,2026-07-05T12:04:35.797918+00:00,141.8,44,bid,CostlyCorianders,EarnestEspressos,8284698
2026-07-05T12:04:35.840021,2026-07-05T12:04:35.851359+00:00,141.4,40,ask,DiligentDonuts,CostlyCorianders,8284701
2026-07-05T12:04:36.598974,2026-07-05T12:04:36.608250+00:00,141.4,3,bid,Xuanyu Liu,DiligentDonuts,8284721
2026-07-05T12:04:36.791393,2026-07-05T12:04:36.803130+00:00,141.3,50,ask,EarnestEspressos,FlawlessFlatbreads,8284724
2026-07-05T12:04:37.852859,2026-07-05T12:04:37.864535+00:00,141.4,41,bid,CostlyCorianders,DiligentDonuts,8284732
2026-07-05T12:04:38.899637,2026-07-05T12:04:38.910929+00:00,141.1,50,ask,EarnestEspressos,FlawlessFlatbreads,8284750
2026-07-05T12:04:39.145194,2026-07-05T12:04:39.156680+00:00,141.1,43,ask,EarnestEspressos,CostlyCorianders,8284752
2026-07-05T12:04:41.005079,2026-07-05T12:04:41.014525+00:00,141.1,50,ask,EarnestEspressos,FlawlessFlatbreads,8284777
2026-07-05T12:04:41.135308,2026-07-05T12:04:41.145928+00:00,141.0,100,ask,DiligentDonuts,EarnestEspressos,8284783
2026-07-05T12:04:41.335119,2026-07-05T12:04:41.343746+00:00,141.0,3,bid,Xuanyu Liu,EarnestEspressos,8284790
2026-07-05T12:04:41.649339,2026-07-05T12:04:41.658585+00:00,141.0,40,bid,CostlyCorianders,EarnestEspressos,8284795
2026-07-05T12:04:42.116680,2026-07-05T12:04:42.123921+00:00,141.0,7,bid,CostlyCorianders,EarnestEspressos,8284806
2026-07-05T12:04:42.694109,2026-07-05T12:04:42.705781+00:00,140.5,44,ask,EarnestEspressos,CostlyCorianders,8284812
2026-07-05T12:04:43.298415,2026-07-05T12:04:43.309905+00:00,141.2,41,bid,CostlyCorianders,DiligentDonuts,8284820
2026-07-05T12:04:44.334765,2026-07-05T12:04:44.347654+00:00,140.8,47,ask,EarnestEspressos,CostlyCorianders,8284834
2026-07-05T12:04:45.170122,2026-07-05T12:04:45.178890+00:00,141.2,50,bid,FlawlessFlatbreads,DiligentDonuts,8284852
2026-07-05T12:04:46.333082,2026-07-05T12:04:46.342553+00:00,141.3,46,bid,CostlyCorianders,EarnestEspressos,8284866
2026-07-05T12:04:49.400748,2026-07-05T12:04:49.412430+00:00,141.3,50,bid,FlawlessFlatbreads,EarnestEspressos,8284910
2026-07-05T12:04:51.509291,2026-07-05T12:04:51.521048+00:00,141.3,50,bid,FlawlessFlatbreads,DiligentDonuts,8284936
2026-07-05T12:04:51.879812,2026-07-05T12:04:51.887650+00:00,140.9,40,ask,EarnestEspressos,CostlyCorianders,8284943
2026-07-05T12:04:52.859459,2026-07-05T12:04:52.867303+00:00,141.2,3,ask,DiligentDonuts,Xuanyu Liu,8284959
2026-07-05T12:04:53.644908,2026-07-05T12:04:53.658606+00:00,141.4,50,bid,FlawlessFlatbreads,EarnestEspressos,8284975
2026-07-05T12:04:55.439994,2026-07-05T12:04:55.451629+00:00,141.2,46,ask,DiligentDonuts,CostlyCorianders,8285004
2026-07-05T12:04:55.566305,2026-07-05T12:04:55.577890+00:00,140.9,100,ask,EarnestEspressos,DiligentDonuts,8285007
2026-07-05T12:04:58.509187,2026-07-05T12:04:58.520839+00:00,140.7,46,bid,CostlyCorianders,EarnestEspressos,8285057
2026-07-05T12:04:58.675630,2026-07-05T12:04:58.687410+00:00,140.7,100,bid,DiligentDonuts,EarnestEspressos,8285058
2026-07-05T12:04:59.414496,2026-07-05T12:04:59.422623+00:00,140.7,4,bid,Xuanyu Liu,EarnestEspressos,8285066
2026-07-05T12:04:59.967201,2026-07-05T12:04:59.978702+00:00,141.3,50,bid,FlawlessFlatbreads,DiligentDonuts,8285076
2026-07-05T12:05:02.074623,2026-07-05T12:05:02.086261+00:00,140.9,50,bid,FlawlessFlatbreads,EarnestEspressos,8285106
2026-07-05T12:05:03.227442,2026-07-05T12:05:03.236969+00:00,140.9,100,bid,EarnestEspressos,DiligentDonuts,8285122
2026-07-05T12:05:03.291312,2026-07-05T12:05:03.299695+00:00,140.9,4,ask,EarnestEspressos,Xuanyu Liu,8285123
2026-07-05T12:05:05.818902,2026-07-05T12:05:05.825896+00:00,140.9,45,ask,EarnestEspressos,CostlyCorianders,8285160
2026-07-05T12:05:06.283708,2026-07-05T12:05:06.291453+00:00,141.4,50,bid,FlawlessFlatbreads,EarnestEspressos,8285168
2026-07-05T12:05:06.719123,2026-07-05T12:05:06.732877+00:00,140.9,14,ask,DiligentDonuts,Xuanyu Liu,8285176
2026-07-05T12:05:09.551322,2026-07-05T12:05:09.562673+00:00,140.6,48,ask,DiligentDonuts,CostlyCorianders,8285220
2026-07-05T12:05:09.602346,2026-07-05T12:05:09.611040+00:00,140.6,52,ask,DiligentDonuts,EarnestEspressos,8285221
2026-07-05T12:05:10.549470,2026-07-05T12:05:10.559314+00:00,140.1,50,ask,EarnestEspressos,FlawlessFlatbreads,8285242
2026-07-05T12:05:11.113637,2026-07-05T12:05:11.125239+00:00,140.6,44,bid,CostlyCorianders,EarnestEspressos,8285252
2026-07-05T12:05:12.655805,2026-07-05T12:05:12.664729+00:00,140.2,50,ask,DiligentDonuts,FlawlessFlatbreads,8285269
2026-07-05T12:05:12.677420,2026-07-05T12:05:12.689240+00:00,140.7,44,bid,CostlyCorianders,DiligentDonuts,8285270
2026-07-05T12:05:13.920410,2026-07-05T12:05:13.931468+00:00,140.7,46,bid,CostlyCorianders,DiligentDonuts,8285293
2026-07-05T12:05:14.007242,2026-07-05T12:05:14.015529+00:00,140.3,47,ask,EarnestEspressos,CostlyCorianders,8285295
2026-07-05T12:05:14.764044,2026-07-05T12:05:14.775730+00:00,140.3,50,ask,EarnestEspressos,FlawlessFlatbreads,8285302
2026-07-05T12:05:15.949280,2026-07-05T12:05:15.966491+00:00,140.2,14,bid,Xuanyu Liu,EarnestEspressos,8285316
2026-07-05T12:05:16.871515,2026-07-05T12:05:16.880068+00:00,140.1,50,ask,DiligentDonuts,FlawlessFlatbreads,8285331
2026-07-05T12:05:17.506349,2026-07-05T12:05:17.518073+00:00,140.1,42,ask,DiligentDonuts,CostlyCorianders,8285343
2026-07-05T12:05:18.976911,2026-07-05T12:05:18.988664+00:00,139.8,50,ask,DiligentDonuts,FlawlessFlatbreads,8285371
2026-07-05T12:05:20.948330,2026-07-05T12:05:20.954597+00:00,140.2,43,bid,CostlyCorianders,DiligentDonuts,8285404
2026-07-05T12:05:21.031940,2026-07-05T12:05:21.043858+00:00,140.2,50,bid,FlawlessFlatbreads,DiligentDonuts,8285405
2026-07-05T12:05:23.189727,2026-07-05T12:05:23.201299+00:00,139.8,50,ask,EarnestEspressos,FlawlessFlatbreads,8285434
2026-07-05T12:05:24.138472,2026-07-05T12:05:24.150234+00:00,140.0,49,ask,DiligentDonuts,CostlyCorianders,8285448
2026-07-05T12:05:25.296260,2026-07-05T12:05:25.307752+00:00,140.0,50,ask,DiligentDonuts,FlawlessFlatbreads,8285470
2026-07-05T12:05:25.427764,2026-07-05T12:05:25.436798+00:00,140.0,1,ask,DiligentDonuts,EarnestEspressos,8285471
2026-07-05T12:05:25.645688,2026-07-05T12:05:25.654881+00:00,139.9,3,bid,Xuanyu Liu,EarnestEspressos,8285474
2026-07-05T12:05:26.408609,2026-07-05T12:05:26.420471+00:00,139.9,4,bid,Aaron Tian,EarnestEspressos,8285484
2026-07-05T12:05:26.788215,2026-07-05T12:05:26.799835+00:00,139.9,44,bid,CostlyCorianders,EarnestEspressos,8285488
2026-07-05T12:05:27.350382,2026-07-05T12:05:27.352086+00:00,139.9,50,bid,FlawlessFlatbreads,EarnestEspressos,8285494
2026-07-05T12:05:27.375658,2026-07-05T12:05:27.386995+00:00,139.9,44,bid,CostlyCorianders,EarnestEspressos,8285495
2026-07-05T12:05:28.536378,2026-07-05T12:05:28.545575+00:00,140.0,100,bid,EarnestEspressos,DiligentDonuts,8285505
2026-07-05T12:05:28.602398,2026-07-05T12:05:28.610382+00:00,140.1,3,ask,EarnestEspressos,Xuanyu Liu,8285508
2026-07-05T12:05:29.463902,2026-07-05T12:05:29.475570+00:00,140.6,50,bid,FlawlessFlatbreads,EarnestEspressos,8285523
2026-07-05T12:05:30.442175,2026-07-05T12:05:30.453577+00:00,140.1,43,ask,EarnestEspressos,CostlyCorianders,8285550
2026-07-05T12:05:31.069042,2026-07-05T12:05:31.080947+00:00,140.1,4,ask,EarnestEspressos,CostlyCorianders,8285561
2026-07-05T12:05:31.069042,2026-07-05T12:05:31.080947+00:00,139.9,36,ask,DiligentDonuts,CostlyCorianders,8285562
2026-07-05T12:05:32.006139,2026-07-05T12:05:32.017645+00:00,140.1,42,bid,CostlyCorianders,EarnestEspressos,8285572
2026-07-05T12:05:33.727089,2026-07-05T12:05:33.736239+00:00,139.6,50,ask,EarnestEspressos,FlawlessFlatbreads,8285593
2026-07-05T12:05:35.798414,2026-07-05T12:05:35.809802+00:00,140.1,50,bid,FlawlessFlatbreads,DiligentDonuts,8285630
2026-07-05T12:05:36.147529,2026-07-05T12:05:36.158552+00:00,140.1,45,bid,CostlyCorianders,DiligentDonuts,8285637
2026-07-05T12:05:36.678930,2026-07-05T12:05:36.690719+00:00,140.1,100,bid,DiligentDonuts,EarnestEspressos,8285643
2026-07-05T12:05:37.905867,2026-07-05T12:05:37.917358+00:00,140.1,50,bid,FlawlessFlatbreads,EarnestEspressos,8285661
2026-07-05T12:05:38.209807,2026-07-05T12:05:38.220507+00:00,140.3,3,ask,EarnestEspressos,Xuanyu Liu,8285666
2026-07-05T12:05:38.776241,2026-07-05T12:05:38.786413+00:00,140.3,11,ask,EarnestEspressos,Xuanyu Liu,8285673
2026-07-05T12:05:39.229092,2026-07-05T12:05:39.237909+00:00,140.3,44,ask,EarnestEspressos,CostlyCorianders,8285686
2026-07-05T12:05:39.465528,2026-07-05T12:05:39.474409+00:00,140.3,4,ask,EarnestEspressos,Aaron Tian,8285688
2026-07-05T12:05:39.895382,2026-07-05T12:05:39.906829+00:00,140.3,88,ask,EarnestEspressos,DiligentDonuts,8285693
2026-07-05T12:05:40.063775,2026-07-05T12:05:40.070240+00:00,139.5,50,ask,DiligentDonuts,FlawlessFlatbreads,8285698
2026-07-05T12:05:40.081768,2026-07-05T12:05:40.089725+00:00,140.0,12,bid,Xuanyu Liu,DiligentDonuts,8285700
2026-07-05T12:05:41.259679,2026-07-05T12:05:41.268404+00:00,140.1,2,bid,Xuanyu Liu,EarnestEspressos,8285715
2026-07-05T12:05:42.173552,2026-07-05T12:05:42.183233+00:00,139.7,50,ask,EarnestEspressos,FlawlessFlatbreads,8285723
2026-07-05T12:05:42.617757,2026-07-05T12:05:42.624817+00:00,140.1,47,bid,CostlyCorianders,EarnestEspressos,8285731
2026-07-05T12:05:46.385293,2026-07-05T12:05:46.396704+00:00,139.9,50,ask,DiligentDonuts,FlawlessFlatbreads,8285790
2026-07-05T12:05:46.852105,2026-07-05T12:05:46.863602+00:00,139.9,44,ask,DiligentDonuts,CostlyCorianders,8285794
2026-07-05T12:05:48.459985,2026-07-05T12:05:48.469244+00:00,139.9,6,ask,DiligentDonuts,CostlyCorianders,8285818
2026-07-05T12:05:48.493142,2026-07-05T12:05:48.507585+00:00,139.6,50,ask,EarnestEspressos,FlawlessFlatbreads,8285819
2026-07-05T12:05:49.638903,2026-07-05T12:05:49.650716+00:00,140.0,45,bid,CostlyCorianders,DiligentDonuts,8285835
2026-07-05T12:05:50.548842,2026-07-05T12:05:50.558559+00:00,140.0,50,bid,FlawlessFlatbreads,DiligentDonuts,8285843
2026-07-05T12:05:50.639123,2026-07-05T12:05:50.651029+00:00,140.0,5,bid,CostlyCorianders,DiligentDonuts,8285844
2026-07-05T12:05:50.695948,2026-07-05T12:05:50.705648+00:00,139.5,42,ask,DiligentDonuts,CostlyCorianders,8285846
2026-07-05T12:05:51.287966,2026-07-05T12:05:51.299747+00:00,139.8,48,bid,CostlyCorianders,EarnestEspressos,8285852
2026-07-05T12:05:51.594385,2026-07-05T12:05:51.602473+00:00,139.8,3,bid,Xuanyu Liu,EarnestEspressos,8285857
2026-07-05T12:05:51.869073,2026-07-05T12:05:51.881120+00:00,139.8,23,bid,Xuanyu Liu,EarnestEspressos,8285863
2026-07-05T12:05:52.492524,2026-07-05T12:05:52.504072+00:00,139.8,76,bid,DiligentDonuts,EarnestEspressos,8285875
2026-07-05T12:05:52.655179,2026-07-05T12:05:52.666806+00:00,140.4,50,bid,FlawlessFlatbreads,DiligentDonuts,8285879
2026-07-05T12:05:53.179278,2026-07-05T12:05:53.187084+00:00,139.9,12,ask,DiligentDonuts,Xuanyu Liu,8285889
2026-07-05T12:05:53.859410,2026-07-05T12:05:53.870593+00:00,140.0,11,ask,EarnestEspressos,Xuanyu Liu,8285900
2026-07-05T12:05:54.705456,2026-07-05T12:05:54.717060+00:00,140.0,48,ask,EarnestEspressos,CostlyCorianders,8285914
2026-07-05T12:05:55.332264,2026-07-05T12:05:55.344513+00:00,140.4,42,bid,CostlyCorianders,DiligentDonuts,8285926
2026-07-05T12:05:56.878225,2026-07-05T12:05:56.889822+00:00,140.3,50,bid,FlawlessFlatbreads,DiligentDonuts,8285944
2026-07-05T12:05:58.334970,2026-07-05T12:05:58.346659+00:00,139.8,43,ask,DiligentDonuts,CostlyCorianders,8285966
2026-07-05T12:05:58.984921,2026-07-05T12:05:58.996488+00:00,140.3,50,bid,FlawlessFlatbreads,EarnestEspressos,8285974
2026-07-05T12:06:01.030177,2026-07-05T12:06:01.039347+00:00,140.3,3,ask,EarnestEspressos,Xuanyu Liu,8286005
2026-07-05T12:06:01.144309,2026-07-05T12:06:01.155854+00:00,140.3,50,ask,EarnestEspressos,FlawlessFlatbreads,8286009
2026-07-05T12:06:02.619789,2026-07-05T12:06:02.628947+00:00,140.3,48,ask,EarnestEspressos,CostlyCorianders,8286029
2026-07-05T12:06:03.253172,2026-07-05T12:06:03.263986+00:00,140.3,49,ask,EarnestEspressos,FlawlessFlatbreads,8286033
2026-07-05T12:06:03.253172,2026-07-05T12:06:03.263986+00:00,140.0,1,ask,DiligentDonuts,FlawlessFlatbreads,8286034
2026-07-05T12:06:03.663031,2026-07-05T12:06:03.671566+00:00,140.1,3,bid,Xuanyu Liu,EarnestEspressos,8286039
2026-07-05T12:06:05.151319,2026-07-05T12:06:05.158596+00:00,140.1,100,bid,DiligentDonuts,EarnestEspressos,8286074
2026-07-05T12:06:05.362385,2026-07-05T12:06:05.373972+00:00,139.6,50,ask,EarnestEspressos,FlawlessFlatbreads,8286076
2026-07-05T12:06:05.595244,2026-07-05T12:06:05.607029+00:00,140.1,4,bid,Aaron Tian,EarnestEspressos,8286083
2026-07-05T12:06:06.159552,2026-07-05T12:06:06.167607+00:00,140.1,11,bid,Xuanyu Liu,EarnestEspressos,8286088
2026-07-05T12:06:07.471835,2026-07-05T12:06:07.483564+00:00,139.8,50,ask,EarnestEspressos,FlawlessFlatbreads,8286107
2026-07-05T12:06:09.579486,2026-07-05T12:06:09.591418+00:00,139.8,50,ask,EarnestEspressos,FlawlessFlatbreads,8286142
2026-07-05T12:06:09.731280,2026-07-05T12:06:09.740440+00:00,139.9,23,bid,Xuanyu Liu,EarnestEspressos,8286149
2026-07-05T12:06:10.324728,2026-07-05T12:06:10.337105+00:00,139.9,12,bid,Xuanyu Liu,EarnestEspressos,8286154
2026-07-05T12:06:11.473194,2026-07-05T12:06:11.564931+00:00,139.9,100,bid,DiligentDonuts,EarnestEspressos,8286173
2026-07-05T12:06:11.686405,2026-07-05T12:06:11.758841+00:00,139.4,50,ask,EarnestEspressos,FlawlessFlatbreads,8286177
2026-07-05T12:06:12.843018,2026-07-05T12:06:12.859726+00:00,140.1,12,ask,EarnestEspressos,Xuanyu Liu,8286194
2026-07-05T12:06:15.935931,2026-07-05T12:06:15.946546+00:00,140.2,45,bid,CostlyCorianders,DiligentDonuts,8286240
2026-07-05T12:06:16.799754,2026-07-05T12:06:16.808120+00:00,140.1,11,ask,EarnestEspressos,Xuanyu Liu,8286257
2026-07-05T12:06:18.511437,2026-07-05T12:06:18.522916+00:00,140.6,48,bid,CostlyCorianders,EarnestEspressos,8286287
2026-07-05T12:06:19.429013,2026-07-05T12:06:19.437183+00:00,140.5,12,ask,EarnestEspressos,Xuanyu Liu,8286302
2026-07-05T12:06:22.014659,2026-07-05T12:06:22.026588+00:00,140.7,41,bid,CostlyCorianders,DiligentDonuts,8286329
2026-07-05T12:06:22.069782,2026-07-05T12:06:22.081224+00:00,140.5,43,ask,EarnestEspressos,CostlyCorianders,8286330
2026-07-05T12:06:22.169953,2026-07-05T12:06:22.180418+00:00,140.7,50,bid,FlawlessFlatbreads,DiligentDonuts,8286333
2026-07-05T12:06:24.328838,2026-07-05T12:06:24.336335+00:00,140.3,50,ask,EarnestEspressos,FlawlessFlatbreads,8286369
2026-07-05T12:06:27.291957,2026-07-05T12:06:27.300513+00:00,140.7,100,bid,DiligentDonuts,EarnestEspressos,8286411
2026-07-05T12:06:28.486957,2026-07-05T12:06:28.495278+00:00,140.7,50,bid,FlawlessFlatbreads,EarnestEspressos,8286430
2026-07-05T12:06:31.136250,2026-07-05T12:06:31.148036+00:00,140.5,44,ask,EarnestEspressos,CostlyCorianders,8286472
2026-07-05T12:06:31.823322,2026-07-05T12:06:31.832208+00:00,140.7,100,bid,EarnestEspressos,DiligentDonuts,8286487
2026-07-05T12:06:32.155155,2026-07-05T12:06:32.154618+00:00,141.2,49,bid,CostlyCorianders,EarnestEspressos,8286489
2026-07-05T12:06:32.747547,2026-07-05T12:06:32.758594+00:00,140.7,50,ask,EarnestEspressos,FlawlessFlatbreads,8286496
2026-07-05T12:06:34.854131,2026-07-05T12:06:34.865776+00:00,140.5,50,ask,DiligentDonuts,FlawlessFlatbreads,8286521
2026-07-05T12:06:39.044538,2026-07-05T12:06:39.056016+00:00,140.8,50,bid,FlawlessFlatbreads,EarnestEspressos,8286578
2026-07-05T12:06:40.393023,2026-07-05T12:06:40.400037+00:00,140.8,35,bid,Xuanyu Liu,EarnestEspressos,8286608
2026-07-05T12:06:40.407265,2026-07-05T12:06:40.415565+00:00,140.8,49,bid,CostlyCorianders,EarnestEspressos,8286610
2026-07-05T12:06:41.202319,2026-07-05T12:06:41.213943+00:00,140.3,50,ask,EarnestEspressos,FlawlessFlatbreads,8286616
2026-07-05T12:06:41.306245,2026-07-05T12:06:41.313555+00:00,140.8,100,bid,EarnestEspressos,DiligentDonuts,8286622
2026-07-05T12:06:41.372186,2026-07-05T12:06:41.393730+00:00,141.1,12,ask,EarnestEspressos,Xuanyu Liu,8286623
2026-07-05T12:06:41.570890,2026-07-05T12:06:41.580599+00:00,141.1,38,ask,EarnestEspressos,CostlyCorianders,8286632
2026-07-05T12:06:41.570890,2026-07-05T12:06:41.580599+00:00,140.3,11,ask,DiligentDonuts,CostlyCorianders,8286633
2026-07-05T12:06:43.311278,2026-07-05T12:06:43.321320+00:00,141.0,50,ask,DiligentDonuts,FlawlessFlatbreads,8286646
2026-07-05T12:06:43.803648,2026-07-05T12:06:43.815474+00:00,141.0,45,ask,DiligentDonuts,CostlyCorianders,8286662
2026-07-05T12:06:44.520135,2026-07-05T12:06:44.529282+00:00,141.0,5,ask,DiligentDonuts,EarnestEspressos,8286669
2026-07-05T12:06:45.367122,2026-07-05T12:06:45.378838+00:00,141.0,50,bid,FlawlessFlatbreads,EarnestEspressos,8286682
2026-07-05T12:06:46.493431,2026-07-05T12:06:46.505111+00:00,141.0,48,bid,CostlyCorianders,EarnestEspressos,8286697
2026-07-05T12:06:47.061388,2026-07-05T12:06:47.073428+00:00,140.8,40,ask,DiligentDonuts,CostlyCorianders,8286701
2026-07-05T12:06:47.496100,2026-07-05T12:06:47.508229+00:00,141.0,47,bid,FlawlessFlatbreads,EarnestEspressos,8286705
2026-07-05T12:06:47.496100,2026-07-05T12:06:47.508229+00:00,141.3,3,bid,FlawlessFlatbreads,DiligentDonuts,8286706
2026-07-05T12:06:49.660492,2026-07-05T12:06:49.670262+00:00,141.1,50,ask,EarnestEspressos,FlawlessFlatbreads,8286731
2026-07-05T12:06:49.823814,2026-07-05T12:06:49.831522+00:00,141.4,47,bid,CostlyCorianders,DiligentDonuts,8286735
2026-07-05T12:06:51.715873,2026-07-05T12:06:51.726937+00:00,141.4,50,bid,FlawlessFlatbreads,DiligentDonuts,8286767
2026-07-05T12:06:51.979951,2026-07-05T12:06:51.991529+00:00,141.4,3,bid,CostlyCorianders,DiligentDonuts,8286777
2026-07-05T12:06:53.599185,2026-07-05T12:06:53.611257+00:00,141.2,45,ask,EarnestEspressos,CostlyCorianders,8286806
2026-07-05T12:06:53.823174,2026-07-05T12:06:53.834542+00:00,141.6,50,bid,FlawlessFlatbreads,DiligentDonuts,8286810
2026-07-05T12:06:55.796059,2026-07-05T12:06:55.804224+00:00,141.4,11,ask,DiligentDonuts,Xuanyu Liu,8286833
2026-07-05T12:06:55.928900,2026-07-05T12:06:55.935563+00:00,141.5,50,bid,FlawlessFlatbreads,EarnestEspressos,8286836
2026-07-05T12:06:56.138574,2026-07-05T12:06:56.146943+00:00,141.4,12,ask,DiligentDonuts,Xuanyu Liu,8286841
2026-07-05T12:06:57.459544,2026-07-05T12:06:57.469323+00:00,141.4,14,ask,DiligentDonuts,Xuanyu Liu,8286856
2026-07-05T12:06:57.863980,2026-07-05T12:06:57.875907+00:00,141.4,43,ask,DiligentDonuts,CostlyCorianders,8286863
2026-07-05T12:06:58.036177,2026-07-05T12:06:58.047757+00:00,141.5,50,bid,FlawlessFlatbreads,EarnestEspressos,8286864
2026-07-05T12:06:58.472605,2026-07-05T12:06:58.484494+00:00,141.4,20,ask,DiligentDonuts,CostlyCorianders,8286878
2026-07-05T12:06:59.006960,2026-07-05T12:06:59.020899+00:00,141.2,42,bid,CostlyCorianders,DiligentDonuts,8286889
2026-07-05T12:06:59.396811,2026-07-05T12:06:59.404426+00:00,141.2,3,bid,Xuanyu Liu,DiligentDonuts,8286898
2026-07-05T12:07:00.128256,2026-07-05T12:07:00.140083+00:00,141.2,42,bid,CostlyCorianders,DiligentDonuts,8286905
2026-07-05T12:07:00.652627,2026-07-05T12:07:00.664374+00:00,141.2,13,bid,CostlyCorianders,DiligentDonuts,8286916
2026-07-05T12:07:02.295871,2026-07-05T12:07:02.307277+00:00,141.3,50,ask,DiligentDonuts,FlawlessFlatbreads,8286945
2026-07-05T12:07:02.550487,2026-07-05T12:07:02.559569+00:00,141.4,43,bid,CostlyCorianders,EarnestEspressos,8286953
2026-07-05T12:07:03.176139,2026-07-05T12:07:03.187498+00:00,141.3,42,ask,DiligentDonuts,CostlyCorianders,8286961
2026-07-05T12:07:04.402657,2026-07-05T12:07:04.414205+00:00,141.3,8,ask,DiligentDonuts,FlawlessFlatbreads,8286981
2026-07-05T12:07:04.402657,2026-07-05T12:07:04.414205+00:00,141.3,42,ask,EarnestEspressos,FlawlessFlatbreads,8286982
2026-07-05T12:07:05.725009,2026-07-05T12:07:05.736572+00:00,141.3,45,ask,EarnestEspressos,CostlyCorianders,8287005
2026-07-05T12:07:06.513606,2026-07-05T12:07:06.522890+00:00,141.3,50,ask,EarnestEspressos,FlawlessFlatbreads,8287014
2026-07-05T12:07:09.280276,2026-07-05T12:07:09.288343+00:00,141.7,11,bid,Xuanyu Liu,EarnestEspressos,8287057
2026-07-05T12:07:10.108139,2026-07-05T12:07:10.119748+00:00,141.8,45,bid,CostlyCorianders,DiligentDonuts,8287071
2026-07-05T12:07:10.670932,2026-07-05T12:07:10.682552+00:00,141.8,50,bid,FlawlessFlatbreads,DiligentDonuts,8287089
2026-07-05T12:07:12.834611,2026-07-05T12:07:12.844564+00:00,141.6,50,ask,DiligentDonuts,FlawlessFlatbreads,8287112
2026-07-05T12:07:13.005441,2026-07-05T12:07:13.013611+00:00,141.6,50,ask,DiligentDonuts,EarnestEspressos,8287115
2026-07-05T12:07:13.199569,2026-07-05T12:07:13.208328+00:00,141.6,48,bid,CostlyCorianders,EarnestEspressos,8287117
2026-07-05T12:07:14.730267,2026-07-05T12:07:14.741972+00:00,141.1,46,ask,EarnestEspressos,CostlyCorianders,8287139
2026-07-05T12:07:14.940829,2026-07-05T12:07:14.947587+00:00,141.1,50,ask,EarnestEspressos,FlawlessFlatbreads,8287145
2026-07-05T12:07:16.774821,2026-07-05T12:07:16.783683+00:00,141.6,48,bid,CostlyCorianders,DiligentDonuts,8287173
2026-07-05T12:07:17.046851,2026-07-05T12:07:17.058352+00:00,141.1,50,ask,DiligentDonuts,FlawlessFlatbreads,8287178
2026-07-05T12:07:18.141433,2026-07-05T12:07:18.151055+00:00,141.6,12,bid,Xuanyu Liu,EarnestEspressos,8287202
2026-07-05T12:07:19.156006,2026-07-05T12:07:19.163641+00:00,141.1,50,ask,EarnestEspressos,FlawlessFlatbreads,8287219
2026-07-05T12:07:19.330499,2026-07-05T12:07:19.345407+00:00,141.6,11,bid,Xuanyu Liu,DiligentDonuts,8287220
2026-07-05T12:07:19.942009,2026-07-05T12:07:19.955881+00:00,141.6,12,bid,Xuanyu Liu,DiligentDonuts,8287233
2026-07-05T12:07:21.261309,2026-07-05T12:07:21.273138+00:00,141.6,50,ask,DiligentDonuts,FlawlessFlatbreads,8287257
2026-07-05T12:07:23.369013,2026-07-05T12:07:23.380576+00:00,141.6,50,ask,DiligentDonuts,FlawlessFlatbreads,8287287
2026-07-05T12:07:23.694730,2026-07-05T12:07:23.704701+00:00,141.7,11,bid,Xuanyu Liu,EarnestEspressos,8287297
2026-07-05T12:07:24.046631,2026-07-05T12:07:24.053608+00:00,141.2,46,ask,EarnestEspressos,CostlyCorianders,8287303
2026-07-05T12:07:25.481892,2026-07-05T12:07:25.490793+00:00,141.5,50,ask,DiligentDonuts,FlawlessFlatbreads,8287331
2026-07-05T12:07:25.671986,2026-07-05T12:07:25.683760+00:00,142.0,44,bid,CostlyCorianders,DiligentDonuts,8287334
2026-07-05T12:07:27.590724,2026-07-05T12:07:27.602450+00:00,141.6,50,ask,DiligentDonuts,FlawlessFlatbreads,8287356
2026-07-05T12:07:28.109725,2026-07-05T12:07:28.121353+00:00,141.6,45,ask,DiligentDonuts,CostlyCorianders,8287363
2026-07-05T12:07:29.698050,2026-07-05T12:07:29.709596+00:00,141.6,5,ask,DiligentDonuts,FlawlessFlatbreads,8287386
2026-07-05T12:07:29.698050,2026-07-05T12:07:29.709596+00:00,141.6,45,ask,EarnestEspressos,FlawlessFlatbreads,8287387
2026-07-05T12:07:30.118532,2026-07-05T12:07:30.130318+00:00,142.1,42,bid,CostlyCorianders,EarnestEspressos,8287397
2026-07-05T12:07:30.646437,2026-07-05T12:07:30.657964+00:00,142.1,42,bid,CostlyCorianders,DiligentDonuts,8287410
2026-07-05T12:07:31.806417,2026-07-05T12:07:31.814667+00:00,141.6,50,ask,EarnestEspressos,FlawlessFlatbreads,8287427
2026-07-05T12:07:31.997913,2026-07-05T12:07:32.006462+00:00,141.6,100,ask,DiligentDonuts,EarnestEspressos,8287429
2026-07-05T12:07:32.859608,2026-07-05T12:07:32.869945+00:00,141.4,23,bid,Xuanyu Liu,EarnestEspressos,8287446
2026-07-05T12:07:33.316325,2026-07-05T12:07:33.325758+00:00,141.4,11,bid,Xuanyu Liu,EarnestEspressos,8287451
2026-07-05T12:07:33.913588,2026-07-05T12:07:33.925417+00:00,141.0,50,ask,EarnestEspressos,FlawlessFlatbreads,8287460
2026-07-05T12:07:35.602733,2026-07-05T12:07:35.614418+00:00,141.4,41,ask,EarnestEspressos,CostlyCorianders,8287482
2026-07-05T12:07:35.970683,2026-07-05T12:07:35.982523+00:00,141.5,50,bid,FlawlessFlatbreads,DiligentDonuts,8287489
2026-07-05T12:07:36.208223,2026-07-05T12:07:36.219541+00:00,141.4,45,ask,EarnestEspressos,CostlyCorianders,8287491
2026-07-05T12:07:37.771708,2026-07-05T12:07:37.783322+00:00,141.5,47,bid,CostlyCorianders,DiligentDonuts,8287504
2026-07-05T12:07:38.101887,2026-07-05T12:07:38.109680+00:00,141.4,11,ask,EarnestEspressos,Xuanyu Liu,8287511
2026-07-05T12:07:38.134652,2026-07-05T12:07:38.146478+00:00,141.4,50,ask,EarnestEspressos,FlawlessFlatbreads,8287513
2026-07-05T12:07:38.163331,2026-07-05T12:07:38.172617+00:00,141.4,3,ask,EarnestEspressos,Xuanyu Liu,8287515
2026-07-05T12:07:38.363383,2026-07-05T12:07:38.372221+00:00,141.1,14,bid,Xuanyu Liu,EarnestEspressos,8287520
2026-07-05T12:07:38.743111,2026-07-05T12:07:38.758604+00:00,141.0,44,ask,DiligentDonuts,CostlyCorianders,8287528
2026-07-05T12:07:40.243303,2026-07-05T12:07:40.248455+00:00,140.9,50,ask,DiligentDonuts,FlawlessFlatbreads,8287550
2026-07-05T12:07:42.388519,2026-07-05T12:07:42.395756+00:00,140.9,50,ask,DiligentDonuts,FlawlessFlatbreads,8287589
2026-07-05T12:07:44.494656,2026-07-05T12:07:44.506440+00:00,140.7,50,ask,EarnestEspressos,FlawlessFlatbreads,8287627
2026-07-05T12:07:44.683495,2026-07-05T12:07:44.691601+00:00,141.1,6,bid,Xuanyu Liu,EarnestEspressos,8287631
2026-07-05T12:07:44.983299,2026-07-05T12:07:44.994711+00:00,141.1,49,bid,CostlyCorianders,EarnestEspressos,8287641
2026-07-05T12:07:47.033850,2026-07-05T12:07:47.045607+00:00,141.1,40,bid,CostlyCorianders,EarnestEspressos,8287660
2026-07-05T12:07:48.670601,2026-07-05T12:07:48.682105+00:00,141.2,50,bid,FlawlessFlatbreads,DiligentDonuts,8287681
2026-07-05T12:07:50.784691,2026-07-05T12:07:50.794737+00:00,141.4,50,bid,FlawlessFlatbreads,EarnestEspressos,8287698
2026-07-05T12:07:52.894747,2026-07-05T12:07:52.906335+00:00,141.3,50,bid,FlawlessFlatbreads,DiligentDonuts,8287716
2026-07-05T12:07:55.001965,2026-07-05T12:07:55.010488+00:00,141.3,50,bid,FlawlessFlatbreads,DiligentDonuts,8287747
2026-07-05T12:07:57.108973,2026-07-05T12:07:57.120619+00:00,141.6,50,bid,FlawlessFlatbreads,DiligentDonuts,8287776
2026-07-05T12:07:59.078202,2026-07-05T12:07:59.088825+00:00,141.4,6,ask,DiligentDonuts,Xuanyu Liu,8287798
2026-07-05T12:07:59.105532,2026-07-05T12:07:59.114289+00:00,141.4,34,ask,DiligentDonuts,Xuanyu Liu,8287801
2026-07-05T12:07:59.281987,2026-07-05T12:07:59.295926+00:00,141.4,50,ask,DiligentDonuts,FlawlessFlatbreads,8287806
2026-07-05T12:08:00.484071,2026-07-05T12:08:00.494585+00:00,141.4,10,ask,DiligentDonuts,EarnestEspressos,8287822
2026-07-05T12:08:01.337532,2026-07-05T12:08:01.349212+00:00,141.4,50,bid,FlawlessFlatbreads,EarnestEspressos,8287836
2026-07-05T12:08:02.503922,2026-07-05T12:08:02.515796+00:00,140.9,46,ask,EarnestEspressos,CostlyCorianders,8287851
2026-07-05T12:08:03.092860,2026-07-05T12:08:03.104913+00:00,140.9,45,ask,EarnestEspressos,CostlyCorianders,8287860
2026-07-05T12:08:06.822278,2026-07-05T12:08:06.830750+00:00,141.2,11,bid,Xuanyu Liu,EarnestEspressos,8287901
2026-07-05T12:08:07.675105,2026-07-05T12:08:07.686617+00:00,141.2,50,bid,FlawlessFlatbreads,EarnestEspressos,8287914
2026-07-05T12:08:09.481843,2026-07-05T12:08:09.493356+00:00,141.2,43,bid,CostlyCorianders,EarnestEspressos,8287937
2026-07-05T12:08:09.847582,2026-07-05T12:08:09.859202+00:00,140.7,50,ask,EarnestEspressos,FlawlessFlatbreads,8287948
2026-07-05T12:08:10.688483,2026-07-05T12:08:10.697656+00:00,140.7,47,ask,DiligentDonuts,CostlyCorianders,8287956
2026-07-05T12:08:11.885502,2026-07-05T12:08:11.897219+00:00,141.1,43,bid,CostlyCorianders,DiligentDonuts,8287969
2026-07-05T12:08:11.903203,2026-07-05T12:08:11.914591+00:00,141.1,50,bid,FlawlessFlatbreads,DiligentDonuts,8287970
2026-07-05T12:08:12.024599,2026-07-05T12:08:12.033539+00:00,141.1,7,bid,Xuanyu Liu,DiligentDonuts,8287973
2026-07-05T12:08:12.830745,2026-07-05T12:08:12.842218+00:00,141.2,44,bid,CostlyCorianders,EarnestEspressos,8287981
2026-07-05T12:08:14.010934,2026-07-05T12:08:14.022526+00:00,141.5,50,bid,FlawlessFlatbreads,EarnestEspressos,8287997
2026-07-05T12:08:14.424298,2026-07-05T12:08:14.432859+00:00,141.0,41,ask,EarnestEspressos,CostlyCorianders,8288002
2026-07-05T12:08:16.116625,2026-07-05T12:08:16.128161+00:00,141.5,50,bid,FlawlessFlatbreads,EarnestEspressos,8288024
2026-07-05T12:08:18.227114,2026-07-05T12:08:18.238865+00:00,141.5,50,bid,FlawlessFlatbreads,DiligentDonuts,8288054
2026-07-05T12:08:18.780284,2026-07-05T12:08:18.789820+00:00,141.2,7,ask,EarnestEspressos,Xuanyu Liu,8288064
2026-07-05T12:08:20.334638,2026-07-05T12:08:20.346320+00:00,141.5,50,bid,FlawlessFlatbreads,DiligentDonuts,8288077
2026-07-05T12:08:25.158944,2026-07-05T12:08:25.170868+00:00,141.4,45,ask,DiligentDonuts,CostlyCorianders,8288149
2026-07-05T12:08:25.370907,2026-07-05T12:08:25.378929+00:00,141.4,22,ask,DiligentDonuts,Xuanyu Liu,8288153
2026-07-05T12:08:28.753778,2026-07-05T12:08:28.760512+00:00,141.4,50,bid,FlawlessFlatbreads,DiligentDonuts,8288195
2026-07-05T12:08:30.576949,2026-07-05T12:08:30.584940+00:00,141.4,44,bid,CostlyCorianders,DiligentDonuts,8288218
2026-07-05T12:08:30.631067,2026-07-05T12:08:30.642670+00:00,141.2,45,ask,EarnestEspressos,CostlyCorianders,8288220
2026-07-05T12:08:30.861381,2026-07-05T12:08:30.868288+00:00,141.7,50,bid,FlawlessFlatbreads,EarnestEspressos,8288226
2026-07-05T12:08:32.967049,2026-07-05T12:08:32.978486+00:00,141.6,50,bid,FlawlessFlatbreads,EarnestEspressos,8288253
2026-07-05T12:08:33.089955,2026-07-05T12:08:33.102863+00:00,141.2,45,ask,DiligentDonuts,CostlyCorianders,8288256
2026-07-05T12:08:35.073974,2026-07-05T12:08:35.085754+00:00,141.6,50,bid,FlawlessFlatbreads,EarnestEspressos,8288285
2026-07-05T12:08:35.230069,2026-07-05T12:08:35.241726+00:00,141.7,100,bid,EarnestEspressos,DiligentDonuts,8288286
2026-07-05T12:08:35.286200,2026-07-05T12:08:35.307139+00:00,142.2,46,bid,CostlyCorianders,EarnestEspressos,8288287
2026-07-05T12:08:35.298728,2026-07-05T12:08:35.307139+00:00,141.7,23,ask,EarnestEspressos,Xuanyu Liu,8288288
2026-07-05T12:08:36.430235,2026-07-05T12:08:36.438268+00:00,141.7,27,ask,EarnestEspressos,CostlyCorianders,8288298
2026-07-05T12:08:37.180905,2026-07-05T12:08:37.202305+00:00,142.1,50,bid,FlawlessFlatbreads,DiligentDonuts,8288300
2026-07-05T12:08:37.369805,2026-07-05T12:08:37.378041+00:00,141.6,46,ask,DiligentDonuts,CostlyCorianders,8288304
2026-07-05T12:08:39.290677,2026-07-05T12:08:39.298068+00:00,141.8,50,bid,FlawlessFlatbreads,EarnestEspressos,8288326
2026-07-05T12:08:40.170603,2026-07-05T12:08:40.182231+00:00,141.8,46,bid,CostlyCorianders,EarnestEspressos,8288342
2026-07-05T12:08:41.398828,2026-07-05T12:08:41.410657+00:00,141.8,50,bid,FlawlessFlatbreads,EarnestEspressos,8288360
2026-07-05T12:08:41.573589,2026-07-05T12:08:41.582298+00:00,141.9,12,ask,EarnestEspressos,Xuanyu Liu,8288362
2026-07-05T12:08:42.329812,2026-07-05T12:08:42.337449+00:00,141.9,48,ask,EarnestEspressos,CostlyCorianders,8288376
2026-07-05T12:08:42.349090,2026-07-05T12:08:42.357415+00:00,141.9,11,ask,EarnestEspressos,Xuanyu Liu,8288378
2026-07-05T12:08:43.507247,2026-07-05T12:08:43.518805+00:00,142.0,50,bid,FlawlessFlatbreads,DiligentDonuts,8288387
2026-07-05T12:08:45.618049,2026-07-05T12:08:45.629573+00:00,142.0,50,bid,FlawlessFlatbreads,DiligentDonuts,8288419
2026-07-05T12:08:45.686306,2026-07-05T12:08:45.692679+00:00,142.0,40,bid,CostlyCorianders,EarnestEspressos,8288420
2026-07-05T12:08:47.725389,2026-07-05T12:08:47.736717+00:00,142.0,50,bid,FlawlessFlatbreads,EarnestEspressos,8288456
2026-07-05T12:08:48.321000,2026-07-05T12:08:48.328570+00:00,141.9,44,ask,EarnestEspressos,CostlyCorianders,8288467
2026-07-05T12:08:48.395634,2026-07-05T12:08:48.403496+00:00,141.9,3,ask,EarnestEspressos,Xuanyu Liu,8288470
2026-07-05T12:08:49.835486,2026-07-05T12:08:49.847352+00:00,142.4,50,bid,FlawlessFlatbreads,EarnestEspressos,8288490
2026-07-05T12:08:51.948218,2026-07-05T12:08:51.951013+00:00,142.4,50,bid,FlawlessFlatbreads,DiligentDonuts,8288519
2026-07-05T12:08:54.120231,2026-07-05T12:08:54.130099+00:00,142.0,50,ask,DiligentDonuts,FlawlessFlatbreads,8288539
2026-07-05T12:08:58.204217,2026-07-05T12:08:58.215415+00:00,142.2,45,bid,CostlyCorianders,DiligentDonuts,8288588
2026-07-05T12:08:58.350814,2026-07-05T12:08:58.358602+00:00,141.9,50,ask,EarnestEspressos,FlawlessFlatbreads,8288589
2026-07-05T12:08:58.790074,2026-07-05T12:08:58.801952+00:00,141.9,46,ask,EarnestEspressos,CostlyCorianders,8288596
2026-07-05T12:08:59.285122,2026-07-05T12:08:59.296430+00:00,142.4,40,bid,CostlyCorianders,EarnestEspressos,8288603
2026-07-05T12:09:00.473843,2026-07-05T12:09:00.482784+00:00,142.0,50,ask,DiligentDonuts,FlawlessFlatbreads,8288617
2026-07-05T12:09:02.379039,2026-07-05T12:09:02.389045+00:00,141.9,40,ask,DiligentDonuts,CostlyCorianders,8288645
2026-07-05T12:09:06.794709,2026-07-05T12:09:06.806186+00:00,141.9,50,ask,DiligentDonuts,FlawlessFlatbreads,8288712
2026-07-05T12:09:08.902281,2026-07-05T12:09:08.912227+00:00,141.7,50,ask,EarnestEspressos,FlawlessFlatbreads,8288743
2026-07-05T12:09:11.014310,2026-07-05T12:09:11.021635+00:00,141.8,50,ask,EarnestEspressos,FlawlessFlatbreads,8288777
2026-07-05T12:09:12.560070,2026-07-05T12:09:12.568724+00:00,142.2,3,bid,Xuanyu Liu,EarnestEspressos,8288800
2026-07-05T12:09:13.127006,2026-07-05T12:09:13.137521+00:00,141.8,50,ask,EarnestEspressos,FlawlessFlatbreads,8288807
2026-07-05T12:09:13.322215,2026-07-05T12:09:13.331594+00:00,142.0,23,bid,Xuanyu Liu,EarnestEspressos,8288809
2026-07-05T12:09:14.016058,2026-07-05T12:09:14.025006+00:00,142.0,43,bid,CostlyCorianders,EarnestEspressos,8288824
2026-07-05T12:09:14.515403,2026-07-05T12:09:14.526833+00:00,142.0,40,bid,CostlyCorianders,EarnestEspressos,8288832
2026-07-05T12:09:15.161975,2026-07-05T12:09:15.171388+00:00,142.0,44,bid,CostlyCorianders,EarnestEspressos,8288839
2026-07-05T12:09:15.236826,2026-07-05T12:09:15.244440+00:00,141.9,50,ask,DiligentDonuts,FlawlessFlatbreads,8288841
2026-07-05T12:09:17.370220,2026-07-05T12:09:17.380552+00:00,142.0,50,ask,EarnestEspressos,FlawlessFlatbreads,8288866
2026-07-05T12:09:19.477890,2026-07-05T12:09:19.489605+00:00,142.0,50,ask,EarnestEspressos,FlawlessFlatbreads,8288893
2026-07-05T12:09:21.531806,2026-07-05T12:09:21.543348+00:00,142.2,50,bid,FlawlessFlatbreads,EarnestEspressos,8288921
2026-07-05T12:09:22.004663,2026-07-05T12:09:22.012360+00:00,141.9,40,ask,DiligentDonuts,CostlyCorianders,8288925
2026-07-05T12:09:22.493757,2026-07-05T12:09:22.503245+00:00,141.9,42,ask,DiligentDonuts,CostlyCorianders,8288932
2026-07-05T12:09:22.991224,2026-07-05T12:09:23.002783+00:00,142.4,45,bid,CostlyCorianders,DiligentDonuts,8288939
2026-07-05T12:09:23.696407,2026-07-05T12:09:23.703638+00:00,142.0,50,ask,EarnestEspressos,FlawlessFlatbreads,8288950
2026-07-05T12:09:25.751845,2026-07-05T12:09:25.758251+00:00,142.1,50,bid,FlawlessFlatbreads,DiligentDonuts,8288975
2026-07-05T12:09:26.760253,2026-07-05T12:09:26.770159+00:00,142.1,48,bid,CostlyCorianders,DiligentDonuts,8288990
2026-07-05T12:09:27.861760,2026-07-05T12:09:27.873468+00:00,142.2,50,bid,FlawlessFlatbreads,EarnestEspressos,8289002
2026-07-05T12:09:28.721292,2026-07-05T12:09:28.733274+00:00,141.8,41,ask,DiligentDonuts,CostlyCorianders,8289013
2026-07-05T12:09:29.238533,2026-07-05T12:09:29.258587+00:00,141.8,45,ask,DiligentDonuts,CostlyCorianders,8289016
2026-07-05T12:09:30.023222,2026-07-05T12:09:30.033246+00:00,141.8,14,ask,DiligentDonuts,FlawlessFlatbreads,8289022
2026-07-05T12:09:30.023222,2026-07-05T12:09:30.033246+00:00,141.8,36,ask,EarnestEspressos,FlawlessFlatbreads,8289023
2026-07-05T12:09:32.130774,2026-07-05T12:09:32.142200+00:00,141.8,50,ask,EarnestEspressos,FlawlessFlatbreads,8289045
2026-07-05T12:09:34.187379,2026-07-05T12:09:34.198702+00:00,142.1,50,bid,FlawlessFlatbreads,EarnestEspressos,8289072
2026-07-05T12:09:36.295778,2026-07-05T12:09:36.306333+00:00,142.1,50,bid,FlawlessFlatbreads,DiligentDonuts,8289099
2026-07-05T12:09:42.659116,2026-07-05T12:09:42.670471+00:00,141.9,50,ask,EarnestEspressos,FlawlessFlatbreads,8289186
2026-07-05T12:09:43.461011,2026-07-05T12:09:43.468974+00:00,141.9,40,ask,EarnestEspressos,CostlyCorianders,8289205
2026-07-05T12:09:44.766171,2026-07-05T12:09:44.778238+00:00,141.9,50,ask,EarnestEspressos,FlawlessFlatbreads,8289223
2026-07-05T12:09:44.968543,2026-07-05T12:09:44.988438+00:00,141.8,100,ask,DiligentDonuts,EarnestEspressos,8289225
2026-07-05T12:09:44.979139,2026-07-05T12:09:44.988438+00:00,141.8,23,bid,Xuanyu Liu,EarnestEspressos,8289226
2026-07-05T12:09:45.301994,2026-07-05T12:09:45.310051+00:00,141.8,11,bid,Xuanyu Liu,EarnestEspressos,8289230
2026-07-05T12:09:46.874400,2026-07-05T12:09:46.886141+00:00,141.5,50,ask,DiligentDonuts,FlawlessFlatbreads,8289254
2026-07-05T12:09:47.128603,2026-07-05T12:09:47.140529+00:00,141.8,16,bid,CostlyCorianders,EarnestEspressos,8289257
2026-07-05T12:09:47.128603,2026-07-05T12:09:47.140529+00:00,142.0,24,bid,CostlyCorianders,DiligentDonuts,8289258
2026-07-05T12:09:48.078309,2026-07-05T12:09:48.087520+00:00,142.0,76,bid,EarnestEspressos,DiligentDonuts,8289266
2026-07-05T12:09:48.982173,2026-07-05T12:09:48.991195+00:00,142.0,50,ask,EarnestEspressos,FlawlessFlatbreads,8289282
2026-07-05T12:09:50.571705,2026-07-05T12:09:50.579555+00:00,142.0,23,ask,EarnestEspressos,Xuanyu Liu,8289298
2026-07-05T12:09:51.088252,2026-07-05T12:09:51.100434+00:00,142.0,1,ask,EarnestEspressos,FlawlessFlatbreads,8289305
2026-07-05T12:09:51.088252,2026-07-05T12:09:51.100434+00:00,141.9,49,ask,DiligentDonuts,FlawlessFlatbreads,8289306
2026-07-05T12:09:51.271743,2026-07-05T12:09:51.283440+00:00,142.4,47,bid,CostlyCorianders,DiligentDonuts,8289312
2026-07-05T12:09:51.293139,2026-07-05T12:09:51.304577+00:00,141.9,51,ask,DiligentDonuts,EarnestEspressos,8289313
2026-07-05T12:09:51.305819,2026-07-05T12:09:51.315055+00:00,141.7,23,bid,Xuanyu Liu,EarnestEspressos,8289314
2026-07-05T12:09:53.199060,2026-07-05T12:09:53.210705+00:00,141.6,50,ask,DiligentDonuts,FlawlessFlatbreads,8289334
2026-07-05T12:09:54.967254,2026-07-05T12:09:54.974851+00:00,142.0,43,bid,CostlyCorianders,EarnestEspressos,8289355
2026-07-05T12:09:55.253873,2026-07-05T12:09:55.254598+00:00,142.0,50,bid,FlawlessFlatbreads,EarnestEspressos,8289358
2026-07-05T12:09:55.994771,2026-07-05T12:09:56.006254+00:00,141.6,43,ask,DiligentDonuts,CostlyCorianders,8289367
2026-07-05T12:09:56.514699,2026-07-05T12:09:56.526445+00:00,141.5,48,ask,EarnestEspressos,CostlyCorianders,8289387
2026-07-05T12:09:57.362841,2026-07-05T12:09:57.369910+00:00,141.8,50,bid,FlawlessFlatbreads,DiligentDonuts,8289396
2026-07-05T12:09:57.577807,2026-07-05T12:09:57.589187+00:00,141.8,50,bid,EarnestEspressos,DiligentDonuts,8289403
2026-07-05T12:09:59.035443,2026-07-05T12:09:59.047531+00:00,142.3,49,bid,CostlyCorianders,EarnestEspressos,8289423
2026-07-05T12:09:59.468208,2026-07-05T12:09:59.479626+00:00,142.1,50,bid,FlawlessFlatbreads,DiligentDonuts,8289428
2026-07-05T12:09:59.642000,2026-07-05T12:09:59.658542+00:00,142.1,40,bid,CostlyCorianders,DiligentDonuts,8289430
2026-07-05T12:10:01.574961,2026-07-05T12:10:01.586529+00:00,142.1,10,bid,FlawlessFlatbreads,DiligentDonuts,8289464
2026-07-05T12:10:01.574961,2026-07-05T12:10:01.586529+00:00,142.1,40,bid,FlawlessFlatbreads,EarnestEspressos,8289465
2026-07-05T12:10:02.793346,2026-07-05T12:10:02.805181+00:00,141.7,42,ask,DiligentDonuts,CostlyCorianders,8289487
2026-07-05T12:10:03.683837,2026-07-05T12:10:03.695209+00:00,142.1,50,bid,FlawlessFlatbreads,EarnestEspressos,8289500
2026-07-05T12:10:03.917051,2026-07-05T12:10:03.956398+00:00,141.9,23,ask,EarnestEspressos,Xuanyu Liu,8289505
2026-07-05T12:10:04.985908,2026-07-05T12:10:04.994280+00:00,141.9,11,ask,EarnestEspressos,Xuanyu Liu,8289522
2026-07-05T12:10:05.789922,2026-07-05T12:10:05.801552+00:00,142.0,50,bid,FlawlessFlatbreads,DiligentDonuts,8289534
2026-07-05T12:10:10.056144,2026-07-05T12:10:10.068900+00:00,141.9,50,ask,DiligentDonuts,FlawlessFlatbreads,8289598
2026-07-05T12:10:11.836470,2026-07-05T12:10:11.864342+00:00,141.9,49,ask,DiligentDonuts,CostlyCorianders,8289624
2026-07-05T12:10:12.113882,2026-07-05T12:10:12.123796+00:00,142.0,50,bid,FlawlessFlatbreads,DiligentDonuts,8289628
2026-07-05T12:10:12.859997,2026-07-05T12:10:12.867921+00:00,142.0,23,bid,Xuanyu Liu,DiligentDonuts,8289639
2026-07-05T12:10:13.396009,2026-07-05T12:10:13.407665+00:00,142.0,27,bid,EarnestEspressos,DiligentDonuts,8289654
2026-07-05T12:10:13.412768,2026-07-05T12:10:13.423230+00:00,142.2,43,ask,EarnestEspressos,CostlyCorianders,8289655
2026-07-05T12:10:14.166803,2026-07-05T12:10:14.175114+00:00,142.2,12,ask,EarnestEspressos,Xuanyu Liu,8289673
2026-07-05T12:10:14.294028,2026-07-05T12:10:14.305615+00:00,142.2,50,ask,EarnestEspressos,FlawlessFlatbreads,8289675
2026-07-05T12:10:16.624873,2026-07-05T12:10:16.660906+00:00,142.1,12,bid,Xuanyu Liu,EarnestEspressos,8289709
2026-07-05T12:10:16.710990,2026-07-05T12:10:16.722776+00:00,142.1,41,bid,CostlyCorianders,EarnestEspressos,8289711
2026-07-05T12:10:16.776342,2026-07-05T12:10:16.784533+00:00,142.1,11,bid,Xuanyu Liu,EarnestEspressos,8289719
2026-07-05T12:10:17.774992,2026-07-05T12:10:17.781690+00:00,142.1,42,bid,CostlyCorianders,EarnestEspressos,8289737
2026-07-05T12:10:18.238877,2026-07-05T12:10:18.250318+00:00,142.1,44,bid,DiligentDonuts,EarnestEspressos,8289749
2026-07-05T12:10:18.537846,2026-07-05T12:10:18.549404+00:00,142.1,50,ask,DiligentDonuts,FlawlessFlatbreads,8289757
2026-07-05T12:10:19.356189,2026-07-05T12:10:19.367993+00:00,142.6,44,bid,CostlyCorianders,DiligentDonuts,8289774
2026-07-05T12:10:19.722393,2026-07-05T12:10:19.732378+00:00,142.6,56,bid,EarnestEspressos,DiligentDonuts,8289789
2026-07-05T12:10:19.789227,2026-07-05T12:10:19.797531+00:00,142.6,11,ask,EarnestEspressos,Xuanyu Liu,8289791
2026-07-05T12:10:20.386629,2026-07-05T12:10:20.394932+00:00,142.6,12,ask,EarnestEspressos,Xuanyu Liu,8289797
2026-07-05T12:10:20.593822,2026-07-05T12:10:20.605433+00:00,143.1,50,bid,FlawlessFlatbreads,EarnestEspressos,8289801
2026-07-05T12:10:21.603895,2026-07-05T12:10:21.612739+00:00,142.6,23,ask,EarnestEspressos,Xuanyu Liu,8289816
2026-07-05T12:10:21.992364,2026-07-05T12:10:22.004013+00:00,142.6,48,ask,EarnestEspressos,CostlyCorianders,8289829
2026-07-05T12:10:21.992364,2026-07-05T12:10:22.004013+00:00,142.3,1,ask,DiligentDonuts,CostlyCorianders,8289830
2026-07-05T12:10:22.705455,2026-07-05T12:10:22.715245+00:00,142.8,50,bid,FlawlessFlatbreads,DiligentDonuts,8289841
2026-07-05T12:10:23.071697,2026-07-05T12:10:23.083323+00:00,142.5,44,bid,CostlyCorianders,EarnestEspressos,8289847
2026-07-05T12:10:24.812550,2026-07-05T12:10:24.824259+00:00,142.5,50,bid,FlawlessFlatbreads,EarnestEspressos,8289869
2026-07-05T12:10:25.072246,2026-07-05T12:10:25.083749+00:00,142.2,47,ask,DiligentDonuts,CostlyCorianders,8289877
2026-07-05T12:10:25.590643,2026-07-05T12:10:25.601269+00:00,142.2,42,ask,DiligentDonuts,CostlyCorianders,8289901
2026-07-05T12:10:26.920237,2026-07-05T12:10:26.931731+00:00,142.7,50,bid,FlawlessFlatbreads,DiligentDonuts,8289923
2026-07-05T12:10:29.028502,2026-07-05T12:10:29.040022+00:00,142.7,50,bid,FlawlessFlatbreads,EarnestEspressos,8289954
2026-07-05T12:10:29.323273,2026-07-05T12:10:29.331689+00:00,142.5,49,ask,EarnestEspressos,CostlyCorianders,8289960
2026-07-05T12:10:31.136720,2026-07-05T12:10:31.143614+00:00,142.9,50,bid,FlawlessFlatbreads,DiligentDonuts,8289987
2026-07-05T12:10:33.252250,2026-07-05T12:10:33.263996+00:00,142.9,50,bid,FlawlessFlatbreads,DiligentDonuts,8290032
2026-07-05T12:10:34.084368,2026-07-05T12:10:34.096152+00:00,142.9,100,bid,DiligentDonuts,EarnestEspressos,8290041
2026-07-05T12:10:35.267868,2026-07-05T12:10:35.279744+00:00,142.9,49,bid,CostlyCorianders,EarnestEspressos,8290054
2026-07-05T12:10:35.359665,2026-07-05T12:10:35.371306+00:00,142.9,1,bid,FlawlessFlatbreads,EarnestEspressos,8290057
2026-07-05T12:10:35.359665,2026-07-05T12:10:35.371306+00:00,143.5,49,bid,FlawlessFlatbreads,DiligentDonuts,8290058
2026-07-05T12:10:35.534060,2026-07-05T12:10:35.546020+00:00,143.2,14,ask,EarnestEspressos,Xuanyu Liu,8290064
2026-07-05T12:10:35.841451,2026-07-05T12:10:35.853338+00:00,143.5,43,bid,CostlyCorianders,DiligentDonuts,8290067
2026-07-05T12:10:37.487238,2026-07-05T12:10:37.498868+00:00,143.3,50,bid,FlawlessFlatbreads,DiligentDonuts,8290088
2026-07-05T12:10:39.594271,2026-07-05T12:10:39.603342+00:00,143.3,50,bid,FlawlessFlatbreads,DiligentDonuts,8290109
2026-07-05T12:10:41.700468,2026-07-05T12:10:41.712161+00:00,143.6,50,bid,FlawlessFlatbreads,EarnestEspressos,8290135
2026-07-05T12:10:43.809877,2026-07-05T12:10:43.818897+00:00,143.7,50,bid,FlawlessFlatbreads,DiligentDonuts,8290167
2026-07-05T12:10:45.651513,2026-07-05T12:10:45.660617+00:00,143.4,3,ask,EarnestEspressos,Xuanyu Liu,8290185
2026-07-05T12:10:45.967397,2026-07-05T12:10:45.979137+00:00,143.4,50,ask,EarnestEspressos,FlawlessFlatbreads,8290189
2026-07-05T12:10:50.177488,2026-07-05T12:10:50.189101+00:00,143.4,50,ask,DiligentDonuts,FlawlessFlatbreads,8290241
2026-07-05T12:10:50.747821,2026-07-05T12:10:50.754327+00:00,143.4,43,ask,DiligentDonuts,CostlyCorianders,8290247
2026-07-05T12:10:51.322746,2026-07-05T12:10:51.334283+00:00,143.4,7,ask,DiligentDonuts,CostlyCorianders,8290259
2026-07-05T12:10:51.801125,2026-07-05T12:10:51.812777+00:00,143.2,41,ask,EarnestEspressos,CostlyCorianders,8290262
2026-07-05T12:10:52.233450,2026-07-05T12:10:52.244713+00:00,143.7,50,bid,FlawlessFlatbreads,EarnestEspressos,8290274
2026-07-05T12:10:54.394114,2026-07-05T12:10:54.405958+00:00,143.2,50,ask,EarnestEspressos,FlawlessFlatbreads,8290295
2026-07-05T12:10:56.451470,2026-07-05T12:10:56.458549+00:00,143.5,50,bid,FlawlessFlatbreads,EarnestEspressos,8290316
2026-07-05T12:10:58.558083,2026-07-05T12:10:58.569528+00:00,143.5,50,bid,FlawlessFlatbreads,DiligentDonuts,8290351
2026-07-05T12:11:00.715328,2026-07-05T12:11:00.727200+00:00,143.3,50,ask,EarnestEspressos,FlawlessFlatbreads,8290388
2026-07-05T12:11:02.773109,2026-07-05T12:11:02.781417+00:00,143.6,50,bid,FlawlessFlatbreads,EarnestEspressos,8290415
2026-07-05T12:11:04.240831,2026-07-05T12:11:04.249985+00:00,143.7,44,bid,CostlyCorianders,DiligentDonuts,8290445
2026-07-05T12:11:04.294815,2026-07-05T12:11:04.302920+00:00,143.3,43,ask,EarnestEspressos,CostlyCorianders,8290449
2026-07-05T12:11:04.879564,2026-07-05T12:11:04.891096+00:00,143.7,50,bid,FlawlessFlatbreads,DiligentDonuts,8290451
2026-07-05T12:11:06.147143,2026-07-05T12:11:06.158581+00:00,143.8,47,bid,CostlyCorianders,EarnestEspressos,8290480
2026-07-05T12:11:07.039612,2026-07-05T12:11:07.051188+00:00,143.5,50,ask,DiligentDonuts,FlawlessFlatbreads,8290495
2026-07-05T12:11:07.598335,2026-07-05T12:11:07.607492+00:00,143.5,11,ask,DiligentDonuts,Xuanyu Liu,8290503
2026-07-05T12:11:07.780694,2026-07-05T12:11:07.787137+00:00,143.5,39,ask,DiligentDonuts,CostlyCorianders,8290508
2026-07-05T12:11:07.780694,2026-07-05T12:11:07.792539+00:00,143.2,4,ask,EarnestEspressos,CostlyCorianders,8290509
2026-07-05T12:11:09.096568,2026-07-05T12:11:09.108106+00:00,143.5,50,bid,FlawlessFlatbreads,DiligentDonuts,8290526
2026-07-05T12:11:10.012517,2026-07-05T12:11:10.020119+00:00,143.2,44,ask,EarnestEspressos,CostlyCorianders,8290542
2026-07-05T12:11:12.302716,2026-07-05T12:11:12.310373+00:00,143.5,42,bid,CostlyCorianders,EarnestEspressos,8290581
2026-07-05T12:11:13.359743,2026-07-05T12:11:13.371150+00:00,143.4,50,ask,DiligentDonuts,FlawlessFlatbreads,8290592
2026-07-05T12:11:15.380881,2026-07-05T12:11:15.390333+00:00,143.8,48,bid,CostlyCorianders,EarnestEspressos,8290625
2026-07-05T12:11:15.466165,2026-07-05T12:11:15.477762+00:00,143.6,50,ask,DiligentDonuts,FlawlessFlatbreads,8290626
2026-07-05T12:11:16.581438,2026-07-05T12:11:16.592805+00:00,143.6,46,ask,DiligentDonuts,CostlyCorianders,8290644
2026-07-05T12:11:17.573997,2026-07-05T12:11:17.580431+00:00,143.8,50,ask,EarnestEspressos,FlawlessFlatbreads,8290662
2026-07-05T12:11:18.408182,2026-07-05T12:11:18.421526+00:00,143.8,100,ask,EarnestEspressos,DiligentDonuts,8290670
2026-07-05T12:11:19.684535,2026-07-05T12:11:19.691588+00:00,143.3,50,ask,DiligentDonuts,FlawlessFlatbreads,8290692
2026-07-05T12:11:19.896997,2026-07-05T12:11:19.906203+00:00,143.8,11,bid,Xuanyu Liu,EarnestEspressos,8290700
2026-07-05T12:11:21.414590,2026-07-05T12:11:21.424863+00:00,143.8,42,bid,CostlyCorianders,EarnestEspressos,8290725
2026-07-05T12:11:21.958380,2026-07-05T12:11:21.962802+00:00,143.8,44,bid,CostlyCorianders,EarnestEspressos,8290731
2026-07-05T12:11:22.369977,2026-07-05T12:11:22.378888+00:00,143.8,3,bid,Xuanyu Liu,EarnestEspressos,8290744
2026-07-05T12:11:23.909581,2026-07-05T12:11:23.917857+00:00,143.8,50,ask,EarnestEspressos,FlawlessFlatbreads,8290755
2026-07-05T12:11:25.388717,2026-07-05T12:11:25.396703+00:00,143.8,45,ask,EarnestEspressos,CostlyCorianders,8290769
2026-07-05T12:11:26.018129,2026-07-05T12:11:26.029757+00:00,143.8,50,ask,EarnestEspressos,FlawlessFlatbreads,8290775
2026-07-05T12:11:27.619314,2026-07-05T12:11:27.627112+00:00,143.9,3,bid,Xuanyu Liu,EarnestEspressos,8290799
2026-07-05T12:11:27.842452,2026-07-05T12:11:27.853916+00:00,143.9,100,bid,DiligentDonuts,EarnestEspressos,8290801
2026-07-05T12:11:28.135334,2026-07-05T12:11:28.143614+00:00,143.4,50,ask,EarnestEspressos,FlawlessFlatbreads,8290806
2026-07-05T12:11:29.598002,2026-07-05T12:11:29.609893+00:00,143.9,47,ask,EarnestEspressos,CostlyCorianders,8290827
2026-07-05T12:11:30.242088,2026-07-05T12:11:30.249791+00:00,143.9,50,ask,EarnestEspressos,FlawlessFlatbreads,8290837
2026-07-05T12:11:31.723539,2026-07-05T12:11:31.734923+00:00,144.2,42,bid,CostlyCorianders,DiligentDonuts,8290854
2026-07-05T12:11:32.363374,2026-07-05T12:11:32.374281+00:00,143.9,50,ask,EarnestEspressos,FlawlessFlatbreads,8290867
2026-07-05T12:11:32.544619,2026-07-05T12:11:32.553738+00:00,143.7,100,ask,DiligentDonuts,EarnestEspressos,8290871
2026-07-05T12:11:32.554826,2026-07-05T12:11:32.563884+00:00,143.6,23,bid,Xuanyu Liu,EarnestEspressos,8290873
2026-07-05T12:11:34.209558,2026-07-05T12:11:34.217679+00:00,143.6,11,bid,Xuanyu Liu,EarnestEspressos,8290897
2026-07-05T12:11:34.469574,2026-07-05T12:11:34.481191+00:00,143.3,50,ask,DiligentDonuts,FlawlessFlatbreads,8290905
2026-07-05T12:11:36.575842,2026-07-05T12:11:36.583590+00:00,143.7,50,ask,EarnestEspressos,FlawlessFlatbreads,8290933
2026-07-05T12:11:37.074843,2026-07-05T12:11:37.086433+00:00,143.8,49,bid,CostlyCorianders,DiligentDonuts,8290945
2026-07-05T12:11:38.682302,2026-07-05T12:11:38.693845+00:00,143.7,50,ask,EarnestEspressos,FlawlessFlatbreads,8290966
2026-07-05T12:11:38.867924,2026-07-05T12:11:38.874408+00:00,143.5,42,ask,DiligentDonuts,CostlyCorianders,8290969
2026-07-05T12:11:40.342716,2026-07-05T12:11:40.354306+00:00,144.0,43,bid,CostlyCorianders,DiligentDonuts,8290985
2026-07-05T12:11:40.798058,2026-07-05T12:11:40.809829+00:00,143.6,50,ask,DiligentDonuts,FlawlessFlatbreads,8290992
2026-07-05T12:11:41.450949,2026-07-05T12:11:41.463882+00:00,143.6,45,ask,DiligentDonuts,CostlyCorianders,8291005
2026-07-05T12:11:42.907000,2026-07-05T12:11:42.918553+00:00,143.6,5,ask,DiligentDonuts,FlawlessFlatbreads,8291023
2026-07-05T12:11:42.907000,2026-07-05T12:11:42.918553+00:00,143.6,45,ask,EarnestEspressos,FlawlessFlatbreads,8291024
2026-07-05T12:11:42.933294,2026-07-05T12:11:42.945461+00:00,144.1,45,bid,CostlyCorianders,DiligentDonuts,8291026
2026-07-05T12:11:43.489242,2026-07-05T12:11:43.495604+00:00,143.6,47,ask,EarnestEspressos,CostlyCorianders,8291034
2026-07-05T12:11:45.016610,2026-07-05T12:11:45.029211+00:00,143.6,50,ask,EarnestEspressos,FlawlessFlatbreads,8291059
2026-07-05T12:11:45.191063,2026-07-05T12:11:45.208665+00:00,143.5,100,ask,DiligentDonuts,EarnestEspressos,8291062
2026-07-05T12:11:45.201275,2026-07-05T12:11:45.208665+00:00,143.3,34,bid,Xuanyu Liu,EarnestEspressos,8291063
2026-07-05T12:11:46.316511,2026-07-05T12:11:46.324563+00:00,143.3,12,bid,Xuanyu Liu,EarnestEspressos,8291082
2026-07-05T12:11:47.071730,2026-07-05T12:11:47.083454+00:00,143.3,4,bid,FlawlessFlatbreads,EarnestEspressos,8291093
2026-07-05T12:11:47.071730,2026-07-05T12:11:47.083454+00:00,143.6,46,bid,FlawlessFlatbreads,DiligentDonuts,8291094
2026-07-05T12:11:49.152462,2026-07-05T12:11:49.151945+00:00,143.6,47,bid,CostlyCorianders,DiligentDonuts,8291134
2026-07-05T12:11:51.436192,2026-07-05T12:11:51.447936+00:00,143.9,42,bid,CostlyCorianders,DiligentDonuts,8291165
2026-07-05T12:11:51.919810,2026-07-05T12:11:51.931636+00:00,143.4,49,ask,DiligentDonuts,CostlyCorianders,8291178
2026-07-05T12:11:53.104533,2026-07-05T12:11:53.111642+00:00,143.4,42,ask,EarnestEspressos,CostlyCorianders,8291201
2026-07-05T12:11:53.439200,2026-07-05T12:11:53.448460+00:00,143.4,50,ask,EarnestEspressos,FlawlessFlatbreads,8291203
2026-07-05T12:11:53.486108,2026-07-05T12:11:53.495960+00:00,143.4,12,ask,EarnestEspressos,Xuanyu Liu,8291204
2026-07-05T12:11:53.859455,2026-07-05T12:11:53.867462+00:00,143.4,11,ask,EarnestEspressos,Xuanyu Liu,8291216
2026-07-05T12:11:54.123175,2026-07-05T12:11:54.136027+00:00,143.8,49,bid,CostlyCorianders,DiligentDonuts,8291221
2026-07-05T12:11:54.676005,2026-07-05T12:11:54.684601+00:00,143.3,100,ask,DiligentDonuts,EarnestEspressos,8291226
2026-07-05T12:11:55.101203,2026-07-05T12:11:55.113016+00:00,143.2,47,bid,CostlyCorianders,EarnestEspressos,8291237
2026-07-05T12:11:55.195371,2026-07-05T12:11:55.217427+00:00,143.2,3,bid,Xuanyu Liu,EarnestEspressos,8291240
2026-07-05T12:11:57.605020,2026-07-05T12:11:57.616839+00:00,143.6,50,bid,FlawlessFlatbreads,DiligentDonuts,8291281
2026-07-05T12:11:57.683201,2026-07-05T12:11:57.695187+00:00,143.1,48,ask,DiligentDonuts,CostlyCorianders,8291282
2026-07-05T12:11:58.745719,2026-07-05T12:11:58.757363+00:00,143.2,48,ask,EarnestEspressos,CostlyCorianders,8291292
2026-07-05T12:11:59.400337,2026-07-05T12:11:59.412075+00:00,143.6,44,bid,CostlyCorianders,DiligentDonuts,8291296
2026-07-05T12:11:59.958407,2026-07-05T12:11:59.970126+00:00,143.5,42,bid,CostlyCorianders,DiligentDonuts,8291305
2026-07-05T12:12:01.818715,2026-07-05T12:12:01.830175+00:00,143.5,50,bid,FlawlessFlatbreads,DiligentDonuts,8291324
2026-07-05T12:12:02.659516,2026-07-05T12:12:02.667871+00:00,143.3,3,ask,DiligentDonuts,Xuanyu Liu,8291331
2026-07-05T12:12:03.928071,2026-07-05T12:12:03.939807+00:00,143.6,50,bid,FlawlessFlatbreads,EarnestEspressos,8291353
2026-07-05T12:12:06.037469,2026-07-05T12:12:06.046404+00:00,143.9,50,bid,FlawlessFlatbreads,EarnestEspressos,8291386
2026-07-05T12:12:07.289450,2026-07-05T12:12:07.297843+00:00,143.6,23,ask,EarnestEspressos,Xuanyu Liu,8291407
2026-07-05T12:12:08.142893,2026-07-05T12:12:08.154389+00:00,143.9,50,bid,FlawlessFlatbreads,DiligentDonuts,8291417
2026-07-05T12:12:08.939239,2026-07-05T12:12:08.958586+00:00,143.6,48,ask,EarnestEspressos,CostlyCorianders,8291429
2026-07-05T12:12:10.302566,2026-07-05T12:12:10.314128+00:00,143.6,50,ask,EarnestEspressos,FlawlessFlatbreads,8291448
2026-07-05T12:12:12.283945,2026-07-05T12:12:12.290805+00:00,143.5,45,ask,DiligentDonuts,CostlyCorianders,8291482
2026-07-05T12:12:12.410601,2026-07-05T12:12:12.421026+00:00,143.5,50,ask,DiligentDonuts,FlawlessFlatbreads,8291487
2026-07-05T12:12:14.226791,2026-07-05T12:12:14.238572+00:00,143.6,43,bid,CostlyCorianders,EarnestEspressos,8291521
2026-07-05T12:12:15.295402,2026-07-05T12:12:15.303664+00:00,143.6,45,bid,CostlyCorianders,EarnestEspressos,8291537
2026-07-05T12:12:16.276058,2026-07-05T12:12:16.287839+00:00,143.6,48,bid,CostlyCorianders,EarnestEspressos,8291557
2026-07-05T12:12:16.621782,2026-07-05T12:12:16.633422+00:00,143.2,50,ask,DiligentDonuts,FlawlessFlatbreads,8291563
2026-07-05T12:12:16.779477,2026-07-05T12:12:16.787338+00:00,143.7,100,bid,EarnestEspressos,DiligentDonuts,8291565
2026-07-05T12:12:17.507273,2026-07-05T12:12:17.515285+00:00,143.7,11,ask,EarnestEspressos,Xuanyu Liu,8291575
2026-07-05T12:12:18.729599,2026-07-05T12:12:18.738439+00:00,143.7,39,ask,EarnestEspressos,FlawlessFlatbreads,8291590
2026-07-05T12:12:18.729599,2026-07-05T12:12:18.738439+00:00,143.4,11,ask,DiligentDonuts,FlawlessFlatbreads,8291591
2026-07-05T12:12:19.991703,2026-07-05T12:12:20.000021+00:00,143.4,89,ask,DiligentDonuts,EarnestEspressos,8291601
2026-07-05T12:12:20.156947,2026-07-05T12:12:20.177844+00:00,143.4,23,bid,Xuanyu Liu,EarnestEspressos,8291604
2026-07-05T12:12:22.612287,2026-07-05T12:12:22.622766+00:00,143.2,49,ask,DiligentDonuts,CostlyCorianders,8291640
2026-07-05T12:12:22.896097,2026-07-05T12:12:22.903706+00:00,143.4,38,bid,FlawlessFlatbreads,EarnestEspressos,8291645
2026-07-05T12:12:23.090255,2026-07-05T12:12:23.098450+00:00,143.2,46,ask,DiligentDonuts,CostlyCorianders,8291652
2026-07-05T12:12:23.099763,2026-07-05T12:12:23.109232+00:00,143.7,100,bid,EarnestEspressos,DiligentDonuts,8291653
2026-07-05T12:12:23.170094,2026-07-05T12:12:23.178312+00:00,143.7,12,ask,EarnestEspressos,Xuanyu Liu,8291656
2026-07-05T12:12:24.562304,2026-07-05T12:12:24.569102+00:00,143.7,38,ask,EarnestEspressos,CostlyCorianders,8291674
2026-07-05T12:12:25.114787,2026-07-05T12:12:25.126431+00:00,143.8,42,bid,CostlyCorianders,DiligentDonuts,8291683
2026-07-05T12:12:26.844991,2026-07-05T12:12:26.858568+00:00,143.3,49,ask,DiligentDonuts,CostlyCorianders,8291703
2026-07-05T12:12:27.119587,2026-07-05T12:12:27.131322+00:00,143.5,50,bid,FlawlessFlatbreads,EarnestEspressos,8291707
2026-07-05T12:12:29.280817,2026-07-05T12:12:29.292404+00:00,143.1,50,ask,DiligentDonuts,FlawlessFlatbreads,8291741
2026-07-05T12:12:29.330073,2026-07-05T12:12:29.338298+00:00,143.5,12,bid,Xuanyu Liu,EarnestEspressos,8291742
2026-07-05T12:12:29.348371,2026-07-05T12:12:29.363865+00:00,143.5,40,bid,CostlyCorianders,EarnestEspressos,8291744
2026-07-05T12:12:29.432935,2026-07-05T12:12:29.441789+00:00,143.6,100,bid,EarnestEspressos,DiligentDonuts,8291746
2026-07-05T12:12:30.549952,2026-07-05T12:12:30.561394+00:00,144.1,49,bid,CostlyCorianders,EarnestEspressos,8291769
2026-07-05T12:12:31.064578,2026-07-05T12:12:31.073547+00:00,143.6,12,ask,EarnestEspressos,Xuanyu Liu,8291785
2026-07-05T12:12:31.387249,2026-07-05T12:12:31.398733+00:00,143.6,38,ask,EarnestEspressos,FlawlessFlatbreads,8291789
2026-07-05T12:12:31.387249,2026-07-05T12:12:31.398733+00:00,143.3,12,ask,DiligentDonuts,FlawlessFlatbreads,8291790
2026-07-05T12:12:33.457498,2026-07-05T12:12:33.468807+00:00,143.4,50,bid,FlawlessFlatbreads,EarnestEspressos,8291820
2026-07-05T12:12:35.563720,2026-07-05T12:12:35.575336+00:00,143.4,50,bid,FlawlessFlatbreads,EarnestEspressos,8291852
2026-07-05T12:12:35.828166,2026-07-05T12:12:35.839798+00:00,143.5,45,bid,CostlyCorianders,DiligentDonuts,8291855
2026-07-05T12:12:35.886590,2026-07-05T12:12:35.895245+00:00,143.4,49,ask,EarnestEspressos,CostlyCorianders,8291857
2026-07-05T12:12:37.670567,2026-07-05T12:12:37.681900+00:00,143.8,50,bid,FlawlessFlatbreads,DiligentDonuts,8291891
2026-07-05T12:12:39.844181,2026-07-05T12:12:39.855717+00:00,143.3,50,ask,DiligentDonuts,FlawlessFlatbreads,8291935
2026-07-05T12:12:41.371441,2026-07-05T12:12:41.382926+00:00,143.3,40,ask,DiligentDonuts,CostlyCorianders,8291956
2026-07-05T12:12:41.964053,2026-07-05T12:12:41.973720+00:00,143.3,50,ask,DiligentDonuts,FlawlessFlatbreads,8291960
2026-07-05T12:12:44.070437,2026-07-05T12:12:44.081882+00:00,143.5,41,bid,CostlyCorianders,DiligentDonuts,8291999
2026-07-05T12:12:44.073968,2026-07-05T12:12:44.081882+00:00,143.3,50,ask,EarnestEspressos,FlawlessFlatbreads,8292000
2026-07-05T12:12:45.627779,2026-07-05T12:12:45.637647+00:00,143.5,12,bid,Xuanyu Liu,DiligentDonuts,8292021
2026-07-05T12:12:46.080259,2026-07-05T12:12:46.091947+00:00,143.5,43,bid,CostlyCorianders,DiligentDonuts,8292036
2026-07-05T12:12:46.681142,2026-07-05T12:12:46.692982+00:00,143.1,47,ask,EarnestEspressos,CostlyCorianders,8292044
2026-07-05T12:12:48.699710,2026-07-05T12:12:48.713358+00:00,143.5,49,bid,CostlyCorianders,EarnestEspressos,8292077
2026-07-05T12:12:50.099456,2026-07-05T12:12:50.111127+00:00,143.5,100,bid,DiligentDonuts,EarnestEspressos,8292098
2026-07-05T12:12:51.213758,2026-07-05T12:12:51.225559+00:00,143.0,44,ask,EarnestEspressos,CostlyCorianders,8292110
2026-07-05T12:12:52.443455,2026-07-05T12:12:52.463884+00:00,143.9,50,bid,FlawlessFlatbreads,EarnestEspressos,8292136
2026-07-05T12:12:54.187481,2026-07-05T12:12:54.199385+00:00,143.4,41,ask,EarnestEspressos,CostlyCorianders,8292159
2026-07-05T12:12:54.550068,2026-07-05T12:12:54.558570+00:00,143.7,50,bid,FlawlessFlatbreads,DiligentDonuts,8292165
2026-07-05T12:12:56.589081,2026-07-05T12:12:56.600942+00:00,143.5,49,ask,EarnestEspressos,CostlyCorianders,8292194
2026-07-05T12:12:56.658729,2026-07-05T12:12:56.667428+00:00,143.7,50,bid,FlawlessFlatbreads,DiligentDonuts,8292195
2026-07-05T12:12:56.915258,2026-07-05T12:12:56.923607+00:00,143.5,12,ask,EarnestEspressos,Xuanyu Liu,8292199
2026-07-05T12:12:58.604845,2026-07-05T12:12:58.616538+00:00,143.6,48,bid,CostlyCorianders,EarnestEspressos,8292220
2026-07-05T12:12:58.764548,2026-07-05T12:12:58.776446+00:00,143.6,50,bid,FlawlessFlatbreads,EarnestEspressos,8292221
2026-07-05T12:13:00.181420,2026-07-05T12:13:00.193026+00:00,143.6,41,bid,CostlyCorianders,EarnestEspressos,8292243
2026-07-05T12:13:00.236762,2026-07-05T12:13:00.248497+00:00,143.5,42,ask,DiligentDonuts,CostlyCorianders,8292244
2026-07-05T12:13:00.849545,2026-07-05T12:13:00.860052+00:00,143.6,11,bid,Xuanyu Liu,EarnestEspressos,8292249
2026-07-05T12:13:00.873113,2026-07-05T12:13:00.884534+00:00,144.0,50,bid,FlawlessFlatbreads,DiligentDonuts,8292252
2026-07-05T12:13:01.080837,2026-07-05T12:13:01.089191+00:00,143.9,11,ask,EarnestEspressos,Xuanyu Liu,8292258
2026-07-05T12:13:01.370567,2026-07-05T12:13:01.378558+00:00,143.9,11,ask,EarnestEspressos,Xuanyu Liu,8292267
2026-07-05T12:13:02.978697,2026-07-05T12:13:02.990310+00:00,144.2,50,bid,FlawlessFlatbreads,DiligentDonuts,8292300
2026-07-05T12:13:03.754375,2026-07-05T12:13:03.766010+00:00,143.9,49,ask,EarnestEspressos,CostlyCorianders,8292306
2026-07-05T12:13:04.241251,2026-07-05T12:13:04.248466+00:00,144.2,46,bid,CostlyCorianders,DiligentDonuts,8292313
2026-07-05T12:13:04.743876,2026-07-05T12:13:04.755513+00:00,144.2,4,bid,CostlyCorianders,DiligentDonuts,8292322
2026-07-05T12:13:04.743876,2026-07-05T12:13:04.755513+00:00,144.3,37,bid,CostlyCorianders,EarnestEspressos,8292323
2026-07-05T12:13:04.800039,2026-07-05T12:13:04.811492+00:00,143.8,44,ask,EarnestEspressos,CostlyCorianders,8292324
2026-07-05T12:13:05.289936,2026-07-05T12:13:05.301772+00:00,143.8,45,ask,EarnestEspressos,CostlyCorianders,8292338
2026-07-05T12:13:05.768742,2026-07-05T12:13:05.779732+00:00,144.3,44,bid,CostlyCorianders,EarnestEspressos,8292342
2026-07-05T12:13:07.190069,2026-07-05T12:13:07.202885+00:00,144.3,50,bid,FlawlessFlatbreads,EarnestEspressos,8292356
2026-07-05T12:13:08.773183,2026-07-05T12:13:08.784689+00:00,144.1,42,ask,EarnestEspressos,CostlyCorianders,8292380
2026-07-05T12:13:09.349304,2026-07-05T12:13:09.363869+00:00,144.2,50,ask,DiligentDonuts,FlawlessFlatbreads,8292391
2026-07-05T12:13:10.232615,2026-07-05T12:13:10.243824+00:00,144.6,44,bid,CostlyCorianders,EarnestEspressos,8292407
2026-07-05T12:13:10.815526,2026-07-05T12:13:10.827295+00:00,144.2,40,ask,DiligentDonuts,CostlyCorianders,8292411
2026-07-05T12:13:11.347658,2026-07-05T12:13:11.359259+00:00,144.5,45,bid,CostlyCorianders,EarnestEspressos,8292423
2026-07-05T12:13:11.457820,2026-07-05T12:13:11.469127+00:00,144.2,10,ask,DiligentDonuts,FlawlessFlatbreads,8292426
2026-07-05T12:13:11.457820,2026-07-05T12:13:11.469127+00:00,144.0,40,ask,EarnestEspressos,FlawlessFlatbreads,8292427
2026-07-05T12:13:12.407728,2026-07-05T12:13:12.419303+00:00,144.0,42,ask,EarnestEspressos,CostlyCorianders,8292442
2026-07-05T12:13:12.682673,2026-07-05T12:13:12.690499+00:00,144.0,23,ask,EarnestEspressos,Xuanyu Liu,8292448
2026-07-05T12:13:13.467160,2026-07-05T12:13:13.478668+00:00,144.0,44,ask,EarnestEspressos,CostlyCorianders,8292456
2026-07-05T12:13:13.566350,2026-07-05T12:13:13.578030+00:00,144.0,1,ask,EarnestEspressos,FlawlessFlatbreads,8292459
2026-07-05T12:13:13.566350,2026-07-05T12:13:13.578030+00:00,143.9,49,ask,DiligentDonuts,FlawlessFlatbreads,8292460
2026-07-05T12:13:13.819691,2026-07-05T12:13:13.827360+00:00,143.9,51,ask,DiligentDonuts,EarnestEspressos,8292467
2026-07-05T12:13:13.833766,2026-07-05T12:13:13.844127+00:00,143.8,11,bid,Xuanyu Liu,EarnestEspressos,8292468
2026-07-05T12:13:15.299902,2026-07-05T12:13:15.308038+00:00,143.8,23,bid,Xuanyu Liu,EarnestEspressos,8292496
2026-07-05T12:13:15.990646,2026-07-05T12:13:16.002672+00:00,143.8,46,bid,CostlyCorianders,EarnestEspressos,8292508
2026-07-05T12:13:16.928371,2026-07-05T12:13:16.936338+00:00,143.9,100,bid,EarnestEspressos,DiligentDonuts,8292519
2026-07-05T12:13:16.994308,2026-07-05T12:13:17.002475+00:00,144.0,11,ask,EarnestEspressos,Xuanyu Liu,8292521
2026-07-05T12:13:17.777338,2026-07-05T12:13:17.788285+00:00,144.0,39,ask,EarnestEspressos,FlawlessFlatbreads,8292529
2026-07-05T12:13:17.777338,2026-07-05T12:13:17.788285+00:00,143.4,11,ask,DiligentDonuts,FlawlessFlatbreads,8292530
2026-07-05T12:13:19.890092,2026-07-05T12:13:19.898599+00:00,143.7,50,ask,DiligentDonuts,FlawlessFlatbreads,8292549
2026-07-05T12:13:21.994928,2026-07-05T12:13:22.006602+00:00,143.7,50,ask,DiligentDonuts,FlawlessFlatbreads,8292590
2026-07-05T12:13:26.167953,2026-07-05T12:13:26.179959+00:00,144.0,50,bid,FlawlessFlatbreads,EarnestEspressos,8292652
2026-07-05T12:13:28.274585,2026-07-05T12:13:28.286355+00:00,143.9,50,bid,FlawlessFlatbreads,DiligentDonuts,8292675
2026-07-05T12:13:28.408912,2026-07-05T12:13:28.417127+00:00,143.9,11,bid,Xuanyu Liu,DiligentDonuts,8292677
2026-07-05T12:13:29.724498,2026-07-05T12:13:29.732258+00:00,143.9,39,bid,Xuanyu Liu,DiligentDonuts,8292694
2026-07-05T12:13:30.560173,2026-07-05T12:13:30.571721+00:00,144.2,45,bid,CostlyCorianders,EarnestEspressos,8292713
2026-07-05T12:13:31.206703,2026-07-05T12:13:31.214960+00:00,144.2,42,bid,CostlyCorianders,EarnestEspressos,8292720
2026-07-05T12:13:31.254745,2026-07-05T12:13:31.263547+00:00,144.0,5,ask,DiligentDonuts,Xuanyu Liu,8292722
2026-07-05T12:13:32.362169,2026-07-05T12:13:32.371734+00:00,144.0,22,ask,DiligentDonuts,Xuanyu Liu,8292745
2026-07-05T12:13:32.548685,2026-07-05T12:13:32.555175+00:00,144.0,30,ask,DiligentDonuts,FlawlessFlatbreads,8292754
2026-07-05T12:13:32.548685,2026-07-05T12:13:32.555175+00:00,143.7,20,ask,EarnestEspressos,FlawlessFlatbreads,8292755
2026-07-05T12:13:34.456717,2026-07-05T12:13:34.468291+00:00,144.0,100,ask,EarnestEspressos,DiligentDonuts,8292784
2026-07-05T12:13:34.684641,2026-07-05T12:13:34.696659+00:00,144.0,50,ask,EarnestEspressos,FlawlessFlatbreads,8292787
2026-07-05T12:13:37.566265,2026-07-05T12:13:37.577772+00:00,144.0,100,bid,DiligentDonuts,EarnestEspressos,8292823
2026-07-05T12:13:38.845713,2026-07-05T12:13:38.857314+00:00,144.0,50,bid,FlawlessFlatbreads,EarnestEspressos,8292853
2026-07-05T12:13:40.456794,2026-07-05T12:13:40.468483+00:00,143.8,48,ask,EarnestEspressos,CostlyCorianders,8292887
2026-07-05T12:13:40.980634,2026-07-05T12:13:40.988461+00:00,144.0,50,bid,FlawlessFlatbreads,DiligentDonuts,8292896
2026-07-05T12:13:43.089616,2026-07-05T12:13:43.099170+00:00,144.0,50,bid,FlawlessFlatbreads,DiligentDonuts,8292921
2026-07-05T12:13:45.196309,2026-07-05T12:13:45.208075+00:00,144.0,50,bid,FlawlessFlatbreads,DiligentDonuts,8292951
2026-07-05T12:13:47.304694,2026-07-05T12:13:47.316083+00:00,144.3,50,bid,FlawlessFlatbreads,EarnestEspressos,8292976
2026-07-05T12:13:48.586741,2026-07-05T12:13:48.596404+00:00,143.9,12,ask,EarnestEspressos,Xuanyu Liu,8292994
2026-07-05T12:13:51.566284,2026-07-05T12:13:51.572961+00:00,143.9,50,ask,EarnestEspressos,FlawlessFlatbreads,8293037
2026-07-05T12:13:53.340838,2026-07-05T12:13:53.348661+00:00,143.9,11,ask,DiligentDonuts,Xuanyu Liu,8293055
2026-07-05T12:13:53.675476,2026-07-05T12:13:53.686711+00:00,143.7,50,ask,EarnestEspressos,FlawlessFlatbreads,8293063
2026-07-05T12:13:55.780560,2026-07-05T12:13:55.791558+00:00,143.6,50,ask,DiligentDonuts,FlawlessFlatbreads,8293087
2026-07-05T12:13:57.886395,2026-07-05T12:13:57.897949+00:00,143.6,50,ask,DiligentDonuts,FlawlessFlatbreads,8293129
2026-07-05T12:13:58.118974,2026-07-05T12:13:58.129853+00:00,143.6,50,ask,DiligentDonuts,EarnestEspressos,8293137
2026-07-05T12:13:58.682750,2026-07-05T12:13:58.694480+00:00,143.5,45,bid,CostlyCorianders,EarnestEspressos,8293145
2026-07-05T12:13:59.550462,2026-07-05T12:13:59.571152+00:00,143.5,23,bid,Xuanyu Liu,EarnestEspressos,8293152
2026-07-05T12:13:59.997737,2026-07-05T12:14:00.004687+00:00,143.1,50,ask,DiligentDonuts,FlawlessFlatbreads,8293158
2026-07-05T12:14:01.228127,2026-07-05T12:14:01.239752+00:00,143.6,100,bid,EarnestEspressos,DiligentDonuts,8293184
2026-07-05T12:14:01.311946,2026-07-05T12:14:01.320563+00:00,143.7,12,ask,EarnestEspressos,Xuanyu Liu,8293186
2026-07-05T12:14:01.453444,2026-07-05T12:14:01.465055+00:00,143.7,38,ask,EarnestEspressos,CostlyCorianders,8293190
2026-07-05T12:14:02.041361,2026-07-05T12:14:02.058592+00:00,144.2,48,bid,CostlyCorianders,EarnestEspressos,8293199
2026-07-05T12:14:04.218220,2026-07-05T12:14:04.229726+00:00,143.4,50,ask,DiligentDonuts,FlawlessFlatbreads,8293229
2026-07-05T12:14:06.325283,2026-07-05T12:14:06.333954+00:00,143.4,50,ask,EarnestEspressos,FlawlessFlatbreads,8293257
2026-07-05T12:14:06.678617,2026-07-05T12:14:06.690405+00:00,143.4,40,ask,EarnestEspressos,CostlyCorianders,8293264
2026-07-05T12:14:07.636214,2026-07-05T12:14:07.644027+00:00,143.5,12,bid,Xuanyu Liu,EarnestEspressos,8293277
2026-07-05T12:14:08.432462,2026-07-05T12:14:08.443954+00:00,143.2,50,ask,DiligentDonuts,FlawlessFlatbreads,8293289
2026-07-05T12:14:09.231889,2026-07-05T12:14:09.240548+00:00,143.5,11,bid,Xuanyu Liu,EarnestEspressos,8293296
2026-07-05T12:14:10.540568,2026-07-05T12:14:10.552103+00:00,143.0,50,ask,EarnestEspressos,FlawlessFlatbreads,8293316
2026-07-05T12:14:12.647903,2026-07-05T12:14:12.658560+00:00,143.0,50,ask,EarnestEspressos,FlawlessFlatbreads,8293339
2026-07-05T12:14:13.959502,2026-07-05T12:14:13.968754+00:00,143.2,34,bid,Xuanyu Liu,EarnestEspressos,8293358
2026-07-05T12:14:14.702586,2026-07-05T12:14:14.714022+00:00,143.2,50,bid,FlawlessFlatbreads,EarnestEspressos,8293370
2026-07-05T12:14:18.918174,2026-07-05T12:14:18.925571+00:00,143.5,50,bid,FlawlessFlatbreads,EarnestEspressos,8293430
2026-07-05T12:14:22.803248,2026-07-05T12:14:22.810676+00:00,143.7,43,bid,CostlyCorianders,DiligentDonuts,8293486
2026-07-05T12:14:25.232021,2026-07-05T12:14:25.240782+00:00,143.9,50,bid,FlawlessFlatbreads,EarnestEspressos,8293524
