timestamp,recv_time,price,volume,aggressor_side,buyer,seller,trade_id
2026-07-04T07:00:01.390060,2026-07-04T07:00:01.372985+00:00,152.1,50,bid,FlawlessFlatbreads,DiligentDonuts,6696075
2026-07-04T07:00:03.357500,2026-07-04T07:00:03.364003+00:00,152.0,48,ask,EarnestEspressos,CostlyCorianders,6696110
2026-07-04T07:00:03.552147,2026-07-04T07:00:03.563974+00:00,152.0,50,ask,EarnestEspressos,FlawlessFlatbreads,6696111
2026-07-04T07:00:07.373569,2026-07-04T07:00:07.380291+00:00,151.6,48,ask,EarnestEspressos,CostlyCorianders,6696155
2026-07-04T07:00:07.712459,2026-07-04T07:00:07.724113+00:00,152.1,50,bid,FlawlessFlatbreads,EarnestEspressos,6696165
2026-07-04T07:00:08.027593,2026-07-04T07:00:08.038460+00:00,152.1,2,bid,Kaleb Liu,EarnestEspressos,6696166
2026-07-04T07:00:09.519689,2026-07-04T07:00:09.531182+00:00,152.1,43,bid,CostlyCorianders,EarnestEspressos,6696197
2026-07-04T07:00:09.818864,2026-07-04T07:00:09.827624+00:00,152.1,50,bid,FlawlessFlatbreads,EarnestEspressos,6696208
2026-07-04T07:00:10.113461,2026-07-04T07:00:10.124959+00:00,151.9,40,ask,EarnestEspressos,CostlyCorianders,6696215
2026-07-04T07:00:11.015442,2026-07-04T07:00:11.023006+00:00,152.1,44,bid,CostlyCorianders,DiligentDonuts,6696225
2026-07-04T07:00:11.618871,2026-07-04T07:00:11.626646+00:00,152.1,44,bid,CostlyCorianders,DiligentDonuts,6696232
2026-07-04T07:00:11.924324,2026-07-04T07:00:11.963704+00:00,152.1,12,bid,FlawlessFlatbreads,DiligentDonuts,6696240
2026-07-04T07:00:11.924324,2026-07-04T07:00:11.963704+00:00,152.4,38,bid,FlawlessFlatbreads,EarnestEspressos,6696241
2026-07-04T07:00:14.656009,2026-07-04T07:00:14.667581+00:00,152.0,43,ask,EarnestEspressos,CostlyCorianders,6696281
2026-07-04T07:00:16.075478,2026-07-04T07:00:16.083490+00:00,152.0,11,ask,EarnestEspressos,Xuanyu Liu,6696300
2026-07-04T07:00:16.198076,2026-07-04T07:00:16.205414+00:00,152.0,50,ask,EarnestEspressos,FlawlessFlatbreads,6696308
2026-07-04T07:00:16.427294,2026-07-04T07:00:16.449150+00:00,152.0,100,ask,DiligentDonuts,EarnestEspressos,6696312
2026-07-04T07:00:16.439268,2026-07-04T07:00:16.449150+00:00,151.8,23,bid,Xuanyu Liu,EarnestEspressos,6696313
2026-07-04T07:00:17.043281,2026-07-04T07:00:17.054703+00:00,151.5,2,ask,DiligentDonuts,Kaleb Liu,6696325
2026-07-04T07:00:20.096603,2026-07-04T07:00:20.108395+00:00,151.8,48,ask,EarnestEspressos,CostlyCorianders,6696363
2026-07-04T07:00:20.357307,2026-07-04T07:00:20.365431+00:00,151.9,50,bid,FlawlessFlatbreads,DiligentDonuts,6696370
2026-07-04T07:00:20.368819,2026-07-04T07:00:20.377248+00:00,151.8,12,ask,EarnestEspressos,Xuanyu Liu,6696371
2026-07-04T07:00:20.705835,2026-07-04T07:00:20.717236+00:00,151.9,42,bid,CostlyCorianders,DiligentDonuts,6696378
2026-07-04T07:00:20.921213,2026-07-04T07:00:20.929580+00:00,151.8,11,ask,EarnestEspressos,Xuanyu Liu,6696384
2026-07-04T07:00:21.672896,2026-07-04T07:00:21.680726+00:00,151.8,3,ask,EarnestEspressos,Xuanyu Liu,6696393
2026-07-04T07:00:22.262176,2026-07-04T07:00:22.271335+00:00,151.9,8,bid,CostlyCorianders,DiligentDonuts,6696399
2026-07-04T07:00:22.462986,2026-07-04T07:00:22.474561+00:00,152.2,50,bid,FlawlessFlatbreads,Alan Niu,6696401
2026-07-04T07:00:22.763217,2026-07-04T07:00:22.774843+00:00,151.6,50,ask,Alan Niu,EarnestEspressos,6696406
2026-07-04T07:00:22.904210,2026-07-04T07:00:22.915893+00:00,151.3,44,ask,DiligentDonuts,CostlyCorianders,6696410
2026-07-04T07:00:23.056471,2026-07-04T07:00:23.058560+00:00,151.6,2,bid,Kaleb Liu,EarnestEspressos,6696413
2026-07-04T07:00:23.483700,2026-07-04T07:00:23.495028+00:00,151.6,49,bid,CostlyCorianders,EarnestEspressos,6696423
2026-07-04T07:00:24.284057,2026-07-04T07:00:24.291791+00:00,151.6,3,bid,Xuanyu Liu,EarnestEspressos,6696437
2026-07-04T07:00:24.570153,2026-07-04T07:00:24.581590+00:00,151.6,46,bid,FlawlessFlatbreads,EarnestEspressos,6696447
2026-07-04T07:00:24.570153,2026-07-04T07:00:24.581590+00:00,151.8,4,bid,FlawlessFlatbreads,DiligentDonuts,6696448
2026-07-04T07:00:25.134588,2026-07-04T07:00:25.143999+00:00,151.8,46,bid,CostlyCorianders,DiligentDonuts,6696461
2026-07-04T07:00:25.870077,2026-07-04T07:00:25.881493+00:00,151.8,50,bid,EarnestEspressos,DiligentDonuts,6696470
2026-07-04T07:00:26.070759,2026-07-04T07:00:26.080145+00:00,151.8,2,ask,EarnestEspressos,Kaleb Liu,6696476
2026-07-04T07:00:26.677644,2026-07-04T07:00:26.687424+00:00,152.1,50,bid,FlawlessFlatbreads,DiligentDonuts,6696485
2026-07-04T07:00:26.991925,2026-07-04T07:00:27.001254+00:00,151.8,3,ask,EarnestEspressos,Xuanyu Liu,6696493
2026-07-04T07:00:28.783310,2026-07-04T07:00:28.794868+00:00,152.1,50,bid,FlawlessFlatbreads,DiligentDonuts,6696525
2026-07-04T07:00:29.267456,2026-07-04T07:00:29.275101+00:00,151.9,49,ask,DiligentDonuts,CostlyCorianders,6696530
2026-07-04T07:00:30.293246,2026-07-04T07:00:30.302187+00:00,151.9,41,ask,DiligentDonuts,CostlyCorianders,6696544
2026-07-04T07:00:30.871282,2026-07-04T07:00:30.880722+00:00,152.0,44,bid,CostlyCorianders,EarnestEspressos,6696554
2026-07-04T07:00:30.889733,2026-07-04T07:00:30.901691+00:00,152.0,50,bid,FlawlessFlatbreads,EarnestEspressos,6696555
2026-07-04T07:00:30.926977,2026-07-04T07:00:30.934698+00:00,151.9,10,ask,DiligentDonuts,CostlyCorianders,6696556
2026-07-04T07:00:32.086495,2026-07-04T07:00:32.097997+00:00,151.5,23,ask,EarnestEspressos,Kaleb Liu,6696569
2026-07-04T07:00:32.997438,2026-07-04T07:00:33.009122+00:00,152.3,50,bid,FlawlessFlatbreads,DiligentDonuts,6696581
2026-07-04T07:00:35.102677,2026-07-04T07:00:35.112300+00:00,152.3,50,bid,FlawlessFlatbreads,DiligentDonuts,6696611
2026-07-04T07:00:37.250542,2026-07-04T07:00:37.251856+00:00,152.2,49,ask,EarnestEspressos,CostlyCorianders,6696633
2026-07-04T07:00:39.289969,2026-07-04T07:00:39.301923+00:00,152.6,49,bid,CostlyCorianders,Alan Niu,6696658
2026-07-04T07:00:41.479418,2026-07-04T07:00:41.487643+00:00,152.7,43,bid,CostlyCorianders,EarnestEspressos,6696689
2026-07-04T07:00:42.652566,2026-07-04T07:00:42.661111+00:00,152.6,3,ask,DiligentDonuts,Xuanyu Liu,6696707
2026-07-04T07:00:42.719633,2026-07-04T07:00:42.731513+00:00,152.6,11,ask,DiligentDonuts,Xuanyu Liu,6696709
2026-07-04T07:00:42.723286,2026-07-04T07:00:42.731513+00:00,152.6,86,ask,DiligentDonuts,Chester Au,6696710
2026-07-04T07:00:42.723286,2026-07-04T07:00:42.731513+00:00,152.5,11,ask,EarnestEspressos,Chester Au,6696711
2026-07-04T07:00:42.817458,2026-07-04T07:00:42.824397+00:00,152.5,92,ask,EarnestEspressos,Alan Niu,6696714
2026-07-04T07:00:43.603585,2026-07-04T07:00:43.615381+00:00,152.5,47,ask,EarnestEspressos,FlawlessFlatbreads,6696727
2026-07-04T07:00:44.145664,2026-07-04T07:00:44.158605+00:00,152.1,48,ask,Alan Niu,CostlyCorianders,6696736
2026-07-04T07:00:44.907226,2026-07-04T07:00:44.917428+00:00,152.2,14,bid,Xuanyu Liu,EarnestEspressos,6696756
2026-07-04T07:00:44.948539,2026-07-04T07:00:44.958537+00:00,152.2,93,bid,Alan Niu,EarnestEspressos,6696758
2026-07-04T07:00:45.658887,2026-07-04T07:00:45.670852+00:00,152.2,43,bid,FlawlessFlatbreads,EarnestEspressos,6696779
2026-07-04T07:00:45.658887,2026-07-04T07:00:45.670852+00:00,152.5,7,bid,FlawlessFlatbreads,DiligentDonuts,6696780
2026-07-04T07:00:47.109729,2026-07-04T07:00:47.116427+00:00,152.5,25,bid,Kaleb Liu,DiligentDonuts,6696800
2026-07-04T07:00:47.767120,2026-07-04T07:00:47.778498+00:00,152.5,50,bid,FlawlessFlatbreads,DiligentDonuts,6696808
2026-07-04T07:00:49.926413,2026-07-04T07:00:49.938095+00:00,152.3,50,ask,EarnestEspressos,FlawlessFlatbreads,6696829
2026-07-04T07:00:50.120911,2026-07-04T07:00:50.129780+00:00,152.3,12,ask,EarnestEspressos,Kaleb Liu,6696831
2026-07-04T07:00:51.822553,2026-07-04T07:00:51.832483+00:00,152.6,49,bid,CostlyCorianders,EarnestEspressos,6696858
2026-07-04T07:00:51.983438,2026-07-04T07:00:51.993853+00:00,152.6,50,bid,FlawlessFlatbreads,EarnestEspressos,6696861
2026-07-04T07:00:52.980056,2026-07-04T07:00:52.991492+00:00,152.3,49,ask,DiligentDonuts,CostlyCorianders,6696873
2026-07-04T07:00:55.070731,2026-07-04T07:00:55.081901+00:00,152.4,49,ask,EarnestEspressos,CostlyCorianders,6696897
2026-07-04T07:00:56.264776,2026-07-04T07:00:56.276467+00:00,152.4,50,ask,EarnestEspressos,FlawlessFlatbreads,6696911
2026-07-04T07:00:58.370642,2026-07-04T07:00:58.381206+00:00,152.5,50,ask,DiligentDonuts,FlawlessFlatbreads,6696937
2026-07-04T07:01:00.477503,2026-07-04T07:01:00.485627+00:00,152.5,50,ask,DiligentDonuts,FlawlessFlatbreads,6696966
2026-07-04T07:01:02.584422,2026-07-04T07:01:02.596185+00:00,152.2,50,ask,EarnestEspressos,FlawlessFlatbreads,6697004
2026-07-04T07:01:04.070768,2026-07-04T07:01:04.082690+00:00,152.4,43,bid,CostlyCorianders,EarnestEspressos,6697026
2026-07-04T07:01:04.691757,2026-07-04T07:01:04.703697+00:00,151.9,50,ask,EarnestEspressos,FlawlessFlatbreads,6697033
2026-07-04T07:01:04.871755,2026-07-04T07:01:04.882274+00:00,152.4,97,bid,Chester Au,EarnestEspressos,6697036
2026-07-04T07:01:04.874650,2026-07-04T07:01:04.882274+00:00,152.4,3,bid,Xuanyu Liu,EarnestEspressos,6697037
2026-07-04T07:01:05.249932,2026-07-04T07:01:05.263963+00:00,152.4,7,bid,CostlyCorianders,EarnestEspressos,6697043
2026-07-04T07:01:05.249932,2026-07-04T07:01:05.263963+00:00,152.4,37,bid,CostlyCorianders,DiligentDonuts,6697044
2026-07-04T07:01:06.185866,2026-07-04T07:01:06.194192+00:00,152.4,11,bid,Xuanyu Liu,DiligentDonuts,6697065
2026-07-04T07:01:06.801428,2026-07-04T07:01:06.813271+00:00,151.9,50,ask,EarnestEspressos,FlawlessFlatbreads,6697073
2026-07-04T07:01:06.981097,2026-07-04T07:01:06.992927+00:00,152.4,52,bid,EarnestEspressos,DiligentDonuts,6697076
2026-07-04T07:01:07.159697,2026-07-04T07:01:07.169858+00:00,152.6,11,ask,DiligentDonuts,Xuanyu Liu,6697079
2026-07-04T07:01:07.492144,2026-07-04T07:01:07.500780+00:00,152.6,6,ask,DiligentDonuts,Xuanyu Liu,6697090
2026-07-04T07:01:07.535940,2026-07-04T07:01:07.545576+00:00,152.6,83,ask,DiligentDonuts,Alan Niu,6697094
2026-07-04T07:01:08.149816,2026-07-04T07:01:08.156164+00:00,152.5,64,ask,EarnestEspressos,Kaleb Liu,6697115
2026-07-04T07:01:08.878978,2026-07-04T07:01:08.890764+00:00,152.5,34,ask,EarnestEspressos,CostlyCorianders,6697132
2026-07-04T07:01:08.878978,2026-07-04T07:01:08.890764+00:00,152.3,10,ask,Alan Niu,CostlyCorianders,6697133
2026-07-04T07:01:08.911335,2026-07-04T07:01:08.923061+00:00,152.3,50,ask,Alan Niu,FlawlessFlatbreads,6697136
2026-07-04T07:01:10.199112,2026-07-04T07:01:10.220025+00:00,152.3,23,ask,Alan Niu,EarnestEspressos,6697158
2026-07-04T07:01:10.211733,2026-07-04T07:01:10.220025+00:00,152.1,17,bid,Xuanyu Liu,EarnestEspressos,6697159
2026-07-04T07:01:11.018366,2026-07-04T07:01:11.030347+00:00,152.0,50,ask,DiligentDonuts,FlawlessFlatbreads,6697168
2026-07-04T07:01:11.160039,2026-07-04T07:01:11.171786+00:00,152.1,1,bid,Kaleb Liu,EarnestEspressos,6697170
2026-07-04T07:01:11.783716,2026-07-04T07:01:11.795381+00:00,152.1,47,bid,CostlyCorianders,EarnestEspressos,6697182
2026-07-04T07:01:12.831521,2026-07-04T07:01:12.843123+00:00,152.1,43,bid,CostlyCorianders,EarnestEspressos,6697204
2026-07-04T07:01:13.125806,2026-07-04T07:01:13.137596+00:00,152.0,50,ask,DiligentDonuts,FlawlessFlatbreads,6697207
2026-07-04T07:01:14.008964,2026-07-04T07:01:14.016046+00:00,152.0,44,ask,EarnestEspressos,CostlyCorianders,6697216
2026-07-04T07:01:14.175790,2026-07-04T07:01:14.183420+00:00,152.1,13,bid,Kaleb Liu,DiligentDonuts,6697220
2026-07-04T07:01:14.498358,2026-07-04T07:01:14.506324+00:00,152.0,49,ask,EarnestEspressos,CostlyCorianders,6697223
2026-07-04T07:01:15.180824,2026-07-04T07:01:15.192439+00:00,152.1,50,bid,FlawlessFlatbreads,DiligentDonuts,6697231
2026-07-04T07:01:15.365886,2026-07-04T07:01:15.374200+00:00,152.1,12,bid,Xuanyu Liu,DiligentDonuts,6697233
2026-07-04T07:01:16.108993,2026-07-04T07:01:16.120624+00:00,152.1,25,bid,CostlyCorianders,DiligentDonuts,6697243
2026-07-04T07:01:16.108993,2026-07-04T07:01:16.120624+00:00,152.5,20,bid,CostlyCorianders,EarnestEspressos,6697244
2026-07-04T07:01:18.312488,2026-07-04T07:01:18.324048+00:00,152.4,49,bid,CostlyCorianders,EarnestEspressos,6697281
2026-07-04T07:01:20.192745,2026-07-04T07:01:20.202978+00:00,152.0,14,ask,EarnestEspressos,Kaleb Liu,6697310
2026-07-04T07:01:21.488830,2026-07-04T07:01:21.496992+00:00,152.0,42,ask,EarnestEspressos,CostlyCorianders,6697327
2026-07-04T07:01:21.496670,2026-07-04T07:01:21.508396+00:00,152.5,50,bid,FlawlessFlatbreads,EarnestEspressos,6697328
2026-07-04T07:01:23.034532,2026-07-04T07:01:23.043593+00:00,151.9,47,ask,EarnestEspressos,CostlyCorianders,6697355
2026-07-04T07:01:23.602478,2026-07-04T07:01:23.613158+00:00,152.4,50,bid,FlawlessFlatbreads,EarnestEspressos,6697364
2026-07-04T07:01:24.620097,2026-07-04T07:01:24.631612+00:00,151.9,47,ask,EarnestEspressos,CostlyCorianders,6697381
2026-07-04T07:01:25.708841,2026-07-04T07:01:25.720338+00:00,152.4,50,bid,FlawlessFlatbreads,EarnestEspressos,6697391
2026-07-04T07:01:27.372229,2026-07-04T07:01:27.384065+00:00,152.4,43,bid,CostlyCorianders,EarnestEspressos,6697407
2026-07-04T07:01:27.815328,2026-07-04T07:01:27.826801+00:00,152.4,50,bid,FlawlessFlatbreads,EarnestEspressos,6697414
2026-07-04T07:01:28.699332,2026-07-04T07:01:28.707677+00:00,151.9,12,ask,EarnestEspressos,Xuanyu Liu,6697434
2026-07-04T07:01:29.143684,2026-07-04T07:01:29.152940+00:00,152.0,11,ask,EarnestEspressos,Xuanyu Liu,6697444
2026-07-04T07:01:29.209763,2026-07-04T07:01:29.221302+00:00,152.0,6,ask,EarnestEspressos,Kaleb Liu,6697447
2026-07-04T07:01:29.365255,2026-07-04T07:01:29.374704+00:00,152.0,46,ask,EarnestEspressos,CostlyCorianders,6697454
2026-07-04T07:01:29.922438,2026-07-04T07:01:29.934150+00:00,152.1,50,bid,FlawlessFlatbreads,DiligentDonuts,6697465
2026-07-04T07:01:30.477240,2026-07-04T07:01:30.484996+00:00,152.1,40,bid,CostlyCorianders,DiligentDonuts,6697468
2026-07-04T07:01:32.031551,2026-07-04T07:01:32.043216+00:00,152.1,10,bid,FlawlessFlatbreads,DiligentDonuts,6697496
2026-07-04T07:01:32.031551,2026-07-04T07:01:32.043216+00:00,152.5,40,bid,FlawlessFlatbreads,EarnestEspressos,6697497
2026-07-04T07:01:32.449256,2026-07-04T07:01:32.463969+00:00,152.1,3,ask,DiligentDonuts,Xuanyu Liu,6697505
2026-07-04T07:01:33.552544,2026-07-04T07:01:33.556618+00:00,152.1,44,ask,DiligentDonuts,CostlyCorianders,6697529
2026-07-04T07:01:34.190611,2026-07-04T07:01:34.202455+00:00,152.1,50,ask,DiligentDonuts,FlawlessFlatbreads,6697543
2026-07-04T07:01:34.547511,2026-07-04T07:01:34.554059+00:00,152.1,3,ask,DiligentDonuts,CostlyCorianders,6697545
2026-07-04T07:01:36.246593,2026-07-04T07:01:36.258294+00:00,152.2,50,bid,FlawlessFlatbreads,DiligentDonuts,6697582
2026-07-04T07:01:37.551645,2026-07-04T07:01:37.558579+00:00,152.2,47,bid,CostlyCorianders,DiligentDonuts,6697604
2026-07-04T07:01:38.354502,2026-07-04T07:01:38.366313+00:00,152.2,3,bid,FlawlessFlatbreads,DiligentDonuts,6697615
2026-07-04T07:01:38.354502,2026-07-04T07:01:38.366313+00:00,152.4,47,bid,FlawlessFlatbreads,Alan Niu,6697616
2026-07-04T07:01:40.052226,2026-07-04T07:01:40.063924+00:00,151.8,40,ask,DiligentDonuts,CostlyCorianders,6697632
2026-07-04T07:01:40.462090,2026-07-04T07:01:40.469630+00:00,152.2,50,bid,FlawlessFlatbreads,EarnestEspressos,6697644
2026-07-04T07:01:42.017833,2026-07-04T07:01:42.027763+00:00,152.2,48,bid,CostlyCorianders,DiligentDonuts,6697667
2026-07-04T07:01:43.186473,2026-07-04T07:01:43.200013+00:00,152.0,48,ask,EarnestEspressos,CostlyCorianders,6697679
2026-07-04T07:01:44.739709,2026-07-04T07:01:44.751406+00:00,152.0,50,ask,EarnestEspressos,FlawlessFlatbreads,6697700
2026-07-04T07:01:45.841915,2026-07-04T07:01:45.848462+00:00,152.1,47,bid,CostlyCorianders,EarnestEspressos,6697717
2026-07-04T07:01:47.838245,2026-07-04T07:01:47.849841+00:00,151.8,45,ask,DiligentDonuts,CostlyCorianders,6697738
2026-07-04T07:01:48.952346,2026-07-04T07:01:48.963760+00:00,151.7,50,ask,EarnestEspressos,FlawlessFlatbreads,6697764
2026-07-04T07:01:50.376853,2026-07-04T07:01:50.388399+00:00,152.2,44,bid,CostlyCorianders,EarnestEspressos,6697791
2026-07-04T07:01:50.944558,2026-07-04T07:01:50.958591+00:00,151.8,47,ask,Alan Niu,CostlyCorianders,6697802
2026-07-04T07:01:53.162420,2026-07-04T07:01:53.174084+00:00,151.8,50,ask,EarnestEspressos,FlawlessFlatbreads,6697828
2026-07-04T07:01:54.091588,2026-07-04T07:01:54.100562+00:00,152.2,45,bid,CostlyCorianders,DiligentDonuts,6697842
2026-07-04T07:01:55.192829,2026-07-04T07:01:55.204268+00:00,151.8,40,ask,DiligentDonuts,CostlyCorianders,6697866
2026-07-04T07:01:55.217760,2026-07-04T07:01:55.229204+00:00,152.0,50,bid,FlawlessFlatbreads,EarnestEspressos,6697867
2026-07-04T07:01:56.245970,2026-07-04T07:01:56.257678+00:00,152.0,6,bid,Kaleb Liu,EarnestEspressos,6697888
2026-07-04T07:01:57.356419,2026-07-04T07:01:57.368387+00:00,152.0,50,bid,FlawlessFlatbreads,EarnestEspressos,6697904
2026-07-04T07:01:59.464644,2026-07-04T07:01:59.474693+00:00,152.3,50,bid,FlawlessFlatbreads,DiligentDonuts,6697935
2026-07-04T07:02:01.591516,2026-07-04T07:02:01.599074+00:00,152.6,50,bid,FlawlessFlatbreads,EarnestEspressos,6697968
2026-07-04T07:02:02.358597,2026-07-04T07:02:02.370317+00:00,152.6,45,bid,CostlyCorianders,EarnestEspressos,6697979
2026-07-04T07:02:03.697744,2026-07-04T07:02:03.709419+00:00,152.6,50,bid,FlawlessFlatbreads,EarnestEspressos,6697998
2026-07-04T07:02:03.927392,2026-07-04T07:02:03.939054+00:00,152.6,100,bid,EarnestEspressos,DiligentDonuts,6698003
2026-07-04T07:02:03.927392,2026-07-04T07:02:03.939054+00:00,152.8,50,bid,EarnestEspressos,Alan Niu,6698004
2026-07-04T07:02:05.130967,2026-07-04T07:02:05.139945+00:00,152.6,3,ask,DiligentDonuts,Xuanyu Liu,6698028
2026-07-04T07:02:05.310497,2026-07-04T07:02:05.318991+00:00,152.6,97,ask,DiligentDonuts,Alan Niu,6698031
2026-07-04T07:02:08.269677,2026-07-04T07:02:08.272357+00:00,152.9,1,bid,Kaleb Liu,DiligentDonuts,6698075
2026-07-04T07:02:10.060985,2026-07-04T07:02:10.072533+00:00,152.9,50,bid,FlawlessFlatbreads,DiligentDonuts,6698112
2026-07-04T07:02:10.368681,2026-07-04T07:02:10.375828+00:00,152.8,46,bid,CostlyCorianders,EarnestEspressos,6698117
2026-07-04T07:02:12.122187,2026-07-04T07:02:12.118494+00:00,152.8,48,bid,CostlyCorianders,EarnestEspressos,6698144
2026-07-04T07:02:14.287119,2026-07-04T07:02:14.295859+00:00,152.7,1,ask,EarnestEspressos,Kaleb Liu,6698160
2026-07-04T07:02:14.346507,2026-07-04T07:02:14.352895+00:00,152.7,50,ask,EarnestEspressos,FlawlessFlatbreads,6698163
2026-07-04T07:02:15.924034,2026-07-04T07:02:15.933051+00:00,152.7,99,ask,EarnestEspressos,Chester Au,6698191
2026-07-04T07:02:16.127358,2026-07-04T07:02:16.136968+00:00,152.6,53,ask,DiligentDonuts,Alan Niu,6698195
2026-07-04T07:02:16.454910,2026-07-04T07:02:16.458597+00:00,152.6,47,ask,DiligentDonuts,FlawlessFlatbreads,6698199
2026-07-04T07:02:16.454910,2026-07-04T07:02:16.458597+00:00,152.2,3,ask,Alan Niu,FlawlessFlatbreads,6698200
2026-07-04T07:02:16.641503,2026-07-04T07:02:16.652445+00:00,152.4,3,bid,Xuanyu Liu,EarnestEspressos,6698205
2026-07-04T07:02:16.972159,2026-07-04T07:02:16.979567+00:00,152.4,147,bid,Alan Niu,EarnestEspressos,6698209
2026-07-04T07:02:18.565499,2026-07-04T07:02:18.576414+00:00,152.1,50,ask,DiligentDonuts,FlawlessFlatbreads,6698224
2026-07-04T07:02:19.736070,2026-07-04T07:02:19.745396+00:00,152.6,100,bid,EarnestEspressos,DiligentDonuts,6698249
2026-07-04T07:02:19.989463,2026-07-04T07:02:19.999077+00:00,152.6,41,ask,EarnestEspressos,CostlyCorianders,6698254
2026-07-04T07:02:20.672743,2026-07-04T07:02:20.684475+00:00,152.6,9,ask,EarnestEspressos,FlawlessFlatbreads,6698260
2026-07-04T07:02:20.672743,2026-07-04T07:02:20.684475+00:00,152.3,41,ask,DiligentDonuts,FlawlessFlatbreads,6698261
2026-07-04T07:02:22.782338,2026-07-04T07:02:22.789597+00:00,152.3,50,ask,DiligentDonuts,FlawlessFlatbreads,6698286
2026-07-04T07:02:24.803523,2026-07-04T07:02:24.815422+00:00,152.6,46,bid,CostlyCorianders,EarnestEspressos,6698311
2026-07-04T07:02:24.887983,2026-07-04T07:02:24.897272+00:00,152.4,50,ask,Alan Niu,FlawlessFlatbreads,6698312
2026-07-04T07:02:25.893578,2026-07-04T07:02:25.904959+00:00,152.1,45,ask,EarnestEspressos,CostlyCorianders,6698337
2026-07-04T07:02:27.004986,2026-07-04T07:02:27.016719+00:00,152.3,50,ask,DiligentDonuts,FlawlessFlatbreads,6698359
2026-07-04T07:02:27.027126,2026-07-04T07:02:27.034733+00:00,152.3,47,ask,DiligentDonuts,CostlyCorianders,6698360
2026-07-04T07:02:29.113636,2026-07-04T07:02:29.120649+00:00,152.3,3,ask,DiligentDonuts,FlawlessFlatbreads,6698395
2026-07-04T07:02:29.113636,2026-07-04T07:02:29.129879+00:00,152.2,47,ask,EarnestEspressos,FlawlessFlatbreads,6698396
2026-07-04T07:02:29.487039,2026-07-04T07:02:29.497895+00:00,152.4,3,bid,Xuanyu Liu,DiligentDonuts,6698404
2026-07-04T07:02:29.490654,2026-07-04T07:02:29.497895+00:00,152.4,97,bid,Chester Au,DiligentDonuts,6698405
2026-07-04T07:02:30.004682,2026-07-04T07:02:30.015132+00:00,152.6,2,bid,Chester Au,EarnestEspressos,6698413
2026-07-04T07:02:31.170218,2026-07-04T07:02:31.178579+00:00,152.6,50,bid,FlawlessFlatbreads,EarnestEspressos,6698433
2026-07-04T07:02:32.378172,2026-07-04T07:02:32.389659+00:00,153.2,43,bid,CostlyCorianders,Alan Niu,6698456
2026-07-04T07:02:32.488431,2026-07-04T07:02:32.497006+00:00,152.9,43,bid,Alan Niu,EarnestEspressos,6698459
2026-07-04T07:02:32.973743,2026-07-04T07:02:32.985594+00:00,152.9,44,bid,CostlyCorianders,EarnestEspressos,6698473
2026-07-04T07:02:33.545638,2026-07-04T07:02:33.557114+00:00,152.4,44,ask,EarnestEspressos,CostlyCorianders,6698479
2026-07-04T07:02:35.382140,2026-07-04T07:02:35.391226+00:00,152.9,50,bid,FlawlessFlatbreads,EarnestEspressos,6698497
2026-07-04T07:02:35.548456,2026-07-04T07:02:35.557624+00:00,152.9,100,bid,EarnestEspressos,DiligentDonuts,6698500
2026-07-04T07:02:35.559462,2026-07-04T07:02:35.568762+00:00,152.9,3,ask,EarnestEspressos,Xuanyu Liu,6698501
2026-07-04T07:02:37.487702,2026-07-04T07:02:37.496713+00:00,153.3,50,bid,FlawlessFlatbreads,DiligentDonuts,6698538
2026-07-04T07:02:37.673038,2026-07-04T07:02:37.685978+00:00,152.9,40,ask,EarnestEspressos,CostlyCorianders,6698539
2026-07-04T07:02:38.948812,2026-07-04T07:02:38.958556+00:00,153.0,100,bid,DiligentDonuts,EarnestEspressos,6698559
2026-07-04T07:02:39.292178,2026-07-04T07:02:39.301913+00:00,153.0,47,bid,CostlyCorianders,EarnestEspressos,6698563
2026-07-04T07:02:39.598000,2026-07-04T07:02:39.613706+00:00,153.0,3,bid,FlawlessFlatbreads,EarnestEspressos,6698567
2026-07-04T07:02:39.598000,2026-07-04T07:02:39.613706+00:00,153.4,47,bid,FlawlessFlatbreads,Alan Niu,6698568
2026-07-04T07:02:41.705667,2026-07-04T07:02:41.717160+00:00,153.5,50,bid,FlawlessFlatbreads,Alan Niu,6698601
2026-07-04T07:02:43.673043,2026-07-04T07:02:43.681721+00:00,153.4,43,bid,CostlyCorianders,DiligentDonuts,6698628
2026-07-04T07:02:43.730040,2026-07-04T07:02:43.750346+00:00,153.1,49,ask,EarnestEspressos,CostlyCorianders,6698629
2026-07-04T07:02:43.812501,2026-07-04T07:02:43.824314+00:00,153.4,50,bid,FlawlessFlatbreads,DiligentDonuts,6698631
2026-07-04T07:02:44.211064,2026-07-04T07:02:44.219518+00:00,153.1,46,ask,EarnestEspressos,CostlyCorianders,6698634
2026-07-04T07:02:45.274346,2026-07-04T07:02:45.281854+00:00,153.3,100,bid,DiligentDonuts,EarnestEspressos,6698649
2026-07-04T07:02:45.908350,2026-07-04T07:02:45.920065+00:00,153.3,47,bid,CostlyCorianders,EarnestEspressos,6698660
2026-07-04T07:02:45.972322,2026-07-04T07:02:45.983868+00:00,153.1,50,ask,Alan Niu,FlawlessFlatbreads,6698662
2026-07-04T07:02:48.078882,2026-07-04T07:02:48.087160+00:00,153.1,47,ask,Alan Niu,FlawlessFlatbreads,6698696
2026-07-04T07:02:48.078882,2026-07-04T07:02:48.087160+00:00,152.8,3,ask,EarnestEspressos,FlawlessFlatbreads,6698697
2026-07-04T07:02:48.215121,2026-07-04T07:02:48.224000+00:00,153.4,47,ask,EarnestEspressos,Alan Niu,6698698
2026-07-04T07:02:50.134373,2026-07-04T07:02:50.142403+00:00,153.6,50,bid,FlawlessFlatbreads,DiligentDonuts,6698719
2026-07-04T07:02:50.531508,2026-07-04T07:02:50.543131+00:00,153.6,43,bid,CostlyCorianders,DiligentDonuts,6698723
2026-07-04T07:02:52.291313,2026-07-04T07:02:52.302766+00:00,153.4,50,ask,EarnestEspressos,FlawlessFlatbreads,6698749
2026-07-04T07:02:53.143843,2026-07-04T07:02:53.163664+00:00,153.4,43,ask,EarnestEspressos,CostlyCorianders,6698759
2026-07-04T07:02:54.398557,2026-07-04T07:02:54.407208+00:00,153.4,50,ask,EarnestEspressos,FlawlessFlatbreads,6698779
2026-07-04T07:02:54.572610,2026-07-04T07:02:54.589361+00:00,153.4,100,ask,DiligentDonuts,EarnestEspressos,6698783
2026-07-04T07:02:54.765758,2026-07-04T07:02:54.773006+00:00,153.4,40,bid,CostlyCorianders,EarnestEspressos,6698786
2026-07-04T07:02:54.794410,2026-07-04T07:02:54.803455+00:00,153.4,10,bid,Alan Niu,EarnestEspressos,6698787
2026-07-04T07:02:55.789420,2026-07-04T07:02:55.797798+00:00,153.3,37,ask,Alan Niu,CostlyCorianders,6698801
2026-07-04T07:02:55.789420,2026-07-04T07:02:55.797798+00:00,153.1,6,ask,DiligentDonuts,CostlyCorianders,6698802
2026-07-04T07:02:56.454895,2026-07-04T07:02:56.463579+00:00,153.6,50,bid,FlawlessFlatbreads,DiligentDonuts,6698813
2026-07-04T07:02:57.696515,2026-07-04T07:02:57.711049+00:00,153.6,50,bid,EarnestEspressos,DiligentDonuts,6698834
2026-07-04T07:03:00.739275,2026-07-04T07:03:00.751019+00:00,153.8,50,ask,EarnestEspressos,FlawlessFlatbreads,6698876
2026-07-04T07:03:02.366870,2026-07-04T07:03:02.378415+00:00,153.8,48,ask,DiligentDonuts,CostlyCorianders,6698902
2026-07-04T07:03:02.845886,2026-07-04T07:03:02.858547+00:00,153.8,50,ask,DiligentDonuts,FlawlessFlatbreads,6698906
2026-07-04T07:03:04.074980,2026-07-04T07:03:04.083400+00:00,153.8,2,ask,DiligentDonuts,EarnestEspressos,6698923
2026-07-04T07:03:04.952844,2026-07-04T07:03:04.963659+00:00,153.3,50,ask,EarnestEspressos,FlawlessFlatbreads,6698932
2026-07-04T07:03:05.552975,2026-07-04T07:03:05.554138+00:00,153.8,49,bid,CostlyCorianders,EarnestEspressos,6698945
2026-07-04T07:03:06.781685,2026-07-04T07:03:06.790978+00:00,153.8,3,bid,Xuanyu Liu,EarnestEspressos,6698964
2026-07-04T07:03:07.061178,2026-07-04T07:03:07.069601+00:00,153.3,50,ask,EarnestEspressos,FlawlessFlatbreads,6698966
2026-07-04T07:03:07.118279,2026-07-04T07:03:07.129842+00:00,153.8,43,bid,CostlyCorianders,EarnestEspressos,6698969
2026-07-04T07:03:09.166232,2026-07-04T07:03:09.177895+00:00,153.8,50,ask,DiligentDonuts,FlawlessFlatbreads,6698998
2026-07-04T07:03:11.272881,2026-07-04T07:03:11.283243+00:00,153.7,50,ask,EarnestEspressos,FlawlessFlatbreads,6699023
2026-07-04T07:03:13.394320,2026-07-04T07:03:13.406990+00:00,153.7,50,ask,EarnestEspressos,FlawlessFlatbreads,6699050
2026-07-04T07:03:13.999234,2026-07-04T07:03:14.008191+00:00,153.9,11,bid,Xuanyu Liu,EarnestEspressos,6699060
2026-07-04T07:03:14.431728,2026-07-04T07:03:14.443234+00:00,153.9,49,bid,CostlyCorianders,EarnestEspressos,6699063
2026-07-04T07:03:14.618777,2026-07-04T07:03:14.633628+00:00,153.9,12,bid,Xuanyu Liu,EarnestEspressos,6699069
2026-07-04T07:03:15.930696,2026-07-04T07:03:15.937856+00:00,153.9,11,bid,Xuanyu Liu,EarnestEspressos,6699089
2026-07-04T07:03:17.471645,2026-07-04T07:03:17.478172+00:00,154.0,41,ask,EarnestEspressos,CostlyCorianders,6699108
2026-07-04T07:03:22.540603,2026-07-04T07:03:22.552169+00:00,154.1,11,ask,DiligentDonuts,Xuanyu Liu,6699192
2026-07-04T07:03:23.082772,2026-07-04T07:03:23.095117+00:00,154.1,42,ask,DiligentDonuts,CostlyCorianders,6699202
2026-07-04T07:03:23.861905,2026-07-04T07:03:23.873467+00:00,154.3,50,bid,FlawlessFlatbreads,EarnestEspressos,6699211
2026-07-04T07:03:25.967357,2026-07-04T07:03:25.979042+00:00,154.3,50,bid,FlawlessFlatbreads,EarnestEspressos,6699243
2026-07-04T07:03:26.158796,2026-07-04T07:03:26.168673+00:00,154.3,100,bid,EarnestEspressos,DiligentDonuts,6699250
2026-07-04T07:03:26.465612,2026-07-04T07:03:26.473732+00:00,154.3,12,ask,EarnestEspressos,Xuanyu Liu,6699252
2026-07-04T07:03:27.275897,2026-07-04T07:03:27.287686+00:00,154.3,38,ask,EarnestEspressos,CostlyCorianders,6699267
2026-07-04T07:03:27.275897,2026-07-04T07:03:27.287686+00:00,154.3,3,ask,DiligentDonuts,CostlyCorianders,6699268
2026-07-04T07:03:28.082396,2026-07-04T07:03:28.094027+00:00,154.8,50,bid,FlawlessFlatbreads,EarnestEspressos,6699278
2026-07-04T07:03:28.318539,2026-07-04T07:03:28.327712+00:00,154.3,40,ask,DiligentDonuts,CostlyCorianders,6699280
2026-07-04T07:03:29.090214,2026-07-04T07:03:29.098245+00:00,154.3,11,ask,DiligentDonuts,Xuanyu Liu,6699293
2026-07-04T07:03:29.277079,2026-07-04T07:03:29.283516+00:00,154.8,47,bid,CostlyCorianders,DiligentDonuts,6699297
2026-07-04T07:03:29.373088,2026-07-04T07:03:29.384968+00:00,154.3,46,ask,DiligentDonuts,EarnestEspressos,6699299
2026-07-04T07:03:30.192198,2026-07-04T07:03:30.203581+00:00,154.3,50,bid,FlawlessFlatbreads,EarnestEspressos,6699305
2026-07-04T07:03:32.348537,2026-07-04T07:03:32.358571+00:00,154.0,50,ask,DiligentDonuts,FlawlessFlatbreads,6699327
2026-07-04T07:03:34.334222,2026-07-04T07:03:34.341338+00:00,154.3,47,bid,CostlyCorianders,DiligentDonuts,6699351
2026-07-04T07:03:34.457250,2026-07-04T07:03:34.468935+00:00,154.2,50,ask,EarnestEspressos,FlawlessFlatbreads,6699352
2026-07-04T07:03:34.959863,2026-07-04T07:03:34.969213+00:00,154.3,42,bid,CostlyCorianders,DiligentDonuts,6699360
2026-07-04T07:03:35.846659,2026-07-04T07:03:35.854423+00:00,154.3,11,bid,Xuanyu Liu,DiligentDonuts,6699369
2026-07-04T07:03:38.670315,2026-07-04T07:03:38.682056+00:00,154.3,50,ask,DiligentDonuts,FlawlessFlatbreads,6699404
2026-07-04T07:03:40.296941,2026-07-04T07:03:40.309699+00:00,154.2,49,ask,EarnestEspressos,CostlyCorianders,6699421
2026-07-04T07:03:41.788137,2026-07-04T07:03:41.797788+00:00,154.2,44,ask,EarnestEspressos,CostlyCorianders,6699438
2026-07-04T07:03:42.464061,2026-07-04T07:03:42.474189+00:00,154.4,42,bid,CostlyCorianders,EarnestEspressos,6699447
2026-07-04T07:03:43.559505,2026-07-04T07:03:43.567766+00:00,154.3,44,ask,DiligentDonuts,CostlyCorianders,6699470
2026-07-04T07:03:44.945051,2026-07-04T07:03:44.956724+00:00,154.4,50,bid,FlawlessFlatbreads,EarnestEspressos,6699498
2026-07-04T07:03:46.791064,2026-07-04T07:03:46.801901+00:00,154.6,44,bid,CostlyCorianders,DiligentDonuts,6699520
2026-07-04T07:03:47.690102,2026-07-04T07:03:47.700659+00:00,154.3,45,ask,EarnestEspressos,CostlyCorianders,6699532
2026-07-04T07:03:48.760400,2026-07-04T07:03:48.768252+00:00,154.4,11,ask,DiligentDonuts,Xuanyu Liu,6699545
2026-07-04T07:03:49.156657,2026-07-04T07:03:49.164748+00:00,154.7,50,bid,FlawlessFlatbreads,EarnestEspressos,6699556
2026-07-04T07:03:51.263082,2026-07-04T07:03:51.274526+00:00,154.7,50,bid,FlawlessFlatbreads,EarnestEspressos,6699597
2026-07-04T07:03:51.451023,2026-07-04T07:03:51.458557+00:00,154.9,45,bid,CostlyCorianders,DiligentDonuts,6699601
2026-07-04T07:03:53.374967,2026-07-04T07:03:53.385044+00:00,154.8,50,bid,FlawlessFlatbreads,DiligentDonuts,6699631
2026-07-04T07:03:53.437046,2026-07-04T07:03:53.444900+00:00,154.4,41,ask,EarnestEspressos,CostlyCorianders,6699633
2026-07-04T07:03:53.980458,2026-07-04T07:03:53.990590+00:00,154.4,46,ask,EarnestEspressos,CostlyCorianders,6699641
2026-07-04T07:03:54.630634,2026-07-04T07:03:54.642502+00:00,154.8,47,bid,CostlyCorianders,DiligentDonuts,6699644
2026-07-04T07:03:54.916274,2026-07-04T07:03:54.927779+00:00,154.5,100,bid,DiligentDonuts,EarnestEspressos,6699648
2026-07-04T07:03:55.482208,2026-07-04T07:03:55.499064+00:00,154.5,50,bid,FlawlessFlatbreads,EarnestEspressos,6699661
2026-07-04T07:03:56.764822,2026-07-04T07:03:56.776529+00:00,154.0,44,ask,EarnestEspressos,CostlyCorianders,6699682
2026-07-04T07:03:57.642667,2026-07-04T07:03:57.659399+00:00,154.0,50,ask,EarnestEspressos,FlawlessFlatbreads,6699695
2026-07-04T07:03:59.750503,2026-07-04T07:03:59.755937+00:00,153.9,50,ask,EarnestEspressos,FlawlessFlatbreads,6699739
2026-07-04T07:04:01.876967,2026-07-04T07:04:01.888401+00:00,153.9,50,ask,DiligentDonuts,FlawlessFlatbreads,6699769
2026-07-04T07:04:01.989781,2026-07-04T07:04:01.997603+00:00,154.2,40,bid,CostlyCorianders,EarnestEspressos,6699775
2026-07-04T07:04:03.982644,2026-07-04T07:04:03.994071+00:00,153.9,50,ask,DiligentDonuts,FlawlessFlatbreads,6699792
2026-07-04T07:04:06.121650,2026-07-04T07:04:06.133375+00:00,153.9,50,ask,EarnestEspressos,FlawlessFlatbreads,6699819
2026-07-04T07:04:08.229994,2026-07-04T07:04:08.239417+00:00,153.6,50,ask,EarnestEspressos,FlawlessFlatbreads,6699849
2026-07-04T07:04:08.560102,2026-07-04T07:04:08.572297+00:00,154.0,42,bid,CostlyCorianders,DiligentDonuts,6699852
2026-07-04T07:04:09.126389,2026-07-04T07:04:09.133920+00:00,154.0,49,bid,CostlyCorianders,DiligentDonuts,6699865
2026-07-04T07:04:09.703929,2026-07-04T07:04:09.714386+00:00,154.0,9,bid,Xuanyu Liu,DiligentDonuts,6699871
2026-07-04T07:04:10.343630,2026-07-04T07:04:10.358921+00:00,153.6,50,ask,EarnestEspressos,FlawlessFlatbreads,6699882
2026-07-04T07:04:10.507607,2026-07-04T07:04:10.515575+00:00,153.9,14,bid,Xuanyu Liu,EarnestEspressos,6699885
2026-07-04T07:04:10.716707,2026-07-04T07:04:10.728392+00:00,153.9,100,bid,DiligentDonuts,EarnestEspressos,6699890
2026-07-04T07:04:12.313701,2026-07-04T07:04:12.321186+00:00,153.4,48,ask,EarnestEspressos,CostlyCorianders,6699910
2026-07-04T07:04:12.327577,2026-07-04T07:04:12.335080+00:00,153.9,11,bid,Xuanyu Liu,EarnestEspressos,6699912
2026-07-04T07:04:12.449025,2026-07-04T07:04:12.463633+00:00,153.4,50,ask,EarnestEspressos,FlawlessFlatbreads,6699914
2026-07-04T07:04:12.925649,2026-07-04T07:04:12.932904+00:00,153.9,25,bid,CostlyCorianders,EarnestEspressos,6699917
2026-07-04T07:04:12.925649,2026-07-04T07:04:12.938112+00:00,154.5,21,bid,CostlyCorianders,DiligentDonuts,6699918
2026-07-04T07:04:14.022275,2026-07-04T07:04:14.033888+00:00,153.8,49,ask,DiligentDonuts,CostlyCorianders,6699929
2026-07-04T07:04:14.554521,2026-07-04T07:04:14.565931+00:00,153.8,50,ask,DiligentDonuts,FlawlessFlatbreads,6699939
2026-07-04T07:04:14.647599,2026-07-04T07:04:14.653994+00:00,153.8,1,ask,DiligentDonuts,CostlyCorianders,6699941
2026-07-04T07:04:15.767574,2026-07-04T07:04:15.779015+00:00,154.2,44,bid,CostlyCorianders,EarnestEspressos,6699951
2026-07-04T07:04:16.609787,2026-07-04T07:04:16.621734+00:00,154.2,50,bid,FlawlessFlatbreads,EarnestEspressos,6699958
2026-07-04T07:04:17.098641,2026-07-04T07:04:17.105904+00:00,153.9,100,ask,EarnestEspressos,DiligentDonuts,6699963
2026-07-04T07:04:20.838860,2026-07-04T07:04:20.846748+00:00,154.2,50,bid,FlawlessFlatbreads,EarnestEspressos,6700028
2026-07-04T07:04:25.099696,2026-07-04T07:04:25.111747+00:00,153.8,50,ask,EarnestEspressos,FlawlessFlatbreads,6700079
2026-07-04T07:04:26.318294,2026-07-04T07:04:26.329842+00:00,153.8,100,ask,DiligentDonuts,EarnestEspressos,6700096
2026-07-04T07:04:26.859986,2026-07-04T07:04:26.867296+00:00,153.7,12,bid,Xuanyu Liu,DiligentDonuts,6700101
2026-07-04T07:04:27.966116,2026-07-04T07:04:27.974256+00:00,153.7,11,bid,Xuanyu Liu,DiligentDonuts,6700119
2026-07-04T07:04:29.310496,2026-07-04T07:04:29.319884+00:00,153.3,50,ask,EarnestEspressos,FlawlessFlatbreads,6700132
2026-07-04T07:04:29.430356,2026-07-04T07:04:29.436753+00:00,153.7,77,bid,EarnestEspressos,DiligentDonuts,6700135
2026-07-04T07:04:30.359462,2026-07-04T07:04:30.366812+00:00,153.9,11,ask,DiligentDonuts,Xuanyu Liu,6700146
2026-07-04T07:04:33.469436,2026-07-04T07:04:33.475757+00:00,154.0,50,bid,FlawlessFlatbreads,EarnestEspressos,6700189
2026-07-04T07:04:34.625936,2026-07-04T07:04:34.636524+00:00,153.7,47,ask,DiligentDonuts,CostlyCorianders,6700205
2026-07-04T07:04:35.626606,2026-07-04T07:04:35.638256+00:00,153.7,50,ask,DiligentDonuts,FlawlessFlatbreads,6700214
2026-07-04T07:04:35.690269,2026-07-04T07:04:35.701739+00:00,154.0,44,bid,CostlyCorianders,EarnestEspressos,6700215
2026-07-04T07:04:36.295235,2026-07-04T07:04:36.306862+00:00,153.9,40,bid,CostlyCorianders,DiligentDonuts,6700227
2026-07-04T07:04:37.316490,2026-07-04T07:04:37.328115+00:00,153.8,45,ask,EarnestEspressos,CostlyCorianders,6700244
2026-07-04T07:04:37.681967,2026-07-04T07:04:37.693256+00:00,153.9,50,bid,FlawlessFlatbreads,DiligentDonuts,6700249
2026-07-04T07:04:39.789669,2026-07-04T07:04:39.804101+00:00,154.3,50,bid,FlawlessFlatbreads,EarnestEspressos,6700288
2026-07-04T07:04:39.884460,2026-07-04T07:04:39.892268+00:00,153.8,12,ask,EarnestEspressos,Xuanyu Liu,6700289
2026-07-04T07:04:41.896361,2026-07-04T07:04:41.898455+00:00,154.3,50,bid,FlawlessFlatbreads,EarnestEspressos,6700314
2026-07-04T07:04:43.830676,2026-07-04T07:04:43.837955+00:00,153.9,11,ask,EarnestEspressos,Xuanyu Liu,6700337
2026-07-04T07:04:44.004532,2026-07-04T07:04:44.016127+00:00,154.1,50,bid,FlawlessFlatbreads,DiligentDonuts,6700339
2026-07-04T07:04:46.111785,2026-07-04T07:04:46.120293+00:00,154.3,50,bid,FlawlessFlatbreads,DiligentDonuts,6700368
2026-07-04T07:04:47.081420,2026-07-04T07:04:47.093139+00:00,153.9,46,ask,EarnestEspressos,CostlyCorianders,6700380
2026-07-04T07:04:48.217880,2026-07-04T07:04:48.224426+00:00,154.3,50,bid,FlawlessFlatbreads,DiligentDonuts,6700397
2026-07-04T07:04:50.384057,2026-07-04T07:04:50.395238+00:00,154.1,50,ask,DiligentDonuts,FlawlessFlatbreads,6700432
2026-07-04T07:04:51.278859,2026-07-04T07:04:51.290444+00:00,154.1,44,ask,DiligentDonuts,CostlyCorianders,6700447
2026-07-04T07:04:52.439476,2026-07-04T07:04:52.463670+00:00,154.3,50,bid,FlawlessFlatbreads,EarnestEspressos,6700458
2026-07-04T07:04:53.705080,2026-07-04T07:04:53.716612+00:00,154.3,46,bid,CostlyCorianders,EarnestEspressos,6700475
2026-07-04T07:04:54.598840,2026-07-04T07:04:54.610438+00:00,153.9,50,ask,DiligentDonuts,FlawlessFlatbreads,6700485
2026-07-04T07:04:54.759594,2026-07-04T07:04:54.766906+00:00,154.2,12,ask,EarnestEspressos,Xuanyu Liu,6700487
2026-07-04T07:04:55.057234,2026-07-04T07:04:55.065030+00:00,154.2,100,ask,EarnestEspressos,DiligentDonuts,6700495
2026-07-04T07:04:56.965979,2026-07-04T07:04:56.973859+00:00,154.2,11,ask,EarnestEspressos,Xuanyu Liu,6700527
2026-07-04T07:04:58.260827,2026-07-04T07:04:58.269767+00:00,154.3,11,bid,Xuanyu Liu,EarnestEspressos,6700557
2026-07-04T07:04:58.659865,2026-07-04T07:04:58.668644+00:00,154.2,46,ask,DiligentDonuts,CostlyCorianders,6700561
2026-07-04T07:04:58.756780,2026-07-04T07:04:58.723149+00:00,154.3,50,bid,FlawlessFlatbreads,EarnestEspressos,6700564
2026-07-04T07:05:00.862062,2026-07-04T07:05:00.873638+00:00,154.3,50,bid,FlawlessFlatbreads,EarnestEspressos,6700602
2026-07-04T07:05:01.759497,2026-07-04T07:05:01.769155+00:00,154.5,43,bid,CostlyCorianders,DiligentDonuts,6700613
2026-07-04T07:05:02.969471,2026-07-04T07:05:02.979047+00:00,154.5,50,bid,FlawlessFlatbreads,DiligentDonuts,6700640
2026-07-04T07:05:05.074414,2026-07-04T07:05:05.085974+00:00,154.8,50,bid,FlawlessFlatbreads,EarnestEspressos,6700673
2026-07-04T07:05:06.658439,2026-07-04T07:05:06.669032+00:00,154.8,41,bid,CostlyCorianders,EarnestEspressos,6700685
2026-07-04T07:05:07.167968,2026-07-04T07:05:07.178902+00:00,154.4,41,ask,DiligentDonuts,CostlyCorianders,6700691
2026-07-04T07:05:07.198751,2026-07-04T07:05:07.205233+00:00,154.8,50,bid,FlawlessFlatbreads,EarnestEspressos,6700692
2026-07-04T07:05:07.379778,2026-07-04T07:05:07.391195+00:00,154.9,100,bid,EarnestEspressos,DiligentDonuts,6700698
2026-07-04T07:05:07.392489,2026-07-04T07:05:07.399962+00:00,154.9,17,ask,EarnestEspressos,Xuanyu Liu,6700699
2026-07-04T07:05:07.642029,2026-07-04T07:05:07.653593+00:00,154.9,33,ask,EarnestEspressos,CostlyCorianders,6700705
2026-07-04T07:05:08.771097,2026-07-04T07:05:08.778567+00:00,154.6,44,ask,DiligentDonuts,CostlyCorianders,6700720
2026-07-04T07:05:09.356938,2026-07-04T07:05:09.368618+00:00,154.6,50,ask,DiligentDonuts,FlawlessFlatbreads,6700727
2026-07-04T07:05:10.377322,2026-07-04T07:05:10.389111+00:00,155.1,43,bid,CostlyCorianders,DiligentDonuts,6700747
2026-07-04T07:05:11.357319,2026-07-04T07:05:11.369027+00:00,154.9,49,bid,CostlyCorianders,EarnestEspressos,6700757
2026-07-04T07:05:12.008629,2026-07-04T07:05:12.068693+00:00,154.5,49,ask,DiligentDonuts,CostlyCorianders,6700772
2026-07-04T07:05:12.070923,2026-07-04T07:05:12.078804+00:00,154.9,3,bid,Xuanyu Liu,EarnestEspressos,6700776
2026-07-04T07:05:13.567407,2026-07-04T07:05:13.578934+00:00,154.5,50,ask,DiligentDonuts,FlawlessFlatbreads,6700794
2026-07-04T07:05:14.467725,2026-07-04T07:05:14.474393+00:00,154.9,40,bid,CostlyCorianders,DiligentDonuts,6700808
2026-07-04T07:05:15.043722,2026-07-04T07:05:15.058602+00:00,154.9,44,bid,CostlyCorianders,DiligentDonuts,6700814
2026-07-04T07:05:15.331987,2026-07-04T07:05:15.340686+00:00,154.9,3,bid,Xuanyu Liu,DiligentDonuts,6700822
2026-07-04T07:05:15.675050,2026-07-04T07:05:15.684829+00:00,154.8,47,ask,EarnestEspressos,CostlyCorianders,6700825
2026-07-04T07:05:15.675230,2026-07-04T07:05:15.690195+00:00,154.8,50,ask,EarnestEspressos,FlawlessFlatbreads,6700826
2026-07-04T07:05:16.322789,2026-07-04T07:05:16.331584+00:00,154.9,13,bid,CostlyCorianders,DiligentDonuts,6700832
2026-07-04T07:05:16.322789,2026-07-04T07:05:16.331584+00:00,155.3,32,bid,CostlyCorianders,EarnestEspressos,6700833
2026-07-04T07:05:17.706909,2026-07-04T07:05:17.713800+00:00,155.0,41,ask,DiligentDonuts,CostlyCorianders,6700850
2026-07-04T07:05:17.782305,2026-07-04T07:05:17.789660+00:00,155.0,50,ask,DiligentDonuts,FlawlessFlatbreads,6700851
2026-07-04T07:05:19.249281,2026-07-04T07:05:19.253188+00:00,155.0,9,ask,DiligentDonuts,CostlyCorianders,6700869
2026-07-04T07:05:19.249281,2026-07-04T07:05:19.253188+00:00,154.8,40,ask,EarnestEspressos,CostlyCorianders,6700870
2026-07-04T07:05:19.853641,2026-07-04T07:05:19.865339+00:00,155.3,44,bid,CostlyCorianders,EarnestEspressos,6700878
2026-07-04T07:05:20.520436,2026-07-04T07:05:20.527863+00:00,154.9,47,ask,EarnestEspressos,CostlyCorianders,6700883
2026-07-04T07:05:22.081800,2026-07-04T07:05:22.093274+00:00,155.2,48,bid,CostlyCorianders,DiligentDonuts,6700910
2026-07-04T07:05:23.056321,2026-07-04T07:05:23.063014+00:00,155.2,41,bid,CostlyCorianders,DiligentDonuts,6700922
2026-07-04T07:05:24.044482,2026-07-04T07:05:24.053020+00:00,155.1,50,bid,FlawlessFlatbreads,EarnestEspressos,6700936
2026-07-04T07:05:26.150531,2026-07-04T07:05:26.163659+00:00,155.1,50,bid,FlawlessFlatbreads,EarnestEspressos,6700966
2026-07-04T07:05:27.151842,2026-07-04T07:05:27.163631+00:00,155.0,49,ask,EarnestEspressos,CostlyCorianders,6700974
2026-07-04T07:05:28.257783,2026-07-04T07:05:28.269415+00:00,155.4,50,bid,FlawlessFlatbreads,DiligentDonuts,6700994
2026-07-04T07:05:29.806465,2026-07-04T07:05:29.814533+00:00,155.1,3,ask,DiligentDonuts,Xuanyu Liu,6701019
2026-07-04T07:05:29.853007,2026-07-04T07:05:29.860092+00:00,155.1,43,ask,DiligentDonuts,CostlyCorianders,6701022
2026-07-04T07:05:30.413095,2026-07-04T07:05:30.463624+00:00,155.1,50,ask,DiligentDonuts,FlawlessFlatbreads,6701034
2026-07-04T07:05:30.949342,2026-07-04T07:05:30.958664+00:00,155.1,4,ask,DiligentDonuts,CostlyCorianders,6701045
2026-07-04T07:05:32.521605,2026-07-04T07:05:32.532115+00:00,154.9,50,ask,EarnestEspressos,FlawlessFlatbreads,6701063
2026-07-04T07:05:34.577714,2026-07-04T07:05:34.587272+00:00,155.3,50,bid,FlawlessFlatbreads,EarnestEspressos,6701099
2026-07-04T07:05:36.614424,2026-07-04T07:05:36.625898+00:00,155.3,46,bid,CostlyCorianders,DiligentDonuts,6701138
2026-07-04T07:05:36.684599,2026-07-04T07:05:36.696387+00:00,155.3,50,bid,FlawlessFlatbreads,DiligentDonuts,6701139
2026-07-04T07:05:37.253219,2026-07-04T07:05:37.257855+00:00,155.3,4,bid,CostlyCorianders,DiligentDonuts,6701145
2026-07-04T07:05:37.253219,2026-07-04T07:05:37.257855+00:00,155.4,41,bid,CostlyCorianders,EarnestEspressos,6701146
2026-07-04T07:05:37.834394,2026-07-04T07:05:37.863712+00:00,154.9,46,ask,EarnestEspressos,CostlyCorianders,6701157
2026-07-04T07:05:40.222609,2026-07-04T07:05:40.229634+00:00,155.3,3,ask,DiligentDonuts,Xuanyu Liu,6701187
2026-07-04T07:05:40.389138,2026-07-04T07:05:40.464258+00:00,155.3,97,ask,DiligentDonuts,Alan Niu,6701189
2026-07-04T07:05:40.951739,2026-07-04T07:05:40.963706+00:00,155.0,50,ask,EarnestEspressos,FlawlessFlatbreads,6701197
2026-07-04T07:05:42.264810,2026-07-04T07:05:42.273727+00:00,155.0,3,bid,Xuanyu Liu,EarnestEspressos,6701223
2026-07-04T07:05:42.289461,2026-07-04T07:05:42.299784+00:00,155.0,97,bid,Alan Niu,EarnestEspressos,6701225
2026-07-04T07:05:43.059187,2026-07-04T07:05:43.071071+00:00,154.7,50,ask,DiligentDonuts,FlawlessFlatbreads,6701235
2026-07-04T07:05:43.434915,2026-07-04T07:05:43.446365+00:00,155.0,46,bid,CostlyCorianders,EarnestEspressos,6701243
2026-07-04T07:05:45.117612,2026-07-04T07:05:45.125386+00:00,155.0,4,bid,FlawlessFlatbreads,EarnestEspressos,6701269
2026-07-04T07:05:45.661437,2026-07-04T07:05:45.669249+00:00,155.1,100,ask,EarnestEspressos,DiligentDonuts,6701278
2026-07-04T07:05:47.274675,2026-07-04T07:05:47.285956+00:00,155.1,50,ask,EarnestEspressos,FlawlessFlatbreads,6701299
2026-07-04T07:05:49.128511,2026-07-04T07:05:49.140309+00:00,154.8,42,ask,DiligentDonuts,CostlyCorianders,6701331
2026-07-04T07:05:49.380619,2026-07-04T07:05:49.391954+00:00,154.8,50,ask,DiligentDonuts,FlawlessFlatbreads,6701333
2026-07-04T07:05:50.079900,2026-07-04T07:05:50.090161+00:00,155.0,43,bid,CostlyCorianders,EarnestEspressos,6701339
2026-07-04T07:05:51.488806,2026-07-04T07:05:51.500386+00:00,154.8,8,ask,DiligentDonuts,FlawlessFlatbreads,6701355
2026-07-04T07:05:51.488806,2026-07-04T07:05:51.500386+00:00,154.5,42,ask,EarnestEspressos,FlawlessFlatbreads,6701356
2026-07-04T07:05:53.545795,2026-07-04T07:05:53.552097+00:00,154.8,50,bid,FlawlessFlatbreads,EarnestEspressos,6701387
2026-07-04T07:05:54.074184,2026-07-04T07:05:54.086055+00:00,154.3,48,ask,EarnestEspressos,CostlyCorianders,6701393
2026-07-04T07:05:55.654503,2026-07-04T07:05:55.668659+00:00,155.0,50,bid,FlawlessFlatbreads,EarnestEspressos,6701424
2026-07-04T07:05:56.368758,2026-07-04T07:05:56.380313+00:00,155.0,46,bid,CostlyCorianders,EarnestEspressos,6701444
2026-07-04T07:05:57.765935,2026-07-04T07:05:57.773554+00:00,155.0,50,bid,FlawlessFlatbreads,EarnestEspressos,6701464
2026-07-04T07:05:57.993016,2026-07-04T07:05:58.001603+00:00,155.0,100,bid,EarnestEspressos,DiligentDonuts,6701466
2026-07-04T07:05:59.942307,2026-07-04T07:05:59.946495+00:00,155.1,50,ask,EarnestEspressos,FlawlessFlatbreads,6701504
2026-07-04T07:06:02.047805,2026-07-04T07:06:02.058554+00:00,154.5,50,ask,DiligentDonuts,FlawlessFlatbreads,6701527
2026-07-04T07:06:04.163490,2026-07-04T07:06:04.175271+00:00,154.5,50,ask,DiligentDonuts,FlawlessFlatbreads,6701559
2026-07-04T07:06:05.608088,2026-07-04T07:06:05.619676+00:00,154.1,46,ask,EarnestEspressos,CostlyCorianders,6701588
2026-07-04T07:06:06.219662,2026-07-04T07:06:06.259129+00:00,154.6,50,bid,FlawlessFlatbreads,EarnestEspressos,6701596
2026-07-04T07:06:06.226764,2026-07-04T07:06:06.259129+00:00,154.6,44,bid,CostlyCorianders,EarnestEspressos,6701597
2026-07-04T07:06:06.713911,2026-07-04T07:06:06.725429+00:00,154.1,40,ask,EarnestEspressos,CostlyCorianders,6701599
2026-07-04T07:06:07.319166,2026-07-04T07:06:07.330743+00:00,154.6,43,bid,CostlyCorianders,EarnestEspressos,6701603
2026-07-04T07:06:08.219037,2026-07-04T07:06:08.230525+00:00,154.2,44,ask,EarnestEspressos,CostlyCorianders,6701618
2026-07-04T07:06:08.357481,2026-07-04T07:06:08.368798+00:00,154.5,50,bid,FlawlessFlatbreads,DiligentDonuts,6701620
2026-07-04T07:06:09.240086,2026-07-04T07:06:09.250761+00:00,154.2,43,ask,EarnestEspressos,CostlyCorianders,6701633
2026-07-04T07:06:12.569062,2026-07-04T07:06:12.576692+00:00,154.4,50,bid,FlawlessFlatbreads,EarnestEspressos,6701672
2026-07-04T07:06:14.726117,2026-07-04T07:06:14.736290+00:00,154.1,50,ask,DiligentDonuts,FlawlessFlatbreads,6701704
2026-07-04T07:06:16.216978,2026-07-04T07:06:16.224762+00:00,154.5,40,bid,CostlyCorianders,EarnestEspressos,6701725
2026-07-04T07:06:16.831750,2026-07-04T07:06:16.843196+00:00,154.1,50,ask,DiligentDonuts,FlawlessFlatbreads,6701736
2026-07-04T07:06:16.851311,2026-07-04T07:06:16.858628+00:00,154.5,48,bid,CostlyCorianders,EarnestEspressos,6701737
2026-07-04T07:06:16.986608,2026-07-04T07:06:16.997520+00:00,154.6,100,bid,EarnestEspressos,DiligentDonuts,6701740
2026-07-04T07:06:17.298324,2026-07-04T07:06:17.310076+00:00,154.8,50,ask,EarnestEspressos,DiligentDonuts,6701745
2026-07-04T07:06:17.915000,2026-07-04T07:06:17.926559+00:00,154.3,41,ask,DiligentDonuts,CostlyCorianders,6701760
2026-07-04T07:06:18.938360,2026-07-04T07:06:18.946186+00:00,154.3,50,ask,DiligentDonuts,FlawlessFlatbreads,6701774
2026-07-04T07:06:20.218502,2026-07-04T07:06:20.230172+00:00,154.3,9,ask,DiligentDonuts,EarnestEspressos,6701793
2026-07-04T07:06:20.462644,2026-07-04T07:06:20.482374+00:00,154.2,14,bid,Xuanyu Liu,EarnestEspressos,6701797
2026-07-04T07:06:20.894421,2026-07-04T07:06:20.902932+00:00,154.2,35,bid,Xuanyu Liu,EarnestEspressos,6701804
2026-07-04T07:06:21.069784,2026-07-04T07:06:21.080509+00:00,153.9,50,ask,DiligentDonuts,FlawlessFlatbreads,6701808
2026-07-04T07:06:25.231261,2026-07-04T07:06:25.238823+00:00,154.5,50,bid,FlawlessFlatbreads,DiligentDonuts,6701861
2026-07-04T07:06:25.935363,2026-07-04T07:06:25.946317+00:00,154.5,48,bid,CostlyCorianders,DiligentDonuts,6701870
2026-07-04T07:06:26.759421,2026-07-04T07:06:26.766943+00:00,154.5,23,ask,DiligentDonuts,Xuanyu Liu,6701884
2026-07-04T07:06:27.463251,2026-07-04T07:06:27.472437+00:00,154.5,12,ask,DiligentDonuts,Xuanyu Liu,6701897
2026-07-04T07:06:29.469318,2026-07-04T07:06:29.476226+00:00,154.8,50,bid,FlawlessFlatbreads,EarnestEspressos,6701927
2026-07-04T07:06:31.639542,2026-07-04T07:06:31.649490+00:00,154.4,50,ask,EarnestEspressos,FlawlessFlatbreads,6701967
2026-07-04T07:06:33.695004,2026-07-04T07:06:33.705034+00:00,154.6,50,bid,FlawlessFlatbreads,EarnestEspressos,6701991
2026-07-04T07:06:35.881179,2026-07-04T07:06:35.889496+00:00,154.2,50,ask,DiligentDonuts,FlawlessFlatbreads,6702023
2026-07-04T07:06:37.236951,2026-07-04T07:06:37.244479+00:00,154.4,46,ask,EarnestEspressos,CostlyCorianders,6702033
2026-07-04T07:06:37.937172,2026-07-04T07:06:37.947877+00:00,154.6,50,bid,FlawlessFlatbreads,DiligentDonuts,6702043
2026-07-04T07:06:38.764626,2026-07-04T07:06:38.776697+00:00,154.6,46,bid,CostlyCorianders,DiligentDonuts,6702054
2026-07-04T07:06:40.043704,2026-07-04T07:06:40.058476+00:00,154.7,50,bid,FlawlessFlatbreads,DiligentDonuts,6702071
2026-07-04T07:06:40.885513,2026-07-04T07:06:40.897171+00:00,154.3,40,ask,EarnestEspressos,CostlyCorianders,6702077
2026-07-04T07:06:41.835510,2026-07-04T07:06:41.845210+00:00,154.7,44,bid,CostlyCorianders,DiligentDonuts,6702086
2026-07-04T07:06:41.888980,2026-07-04T07:06:41.900539+00:00,154.3,41,ask,EarnestEspressos,CostlyCorianders,6702090
2026-07-04T07:06:42.545710,2026-07-04T07:06:42.556494+00:00,154.3,100,bid,DiligentDonuts,EarnestEspressos,6702101
2026-07-04T07:06:42.906830,2026-07-04T07:06:42.917720+00:00,154.3,46,bid,CostlyCorianders,EarnestEspressos,6702109
2026-07-04T07:06:43.509559,2026-07-04T07:06:43.516442+00:00,153.8,46,ask,EarnestEspressos,CostlyCorianders,6702116
2026-07-04T07:06:45.917127,2026-07-04T07:06:45.928731+00:00,154.3,44,ask,EarnestEspressos,CostlyCorianders,6702139
2026-07-04T07:06:48.461172,2026-07-04T07:06:48.469020+00:00,154.8,50,bid,FlawlessFlatbreads,EarnestEspressos,6702172
2026-07-04T07:06:50.620822,2026-07-04T07:06:50.632552+00:00,154.4,50,ask,EarnestEspressos,FlawlessFlatbreads,6702207
2026-07-04T07:06:51.366003,2026-07-04T07:06:51.375693+00:00,154.9,46,bid,CostlyCorianders,EarnestEspressos,6702217
2026-07-04T07:06:51.990023,2026-07-04T07:06:52.007424+00:00,155.0,42,bid,CostlyCorianders,EarnestEspressos,6702231
2026-07-04T07:06:54.096037,2026-07-04T07:06:54.105406+00:00,154.6,49,ask,DiligentDonuts,CostlyCorianders,6702259
2026-07-04T07:06:54.831702,2026-07-04T07:06:54.843090+00:00,154.6,50,ask,DiligentDonuts,FlawlessFlatbreads,6702276
2026-07-04T07:06:55.082583,2026-07-04T07:06:55.090833+00:00,155.1,47,bid,CostlyCorianders,DiligentDonuts,6702280
2026-07-04T07:06:55.577440,2026-07-04T07:06:55.590233+00:00,154.7,41,ask,EarnestEspressos,CostlyCorianders,6702288
2026-07-04T07:06:56.888098,2026-07-04T07:06:56.899613+00:00,155.0,50,bid,FlawlessFlatbreads,DiligentDonuts,6702301
2026-07-04T07:06:58.163584,2026-07-04T07:06:58.175447+00:00,154.5,48,ask,DiligentDonuts,CostlyCorianders,6702318
2026-07-04T07:06:58.994772,2026-07-04T07:06:59.006195+00:00,154.8,50,bid,FlawlessFlatbreads,DiligentDonuts,6702336
2026-07-04T07:07:01.154064,2026-07-04T07:07:01.158600+00:00,154.4,50,ask,EarnestEspressos,FlawlessFlatbreads,6702363
2026-07-04T07:07:02.114136,2026-07-04T07:07:02.125581+00:00,154.8,46,bid,CostlyCorianders,EarnestEspressos,6702377
2026-07-04T07:07:03.208850,2026-07-04T07:07:03.264250+00:00,154.8,50,bid,FlawlessFlatbreads,EarnestEspressos,6702393
2026-07-04T07:07:04.969102,2026-07-04T07:07:04.978448+00:00,154.6,40,ask,EarnestEspressos,CostlyCorianders,6702413
2026-07-04T07:07:05.365976,2026-07-04T07:07:05.377611+00:00,154.6,50,ask,EarnestEspressos,FlawlessFlatbreads,6702422
2026-07-04T07:07:07.473569,2026-07-04T07:07:07.485004+00:00,154.6,50,ask,EarnestEspressos,FlawlessFlatbreads,6702446
2026-07-04T07:07:08.275425,2026-07-04T07:07:08.282510+00:00,154.6,11,ask,DiligentDonuts,Xuanyu Liu,6702460
2026-07-04T07:07:09.073539,2026-07-04T07:07:09.085396+00:00,154.6,49,ask,DiligentDonuts,CostlyCorianders,6702471
2026-07-04T07:07:09.484611,2026-07-04T07:07:09.492715+00:00,154.6,3,ask,DiligentDonuts,Xuanyu Liu,6702477
2026-07-04T07:07:09.582299,2026-07-04T07:07:09.594083+00:00,154.6,37,ask,DiligentDonuts,FlawlessFlatbreads,6702480
2026-07-04T07:07:10.912461,2026-07-04T07:07:10.921595+00:00,154.4,3,bid,Xuanyu Liu,EarnestEspressos,6702497
2026-07-04T07:07:11.687433,2026-07-04T07:07:11.699142+00:00,154.0,50,ask,DiligentDonuts,FlawlessFlatbreads,6702508
2026-07-04T07:07:13.344971,2026-07-04T07:07:13.358904+00:00,154.4,11,bid,Xuanyu Liu,EarnestEspressos,6702538
2026-07-04T07:07:13.796186,2026-07-04T07:07:13.807732+00:00,154.0,50,ask,DiligentDonuts,FlawlessFlatbreads,6702543
2026-07-04T07:07:14.057421,2026-07-04T07:07:14.069384+00:00,154.5,43,bid,CostlyCorianders,DiligentDonuts,6702545
2026-07-04T07:07:14.700492,2026-07-04T07:07:14.709771+00:00,154.4,43,bid,CostlyCorianders,DiligentDonuts,6702558
2026-07-04T07:07:15.298305,2026-07-04T07:07:15.305146+00:00,154.4,42,bid,CostlyCorianders,DiligentDonuts,6702569
2026-07-04T07:07:15.901400,2026-07-04T07:07:15.912914+00:00,154.0,50,ask,EarnestEspressos,FlawlessFlatbreads,6702574
2026-07-04T07:07:16.417751,2026-07-04T07:07:16.428148+00:00,154.0,45,ask,EarnestEspressos,CostlyCorianders,6702578
2026-07-04T07:07:17.225432,2026-07-04T07:07:17.246145+00:00,153.9,100,ask,DiligentDonuts,EarnestEspressos,6702591
2026-07-04T07:07:17.237818,2026-07-04T07:07:17.246145+00:00,153.9,23,bid,Xuanyu Liu,EarnestEspressos,6702592
2026-07-04T07:07:17.382543,2026-07-04T07:07:17.389689+00:00,153.9,23,bid,Xuanyu Liu,EarnestEspressos,6702597
2026-07-04T07:07:18.007428,2026-07-04T07:07:18.019126+00:00,153.7,50,ask,DiligentDonuts,FlawlessFlatbreads,6702605
2026-07-04T07:07:18.763674,2026-07-04T07:07:18.775155+00:00,153.9,4,bid,CostlyCorianders,EarnestEspressos,6702616
2026-07-04T07:07:18.763674,2026-07-04T07:07:18.775155+00:00,154.2,45,bid,CostlyCorianders,DiligentDonuts,6702617
2026-07-04T07:07:20.114549,2026-07-04T07:07:20.121533+00:00,153.7,50,ask,DiligentDonuts,FlawlessFlatbreads,6702629
2026-07-04T07:07:20.346027,2026-07-04T07:07:20.354755+00:00,154.0,11,ask,EarnestEspressos,Xuanyu Liu,6702631
2026-07-04T07:07:20.559889,2026-07-04T07:07:20.569435+00:00,154.0,100,ask,EarnestEspressos,DiligentDonuts,6702634
2026-07-04T07:07:22.240939,2026-07-04T07:07:22.251774+00:00,154.0,39,ask,EarnestEspressos,FlawlessFlatbreads,6702658
2026-07-04T07:07:22.240939,2026-07-04T07:07:22.251774+00:00,153.4,11,ask,DiligentDonuts,FlawlessFlatbreads,6702659
2026-07-04T07:07:24.349432,2026-07-04T07:07:24.368703+00:00,153.7,50,ask,DiligentDonuts,FlawlessFlatbreads,6702691
2026-07-04T07:07:24.685319,2026-07-04T07:07:24.691745+00:00,153.7,41,ask,DiligentDonuts,CostlyCorianders,6702695
2026-07-04T07:07:26.430803,2026-07-04T07:07:26.435885+00:00,153.9,50,bid,FlawlessFlatbreads,EarnestEspressos,6702712
2026-07-04T07:07:28.587281,2026-07-04T07:07:28.598751+00:00,153.6,50,ask,EarnestEspressos,FlawlessFlatbreads,6702728
2026-07-04T07:07:29.008175,2026-07-04T07:07:29.019515+00:00,153.9,46,bid,CostlyCorianders,DiligentDonuts,6702736
2026-07-04T07:07:29.510850,2026-07-04T07:07:29.519329+00:00,153.6,46,ask,EarnestEspressos,CostlyCorianders,6702741
2026-07-04T07:07:29.873746,2026-07-04T07:07:29.883432+00:00,153.7,11,bid,Xuanyu Liu,EarnestEspressos,6702744
2026-07-04T07:07:30.643184,2026-07-04T07:07:30.654753+00:00,153.7,50,bid,FlawlessFlatbreads,EarnestEspressos,6702756
2026-07-04T07:07:32.820749,2026-07-04T07:07:32.831871+00:00,153.5,50,ask,DiligentDonuts,FlawlessFlatbreads,6702793
2026-07-04T07:07:34.954520,2026-07-04T07:07:34.968659+00:00,153.5,50,ask,EarnestEspressos,FlawlessFlatbreads,6702819
2026-07-04T07:07:36.890051,2026-07-04T07:07:36.897385+00:00,154.0,49,bid,CostlyCorianders,EarnestEspressos,6702835
2026-07-04T07:07:37.062584,2026-07-04T07:07:37.075013+00:00,153.6,50,ask,DiligentDonuts,FlawlessFlatbreads,6702837
2026-07-04T07:07:39.171204,2026-07-04T07:07:39.180476+00:00,153.6,50,ask,DiligentDonuts,FlawlessFlatbreads,6702858
2026-07-04T07:07:39.580515,2026-07-04T07:07:39.588686+00:00,153.5,23,bid,Xuanyu Liu,DiligentDonuts,6702867
2026-07-04T07:07:41.278701,2026-07-04T07:07:41.290146+00:00,153.3,50,ask,EarnestEspressos,FlawlessFlatbreads,6702894
2026-07-04T07:07:43.393873,2026-07-04T07:07:43.401507+00:00,153.2,50,ask,EarnestEspressos,FlawlessFlatbreads,6702920
2026-07-04T07:07:45.500364,2026-07-04T07:07:45.512125+00:00,153.2,50,ask,EarnestEspressos,FlawlessFlatbreads,6702955
2026-07-04T07:07:45.684959,2026-07-04T07:07:45.695295+00:00,153.3,17,bid,Xuanyu Liu,EarnestEspressos,6702959
2026-07-04T07:07:46.370687,2026-07-04T07:07:46.380487+00:00,153.3,40,bid,CostlyCorianders,EarnestEspressos,6702970
2026-07-04T07:07:47.609472,2026-07-04T07:07:47.620446+00:00,153.1,50,ask,DiligentDonuts,FlawlessFlatbreads,6702990
2026-07-04T07:07:47.907242,2026-07-04T07:07:47.914256+00:00,153.1,46,ask,DiligentDonuts,CostlyCorianders,6702994
2026-07-04T07:07:48.365620,2026-07-04T07:07:48.374697+00:00,153.3,49,bid,CostlyCorianders,EarnestEspressos,6703002
2026-07-04T07:07:49.715195,2026-07-04T07:07:49.726853+00:00,153.2,50,ask,EarnestEspressos,FlawlessFlatbreads,6703028
2026-07-04T07:07:49.991748,2026-07-04T07:07:50.003210+00:00,153.4,45,bid,CostlyCorianders,DiligentDonuts,6703032
2026-07-04T07:07:51.771822,2026-07-04T07:07:51.783596+00:00,153.4,50,bid,FlawlessFlatbreads,DiligentDonuts,6703058
2026-07-04T07:07:53.878408,2026-07-04T07:07:53.887980+00:00,153.6,50,bid,FlawlessFlatbreads,EarnestEspressos,6703085
2026-07-04T07:07:54.110693,2026-07-04T07:07:54.163726+00:00,153.2,46,ask,DiligentDonuts,CostlyCorianders,6703090
2026-07-04T07:07:54.743701,2026-07-04T07:07:54.751825+00:00,153.2,48,ask,DiligentDonuts,CostlyCorianders,6703101
2026-07-04T07:07:56.238403,2026-07-04T07:07:56.248465+00:00,153.3,40,bid,CostlyCorianders,DiligentDonuts,6703114
2026-07-04T07:07:57.457098,2026-07-04T07:07:57.464134+00:00,153.3,46,bid,CostlyCorianders,DiligentDonuts,6703133
2026-07-04T07:08:02.353892,2026-07-04T07:08:02.363875+00:00,152.8,50,ask,EarnestEspressos,FlawlessFlatbreads,6703203
2026-07-04T07:08:04.410041,2026-07-04T07:08:04.468709+00:00,153.2,50,bid,FlawlessFlatbreads,DiligentDonuts,6703232
2026-07-04T07:08:06.519015,2026-07-04T07:08:06.530761+00:00,153.1,50,bid,FlawlessFlatbreads,EarnestEspressos,6703270
2026-07-04T07:08:07.015598,2026-07-04T07:08:07.026142+00:00,152.8,41,ask,DiligentDonuts,CostlyCorianders,6703274
2026-07-04T07:08:08.626709,2026-07-04T07:08:08.638404+00:00,153.2,50,bid,FlawlessFlatbreads,DiligentDonuts,6703313
2026-07-04T07:08:09.475838,2026-07-04T07:08:09.487221+00:00,152.8,45,ask,EarnestEspressos,CostlyCorianders,6703326
2026-07-04T07:08:10.735480,2026-07-04T07:08:10.745419+00:00,153.2,50,bid,FlawlessFlatbreads,DiligentDonuts,6703339
2026-07-04T07:08:11.922905,2026-07-04T07:08:11.963651+00:00,153.0,43,ask,DiligentDonuts,CostlyCorianders,6703352
2026-07-04T07:08:12.841169,2026-07-04T07:08:12.849135+00:00,153.1,50,bid,FlawlessFlatbreads,EarnestEspressos,6703362
2026-07-04T07:08:13.623120,2026-07-04T07:08:13.630210+00:00,153.1,44,bid,CostlyCorianders,EarnestEspressos,6703373
2026-07-04T07:08:14.152936,2026-07-04T07:08:14.163936+00:00,153.0,44,ask,DiligentDonuts,CostlyCorianders,6703376
2026-07-04T07:08:14.946941,2026-07-04T07:08:14.958429+00:00,153.2,50,bid,FlawlessFlatbreads,DiligentDonuts,6703390
2026-07-04T07:08:17.111602,2026-07-04T07:08:17.123034+00:00,152.9,50,ask,EarnestEspressos,FlawlessFlatbreads,6703418
2026-07-04T07:08:17.959754,2026-07-04T07:08:17.969654+00:00,152.9,6,ask,DiligentDonuts,Xuanyu Liu,6703424
2026-07-04T07:08:19.217921,2026-07-04T07:08:19.225088+00:00,152.9,50,ask,DiligentDonuts,FlawlessFlatbreads,6703440
2026-07-04T07:08:21.273607,2026-07-04T07:08:21.284450+00:00,153.2,50,bid,FlawlessFlatbreads,EarnestEspressos,6703469
2026-07-04T07:08:22.078452,2026-07-04T07:08:22.087556+00:00,153.2,42,bid,CostlyCorianders,EarnestEspressos,6703484
2026-07-04T07:08:23.380479,2026-07-04T07:08:23.391854+00:00,153.2,50,bid,FlawlessFlatbreads,EarnestEspressos,6703499
2026-07-04T07:08:23.623147,2026-07-04T07:08:23.644292+00:00,153.2,100,bid,EarnestEspressos,DiligentDonuts,6703500
2026-07-04T07:08:23.635890,2026-07-04T07:08:23.644292+00:00,153.4,23,ask,EarnestEspressos,Xuanyu Liu,6703501
2026-07-04T07:08:24.201465,2026-07-04T07:08:24.209625+00:00,153.4,22,ask,EarnestEspressos,Xuanyu Liu,6703512
2026-07-04T07:08:26.201858,2026-07-04T07:08:26.213648+00:00,153.6,41,bid,CostlyCorianders,DiligentDonuts,6703541
2026-07-04T07:08:26.732794,2026-07-04T07:08:26.739762+00:00,153.4,5,ask,EarnestEspressos,CostlyCorianders,6703545
2026-07-04T07:08:26.732794,2026-07-04T07:08:26.745024+00:00,153.1,40,ask,DiligentDonuts,CostlyCorianders,6703546
2026-07-04T07:08:26.849983,2026-07-04T07:08:26.857734+00:00,153.2,11,bid,Xuanyu Liu,EarnestEspressos,6703548
2026-07-04T07:08:27.386258,2026-07-04T07:08:27.397784+00:00,153.2,46,bid,CostlyCorianders,EarnestEspressos,6703557
2026-07-04T07:08:27.590863,2026-07-04T07:08:27.600760+00:00,153.2,50,bid,FlawlessFlatbreads,EarnestEspressos,6703558
2026-07-04T07:08:27.946265,2026-07-04T07:08:27.958545+00:00,153.0,40,ask,DiligentDonuts,CostlyCorianders,6703560
2026-07-04T07:08:28.791384,2026-07-04T07:08:28.801963+00:00,153.2,11,bid,Xuanyu Liu,EarnestEspressos,6703569
2026-07-04T07:08:29.082376,2026-07-04T07:08:29.094148+00:00,153.0,40,ask,DiligentDonuts,CostlyCorianders,6703574
2026-07-04T07:08:29.696962,2026-07-04T07:08:29.705810+00:00,153.2,32,bid,FlawlessFlatbreads,EarnestEspressos,6703578
2026-07-04T07:08:29.696962,2026-07-04T07:08:29.705810+00:00,153.5,18,bid,FlawlessFlatbreads,DiligentDonuts,6703579
2026-07-04T07:08:30.148347,2026-07-04T07:08:30.158599+00:00,153.4,100,ask,EarnestEspressos,DiligentDonuts,6703580
2026-07-04T07:08:31.458768,2026-07-04T07:08:31.469060+00:00,153.9,44,bid,CostlyCorianders,EarnestEspressos,6703608
2026-07-04T07:08:31.833474,2026-07-04T07:08:31.844332+00:00,153.9,50,bid,FlawlessFlatbreads,EarnestEspressos,6703618
2026-07-04T07:08:33.940244,2026-07-04T07:08:33.951982+00:00,153.7,50,bid,FlawlessFlatbreads,DiligentDonuts,6703646
2026-07-04T07:08:36.112586,2026-07-04T07:08:36.122154+00:00,153.4,50,ask,EarnestEspressos,FlawlessFlatbreads,6703680
2026-07-04T07:08:36.450810,2026-07-04T07:08:36.458582+00:00,153.9,40,bid,CostlyCorianders,EarnestEspressos,6703686
2026-07-04T07:08:37.329449,2026-07-04T07:08:37.338493+00:00,153.6,11,ask,DiligentDonuts,Xuanyu Liu,6703696
2026-07-04T07:08:37.557060,2026-07-04T07:08:37.566280+00:00,153.6,46,ask,DiligentDonuts,CostlyCorianders,6703702
2026-07-04T07:08:42.370164,2026-07-04T07:08:42.381688+00:00,153.6,46,ask,EarnestEspressos,CostlyCorianders,6703772
2026-07-04T07:08:44.553323,2026-07-04T07:08:44.556151+00:00,153.4,50,ask,EarnestEspressos,FlawlessFlatbreads,6703801
2026-07-04T07:08:46.659772,2026-07-04T07:08:46.670368+00:00,153.6,50,ask,DiligentDonuts,FlawlessFlatbreads,6703826
2026-07-04T07:08:48.297611,2026-07-04T07:08:48.309450+00:00,153.6,42,ask,DiligentDonuts,CostlyCorianders,6703845
2026-07-04T07:08:48.769921,2026-07-04T07:08:48.781281+00:00,153.6,8,ask,DiligentDonuts,FlawlessFlatbreads,6703851
2026-07-04T07:08:49.174124,2026-07-04T07:08:49.183939+00:00,153.6,11,bid,Xuanyu Liu,DiligentDonuts,6703857
2026-07-04T07:08:50.224875,2026-07-04T07:08:50.234625+00:00,153.6,43,bid,CostlyCorianders,DiligentDonuts,6703877
2026-07-04T07:08:50.879629,2026-07-04T07:08:50.890360+00:00,153.4,50,ask,EarnestEspressos,FlawlessFlatbreads,6703889
2026-07-04T07:08:51.221178,2026-07-04T07:08:51.228341+00:00,153.4,43,ask,EarnestEspressos,CostlyCorianders,6703892
2026-07-04T07:08:53.012672,2026-07-04T07:08:53.021379+00:00,153.4,50,ask,DiligentDonuts,FlawlessFlatbreads,6703923
2026-07-04T07:08:53.035221,2026-07-04T07:08:53.042380+00:00,153.6,47,bid,CostlyCorianders,EarnestEspressos,6703925
2026-07-04T07:08:54.496867,2026-07-04T07:08:54.504718+00:00,153.4,43,ask,DiligentDonuts,CostlyCorianders,6703946
2026-07-04T07:08:55.120603,2026-07-04T07:08:55.132119+00:00,153.4,7,ask,DiligentDonuts,FlawlessFlatbreads,6703961
2026-07-04T07:08:55.120603,2026-07-04T07:08:55.132119+00:00,153.1,43,ask,EarnestEspressos,FlawlessFlatbreads,6703962
2026-07-04T07:08:57.229516,2026-07-04T07:08:57.241157+00:00,153.2,50,ask,EarnestEspressos,FlawlessFlatbreads,6704001
2026-07-04T07:08:57.894217,2026-07-04T07:08:57.901844+00:00,153.6,12,bid,Xuanyu Liu,DiligentDonuts,6704007
2026-07-04T07:08:59.101245,2026-07-04T07:08:59.110512+00:00,153.4,11,bid,Xuanyu Liu,EarnestEspressos,6704025
2026-07-04T07:08:59.609492,2026-07-04T07:08:59.617288+00:00,153.4,6,bid,Xuanyu Liu,EarnestEspressos,6704030
2026-07-04T07:09:00.298656,2026-07-04T07:09:00.309467+00:00,153.4,46,bid,CostlyCorianders,EarnestEspressos,6704044
2026-07-04T07:09:00.875856,2026-07-04T07:09:00.885810+00:00,153.4,47,bid,CostlyCorianders,EarnestEspressos,6704055
2026-07-04T07:09:01.390966,2026-07-04T07:09:01.402840+00:00,153.4,40,bid,FlawlessFlatbreads,EarnestEspressos,6704062
2026-07-04T07:09:01.390966,2026-07-04T07:09:01.402840+00:00,153.6,10,bid,FlawlessFlatbreads,DiligentDonuts,6704063
2026-07-04T07:09:01.575250,2026-07-04T07:09:01.598670+00:00,153.6,90,bid,EarnestEspressos,DiligentDonuts,6704069
2026-07-04T07:09:01.588054,2026-07-04T07:09:01.598670+00:00,153.7,17,ask,EarnestEspressos,Xuanyu Liu,6704070
2026-07-04T07:09:04.905566,2026-07-04T07:09:04.916914+00:00,153.2,48,ask,EarnestEspressos,CostlyCorianders,6704131
2026-07-04T07:09:04.933322,2026-07-04T07:09:04.944915+00:00,153.7,100,bid,DiligentDonuts,EarnestEspressos,6704133
2026-07-04T07:09:05.607715,2026-07-04T07:09:05.619161+00:00,153.7,50,bid,FlawlessFlatbreads,EarnestEspressos,6704146
2026-07-04T07:09:07.714013,2026-07-04T07:09:07.725383+00:00,154.2,50,bid,FlawlessFlatbreads,DiligentDonuts,6704182
2026-07-04T07:09:08.928606,2026-07-04T07:09:08.940317+00:00,154.3,47,bid,CostlyCorianders,DiligentDonuts,6704203
2026-07-04T07:09:09.822844,2026-07-04T07:09:09.824748+00:00,154.3,50,bid,FlawlessFlatbreads,DiligentDonuts,6704214
2026-07-04T07:09:10.082508,2026-07-04T07:09:10.086672+00:00,153.9,42,ask,EarnestEspressos,CostlyCorianders,6704219
2026-07-04T07:09:11.287442,2026-07-04T07:09:11.295643+00:00,154.1,12,ask,DiligentDonuts,Xuanyu Liu,6704241
2026-07-04T07:09:11.424799,2026-07-04T07:09:11.433868+00:00,154.1,11,ask,DiligentDonuts,Xuanyu Liu,6704244
2026-07-04T07:09:11.933183,2026-07-04T07:09:11.963677+00:00,154.2,50,bid,FlawlessFlatbreads,EarnestEspressos,6704252
2026-07-04T07:09:13.699792,2026-07-04T07:09:13.711264+00:00,154.2,44,bid,CostlyCorianders,EarnestEspressos,6704271
2026-07-04T07:09:14.041345,2026-07-04T07:09:14.051166+00:00,154.2,50,bid,FlawlessFlatbreads,EarnestEspressos,6704274
2026-07-04T07:09:14.259464,2026-07-04T07:09:14.268114+00:00,154.3,11,ask,EarnestEspressos,Xuanyu Liu,6704278
2026-07-04T07:09:16.148466,2026-07-04T07:09:16.154881+00:00,154.6,50,bid,FlawlessFlatbreads,DiligentDonuts,6704294
2026-07-04T07:09:17.315000,2026-07-04T07:09:17.325809+00:00,154.3,47,ask,EarnestEspressos,CostlyCorianders,6704299
2026-07-04T07:09:17.804416,2026-07-04T07:09:17.813529+00:00,154.3,40,ask,DiligentDonuts,CostlyCorianders,6704306
2026-07-04T07:09:19.212968,2026-07-04T07:09:19.222558+00:00,154.3,43,ask,DiligentDonuts,CostlyCorianders,6704321
2026-07-04T07:09:20.360985,2026-07-04T07:09:20.372623+00:00,154.7,50,bid,FlawlessFlatbreads,EarnestEspressos,6704343
2026-07-04T07:09:22.518617,2026-07-04T07:09:22.530037+00:00,154.3,50,ask,EarnestEspressos,FlawlessFlatbreads,6704367
2026-07-04T07:09:24.625133,2026-07-04T07:09:24.635329+00:00,154.2,50,ask,EarnestEspressos,FlawlessFlatbreads,6704389
2026-07-04T07:09:26.736315,2026-07-04T07:09:26.747873+00:00,154.2,50,ask,EarnestEspressos,FlawlessFlatbreads,6704420
2026-07-04T07:09:28.843392,2026-07-04T07:09:28.853486+00:00,154.0,50,ask,DiligentDonuts,FlawlessFlatbreads,6704455
2026-07-04T07:09:30.358963,2026-07-04T07:09:30.370857+00:00,154.1,48,bid,CostlyCorianders,EarnestEspressos,6704471
2026-07-04T07:09:30.948805,2026-07-04T07:09:30.955060+00:00,153.7,50,ask,DiligentDonuts,FlawlessFlatbreads,6704480
2026-07-04T07:09:35.108215,2026-07-04T07:09:35.115880+00:00,154.1,50,bid,FlawlessFlatbreads,DiligentDonuts,6704533
2026-07-04T07:09:35.208594,2026-07-04T07:09:35.219930+00:00,154.1,46,bid,CostlyCorianders,DiligentDonuts,6704534
2026-07-04T07:09:35.686486,2026-07-04T07:09:35.693754+00:00,153.8,45,ask,EarnestEspressos,CostlyCorianders,6704547
2026-07-04T07:09:36.780799,2026-07-04T07:09:36.792578+00:00,153.7,42,ask,DiligentDonuts,CostlyCorianders,6704566
2026-07-04T07:09:37.213303,2026-07-04T07:09:37.219808+00:00,153.9,50,bid,FlawlessFlatbreads,EarnestEspressos,6704574
2026-07-04T07:09:38.397622,2026-07-04T07:09:38.405904+00:00,153.9,47,bid,CostlyCorianders,EarnestEspressos,6704594
2026-07-04T07:09:38.856582,2026-07-04T07:09:38.868190+00:00,153.7,46,ask,DiligentDonuts,CostlyCorianders,6704604
2026-07-04T07:09:39.319637,2026-07-04T07:09:39.331010+00:00,153.9,50,bid,FlawlessFlatbreads,EarnestEspressos,6704612
2026-07-04T07:09:39.823479,2026-07-04T07:09:39.827706+00:00,154.0,100,ask,EarnestEspressos,DiligentDonuts,6704615
2026-07-04T07:09:41.446862,2026-07-04T07:09:41.458560+00:00,154.5,50,bid,FlawlessFlatbreads,EarnestEspressos,6704637
2026-07-04T07:09:41.526099,2026-07-04T07:09:41.534159+00:00,154.0,12,ask,EarnestEspressos,Xuanyu Liu,6704639
2026-07-04T07:09:42.082209,2026-07-04T07:09:42.090349+00:00,154.5,44,bid,CostlyCorianders,EarnestEspressos,6704648
2026-07-04T07:09:43.562926,2026-07-04T07:09:43.571440+00:00,154.0,50,bid,FlawlessFlatbreads,DiligentDonuts,6704669
2026-07-04T07:09:44.094772,2026-07-04T07:09:44.102498+00:00,153.8,48,ask,EarnestEspressos,CostlyCorianders,6704673
2026-07-04T07:09:45.692282,2026-07-04T07:09:45.705484+00:00,154.0,50,bid,FlawlessFlatbreads,DiligentDonuts,6704697
2026-07-04T07:09:47.800316,2026-07-04T07:09:47.811791+00:00,154.2,50,bid,FlawlessFlatbreads,EarnestEspressos,6704723
2026-07-04T07:09:48.664330,2026-07-04T07:09:48.675998+00:00,154.2,43,bid,CostlyCorianders,EarnestEspressos,6704732
2026-07-04T07:09:49.368723,2026-07-04T07:09:49.375616+00:00,154.7,49,bid,CostlyCorianders,DiligentDonuts,6704750
2026-07-04T07:09:49.459530,2026-07-04T07:09:49.467271+00:00,154.3,23,ask,EarnestEspressos,Xuanyu Liu,6704752
2026-07-04T07:09:49.906489,2026-07-04T07:09:49.918143+00:00,154.7,50,bid,FlawlessFlatbreads,DiligentDonuts,6704758
2026-07-04T07:09:51.819085,2026-07-04T07:09:51.828479+00:00,154.3,48,ask,EarnestEspressos,CostlyCorianders,6704790
2026-07-04T07:09:52.343622,2026-07-04T07:09:52.351434+00:00,154.3,41,bid,CostlyCorianders,EarnestEspressos,6704795
2026-07-04T07:09:52.416896,2026-07-04T07:09:52.424155+00:00,154.3,100,bid,DiligentDonuts,EarnestEspressos,6704800
2026-07-04T07:09:54.173423,2026-07-04T07:09:54.184327+00:00,153.8,50,ask,EarnestEspressos,FlawlessFlatbreads,6704830
2026-07-04T07:09:55.170660,2026-07-04T07:09:55.182162+00:00,153.8,48,ask,EarnestEspressos,CostlyCorianders,6704844
2026-07-04T07:09:55.777064,2026-07-04T07:09:55.785672+00:00,154.0,42,ask,EarnestEspressos,CostlyCorianders,6704850
2026-07-04T07:09:56.279143,2026-07-04T07:09:56.286451+00:00,154.0,50,ask,EarnestEspressos,FlawlessFlatbreads,6704860
2026-07-04T07:09:58.337871,2026-07-04T07:09:58.344996+00:00,154.5,50,bid,FlawlessFlatbreads,EarnestEspressos,6704882
2026-07-04T07:09:59.946929,2026-07-04T07:09:59.955177+00:00,154.0,11,ask,DiligentDonuts,Xuanyu Liu,6704906
2026-07-04T07:09:59.968804,2026-07-04T07:09:59.975619+00:00,154.1,47,bid,CostlyCorianders,EarnestEspressos,6704909
2026-07-04T07:10:00.451860,2026-07-04T07:10:00.458594+00:00,154.1,50,bid,FlawlessFlatbreads,EarnestEspressos,6704915
2026-07-04T07:10:02.560192,2026-07-04T07:10:02.569964+00:00,154.0,50,bid,FlawlessFlatbreads,DiligentDonuts,6704949
2026-07-04T07:10:03.365436,2026-07-04T07:10:03.374103+00:00,153.8,41,ask,EarnestEspressos,CostlyCorianders,6704966
2026-07-04T07:10:04.694775,2026-07-04T07:10:04.706212+00:00,154.0,50,bid,FlawlessFlatbreads,DiligentDonuts,6704998
2026-07-04T07:10:05.401580,2026-07-04T07:10:05.412208+00:00,153.8,41,ask,DiligentDonuts,CostlyCorianders,6705004
2026-07-04T07:10:06.471987,2026-07-04T07:10:06.478453+00:00,154.1,45,bid,CostlyCorianders,EarnestEspressos,6705024
2026-07-04T07:10:08.012510,2026-07-04T07:10:08.021860+00:00,153.8,47,ask,DiligentDonuts,CostlyCorianders,6705056
2026-07-04T07:10:08.914019,2026-07-04T07:10:08.925703+00:00,153.9,50,bid,FlawlessFlatbreads,DiligentDonuts,6705065
2026-07-04T07:10:10.993051,2026-07-04T07:10:11.004707+00:00,153.9,45,bid,CostlyCorianders,DiligentDonuts,6705080
2026-07-04T07:10:11.021011,2026-07-04T07:10:11.032538+00:00,153.9,5,bid,FlawlessFlatbreads,DiligentDonuts,6705081
2026-07-04T07:10:11.021011,2026-07-04T07:10:11.032538+00:00,154.1,45,bid,FlawlessFlatbreads,EarnestEspressos,6705082
2026-07-04T07:10:11.522192,2026-07-04T07:10:11.533597+00:00,153.7,49,ask,EarnestEspressos,CostlyCorianders,6705097
2026-07-04T07:10:13.059397,2026-07-04T07:10:13.067077+00:00,153.7,3,ask,EarnestEspressos,Xuanyu Liu,6705116
2026-07-04T07:10:13.181914,2026-07-04T07:10:13.188398+00:00,153.7,50,ask,EarnestEspressos,FlawlessFlatbreads,6705118
2026-07-04T07:10:13.730565,2026-07-04T07:10:13.742200+00:00,154.1,49,bid,CostlyCorianders,DiligentDonuts,6705124
2026-07-04T07:10:14.541796,2026-07-04T07:10:14.558772+00:00,153.7,100,bid,DiligentDonuts,EarnestEspressos,6705135
2026-07-04T07:10:15.287348,2026-07-04T07:10:15.299201+00:00,153.2,50,ask,EarnestEspressos,FlawlessFlatbreads,6705139
2026-07-04T07:10:17.343071,2026-07-04T07:10:17.358549+00:00,153.7,50,bid,FlawlessFlatbreads,EarnestEspressos,6705174
2026-07-04T07:10:19.450863,2026-07-04T07:10:19.463617+00:00,153.9,50,bid,FlawlessFlatbreads,DiligentDonuts,6705197
2026-07-04T07:10:21.557742,2026-07-04T07:10:21.565306+00:00,153.9,50,bid,FlawlessFlatbreads,DiligentDonuts,6705227
2026-07-04T07:10:23.664147,2026-07-04T07:10:23.673065+00:00,153.9,50,bid,FlawlessFlatbreads,DiligentDonuts,6705258
2026-07-04T07:10:25.025672,2026-07-04T07:10:25.036949+00:00,154.0,44,ask,DiligentDonuts,CostlyCorianders,6705275
2026-07-04T07:10:25.772063,2026-07-04T07:10:25.783622+00:00,154.2,50,bid,FlawlessFlatbreads,EarnestEspressos,6705291
2026-07-04T07:10:27.879262,2026-07-04T07:10:27.889166+00:00,154.3,50,bid,FlawlessFlatbreads,Alan Niu,6705315
2026-07-04T07:10:28.110394,2026-07-04T07:10:28.119507+00:00,154.0,47,ask,EarnestEspressos,CostlyCorianders,6705320
2026-07-04T07:10:30.035152,2026-07-04T07:10:30.046561+00:00,154.0,50,ask,EarnestEspressos,FlawlessFlatbreads,6705343
2026-07-04T07:10:32.141289,2026-07-04T07:10:32.152664+00:00,153.9,50,ask,DiligentDonuts,Chester Au,6705370
2026-07-04T07:10:32.701279,2026-07-04T07:10:32.709228+00:00,153.9,50,ask,DiligentDonuts,FlawlessFlatbreads,6705377
2026-07-04T07:10:34.248324,2026-07-04T07:10:34.258545+00:00,153.3,50,ask,Alan Niu,FlawlessFlatbreads,6705407
2026-07-04T07:10:34.295417,2026-07-04T07:10:34.306951+00:00,153.5,43,bid,CostlyCorianders,EarnestEspressos,6705408
2026-07-04T07:10:36.354385,2026-07-04T07:10:36.366176+00:00,153.0,50,ask,EarnestEspressos,FlawlessFlatbreads,6705440
2026-07-04T07:10:38.461532,2026-07-04T07:10:38.472756+00:00,153.1,50,ask,EarnestEspressos,FlawlessFlatbreads,6705471
2026-07-04T07:10:40.520689,2026-07-04T07:10:40.529234+00:00,153.5,50,bid,FlawlessFlatbreads,EarnestEspressos,6705493
2026-07-04T07:10:40.606204,2026-07-04T07:10:40.615284+00:00,153.5,45,bid,CostlyCorianders,EarnestEspressos,6705496
2026-07-04T07:10:41.258406,2026-07-04T07:10:41.269899+00:00,153.1,49,ask,DiligentDonuts,CostlyCorianders,6705506
2026-07-04T07:10:42.679162,2026-07-04T07:10:42.690988+00:00,153.1,50,ask,DiligentDonuts,FlawlessFlatbreads,6705527
2026-07-04T07:10:43.055003,2026-07-04T07:10:43.058603+00:00,153.2,100,ask,EarnestEspressos,DiligentDonuts,6705530
2026-07-04T07:10:44.786713,2026-07-04T07:10:44.798110+00:00,153.2,50,ask,EarnestEspressos,FlawlessFlatbreads,6705563
2026-07-04T07:10:46.016489,2026-07-04T07:10:46.022773+00:00,152.9,50,bid,Chester Au,EarnestEspressos,6705582
2026-07-04T07:10:46.024465,2026-07-04T07:10:46.033746+00:00,152.9,3,bid,Xuanyu Liu,EarnestEspressos,6705584
2026-07-04T07:10:46.876289,2026-07-04T07:10:46.884568+00:00,152.9,11,bid,Xuanyu Liu,EarnestEspressos,6705601
2026-07-04T07:10:48.480648,2026-07-04T07:10:48.491862+00:00,152.9,12,bid,Xuanyu Liu,EarnestEspressos,6705624
2026-07-04T07:10:48.945336,2026-07-04T07:10:48.956971+00:00,152.9,50,bid,FlawlessFlatbreads,EarnestEspressos,6705633
2026-07-04T07:10:49.133783,2026-07-04T07:10:49.141630+00:00,153.1,12,ask,EarnestEspressos,Xuanyu Liu,6705635
2026-07-04T07:10:49.242842,2026-07-04T07:10:49.258604+00:00,153.3,41,bid,CostlyCorianders,DiligentDonuts,6705637
2026-07-04T07:10:50.828455,2026-07-04T07:10:50.840138+00:00,153.6,41,bid,CostlyCorianders,EarnestEspressos,6705664
2026-07-04T07:10:51.113299,2026-07-04T07:10:51.125072+00:00,153.1,50,ask,EarnestEspressos,FlawlessFlatbreads,6705670
2026-07-04T07:10:51.706984,2026-07-04T07:10:51.715260+00:00,153.1,11,ask,EarnestEspressos,Xuanyu Liu,6705682
2026-07-04T07:10:53.221948,2026-07-04T07:10:53.264201+00:00,152.9,50,ask,EarnestEspressos,FlawlessFlatbreads,6705706
2026-07-04T07:10:55.345445,2026-07-04T07:10:55.363649+00:00,152.9,50,ask,EarnestEspressos,FlawlessFlatbreads,6705736
2026-07-04T07:10:55.659903,2026-07-04T07:10:55.669144+00:00,153.0,100,bid,DiligentDonuts,EarnestEspressos,6705747
2026-07-04T07:10:59.372297,2026-07-04T07:10:59.384429+00:00,152.7,44,ask,EarnestEspressos,CostlyCorianders,6705795
2026-07-04T07:10:59.527715,2026-07-04T07:10:59.536951+00:00,153.0,50,bid,FlawlessFlatbreads,DiligentDonuts,6705796
2026-07-04T07:11:01.754476,2026-07-04T07:11:01.763616+00:00,153.0,43,bid,CostlyCorianders,DiligentDonuts,6705821
2026-07-04T07:11:02.805327,2026-07-04T07:11:02.816730+00:00,152.8,49,ask,DiligentDonuts,CostlyCorianders,6705838
2026-07-04T07:11:03.738317,2026-07-04T07:11:03.750137+00:00,153.0,50,bid,FlawlessFlatbreads,EarnestEspressos,6705849
2026-07-04T07:11:04.483418,2026-07-04T07:11:04.494816+00:00,153.0,41,bid,CostlyCorianders,EarnestEspressos,6705858
2026-07-04T07:11:05.904023,2026-07-04T07:11:05.915745+00:00,153.0,50,ask,EarnestEspressos,FlawlessFlatbreads,6705878
2026-07-04T07:11:08.302145,2026-07-04T07:11:08.364278+00:00,152.7,40,ask,EarnestEspressos,CostlyCorianders,6705904
2026-07-04T07:11:08.954865,2026-07-04T07:11:08.966702+00:00,153.2,42,bid,CostlyCorianders,EarnestEspressos,6705915
2026-07-04T07:11:10.046880,2026-07-04T07:11:10.051209+00:00,152.7,42,ask,EarnestEspressos,CostlyCorianders,6705942
2026-07-04T07:11:10.062417,2026-07-04T07:11:10.073733+00:00,153.2,50,bid,FlawlessFlatbreads,EarnestEspressos,6705944
2026-07-04T07:11:12.169684,2026-07-04T07:11:12.181309+00:00,153.3,50,bid,FlawlessFlatbreads,EarnestEspressos,6705975
2026-07-04T07:11:14.243155,2026-07-04T07:11:14.263654+00:00,153.3,49,bid,CostlyCorianders,EarnestEspressos,6705995
2026-07-04T07:11:14.291271,2026-07-04T07:11:14.302978+00:00,153.3,50,bid,FlawlessFlatbreads,EarnestEspressos,6705996
2026-07-04T07:11:14.413715,2026-07-04T07:11:14.431172+00:00,153.3,100,bid,EarnestEspressos,DiligentDonuts,6705999
2026-07-04T07:11:14.423008,2026-07-04T07:11:14.431172+00:00,153.5,6,ask,EarnestEspressos,Xuanyu Liu,6706000
2026-07-04T07:11:14.573294,2026-07-04T07:11:14.580581+00:00,153.5,44,ask,EarnestEspressos,Alan Niu,6706002
2026-07-04T07:11:15.876990,2026-07-04T07:11:15.884759+00:00,153.1,44,ask,DiligentDonuts,CostlyCorianders,6706015
2026-07-04T07:11:16.398858,2026-07-04T07:11:16.410237+00:00,153.6,50,bid,FlawlessFlatbreads,DiligentDonuts,6706025
2026-07-04T07:11:17.487522,2026-07-04T07:11:17.497217+00:00,153.6,48,bid,CostlyCorianders,DiligentDonuts,6706034
2026-07-04T07:11:18.533960,2026-07-04T07:11:18.564004+00:00,153.4,50,bid,FlawlessFlatbreads,EarnestEspressos,6706048
2026-07-04T07:11:20.641322,2026-07-04T07:11:20.663649+00:00,153.4,50,bid,FlawlessFlatbreads,EarnestEspressos,6706083
2026-07-04T07:11:21.931861,2026-07-04T07:11:21.963666+00:00,153.3,48,ask,EarnestEspressos,CostlyCorianders,6706098
2026-07-04T07:11:22.832356,2026-07-04T07:11:22.843619+00:00,153.3,50,ask,EarnestEspressos,FlawlessFlatbreads,6706112
2026-07-04T07:11:23.975648,2026-07-04T07:11:23.982835+00:00,153.4,3,bid,Xuanyu Liu,EarnestEspressos,6706126
2026-07-04T07:11:24.888213,2026-07-04T07:11:24.899955+00:00,153.4,50,bid,FlawlessFlatbreads,EarnestEspressos,6706138
2026-07-04T07:11:25.650513,2026-07-04T07:11:25.659407+00:00,153.4,47,bid,CostlyCorianders,EarnestEspressos,6706153
2026-07-04T07:11:27.048295,2026-07-04T07:11:27.058600+00:00,153.2,50,ask,DiligentDonuts,FlawlessFlatbreads,6706173
2026-07-04T07:11:28.690737,2026-07-04T07:11:28.702326+00:00,153.4,46,bid,CostlyCorianders,DiligentDonuts,6706203
2026-07-04T07:11:29.154294,2026-07-04T07:11:29.165731+00:00,153.2,50,ask,EarnestEspressos,FlawlessFlatbreads,6706206
2026-07-04T07:11:29.210618,2026-07-04T07:11:29.218463+00:00,153.2,47,ask,EarnestEspressos,CostlyCorianders,6706208
2026-07-04T07:11:30.901866,2026-07-04T07:11:30.913379+00:00,153.0,48,ask,DiligentDonuts,CostlyCorianders,6706239
2026-07-04T07:11:31.210568,2026-07-04T07:11:31.222333+00:00,153.3,50,bid,FlawlessFlatbreads,EarnestEspressos,6706244
2026-07-04T07:11:31.451561,2026-07-04T07:11:31.469021+00:00,153.3,49,bid,CostlyCorianders,EarnestEspressos,6706246
2026-07-04T07:11:32.542044,2026-07-04T07:11:32.548465+00:00,153.0,41,ask,DiligentDonuts,CostlyCorianders,6706259
2026-07-04T07:11:33.287287,2026-07-04T07:11:33.298767+00:00,153.3,1,bid,Kaleb Liu,EarnestEspressos,6706273
2026-07-04T07:11:33.318134,2026-07-04T07:11:33.329508+00:00,153.3,50,bid,FlawlessFlatbreads,EarnestEspressos,6706275
2026-07-04T07:11:33.674034,2026-07-04T07:11:33.680997+00:00,153.2,100,ask,EarnestEspressos,DiligentDonuts,6706283
2026-07-04T07:11:35.069995,2026-07-04T07:11:35.079489+00:00,153.4,49,bid,CostlyCorianders,Alan Niu,6706303
2026-07-04T07:11:35.423723,2026-07-04T07:11:35.431019+00:00,153.4,50,bid,FlawlessFlatbreads,Alan Niu,6706311
2026-07-04T07:11:37.582507,2026-07-04T07:11:37.589563+00:00,153.1,50,ask,DiligentDonuts,FlawlessFlatbreads,6706336
2026-07-04T07:11:37.703829,2026-07-04T07:11:37.714219+00:00,153.5,45,bid,CostlyCorianders,EarnestEspressos,6706338
2026-07-04T07:11:39.303207,2026-07-04T07:11:39.315028+00:00,153.2,1,ask,Alan Niu,Kaleb Liu,6706361
2026-07-04T07:11:39.688450,2026-07-04T07:11:39.699871+00:00,153.2,50,ask,Alan Niu,FlawlessFlatbreads,6706376
2026-07-04T07:11:39.769451,2026-07-04T07:11:39.778890+00:00,153.3,50,ask,EarnestEspressos,Alan Niu,6706379
2026-07-04T07:11:40.260346,2026-07-04T07:11:40.271837+00:00,153.3,49,ask,EarnestEspressos,CostlyCorianders,6706386
2026-07-04T07:11:41.315550,2026-07-04T07:11:41.323867+00:00,153.3,43,ask,EarnestEspressos,CostlyCorianders,6706402
2026-07-04T07:11:41.799152,2026-07-04T07:11:41.807061+00:00,153.3,8,ask,EarnestEspressos,FlawlessFlatbreads,6706409
2026-07-04T07:11:41.799152,2026-07-04T07:11:41.812238+00:00,153.1,42,ask,DiligentDonuts,FlawlessFlatbreads,6706410
2026-07-04T07:11:43.795104,2026-07-04T07:11:43.802739+00:00,153.2,142,bid,Alan Niu,EarnestEspressos,6706437
2026-07-04T07:11:43.856441,2026-07-04T07:11:43.868231+00:00,153.2,8,bid,FlawlessFlatbreads,EarnestEspressos,6706439
2026-07-04T07:11:43.856441,2026-07-04T07:11:43.868231+00:00,153.4,42,bid,FlawlessFlatbreads,DiligentDonuts,6706440
2026-07-04T07:11:43.908817,2026-07-04T07:11:43.920273+00:00,153.4,40,bid,CostlyCorianders,DiligentDonuts,6706441
2026-07-04T07:11:45.550598,2026-07-04T07:11:45.559773+00:00,153.4,18,bid,CostlyCorianders,DiligentDonuts,6706462
2026-07-04T07:11:45.550598,2026-07-04T07:11:45.564772+00:00,153.7,24,bid,CostlyCorianders,Alan Niu,6706463
2026-07-04T07:11:45.965011,2026-07-04T07:11:45.976458+00:00,153.7,50,bid,FlawlessFlatbreads,Alan Niu,6706469
2026-07-04T07:11:46.431512,2026-07-04T07:11:46.442739+00:00,153.8,6,bid,Kaleb Liu,EarnestEspressos,6706476
2026-07-04T07:11:48.072726,2026-07-04T07:11:48.079946+00:00,153.7,50,bid,FlawlessFlatbreads,Alan Niu,6706505
2026-07-04T07:11:48.157689,2026-07-04T07:11:48.169476+00:00,153.3,47,ask,EarnestEspressos,CostlyCorianders,6706506
2026-07-04T07:11:50.177894,2026-07-04T07:11:50.189409+00:00,153.5,50,bid,FlawlessFlatbreads,EarnestEspressos,6706524
2026-07-04T07:11:51.518336,2026-07-04T07:11:51.528617+00:00,153.1,44,ask,DiligentDonuts,CostlyCorianders,6706536
2026-07-04T07:11:52.354626,2026-07-04T07:11:52.366100+00:00,153.1,50,ask,DiligentDonuts,FlawlessFlatbreads,6706544
2026-07-04T07:11:54.408957,2026-07-04T07:11:54.418925+00:00,153.2,50,bid,FlawlessFlatbreads,DiligentDonuts,6706576
2026-07-04T07:11:55.434627,2026-07-04T07:11:55.441476+00:00,153.2,50,bid,Alan Niu,DiligentDonuts,6706589
2026-07-04T07:11:55.450493,2026-07-04T07:11:55.452116+00:00,153.6,8,bid,Kaleb Liu,EarnestEspressos,6706591
2026-07-04T07:11:56.041732,2026-07-04T07:11:56.051297+00:00,153.7,45,bid,CostlyCorianders,Alan Niu,6706605
2026-07-04T07:11:56.515200,2026-07-04T07:11:56.526571+00:00,153.7,50,bid,FlawlessFlatbreads,Alan Niu,6706618
2026-07-04T07:11:56.554914,2026-07-04T07:11:56.553113+00:00,153.4,45,ask,EarnestEspressos,CostlyCorianders,6706620
2026-07-04T07:11:56.688569,2026-07-04T07:11:56.698785+00:00,153.4,105,ask,EarnestEspressos,Chester Au,6706622
2026-07-04T07:11:56.706289,2026-07-04T07:11:56.714032+00:00,153.8,50,bid,Alan Niu,DiligentDonuts,6706626
2026-07-04T07:11:56.710170,2026-07-04T07:11:56.719666+00:00,153.3,6,ask,DiligentDonuts,Alan Niu,6706627
2026-07-04T07:11:58.620468,2026-07-04T07:11:58.628677+00:00,153.6,50,bid,FlawlessFlatbreads,Alan Niu,6706659
2026-07-04T07:11:58.756812,2026-07-04T07:11:58.764206+00:00,153.3,94,ask,DiligentDonuts,EarnestEspressos,6706661
2026-07-04T07:11:58.820709,2026-07-04T07:11:58.828187+00:00,153.2,50,bid,Alan Niu,EarnestEspressos,6706665
2026-07-04T07:11:59.156567,2026-07-04T07:11:59.158581+00:00,153.2,6,bid,CostlyCorianders,EarnestEspressos,6706670
2026-07-04T07:11:59.156567,2026-07-04T07:11:59.169250+00:00,153.5,37,bid,CostlyCorianders,DiligentDonuts,6706671
2026-07-04T07:11:59.647956,2026-07-04T07:11:59.659584+00:00,153.5,47,bid,CostlyCorianders,DiligentDonuts,6706685
2026-07-04T07:12:00.728915,2026-07-04T07:12:00.739452+00:00,153.5,16,bid,FlawlessFlatbreads,DiligentDonuts,6706700
2026-07-04T07:12:02.478421,2026-07-04T07:12:02.497526+00:00,153.3,14,ask,EarnestEspressos,Kaleb Liu,6706732
2026-07-04T07:12:02.784398,2026-07-04T07:12:02.795821+00:00,153.3,43,ask,EarnestEspressos,CostlyCorianders,6706746
2026-07-04T07:12:02.885293,2026-07-04T07:12:02.896695+00:00,153.3,50,ask,EarnestEspressos,FlawlessFlatbreads,6706749
2026-07-04T07:12:03.409325,2026-07-04T07:12:03.421079+00:00,153.7,42,bid,CostlyCorianders,Alan Niu,6706757
2026-07-04T07:12:03.463845,2026-07-04T07:12:03.475602+00:00,153.3,41,ask,EarnestEspressos,CostlyCorianders,6706758
2026-07-04T07:12:03.499877,2026-07-04T07:12:03.506545+00:00,153.8,1,bid,Kaleb Liu,EarnestEspressos,6706760
2026-07-04T07:12:04.509639,2026-07-04T07:12:04.521113+00:00,153.7,5,bid,Kaleb Liu,Alan Niu,6706776
2026-07-04T07:12:04.682676,2026-07-04T07:12:04.689066+00:00,153.8,48,bid,CostlyCorianders,EarnestEspressos,6706781
2026-07-04T07:12:05.006868,2026-07-04T07:12:05.014665+00:00,153.3,50,ask,DiligentDonuts,FlawlessFlatbreads,6706790
2026-07-04T07:12:07.113392,2026-07-04T07:12:07.121272+00:00,153.4,50,ask,DiligentDonuts,FlawlessFlatbreads,6706821
2026-07-04T07:12:08.814661,2026-07-04T07:12:08.822884+00:00,153.2,43,ask,DiligentDonuts,CostlyCorianders,6706850
2026-07-04T07:12:09.223127,2026-07-04T07:12:09.230182+00:00,153.2,50,ask,DiligentDonuts,FlawlessFlatbreads,6706856
2026-07-04T07:12:11.328860,2026-07-04T07:12:11.340971+00:00,153.2,7,ask,DiligentDonuts,FlawlessFlatbreads,6706891
2026-07-04T07:12:11.328860,2026-07-04T07:12:11.340971+00:00,153.1,43,ask,Alan Niu,FlawlessFlatbreads,6706892
2026-07-04T07:12:13.090243,2026-07-04T07:12:13.101640+00:00,153.3,49,bid,CostlyCorianders,DiligentDonuts,6706923
2026-07-04T07:12:13.437868,2026-07-04T07:12:13.458589+00:00,153.0,50,ask,EarnestEspressos,FlawlessFlatbreads,6706926
2026-07-04T07:12:14.530547,2026-07-04T07:12:14.537886+00:00,153.0,6,ask,Alan Niu,Kaleb Liu,6706937
2026-07-04T07:12:15.388891,2026-07-04T07:12:15.398198+00:00,153.2,123,bid,Alan Niu,EarnestEspressos,6706952
2026-07-04T07:12:15.544114,2026-07-04T07:12:15.555943+00:00,152.9,50,ask,DiligentDonuts,FlawlessFlatbreads,6706955
2026-07-04T07:12:16.631148,2026-07-04T07:12:16.642726+00:00,152.9,47,ask,DiligentDonuts,CostlyCorianders,6706978
2026-07-04T07:12:17.627039,2026-07-04T07:12:17.635774+00:00,153.2,27,bid,Chester Au,EarnestEspressos,6706984
2026-07-04T07:12:17.678879,2026-07-04T07:12:17.687409+00:00,152.9,3,ask,DiligentDonuts,FlawlessFlatbreads,6706989
2026-07-04T07:12:17.704007,2026-07-04T07:12:17.713891+00:00,153.4,100,bid,EarnestEspressos,DiligentDonuts,6706990
2026-07-04T07:12:17.714957,2026-07-04T07:12:17.725459+00:00,153.5,3,ask,EarnestEspressos,Xuanyu Liu,6706991
2026-07-04T07:12:17.877908,2026-07-04T07:12:17.886753+00:00,153.5,47,ask,EarnestEspressos,Alan Niu,6706994
2026-07-04T07:12:18.231803,2026-07-04T07:12:18.239672+00:00,153.4,3,bid,Xuanyu Liu,DiligentDonuts,6707002
2026-07-04T07:12:18.304499,2026-07-04T07:12:18.311206+00:00,153.4,47,bid,Alan Niu,DiligentDonuts,6707006
2026-07-04T07:12:19.100301,2026-07-04T07:12:19.112238+00:00,153.4,42,bid,CostlyCorianders,DiligentDonuts,6707019
2026-07-04T07:12:19.784151,2026-07-04T07:12:19.795658+00:00,152.9,50,ask,DiligentDonuts,FlawlessFlatbreads,6707025
2026-07-04T07:12:20.643753,2026-07-04T07:12:20.658565+00:00,153.4,8,bid,Chester Au,DiligentDonuts,6707038
2026-07-04T07:12:21.110709,2026-07-04T07:12:21.122428+00:00,153.4,43,ask,DiligentDonuts,CostlyCorianders,6707049
2026-07-04T07:12:21.890182,2026-07-04T07:12:21.901109+00:00,153.4,50,ask,DiligentDonuts,FlawlessFlatbreads,6707062
2026-07-04T07:12:22.484817,2026-07-04T07:12:22.495501+00:00,153.6,70,bid,Chester Au,EarnestEspressos,6707073
2026-07-04T07:12:22.549083,2026-07-04T07:12:22.564195+00:00,153.6,1,bid,Kaleb Liu,EarnestEspressos,6707077
2026-07-04T07:12:23.710538,2026-07-04T07:12:23.718482+00:00,153.6,48,bid,CostlyCorianders,EarnestEspressos,6707093
2026-07-04T07:12:24.560082,2026-07-04T07:12:24.570513+00:00,153.7,1,ask,EarnestEspressos,Kaleb Liu,6707102
2026-07-04T07:12:25.662752,2026-07-04T07:12:25.670810+00:00,153.7,48,ask,EarnestEspressos,CostlyCorianders,6707123
2026-07-04T07:12:26.048898,2026-07-04T07:12:26.057297+00:00,153.8,50,bid,FlawlessFlatbreads,DiligentDonuts,6707128
2026-07-04T07:12:26.712031,2026-07-04T07:12:26.723850+00:00,153.7,40,ask,EarnestEspressos,CostlyCorianders,6707134
2026-07-04T07:12:28.162259,2026-07-04T07:12:28.173760+00:00,153.9,50,bid,FlawlessFlatbreads,EarnestEspressos,6707150
2026-07-04T07:12:28.574139,2026-07-04T07:12:28.581954+00:00,153.5,1,ask,DiligentDonuts,Kaleb Liu,6707160
2026-07-04T07:12:30.268152,2026-07-04T07:12:30.275182+00:00,153.9,50,bid,FlawlessFlatbreads,EarnestEspressos,6707180
2026-07-04T07:12:30.588967,2026-07-04T07:12:30.600440+00:00,154.0,2,bid,Kaleb Liu,Alan Niu,6707186
2026-07-04T07:12:30.762720,2026-07-04T07:12:30.770916+00:00,153.8,2,bid,Alan Niu,DiligentDonuts,6707190
2026-07-04T07:12:31.599372,2026-07-04T07:12:31.606631+00:00,153.6,1,ask,EarnestEspressos,Kaleb Liu,6707202
2026-07-04T07:12:32.202098,2026-07-04T07:12:32.213496+00:00,153.8,47,bid,CostlyCorianders,DiligentDonuts,6707211
2026-07-04T07:12:32.395635,2026-07-04T07:12:32.407056+00:00,153.8,50,bid,FlawlessFlatbreads,DiligentDonuts,6707213
2026-07-04T07:12:34.341431,2026-07-04T07:12:34.358539+00:00,154.1,40,bid,CostlyCorianders,Alan Niu,6707243
2026-07-04T07:12:34.612822,2026-07-04T07:12:34.624150+00:00,154.1,1,bid,Kaleb Liu,Alan Niu,6707247
2026-07-04T07:12:35.622235,2026-07-04T07:12:35.634031+00:00,153.8,2,ask,Alan Niu,Kaleb Liu,6707259
2026-07-04T07:12:36.654382,2026-07-04T07:12:36.671277+00:00,153.9,39,ask,Alan Niu,FlawlessFlatbreads,6707274
2026-07-04T07:12:36.654382,2026-07-04T07:12:36.671277+00:00,153.7,11,ask,DiligentDonuts,FlawlessFlatbreads,6707275
2026-07-04T07:12:36.788259,2026-07-04T07:12:36.798158+00:00,154.1,39,ask,EarnestEspressos,Alan Niu,6707278
2026-07-04T07:12:36.911444,2026-07-04T07:12:36.922837+00:00,154.1,42,ask,EarnestEspressos,CostlyCorianders,6707283
2026-07-04T07:12:37.633292,2026-07-04T07:12:37.641201+00:00,154.3,1,bid,Kaleb Liu,Alan Niu,6707297
2026-07-04T07:12:38.240006,2026-07-04T07:12:38.265049+00:00,154.3,44,bid,CostlyCorianders,Alan Niu,6707308
2026-07-04T07:12:38.762886,2026-07-04T07:12:38.774341+00:00,154.1,50,ask,EarnestEspressos,FlawlessFlatbreads,6707314
2026-07-04T07:12:39.271330,2026-07-04T07:12:39.283248+00:00,154.1,19,ask,EarnestEspressos,CostlyCorianders,6707322
2026-07-04T07:12:39.271330,2026-07-04T07:12:39.283248+00:00,154.0,29,ask,DiligentDonuts,CostlyCorianders,6707323
2026-07-04T07:12:39.645703,2026-07-04T07:12:39.658583+00:00,154.0,6,ask,DiligentDonuts,Kaleb Liu,6707332
2026-07-04T07:12:39.740347,2026-07-04T07:12:39.758578+00:00,154.0,47,ask,DiligentDonuts,CostlyCorianders,6707335
2026-07-04T07:12:39.962881,2026-07-04T07:12:39.974316+00:00,154.1,84,bid,Alan Niu,EarnestEspressos,6707337
2026-07-04T07:12:40.660298,2026-07-04T07:12:40.668975+00:00,154.1,7,bid,Kaleb Liu,EarnestEspressos,6707349
2026-07-04T07:12:42.942269,2026-07-04T07:12:42.963657+00:00,154.1,50,bid,FlawlessFlatbreads,EarnestEspressos,6707387
2026-07-04T07:12:43.673115,2026-07-04T07:12:43.679709+00:00,154.1,2,ask,EarnestEspressos,Kaleb Liu,6707395
2026-07-04T07:12:45.103598,2026-07-04T07:12:45.115077+00:00,154.1,50,ask,EarnestEspressos,FlawlessFlatbreads,6707410
2026-07-04T07:12:45.732164,2026-07-04T07:12:45.758582+00:00,154.5,41,bid,CostlyCorianders,DiligentDonuts,6707415
2026-07-04T07:12:46.688956,2026-07-04T07:12:46.697065+00:00,154.2,5,ask,DiligentDonuts,Kaleb Liu,6707423
2026-07-04T07:12:46.773101,2026-07-04T07:12:46.784671+00:00,154.2,41,ask,DiligentDonuts,CostlyCorianders,6707429
2026-07-04T07:12:47.209800,2026-07-04T07:12:47.217536+00:00,154.2,50,ask,DiligentDonuts,FlawlessFlatbreads,6707442
2026-07-04T07:12:49.266662,2026-07-04T07:12:49.275765+00:00,154.6,50,bid,FlawlessFlatbreads,EarnestEspressos,6707471
2026-07-04T07:12:49.351398,2026-07-04T07:12:49.364019+00:00,154.6,42,bid,CostlyCorianders,Alan Niu,6707473
2026-07-04T07:12:49.579814,2026-07-04T07:12:49.587759+00:00,154.2,100,ask,EarnestEspressos,DiligentDonuts,6707478
2026-07-04T07:12:49.701966,2026-07-04T07:12:49.712603+00:00,154.7,7,bid,Kaleb Liu,EarnestEspressos,6707482
2026-07-04T07:12:51.374335,2026-07-04T07:12:51.385778+00:00,154.5,50,bid,FlawlessFlatbreads,Alan Niu,6707517
2026-07-04T07:12:52.139721,2026-07-04T07:12:52.144127+00:00,154.2,49,ask,EarnestEspressos,CostlyCorianders,6707527
2026-07-04T07:12:52.658774,2026-07-04T07:12:52.665034+00:00,154.2,92,bid,Alan Niu,EarnestEspressos,6707532
2026-07-04T07:12:53.481286,2026-07-04T07:12:53.493012+00:00,154.2,50,bid,FlawlessFlatbreads,EarnestEspressos,6707541
2026-07-04T07:12:56.718041,2026-07-04T07:12:56.725178+00:00,154.2,7,ask,DiligentDonuts,Kaleb Liu,6707593
2026-07-04T07:12:57.675326,2026-07-04T07:12:57.683237+00:00,154.5,42,bid,CostlyCorianders,Alan Niu,6707606
2026-07-04T07:12:57.689776,2026-07-04T07:12:57.697611+00:00,154.5,50,bid,FlawlessFlatbreads,Alan Niu,6707607
2026-07-04T07:12:58.728284,2026-07-04T07:12:58.734858+00:00,154.6,7,bid,Kaleb Liu,EarnestEspressos,6707625
2026-07-04T07:12:59.795607,2026-07-04T07:12:59.807303+00:00,154.5,50,bid,FlawlessFlatbreads,DiligentDonuts,6707635
2026-07-04T07:13:01.747393,2026-07-04T07:13:01.758579+00:00,154.2,2,ask,EarnestEspressos,Kaleb Liu,6707660
2026-07-04T07:13:02.757942,2026-07-04T07:13:02.769600+00:00,154.8,7,bid,Kaleb Liu,EarnestEspressos,6707678
2026-07-04T07:13:03.039174,2026-07-04T07:13:03.063610+00:00,154.8,49,bid,CostlyCorianders,EarnestEspressos,6707684
2026-07-04T07:13:04.056466,2026-07-04T07:13:04.063579+00:00,154.3,50,ask,EarnestEspressos,FlawlessFlatbreads,6707696
2026-07-04T07:13:04.181871,2026-07-04T07:13:04.193400+00:00,154.3,43,ask,EarnestEspressos,CostlyCorianders,6707697
2026-07-04T07:13:06.163779,2026-07-04T07:13:06.175503+00:00,154.3,50,ask,DiligentDonuts,FlawlessFlatbreads,6707725
2026-07-04T07:13:06.772692,2026-07-04T07:13:06.783712+00:00,154.3,6,ask,DiligentDonuts,Kaleb Liu,6707736
2026-07-04T07:13:07.782472,2026-07-04T07:13:07.794120+00:00,154.3,1,ask,DiligentDonuts,Kaleb Liu,6707753
2026-07-04T07:13:08.273272,2026-07-04T07:13:08.281302+00:00,154.3,43,ask,DiligentDonuts,FlawlessFlatbreads,6707772
2026-07-04T07:13:08.273272,2026-07-04T07:13:08.286860+00:00,154.2,7,ask,EarnestEspressos,FlawlessFlatbreads,6707773
2026-07-04T07:13:08.709267,2026-07-04T07:13:08.721052+00:00,154.5,47,bid,CostlyCorianders,DiligentDonuts,6707776
2026-07-04T07:13:10.382703,2026-07-04T07:13:10.394059+00:00,154.1,50,ask,EarnestEspressos,FlawlessFlatbreads,6707796
2026-07-04T07:13:10.794434,2026-07-04T07:13:10.800862+00:00,154.1,5,ask,EarnestEspressos,Kaleb Liu,6707799
2026-07-04T07:13:11.630632,2026-07-04T07:13:11.638443+00:00,154.3,92,bid,Alan Niu,EarnestEspressos,6707818
2026-07-04T07:13:11.803186,2026-07-04T07:13:11.814874+00:00,154.3,6,bid,Kaleb Liu,EarnestEspressos,6707821
2026-07-04T07:13:12.489228,2026-07-04T07:13:12.500623+00:00,154.1,50,ask,DiligentDonuts,FlawlessFlatbreads,6707837
2026-07-04T07:13:14.595843,2026-07-04T07:13:14.607564+00:00,154.1,50,ask,DiligentDonuts,FlawlessFlatbreads,6707863
2026-07-04T07:13:14.815905,2026-07-04T07:13:14.822245+00:00,154.8,6,bid,Kaleb Liu,EarnestEspressos,6707868
2026-07-04T07:13:14.891081,2026-07-04T07:13:14.902543+00:00,154.3,100,ask,EarnestEspressos,DiligentDonuts,6707872
2026-07-04T07:13:16.702306,2026-07-04T07:13:16.712612+00:00,154.3,50,ask,EarnestEspressos,FlawlessFlatbreads,6707907
2026-07-04T07:13:16.828632,2026-07-04T07:13:16.838491+00:00,153.8,12,ask,DiligentDonuts,Kaleb Liu,6707910
2026-07-04T07:13:16.953956,2026-07-04T07:13:16.963591+00:00,153.8,46,ask,DiligentDonuts,CostlyCorianders,6707913
2026-07-04T07:13:18.807752,2026-07-04T07:13:18.819544+00:00,153.9,50,ask,DiligentDonuts,FlawlessFlatbreads,6707932
2026-07-04T07:13:18.839474,2026-07-04T07:13:18.863620+00:00,154.2,6,bid,Kaleb Liu,EarnestEspressos,6707934
2026-07-04T07:13:19.849672,2026-07-04T07:13:19.858578+00:00,154.2,1,bid,Kaleb Liu,EarnestEspressos,6707945
2026-07-04T07:13:20.859307,2026-07-04T07:13:20.870753+00:00,153.9,2,ask,DiligentDonuts,Kaleb Liu,6707962
2026-07-04T07:13:20.914163,2026-07-04T07:13:20.926070+00:00,153.9,48,ask,DiligentDonuts,FlawlessFlatbreads,6707965
2026-07-04T07:13:20.914163,2026-07-04T07:13:20.926070+00:00,153.7,2,ask,EarnestEspressos,FlawlessFlatbreads,6707966
2026-07-04T07:13:21.819168,2026-07-04T07:13:21.827125+00:00,153.9,3,bid,Xuanyu Liu,DiligentDonuts,6707982
2026-07-04T07:13:21.870086,2026-07-04T07:13:21.881951+00:00,153.9,7,bid,Kaleb Liu,DiligentDonuts,6707984
2026-07-04T07:13:23.047560,2026-07-04T07:13:23.059128+00:00,153.5,50,ask,EarnestEspressos,FlawlessFlatbreads,6708002
2026-07-04T07:13:25.152920,2026-07-04T07:13:25.158589+00:00,153.5,50,ask,DiligentDonuts,FlawlessFlatbreads,6708023
2026-07-04T07:13:27.271310,2026-07-04T07:13:27.283248+00:00,153.5,50,ask,DiligentDonuts,FlawlessFlatbreads,6708063
2026-07-04T07:13:27.546719,2026-07-04T07:13:27.555108+00:00,153.8,23,bid,Xuanyu Liu,DiligentDonuts,6708069
2026-07-04T07:13:27.887375,2026-07-04T07:13:27.899148+00:00,153.8,21,bid,Kaleb Liu,DiligentDonuts,6708075
2026-07-04T07:13:29.377714,2026-07-04T07:13:29.388649+00:00,153.5,50,ask,EarnestEspressos,FlawlessFlatbreads,6708101
2026-07-04T07:13:30.322199,2026-07-04T07:13:30.331618+00:00,153.8,42,bid,CostlyCorianders,DiligentDonuts,6708114
2026-07-04T07:13:31.509117,2026-07-04T07:13:31.519182+00:00,153.6,50,ask,DiligentDonuts,FlawlessFlatbreads,6708133
2026-07-04T07:13:31.893303,2026-07-04T07:13:31.904630+00:00,153.8,41,bid,CostlyCorianders,EarnestEspressos,6708134
