timestamp,recv_time,price,volume,aggressor_side,buyer,seller,trade_id
2026-06-30T04:35:20.201967,2026-06-29T18:35:20.984674+00:00,112.9,50,bid,,,13110829
2026-06-30T04:35:22.308298,2026-06-29T18:35:23.094813+00:00,112.7,50,bid,,,13110860
2026-06-30T04:35:23.269820,2026-06-29T18:35:24.059914+00:00,112.5,44,ask,,,13110882
2026-06-30T04:35:24.415952,2026-06-29T18:35:25.201874+00:00,113.0,50,bid,,,13110899
2026-06-30T04:35:24.934148,2026-06-29T18:35:25.714997+00:00,112.6,5,ask,,,13110908
2026-06-30T04:35:25.142557,2026-06-29T18:35:25.924512+00:00,112.5,25,ask,,,13110913
2026-06-30T04:35:25.165247,2026-06-29T18:35:25.946610+00:00,112.5,25,ask,,,13110915
2026-06-30T04:35:25.351915,2026-06-29T18:35:26.141720+00:00,112.5,25,ask,,,13110919
2026-06-30T04:35:25.373919,2026-06-29T18:35:26.163824+00:00,112.5,25,ask,,,13110921
2026-06-30T04:35:25.561564,2026-06-29T18:35:26.348808+00:00,112.5,25,ask,,,13110925
2026-06-30T04:35:25.583973,2026-06-29T18:35:26.370950+00:00,112.5,25,ask,,,13110927
2026-06-30T04:35:26.521903,2026-06-29T18:35:27.304999+00:00,112.8,50,bid,,,13110943
2026-06-30T04:35:27.546447,2026-06-29T18:35:28.328753+00:00,112.1,44,ask,,,13110955
2026-06-30T04:35:28.004124,2026-06-29T18:35:28.785289+00:00,112.6,49,bid,,,13110963
2026-06-30T04:35:28.682248,2026-06-29T18:35:29.467389+00:00,112.5,4,ask,,,13110970
2026-06-30T04:35:28.682248,2026-06-29T18:35:29.467389+00:00,112.4,46,ask,,,13110971
2026-06-30T04:35:29.871078,2026-06-29T18:35:30.657933+00:00,112.7,41,bid,,,13110987
2026-06-30T04:35:29.924976,2026-06-29T18:35:30.712313+00:00,112.4,43,ask,,,13110993
2026-06-30T04:35:30.791154,2026-06-29T18:35:31.578126+00:00,112.2,50,ask,,,13111005
2026-06-30T04:35:31.263348,2026-06-29T18:35:32.045194+00:00,112.2,43,ask,,,13111017
2026-06-30T04:35:32.890191,2026-06-29T18:35:33.679030+00:00,112.5,5,ask,,,13111050
2026-06-30T04:35:32.896428,2026-06-29T18:35:33.679030+00:00,112.2,50,ask,,,13111051
2026-06-30T04:35:34.466157,2026-06-29T18:35:35.252295+00:00,112.6,45,bid,,,13111079
2026-06-30T04:35:34.787714,2026-06-29T18:35:35.569819+00:00,112.6,25,bid,,,13111091
2026-06-30T04:35:34.816079,2026-06-29T18:35:35.602961+00:00,112.6,25,bid,,,13111093
2026-06-30T04:35:34.997745,2026-06-29T18:35:35.787952+00:00,112.6,25,bid,,,13111098
2026-06-30T04:35:35.001843,2026-06-29T18:35:35.787952+00:00,112.4,4,ask,,,13111099
2026-06-30T04:35:35.001843,2026-06-29T18:35:35.787952+00:00,112.2,46,ask,,,13111100
2026-06-30T04:35:35.024595,2026-06-29T18:35:35.809609+00:00,112.6,25,bid,,,13111102
2026-06-30T04:35:35.207969,2026-06-29T18:35:35.993311+00:00,112.6,5,bid,,,13111104
2026-06-30T04:35:36.096122,2026-06-29T18:35:36.883311+00:00,112.7,100,bid,,,13111123
2026-06-30T04:35:36.156475,2026-06-29T18:35:36.937668+00:00,112.8,40,ask,,,13111124
2026-06-30T04:35:36.612239,2026-06-29T18:35:37.395435+00:00,113.3,41,bid,,,13111134
2026-06-30T04:35:36.815299,2026-06-29T18:35:37.602696+00:00,112.8,10,ask,,,13111139
2026-06-30T04:35:37.133564,2026-06-29T18:35:37.922955+00:00,112.4,5,ask,,,13111146
2026-06-30T04:35:37.133564,2026-06-29T18:35:37.922955+00:00,112.3,45,ask,,,13111147
2026-06-30T04:35:38.785590,2026-06-29T18:35:39.570130+00:00,112.3,45,ask,,,13111174
2026-06-30T04:35:39.242258,2026-06-29T18:35:40.027254+00:00,112.3,10,ask,,,13111180
2026-06-30T04:35:39.262826,2026-06-29T18:35:40.047483+00:00,112.8,42,bid,,,13111182
2026-06-30T04:35:41.378180,2026-06-29T18:35:42.167334+00:00,112.1,50,ask,,,13111214
2026-06-30T04:35:41.440978,2026-06-29T18:35:42.221733+00:00,112.6,49,bid,,,13111216
2026-06-30T04:35:43.242370,2026-06-29T18:35:44.031147+00:00,112.6,25,bid,,,13111253
2026-06-30T04:35:43.251106,2026-06-29T18:35:44.042210+00:00,112.6,25,bid,,,13111255
2026-06-30T04:35:43.485508,2026-06-29T18:35:44.269754+00:00,112.4,50,ask,,,13111263
2026-06-30T04:35:45.601723,2026-06-29T18:35:46.389738+00:00,112.4,50,ask,,,13111288
2026-06-30T04:35:46.682775,2026-06-29T18:35:47.464397+00:00,112.6,25,bid,,,13111322
2026-06-30T04:35:46.683027,2026-06-29T18:35:47.475461+00:00,112.6,25,bid,,,13111323
2026-06-30T04:35:46.726360,2026-06-29T18:35:47.507665+00:00,112.3,46,ask,,,13111324
2026-06-30T04:35:46.895983,2026-06-29T18:35:47.682874+00:00,112.6,25,bid,,,13111328
2026-06-30T04:35:46.898715,2026-06-29T18:35:47.682874+00:00,112.6,25,bid,,,13111329
2026-06-30T04:35:47.655818,2026-06-29T18:35:48.440943+00:00,112.8,50,bid,,,13111338
2026-06-30T04:35:48.293772,2026-06-29T18:35:49.084091+00:00,112.8,46,bid,,,13111347
2026-06-30T04:35:48.864416,2026-06-29T18:35:49.647329+00:00,112.5,43,ask,,,13111354
2026-06-30T04:35:50.519552,2026-06-29T18:35:51.309821+00:00,112.8,44,bid,,,13111395
2026-06-30T04:35:50.574140,2026-06-29T18:35:51.365165+00:00,112.5,40,ask,,,13111396
2026-06-30T04:35:51.474942,2026-06-29T18:35:52.264918+00:00,112.8,44,bid,,,13111413
2026-06-30T04:35:51.528823,2026-06-29T18:35:52.318705+00:00,112.5,44,ask,,,13111414
2026-06-30T04:35:51.915684,2026-06-29T18:35:52.698988+00:00,112.3,50,ask,,,13111426
2026-06-30T04:35:52.116741,2026-06-29T18:35:52.906296+00:00,112.7,25,bid,,,13111429
2026-06-30T04:35:52.119284,2026-06-29T18:35:52.906296+00:00,112.7,25,bid,,,13111430
2026-06-30T04:35:52.152489,2026-06-29T18:35:52.937526+00:00,112.3,49,ask,,,13111431
2026-06-30T04:35:52.328790,2026-06-29T18:35:53.111084+00:00,112.7,25,bid,,,13111438
2026-06-30T04:35:52.331860,2026-06-29T18:35:53.122133+00:00,112.7,25,bid,,,13111439
2026-06-30T04:35:52.543401,2026-06-29T18:35:53.329837+00:00,112.7,6,bid,,,13111447
2026-06-30T04:35:54.021304,2026-06-29T18:35:54.807215+00:00,112.5,50,ask,,,13111469
2026-06-30T04:35:56.127044,2026-06-29T18:35:56.917865+00:00,112.4,4,ask,,,13111502
2026-06-30T04:35:56.127044,2026-06-29T18:35:56.917865+00:00,112.4,46,ask,,,13111503
2026-06-30T04:35:57.403639,2026-06-29T18:35:58.187446+00:00,112.6,41,bid,,,13111526
2026-06-30T04:35:58.234422,2026-06-29T18:35:59.024846+00:00,112.4,3,ask,,,13111534
2026-06-30T04:35:58.234422,2026-06-29T18:35:59.024846+00:00,112.2,47,ask,,,13111535
2026-06-30T04:35:59.370354,2026-06-29T18:36:00.152221+00:00,112.6,48,bid,,,13111557
2026-06-30T04:35:59.858261,2026-06-29T18:36:00.641451+00:00,112.2,42,ask,,,13111562
2026-06-30T04:36:00.289966,2026-06-29T18:36:01.077972+00:00,112.6,50,bid,,,13111576
2026-06-30T04:36:00.848638,2026-06-29T18:36:01.634296+00:00,112.4,6,ask,,,13111584
2026-06-30T04:36:00.848638,2026-06-29T18:36:01.634296+00:00,112.2,42,ask,,,13111585
2026-06-30T04:36:01.465048,2026-06-29T18:36:02.246525+00:00,112.4,5,ask,,,13111602
2026-06-30T04:36:01.465048,2026-06-29T18:36:02.257587+00:00,112.1,36,ask,,,13111603
2026-06-30T04:36:01.469868,2026-06-29T18:36:02.257587+00:00,112.1,64,ask,,,13111604
2026-06-30T04:36:02.395621,2026-06-29T18:36:03.180005+00:00,112.1,50,bid,,,13111626
2026-06-30T04:36:03.992352,2026-06-29T18:36:04.777916+00:00,112.1,36,bid,,,13111660
2026-06-30T04:36:03.992352,2026-06-29T18:36:04.777916+00:00,112.4,11,bid,,,13111661
2026-06-30T04:36:04.552270,2026-06-29T18:36:05.342215+00:00,111.9,50,ask,,,13111679
2026-06-30T04:36:05.609704,2026-06-29T18:36:06.393340+00:00,112.1,47,bid,,,13111694
2026-06-30T04:36:05.966279,2026-06-29T18:36:06.751262+00:00,112.1,1,bid,,,13111698
2026-06-30T04:36:06.608356,2026-06-29T18:36:07.393058+00:00,112.1,50,bid,,,13111719
2026-06-30T04:36:06.780239,2026-06-29T18:36:07.567200+00:00,112.1,2,bid,,,13111722
2026-06-30T04:36:08.080084,2026-06-29T18:36:08.861252+00:00,112.4,41,bid,,,13111738
2026-06-30T04:36:08.765996,2026-06-29T18:36:09.557363+00:00,112.3,50,ask,,,13111754
2026-06-30T04:36:10.825179,2026-06-29T18:36:11.614264+00:00,112.4,50,bid,,,13111800
2026-06-30T04:36:10.901809,2026-06-29T18:36:11.688796+00:00,112.5,5,bid,,,13111801
2026-06-30T04:36:10.959845,2026-06-29T18:36:11.744160+00:00,112.6,5,ask,,,13111806
2026-06-30T04:36:11.996350,2026-06-29T18:36:12.786181+00:00,112.6,41,ask,,,13111822
2026-06-30T04:36:12.184751,2026-06-29T18:36:12.968943+00:00,112.6,25,ask,,,13111825
2026-06-30T04:36:12.194498,2026-06-29T18:36:12.980024+00:00,112.6,25,ask,,,13111827
2026-06-30T04:36:12.397026,2026-06-29T18:36:13.187364+00:00,112.6,25,ask,,,13111832
2026-06-30T04:36:12.405095,2026-06-29T18:36:13.187364+00:00,112.6,24,ask,,,13111834
2026-06-30T04:36:12.931399,2026-06-29T18:36:13.719948+00:00,112.7,50,bid,,,13111848
2026-06-30T04:36:13.557280,2026-06-29T18:36:14.338703+00:00,112.2,43,ask,,,13111861
2026-06-30T04:36:15.036120,2026-06-29T18:36:15.820814+00:00,112.4,50,bid,,,13111880
2026-06-30T04:36:17.180207,2026-06-29T18:36:17.971148+00:00,112.4,49,bid,,,13111917
2026-06-30T04:36:17.195200,2026-06-29T18:36:17.982211+00:00,112.0,50,ask,,,13111918
2026-06-30T04:36:19.234320,2026-06-29T18:36:20.014966+00:00,112.1,42,bid,,,13111957
2026-06-30T04:36:19.250549,2026-06-29T18:36:20.037100+00:00,112.1,50,bid,,,13111958
2026-06-30T04:36:21.356994,2026-06-29T18:36:22.147320+00:00,112.4,50,bid,,,13111998
2026-06-30T04:36:22.500288,2026-06-29T18:36:23.287697+00:00,112.0,42,ask,,,13112015
2026-06-30T04:36:23.479229,2026-06-29T18:36:24.274361+00:00,112.0,48,ask,,,13112035
2026-06-30T04:36:25.486407,2026-06-29T18:36:26.274619+00:00,111.9,43,ask,,,13112072
2026-06-30T04:36:25.578295,2026-06-29T18:36:26.373301+00:00,112.2,50,bid,,,13112073
2026-06-30T04:36:29.798362,2026-06-29T18:36:30.583197+00:00,112.1,50,bid,,,13112135
2026-06-30T04:36:30.299900,2026-06-29T18:36:31.084391+00:00,112.1,41,bid,,,13112144
2026-06-30T04:36:30.788846,2026-06-29T18:36:31.574146+00:00,112.0,49,ask,,,13112153
2026-06-30T04:36:31.920688,2026-06-29T18:36:32.705196+00:00,112.3,5,bid,,,13112179
2026-06-30T04:36:31.920688,2026-06-29T18:36:32.705196+00:00,112.5,45,bid,,,13112180
2026-06-30T04:36:33.272537,2026-06-29T18:36:34.064416+00:00,112.3,5,bid,,,13112215
2026-06-30T04:36:33.272537,2026-06-29T18:36:34.064416+00:00,112.4,39,bid,,,13112216
2026-06-30T04:36:34.072644,2026-06-29T18:36:34.856301+00:00,112.4,50,bid,,,13112225
2026-06-30T04:36:35.541284,2026-06-29T18:36:36.332154+00:00,112.2,47,ask,,,13112256
2026-06-30T04:36:36.188305,2026-06-29T18:36:36.975463+00:00,112.7,50,bid,,,13112269
2026-06-30T04:36:36.250183,2026-06-29T18:36:37.039923+00:00,112.5,25,ask,,,13112271
2026-06-30T04:36:36.255708,2026-06-29T18:36:37.039923+00:00,112.5,25,ask,,,13112272
2026-06-30T04:36:36.473128,2026-06-29T18:36:37.257388+00:00,112.5,25,ask,,,13112275
2026-06-30T04:36:36.473267,2026-06-29T18:36:37.257388+00:00,112.5,25,ask,,,13112276
2026-06-30T04:36:36.681618,2026-06-29T18:36:37.464295+00:00,112.5,25,ask,,,13112286
2026-06-30T04:36:36.683941,2026-06-29T18:36:37.475357+00:00,112.5,25,ask,,,13112287
2026-06-30T04:36:37.534172,2026-06-29T18:36:38.324038+00:00,112.8,49,bid,,,13112294
2026-06-30T04:36:38.293021,2026-06-29T18:36:39.083346+00:00,112.4,2,bid,,,13112305
2026-06-30T04:36:38.293021,2026-06-29T18:36:39.083346+00:00,112.8,48,bid,,,13112306
2026-06-30T04:36:38.633399,2026-06-29T18:36:39.422056+00:00,112.4,2,bid,,,13112319
2026-06-30T04:36:38.633399,2026-06-29T18:36:39.422056+00:00,112.8,3,bid,,,13112320
2026-06-30T04:36:39.427124,2026-06-29T18:36:40.218273+00:00,112.3,100,ask,,,13112327
2026-06-30T04:36:40.157330,2026-06-29T18:36:40.946645+00:00,112.1,5,ask,,,13112344
2026-06-30T04:36:40.401769,2026-06-29T18:36:41.184311+00:00,112.3,50,bid,,,13112353
2026-06-30T04:36:41.088281,2026-06-29T18:36:41.877947+00:00,112.7,45,bid,,,13112367
2026-06-30T04:36:41.143691,2026-06-29T18:36:41.932822+00:00,112.2,45,ask,,,13112372
2026-06-30T04:36:42.589633,2026-06-29T18:36:43.373147+00:00,112.3,50,ask,,,13112389
2026-06-30T04:36:42.700445,2026-06-29T18:36:43.481877+00:00,112.3,25,ask,,,13112391
2026-06-30T04:36:42.704391,2026-06-29T18:36:43.492932+00:00,112.3,25,ask,,,13112392
2026-06-30T04:36:42.912179,2026-06-29T18:36:43.698857+00:00,112.3,25,ask,,,13112397
2026-06-30T04:36:42.915935,2026-06-29T18:36:43.698857+00:00,112.3,25,ask,,,13112398
2026-06-30T04:36:44.696439,2026-06-29T18:36:45.487293+00:00,112.1,4,ask,,,13112426
2026-06-30T04:36:44.696439,2026-06-29T18:36:45.487293+00:00,112.1,46,ask,,,13112427
2026-06-30T04:36:46.804103,2026-06-29T18:36:47.596013+00:00,112.1,5,ask,,,13112472
2026-06-30T04:36:46.804103,2026-06-29T18:36:47.596013+00:00,112.1,45,ask,,,13112473
2026-06-30T04:36:48.461149,2026-06-29T18:36:49.247623+00:00,112.3,48,bid,,,13112511
2026-06-30T04:36:48.910246,2026-06-29T18:36:49.694770+00:00,112.1,50,ask,,,13112529
2026-06-30T04:36:49.939435,2026-06-29T18:36:50.731124+00:00,112.1,6,ask,,,13112551
2026-06-30T04:36:50.504991,2026-06-29T18:36:51.286333+00:00,112.1,40,bid,,,13112563
2026-06-30T04:36:50.620721,2026-06-29T18:36:51.406166+00:00,112.1,7,bid,,,13112565
2026-06-30T04:36:51.016386,2026-06-29T18:36:51.798330+00:00,112.0,50,ask,,,13112577
2026-06-30T04:36:51.319593,2026-06-29T18:36:52.103422+00:00,112.1,7,bid,,,13112582
2026-06-30T04:36:53.125242,2026-06-29T18:36:53.908054+00:00,112.0,5,ask,,,13112616
2026-06-30T04:36:53.125242,2026-06-29T18:36:53.908054+00:00,111.8,45,ask,,,13112617
2026-06-30T04:36:54.665404,2026-06-29T18:36:55.452009+00:00,112.0,6,ask,,,13112652
2026-06-30T04:36:54.665404,2026-06-29T18:36:55.452009+00:00,111.8,41,ask,,,13112653
2026-06-30T04:36:55.243842,2026-06-29T18:36:56.028907+00:00,111.8,14,ask,,,13112669
2026-06-30T04:36:55.243842,2026-06-29T18:36:56.028907+00:00,111.7,36,ask,,,13112670
2026-06-30T04:36:55.592168,2026-06-29T18:36:56.377778+00:00,111.7,42,ask,,,13112677
2026-06-30T04:36:56.354950,2026-06-29T18:36:57.138358+00:00,112.0,25,bid,,,13112693
2026-06-30T04:36:56.358641,2026-06-29T18:36:57.148936+00:00,112.0,25,bid,,,13112694
2026-06-30T04:36:56.565895,2026-06-29T18:36:57.357584+00:00,112.0,25,bid,,,13112698
2026-06-30T04:36:56.568372,2026-06-29T18:36:57.357584+00:00,112.0,25,bid,,,13112699
2026-06-30T04:36:57.350873,2026-06-29T18:36:58.135575+00:00,111.7,50,ask,,,13112717
2026-06-30T04:36:58.407867,2026-06-29T18:36:59.198074+00:00,111.9,3,ask,,,13112731
2026-06-30T04:36:58.581022,2026-06-29T18:36:59.372434+00:00,111.6,25,bid,,,13112738
2026-06-30T04:36:58.587121,2026-06-29T18:36:59.372434+00:00,111.6,25,bid,,,13112739
2026-06-30T04:36:58.796149,2026-06-29T18:36:59.587677+00:00,111.6,25,bid,,,13112742
2026-06-30T04:36:58.798518,2026-06-29T18:36:59.587677+00:00,111.6,25,bid,,,13112743
2026-06-30T04:36:59.007187,2026-06-29T18:36:59.788181+00:00,111.6,25,bid,,,13112747
2026-06-30T04:36:59.012306,2026-06-29T18:36:59.800182+00:00,111.6,22,bid,,,13112749
2026-06-30T04:36:59.461325,2026-06-29T18:37:00.251709+00:00,111.6,50,ask,,,13112760
2026-06-30T04:37:01.570031,2026-06-29T18:37:02.353490+00:00,111.6,50,ask,,,13112797
2026-06-30T04:37:02.623196,2026-06-29T18:37:03.409141+00:00,111.8,25,bid,,,13112820
2026-06-30T04:37:02.638350,2026-06-29T18:37:03.420141+00:00,111.8,25,bid,,,13112822
2026-06-30T04:37:02.833017,2026-06-29T18:37:03.618232+00:00,111.8,25,bid,,,13112824
2026-06-30T04:37:02.847597,2026-06-29T18:37:03.629232+00:00,111.8,25,bid,,,13112826
2026-06-30T04:37:03.680940,2026-06-29T18:37:04.462983+00:00,111.6,50,ask,,,13112837
2026-06-30T04:37:03.717545,2026-06-29T18:37:04.506983+00:00,112.1,2,bid,,,13112840
2026-06-30T04:37:03.717545,2026-06-29T18:37:04.506983+00:00,112.1,40,bid,,,13112841
2026-06-30T04:37:05.788266,2026-06-29T18:37:06.573198+00:00,111.9,50,ask,,,13112881
2026-06-30T04:37:06.865858,2026-06-29T18:37:07.650760+00:00,112.1,3,bid,,,13112899
2026-06-30T04:37:07.894937,2026-06-29T18:37:08.683957+00:00,111.9,50,ask,,,13112917
2026-06-30T04:37:10.002450,2026-06-29T18:37:10.792948+00:00,111.7,50,ask,,,13112961
2026-06-30T04:37:11.370336,2026-06-29T18:37:12.158047+00:00,111.7,40,ask,,,13112985
2026-06-30T04:37:12.108166,2026-06-29T18:37:12.893993+00:00,111.7,50,ask,,,13113004
2026-06-30T04:37:14.035621,2026-06-29T18:37:14.827672+00:00,112.1,4,bid,,,13113041
2026-06-30T04:37:14.035621,2026-06-29T18:37:14.827672+00:00,112.2,38,bid,,,13113042
2026-06-30T04:37:14.214644,2026-06-29T18:37:15.003349+00:00,111.7,50,ask,,,13113046
2026-06-30T04:37:16.076304,2026-06-29T18:37:16.862524+00:00,111.7,49,ask,,,13113078
2026-06-30T04:37:16.270184,2026-06-29T18:37:17.060203+00:00,111.9,50,bid,,,13113080
2026-06-30T04:37:18.286998,2026-06-29T18:37:19.069916+00:00,111.9,49,bid,,,13113100
2026-06-30T04:37:18.376333,2026-06-29T18:37:19.158028+00:00,112.0,50,bid,,,13113103
2026-06-30T04:37:20.483924,2026-06-29T18:37:21.268027+00:00,112.2,50,bid,,,13113131
2026-06-30T04:37:22.639303,2026-06-29T18:37:23.556499+00:00,112.2,50,ask,,,13113159
2026-06-30T04:37:23.755855,2026-06-29T18:37:24.546462+00:00,112.2,49,ask,,,13113174
2026-06-30T04:37:26.801139,2026-06-29T18:37:27.591051+00:00,112.4,50,bid,,,13113225
2026-06-30T04:37:30.091977,2026-06-29T18:37:30.876152+00:00,112.4,1,bid,,,13113281
2026-06-30T04:37:31.069910,2026-06-29T18:37:31.855160+00:00,112.5,40,bid,,,13113293
2026-06-30T04:37:31.082043,2026-06-29T18:37:31.866160+00:00,112.0,50,ask,,,13113294
2026-06-30T04:37:35.241403,2026-06-29T18:37:36.032729+00:00,112.4,50,bid,,,13113362
2026-06-30T04:37:39.459023,2026-06-29T18:37:40.241124+00:00,112.2,50,bid,,,13113448
2026-06-30T04:37:39.769705,2026-06-29T18:37:40.560427+00:00,112.0,5,ask,,,13113456
2026-06-30T04:37:39.769705,2026-06-29T18:37:40.560427+00:00,111.9,42,ask,,,13113457
2026-06-30T04:37:41.565084,2026-06-29T18:37:42.352850+00:00,112.4,1,bid,,,13113489
2026-06-30T04:37:41.565084,2026-06-29T18:37:42.352850+00:00,112.4,49,bid,,,13113490
2026-06-30T04:37:42.509714,2026-06-29T18:37:43.297473+00:00,112.4,48,bid,,,13113501
2026-06-30T04:37:44.710863,2026-06-29T18:37:45.497076+00:00,112.2,46,ask,,,13113538
2026-06-30T04:37:45.856115,2026-06-29T18:37:46.640929+00:00,112.0,1,ask,,,13113551
2026-06-30T04:37:45.856115,2026-06-29T18:37:46.651929+00:00,112.0,49,ask,,,13113552
2026-06-30T04:37:47.990258,2026-06-29T18:37:48.774843+00:00,112.1,50,ask,,,13113591
2026-06-30T04:37:49.057681,2026-06-29T18:37:49.840596+00:00,112.2,49,bid,,,13113605
2026-06-30T04:37:50.045052,2026-06-29T18:37:50.829812+00:00,112.2,50,bid,,,13113627
2026-06-30T04:37:51.699946,2026-06-29T18:37:52.488933+00:00,112.2,49,bid,,,13113664
2026-06-30T04:37:52.114702,2026-06-29T18:37:52.906573+00:00,112.2,100,bid,,,13113670
2026-06-30T04:37:52.114702,2026-06-29T18:37:52.906573+00:00,112.3,4,bid,,,13113671
2026-06-30T04:37:52.216605,2026-06-29T18:37:53.005142+00:00,112.4,46,ask,,,13113673
2026-06-30T04:37:54.262146,2026-06-29T18:37:55.051585+00:00,112.6,50,bid,,,13113712
2026-06-30T04:37:55.329461,2026-06-29T18:37:56.117521+00:00,112.1,100,ask,,,13113734
2026-06-30T04:37:56.374480,2026-06-29T18:37:57.163084+00:00,112.0,50,bid,,,13113752
2026-06-30T04:37:57.728221,2026-06-29T18:37:58.516259+00:00,112.2,40,bid,,,13113783
2026-06-30T04:37:58.440417,2026-06-29T18:37:59.230719+00:00,112.2,60,bid,,,13113795
2026-06-30T04:37:58.490579,2026-06-29T18:37:59.274778+00:00,112.4,5,bid,,,13113797
2026-06-30T04:37:58.815904,2026-06-29T18:37:59.605027+00:00,112.3,49,ask,,,13113804
2026-06-30T04:37:58.949177,2026-06-29T18:37:59.736380+00:00,112.3,25,ask,,,13113810
2026-06-30T04:37:58.967580,2026-06-29T18:37:59.758379+00:00,112.3,16,ask,,,13113812
2026-06-30T04:37:59.390967,2026-06-29T18:38:00.176871+00:00,112.0,1,ask,,,13113823
2026-06-30T04:37:59.390967,2026-06-29T18:38:00.176871+00:00,111.7,40,ask,,,13113824
2026-06-30T04:38:00.597691,2026-06-29T18:38:01.385818+00:00,112.3,5,bid,,,13113850
2026-06-30T04:38:00.597691,2026-06-29T18:38:01.385818+00:00,112.4,45,bid,,,13113851
2026-06-30T04:38:01.654282,2026-06-29T18:38:02.441593+00:00,112.0,1,ask,,,13113868
2026-06-30T04:38:01.654282,2026-06-29T18:38:02.441593+00:00,111.9,100,ask,,,13113869
2026-06-30T04:38:01.770539,2026-06-29T18:38:02.562775+00:00,111.9,25,bid,,,13113872
2026-06-30T04:38:01.810087,2026-06-29T18:38:02.595775+00:00,111.9,16,bid,,,13113874
2026-06-30T04:38:02.110318,2026-06-29T18:38:02.892045+00:00,111.9,1,bid,,,13113877
2026-06-30T04:38:02.645917,2026-06-29T18:38:03.430821+00:00,111.9,7,bid,,,13113894
2026-06-30T04:38:02.645917,2026-06-29T18:38:03.430821+00:00,112.3,4,bid,,,13113895
2026-06-30T04:38:02.645917,2026-06-29T18:38:03.441821+00:00,112.4,31,bid,,,13113896
2026-06-30T04:38:03.327469,2026-06-29T18:38:04.113190+00:00,111.9,41,bid,,,13113902
2026-06-30T04:38:04.438611,2026-06-29T18:38:05.222428+00:00,111.9,1,bid,,,13113923
2026-06-30T04:38:04.770531,2026-06-29T18:38:05.563799+00:00,111.9,58,bid,,,13113928
2026-06-30T04:38:04.867309,2026-06-29T18:38:05.651863+00:00,112.1,44,ask,,,13113933
2026-06-30T04:38:04.980803,2026-06-29T18:38:05.772916+00:00,112.1,25,ask,,,13113936
2026-06-30T04:38:05.020484,2026-06-29T18:38:05.816916+00:00,112.1,23,ask,,,13113938
2026-06-30T04:38:06.929759,2026-06-29T18:38:07.717706+00:00,112.3,4,bid,,,13113969
2026-06-30T04:38:08.009548,2026-06-29T18:38:08.795996+00:00,111.9,1,ask,,,13113982
2026-06-30T04:38:08.009548,2026-06-29T18:38:08.795996+00:00,111.9,100,ask,,,13113983
2026-06-30T04:38:08.037812,2026-06-29T18:38:08.829051+00:00,111.7,3,bid,,,13113984
2026-06-30T04:38:08.046297,2026-06-29T18:38:08.840051+00:00,111.7,23,bid,,,13113986
2026-06-30T04:38:08.201002,2026-06-29T18:38:08.994051+00:00,111.7,23,bid,,,13113990
2026-06-30T04:38:08.553191,2026-06-29T18:38:09.335258+00:00,111.9,3,ask,,,13113999
2026-06-30T04:38:09.006377,2026-06-29T18:38:09.796954+00:00,111.9,3,ask,,,13114007
2026-06-30T04:38:09.494309,2026-06-29T18:38:10.279998+00:00,111.8,3,bid,,,13114022
2026-06-30T04:38:11.123011,2026-06-29T18:38:11.906721+00:00,111.8,97,bid,,,13114065
2026-06-30T04:38:11.214122,2026-06-29T18:38:12.005791+00:00,111.8,50,ask,,,13114068
2026-06-30T04:38:12.220505,2026-06-29T18:38:13.007857+00:00,112.0,25,ask,,,13114101
2026-06-30T04:38:12.258763,2026-06-29T18:38:13.040858+00:00,112.0,25,ask,,,13114103
2026-06-30T04:38:12.430194,2026-06-29T18:38:13.216912+00:00,112.0,24,ask,,,13114109
2026-06-30T04:38:12.840963,2026-06-29T18:38:13.624341+00:00,112.0,25,ask,,,13114111
2026-06-30T04:38:12.868599,2026-06-29T18:38:13.657341+00:00,112.0,1,ask,,,13114113
2026-06-30T04:38:12.877081,2026-06-29T18:38:13.668341+00:00,111.8,2,ask,,,13114115
2026-06-30T04:38:13.083070,2026-06-29T18:38:13.876613+00:00,111.8,1,ask,,,13114122
2026-06-30T04:38:14.458531,2026-06-29T18:38:15.239863+00:00,111.7,25,bid,,,13114152
2026-06-30T04:38:14.533132,2026-06-29T18:38:15.317047+00:00,111.7,25,bid,,,13114154
2026-06-30T04:38:14.667874,2026-06-29T18:38:15.460099+00:00,111.7,25,bid,,,13114160
2026-06-30T04:38:14.709407,2026-06-29T18:38:15.493099+00:00,111.7,3,bid,,,13114161
2026-06-30T04:38:14.772853,2026-06-29T18:38:15.559099+00:00,111.7,4,bid,,,13114165
2026-06-30T04:38:14.880376,2026-06-29T18:38:15.669099+00:00,111.7,25,bid,,,13114170
2026-06-30T04:38:15.424567,2026-06-29T18:38:16.208097+00:00,111.5,50,ask,,,13114187
2026-06-30T04:38:17.530419,2026-06-29T18:38:18.319124+00:00,111.5,50,ask,,,13114229
2026-06-30T04:38:17.991323,2026-06-29T18:38:18.781001+00:00,112.0,2,bid,,,13114231
2026-06-30T04:38:17.991323,2026-06-29T18:38:18.781001+00:00,112.0,40,bid,,,13114232
2026-06-30T04:38:19.637421,2026-06-29T18:38:20.429669+00:00,111.6,5,ask,,,13114266
2026-06-30T04:38:19.637421,2026-06-29T18:38:20.429669+00:00,111.5,45,ask,,,13114267
2026-06-30T04:38:21.735995,2026-06-29T18:38:22.527919+00:00,111.6,5,ask,,,13114294
2026-06-30T04:38:21.859841,2026-06-29T18:38:22.648056+00:00,111.5,4,bid,,,13114298
2026-06-30T04:38:22.482038,2026-06-29T18:38:23.264066+00:00,111.2,41,ask,,,13114321
2026-06-30T04:38:23.667931,2026-06-29T18:38:24.452383+00:00,111.2,41,ask,,,13114349
2026-06-30T04:38:23.838451,2026-06-29T18:38:24.628500+00:00,111.0,100,ask,,,13114354
2026-06-30T04:38:25.900506,2026-06-29T18:38:26.692812+00:00,111.0,50,bid,,,13114386
2026-06-30T04:38:26.746547,2026-06-29T18:38:27.528431+00:00,111.2,1,bid,,,13114397
2026-06-30T04:38:26.945796,2026-06-29T18:38:27.735813+00:00,111.2,99,bid,,,13114398
2026-06-30T04:38:27.143359,2026-06-29T18:38:27.933871+00:00,111.6,5,bid,,,13114399
2026-06-30T04:38:27.143359,2026-06-29T18:38:27.933871+00:00,111.8,41,bid,,,13114400
2026-06-30T04:38:28.006423,2026-06-29T18:38:28.791734+00:00,111.6,5,bid,,,13114413
2026-06-30T04:38:28.006423,2026-06-29T18:38:28.791734+00:00,111.8,45,bid,,,13114414
2026-06-30T04:38:28.192640,2026-06-29T18:38:28.978134+00:00,111.5,46,bid,,,13114419
2026-06-30T04:38:30.164367,2026-06-29T18:38:30.947964+00:00,111.0,50,ask,,,13114449
2026-06-30T04:38:31.760840,2026-06-29T18:38:32.552867+00:00,111.0,42,ask,,,13114474
2026-06-30T04:38:32.337353,2026-06-29T18:38:33.124357+00:00,111.0,42,ask,,,13114483
2026-06-30T04:38:32.566243,2026-06-29T18:38:33.354697+00:00,111.2,1,bid,,,13114487
2026-06-30T04:38:32.937502,2026-06-29T18:38:33.728150+00:00,111.2,43,bid,,,13114495
2026-06-30T04:38:33.964747,2026-06-29T18:38:34.750355+00:00,110.8,45,ask,,,13114509
2026-06-30T04:38:34.323135,2026-06-29T18:38:35.112813+00:00,111.3,50,bid,,,13114514
2026-06-30T04:38:36.431495,2026-06-29T18:38:37.215412+00:00,111.4,50,bid,,,13114536
2026-06-30T04:38:38.537341,2026-06-29T18:38:39.327496+00:00,111.3,50,bid,,,13114578
2026-06-30T04:38:40.580457,2026-06-29T18:38:41.364011+00:00,111.5,5,bid,,,13114611
2026-06-30T04:38:40.580457,2026-06-29T18:38:41.375011+00:00,111.5,41,bid,,,13114612
2026-06-30T04:38:40.644368,2026-06-29T18:38:41.430068+00:00,111.5,50,bid,,,13114614
2026-06-30T04:38:41.966883,2026-06-29T18:38:42.749218+00:00,111.1,41,ask,,,13114634
2026-06-30T04:38:42.988882,2026-06-29T18:38:43.771541+00:00,111.3,25,ask,,,13114650
2026-06-30T04:38:43.063782,2026-06-29T18:38:43.848658+00:00,111.3,25,ask,,,13114652
2026-06-30T04:38:43.196652,2026-06-29T18:38:43.980658+00:00,111.3,25,ask,,,13114658
2026-06-30T04:38:43.271731,2026-06-29T18:38:44.057727+00:00,111.3,25,ask,,,13114660
2026-06-30T04:38:43.408051,2026-06-29T18:38:44.199942+00:00,111.3,25,ask,,,13114663
2026-06-30T04:38:43.481584,2026-06-29T18:38:44.265942+00:00,111.3,25,ask,,,13114665
2026-06-30T04:38:44.905297,2026-06-29T18:38:45.696435+00:00,111.1,1,ask,,,13114685
2026-06-30T04:38:44.905297,2026-06-29T18:38:45.696435+00:00,110.8,49,ask,,,13114686
2026-06-30T04:38:46.166344,2026-06-29T18:38:46.949564+00:00,111.3,44,bid,,,13114712
2026-06-30T04:38:46.730375,2026-06-29T18:38:47.520949+00:00,111.3,41,bid,,,13114722
2026-06-30T04:38:47.013453,2026-06-29T18:38:47.795168+00:00,111.0,2,ask,,,13114723
2026-06-30T04:38:47.013453,2026-06-29T18:38:47.806168+00:00,111.0,48,ask,,,13114724
2026-06-30T04:38:49.079367,2026-06-29T18:38:49.869765+00:00,111.4,4,bid,,,13114749
2026-06-30T04:38:49.079367,2026-06-29T18:38:49.869765+00:00,111.5,46,bid,,,13114750
2026-06-30T04:38:50.421886,2026-06-29T18:38:51.210459+00:00,111.0,2,ask,,,13114784
2026-06-30T04:38:50.421886,2026-06-29T18:38:51.210459+00:00,110.9,38,ask,,,13114785
2026-06-30T04:38:51.041165,2026-06-29T18:38:51.826816+00:00,110.9,41,ask,,,13114803
2026-06-30T04:38:51.186518,2026-06-29T18:38:51.969955+00:00,111.2,50,bid,,,13114808
2026-06-30T04:38:53.307227,2026-06-29T18:38:54.091263+00:00,111.1,50,bid,,,13114846
2026-06-30T04:38:53.368782,2026-06-29T18:38:54.168316+00:00,111.0,3,ask,,,13114849
2026-06-30T04:38:54.181800,2026-06-29T18:38:54.970621+00:00,111.0,48,bid,,,13114873
2026-06-30T04:38:55.416318,2026-06-29T18:38:56.202078+00:00,111.0,49,bid,,,13114895
2026-06-30T04:38:57.551810,2026-06-29T18:38:58.335627+00:00,111.3,50,bid,,,13114939
2026-06-30T04:38:59.666045,2026-06-29T18:39:00.453447+00:00,111.3,50,bid,,,13114970
2026-06-30T04:38:59.745219,2026-06-29T18:39:00.530446+00:00,110.9,6,ask,,,13114973
2026-06-30T04:38:59.745219,2026-06-29T18:39:00.530446+00:00,110.9,42,ask,,,13114974
2026-06-30T04:39:00.792237,2026-06-29T18:39:01.575713+00:00,111.3,48,bid,,,13114991
2026-06-30T04:39:01.787505,2026-06-29T18:39:02.577469+00:00,111.4,50,bid,,,13115006
2026-06-30T04:39:01.849710,2026-06-29T18:39:02.632470+00:00,111.3,25,ask,,,13115011
2026-06-30T04:39:01.853165,2026-06-29T18:39:02.643469+00:00,111.3,42,ask,,,13115012
2026-06-30T04:39:01.924654,2026-06-29T18:39:02.709469+00:00,111.3,25,ask,,,13115014
2026-06-30T04:39:02.060093,2026-06-29T18:39:02.841589+00:00,111.3,25,ask,,,13115018
2026-06-30T04:39:02.134752,2026-06-29T18:39:02.918704+00:00,111.3,25,ask,,,13115020
2026-06-30T04:39:02.270281,2026-06-29T18:39:03.061391+00:00,111.3,8,ask,,,13115023
2026-06-30T04:39:02.316427,2026-06-29T18:39:03.105391+00:00,111.4,43,bid,,,13115027
2026-06-30T04:39:02.924103,2026-06-29T18:39:03.708593+00:00,110.9,43,ask,,,13115049
2026-06-30T04:39:03.570322,2026-06-29T18:39:04.356426+00:00,111.2,5,bid,,,13115059
2026-06-30T04:39:03.893173,2026-06-29T18:39:04.675586+00:00,111.4,50,bid,,,13115070
2026-06-30T04:39:04.910261,2026-06-29T18:39:05.698742+00:00,110.9,46,ask,,,13115096
2026-06-30T04:39:05.515689,2026-06-29T18:39:06.304163+00:00,111.1,48,bid,,,13115106
2026-06-30T04:39:06.001114,2026-06-29T18:39:06.788678+00:00,111.1,50,bid,,,13115111
2026-06-30T04:39:08.107759,2026-06-29T18:39:08.899820+00:00,111.4,50,bid,,,13115151
2026-06-30T04:39:08.493160,2026-06-29T18:39:09.285207+00:00,111.0,25,ask,,,13115161
2026-06-30T04:39:08.503142,2026-06-29T18:39:09.285207+00:00,111.0,41,ask,,,13115163
2026-06-30T04:39:08.557140,2026-06-29T18:39:09.349887+00:00,111.0,25,ask,,,13115165
2026-06-30T04:39:08.702051,2026-06-29T18:39:09.492950+00:00,111.0,25,ask,,,13115172
2026-06-30T04:39:08.771178,2026-06-29T18:39:09.559070+00:00,111.0,25,ask,,,13115174
2026-06-30T04:39:08.911619,2026-06-29T18:39:09.702203+00:00,111.0,9,ask,,,13115178
2026-06-30T04:39:09.180833,2026-06-29T18:39:09.966625+00:00,111.0,25,ask,,,13115184
2026-06-30T04:39:09.556202,2026-06-29T18:39:10.340604+00:00,111.0,49,ask,,,13115196
2026-06-30T04:39:10.214393,2026-06-29T18:39:11.001097+00:00,111.5,50,bid,,,13115206
2026-06-30T04:39:11.271680,2026-06-29T18:39:12.057479+00:00,111.0,26,ask,,,13115223
2026-06-30T04:39:12.323624,2026-06-29T18:39:13.114262+00:00,111.0,50,bid,,,13115255
2026-06-30T04:39:13.330119,2026-06-29T18:39:14.115667+00:00,110.9,4,ask,,,13115272
2026-06-30T04:39:14.516752,2026-06-29T18:39:15.301980+00:00,111.1,43,bid,,,13115292
2026-06-30T04:39:14.985939,2026-06-29T18:39:15.775363+00:00,110.9,3,ask,,,13115296
2026-06-30T04:39:16.456433,2026-06-29T18:39:17.247732+00:00,111.1,42,bid,,,13115332
2026-06-30T04:39:16.543845,2026-06-29T18:39:17.335731+00:00,110.8,1,ask,,,13115336
2026-06-30T04:39:16.609080,2026-06-29T18:39:17.400808+00:00,110.6,50,ask,,,13115341
2026-06-30T04:39:18.555984,2026-06-29T18:39:19.345427+00:00,111.2,2,bid,,,13115369
2026-06-30T04:39:18.555984,2026-06-29T18:39:19.345427+00:00,111.3,46,bid,,,13115370
2026-06-30T04:39:18.714610,2026-06-29T18:39:19.499606+00:00,110.8,50,ask,,,13115374
2026-06-30T04:39:20.820576,2026-06-29T18:39:21.607518+00:00,110.9,50,ask,,,13115423
2026-06-30T04:39:22.683253,2026-06-29T18:39:23.466184+00:00,110.9,43,ask,,,13115465
2026-06-30T04:39:22.926511,2026-06-29T18:39:23.708293+00:00,110.9,50,ask,,,13115476
2026-06-30T04:39:23.916957,2026-06-29T18:39:24.699195+00:00,110.8,100,ask,,,13115499
2026-06-30T04:39:24.706765,2026-06-29T18:39:25.489101+00:00,110.7,44,bid,,,13115505
2026-06-30T04:39:25.033329,2026-06-29T18:39:25.819483+00:00,110.2,50,ask,,,13115513
2026-06-30T04:39:26.671520,2026-06-29T18:39:27.458117+00:00,110.7,6,bid,,,13115545
2026-06-30T04:39:26.671520,2026-06-29T18:39:27.458117+00:00,110.7,37,bid,,,13115546
2026-06-30T04:39:27.025466,2026-06-29T18:39:27.808531+00:00,110.7,63,bid,,,13115547
2026-06-30T04:39:27.138628,2026-06-29T18:39:27.929531+00:00,110.7,50,ask,,,13115550
2026-06-30T04:39:27.325124,2026-06-29T18:39:28.114983+00:00,110.7,37,ask,,,13115556
2026-06-30T04:39:27.325124,2026-06-29T18:39:28.114983+00:00,110.2,10,ask,,,13115557
2026-06-30T04:39:28.791228,2026-06-29T18:39:29.578321+00:00,110.7,1,ask,,,13115581
2026-06-30T04:39:28.791228,2026-06-29T18:39:29.578321+00:00,110.6,45,ask,,,13115582
2026-06-30T04:39:29.249725,2026-06-29T18:39:30.040144+00:00,110.7,1,ask,,,13115586
2026-06-30T04:39:29.249725,2026-06-29T18:39:30.040144+00:00,110.6,49,ask,,,13115587
2026-06-30T04:39:29.807808,2026-06-29T18:39:30.590789+00:00,111.1,5,bid,,,13115600
2026-06-30T04:39:29.807808,2026-06-29T18:39:30.601851+00:00,111.1,40,bid,,,13115601
2026-06-30T04:39:30.311810,2026-06-29T18:39:31.096350+00:00,110.6,6,ask,,,13115609
2026-06-30T04:39:30.311810,2026-06-29T18:39:31.096350+00:00,110.6,1,ask,,,13115610
2026-06-30T04:39:30.311810,2026-06-29T18:39:31.096350+00:00,110.2,37,ask,,,13115611
2026-06-30T04:39:30.381531,2026-06-29T18:39:31.173350+00:00,110.7,25,bid,,,13115614
2026-06-30T04:39:30.434143,2026-06-29T18:39:31.217350+00:00,110.7,25,bid,,,13115618
2026-06-30T04:39:30.598297,2026-06-29T18:39:31.382548+00:00,110.7,25,bid,,,13115624
2026-06-30T04:39:30.647937,2026-06-29T18:39:31.448548+00:00,110.7,25,bid,,,13115628
2026-06-30T04:39:30.808329,2026-06-29T18:39:31.591704+00:00,110.7,25,bid,,,13115632
2026-06-30T04:39:30.857992,2026-06-29T18:39:31.646898+00:00,110.7,25,bid,,,13115636
2026-06-30T04:39:31.357755,2026-06-29T18:39:32.142255+00:00,110.6,3,ask,,,13115643
2026-06-30T04:39:31.357755,2026-06-29T18:39:32.142255+00:00,110.5,47,ask,,,13115644
2026-06-30T04:39:35.569708,2026-06-29T18:39:36.352890+00:00,110.6,4,ask,,,13115724
2026-06-30T04:39:35.569708,2026-06-29T18:39:36.363889+00:00,110.6,46,ask,,,13115725
2026-06-30T04:39:36.827433,2026-06-29T18:39:37.618864+00:00,110.9,25,bid,,,13115745
2026-06-30T04:39:36.877393,2026-06-29T18:39:37.662527+00:00,110.9,25,bid,,,13115749
2026-06-30T04:39:37.038395,2026-06-29T18:39:37.827721+00:00,110.9,25,bid,,,13115758
2026-06-30T04:39:37.089390,2026-06-29T18:39:37.871844+00:00,110.9,25,bid,,,13115761
2026-06-30T04:39:37.629280,2026-06-29T18:39:38.422222+00:00,111.0,1,bid,,,13115770
2026-06-30T04:39:37.629280,2026-06-29T18:39:38.422222+00:00,111.3,49,bid,,,13115771
2026-06-30T04:39:39.571347,2026-06-29T18:39:40.356069+00:00,111.3,41,bid,,,13115807
2026-06-30T04:39:39.787256,2026-06-29T18:39:40.576070+00:00,111.0,50,ask,,,13115813
2026-06-30T04:39:41.896277,2026-06-29T18:39:42.688967+00:00,111.0,50,ask,,,13115844
2026-06-30T04:39:43.986062,2026-06-29T18:39:44.768112+00:00,110.8,46,ask,,,13115877
2026-06-30T04:39:44.006214,2026-06-29T18:39:44.790162+00:00,110.8,50,ask,,,13115878
2026-06-30T04:39:46.111836,2026-06-29T18:39:46.900123+00:00,110.8,4,ask,,,13115924
2026-06-30T04:39:46.111836,2026-06-29T18:39:46.900123+00:00,110.6,2,ask,,,13115925
2026-06-30T04:39:46.111836,2026-06-29T18:39:46.900123+00:00,110.6,44,ask,,,13115926
2026-06-30T04:39:48.219767,2026-06-29T18:39:49.008868+00:00,110.6,50,ask,,,13115968
2026-06-30T04:39:49.270237,2026-06-29T18:39:50.052978+00:00,110.8,25,bid,,,13115987
2026-06-30T04:39:49.321160,2026-06-29T18:39:50.108036+00:00,110.8,25,bid,,,13115991
2026-06-30T04:39:49.479844,2026-06-29T18:39:50.262190+00:00,110.8,25,bid,,,13115994
2026-06-30T04:39:49.530644,2026-06-29T18:39:50.317375+00:00,110.8,25,bid,,,13115996
2026-06-30T04:39:49.740462,2026-06-29T18:39:50.526570+00:00,110.8,25,bid,,,13116000
2026-06-30T04:39:50.526790,2026-06-29T18:39:51.318107+00:00,110.8,25,bid,,,13116015
2026-06-30T04:39:50.526790,2026-06-29T18:39:51.318107+00:00,111.2,21,bid,,,13116016
2026-06-30T04:39:53.942727,2026-06-29T18:39:54.729964+00:00,111.3,45,bid,,,13116075
2026-06-30T04:39:54.490282,2026-06-29T18:39:55.279824+00:00,111.3,50,bid,,,13116084
2026-06-30T04:39:55.412965,2026-06-29T18:39:56.204206+00:00,111.0,41,ask,,,13116099
2026-06-30T04:39:56.597659,2026-06-29T18:39:57.391207+00:00,111.4,50,bid,,,13116131
2026-06-30T04:39:58.705053,2026-06-29T18:39:59.492216+00:00,111.6,50,bid,,,13116173
2026-06-30T04:40:00.703407,2026-06-29T18:40:01.490935+00:00,111.4,46,ask,,,13116225
2026-06-30T04:40:00.813040,2026-06-29T18:40:01.600935+00:00,111.7,50,bid,,,13116229
2026-06-30T04:40:01.758811,2026-06-29T18:40:02.547113+00:00,111.4,49,ask,,,13116239
2026-06-30T04:40:02.927662,2026-06-29T18:40:03.724116+00:00,111.7,50,bid,,,13116263
2026-06-30T04:40:03.714411,2026-06-29T18:40:04.504808+00:00,111.7,47,bid,,,13116284
2026-06-30T04:40:05.037459,2026-06-29T18:40:05.824250+00:00,111.7,3,bid,,,13116299
2026-06-30T04:40:05.037459,2026-06-29T18:40:05.824250+00:00,112.0,47,bid,,,13116300
2026-06-30T04:40:05.858811,2026-06-29T18:40:06.649374+00:00,111.5,42,ask,,,13116320
2026-06-30T04:40:06.369867,2026-06-29T18:40:07.153614+00:00,112.0,48,bid,,,13116325
2026-06-30T04:40:07.143720,2026-06-29T18:40:07.933395+00:00,112.0,50,bid,,,13116341
2026-06-30T04:40:08.131278,2026-06-29T18:40:08.913241+00:00,112.0,100,bid,,,13116353
2026-06-30T04:40:08.135052,2026-06-29T18:40:08.924242+00:00,112.0,4,ask,,,13116354
2026-06-30T04:40:08.317656,2026-06-29T18:40:09.111297+00:00,112.0,25,ask,,,13116355
2026-06-30T04:40:08.379127,2026-06-29T18:40:09.166297+00:00,112.0,21,ask,,,13116358
2026-06-30T04:40:08.592247,2026-06-29T18:40:09.375577+00:00,111.5,2,ask,,,13116369
2026-06-30T04:40:09.329974,2026-06-29T18:40:10.113135+00:00,111.8,8,ask,,,13116376
2026-06-30T04:40:09.398729,2026-06-29T18:40:10.190135+00:00,111.8,25,ask,,,13116379
2026-06-30T04:40:09.611825,2026-06-29T18:40:10.399377+00:00,111.8,25,ask,,,13116384
2026-06-30T04:40:09.740821,2026-06-29T18:40:10.531595+00:00,111.8,25,ask,,,13116391
2026-06-30T04:40:09.834174,2026-06-29T18:40:10.619594+00:00,111.8,17,ask,,,13116396
2026-06-30T04:40:11.411503,2026-06-29T18:40:12.193492+00:00,111.4,50,ask,,,13116421
2026-06-30T04:40:11.587455,2026-06-29T18:40:12.380602+00:00,111.4,42,ask,,,13116424
2026-06-30T04:40:13.526928,2026-06-29T18:40:14.314387+00:00,111.6,50,ask,,,13116462
2026-06-30T04:40:13.556936,2026-06-29T18:40:14.347387+00:00,111.6,25,ask,,,13116463
2026-06-30T04:40:13.672228,2026-06-29T18:40:14.457387+00:00,111.6,25,ask,,,13116467
2026-06-30T04:40:14.890510,2026-06-29T18:40:15.677367+00:00,111.5,25,bid,,,13116480
2026-06-30T04:40:14.973878,2026-06-29T18:40:15.765424+00:00,111.5,25,bid,,,13116483
2026-06-30T04:40:15.100421,2026-06-29T18:40:15.886487+00:00,111.5,25,bid,,,13116487
2026-06-30T04:40:15.185218,2026-06-29T18:40:15.974487+00:00,111.5,25,bid,,,13116489
2026-06-30T04:40:15.311282,2026-06-29T18:40:16.106095+00:00,111.5,25,bid,,,13116494
2026-06-30T04:40:15.394967,2026-06-29T18:40:16.183157+00:00,111.5,25,bid,,,13116496
2026-06-30T04:40:15.635774,2026-06-29T18:40:16.424519+00:00,111.4,50,ask,,,13116499
2026-06-30T04:40:16.496216,2026-06-29T18:40:17.282699+00:00,111.9,46,bid,,,13116516
2026-06-30T04:40:17.657617,2026-06-29T18:40:18.447496+00:00,111.9,44,bid,,,13116530
2026-06-30T04:40:17.689981,2026-06-29T18:40:18.479621+00:00,111.9,10,bid,,,13116531
2026-06-30T04:40:17.689981,2026-06-29T18:40:18.479621+00:00,112.2,40,bid,,,13116532
2026-06-30T04:40:19.797534,2026-06-29T18:40:20.580974+00:00,112.0,50,bid,,,13116559
2026-06-30T04:40:20.773521,2026-06-29T18:40:21.560001+00:00,112.0,50,bid,,,13116570
2026-06-30T04:40:20.927987,2026-06-29T18:40:21.714078+00:00,112.0,25,ask,,,13116575
2026-06-30T04:40:21.009205,2026-06-29T18:40:21.791217+00:00,112.0,25,ask,,,13116578
2026-06-30T04:40:21.139000,2026-06-29T18:40:21.923279+00:00,112.0,25,ask,,,13116580
2026-06-30T04:40:21.218717,2026-06-29T18:40:22.011343+00:00,112.0,25,ask,,,13116582
2026-06-30T04:40:21.455627,2026-06-29T18:40:22.242453+00:00,111.5,48,ask,,,13116589
2026-06-30T04:40:24.008385,2026-06-29T18:40:24.793088+00:00,112.1,50,bid,,,13116627
2026-06-30T04:40:24.112396,2026-06-29T18:40:24.902774+00:00,112.1,44,bid,,,13116628
2026-06-30T04:40:26.115134,2026-06-29T18:40:26.904784+00:00,112.1,50,bid,,,13116660
2026-06-30T04:40:27.169919,2026-06-29T18:40:27.959747+00:00,112.1,25,ask,,,13116677
2026-06-30T04:40:27.239378,2026-06-29T18:40:28.025747+00:00,112.1,25,ask,,,13116680
2026-06-30T04:40:27.378390,2026-06-29T18:40:28.168880+00:00,112.1,25,ask,,,13116683
2026-06-30T04:40:27.449569,2026-06-29T18:40:28.234934+00:00,112.1,25,ask,,,13116685
2026-06-30T04:40:27.584283,2026-06-29T18:40:28.377176+00:00,112.1,25,ask,,,13116690
2026-06-30T04:40:27.656285,2026-06-29T18:40:28.443176+00:00,112.1,25,ask,,,13116693
2026-06-30T04:40:27.761634,2026-06-29T18:40:28.553324+00:00,112.0,42,ask,,,13116696
2026-06-30T04:40:30.331330,2026-06-29T18:40:31.113729+00:00,112.0,50,bid,,,13116740
2026-06-30T04:40:31.793066,2026-06-29T18:40:32.576565+00:00,111.8,48,ask,,,13116770
2026-06-30T04:40:32.439355,2026-06-29T18:40:33.224787+00:00,112.0,50,bid,,,13116782
2026-06-30T04:40:33.412843,2026-06-29T18:40:34.204563+00:00,112.1,1,bid,,,13116804
2026-06-30T04:40:33.412843,2026-06-29T18:40:34.204563+00:00,112.3,41,bid,,,13116805
2026-06-30T04:40:34.469925,2026-06-29T18:40:35.260474+00:00,111.9,40,ask,,,13116829
2026-06-30T04:40:34.545395,2026-06-29T18:40:35.336670+00:00,112.4,50,bid,,,13116832
2026-06-30T04:40:36.652253,2026-06-29T18:40:37.434496+00:00,112.3,50,bid,,,13116869
2026-06-30T04:40:37.817985,2026-06-29T18:40:38.612077+00:00,112.4,45,bid,,,13116901
2026-06-30T04:40:38.422304,2026-06-29T18:40:39.205542+00:00,112.0,25,ask,,,13116910
2026-06-30T04:40:38.483418,2026-06-29T18:40:39.271602+00:00,112.0,25,ask,,,13116912
2026-06-30T04:40:38.631916,2026-06-29T18:40:39.414668+00:00,112.0,10,ask,,,13116917
2026-06-30T04:40:38.809726,2026-06-29T18:40:39.601736+00:00,112.0,40,ask,,,13116921
2026-06-30T04:40:38.809726,2026-06-29T18:40:39.601736+00:00,111.9,10,ask,,,13116922
2026-06-30T04:40:39.182905,2026-06-29T18:40:39.975277+00:00,111.9,48,ask,,,13116924
2026-06-30T04:40:40.839813,2026-06-29T18:40:41.624382+00:00,112.3,45,bid,,,13116965
2026-06-30T04:40:40.919758,2026-06-29T18:40:41.712525+00:00,111.8,50,ask,,,13116970
2026-06-30T04:40:42.551127,2026-06-29T18:40:43.339154+00:00,112.1,45,bid,,,13117009
2026-06-30T04:40:45.132441,2026-06-29T18:40:45.921809+00:00,111.8,50,ask,,,13117066
2026-06-30T04:40:47.250168,2026-06-29T18:40:48.033511+00:00,112.0,50,ask,,,13117100
2026-06-30T04:40:49.357781,2026-06-29T18:40:50.143843+00:00,112.0,50,ask,,,13117138
2026-06-30T04:40:49.846439,2026-06-29T18:40:50.638294+00:00,112.0,42,ask,,,13117144
2026-06-30T04:40:51.413408,2026-06-29T18:40:52.200459+00:00,112.2,50,bid,,,13117168
2026-06-30T04:40:52.096111,2026-06-29T18:40:52.882089+00:00,111.8,1,ask,,,13117183
2026-06-30T04:40:52.096111,2026-06-29T18:40:52.882089+00:00,111.7,39,ask,,,13117184
2026-06-30T04:40:52.657641,2026-06-29T18:40:53.442611+00:00,112.1,48,bid,,,13117191
2026-06-30T04:40:53.684359,2026-06-29T18:40:54.477746+00:00,111.9,3,ask,,,13117215
2026-06-30T04:40:53.684359,2026-06-29T18:40:54.477746+00:00,111.6,40,ask,,,13117216
2026-06-30T04:40:55.225698,2026-06-29T18:40:56.017572+00:00,112.0,49,bid,,,13117248
2026-06-30T04:40:56.930222,2026-06-29T18:40:57.720541+00:00,111.8,1,ask,,,13117274
2026-06-30T04:40:56.930222,2026-06-29T18:40:57.720541+00:00,111.7,42,ask,,,13117275
2026-06-30T04:40:57.780067,2026-06-29T18:40:58.568062+00:00,111.8,1,ask,,,13117280
2026-06-30T04:40:59.512020,2026-06-29T18:41:00.302491+00:00,112.1,42,bid,,,13117306
2026-06-30T04:40:59.529698,2026-06-29T18:41:00.313492+00:00,111.8,1,ask,,,13117307
2026-06-30T04:40:59.738526,2026-06-29T18:41:00.522491+00:00,111.8,1,ask,,,13117309
2026-06-30T04:40:59.890613,2026-06-29T18:41:00.676628+00:00,111.6,50,ask,,,13117315
2026-06-30T04:40:59.950394,2026-06-29T18:41:00.742627+00:00,111.7,1,bid,,,13117319
2026-06-30T04:41:00.094520,2026-06-29T18:41:00.885943+00:00,111.7,1,bid,,,13117324
2026-06-30T04:41:00.162622,2026-06-29T18:41:00.951944+00:00,111.7,42,bid,,,13117325
2026-06-30T04:41:01.630124,2026-06-29T18:41:02.416056+00:00,111.6,43,ask,,,13117359
2026-06-30T04:41:04.049850,2026-06-29T18:41:04.835712+00:00,111.7,50,bid,,,13117416
2026-06-30T04:41:04.143776,2026-06-29T18:41:04.934887+00:00,111.7,47,bid,,,13117419
2026-06-30T04:41:06.207988,2026-06-29T18:41:06.990172+00:00,111.5,50,ask,,,13117457
2026-06-30T04:41:08.329807,2026-06-29T18:41:09.124176+00:00,111.5,50,ask,,,13117481
2026-06-30T04:41:09.281612,2026-06-29T18:41:10.070074+00:00,111.3,42,ask,,,13117499
2026-06-30T04:41:09.904027,2026-06-29T18:41:10.686410+00:00,111.7,25,bid,,,13117507
2026-06-30T04:41:09.975769,2026-06-29T18:41:10.763468+00:00,111.7,25,bid,,,13117510
2026-06-30T04:41:10.132900,2026-06-29T18:41:10.917570+00:00,111.7,25,bid,,,13117513
2026-06-30T04:41:10.183971,2026-06-29T18:41:10.972570+00:00,111.7,25,bid,,,13117519
2026-06-30T04:41:11.939419,2026-06-29T18:41:12.731963+00:00,111.5,1,ask,,,13117551
2026-06-30T04:41:13.906817,2026-06-29T18:41:14.698866+00:00,111.7,43,bid,,,13117587
2026-06-30T04:41:14.648255,2026-06-29T18:41:15.436089+00:00,111.6,50,ask,,,13117604
2026-06-30T04:41:16.707701,2026-06-29T18:41:17.492913+00:00,111.8,5,bid,,,13117644
2026-06-30T04:41:16.707701,2026-06-29T18:41:17.492913+00:00,111.8,45,bid,,,13117645
2026-06-30T04:41:18.813176,2026-06-29T18:41:19.604545+00:00,111.8,5,bid,,,13117692
2026-06-30T04:41:18.813176,2026-06-29T18:41:19.604545+00:00,112.0,45,bid,,,13117693
2026-06-30T04:41:20.920457,2026-06-29T18:41:21.716783+00:00,111.8,5,bid,,,13117730
2026-06-30T04:41:20.920457,2026-06-29T18:41:21.716783+00:00,111.9,45,bid,,,13117731
2026-06-30T04:41:22.359932,2026-06-29T18:41:23.144294+00:00,111.5,25,ask,,,13117755
2026-06-30T04:41:22.409929,2026-06-29T18:41:23.199470+00:00,111.5,25,ask,,,13117757
2026-06-30T04:41:22.570791,2026-06-29T18:41:23.353591+00:00,111.5,25,ask,,,13117759
2026-06-30T04:41:22.622207,2026-06-29T18:41:23.408646+00:00,111.5,25,ask,,,13117762
2026-06-30T04:41:24.939895,2026-06-29T18:41:25.727680+00:00,111.4,40,bid,,,13117802
2026-06-30T04:41:25.130283,2026-06-29T18:41:25.914680+00:00,111.4,100,bid,,,13117804
2026-06-30T04:41:25.133132,2026-06-29T18:41:25.925680+00:00,111.4,10,bid,,,13117805
2026-06-30T04:41:25.569769,2026-06-29T18:41:26.353320+00:00,110.9,46,ask,,,13117811
2026-06-30T04:41:26.033266,2026-06-29T18:41:26.824827+00:00,110.9,44,ask,,,13117817
2026-06-30T04:41:27.239111,2026-06-29T18:41:28.024918+00:00,112.0,50,bid,,,13117834
2026-06-30T04:41:28.031832,2026-06-29T18:41:28.816523+00:00,111.8,47,bid,,,13117843
2026-06-30T04:41:29.345179,2026-06-29T18:41:30.135485+00:00,111.6,50,bid,,,13117854
2026-06-30T04:41:31.451784,2026-06-29T18:41:32.236847+00:00,111.6,5,bid,,,13117898
2026-06-30T04:41:31.451784,2026-06-29T18:41:32.236847+00:00,111.8,45,bid,,,13117899
2026-06-30T04:41:31.703490,2026-06-29T18:41:32.490098+00:00,111.3,45,ask,,,13117903
2026-06-30T04:41:33.168864,2026-06-29T18:41:33.951688+00:00,111.6,44,bid,,,13117921
2026-06-30T04:41:33.560054,2026-06-29T18:41:34.347579+00:00,111.6,50,bid,,,13117928
2026-06-30T04:41:35.229931,2026-06-29T18:41:36.018991+00:00,111.4,46,ask,,,13117951
2026-06-30T04:41:35.668862,2026-06-29T18:41:36.458992+00:00,111.6,4,bid,,,13117959
2026-06-30T04:41:35.668862,2026-06-29T18:41:36.458992+00:00,111.9,46,bid,,,13117960
2026-06-30T04:41:37.780524,2026-06-29T18:41:38.570547+00:00,111.7,3,bid,,,13117990
2026-06-30T04:41:37.780524,2026-06-29T18:41:38.570547+00:00,111.9,47,bid,,,13117991
2026-06-30T04:41:38.616265,2026-06-29T18:41:39.407456+00:00,111.4,3,ask,,,13118013
2026-06-30T04:41:38.616265,2026-06-29T18:41:39.407456+00:00,111.4,44,ask,,,13118014
2026-06-30T04:41:39.184698,2026-06-29T18:41:39.980134+00:00,111.7,3,bid,,,13118022
2026-06-30T04:41:39.184698,2026-06-29T18:41:39.980134+00:00,111.9,45,bid,,,13118023
2026-06-30T04:41:39.888203,2026-06-29T18:41:40.673222+00:00,111.9,50,bid,,,13118031
2026-06-30T04:41:40.263368,2026-06-29T18:41:41.047394+00:00,111.7,6,ask,,,13118041
2026-06-30T04:41:41.257820,2026-06-29T18:41:42.048241+00:00,111.9,42,ask,,,13118063
2026-06-30T04:41:41.836196,2026-06-29T18:41:42.620034+00:00,111.9,48,ask,,,13118078
2026-06-30T04:41:41.878333,2026-06-29T18:41:42.664035+00:00,111.9,10,ask,,,13118079
2026-06-30T04:41:41.994366,2026-06-29T18:41:42.785158+00:00,112.2,50,bid,,,13118082
2026-06-30T04:41:44.153850,2026-06-29T18:41:44.940484+00:00,112.0,50,ask,,,13118122
2026-06-30T04:41:46.259152,2026-06-29T18:41:47.048636+00:00,112.0,50,ask,,,13118139
2026-06-30T04:41:47.299606,2026-06-29T18:41:48.092397+00:00,112.5,45,bid,,,13118164
2026-06-30T04:41:48.367912,2026-06-29T18:41:49.157969+00:00,112.0,50,ask,,,13118192
2026-06-30T04:41:48.391551,2026-06-29T18:41:49.180033+00:00,112.4,45,bid,,,13118193
2026-06-30T04:41:50.474290,2026-06-29T18:41:51.257462+00:00,112.0,50,ask,,,13118226
2026-06-30T04:41:52.586983,2026-06-29T18:41:53.369405+00:00,112.1,50,ask,,,13118264
2026-06-30T04:41:54.693967,2026-06-29T18:41:55.479353+00:00,112.1,50,ask,,,13118304
2026-06-30T04:41:55.744969,2026-06-29T18:41:56.533731+00:00,112.1,100,ask,,,13118324
2026-06-30T04:41:56.432652,2026-06-29T18:41:57.216162+00:00,112.1,46,bid,,,13118333
2026-06-30T04:41:56.834774,2026-06-29T18:41:57.623283+00:00,111.8,5,ask,,,13118342
2026-06-30T04:41:56.834774,2026-06-29T18:41:57.623283+00:00,111.8,45,ask,,,13118343
2026-06-30T04:41:57.858262,2026-06-29T18:41:58.655417+00:00,111.9,6,ask,,,13118364
2026-06-30T04:41:57.858262,2026-06-29T18:41:58.655417+00:00,111.8,41,ask,,,13118365
2026-06-30T04:41:58.434766,2026-06-29T18:41:59.226130+00:00,112.1,4,bid,,,13118371
2026-06-30T04:41:58.434766,2026-06-29T18:41:59.226130+00:00,112.3,43,bid,,,13118372
2026-06-30T04:41:58.491875,2026-06-29T18:41:59.281181+00:00,111.8,14,ask,,,13118375
2026-06-30T04:41:58.857098,2026-06-29T18:41:59.643411+00:00,112.3,57,bid,,,13118392
2026-06-30T04:41:58.942353,2026-06-29T18:41:59.731539+00:00,112.3,50,ask,,,13118394
2026-06-30T04:42:00.005855,2026-06-29T18:42:00.797624+00:00,112.3,43,ask,,,13118413
2026-06-30T04:42:01.055310,2026-06-29T18:42:01.842203+00:00,111.9,5,ask,,,13118428
2026-06-30T04:42:01.055310,2026-06-29T18:42:01.842203+00:00,111.7,45,ask,,,13118429
2026-06-30T04:42:01.722267,2026-06-29T18:42:02.512699+00:00,111.7,40,ask,,,13118441
2026-06-30T04:42:02.273448,2026-06-29T18:42:03.060986+00:00,111.9,5,ask,,,13118447
2026-06-30T04:42:03.163175,2026-06-29T18:42:03.950987+00:00,111.9,4,ask,,,13118458
2026-06-30T04:42:03.163175,2026-06-29T18:42:03.950987+00:00,111.6,46,ask,,,13118459
2026-06-30T04:42:03.470408,2026-06-29T18:42:04.258736+00:00,112.1,40,bid,,,13118462
2026-06-30T04:42:05.281943,2026-06-29T18:42:06.072871+00:00,111.8,4,ask,,,13118490
2026-06-30T04:42:05.281943,2026-06-29T18:42:06.072871+00:00,111.6,46,ask,,,13118491
2026-06-30T04:42:06.264203,2026-06-29T18:42:07.051222+00:00,111.9,25,bid,,,13118508
2026-06-30T04:42:06.332082,2026-06-29T18:42:07.117283+00:00,111.8,3,ask,,,13118512
2026-06-30T04:42:06.342381,2026-06-29T18:42:07.128283+00:00,111.8,25,bid,,,13118514
2026-06-30T04:42:06.358305,2026-06-29T18:42:07.150283+00:00,111.8,3,bid,,,13118515
2026-06-30T04:42:06.663028,2026-06-29T18:42:07.447471+00:00,111.8,3,bid,,,13118520
2026-06-30T04:42:07.389598,2026-06-29T18:42:08.172817+00:00,111.7,2,ask,,,13118530
2026-06-30T04:42:07.389598,2026-06-29T18:42:08.183817+00:00,111.4,48,ask,,,13118531
2026-06-30T04:42:09.206035,2026-06-29T18:42:09.997071+00:00,111.7,46,bid,,,13118563
2026-06-30T04:42:09.498346,2026-06-29T18:42:10.282562+00:00,111.3,50,ask,,,13118566
2026-06-30T04:42:11.604226,2026-06-29T18:42:12.392696+00:00,111.6,1,ask,,,13118601
2026-06-30T04:42:11.604226,2026-06-29T18:42:12.392696+00:00,111.5,49,ask,,,13118602
2026-06-30T04:42:12.687495,2026-06-29T18:42:13.480842+00:00,111.6,25,bid,,,13118623
2026-06-30T04:42:12.763374,2026-06-29T18:42:13.557980+00:00,111.6,25,bid,,,13118627
2026-06-30T04:42:12.794401,2026-06-29T18:42:13.579980+00:00,111.5,45,ask,,,13118628
2026-06-30T04:42:12.896496,2026-06-29T18:42:13.679042+00:00,111.6,25,bid,,,13118631
2026-06-30T04:42:12.971605,2026-06-29T18:42:13.755188+00:00,111.6,25,bid,,,13118633
2026-06-30T04:42:13.716595,2026-06-29T18:42:14.503748+00:00,111.5,50,ask,,,13118648
2026-06-30T04:42:14.717292,2026-06-29T18:42:15.504521+00:00,111.1,100,ask,,,13118666
2026-06-30T04:42:14.783427,2026-06-29T18:42:15.570083+00:00,111.1,6,bid,,,13118668
2026-06-30T04:42:14.932726,2026-06-29T18:42:15.724084+00:00,111.1,25,bid,,,13118671
2026-06-30T04:42:14.992557,2026-06-29T18:42:15.779084+00:00,111.1,19,bid,,,13118674
2026-06-30T04:42:15.824349,2026-06-29T18:42:16.613530+00:00,110.9,50,ask,,,13118701
2026-06-30T04:42:15.945435,2026-06-29T18:42:16.733773+00:00,111.4,25,bid,,,13118704
2026-06-30T04:42:16.003520,2026-06-29T18:42:16.788773+00:00,111.4,25,bid,,,13118706
2026-06-30T04:42:16.155404,2026-06-29T18:42:16.942837+00:00,111.4,25,bid,,,13118712
2026-06-30T04:42:16.213054,2026-06-29T18:42:16.997837+00:00,111.4,25,bid,,,13118716
2026-06-30T04:42:17.168590,2026-06-29T18:42:17.954134+00:00,110.9,44,ask,,,13118737
2026-06-30T04:42:17.930013,2026-06-29T18:42:18.722937+00:00,111.2,50,ask,,,13118758
2026-06-30T04:42:19.027953,2026-06-29T18:42:19.820342+00:00,111.4,25,bid,,,13118779
2026-06-30T04:42:19.171759,2026-06-29T18:42:19.962991+00:00,111.4,25,bid,,,13118783
2026-06-30T04:42:19.238006,2026-06-29T18:42:20.028991+00:00,111.4,25,bid,,,13118785
2026-06-30T04:42:19.292550,2026-06-29T18:42:20.083991+00:00,111.4,25,bid,,,13118786
2026-06-30T04:42:19.292550,2026-06-29T18:42:20.083991+00:00,111.7,4,bid,,,13118787
2026-06-30T04:42:19.292550,2026-06-29T18:42:20.083991+00:00,111.7,18,bid,,,13118788
2026-06-30T04:42:20.035346,2026-06-29T18:42:20.818629+00:00,111.2,50,ask,,,13118811
2026-06-30T04:42:20.786688,2026-06-29T18:42:21.577712+00:00,111.2,44,ask,,,13118828
2026-06-30T04:42:21.185214,2026-06-29T18:42:21.973593+00:00,111.3,25,bid,,,13118833
2026-06-30T04:42:22.085564,2026-06-29T18:42:22.875029+00:00,111.3,100,bid,,,13118848
2026-06-30T04:42:22.142072,2026-06-29T18:42:22.930083+00:00,110.8,50,ask,,,13118850
2026-06-30T04:42:24.249269,2026-06-29T18:42:25.033986+00:00,111.2,50,ask,,,13118886
2026-06-30T04:42:26.124081,2026-06-29T18:42:26.910859+00:00,111.6,5,bid,,,13118927
2026-06-30T04:42:26.124081,2026-06-29T18:42:26.910859+00:00,111.6,43,bid,,,13118928
2026-06-30T04:42:26.356203,2026-06-29T18:42:27.141310+00:00,111.2,50,ask,,,13118932
2026-06-30T04:42:26.607348,2026-06-29T18:42:27.394383+00:00,111.5,5,bid,,,13118941
2026-06-30T04:42:28.304734,2026-06-29T18:42:29.096247+00:00,111.5,3,bid,,,13118972
2026-06-30T04:42:28.304734,2026-06-29T18:42:29.096247+00:00,111.5,41,bid,,,13118973
2026-06-30T04:42:28.430044,2026-06-29T18:42:29.217303+00:00,111.5,100,bid,,,13118974
2026-06-30T04:42:28.462778,2026-06-29T18:42:29.250304+00:00,111.0,50,ask,,,13118977
2026-06-30T04:42:30.413575,2026-06-29T18:42:31.197197+00:00,111.0,41,ask,,,13119009
2026-06-30T04:42:30.572777,2026-06-29T18:42:31.361882+00:00,111.0,50,ask,,,13119012
2026-06-30T04:42:32.359994,2026-06-29T18:42:33.152841+00:00,111.5,41,bid,,,13119040
2026-06-30T04:42:32.678756,2026-06-29T18:42:33.471977+00:00,111.0,50,ask,,,13119055
2026-06-30T04:42:34.784481,2026-06-29T18:42:35.571051+00:00,111.2,4,ask,,,13119090
2026-06-30T04:42:34.784481,2026-06-29T18:42:35.571051+00:00,111.0,46,ask,,,13119091
2026-06-30T04:42:36.177598,2026-06-29T18:42:36.979179+00:00,111.0,49,ask,,,13119127
2026-06-30T04:42:36.894336,2026-06-29T18:42:37.683747+00:00,111.0,5,ask,,,13119142
2026-06-30T04:42:36.894336,2026-06-29T18:42:37.683747+00:00,110.9,45,ask,,,13119143
2026-06-30T04:42:37.758786,2026-06-29T18:42:38.552873+00:00,111.4,45,bid,,,13119160
2026-06-30T04:42:37.812036,2026-06-29T18:42:38.597009+00:00,111.1,3,ask,,,13119162
2026-06-30T04:42:39.003201,2026-06-29T18:42:39.793877+00:00,111.0,3,ask,,,13119182
2026-06-30T04:42:39.003201,2026-06-29T18:42:39.793877+00:00,110.9,47,ask,,,13119183
2026-06-30T04:42:41.111605,2026-06-29T18:42:41.894975+00:00,111.0,3,ask,,,13119226
2026-06-30T04:42:41.111605,2026-06-29T18:42:41.906045+00:00,110.9,47,ask,,,13119227
2026-06-30T04:42:43.220978,2026-06-29T18:42:44.004781+00:00,111.0,3,ask,,,13119265
2026-06-30T04:42:43.220978,2026-06-29T18:42:44.015781+00:00,110.9,47,ask,,,13119266
2026-06-30T04:42:44.668449,2026-06-29T18:42:45.454882+00:00,111.2,45,bid,,,13119289
2026-06-30T04:42:45.332282,2026-06-29T18:42:46.125435+00:00,111.0,3,ask,,,13119300
2026-06-30T04:42:45.332282,2026-06-29T18:42:46.125435+00:00,110.9,47,ask,,,13119301
2026-06-30T04:42:47.440361,2026-06-29T18:42:48.226047+00:00,110.9,2,ask,,,13119337
2026-06-30T04:42:47.440361,2026-06-29T18:42:48.226047+00:00,110.9,48,ask,,,13119338
2026-06-30T04:42:48.404115,2026-06-29T18:42:49.193431+00:00,110.9,42,ask,,,13119361
2026-06-30T04:42:49.497779,2026-06-29T18:42:50.281791+00:00,111.4,50,bid,,,13119376
2026-06-30T04:42:51.518206,2026-06-29T18:42:52.305766+00:00,111.0,45,bid,,,13119408
2026-06-30T04:42:51.605521,2026-06-29T18:42:52.404880+00:00,111.0,50,bid,,,13119409
2026-06-30T04:42:52.133370,2026-06-29T18:42:52.922118+00:00,110.9,2,ask,,,13119417
2026-06-30T04:42:52.133370,2026-06-29T18:42:52.922118+00:00,110.7,42,ask,,,13119418
2026-06-30T04:42:53.080841,2026-06-29T18:42:53.867850+00:00,111.2,42,bid,,,13119434
2026-06-30T04:42:53.134329,2026-06-29T18:42:53.922038+00:00,111.1,43,ask,,,13119438
2026-06-30T04:42:53.762847,2026-06-29T18:42:54.549507+00:00,111.1,50,ask,,,13119454
2026-06-30T04:42:54.762663,2026-06-29T18:42:55.551001+00:00,111.1,48,ask,,,13119465
2026-06-30T04:42:55.869544,2026-06-29T18:42:56.661391+00:00,110.7,50,ask,,,13119489
2026-06-30T04:42:57.986201,2026-06-29T18:42:58.771787+00:00,110.7,50,ask,,,13119530
2026-06-30T04:42:58.589103,2026-06-29T18:42:59.377581+00:00,110.9,41,bid,,,13119536
2026-06-30T04:43:01.649108,2026-06-29T18:43:02.442262+00:00,111.1,40,bid,,,13119592
2026-06-30T04:43:02.220543,2026-06-29T18:43:03.013947+00:00,110.8,50,ask,,,13119596
2026-06-30T04:43:02.922208,2026-06-29T18:43:03.707635+00:00,110.8,41,ask,,,13119613
2026-06-30T04:43:04.277961,2026-06-29T18:43:05.069138+00:00,111.1,50,bid,,,13119641
2026-06-30T04:43:06.242235,2026-06-29T18:43:07.035268+00:00,110.9,45,bid,,,13119675
2026-06-30T04:43:06.384213,2026-06-29T18:43:07.189017+00:00,110.9,50,bid,,,13119682
2026-06-30T04:43:07.291341,2026-06-29T18:43:08.080070+00:00,110.9,46,bid,,,13119694
2026-06-30T04:43:08.306214,2026-06-29T18:43:09.090770+00:00,110.7,48,ask,,,13119713
2026-06-30T04:43:08.494783,2026-06-29T18:43:09.277956+00:00,111.2,50,bid,,,13119718
2026-06-30T04:43:08.842911,2026-06-29T18:43:09.630338+00:00,111.2,44,bid,,,13119728
2026-06-30T04:43:10.211780,2026-06-29T18:43:11.004054+00:00,111.1,1,ask,,,13119746
2026-06-30T04:43:10.383865,2026-06-29T18:43:11.169257+00:00,111.1,1,ask,,,13119749
2026-06-30T04:43:10.517435,2026-06-29T18:43:11.301257+00:00,111.1,47,ask,,,13119755
2026-06-30T04:43:10.603146,2026-06-29T18:43:11.389257+00:00,111.5,50,bid,,,13119763
2026-06-30T04:43:12.713126,2026-06-29T18:43:13.501018+00:00,111.6,50,bid,,,13119799
2026-06-30T04:43:13.184480,2026-06-29T18:43:13.974335+00:00,111.4,43,ask,,,13119807
2026-06-30T04:43:14.823576,2026-06-29T18:43:15.612207+00:00,111.7,50,bid,,,13119841
2026-06-30T04:43:15.808245,2026-06-29T18:43:16.601946+00:00,111.4,48,ask,,,13119855
2026-06-30T04:43:16.462155,2026-06-29T18:43:17.250667+00:00,111.5,41,bid,,,13119870
2026-06-30T04:43:16.951221,2026-06-29T18:43:17.735057+00:00,111.5,50,bid,,,13119877
2026-06-30T04:43:17.480421,2026-06-29T18:43:18.274434+00:00,111.5,9,bid,,,13119892
2026-06-30T04:43:17.480421,2026-06-29T18:43:18.274434+00:00,111.7,38,bid,,,13119893
2026-06-30T04:43:19.029051,2026-06-29T18:43:19.814743+00:00,111.8,45,ask,,,13119911
2026-06-30T04:43:19.060721,2026-06-29T18:43:19.847803+00:00,112.3,50,bid,,,13119912
2026-06-30T04:43:19.096724,2026-06-29T18:43:19.880803+00:00,111.8,100,ask,,,13119913
2026-06-30T04:43:19.661424,2026-06-29T18:43:20.452219+00:00,111.8,5,ask,,,13119914
2026-06-30T04:43:19.661424,2026-06-29T18:43:20.452219+00:00,111.3,37,ask,,,13119915
2026-06-30T04:43:22.440694,2026-06-29T18:43:23.224745+00:00,111.9,44,bid,,,13119961
2026-06-30T04:43:23.274739,2026-06-29T18:43:24.060445+00:00,111.9,50,bid,,,13119974
2026-06-30T04:43:24.546182,2026-06-29T18:43:25.344931+00:00,111.7,46,ask,,,13120000
2026-06-30T04:43:25.397081,2026-06-29T18:43:26.189037+00:00,112.1,50,bid,,,13120022
2026-06-30T04:43:25.754760,2026-06-29T18:43:26.539049+00:00,111.9,45,bid,,,13120029
2026-06-30T04:43:27.463164,2026-06-29T18:43:28.252459+00:00,111.9,55,bid,,,13120053
2026-06-30T04:43:28.126146,2026-06-29T18:43:28.912189+00:00,111.9,47,ask,,,13120067
2026-06-30T04:43:29.041516,2026-06-29T18:43:29.835795+00:00,112.3,43,bid,,,13120081
2026-06-30T04:43:29.607190,2026-06-29T18:43:30.396912+00:00,112.3,50,bid,,,13120094
2026-06-30T04:43:30.862627,2026-06-29T18:43:31.658498+00:00,111.8,4,ask,,,13120120
2026-06-30T04:43:31.220318,2026-06-29T18:43:32.010296+00:00,111.8,4,ask,,,13120121
2026-06-30T04:43:31.387600,2026-06-29T18:43:32.175350+00:00,111.8,4,ask,,,13120123
2026-06-30T04:43:31.545602,2026-06-29T18:43:32.329428+00:00,111.8,4,ask,,,13120127
2026-06-30T04:43:31.689701,2026-06-29T18:43:32.483427+00:00,111.9,100,bid,,,13120129
2026-06-30T04:43:31.713490,2026-06-29T18:43:32.505506+00:00,111.9,50,bid,,,13120130
2026-06-30T04:43:33.819325,2026-06-29T18:43:34.612585+00:00,112.6,50,bid,,,13120177
2026-06-30T04:43:34.926870,2026-06-29T18:43:35.719510+00:00,112.2,48,ask,,,13120204
2026-06-30T04:43:35.727139,2026-06-29T18:43:36.517606+00:00,112.2,1,ask,,,13120218
2026-06-30T04:43:35.925254,2026-06-29T18:43:36.713090+00:00,112.6,50,bid,,,13120224
2026-06-30T04:43:36.091914,2026-06-29T18:43:36.877391+00:00,112.6,40,bid,,,13120229
2026-06-30T04:43:36.730540,2026-06-29T18:43:37.526246+00:00,112.2,3,ask,,,13120240
2026-06-30T04:43:37.726737,2026-06-29T18:43:38.518499+00:00,112.1,4,ask,,,13120262
2026-06-30T04:43:38.033785,2026-06-29T18:43:38.825967+00:00,112.6,50,bid,,,13120271
2026-06-30T04:43:38.727635,2026-06-29T18:43:39.514151+00:00,112.5,44,ask,,,13120282
2026-06-30T04:43:38.732008,2026-06-29T18:43:39.525207+00:00,112.5,3,ask,,,13120283
2026-06-30T04:43:39.916790,2026-06-29T18:43:40.703000+00:00,112.5,46,ask,,,13120313
2026-06-30T04:43:40.149670,2026-06-29T18:43:40.942858+00:00,113.0,50,bid,,,13120316
2026-06-30T04:43:41.527728,2026-06-29T18:43:42.318063+00:00,112.9,47,bid,,,13120343
2026-06-30T04:43:42.007853,2026-06-29T18:43:42.797202+00:00,112.5,45,ask,,,13120350
2026-06-30T04:43:42.257675,2026-06-29T18:43:43.049315+00:00,112.9,50,bid,,,13120356
2026-06-30T04:43:43.183143,2026-06-29T18:43:43.967969+00:00,112.9,3,bid,,,13120366
2026-06-30T04:43:43.183143,2026-06-29T18:43:43.978548+00:00,113.0,40,bid,,,13120367
2026-06-30T04:43:44.365684,2026-06-29T18:43:45.153072+00:00,113.0,50,bid,,,13120384
2026-06-30T04:43:45.622321,2026-06-29T18:43:46.411198+00:00,113.0,46,bid,,,13120400
2026-06-30T04:43:46.473535,2026-06-29T18:43:47.267434+00:00,113.3,50,bid,,,13120424
2026-06-30T04:43:48.581838,2026-06-29T18:43:49.371444+00:00,113.3,50,bid,,,13120466
2026-06-30T04:43:49.386781,2026-06-29T18:43:50.177452+00:00,112.9,46,ask,,,13120474
2026-06-30T04:43:49.894201,2026-06-29T18:43:50.681792+00:00,113.1,25,ask,,,13120481
2026-06-30T04:43:50.019435,2026-06-29T18:43:50.814334+00:00,113.1,25,ask,,,13120489
2026-06-30T04:43:50.104626,2026-06-29T18:43:50.890739+00:00,113.1,25,ask,,,13120495
2026-06-30T04:43:50.232602,2026-06-29T18:43:51.021960+00:00,113.1,25,ask,,,13120500
2026-06-30T04:43:50.316142,2026-06-29T18:43:51.109393+00:00,113.1,25,ask,,,13120502
2026-06-30T04:43:50.442543,2026-06-29T18:43:51.230481+00:00,113.1,25,ask,,,13120504
2026-06-30T04:43:51.562170,2026-06-29T18:43:52.347040+00:00,112.7,42,ask,,,13120522
2026-06-30T04:43:52.842516,2026-06-29T18:43:53.628800+00:00,112.7,50,ask,,,13120543
2026-06-30T04:43:53.584490,2026-06-29T18:43:54.372107+00:00,113.2,45,bid,,,13120559
2026-06-30T04:43:57.007908,2026-06-29T18:43:57.799947+00:00,113.2,50,bid,,,13120614
2026-06-30T04:43:58.543590,2026-06-29T18:43:59.326955+00:00,113.2,25,bid,,,13120644
2026-06-30T04:43:58.669077,2026-06-29T18:43:59.470055+00:00,113.2,25,bid,,,13120646
2026-06-30T04:43:58.753376,2026-06-29T18:43:59.547131+00:00,113.2,25,bid,,,13120648
2026-06-30T04:43:58.879918,2026-06-29T18:43:59.667298+00:00,113.2,25,bid,,,13120650
2026-06-30T04:43:59.084704,2026-06-29T18:43:59.873812+00:00,113.4,100,bid,,,13120655
2026-06-30T04:43:59.132154,2026-06-29T18:43:59.918004+00:00,113.4,6,ask,,,13120659
2026-06-30T04:44:00.209510,2026-06-29T18:44:00.997659+00:00,113.4,44,ask,,,13120681
2026-06-30T04:44:00.209510,2026-06-29T18:44:00.997659+00:00,113.4,4,ask,,,13120682
2026-06-30T04:44:01.216294,2026-06-29T18:44:02.000635+00:00,113.9,50,bid,,,13120700
2026-06-30T04:44:03.326240,2026-06-29T18:44:04.120019+00:00,113.5,50,bid,,,13120736
2026-06-30T04:44:05.235796,2026-06-29T18:44:06.027389+00:00,113.3,6,ask,,,13120776
2026-06-30T04:44:05.405466,2026-06-29T18:44:06.191302+00:00,113.3,6,ask,,,13120779
2026-06-30T04:44:05.435065,2026-06-29T18:44:06.224447+00:00,113.8,50,bid,,,13120780
2026-06-30T04:44:05.701277,2026-06-29T18:44:06.486478+00:00,113.3,25,ask,,,13120785
2026-06-30T04:44:05.778973,2026-06-29T18:44:06.563006+00:00,113.3,25,ask,,,13120793
2026-06-30T04:44:05.945951,2026-06-29T18:44:06.737591+00:00,113.3,25,ask,,,13120798
2026-06-30T04:44:05.987904,2026-06-29T18:44:06.780941+00:00,113.3,13,ask,,,13120800
2026-06-30T04:44:05.997422,2026-06-29T18:44:06.780941+00:00,113.0,2,ask,,,13120802
2026-06-30T04:44:06.202933,2026-06-29T18:44:06.987747+00:00,113.0,2,ask,,,13120805
2026-06-30T04:44:06.408883,2026-06-29T18:44:07.195039+00:00,113.0,2,ask,,,13120810
2026-06-30T04:44:06.615257,2026-06-29T18:44:07.401885+00:00,113.0,2,ask,,,13120812
2026-06-30T04:44:06.821453,2026-06-29T18:44:07.608243+00:00,113.0,2,ask,,,13120814
2026-06-30T04:44:07.539426,2026-06-29T18:44:08.328697+00:00,113.3,7,bid,,,13120835
2026-06-30T04:44:07.539426,2026-06-29T18:44:08.328697+00:00,113.4,43,bid,,,13120836
2026-06-30T04:44:09.647410,2026-06-29T18:44:10.433353+00:00,113.8,50,bid,,,13120883
2026-06-30T04:44:09.819649,2026-06-29T18:44:10.607519+00:00,113.7,48,bid,,,13120884
2026-06-30T04:44:11.776608,2026-06-29T18:44:12.565308+00:00,113.7,50,bid,,,13120934
2026-06-30T04:44:12.810319,2026-06-29T18:44:13.602834+00:00,113.4,8,bid,,,13120958
2026-06-30T04:44:12.842190,2026-06-29T18:44:13.635984+00:00,113.4,25,ask,,,13120960
2026-06-30T04:44:12.986951,2026-06-29T18:44:13.777916+00:00,113.4,25,ask,,,13120962
2026-06-30T04:44:13.882084,2026-06-29T18:44:14.671740+00:00,113.8,50,bid,,,13120988
2026-06-30T04:44:14.255345,2026-06-29T18:44:15.042330+00:00,113.4,25,ask,,,13120997
2026-06-30T04:44:14.399638,2026-06-29T18:44:15.184161+00:00,113.4,17,ask,,,13121002
2026-06-30T04:44:14.999880,2026-06-29T18:44:15.785766+00:00,113.5,45,ask,,,13121012
2026-06-30T04:44:15.012462,2026-06-29T18:44:15.796829+00:00,113.5,25,ask,,,13121013
2026-06-30T04:44:15.065117,2026-06-29T18:44:15.851231+00:00,113.5,25,ask,,,13121015
2026-06-30T04:44:15.221971,2026-06-29T18:44:16.005226+00:00,113.5,25,ask,,,13121021
2026-06-30T04:44:15.275606,2026-06-29T18:44:16.059631+00:00,113.5,25,ask,,,13121025
2026-06-30T04:44:15.431394,2026-06-29T18:44:16.221824+00:00,113.5,5,ask,,,13121031
2026-06-30T04:44:16.038584,2026-06-29T18:44:16.830696+00:00,113.2,50,ask,,,13121042
2026-06-30T04:44:16.630899,2026-06-29T18:44:17.420066+00:00,113.7,45,bid,,,13121056
2026-06-30T04:44:18.143599,2026-06-29T18:44:18.935925+00:00,113.2,50,ask,,,13121089
2026-06-30T04:44:20.250365,2026-06-29T18:44:21.035035+00:00,112.9,50,ask,,,13121118
2026-06-30T04:44:20.879684,2026-06-29T18:44:21.666385+00:00,113.4,43,bid,,,13121131
2026-06-30T04:44:21.952556,2026-06-29T18:44:22.745286+00:00,112.9,46,ask,,,13121148
2026-06-30T04:44:22.358616,2026-06-29T18:44:23.147298+00:00,112.8,50,ask,,,13121158
2026-06-30T04:44:23.558172,2026-06-29T18:44:24.344132+00:00,113.3,44,bid,,,13121178
2026-06-30T04:44:24.494678,2026-06-29T18:44:25.290197+00:00,113.1,5,ask,,,13121192
2026-06-30T04:44:24.494678,2026-06-29T18:44:25.290197+00:00,112.9,45,ask,,,13121193
2026-06-30T04:44:26.606096,2026-06-29T18:44:27.390433+00:00,113.1,3,ask,,,13121225
2026-06-30T04:44:26.606096,2026-06-29T18:44:27.401500+00:00,112.9,47,ask,,,13121226
2026-06-30T04:44:27.638257,2026-06-29T18:44:28.427589+00:00,113.0,49,bid,,,13121241
2026-06-30T04:44:27.669905,2026-06-29T18:44:28.460758+00:00,113.0,25,bid,,,13121243
2026-06-30T04:44:27.778084,2026-06-29T18:44:28.570027+00:00,113.0,25,bid,,,13121245
2026-06-30T04:44:27.881421,2026-06-29T18:44:28.679749+00:00,113.0,25,bid,,,13121251
2026-06-30T04:44:27.987212,2026-06-29T18:44:28.777909+00:00,113.0,25,bid,,,13121257
2026-06-30T04:44:28.091513,2026-06-29T18:44:28.875590+00:00,113.0,1,bid,,,13121261
2026-06-30T04:44:30.836499,2026-06-29T18:44:31.624913+00:00,113.0,5,ask,,,13121315
2026-06-30T04:44:30.836499,2026-06-29T18:44:31.624913+00:00,113.0,45,ask,,,13121316
2026-06-30T04:44:31.798806,2026-06-29T18:44:32.582974+00:00,113.0,25,ask,,,13121332
2026-06-30T04:44:31.903789,2026-06-29T18:44:32.691566+00:00,113.0,25,ask,,,13121334
2026-06-30T04:44:32.008285,2026-06-29T18:44:32.801241+00:00,113.0,25,ask,,,13121336
2026-06-30T04:44:32.118485,2026-06-29T18:44:32.909968+00:00,113.0,25,ask,,,13121339
2026-06-30T04:44:32.216889,2026-06-29T18:44:33.008135+00:00,113.0,5,ask,,,13121343
2026-06-30T04:44:32.216889,2026-06-29T18:44:33.008135+00:00,113.0,5,ask,,,13121344
2026-06-30T04:44:32.569670,2026-06-29T18:44:33.357796+00:00,112.8,40,ask,,,13121355
2026-06-30T04:44:32.944108,2026-06-29T18:44:33.729249+00:00,112.8,50,ask,,,13121364
2026-06-30T04:44:33.909930,2026-06-29T18:44:34.697879+00:00,112.8,10,ask,,,13121390
2026-06-30T04:44:33.935040,2026-06-29T18:44:34.719053+00:00,112.8,8,bid,,,13121392
2026-06-30T04:44:34.072798,2026-06-29T18:44:34.860858+00:00,112.8,25,bid,,,13121398
2026-06-30T04:44:34.145875,2026-06-29T18:44:34.937336+00:00,112.8,25,bid,,,13121402
2026-06-30T04:44:34.284165,2026-06-29T18:44:35.067713+00:00,112.8,25,bid,,,13121407
2026-06-30T04:44:34.355055,2026-06-29T18:44:35.144198+00:00,112.8,25,bid,,,13121409
2026-06-30T04:44:34.496109,2026-06-29T18:44:35.287176+00:00,112.8,25,bid,,,13121413
2026-06-30T04:44:34.566122,2026-06-29T18:44:35.352584+00:00,112.8,7,bid,,,13121415
2026-06-30T04:44:34.672823,2026-06-29T18:44:35.461284+00:00,112.3,42,ask,,,13121416
2026-06-30T04:44:35.050830,2026-06-29T18:44:35.844306+00:00,112.4,50,ask,,,13121432
2026-06-30T04:44:35.105417,2026-06-29T18:44:35.898136+00:00,112.9,25,bid,,,13121435
2026-06-30T04:44:35.178424,2026-06-29T18:44:35.964034+00:00,112.9,25,bid,,,13121437
2026-06-30T04:44:35.319894,2026-06-29T18:44:36.105028+00:00,112.9,25,bid,,,13121440
2026-06-30T04:44:35.422927,2026-06-29T18:44:36.212282+00:00,112.9,25,bid,,,13121444
2026-06-30T04:44:37.159673,2026-06-29T18:44:37.946385+00:00,112.9,2,ask,,,13121476
2026-06-30T04:44:37.159673,2026-06-29T18:44:37.946385+00:00,112.7,48,ask,,,13121477
2026-06-30T04:44:38.289583,2026-06-29T18:44:39.078238+00:00,113.0,42,bid,,,13121492
2026-06-30T04:44:38.343266,2026-06-29T18:44:39.133100+00:00,112.8,1,ask,,,13121497
2026-06-30T04:44:38.343266,2026-06-29T18:44:39.133100+00:00,112.7,48,ask,,,13121498
2026-06-30T04:44:39.267730,2026-06-29T18:44:40.060096+00:00,112.7,50,ask,,,13121510
2026-06-30T04:44:39.510771,2026-06-29T18:44:40.298839+00:00,112.7,4,ask,,,13121518
2026-06-30T04:44:39.510771,2026-06-29T18:44:40.298839+00:00,112.5,40,ask,,,13121519
2026-06-30T04:44:40.337266,2026-06-29T18:44:41.126019+00:00,112.6,25,bid,,,13121540
2026-06-30T04:44:40.441051,2026-06-29T18:44:41.225624+00:00,112.6,25,bid,,,13121543
2026-06-30T04:44:40.527855,2026-06-29T18:44:41.311737+00:00,112.6,40,bid,,,13121545
2026-06-30T04:44:40.545413,2026-06-29T18:44:41.333863+00:00,112.6,25,bid,,,13121547
2026-06-30T04:44:40.649684,2026-06-29T18:44:41.442120+00:00,112.6,25,bid,,,13121551
2026-06-30T04:44:40.755595,2026-06-29T18:44:41.540801+00:00,112.6,8,bid,,,13121553
2026-06-30T04:44:40.864999,2026-06-29T18:44:41.659663+00:00,112.6,2,bid,,,13121555
2026-06-30T04:44:41.224580,2026-06-29T18:44:42.018662+00:00,113.2,4,bid,,,13121560
2026-06-30T04:44:41.377856,2026-06-29T18:44:42.171172+00:00,112.5,50,ask,,,13121561
2026-06-30T04:44:41.770699,2026-06-29T18:44:42.564182+00:00,113.0,49,bid,,,13121569
2026-06-30T04:44:45.021773,2026-06-29T18:44:45.809653+00:00,112.8,46,ask,,,13121637
2026-06-30T04:44:45.543381,2026-06-29T18:44:46.334045+00:00,113.1,6,bid,,,13121642
2026-06-30T04:44:45.543381,2026-06-29T18:44:46.334045+00:00,113.1,44,bid,,,13121643
2026-06-30T04:44:45.578342,2026-06-29T18:44:46.367284+00:00,113.1,41,bid,,,13121644
2026-06-30T04:44:47.651806,2026-06-29T18:44:48.437692+00:00,113.0,50,bid,,,13121690
2026-06-30T04:44:48.840703,2026-06-29T18:44:49.627327+00:00,112.7,42,ask,,,13121714
2026-06-30T04:44:49.759348,2026-06-29T18:44:50.553040+00:00,113.1,3,bid,,,13121733
2026-06-30T04:44:49.759348,2026-06-29T18:44:50.553040+00:00,113.2,47,bid,,,13121734
2026-06-30T04:44:51.866734,2026-06-29T18:44:52.653307+00:00,113.0,2,bid,,,13121764
2026-06-30T04:44:51.866734,2026-06-29T18:44:52.653307+00:00,113.2,48,bid,,,13121765
2026-06-30T04:44:53.974722,2026-06-29T18:44:54.762740+00:00,113.4,50,bid,,,13121794
2026-06-30T04:44:55.282056,2026-06-29T18:44:56.069053+00:00,112.9,47,ask,,,13121810
2026-06-30T04:44:58.184407,2026-06-29T18:44:58.970648+00:00,113.1,1,bid,,,13121850
2026-06-30T04:44:58.184407,2026-06-29T18:44:58.970648+00:00,113.3,49,bid,,,13121851
2026-06-30T04:45:00.294181,2026-06-29T18:45:01.087506+00:00,113.2,4,bid,,,13121888
2026-06-30T04:45:00.294181,2026-06-29T18:45:01.087506+00:00,113.3,46,bid,,,13121889
2026-06-30T04:45:00.507953,2026-06-29T18:45:01.294359+00:00,113.3,48,bid,,,13121895
2026-06-30T04:45:02.302166,2026-06-29T18:45:03.090006+00:00,112.9,1,ask,,,13121934
2026-06-30T04:45:02.302166,2026-06-29T18:45:03.090006+00:00,112.8,40,ask,,,13121935
2026-06-30T04:45:02.399158,2026-06-29T18:45:03.187664+00:00,113.1,25,ask,,,13121939
2026-06-30T04:45:02.402669,2026-06-29T18:45:03.187664+00:00,113.2,4,bid,,,13121940
2026-06-30T04:45:02.402669,2026-06-29T18:45:03.187664+00:00,113.3,46,bid,,,13121941
2026-06-30T04:45:02.510770,2026-06-29T18:45:03.297348+00:00,113.1,25,ask,,,13121943
2026-06-30T04:45:02.611606,2026-06-29T18:45:03.394996+00:00,113.1,25,ask,,,13121945
2026-06-30T04:45:02.720792,2026-06-29T18:45:03.515271+00:00,113.1,25,ask,,,13121952
2026-06-30T04:45:02.821335,2026-06-29T18:45:03.612974+00:00,113.1,25,ask,,,13121956
2026-06-30T04:45:02.929890,2026-06-29T18:45:03.721209+00:00,113.1,25,ask,,,13121962
2026-06-30T04:45:04.563860,2026-06-29T18:45:05.357430+00:00,112.9,2,ask,,,13121984
2026-06-30T04:45:04.563860,2026-06-29T18:45:05.357430+00:00,112.9,48,ask,,,13121985
2026-06-30T04:45:04.586767,2026-06-29T18:45:05.378631+00:00,112.9,44,ask,,,13121986
2026-06-30T04:45:05.590081,2026-06-29T18:45:06.379721+00:00,112.9,8,ask,,,13122009
2026-06-30T04:45:05.590081,2026-06-29T18:45:06.379721+00:00,112.9,1,ask,,,13122010
2026-06-30T04:45:05.901920,2026-06-29T18:45:06.686736+00:00,112.9,1,bid,,,13122014
2026-06-30T04:45:05.930288,2026-06-29T18:45:06.719009+00:00,112.9,1,bid,,,13122017
2026-06-30T04:45:06.036823,2026-06-29T18:45:06.828209+00:00,112.9,1,bid,,,13122020
2026-06-30T04:45:06.117502,2026-06-29T18:45:06.905136+00:00,112.9,1,bid,,,13122023
2026-06-30T04:45:06.162810,2026-06-29T18:45:06.947904+00:00,112.9,1,bid,,,13122024
2026-06-30T04:45:06.621809,2026-06-29T18:45:07.416308+00:00,112.9,50,bid,,,13122032
2026-06-30T04:45:08.061718,2026-06-29T18:45:08.854158+00:00,112.9,40,bid,,,13122061
2026-06-30T04:45:08.781270,2026-06-29T18:45:09.574266+00:00,112.8,1,ask,,,13122073
2026-06-30T04:45:08.781270,2026-06-29T18:45:09.574266+00:00,112.8,49,ask,,,13122074
2026-06-30T04:45:10.889836,2026-06-29T18:45:11.676450+00:00,112.8,50,ask,,,13122108
2026-06-30T04:45:13.001120,2026-06-29T18:45:13.818213+00:00,112.9,50,ask,,,13122151
2026-06-30T04:45:15.057574,2026-06-29T18:45:15.938127+00:00,113.2,1,bid,,,13122189
2026-06-30T04:45:15.057574,2026-06-29T18:45:15.948706+00:00,113.4,49,bid,,,13122190
2026-06-30T04:45:15.085992,2026-06-29T18:45:15.959780+00:00,112.9,50,ask,,,13122192
2026-06-30T04:45:15.172440,2026-06-29T18:45:16.047348+00:00,112.9,25,bid,,,13122195
2026-06-30T04:45:15.259654,2026-06-29T18:45:16.134311+00:00,112.9,25,bid,,,13122197
2026-06-30T04:45:15.403143,2026-06-29T18:45:16.275048+00:00,112.9,25,bid,,,13122199
2026-06-30T04:45:15.468867,2026-06-29T18:45:16.338955+00:00,112.9,25,bid,,,13122202
2026-06-30T04:45:17.199210,2026-06-29T18:45:17.983083+00:00,113.2,50,bid,,,13122229
2026-06-30T04:45:18.212289,2026-06-29T18:45:18.997790+00:00,113.1,25,ask,,,13122245
2026-06-30T04:45:18.278454,2026-06-29T18:45:19.063211+00:00,113.1,25,ask,,,13122247
2026-06-30T04:45:18.422192,2026-06-29T18:45:19.215229+00:00,113.1,25,ask,,,13122251
2026-06-30T04:45:18.492435,2026-06-29T18:45:19.279705+00:00,113.1,25,ask,,,13122253
2026-06-30T04:45:18.633937,2026-06-29T18:45:19.422022+00:00,113.1,25,ask,,,13122255
2026-06-30T04:45:18.701953,2026-06-29T18:45:19.487430+00:00,113.1,25,ask,,,13122257
2026-06-30T04:45:19.306377,2026-06-29T18:45:20.094993+00:00,113.1,50,bid,,,13122277
2026-06-30T04:45:21.404525,2026-06-29T18:45:22.196121+00:00,112.8,1,ask,,,13122304
2026-06-30T04:45:21.412916,2026-06-29T18:45:22.207184+00:00,112.8,50,bid,,,13122305
2026-06-30T04:45:23.517577,2026-06-29T18:45:24.308452+00:00,112.8,50,bid,,,13122340
2026-06-30T04:45:25.184527,2026-06-29T18:45:25.971417+00:00,113.1,1,bid,,,13122376
2026-06-30T04:45:25.184527,2026-06-29T18:45:25.971417+00:00,113.2,46,bid,,,13122377
2026-06-30T04:45:25.623834,2026-06-29T18:45:26.411213+00:00,113.1,6,bid,,,13122385
2026-06-30T04:45:25.623834,2026-06-29T18:45:26.411213+00:00,113.3,44,bid,,,13122386
2026-06-30T04:45:26.588293,2026-06-29T18:45:27.379270+00:00,113.1,6,bid,,,13122403
2026-06-30T04:45:27.144822,2026-06-29T18:45:27.928742+00:00,112.9,49,ask,,,13122415
2026-06-30T04:45:27.684003,2026-06-29T18:45:28.468073+00:00,113.1,3,bid,,,13122427
2026-06-30T04:45:27.714250,2026-06-29T18:45:28.501186+00:00,113.2,49,ask,,,13122428
2026-06-30T04:45:27.731288,2026-06-29T18:45:28.523309+00:00,113.4,50,bid,,,13122429
2026-06-30T04:45:28.261254,2026-06-29T18:45:29.047573+00:00,113.2,25,ask,,,13122440
2026-06-30T04:45:28.328806,2026-06-29T18:45:29.113047+00:00,113.2,25,ask,,,13122443
2026-06-30T04:45:28.471548,2026-06-29T18:45:29.254956+00:00,113.2,25,ask,,,13122448
2026-06-30T04:45:28.541938,2026-06-29T18:45:29.329864+00:00,113.2,23,ask,,,13122452
2026-06-30T04:45:29.889572,2026-06-29T18:45:30.684029+00:00,113.0,50,ask,,,13122486
2026-06-30T04:45:30.886560,2026-06-29T18:45:31.677532+00:00,113.0,25,ask,,,13122511
2026-06-30T04:45:30.960710,2026-06-29T18:45:31.754003+00:00,113.0,25,ask,,,13122513
2026-06-30T04:45:31.943699,2026-06-29T18:45:32.734013+00:00,113.1,50,bid,,,13122531
2026-06-30T04:45:33.225204,2026-06-29T18:45:34.017653+00:00,113.1,42,bid,,,13122559
2026-06-30T04:45:33.873743,2026-06-29T18:45:34.662070+00:00,113.1,48,bid,,,13122570
2026-06-30T04:45:34.009959,2026-06-29T18:45:34.804021+00:00,113.1,100,bid,,,13122575
2026-06-30T04:45:34.009959,2026-06-29T18:45:34.804021+00:00,113.1,1,bid,,,13122576
2026-06-30T04:45:34.101085,2026-06-29T18:45:34.891165+00:00,113.1,49,ask,,,13122581
2026-06-30T04:45:34.101085,2026-06-29T18:45:34.891165+00:00,112.9,1,ask,,,13122582
2026-06-30T04:45:34.913592,2026-06-29T18:45:35.700683+00:00,112.9,4,ask,,,13122601
2026-06-30T04:45:34.913592,2026-06-29T18:45:35.700683+00:00,112.6,45,ask,,,13122602
2026-06-30T04:45:36.159181,2026-06-29T18:45:36.953247+00:00,113.1,3,bid,,,13122618
2026-06-30T04:45:37.511860,2026-06-29T18:45:38.295526+00:00,113.1,25,bid,,,13122648
2026-06-30T04:45:37.586198,2026-06-29T18:45:38.371059+00:00,113.1,25,bid,,,13122654
2026-06-30T04:45:37.721046,2026-06-29T18:45:38.513808+00:00,113.1,25,bid,,,13122658
2026-06-30T04:45:37.799667,2026-06-29T18:45:38.591196+00:00,113.1,25,bid,,,13122662
2026-06-30T04:45:37.930809,2026-06-29T18:45:38.722918+00:00,113.1,25,bid,,,13122672
2026-06-30T04:45:38.008419,2026-06-29T18:45:38.798436+00:00,113.1,25,bid,,,13122680
2026-06-30T04:45:38.014684,2026-06-29T18:45:38.798436+00:00,113.2,3,bid,,,13122681
2026-06-30T04:45:38.014684,2026-06-29T18:45:38.809014+00:00,113.5,41,bid,,,13122682
2026-06-30T04:45:38.319022,2026-06-29T18:45:39.106390+00:00,113.4,50,ask,,,13122687
2026-06-30T04:45:38.565388,2026-06-29T18:45:39.357533+00:00,113.4,6,ask,,,13122689
2026-06-30T04:45:38.736608,2026-06-29T18:45:39.531071+00:00,113.4,25,ask,,,13122694
2026-06-30T04:45:38.814223,2026-06-29T18:45:39.607499+00:00,113.4,19,ask,,,13122696
2026-06-30T04:45:40.426470,2026-06-29T18:45:41.218800+00:00,113.3,50,ask,,,13122729
2026-06-30T04:45:41.550136,2026-06-29T18:45:42.339900+00:00,113.3,25,ask,,,13122744
2026-06-30T04:45:41.588722,2026-06-29T18:45:42.373057+00:00,113.3,43,ask,,,13122748
2026-06-30T04:45:41.646468,2026-06-29T18:45:42.437908+00:00,113.3,25,ask,,,13122750
2026-06-30T04:45:41.760526,2026-06-29T18:45:42.547532+00:00,113.3,7,ask,,,13122753
2026-06-30T04:45:42.480491,2026-06-29T18:45:43.267816+00:00,113.5,50,bid,,,13122773
2026-06-30T04:45:44.638666,2026-06-29T18:45:45.427708+00:00,113.1,50,ask,,,13122793
2026-06-30T04:45:45.173194,2026-06-29T18:45:45.962081+00:00,113.1,49,ask,,,13122814
2026-06-30T04:45:46.745494,2026-06-29T18:45:47.530769+00:00,113.1,1,ask,,,13122825
2026-06-30T04:45:46.745494,2026-06-29T18:45:47.530769+00:00,113.0,2,ask,,,13122826
2026-06-30T04:45:46.745494,2026-06-29T18:45:47.541825+00:00,112.7,47,ask,,,13122827
2026-06-30T04:45:47.190175,2026-06-29T18:45:47.977275+00:00,113.2,41,bid,,,13122838
2026-06-30T04:45:48.808048,2026-06-29T18:45:49.599034+00:00,113.2,50,bid,,,13122862
2026-06-30T04:45:49.286608,2026-06-29T18:45:50.081669+00:00,113.2,25,bid,,,13122878
2026-06-30T04:45:49.392074,2026-06-29T18:45:50.180215+00:00,113.2,25,bid,,,13122882
2026-06-30T04:45:49.496760,2026-06-29T18:45:50.288808+00:00,113.2,9,bid,,,13122884
2026-06-30T04:45:49.501245,2026-06-29T18:45:50.288808+00:00,113.3,2,bid,,,13122885
2026-06-30T04:45:49.601730,2026-06-29T18:45:50.387386+00:00,113.3,25,bid,,,13122887
2026-06-30T04:45:49.711713,2026-06-29T18:45:50.496457+00:00,113.3,25,bid,,,13122889
2026-06-30T04:45:49.717141,2026-06-29T18:45:50.507505+00:00,113.3,2,bid,,,13122890
2026-06-30T04:45:49.811985,2026-06-29T18:45:50.605956+00:00,113.3,25,bid,,,13122892
2026-06-30T04:45:49.846060,2026-06-29T18:45:50.637669+00:00,113.3,21,bid,,,13122893
2026-06-30T04:45:49.921946,2026-06-29T18:45:50.714028+00:00,113.4,2,bid,,,13122894
2026-06-30T04:45:50.126881,2026-06-29T18:45:50.917372+00:00,113.4,2,bid,,,13122895
2026-06-30T04:45:50.156331,2026-06-29T18:45:50.947876+00:00,113.3,4,ask,,,13122896
2026-06-30T04:45:50.380121,2026-06-29T18:45:51.167606+00:00,113.3,4,ask,,,13122902
2026-06-30T04:45:50.493637,2026-06-29T18:45:51.283702+00:00,113.3,4,ask,,,13122905
2026-06-30T04:45:50.540056,2026-06-29T18:45:51.327952+00:00,113.3,3,ask,,,13122907
2026-06-30T04:45:50.793046,2026-06-29T18:45:51.577622+00:00,113.8,41,bid,,,13122911
2026-06-30T04:45:50.848683,2026-06-29T18:45:51.642998+00:00,113.3,40,ask,,,13122912
2026-06-30T04:45:50.965014,2026-06-29T18:45:51.751777+00:00,113.3,50,ask,,,13122915
2026-06-30T04:45:51.472289,2026-06-29T18:45:52.262040+00:00,113.3,24,ask,,,13122923
2026-06-30T04:45:53.071198,2026-06-29T18:45:53.862139+00:00,113.1,50,ask,,,13122966
2026-06-30T04:45:55.177648,2026-06-29T18:45:55.967463+00:00,113.1,50,ask,,,13123001
2026-06-30T04:45:57.177227,2026-06-29T18:45:57.968259+00:00,113.2,25,bid,,,13123038
2026-06-30T04:45:57.235402,2026-06-29T18:45:58.023046+00:00,113.2,25,bid,,,13123041
2026-06-30T04:45:57.283362,2026-06-29T18:45:58.067298+00:00,112.9,50,ask,,,13123044
2026-06-30T04:45:57.386940,2026-06-29T18:45:58.175130+00:00,113.2,25,bid,,,13123046
2026-06-30T04:45:57.444106,2026-06-29T18:45:58.228541+00:00,113.2,25,bid,,,13123049
2026-06-30T04:45:57.598553,2026-06-29T18:45:58.382163+00:00,113.2,25,bid,,,13123053
2026-06-30T04:45:57.654387,2026-06-29T18:45:58.448032+00:00,113.2,25,bid,,,13123055
2026-06-30T04:45:59.326430,2026-06-29T18:46:00.111055+00:00,113.4,6,bid,,,13123075
2026-06-30T04:45:59.326430,2026-06-29T18:46:00.122107+00:00,113.4,100,bid,,,13123076
2026-06-30T04:45:59.391872,2026-06-29T18:46:00.177374+00:00,113.4,44,ask,,,13123077
2026-06-30T04:45:59.391872,2026-06-29T18:46:00.177374+00:00,112.9,6,ask,,,13123078
2026-06-30T04:46:01.505112,2026-06-29T18:46:02.297782+00:00,113.0,50,ask,,,13123129
2026-06-30T04:46:03.613023,2026-06-29T18:46:04.403837+00:00,113.1,5,ask,,,13123165
2026-06-30T04:46:03.613023,2026-06-29T18:46:04.403837+00:00,113.0,45,ask,,,13123166
2026-06-30T04:46:04.016935,2026-06-29T18:46:04.807170+00:00,113.5,41,bid,,,13123177
2026-06-30T04:46:04.875113,2026-06-29T18:46:05.662252+00:00,113.4,1,bid,,,13123190
2026-06-30T04:46:05.506771,2026-06-29T18:46:06.297748+00:00,113.4,1,bid,,,13123195
2026-06-30T04:46:05.506771,2026-06-29T18:46:06.297748+00:00,113.5,40,bid,,,13123196
2026-06-30T04:46:05.722026,2026-06-29T18:46:06.510285+00:00,113.1,4,ask,,,13123207
2026-06-30T04:46:05.722026,2026-06-29T18:46:06.510285+00:00,113.1,46,ask,,,13123208
2026-06-30T04:46:06.910807,2026-06-29T18:46:07.697440+00:00,113.1,42,ask,,,13123230
2026-06-30T04:46:07.829258,2026-06-29T18:46:08.613906+00:00,113.1,50,ask,,,13123246
2026-06-30T04:46:08.864618,2026-06-29T18:46:09.648311+00:00,113.1,5,ask,,,13123268
2026-06-30T04:46:08.864618,2026-06-29T18:46:09.659311+00:00,113.0,100,ask,,,13123269
2026-06-30T04:46:09.014486,2026-06-29T18:46:09.799093+00:00,113.0,42,bid,,,13123271
2026-06-30T04:46:09.069878,2026-06-29T18:46:09.854359+00:00,113.0,3,bid,,,13123272
2026-06-30T04:46:09.946938,2026-06-29T18:46:10.735078+00:00,112.7,50,ask,,,13123296
2026-06-30T04:46:11.975841,2026-06-29T18:46:12.763974+00:00,113.2,100,bid,,,13123340
2026-06-30T04:46:11.975841,2026-06-29T18:46:12.763974+00:00,113.3,3,bid,,,13123341
2026-06-30T04:46:14.112764,2026-06-29T18:46:14.904935+00:00,113.6,50,bid,,,13123382
2026-06-30T04:46:14.504432,2026-06-29T18:46:15.292417+00:00,113.6,48,bid,,,13123395
2026-06-30T04:46:14.720212,2026-06-29T18:46:15.513204+00:00,113.6,2,bid,,,13123399
2026-06-30T04:46:16.164830,2026-06-29T18:46:16.958798+00:00,113.5,100,bid,,,13123415
2026-06-30T04:46:16.218144,2026-06-29T18:46:17.003013+00:00,113.5,50,bid,,,13123422
2026-06-30T04:46:16.558252,2026-06-29T18:46:17.352843+00:00,113.0,3,ask,,,13123429
2026-06-30T04:46:16.558252,2026-06-29T18:46:17.352843+00:00,113.0,39,ask,,,13123430
2026-06-30T04:46:17.591432,2026-06-29T18:46:18.385891+00:00,114.0,48,bid,,,13123442
2026-06-30T04:46:18.236953,2026-06-29T18:46:19.029590+00:00,113.1,5,ask,,,13123451
2026-06-30T04:46:18.236953,2026-06-29T18:46:19.029590+00:00,113.0,37,ask,,,13123452
2026-06-30T04:46:18.682993,2026-06-29T18:46:19.476367+00:00,113.4,1,ask,,,13123461
2026-06-30T04:46:19.089475,2026-06-29T18:46:19.877376+00:00,113.4,1,ask,,,13123473
2026-06-30T04:46:20.449766,2026-06-29T18:46:21.238425+00:00,113.9,50,bid,,,13123511
2026-06-30T04:46:21.002872,2026-06-29T18:46:21.795021+00:00,113.4,42,ask,,,13123527
2026-06-30T04:46:21.588107,2026-06-29T18:46:22.382001+00:00,113.9,44,bid,,,13123535
2026-06-30T04:46:22.215088,2026-06-29T18:46:23.004018+00:00,113.5,41,ask,,,13123550
2026-06-30T04:46:22.554881,2026-06-29T18:46:23.340973+00:00,114.0,50,bid,,,13123555
2026-06-30T04:46:24.667961,2026-06-29T18:46:25.459723+00:00,114.2,50,bid,,,13123593
2026-06-30T04:46:26.576433,2026-06-29T18:46:27.368843+00:00,113.9,47,bid,,,13123621
2026-06-30T04:46:26.775619,2026-06-29T18:46:27.566058+00:00,113.9,50,bid,,,13123628
2026-06-30T04:46:27.706058,2026-06-29T18:46:28.498651+00:00,113.8,46,ask,,,13123642
2026-06-30T04:46:28.783867,2026-06-29T18:46:29.577201+00:00,113.8,44,ask,,,13123662
2026-06-30T04:46:28.890115,2026-06-29T18:46:29.675360+00:00,114.0,50,bid,,,13123667
2026-06-30T04:46:29.951153,2026-06-29T18:46:30.739692+00:00,113.8,25,ask,,,13123688
2026-06-30T04:46:30.062712,2026-06-29T18:46:30.848431+00:00,113.8,25,ask,,,13123691
2026-06-30T04:46:30.175975,2026-06-29T18:46:30.969106+00:00,113.8,25,ask,,,13123694
2026-06-30T04:46:30.269919,2026-06-29T18:46:31.057601+00:00,113.8,25,ask,,,13123700
2026-06-30T04:46:30.386132,2026-06-29T18:46:31.177456+00:00,113.8,6,ask,,,13123703
2026-06-30T04:46:30.996752,2026-06-29T18:46:31.787428+00:00,114.0,50,bid,,,13123720
2026-06-30T04:46:31.030077,2026-06-29T18:46:31.819685+00:00,113.5,100,ask,,,13123723
2026-06-30T04:46:31.185054,2026-06-29T18:46:31.974494+00:00,113.5,48,bid,,,13123729
2026-06-30T04:46:31.286264,2026-06-29T18:46:32.071217+00:00,113.5,2,bid,,,13123734
2026-06-30T04:46:32.331841,2026-06-29T18:46:33.127587+00:00,113.4,42,ask,,,13123755
2026-06-30T04:46:33.105503,2026-06-29T18:46:33.891140+00:00,113.8,6,bid,,,13123769
2026-06-30T04:46:33.105503,2026-06-29T18:46:33.891140+00:00,113.9,44,bid,,,13123770
2026-06-30T04:46:34.290961,2026-06-29T18:46:35.079737+00:00,113.8,6,bid,,,13123791
2026-06-30T04:46:34.290961,2026-06-29T18:46:35.079737+00:00,113.9,35,bid,,,13123792
2026-06-30T04:46:35.262665,2026-06-29T18:46:36.048451+00:00,113.5,50,ask,,,13123818
2026-06-30T04:46:37.368750,2026-06-29T18:46:38.162043+00:00,113.5,50,ask,,,13123851
2026-06-30T04:46:38.064606,2026-06-29T18:46:38.858656+00:00,113.5,48,ask,,,13123862
2026-06-30T04:46:39.424580,2026-06-29T18:46:40.211930+00:00,113.9,6,bid,,,13123879
2026-06-30T04:46:39.424580,2026-06-29T18:46:40.211930+00:00,113.9,44,bid,,,13123880
2026-06-30T04:46:40.452401,2026-06-29T18:46:41.247771+00:00,113.9,42,bid,,,13123902
2026-06-30T04:46:40.615178,2026-06-29T18:46:41.399784+00:00,113.5,25,bid,,,13123912
2026-06-30T04:46:41.222822,2026-06-29T18:46:42.010190+00:00,113.5,2,bid,,,13123930
2026-06-30T04:46:41.474866,2026-06-29T18:46:42.272924+00:00,113.5,100,bid,,,13123936
2026-06-30T04:46:42.456430,2026-06-29T18:46:43.243092+00:00,113.5,23,bid,,,13123954
2026-06-30T04:46:42.456430,2026-06-29T18:46:43.243092+00:00,113.9,5,bid,,,13123955
2026-06-30T04:46:43.686294,2026-06-29T18:46:44.474324+00:00,113.5,50,ask,,,13123984
2026-06-30T04:46:44.073812,2026-06-29T18:46:44.867561+00:00,113.5,48,ask,,,13123985
2026-06-30T04:46:45.792835,2026-06-29T18:46:46.586420+00:00,113.5,50,ask,,,13124014
2026-06-30T04:46:46.823590,2026-06-29T18:46:47.618703+00:00,113.7,47,bid,,,13124026
2026-06-30T04:46:46.891897,2026-06-29T18:46:47.685011+00:00,113.5,23,bid,,,13124030
2026-06-30T04:46:47.800600,2026-06-29T18:46:48.587739+00:00,113.5,100,bid,,,13124048
2026-06-30T04:46:47.900011,2026-06-29T18:46:48.686259+00:00,113.0,50,ask,,,13124051
2026-06-30T04:46:48.445334,2026-06-29T18:46:49.235875+00:00,113.5,25,bid,,,13124062
2026-06-30T04:46:48.655573,2026-06-29T18:46:49.443913+00:00,113.5,2,bid,,,13124069
2026-06-30T04:46:49.956945,2026-06-29T18:46:50.748681+00:00,113.8,6,bid,,,13124103
2026-06-30T04:46:49.956945,2026-06-29T18:46:50.748681+00:00,114.0,44,bid,,,13124104
2026-06-30T04:46:52.117257,2026-06-29T18:46:52.906022+00:00,113.6,50,ask,,,13124135
2026-06-30T04:46:52.616675,2026-06-29T18:46:53.407324+00:00,113.6,40,ask,,,13124145
2026-06-30T04:46:53.739959,2026-06-29T18:46:54.528990+00:00,113.9,47,bid,,,13124164
2026-06-30T04:46:54.224507,2026-06-29T18:46:55.018687+00:00,113.5,50,ask,,,13124173
2026-06-30T04:46:54.877026,2026-06-29T18:46:55.662858+00:00,113.9,25,bid,,,13124188
2026-06-30T04:46:56.330853,2026-06-29T18:46:57.116021+00:00,114.0,44,bid,,,13124215
2026-06-30T04:46:56.334527,2026-06-29T18:46:57.127069+00:00,113.8,50,ask,,,13124216
2026-06-30T04:46:58.439718,2026-06-29T18:46:59.229753+00:00,113.8,50,ask,,,13124265
2026-06-30T04:47:00.547341,2026-06-29T18:47:01.336017+00:00,113.7,50,ask,,,13124307
2026-06-30T04:47:01.753895,2026-06-29T18:47:02.539937+00:00,113.7,48,ask,,,13124332
2026-06-30T04:47:02.602912,2026-06-29T18:47:03.391824+00:00,114.2,50,bid,,,13124337
2026-06-30T04:47:02.674248,2026-06-29T18:47:03.468339+00:00,113.7,2,ask,,,13124341
2026-06-30T04:47:04.716276,2026-06-29T18:47:05.502234+00:00,113.7,50,bid,,,13124378
2026-06-30T04:47:05.412100,2026-06-29T18:47:06.200687+00:00,113.7,41,bid,,,13124396
2026-06-30T04:47:05.466147,2026-06-29T18:47:06.255993+00:00,113.6,2,ask,,,13124397
2026-06-30T04:47:05.466147,2026-06-29T18:47:06.255993+00:00,113.5,46,ask,,,13124398
2026-06-30T04:47:05.974330,2026-06-29T18:47:06.768471+00:00,114.0,1,bid,,,13124410
2026-06-30T04:47:05.974330,2026-06-29T18:47:06.768471+00:00,114.0,40,bid,,,13124411
2026-06-30T04:47:06.824336,2026-06-29T18:47:07.609876+00:00,113.9,1,bid,,,13124423
2026-06-30T04:47:06.824336,2026-06-29T18:47:07.620928+00:00,114.1,49,bid,,,13124424
2026-06-30T04:47:08.110275,2026-06-29T18:47:08.898265+00:00,113.9,1,bid,,,13124449
2026-06-30T04:47:08.319714,2026-06-29T18:47:09.106823+00:00,113.9,1,bid,,,13124458
2026-06-30T04:47:08.530568,2026-06-29T18:47:09.325179+00:00,113.9,1,bid,,,13124461
2026-06-30T04:47:08.983346,2026-06-29T18:47:09.769869+00:00,113.9,50,ask,,,13124475
2026-06-30T04:47:11.102239,2026-06-29T18:47:11.896680+00:00,113.9,50,ask,,,13124528
2026-06-30T04:47:12.129116,2026-06-29T18:47:12.917264+00:00,113.6,5,ask,,,13124546
2026-06-30T04:47:12.129116,2026-06-29T18:47:12.917264+00:00,113.6,40,ask,,,13124547
2026-06-30T04:47:13.146137,2026-06-29T18:47:13.933918+00:00,113.9,40,bid,,,13124572
2026-06-30T04:47:13.211144,2026-06-29T18:47:13.998836+00:00,113.4,50,ask,,,13124575
2026-06-30T04:47:15.473225,2026-06-29T18:47:16.256896+00:00,113.3,44,ask,,,13124614
2026-06-30T04:47:16.952890,2026-06-29T18:47:17.737377+00:00,113.6,3,bid,,,13124633
2026-06-30T04:47:17.371092,2026-06-29T18:47:18.162955+00:00,113.6,50,bid,,,13124644
2026-06-30T04:47:18.194464,2026-06-29T18:47:18.988399+00:00,113.6,44,bid,,,13124658
2026-06-30T04:47:18.367712,2026-06-29T18:47:19.151971+00:00,113.6,3,bid,,,13124662
2026-06-30T04:47:19.477566,2026-06-29T18:47:20.263820+00:00,113.9,50,bid,,,13124670
2026-06-30T04:47:21.235217,2026-06-29T18:47:22.027434+00:00,113.6,45,ask,,,13124707
2026-06-30T04:47:21.586455,2026-06-29T18:47:22.376352+00:00,114.0,2,bid,,,13124717
2026-06-30T04:47:21.586455,2026-06-29T18:47:22.376352+00:00,114.1,48,bid,,,13124718
2026-06-30T04:47:21.769968,2026-06-29T18:47:22.559631+00:00,113.6,48,ask,,,13124719
2026-06-30T04:47:23.484491,2026-06-29T18:47:24.270039+00:00,113.8,43,bid,,,13124751
2026-06-30T04:47:24.078791,2026-06-29T18:47:24.871095+00:00,113.6,2,ask,,,13124769
2026-06-30T04:47:24.078791,2026-06-29T18:47:24.871095+00:00,113.6,45,ask,,,13124770
2026-06-30T04:47:25.869557,2026-06-29T18:47:26.660683+00:00,113.4,50,ask,,,13124815
2026-06-30T04:47:27.976274,2026-06-29T18:47:28.767770+00:00,113.5,50,ask,,,13124857
2026-06-30T04:47:29.858256,2026-06-29T18:47:30.644939+00:00,113.7,42,bid,,,13124885
2026-06-30T04:47:30.083672,2026-06-29T18:47:30.874190+00:00,113.5,50,ask,,,13124893
2026-06-30T04:47:30.882151,2026-06-29T18:47:31.668336+00:00,113.7,48,bid,,,13124914
2026-06-30T04:47:31.134508,2026-06-29T18:47:31.918795+00:00,113.2,100,ask,,,13124922
2026-06-30T04:47:31.498922,2026-06-29T18:47:32.288824+00:00,113.2,43,bid,,,13124930
2026-06-30T04:47:32.191352,2026-06-29T18:47:32.977147+00:00,113.0,50,ask,,,13124944
2026-06-30T04:47:32.827286,2026-06-29T18:47:33.618887+00:00,113.2,1,bid,,,13124959
2026-06-30T04:47:33.547311,2026-06-29T18:47:34.338366+00:00,113.0,46,ask,,,13124971
2026-06-30T04:47:34.299444,2026-06-29T18:47:35.088636+00:00,113.2,50,ask,,,13124988
2026-06-30T04:47:35.329703,2026-06-29T18:47:36.116747+00:00,113.2,100,ask,,,13125007
2026-06-30T04:47:38.456949,2026-06-29T18:47:39.248325+00:00,113.3,50,bid,,,13125050
2026-06-30T04:47:40.564311,2026-06-29T18:47:41.355201+00:00,113.4,50,bid,,,13125067
2026-06-30T04:47:41.499682,2026-06-29T18:47:42.289965+00:00,113.3,48,bid,,,13125074
2026-06-30T04:47:41.554970,2026-06-29T18:47:42.345201+00:00,112.8,41,ask,,,13125076
2026-06-30T04:47:42.046805,2026-06-29T18:47:42.841620+00:00,113.3,46,bid,,,13125082
2026-06-30T04:47:42.721258,2026-06-29T18:47:43.505077+00:00,113.1,50,ask,,,13125091
2026-06-30T04:47:45.073951,2026-06-29T18:47:45.862908+00:00,113.1,44,ask,,,13125135
2026-06-30T04:47:45.668182,2026-06-29T18:47:46.458851+00:00,113.1,43,ask,,,13125150
2026-06-30T04:47:46.932259,2026-06-29T18:47:47.725182+00:00,113.1,5,ask,,,13125167
2026-06-30T04:47:46.932259,2026-06-29T18:47:47.725182+00:00,113.0,45,ask,,,13125168
2026-06-30T04:47:49.039832,2026-06-29T18:47:49.827602+00:00,112.7,50,ask,,,13125221
2026-06-30T04:47:51.094844,2026-06-29T18:47:51.888055+00:00,113.0,50,bid,,,13125278
2026-06-30T04:47:51.479450,2026-06-29T18:47:52.270941+00:00,113.0,5,bid,,,13125283
2026-06-30T04:47:51.870301,2026-06-29T18:47:52.664814+00:00,113.0,5,bid,,,13125287
2026-06-30T04:47:52.469509,2026-06-29T18:47:53.253979+00:00,113.0,5,bid,,,13125294
2026-06-30T04:47:52.719597,2026-06-29T18:47:53.504220+00:00,113.0,43,bid,,,13125298
2026-06-30T04:47:53.208952,2026-06-29T18:47:53.997518+00:00,113.3,50,bid,,,13125306
2026-06-30T04:47:55.315670,2026-06-29T18:47:56.108012+00:00,113.3,50,bid,,,13125346
2026-06-30T04:47:57.421851,2026-06-29T18:47:58.212902+00:00,113.2,50,bid,,,13125395
2026-06-30T04:47:57.993793,2026-06-29T18:47:58.777996+00:00,113.0,47,ask,,,13125401
2026-06-30T04:47:59.528160,2026-06-29T18:48:00.320112+00:00,113.5,50,bid,,,13125431
2026-06-30T04:48:00.974633,2026-06-29T18:48:01.768865+00:00,113.3,1,bid,,,13125452
2026-06-30T04:48:00.974633,2026-06-29T18:48:01.768865+00:00,113.4,43,bid,,,13125453
2026-06-30T04:48:01.530870,2026-06-29T18:48:02.317831+00:00,112.9,5,ask,,,13125462
2026-06-30T04:48:01.530870,2026-06-29T18:48:02.317831+00:00,112.9,37,ask,,,13125463
2026-06-30T04:48:01.637992,2026-06-29T18:48:02.427611+00:00,113.4,50,bid,,,13125465
2026-06-30T04:48:02.562940,2026-06-29T18:48:03.355788+00:00,113.4,42,bid,,,13125482
2026-06-30T04:48:03.642018,2026-06-29T18:48:04.434363+00:00,113.3,42,ask,,,13125504
2026-06-30T04:48:03.747419,2026-06-29T18:48:04.532990+00:00,113.8,50,bid,,,13125511
2026-06-30T04:48:04.728400,2026-06-29T18:48:05.513452+00:00,113.5,42,bid,,,13125531
2026-06-30T04:48:05.854907,2026-06-29T18:48:06.646083+00:00,113.5,50,bid,,,13125545
2026-06-30T04:48:05.876397,2026-06-29T18:48:06.667284+00:00,113.5,8,bid,,,13125547
2026-06-30T04:48:06.408398,2026-06-29T18:48:07.203258+00:00,113.5,47,ask,,,13125556
2026-06-30T04:48:08.016129,2026-06-29T18:48:08.804222+00:00,113.5,50,ask,,,13125584
2026-06-30T04:48:10.121835,2026-06-29T18:48:10.908380+00:00,113.5,50,ask,,,13125608
2026-06-30T04:48:12.234355,2026-06-29T18:48:13.021967+00:00,113.5,50,ask,,,13125637
2026-06-30T04:48:14.164216,2026-06-29T18:48:14.951083+00:00,113.2,45,ask,,,13125665
2026-06-30T04:48:14.341862,2026-06-29T18:48:15.126061+00:00,113.2,50,ask,,,13125666
2026-06-30T04:48:15.415150,2026-06-29T18:48:16.206975+00:00,113.2,100,ask,,,13125682
2026-06-30T04:48:16.398700,2026-06-29T18:48:17.186975+00:00,113.1,50,bid,,,13125704
2026-06-30T04:48:18.505147,2026-06-29T18:48:19.297330+00:00,113.1,50,bid,,,13125753
2026-06-30T04:48:18.522580,2026-06-29T18:48:19.307932+00:00,113.1,50,bid,,,13125754
2026-06-30T04:48:21.422419,2026-06-29T18:48:22.207149+00:00,113.6,43,bid,,,13125806
2026-06-30T04:48:21.903250,2026-06-29T18:48:22.693837+00:00,113.1,48,ask,,,13125812
2026-06-30T04:48:26.947661,2026-06-29T18:48:27.740163+00:00,113.4,50,bid,,,13125908
2026-06-30T04:48:27.081798,2026-06-29T18:48:27.871056+00:00,113.4,42,bid,,,13125911
2026-06-30T04:48:28.009841,2026-06-29T18:48:28.796452+00:00,113.5,100,bid,,,13125932
2026-06-30T04:48:28.009841,2026-06-29T18:48:28.796452+00:00,113.6,1,bid,,,13125933
2026-06-30T04:48:31.159627,2026-06-29T18:48:31.947558+00:00,113.9,50,bid,,,13125985
2026-06-30T04:48:32.642158,2026-06-29T18:48:33.437412+00:00,113.4,44,ask,,,13126014
2026-06-30T04:48:33.268203,2026-06-29T18:48:34.058064+00:00,113.6,50,bid,,,13126024
2026-06-30T04:48:33.962162,2026-06-29T18:48:34.756209+00:00,113.6,40,bid,,,13126035
2026-06-30T04:48:34.565611,2026-06-29T18:48:35.356510+00:00,113.4,25,ask,,,13126057
2026-06-30T04:48:34.583563,2026-06-29T18:48:35.378152+00:00,113.4,25,ask,,,13126059
2026-06-30T04:48:34.776506,2026-06-29T18:48:35.563099+00:00,113.4,6,ask,,,13126063
2026-06-30T04:48:35.902423,2026-06-29T18:48:36.703968+00:00,113.4,46,bid,,,13126090
2026-06-30T04:48:36.904255,2026-06-29T18:48:37.698226+00:00,113.2,41,ask,,,13126109
2026-06-30T04:48:37.479768,2026-06-29T18:48:38.266343+00:00,113.4,50,bid,,,13126118
2026-06-30T04:48:39.588409,2026-06-29T18:48:40.377802+00:00,113.5,50,bid,,,13126152
2026-06-30T04:48:41.693384,2026-06-29T18:48:42.486590+00:00,113.7,50,bid,,,13126178
2026-06-30T04:48:41.957788,2026-06-29T18:48:42.748410+00:00,113.3,4,ask,,,13126180
2026-06-30T04:48:41.957788,2026-06-29T18:48:42.748410+00:00,113.3,43,ask,,,13126181
2026-06-30T04:48:43.202841,2026-06-29T18:48:43.990851+00:00,113.3,25,ask,,,13126196
2026-06-30T04:48:43.207741,2026-06-29T18:48:44.001900+00:00,113.3,25,ask,,,13126197
2026-06-30T04:48:43.415409,2026-06-29T18:48:44.208182+00:00,113.3,7,ask,,,13126201
2026-06-30T04:48:43.415409,2026-06-29T18:48:44.208182+00:00,113.3,4,ask,,,13126202
2026-06-30T04:48:43.428908,2026-06-29T18:48:44.218761+00:00,113.2,2,ask,,,13126206
2026-06-30T04:48:43.633291,2026-06-29T18:48:44.426466+00:00,113.2,2,ask,,,13126209
2026-06-30T04:48:43.852943,2026-06-29T18:48:44.644970+00:00,113.2,50,ask,,,13126213
2026-06-30T04:48:43.984591,2026-06-29T18:48:44.775519+00:00,113.7,41,bid,,,13126214
2026-06-30T04:48:44.044798,2026-06-29T18:48:44.829943+00:00,113.2,2,ask,,,13126216
