timestamp,recv_time,price,volume,aggressor_side,buyer,seller,trade_id
2026-07-03T01:00:00.106428,2026-07-03T01:00:00.086128+00:00,111.0,50,ask,DiligentDonuts,FlawlessFlatbreads,5089755
2026-07-03T01:00:00.184639,2026-07-03T01:00:00.190432+00:00,111.5,46,bid,CostlyCorianders,EarnestEspressos,5089757
2026-07-03T01:00:01.257684,2026-07-03T01:00:01.267247+00:00,111.2,11,bid,Xuanyu Liu,EarnestEspressos,5089772
2026-07-03T01:00:01.656464,2026-07-03T01:00:01.668253+00:00,111.2,44,bid,CostlyCorianders,EarnestEspressos,5089776
2026-07-03T01:00:01.721848,2026-07-03T01:00:01.741727+00:00,111.2,3,bid,Xuanyu Liu,EarnestEspressos,5089778
2026-07-03T01:00:02.215136,2026-07-03T01:00:02.212245+00:00,110.7,50,ask,EarnestEspressos,FlawlessFlatbreads,5089787
2026-07-03T01:00:04.321433,2026-07-03T01:00:04.332726+00:00,110.6,50,ask,DiligentDonuts,FlawlessFlatbreads,5089824
2026-07-03T01:00:06.448456,2026-07-03T01:00:06.458560+00:00,111.0,50,ask,EarnestEspressos,FlawlessFlatbreads,5089860
2026-07-03T01:00:06.987040,2026-07-03T01:00:07.000477+00:00,111.2,3,bid,Xuanyu Liu,DiligentDonuts,5089873
2026-07-03T01:00:10.570238,2026-07-03T01:00:10.580440+00:00,111.0,48,ask,EarnestEspressos,CostlyCorianders,5089932
2026-07-03T01:00:10.608860,2026-07-03T01:00:10.618307+00:00,111.5,50,bid,FlawlessFlatbreads,EarnestEspressos,5089934
2026-07-03T01:00:12.576659,2026-07-03T01:00:12.586013+00:00,111.6,46,bid,CostlyCorianders,EarnestEspressos,5089962
2026-07-03T01:00:12.714927,2026-07-03T01:00:12.721915+00:00,111.6,50,bid,FlawlessFlatbreads,EarnestEspressos,5089971
2026-07-03T01:00:13.843892,2026-07-03T01:00:13.863711+00:00,111.7,100,bid,EarnestEspressos,DiligentDonuts,5089986
2026-07-03T01:00:14.213354,2026-07-03T01:00:14.222945+00:00,111.7,40,ask,EarnestEspressos,CostlyCorianders,5089993
2026-07-03T01:00:14.821125,2026-07-03T01:00:14.832838+00:00,112.2,50,bid,FlawlessFlatbreads,EarnestEspressos,5090000
2026-07-03T01:00:14.850973,2026-07-03T01:00:14.861821+00:00,111.7,3,ask,EarnestEspressos,Xuanyu Liu,5090002
2026-07-03T01:00:15.665429,2026-07-03T01:00:15.758652+00:00,111.7,7,ask,EarnestEspressos,CostlyCorianders,5090015
2026-07-03T01:00:15.665429,2026-07-03T01:00:15.758652+00:00,111.6,37,ask,DiligentDonuts,CostlyCorianders,5090016
2026-07-03T01:00:16.928696,2026-07-03T01:00:16.940219+00:00,112.1,50,bid,FlawlessFlatbreads,DiligentDonuts,5090035
2026-07-03T01:00:18.008049,2026-07-03T01:00:18.017926+00:00,111.6,46,ask,DiligentDonuts,CostlyCorianders,5090046
2026-07-03T01:00:18.478089,2026-07-03T01:00:18.489989+00:00,111.8,48,bid,CostlyCorianders,DiligentDonuts,5090053
2026-07-03T01:00:21.160950,2026-07-03T01:00:21.169018+00:00,111.7,50,bid,FlawlessFlatbreads,EarnestEspressos,5090105
2026-07-03T01:00:21.422752,2026-07-03T01:00:21.431290+00:00,111.7,3,bid,Xuanyu Liu,EarnestEspressos,5090110
2026-07-03T01:00:23.267876,2026-07-03T01:00:23.276360+00:00,111.7,50,bid,FlawlessFlatbreads,EarnestEspressos,5090142
2026-07-03T01:00:23.524886,2026-07-03T01:00:23.532700+00:00,111.7,3,ask,EarnestEspressos,Xuanyu Liu,5090147
2026-07-03T01:00:24.193286,2026-07-03T01:00:24.204848+00:00,111.7,40,ask,EarnestEspressos,CostlyCorianders,5090161
2026-07-03T01:00:25.374349,2026-07-03T01:00:25.384625+00:00,112.1,50,bid,FlawlessFlatbreads,DiligentDonuts,5090177
2026-07-03T01:00:25.934230,2026-07-03T01:00:25.943296+00:00,112.1,48,bid,CostlyCorianders,DiligentDonuts,5090184
2026-07-03T01:00:27.026919,2026-07-03T01:00:27.038323+00:00,112.1,2,bid,CostlyCorianders,DiligentDonuts,5090199
2026-07-03T01:00:27.026919,2026-07-03T01:00:27.038323+00:00,112.1,39,bid,CostlyCorianders,EarnestEspressos,5090200
2026-07-03T01:00:27.479034,2026-07-03T01:00:27.490758+00:00,112.1,50,bid,FlawlessFlatbreads,EarnestEspressos,5090203
2026-07-03T01:00:29.586635,2026-07-03T01:00:29.594896+00:00,112.1,50,bid,FlawlessFlatbreads,EarnestEspressos,5090246
2026-07-03T01:00:29.674758,2026-07-03T01:00:29.684207+00:00,112.3,3,ask,EarnestEspressos,Xuanyu Liu,5090250
2026-07-03T01:00:30.607953,2026-07-03T01:00:30.616405+00:00,112.3,23,ask,EarnestEspressos,Xuanyu Liu,5090259
2026-07-03T01:00:30.830125,2026-07-03T01:00:30.838705+00:00,112.3,11,ask,EarnestEspressos,Xuanyu Liu,5090266
2026-07-03T01:00:30.979083,2026-07-03T01:00:30.985932+00:00,112.3,22,ask,EarnestEspressos,Zihao Wu,5090273
2026-07-03T01:00:31.743721,2026-07-03T01:00:31.755159+00:00,112.3,50,ask,EarnestEspressos,FlawlessFlatbreads,5090283
2026-07-03T01:00:32.234937,2026-07-03T01:00:32.246772+00:00,112.3,41,ask,EarnestEspressos,CostlyCorianders,5090292
2026-07-03T01:00:32.234937,2026-07-03T01:00:32.246772+00:00,112.0,8,ask,DiligentDonuts,CostlyCorianders,5090293
2026-07-03T01:00:32.885167,2026-07-03T01:00:32.895902+00:00,112.0,92,ask,DiligentDonuts,EarnestEspressos,5090308
2026-07-03T01:00:32.897101,2026-07-03T01:00:32.902714+00:00,112.0,23,bid,Xuanyu Liu,EarnestEspressos,5090309
2026-07-03T01:00:35.702229,2026-07-03T01:00:35.710386+00:00,111.6,41,ask,DiligentDonuts,CostlyCorianders,5090363
2026-07-03T01:00:35.953990,2026-07-03T01:00:35.965312+00:00,111.6,50,ask,DiligentDonuts,FlawlessFlatbreads,5090365
2026-07-03T01:00:36.763494,2026-07-03T01:00:36.775185+00:00,112.1,44,bid,CostlyCorianders,DiligentDonuts,5090383
2026-07-03T01:00:37.175474,2026-07-03T01:00:37.184167+00:00,112.1,11,bid,Xuanyu Liu,DiligentDonuts,5090391
2026-07-03T01:00:38.064468,2026-07-03T01:00:38.074095+00:00,111.9,50,ask,EarnestEspressos,FlawlessFlatbreads,5090402
2026-07-03T01:00:38.390965,2026-07-03T01:00:38.399748+00:00,112.1,41,bid,CostlyCorianders,DiligentDonuts,5090408
2026-07-03T01:00:40.170514,2026-07-03T01:00:40.180654+00:00,111.9,50,ask,EarnestEspressos,FlawlessFlatbreads,5090448
2026-07-03T01:00:42.278356,2026-07-03T01:00:42.285594+00:00,111.9,50,ask,DiligentDonuts,FlawlessFlatbreads,5090468
2026-07-03T01:00:42.429341,2026-07-03T01:00:42.437840+00:00,112.1,3,bid,Xuanyu Liu,EarnestEspressos,5090470
2026-07-03T01:00:44.384941,2026-07-03T01:00:44.393354+00:00,111.9,50,ask,DiligentDonuts,FlawlessFlatbreads,5090508
2026-07-03T01:00:46.492419,2026-07-03T01:00:46.499465+00:00,111.8,50,ask,EarnestEspressos,FlawlessFlatbreads,5090545
2026-07-03T01:00:47.968721,2026-07-03T01:00:47.980243+00:00,111.8,47,ask,EarnestEspressos,CostlyCorianders,5090567
2026-07-03T01:00:48.557663,2026-07-03T01:00:48.569236+00:00,112.2,42,bid,CostlyCorianders,DiligentDonuts,5090571
2026-07-03T01:00:49.000143,2026-07-03T01:00:49.009125+00:00,112.0,3,bid,Xuanyu Liu,EarnestEspressos,5090584
2026-07-03T01:00:49.050559,2026-07-03T01:00:49.062178+00:00,112.0,48,bid,CostlyCorianders,EarnestEspressos,5090587
2026-07-03T01:00:49.703982,2026-07-03T01:00:49.715435+00:00,112.0,99,bid,DiligentDonuts,EarnestEspressos,5090597
2026-07-03T01:00:50.728706,2026-07-03T01:00:50.740398+00:00,112.0,1,ask,DiligentDonuts,CostlyCorianders,5090616
2026-07-03T01:00:50.728706,2026-07-03T01:00:50.740398+00:00,111.5,48,ask,EarnestEspressos,CostlyCorianders,5090617
2026-07-03T01:00:52.809796,2026-07-03T01:00:52.821389+00:00,111.9,50,ask,EarnestEspressos,FlawlessFlatbreads,5090646
2026-07-03T01:00:52.998961,2026-07-03T01:00:53.008956+00:00,112.1,22,bid,Zihao Wu,DiligentDonuts,5090651
2026-07-03T01:00:54.916912,2026-07-03T01:00:54.928704+00:00,111.9,50,ask,EarnestEspressos,FlawlessFlatbreads,5090683
2026-07-03T01:00:57.024913,2026-07-03T01:00:57.036225+00:00,111.6,50,ask,EarnestEspressos,FlawlessFlatbreads,5090716
2026-07-03T01:00:58.202215,2026-07-03T01:00:58.211033+00:00,111.6,34,bid,Xuanyu Liu,EarnestEspressos,5090742
2026-07-03T01:00:59.022637,2026-07-03T01:00:59.032243+00:00,111.6,49,bid,CostlyCorianders,EarnestEspressos,5090759
2026-07-03T01:00:59.188202,2026-07-03T01:00:59.196900+00:00,111.6,67,bid,DiligentDonuts,EarnestEspressos,5090760
2026-07-03T01:00:59.505631,2026-07-03T01:00:59.514416+00:00,111.7,11,ask,DiligentDonuts,Xuanyu Liu,5090764
2026-07-03T01:01:01.307990,2026-07-03T01:01:01.318573+00:00,111.9,12,ask,EarnestEspressos,Xuanyu Liu,5090793
2026-07-03T01:01:02.020314,2026-07-03T01:01:02.031769+00:00,111.9,43,ask,EarnestEspressos,CostlyCorianders,5090803
2026-07-03T01:01:02.124087,2026-07-03T01:01:02.132762+00:00,111.9,11,ask,EarnestEspressos,Xuanyu Liu,5090804
2026-07-03T01:01:02.407018,2026-07-03T01:01:02.414437+00:00,111.9,84,ask,EarnestEspressos,DiligentDonuts,5090810
2026-07-03T01:01:04.744265,2026-07-03T01:01:04.752187+00:00,111.8,11,bid,Xuanyu Liu,DiligentDonuts,5090853
2026-07-03T01:01:05.445178,2026-07-03T01:01:05.458616+00:00,111.3,50,ask,DiligentDonuts,FlawlessFlatbreads,5090865
2026-07-03T01:01:06.059500,2026-07-03T01:01:06.069035+00:00,111.8,23,bid,Xuanyu Liu,EarnestEspressos,5090877
2026-07-03T01:01:07.552302,2026-07-03T01:01:07.563886+00:00,111.4,50,ask,DiligentDonuts,FlawlessFlatbreads,5090905
2026-07-03T01:01:07.746974,2026-07-03T01:01:07.763734+00:00,111.4,45,ask,DiligentDonuts,CostlyCorianders,5090917
2026-07-03T01:01:08.280960,2026-07-03T01:01:08.292397+00:00,111.7,45,bid,CostlyCorianders,EarnestEspressos,5090928
2026-07-03T01:01:09.473571,2026-07-03T01:01:09.484916+00:00,111.6,45,bid,CostlyCorianders,DiligentDonuts,5090935
2026-07-03T01:01:09.608523,2026-07-03T01:01:09.620031+00:00,111.6,50,bid,FlawlessFlatbreads,DiligentDonuts,5090940
2026-07-03T01:01:10.796505,2026-07-03T01:01:10.804908+00:00,111.6,5,bid,EarnestEspressos,DiligentDonuts,5090955
2026-07-03T01:01:11.767236,2026-07-03T01:01:11.778593+00:00,111.6,50,ask,EarnestEspressos,FlawlessFlatbreads,5090974
2026-07-03T01:01:12.475033,2026-07-03T01:01:12.483585+00:00,111.6,48,ask,EarnestEspressos,CostlyCorianders,5090984
2026-07-03T01:01:13.126121,2026-07-03T01:01:13.137459+00:00,112.1,40,bid,CostlyCorianders,EarnestEspressos,5090991
2026-07-03T01:01:13.873402,2026-07-03T01:01:13.885093+00:00,111.6,47,ask,EarnestEspressos,FlawlessFlatbreads,5091004
2026-07-03T01:01:13.873402,2026-07-03T01:01:13.885093+00:00,111.6,3,ask,DiligentDonuts,FlawlessFlatbreads,5091005
2026-07-03T01:01:14.288746,2026-07-03T01:01:14.300138+00:00,111.6,41,ask,DiligentDonuts,CostlyCorianders,5091010
2026-07-03T01:01:15.939107,2026-07-03T01:01:15.958599+00:00,111.6,41,ask,DiligentDonuts,CostlyCorianders,5091050
2026-07-03T01:01:18.032797,2026-07-03T01:01:18.035481+00:00,111.7,50,bid,FlawlessFlatbreads,EarnestEspressos,5091074
2026-07-03T01:01:19.181090,2026-07-03T01:01:19.189756+00:00,111.7,12,bid,Xuanyu Liu,EarnestEspressos,5091097
2026-07-03T01:01:20.190815,2026-07-03T01:01:20.201677+00:00,111.4,50,ask,DiligentDonuts,FlawlessFlatbreads,5091105
2026-07-03T01:01:22.310236,2026-07-03T01:01:22.321648+00:00,111.1,50,ask,EarnestEspressos,FlawlessFlatbreads,5091141
2026-07-03T01:01:22.705535,2026-07-03T01:01:22.716915+00:00,111.6,46,bid,CostlyCorianders,EarnestEspressos,5091143
2026-07-03T01:01:23.621053,2026-07-03T01:01:23.636724+00:00,111.6,43,bid,CostlyCorianders,DiligentDonuts,5091161
2026-07-03T01:01:24.365940,2026-07-03T01:01:24.377511+00:00,111.6,50,bid,FlawlessFlatbreads,DiligentDonuts,5091172
2026-07-03T01:01:24.778478,2026-07-03T01:01:24.789074+00:00,111.5,49,ask,DiligentDonuts,CostlyCorianders,5091178
2026-07-03T01:01:26.496103,2026-07-03T01:01:26.503413+00:00,111.8,50,bid,FlawlessFlatbreads,EarnestEspressos,5091205
2026-07-03T01:01:26.538346,2026-07-03T01:01:26.557535+00:00,111.5,12,ask,DiligentDonuts,Xuanyu Liu,5091206
2026-07-03T01:01:27.340074,2026-07-03T01:01:27.350181+00:00,111.5,39,ask,DiligentDonuts,CostlyCorianders,5091223
2026-07-03T01:01:28.657148,2026-07-03T01:01:28.658568+00:00,111.4,50,ask,EarnestEspressos,FlawlessFlatbreads,5091245
2026-07-03T01:01:30.318979,2026-07-03T01:01:30.330394+00:00,111.6,45,bid,CostlyCorianders,DiligentDonuts,5091269
2026-07-03T01:01:30.719401,2026-07-03T01:01:30.734028+00:00,111.6,50,bid,FlawlessFlatbreads,DiligentDonuts,5091275
2026-07-03T01:01:32.290913,2026-07-03T01:01:32.298062+00:00,111.8,48,bid,CostlyCorianders,EarnestEspressos,5091299
2026-07-03T01:01:32.887411,2026-07-03T01:01:32.894496+00:00,111.3,50,ask,DiligentDonuts,FlawlessFlatbreads,5091310
2026-07-03T01:01:32.895804,2026-07-03T01:01:32.904980+00:00,111.3,42,ask,DiligentDonuts,CostlyCorianders,5091311
2026-07-03T01:01:33.937522,2026-07-03T01:01:33.949074+00:00,111.9,40,bid,CostlyCorianders,EarnestEspressos,5091330
2026-07-03T01:01:34.026883,2026-07-03T01:01:34.038498+00:00,111.4,100,ask,EarnestEspressos,DiligentDonuts,5091332
2026-07-03T01:01:34.959200,2026-07-03T01:01:34.969136+00:00,111.9,50,bid,FlawlessFlatbreads,EarnestEspressos,5091345
2026-07-03T01:01:34.993916,2026-07-03T01:01:35.000615+00:00,111.4,49,ask,EarnestEspressos,CostlyCorianders,5091347
2026-07-03T01:01:37.064126,2026-07-03T01:01:37.074630+00:00,111.7,50,bid,FlawlessFlatbreads,EarnestEspressos,5091378
2026-07-03T01:01:39.172996,2026-07-03T01:01:39.184346+00:00,111.7,50,bid,FlawlessFlatbreads,EarnestEspressos,5091411
2026-07-03T01:01:39.622059,2026-07-03T01:01:39.628484+00:00,111.8,42,bid,CostlyCorianders,DiligentDonuts,5091420
2026-07-03T01:01:41.283441,2026-07-03T01:01:41.294540+00:00,112.1,50,bid,FlawlessFlatbreads,EarnestEspressos,5091447
2026-07-03T01:01:41.482371,2026-07-03T01:01:41.490765+00:00,111.6,11,ask,EarnestEspressos,Xuanyu Liu,5091449
2026-07-03T01:01:42.452341,2026-07-03T01:01:42.460572+00:00,111.7,12,ask,EarnestEspressos,Xuanyu Liu,5091463
2026-07-03T01:01:42.797299,2026-07-03T01:01:42.839941+00:00,111.7,11,ask,EarnestEspressos,Xuanyu Liu,5091472
2026-07-03T01:01:43.392301,2026-07-03T01:01:43.403723+00:00,112.1,50,bid,FlawlessFlatbreads,DiligentDonuts,5091484
2026-07-03T01:01:44.058239,2026-07-03T01:01:44.073981+00:00,111.7,41,ask,EarnestEspressos,CostlyCorianders,5091495
2026-07-03T01:01:45.008969,2026-07-03T01:01:45.020489+00:00,111.9,43,bid,CostlyCorianders,DiligentDonuts,5091509
2026-07-03T01:01:45.511911,2026-07-03T01:01:45.523571+00:00,111.9,50,bid,FlawlessFlatbreads,DiligentDonuts,5091515
2026-07-03T01:01:46.626184,2026-07-03T01:01:46.637555+00:00,111.9,100,bid,DiligentDonuts,EarnestEspressos,5091532
2026-07-03T01:01:47.620798,2026-07-03T01:01:47.629598+00:00,111.9,50,bid,FlawlessFlatbreads,EarnestEspressos,5091544
2026-07-03T01:01:48.595431,2026-07-03T01:01:48.606877+00:00,111.4,46,ask,EarnestEspressos,CostlyCorianders,5091563
2026-07-03T01:01:49.528439,2026-07-03T01:01:49.536786+00:00,112.2,3,ask,EarnestEspressos,Xuanyu Liu,5091580
2026-07-03T01:01:49.637555,2026-07-03T01:01:49.643800+00:00,112.4,49,bid,CostlyCorianders,DiligentDonuts,5091584
2026-07-03T01:01:51.191161,2026-07-03T01:01:51.202515+00:00,112.2,44,ask,EarnestEspressos,CostlyCorianders,5091607
2026-07-03T01:01:51.845369,2026-07-03T01:01:51.853752+00:00,112.6,50,bid,FlawlessFlatbreads,DiligentDonuts,5091624
2026-07-03T01:01:53.975521,2026-07-03T01:01:53.986754+00:00,112.5,50,bid,FlawlessFlatbreads,EarnestEspressos,5091664
2026-07-03T01:01:54.573597,2026-07-03T01:01:54.585251+00:00,112.2,43,ask,DiligentDonuts,CostlyCorianders,5091672
2026-07-03T01:01:56.081588,2026-07-03T01:01:56.092621+00:00,112.5,50,bid,FlawlessFlatbreads,EarnestEspressos,5091693
2026-07-03T01:01:56.175343,2026-07-03T01:01:56.185791+00:00,112.5,49,bid,CostlyCorianders,EarnestEspressos,5091695
2026-07-03T01:01:56.232860,2026-07-03T01:01:56.241460+00:00,112.0,46,ask,EarnestEspressos,CostlyCorianders,5091698
2026-07-03T01:01:58.189430,2026-07-03T01:01:58.200863+00:00,112.4,50,bid,FlawlessFlatbreads,DiligentDonuts,5091727
2026-07-03T01:01:58.424835,2026-07-03T01:01:58.431473+00:00,112.2,49,ask,EarnestEspressos,CostlyCorianders,5091737
2026-07-03T01:02:00.309155,2026-07-03T01:02:00.320492+00:00,112.5,50,bid,FlawlessFlatbreads,DiligentDonuts,5091766
2026-07-03T01:02:00.411825,2026-07-03T01:02:00.420340+00:00,112.5,41,bid,CostlyCorianders,DiligentDonuts,5091768
2026-07-03T01:02:02.415911,2026-07-03T01:02:02.425416+00:00,112.4,50,bid,FlawlessFlatbreads,EarnestEspressos,5091807
2026-07-03T01:02:02.471215,2026-07-03T01:02:02.479838+00:00,112.3,3,ask,DiligentDonuts,Xuanyu Liu,5091808
2026-07-03T01:02:03.113692,2026-07-03T01:02:03.125255+00:00,112.3,49,ask,DiligentDonuts,CostlyCorianders,5091826
2026-07-03T01:02:04.521971,2026-07-03T01:02:04.529923+00:00,112.4,50,bid,FlawlessFlatbreads,EarnestEspressos,5091852
2026-07-03T01:02:04.663517,2026-07-03T01:02:04.674972+00:00,112.8,49,bid,CostlyCorianders,DiligentDonuts,5091856
2026-07-03T01:02:05.799035,2026-07-03T01:02:05.810489+00:00,112.8,43,bid,CostlyCorianders,EarnestEspressos,5091877
2026-07-03T01:02:06.302088,2026-07-03T01:02:06.313749+00:00,112.6,46,ask,DiligentDonuts,CostlyCorianders,5091883
2026-07-03T01:02:06.628691,2026-07-03T01:02:06.639985+00:00,112.8,50,bid,FlawlessFlatbreads,EarnestEspressos,5091887
2026-07-03T01:02:07.728895,2026-07-03T01:02:07.737361+00:00,112.6,11,ask,DiligentDonuts,Xuanyu Liu,5091909
2026-07-03T01:02:07.769190,2026-07-03T01:02:07.783676+00:00,113.0,46,ask,EarnestEspressos,Xuanyu Liu,5091911
2026-07-03T01:02:07.884316,2026-07-03T01:02:07.894714+00:00,113.0,22,ask,EarnestEspressos,Zihao Wu,5091920
2026-07-03T01:02:08.739588,2026-07-03T01:02:08.750891+00:00,113.5,50,bid,FlawlessFlatbreads,EarnestEspressos,5091933
2026-07-03T01:02:08.841629,2026-07-03T01:02:08.852896+00:00,113.0,82,ask,EarnestEspressos,DiligentDonuts,5091936
2026-07-03T01:02:08.917003,2026-07-03T01:02:08.925341+00:00,112.8,11,bid,Xuanyu Liu,DiligentDonuts,5091941
2026-07-03T01:02:09.836042,2026-07-03T01:02:09.847677+00:00,112.3,42,ask,DiligentDonuts,CostlyCorianders,5091954
2026-07-03T01:02:10.479394,2026-07-03T01:02:10.486328+00:00,112.8,7,bid,CostlyCorianders,DiligentDonuts,5091968
2026-07-03T01:02:10.845269,2026-07-03T01:02:10.856604+00:00,113.5,50,bid,FlawlessFlatbreads,EarnestEspressos,5091977
2026-07-03T01:02:11.082544,2026-07-03T01:02:11.093867+00:00,113.1,46,bid,CostlyCorianders,EarnestEspressos,5091980
2026-07-03T01:02:13.129956,2026-07-03T01:02:13.141566+00:00,112.6,47,ask,EarnestEspressos,CostlyCorianders,5092012
2026-07-03T01:02:16.909311,2026-07-03T01:02:16.918404+00:00,112.8,11,ask,EarnestEspressos,Xuanyu Liu,5092067
2026-07-03T01:02:17.216245,2026-07-03T01:02:17.227587+00:00,112.4,50,ask,DiligentDonuts,FlawlessFlatbreads,5092072
2026-07-03T01:02:18.104097,2026-07-03T01:02:18.115637+00:00,112.4,43,ask,DiligentDonuts,CostlyCorianders,5092087
2026-07-03T01:02:18.637727,2026-07-03T01:02:18.649317+00:00,112.6,40,bid,CostlyCorianders,DiligentDonuts,5092093
2026-07-03T01:02:19.519446,2026-07-03T01:02:19.528418+00:00,112.6,11,bid,Xuanyu Liu,DiligentDonuts,5092107
2026-07-03T01:02:21.375645,2026-07-03T01:02:21.387370+00:00,112.6,49,bid,FlawlessFlatbreads,DiligentDonuts,5092133
2026-07-03T01:02:22.458528,2026-07-03T01:02:22.470286+00:00,112.5,46,ask,EarnestEspressos,CostlyCorianders,5092145
2026-07-03T01:02:23.015893,2026-07-03T01:02:23.027217+00:00,112.7,45,bid,CostlyCorianders,DiligentDonuts,5092152
2026-07-03T01:02:24.905549,2026-07-03T01:02:24.917083+00:00,112.7,46,bid,CostlyCorianders,EarnestEspressos,5092183
2026-07-03T01:02:25.638770,2026-07-03T01:02:25.650438+00:00,112.3,50,ask,DiligentDonuts,FlawlessFlatbreads,5092197
2026-07-03T01:02:27.361760,2026-07-03T01:02:27.373475+00:00,112.3,47,ask,DiligentDonuts,CostlyCorianders,5092228
2026-07-03T01:02:28.369142,2026-07-03T01:02:28.379295+00:00,112.4,22,bid,Zihao Wu,DiligentDonuts,5092247
2026-07-03T01:02:28.798319,2026-07-03T01:02:28.809843+00:00,112.2,47,ask,EarnestEspressos,CostlyCorianders,5092258
2026-07-03T01:02:29.800446,2026-07-03T01:02:29.811745+00:00,112.4,50,bid,FlawlessFlatbreads,DiligentDonuts,5092269
2026-07-03T01:02:30.520711,2026-07-03T01:02:30.532242+00:00,112.4,28,bid,CostlyCorianders,DiligentDonuts,5092283
2026-07-03T01:02:30.520711,2026-07-03T01:02:30.532242+00:00,112.5,12,bid,CostlyCorianders,EarnestEspressos,5092284
2026-07-03T01:02:31.908685,2026-07-03T01:02:31.919168+00:00,112.5,50,bid,FlawlessFlatbreads,EarnestEspressos,5092311
2026-07-03T01:02:32.926866,2026-07-03T01:02:32.938253+00:00,112.5,46,bid,CostlyCorianders,EarnestEspressos,5092322
2026-07-03T01:02:34.015740,2026-07-03T01:02:34.027417+00:00,112.7,50,bid,FlawlessFlatbreads,DiligentDonuts,5092337
2026-07-03T01:02:34.485785,2026-07-03T01:02:34.497073+00:00,112.5,43,ask,EarnestEspressos,CostlyCorianders,5092342
2026-07-03T01:02:36.222416,2026-07-03T01:02:36.232799+00:00,112.4,48,ask,DiligentDonuts,CostlyCorianders,5092375
2026-07-03T01:02:41.162172,2026-07-03T01:02:41.173615+00:00,112.8,47,bid,CostlyCorianders,EarnestEspressos,5092454
2026-07-03T01:02:42.511125,2026-07-03T01:02:42.522563+00:00,112.3,50,ask,DiligentDonuts,FlawlessFlatbreads,5092473
2026-07-03T01:02:42.619186,2026-07-03T01:02:42.630590+00:00,112.6,48,ask,EarnestEspressos,CostlyCorianders,5092475
2026-07-03T01:02:44.618160,2026-07-03T01:02:44.626818+00:00,112.6,50,ask,EarnestEspressos,FlawlessFlatbreads,5092518
2026-07-03T01:02:46.725240,2026-07-03T01:02:46.732036+00:00,112.4,50,ask,EarnestEspressos,FlawlessFlatbreads,5092546
2026-07-03T01:02:50.143395,2026-07-03T01:02:50.150116+00:00,112.6,45,bid,CostlyCorianders,EarnestEspressos,5092603
2026-07-03T01:02:50.933840,2026-07-03T01:02:50.945096+00:00,112.4,50,ask,DiligentDonuts,FlawlessFlatbreads,5092614
2026-07-03T01:02:52.471541,2026-07-03T01:02:52.481133+00:00,112.8,47,bid,CostlyCorianders,EarnestEspressos,5092634
2026-07-03T01:02:52.937942,2026-07-03T01:02:52.947633+00:00,112.4,47,ask,DiligentDonuts,CostlyCorianders,5092641
2026-07-03T01:02:53.564549,2026-07-03T01:02:53.575770+00:00,112.7,48,bid,CostlyCorianders,DiligentDonuts,5092652
2026-07-03T01:02:55.165276,2026-07-03T01:02:55.176729+00:00,112.2,50,ask,DiligentDonuts,FlawlessFlatbreads,5092679
2026-07-03T01:02:56.316518,2026-07-03T01:02:56.325802+00:00,112.6,35,bid,Xuanyu Liu,DiligentDonuts,5092707
2026-07-03T01:02:57.220708,2026-07-03T01:02:57.230407+00:00,112.6,50,bid,FlawlessFlatbreads,DiligentDonuts,5092722
2026-07-03T01:02:58.372210,2026-07-03T01:02:58.383650+00:00,112.6,15,bid,EarnestEspressos,DiligentDonuts,5092742
2026-07-03T01:02:58.442270,2026-07-03T01:02:58.451055+00:00,112.6,12,ask,EarnestEspressos,Xuanyu Liu,5092743
2026-07-03T01:02:59.378706,2026-07-03T01:02:59.390045+00:00,112.6,50,ask,EarnestEspressos,FlawlessFlatbreads,5092765
2026-07-03T01:03:00.176089,2026-07-03T01:03:00.186162+00:00,112.6,11,ask,EarnestEspressos,Xuanyu Liu,5092780
2026-07-03T01:03:00.395104,2026-07-03T01:03:00.406377+00:00,112.6,47,ask,EarnestEspressos,CostlyCorianders,5092784
2026-07-03T01:03:00.934602,2026-07-03T01:03:00.944111+00:00,112.6,15,ask,EarnestEspressos,CostlyCorianders,5092789
2026-07-03T01:03:00.934602,2026-07-03T01:03:00.944111+00:00,112.5,28,ask,DiligentDonuts,CostlyCorianders,5092790
2026-07-03T01:03:02.538628,2026-07-03T01:03:02.545462+00:00,112.6,42,bid,CostlyCorianders,EarnestEspressos,5092820
2026-07-03T01:03:02.792956,2026-07-03T01:03:02.800819+00:00,112.6,34,bid,Xuanyu Liu,EarnestEspressos,5092828
2026-07-03T01:03:03.540815,2026-07-03T01:03:03.548600+00:00,112.6,50,bid,FlawlessFlatbreads,EarnestEspressos,5092841
2026-07-03T01:03:04.055909,2026-07-03T01:03:04.067664+00:00,112.6,24,bid,CostlyCorianders,EarnestEspressos,5092844
2026-07-03T01:03:04.055909,2026-07-03T01:03:04.067664+00:00,112.9,21,bid,CostlyCorianders,DiligentDonuts,5092845
2026-07-03T01:03:04.593090,2026-07-03T01:03:04.605502+00:00,112.9,42,bid,CostlyCorianders,DiligentDonuts,5092849
2026-07-03T01:03:04.708946,2026-07-03T01:03:04.719352+00:00,112.8,23,ask,EarnestEspressos,Xuanyu Liu,5092852
2026-07-03T01:03:05.417387,2026-07-03T01:03:05.425582+00:00,112.8,23,ask,EarnestEspressos,Xuanyu Liu,5092862
2026-07-03T01:03:05.646911,2026-07-03T01:03:05.658579+00:00,112.9,37,bid,FlawlessFlatbreads,DiligentDonuts,5092865
2026-07-03T01:03:05.646911,2026-07-03T01:03:05.658579+00:00,113.3,13,bid,FlawlessFlatbreads,EarnestEspressos,5092866
2026-07-03T01:03:07.755321,2026-07-03T01:03:07.758553+00:00,113.1,50,bid,FlawlessFlatbreads,DiligentDonuts,5092895
2026-07-03T01:03:09.862643,2026-07-03T01:03:09.874298+00:00,113.2,50,bid,FlawlessFlatbreads,EarnestEspressos,5092924
2026-07-03T01:03:12.392520,2026-07-03T01:03:12.399900+00:00,113.0,42,ask,DiligentDonuts,CostlyCorianders,5092964
2026-07-03T01:03:13.085506,2026-07-03T01:03:13.094003+00:00,113.0,11,ask,DiligentDonuts,Xuanyu Liu,5092981
2026-07-03T01:03:14.079450,2026-07-03T01:03:14.090926+00:00,113.4,50,bid,FlawlessFlatbreads,EarnestEspressos,5093003
2026-07-03T01:03:14.483704,2026-07-03T01:03:14.495016+00:00,113.0,45,ask,DiligentDonuts,CostlyCorianders,5093005
2026-07-03T01:03:15.911113,2026-07-03T01:03:15.918752+00:00,113.0,11,ask,EarnestEspressos,Xuanyu Liu,5093026
2026-07-03T01:03:17.622530,2026-07-03T01:03:17.634240+00:00,112.8,41,ask,EarnestEspressos,CostlyCorianders,5093055
2026-07-03T01:03:18.343973,2026-07-03T01:03:18.355279+00:00,112.8,50,ask,EarnestEspressos,FlawlessFlatbreads,5093062
2026-07-03T01:03:19.744395,2026-07-03T01:03:19.747781+00:00,113.0,49,bid,CostlyCorianders,DiligentDonuts,5093090
2026-07-03T01:03:20.451472,2026-07-03T01:03:20.458572+00:00,112.8,50,ask,EarnestEspressos,FlawlessFlatbreads,5093099
2026-07-03T01:03:20.573109,2026-07-03T01:03:20.581874+00:00,112.8,11,bid,Xuanyu Liu,EarnestEspressos,5093100
2026-07-03T01:03:21.153170,2026-07-03T01:03:21.161642+00:00,112.8,23,bid,Xuanyu Liu,EarnestEspressos,5093109
2026-07-03T01:03:21.213271,2026-07-03T01:03:21.224752+00:00,112.8,45,bid,CostlyCorianders,EarnestEspressos,5093113
2026-07-03T01:03:21.534255,2026-07-03T01:03:21.541609+00:00,112.8,71,bid,DiligentDonuts,EarnestEspressos,5093114
2026-07-03T01:03:22.557593,2026-07-03T01:03:22.569292+00:00,112.9,29,ask,DiligentDonuts,FlawlessFlatbreads,5093130
2026-07-03T01:03:22.557593,2026-07-03T01:03:22.569292+00:00,112.3,21,ask,EarnestEspressos,FlawlessFlatbreads,5093131
2026-07-03T01:03:23.673967,2026-07-03T01:03:23.681343+00:00,113.0,12,ask,EarnestEspressos,Xuanyu Liu,5093151
2026-07-03T01:03:23.987708,2026-07-03T01:03:23.996624+00:00,113.0,11,ask,EarnestEspressos,Xuanyu Liu,5093157
2026-07-03T01:03:24.745690,2026-07-03T01:03:24.758539+00:00,113.0,100,ask,EarnestEspressos,DiligentDonuts,5093164
2026-07-03T01:03:26.775119,2026-07-03T01:03:26.787082+00:00,112.5,50,ask,DiligentDonuts,FlawlessFlatbreads,5093196
2026-07-03T01:03:27.712060,2026-07-03T01:03:27.721699+00:00,112.9,23,bid,Xuanyu Liu,EarnestEspressos,5093204
2026-07-03T01:03:27.862212,2026-07-03T01:03:27.873782+00:00,112.9,100,bid,DiligentDonuts,EarnestEspressos,5093207
2026-07-03T01:03:27.988517,2026-07-03T01:03:27.995554+00:00,112.4,47,ask,EarnestEspressos,CostlyCorianders,5093209
2026-07-03T01:03:30.986204,2026-07-03T01:03:30.994584+00:00,113.0,50,ask,EarnestEspressos,FlawlessFlatbreads,5093256
2026-07-03T01:03:31.088279,2026-07-03T01:03:31.100041+00:00,113.0,100,ask,EarnestEspressos,DiligentDonuts,5093257
2026-07-03T01:03:33.102602,2026-07-03T01:03:33.111599+00:00,112.5,50,ask,DiligentDonuts,FlawlessFlatbreads,5093283
2026-07-03T01:03:33.218730,2026-07-03T01:03:33.229636+00:00,112.8,11,bid,Xuanyu Liu,EarnestEspressos,5093284
2026-07-03T01:03:35.208108,2026-07-03T01:03:35.219389+00:00,112.7,50,ask,DiligentDonuts,FlawlessFlatbreads,5093307
2026-07-03T01:03:36.140369,2026-07-03T01:03:36.151687+00:00,112.8,45,bid,CostlyCorianders,EarnestEspressos,5093325
2026-07-03T01:03:37.779745,2026-07-03T01:03:37.790752+00:00,113.1,44,bid,CostlyCorianders,EarnestEspressos,5093350
2026-07-03T01:03:38.487429,2026-07-03T01:03:38.518732+00:00,112.8,44,ask,DiligentDonuts,CostlyCorianders,5093371
2026-07-03T01:03:39.422489,2026-07-03T01:03:39.434104+00:00,112.8,50,ask,DiligentDonuts,FlawlessFlatbreads,5093386
2026-07-03T01:03:40.169691,2026-07-03T01:03:40.181527+00:00,112.8,6,ask,DiligentDonuts,CostlyCorianders,5093389
2026-07-03T01:03:40.169691,2026-07-03T01:03:40.181527+00:00,112.4,41,ask,EarnestEspressos,CostlyCorianders,5093390
2026-07-03T01:03:40.593681,2026-07-03T01:03:40.603215+00:00,112.7,12,bid,Xuanyu Liu,DiligentDonuts,5093394
2026-07-03T01:03:40.836840,2026-07-03T01:03:40.844581+00:00,112.7,11,bid,Xuanyu Liu,DiligentDonuts,5093401
2026-07-03T01:03:41.737931,2026-07-03T01:03:41.749601+00:00,112.7,49,bid,CostlyCorianders,DiligentDonuts,5093411
2026-07-03T01:03:43.656345,2026-07-03T01:03:43.668688+00:00,112.3,50,ask,EarnestEspressos,FlawlessFlatbreads,5093440
2026-07-03T01:03:44.451107,2026-07-03T01:03:44.458563+00:00,112.8,40,bid,CostlyCorianders,EarnestEspressos,5093450
2026-07-03T01:03:45.765153,2026-07-03T01:03:45.772917+00:00,112.5,50,ask,DiligentDonuts,FlawlessFlatbreads,5093466
2026-07-03T01:03:47.871277,2026-07-03T01:03:47.882557+00:00,112.2,50,ask,EarnestEspressos,FlawlessFlatbreads,5093490
2026-07-03T01:03:49.978669,2026-07-03T01:03:49.989862+00:00,112.2,50,ask,EarnestEspressos,FlawlessFlatbreads,5093513
2026-07-03T01:03:52.035119,2026-07-03T01:03:52.058548+00:00,112.7,50,bid,FlawlessFlatbreads,EarnestEspressos,5093543
2026-07-03T01:03:52.669803,2026-07-03T01:03:52.678847+00:00,112.5,3,bid,Xuanyu Liu,EarnestEspressos,5093554
2026-07-03T01:03:54.142795,2026-07-03T01:03:54.152729+00:00,112.5,50,bid,FlawlessFlatbreads,EarnestEspressos,5093570
2026-07-03T01:03:56.322881,2026-07-03T01:03:56.334330+00:00,112.3,50,ask,EarnestEspressos,FlawlessFlatbreads,5093613
2026-07-03T01:03:56.861343,2026-07-03T01:03:56.872557+00:00,112.3,43,ask,EarnestEspressos,CostlyCorianders,5093628
2026-07-03T01:03:57.447936,2026-07-03T01:03:57.454172+00:00,112.8,43,bid,CostlyCorianders,EarnestEspressos,5093640
2026-07-03T01:03:59.011747,2026-07-03T01:03:59.023100+00:00,112.7,43,bid,CostlyCorianders,EarnestEspressos,5093663
2026-07-03T01:04:00.513658,2026-07-03T01:04:00.520431+00:00,112.7,50,bid,FlawlessFlatbreads,EarnestEspressos,5093687
2026-07-03T01:04:02.672989,2026-07-03T01:04:02.685481+00:00,112.5,50,ask,EarnestEspressos,FlawlessFlatbreads,5093714
2026-07-03T01:04:05.314093,2026-07-03T01:04:05.325750+00:00,112.3,43,ask,EarnestEspressos,CostlyCorianders,5093735
2026-07-03T01:04:06.834272,2026-07-03T01:04:06.845492+00:00,112.7,50,bid,FlawlessFlatbreads,EarnestEspressos,5093761
2026-07-03T01:04:08.329280,2026-07-03T01:04:08.341017+00:00,112.4,40,ask,DiligentDonuts,CostlyCorianders,5093783
2026-07-03T01:04:08.996286,2026-07-03T01:04:09.005174+00:00,112.3,50,ask,EarnestEspressos,FlawlessFlatbreads,5093793
2026-07-03T01:04:11.185507,2026-07-03T01:04:11.195987+00:00,112.5,48,bid,CostlyCorianders,EarnestEspressos,5093822
2026-07-03T01:04:13.156011,2026-07-03T01:04:13.167285+00:00,112.5,50,bid,FlawlessFlatbreads,EarnestEspressos,5093849
2026-07-03T01:04:13.631981,2026-07-03T01:04:13.640582+00:00,112.1,46,ask,DiligentDonuts,CostlyCorianders,5093860
2026-07-03T01:04:14.099532,2026-07-03T01:04:14.111231+00:00,112.5,45,bid,CostlyCorianders,EarnestEspressos,5093863
2026-07-03T01:04:14.284951,2026-07-03T01:04:14.296241+00:00,112.6,100,bid,EarnestEspressos,DiligentDonuts,5093866
2026-07-03T01:04:14.359509,2026-07-03T01:04:14.368386+00:00,112.7,3,ask,EarnestEspressos,Xuanyu Liu,5093867
2026-07-03T01:04:15.211226,2026-07-03T01:04:15.222668+00:00,112.7,47,ask,EarnestEspressos,CostlyCorianders,5093880
2026-07-03T01:04:15.211226,2026-07-03T01:04:15.222668+00:00,112.1,1,ask,DiligentDonuts,CostlyCorianders,5093881
2026-07-03T01:04:15.263497,2026-07-03T01:04:15.272666+00:00,113.2,50,bid,FlawlessFlatbreads,EarnestEspressos,5093882
2026-07-03T01:04:16.310685,2026-07-03T01:04:16.321927+00:00,113.0,47,bid,CostlyCorianders,DiligentDonuts,5093897
2026-07-03T01:04:19.526419,2026-07-03T01:04:19.537943+00:00,112.4,50,ask,DiligentDonuts,FlawlessFlatbreads,5093928
2026-07-03T01:04:19.720805,2026-07-03T01:04:19.732110+00:00,112.4,46,ask,DiligentDonuts,CostlyCorianders,5093933
2026-07-03T01:04:20.349795,2026-07-03T01:04:20.363923+00:00,112.4,4,ask,DiligentDonuts,CostlyCorianders,5093949
2026-07-03T01:04:21.581808,2026-07-03T01:04:21.593312+00:00,112.8,50,bid,FlawlessFlatbreads,EarnestEspressos,5093960
2026-07-03T01:04:22.508259,2026-07-03T01:04:22.519700+00:00,112.7,45,bid,CostlyCorianders,DiligentDonuts,5093973
2026-07-03T01:04:23.688969,2026-07-03T01:04:23.700323+00:00,112.7,50,bid,FlawlessFlatbreads,DiligentDonuts,5093994
2026-07-03T01:04:25.851371,2026-07-03T01:04:25.858559+00:00,112.5,50,ask,DiligentDonuts,FlawlessFlatbreads,5094020
2026-07-03T01:04:27.908652,2026-07-03T01:04:27.914897+00:00,113.0,50,bid,FlawlessFlatbreads,DiligentDonuts,5094040
2026-07-03T01:04:28.274521,2026-07-03T01:04:28.284818+00:00,112.5,44,ask,EarnestEspressos,CostlyCorianders,5094051
2026-07-03T01:04:28.880286,2026-07-03T01:04:28.887487+00:00,113.0,47,bid,CostlyCorianders,EarnestEspressos,5094056
2026-07-03T01:04:29.346672,2026-07-03T01:04:29.352769+00:00,112.5,41,ask,EarnestEspressos,CostlyCorianders,5094059
2026-07-03T01:04:32.017678,2026-07-03T01:04:32.024588+00:00,112.5,46,ask,EarnestEspressos,CostlyCorianders,5094111
2026-07-03T01:04:32.121219,2026-07-03T01:04:32.130806+00:00,112.8,50,bid,FlawlessFlatbreads,DiligentDonuts,5094112
2026-07-03T01:04:33.044872,2026-07-03T01:04:33.056105+00:00,112.8,42,bid,CostlyCorianders,DiligentDonuts,5094124
2026-07-03T01:04:33.586135,2026-07-03T01:04:33.599468+00:00,112.3,40,ask,DiligentDonuts,CostlyCorianders,5094134
2026-07-03T01:04:34.228655,2026-07-03T01:04:34.235924+00:00,112.4,50,bid,FlawlessFlatbreads,EarnestEspressos,5094158
2026-07-03T01:04:36.302198,2026-07-03T01:04:36.313485+00:00,112.4,43,bid,CostlyCorianders,EarnestEspressos,5094187
2026-07-03T01:04:36.386416,2026-07-03T01:04:36.396897+00:00,112.3,50,ask,DiligentDonuts,FlawlessFlatbreads,5094188
2026-07-03T01:04:38.441569,2026-07-03T01:04:38.448744+00:00,112.7,50,bid,FlawlessFlatbreads,EarnestEspressos,5094222
2026-07-03T01:04:39.062739,2026-07-03T01:04:39.074303+00:00,112.7,40,bid,CostlyCorianders,EarnestEspressos,5094234
2026-07-03T01:04:39.571791,2026-07-03T01:04:39.583347+00:00,112.7,100,bid,EarnestEspressos,DiligentDonuts,5094240
2026-07-03T01:04:39.668444,2026-07-03T01:04:39.676585+00:00,112.7,11,ask,EarnestEspressos,Xuanyu Liu,5094247
2026-07-03T01:04:40.599351,2026-07-03T01:04:40.610586+00:00,112.7,39,ask,EarnestEspressos,FlawlessFlatbreads,5094263
2026-07-03T01:04:42.662823,2026-07-03T01:04:42.674233+00:00,112.7,43,ask,DiligentDonuts,CostlyCorianders,5094294
2026-07-03T01:04:42.717261,2026-07-03T01:04:42.726369+00:00,112.7,50,ask,DiligentDonuts,FlawlessFlatbreads,5094295
2026-07-03T01:04:44.823813,2026-07-03T01:04:44.835470+00:00,112.5,50,ask,DiligentDonuts,FlawlessFlatbreads,5094329
2026-07-03T01:04:45.267909,2026-07-03T01:04:45.279497+00:00,112.8,47,bid,CostlyCorianders,EarnestEspressos,5094332
2026-07-03T01:04:46.879066,2026-07-03T01:04:46.890637+00:00,113.0,50,bid,FlawlessFlatbreads,DiligentDonuts,5094355
2026-07-03T01:04:48.991332,2026-07-03T01:04:49.000914+00:00,113.0,50,bid,FlawlessFlatbreads,EarnestEspressos,5094393
2026-07-03T01:04:50.377078,2026-07-03T01:04:50.385654+00:00,112.9,12,ask,EarnestEspressos,Xuanyu Liu,5094406
2026-07-03T01:04:51.099146,2026-07-03T01:04:51.105292+00:00,113.0,50,bid,FlawlessFlatbreads,DiligentDonuts,5094419
2026-07-03T01:04:51.687196,2026-07-03T01:04:51.696319+00:00,112.9,11,ask,EarnestEspressos,Xuanyu Liu,5094433
2026-07-03T01:04:52.996395,2026-07-03T01:04:53.004506+00:00,113.0,23,bid,Xuanyu Liu,DiligentDonuts,5094461
2026-07-03T01:04:53.204443,2026-07-03T01:04:53.211550+00:00,113.0,27,bid,FlawlessFlatbreads,DiligentDonuts,5094471
2026-07-03T01:04:53.204443,2026-07-03T01:04:53.216728+00:00,113.1,23,bid,FlawlessFlatbreads,EarnestEspressos,5094472
2026-07-03T01:04:53.294482,2026-07-03T01:04:53.303819+00:00,113.1,100,bid,DiligentDonuts,EarnestEspressos,5094473
2026-07-03T01:04:54.577839,2026-07-03T01:04:54.589362+00:00,112.6,47,ask,EarnestEspressos,CostlyCorianders,5094489
2026-07-03T01:04:55.221517,2026-07-03T01:04:55.232923+00:00,112.6,47,ask,EarnestEspressos,CostlyCorianders,5094503
2026-07-03T01:04:55.312605,2026-07-03T01:04:55.324056+00:00,113.1,27,bid,FlawlessFlatbreads,EarnestEspressos,5094505
2026-07-03T01:04:55.312605,2026-07-03T01:04:55.324056+00:00,113.6,23,bid,FlawlessFlatbreads,DiligentDonuts,5094506
2026-07-03T01:04:55.619124,2026-07-03T01:04:55.628542+00:00,113.1,12,ask,EarnestEspressos,Xuanyu Liu,5094512
2026-07-03T01:04:57.373129,2026-07-03T01:04:57.384434+00:00,113.2,49,bid,CostlyCorianders,DiligentDonuts,5094549
2026-07-03T01:04:58.242764,2026-07-03T01:04:58.252524+00:00,113.1,23,ask,EarnestEspressos,Xuanyu Liu,5094562
2026-07-03T01:04:58.434792,2026-07-03T01:04:58.443930+00:00,113.2,42,bid,CostlyCorianders,DiligentDonuts,5094568
2026-07-03T01:04:59.585622,2026-07-03T01:04:59.597293+00:00,112.9,50,ask,EarnestEspressos,FlawlessFlatbreads,5094581
2026-07-03T01:05:00.142277,2026-07-03T01:05:00.153632+00:00,113.1,47,ask,DiligentDonuts,CostlyCorianders,5094594
2026-07-03T01:05:01.694943,2026-07-03T01:05:01.706293+00:00,113.1,50,ask,DiligentDonuts,FlawlessFlatbreads,5094616
2026-07-03T01:05:01.885185,2026-07-03T01:05:01.896548+00:00,113.3,40,bid,CostlyCorianders,EarnestEspressos,5094619
2026-07-03T01:05:02.177469,2026-07-03T01:05:02.186831+00:00,113.3,23,bid,Xuanyu Liu,EarnestEspressos,5094629
2026-07-03T01:05:03.803029,2026-07-03T01:05:03.814634+00:00,113.1,50,ask,DiligentDonuts,FlawlessFlatbreads,5094648
2026-07-03T01:05:05.911378,2026-07-03T01:05:05.922748+00:00,112.9,50,ask,EarnestEspressos,FlawlessFlatbreads,5094683
2026-07-03T01:05:08.018928,2026-07-03T01:05:08.026723+00:00,112.9,50,ask,EarnestEspressos,FlawlessFlatbreads,5094708
2026-07-03T01:05:09.037273,2026-07-03T01:05:09.058747+00:00,112.7,42,ask,DiligentDonuts,CostlyCorianders,5094723
2026-07-03T01:05:10.130890,2026-07-03T01:05:10.137816+00:00,112.6,50,ask,EarnestEspressos,FlawlessFlatbreads,5094738
2026-07-03T01:05:10.141288,2026-07-03T01:05:10.148333+00:00,113.1,48,bid,CostlyCorianders,EarnestEspressos,5094739
2026-07-03T01:05:11.110315,2026-07-03T01:05:11.118469+00:00,113.1,12,bid,Xuanyu Liu,EarnestEspressos,5094753
2026-07-03T01:05:12.188337,2026-07-03T01:05:12.200005+00:00,113.1,50,bid,FlawlessFlatbreads,DiligentDonuts,5094780
2026-07-03T01:05:14.348196,2026-07-03T01:05:14.352734+00:00,112.8,50,ask,EarnestEspressos,FlawlessFlatbreads,5094813
2026-07-03T01:05:16.454584,2026-07-03T01:05:16.469161+00:00,113.0,50,ask,DiligentDonuts,FlawlessFlatbreads,5094834
2026-07-03T01:05:17.393729,2026-07-03T01:05:17.403103+00:00,113.0,40,ask,DiligentDonuts,CostlyCorianders,5094851
2026-07-03T01:05:17.614794,2026-07-03T01:05:17.624904+00:00,113.0,10,ask,DiligentDonuts,EarnestEspressos,5094855
2026-07-03T01:05:18.652481,2026-07-03T01:05:18.661716+00:00,112.9,11,bid,Xuanyu Liu,DiligentDonuts,5094881
2026-07-03T01:05:18.971878,2026-07-03T01:05:18.983154+00:00,112.9,3,bid,Xuanyu Liu,DiligentDonuts,5094884
2026-07-03T01:05:21.091135,2026-07-03T01:05:21.098308+00:00,112.9,48,bid,CostlyCorianders,DiligentDonuts,5094915
2026-07-03T01:05:21.749993,2026-07-03T01:05:21.758598+00:00,113.1,100,bid,DiligentDonuts,EarnestEspressos,5094921
2026-07-03T01:05:22.718593,2026-07-03T01:05:22.730017+00:00,113.1,50,bid,FlawlessFlatbreads,EarnestEspressos,5094940
2026-07-03T01:05:23.903561,2026-07-03T01:05:23.913024+00:00,113.5,3,ask,EarnestEspressos,Xuanyu Liu,5094957
2026-07-03T01:05:24.825024,2026-07-03T01:05:24.836405+00:00,113.6,50,bid,FlawlessFlatbreads,DiligentDonuts,5094972
2026-07-03T01:05:25.805732,2026-07-03T01:05:25.813730+00:00,113.5,23,ask,EarnestEspressos,Xuanyu Liu,5094991
2026-07-03T01:05:26.927307,2026-07-03T01:05:26.938763+00:00,113.5,48,ask,EarnestEspressos,CostlyCorianders,5095015
2026-07-03T01:05:26.983133,2026-07-03T01:05:26.994805+00:00,113.5,50,ask,EarnestEspressos,FlawlessFlatbreads,5095018
2026-07-03T01:05:27.107697,2026-07-03T01:05:27.117216+00:00,113.6,12,bid,Xuanyu Liu,DiligentDonuts,5095019
2026-07-03T01:05:27.118232,2026-07-03T01:05:27.128498+00:00,113.4,14,bid,Xuanyu Liu,EarnestEspressos,5095021
2026-07-03T01:05:29.365080,2026-07-03T01:05:29.376399+00:00,113.4,44,bid,CostlyCorianders,EarnestEspressos,5095047
2026-07-03T01:05:31.143385,2026-07-03T01:05:31.150265+00:00,113.6,50,bid,FlawlessFlatbreads,DiligentDonuts,5095087
2026-07-03T01:05:33.301402,2026-07-03T01:05:33.313015+00:00,113.5,50,ask,EarnestEspressos,FlawlessFlatbreads,5095120
2026-07-03T01:05:34.112460,2026-07-03T01:05:34.122814+00:00,113.5,42,ask,DiligentDonuts,CostlyCorianders,5095135
2026-07-03T01:05:34.592634,2026-07-03T01:05:34.602198+00:00,114.0,48,bid,CostlyCorianders,EarnestEspressos,5095145
2026-07-03T01:05:37.463446,2026-07-03T01:05:37.472020+00:00,114.0,50,bid,FlawlessFlatbreads,DiligentDonuts,5095186
2026-07-03T01:05:37.569395,2026-07-03T01:05:37.580923+00:00,113.8,46,ask,EarnestEspressos,CostlyCorianders,5095187
2026-07-03T01:05:38.126456,2026-07-03T01:05:38.138075+00:00,113.8,42,ask,EarnestEspressos,CostlyCorianders,5095196
2026-07-03T01:05:38.945185,2026-07-03T01:05:38.954034+00:00,113.8,3,ask,EarnestEspressos,Xuanyu Liu,5095207
2026-07-03T01:05:39.300488,2026-07-03T01:05:39.312085+00:00,113.8,43,ask,EarnestEspressos,CostlyCorianders,5095223
2026-07-03T01:05:39.570440,2026-07-03T01:05:39.579497+00:00,114.1,50,bid,FlawlessFlatbreads,DiligentDonuts,5095226
2026-07-03T01:05:39.758825,2026-07-03T01:05:39.770171+00:00,113.6,100,ask,DiligentDonuts,EarnestEspressos,5095227
2026-07-03T01:05:39.771358,2026-07-03T01:05:39.780528+00:00,113.5,3,bid,Xuanyu Liu,EarnestEspressos,5095228
2026-07-03T01:05:41.677353,2026-07-03T01:05:41.684727+00:00,113.5,47,bid,FlawlessFlatbreads,EarnestEspressos,5095266
2026-07-03T01:05:41.677353,2026-07-03T01:05:41.694453+00:00,113.8,3,bid,FlawlessFlatbreads,DiligentDonuts,5095267
2026-07-03T01:05:43.791974,2026-07-03T01:05:43.805372+00:00,113.8,50,bid,FlawlessFlatbreads,DiligentDonuts,5095300
2026-07-03T01:05:44.042168,2026-07-03T01:05:44.058729+00:00,113.8,43,bid,CostlyCorianders,DiligentDonuts,5095311
2026-07-03T01:05:46.826786,2026-07-03T01:05:46.835798+00:00,113.6,3,ask,EarnestEspressos,Xuanyu Liu,5095349
2026-07-03T01:05:47.429387,2026-07-03T01:05:47.440381+00:00,113.9,47,bid,CostlyCorianders,DiligentDonuts,5095353
2026-07-03T01:05:48.054160,2026-07-03T01:05:48.068491+00:00,113.6,50,ask,EarnestEspressos,FlawlessFlatbreads,5095365
2026-07-03T01:05:48.059567,2026-07-03T01:05:48.068491+00:00,113.6,11,ask,EarnestEspressos,Xuanyu Liu,5095366
2026-07-03T01:05:48.519431,2026-07-03T01:05:48.526984+00:00,113.6,48,ask,EarnestEspressos,CostlyCorianders,5095373
2026-07-03T01:05:50.160570,2026-07-03T01:05:50.169029+00:00,113.1,50,ask,EarnestEspressos,FlawlessFlatbreads,5095393
2026-07-03T01:05:50.165767,2026-07-03T01:05:50.174448+00:00,113.6,49,bid,CostlyCorianders,EarnestEspressos,5095394
2026-07-03T01:05:52.204089,2026-07-03T01:05:52.211195+00:00,113.6,43,bid,CostlyCorianders,EarnestEspressos,5095411
2026-07-03T01:05:52.275195,2026-07-03T01:05:52.290644+00:00,113.5,47,ask,DiligentDonuts,CostlyCorianders,5095415
2026-07-03T01:05:52.275417,2026-07-03T01:05:52.290644+00:00,113.5,50,ask,DiligentDonuts,FlawlessFlatbreads,5095416
2026-07-03T01:05:54.381049,2026-07-03T01:05:54.389757+00:00,113.3,50,ask,EarnestEspressos,FlawlessFlatbreads,5095438
2026-07-03T01:05:55.594108,2026-07-03T01:05:55.604000+00:00,113.6,11,bid,Xuanyu Liu,EarnestEspressos,5095455
2026-07-03T01:05:56.494947,2026-07-03T01:05:56.507790+00:00,113.1,50,ask,EarnestEspressos,FlawlessFlatbreads,5095469
2026-07-03T01:05:57.341586,2026-07-03T01:05:57.352869+00:00,113.6,40,bid,CostlyCorianders,EarnestEspressos,5095486
2026-07-03T01:05:57.993575,2026-07-03T01:05:58.005006+00:00,113.2,48,ask,DiligentDonuts,CostlyCorianders,5095498
2026-07-03T01:05:58.600292,2026-07-03T01:05:58.611606+00:00,113.2,50,ask,DiligentDonuts,FlawlessFlatbreads,5095503
2026-07-03T01:06:00.707050,2026-07-03T01:06:00.718659+00:00,113.2,50,ask,EarnestEspressos,FlawlessFlatbreads,5095532
2026-07-03T01:06:01.215527,2026-07-03T01:06:01.223759+00:00,113.6,3,bid,Xuanyu Liu,DiligentDonuts,5095537
2026-07-03T01:06:02.761733,2026-07-03T01:06:02.773036+00:00,113.5,50,bid,FlawlessFlatbreads,EarnestEspressos,5095559
2026-07-03T01:06:02.769435,2026-07-03T01:06:02.778354+00:00,113.5,42,bid,CostlyCorianders,EarnestEspressos,5095560
2026-07-03T01:06:04.867328,2026-07-03T01:06:04.878688+00:00,113.5,50,bid,FlawlessFlatbreads,EarnestEspressos,5095590
2026-07-03T01:06:06.087483,2026-07-03T01:06:06.096211+00:00,113.6,100,ask,EarnestEspressos,DiligentDonuts,5095603
2026-07-03T01:06:06.560946,2026-07-03T01:06:06.572473+00:00,113.6,44,ask,EarnestEspressos,CostlyCorianders,5095608
2026-07-03T01:06:06.974279,2026-07-03T01:06:06.984049+00:00,114.1,50,bid,FlawlessFlatbreads,EarnestEspressos,5095614
2026-07-03T01:06:09.086673,2026-07-03T01:06:09.096823+00:00,113.6,50,bid,FlawlessFlatbreads,EarnestEspressos,5095636
2026-07-03T01:06:11.192891,2026-07-03T01:06:11.199510+00:00,113.6,50,bid,FlawlessFlatbreads,EarnestEspressos,5095664
2026-07-03T01:06:12.634755,2026-07-03T01:06:12.643842+00:00,113.6,44,ask,EarnestEspressos,CostlyCorianders,5095697
2026-07-03T01:06:13.351130,2026-07-03T01:06:13.358908+00:00,113.6,50,ask,EarnestEspressos,FlawlessFlatbreads,5095701
2026-07-03T01:06:15.458576,2026-07-03T01:06:15.470011+00:00,113.6,50,ask,DiligentDonuts,FlawlessFlatbreads,5095735
2026-07-03T01:06:17.166943,2026-07-03T01:06:17.176156+00:00,113.8,45,bid,CostlyCorianders,EarnestEspressos,5095760
2026-07-03T01:06:17.568788,2026-07-03T01:06:17.580219+00:00,113.4,50,ask,DiligentDonuts,FlawlessFlatbreads,5095762
2026-07-03T01:06:18.723225,2026-07-03T01:06:18.730350+00:00,113.9,48,bid,CostlyCorianders,EarnestEspressos,5095781
2026-07-03T01:06:19.624302,2026-07-03T01:06:19.631803+00:00,113.5,50,bid,FlawlessFlatbreads,DiligentDonuts,5095802
2026-07-03T01:06:20.825320,2026-07-03T01:06:20.837012+00:00,113.5,50,bid,EarnestEspressos,DiligentDonuts,5095823
2026-07-03T01:06:21.783606,2026-07-03T01:06:21.795130+00:00,113.8,50,ask,EarnestEspressos,FlawlessFlatbreads,5095837
2026-07-03T01:06:25.942808,2026-07-03T01:06:25.949612+00:00,113.7,50,bid,FlawlessFlatbreads,EarnestEspressos,5095889
2026-07-03T01:06:26.377856,2026-07-03T01:06:26.389290+00:00,113.5,46,ask,DiligentDonuts,CostlyCorianders,5095894
2026-07-03T01:06:27.442508,2026-07-03T01:06:27.452513+00:00,113.5,47,ask,DiligentDonuts,CostlyCorianders,5095912
2026-07-03T01:06:28.099569,2026-07-03T01:06:28.111168+00:00,113.5,7,ask,DiligentDonuts,FlawlessFlatbreads,5095929
2026-07-03T01:06:28.099569,2026-07-03T01:06:28.111168+00:00,113.3,43,ask,EarnestEspressos,FlawlessFlatbreads,5095930
2026-07-03T01:06:28.625795,2026-07-03T01:06:28.635474+00:00,113.5,42,bid,CostlyCorianders,DiligentDonuts,5095937
2026-07-03T01:06:30.156805,2026-07-03T01:06:30.168483+00:00,113.5,50,bid,FlawlessFlatbreads,DiligentDonuts,5095963
2026-07-03T01:06:31.105641,2026-07-03T01:06:31.116978+00:00,113.5,8,bid,CostlyCorianders,DiligentDonuts,5095978
2026-07-03T01:06:31.105641,2026-07-03T01:06:31.116978+00:00,113.6,33,bid,CostlyCorianders,EarnestEspressos,5095979
2026-07-03T01:06:32.268952,2026-07-03T01:06:32.276306+00:00,113.6,50,bid,FlawlessFlatbreads,EarnestEspressos,5096002
2026-07-03T01:06:33.161192,2026-07-03T01:06:33.170097+00:00,113.4,44,ask,DiligentDonuts,CostlyCorianders,5096017
2026-07-03T01:06:34.425943,2026-07-03T01:06:34.437202+00:00,113.4,50,ask,DiligentDonuts,FlawlessFlatbreads,5096032
2026-07-03T01:06:36.241026,2026-07-03T01:06:36.247786+00:00,113.6,42,bid,CostlyCorianders,DiligentDonuts,5096053
2026-07-03T01:06:36.531966,2026-07-03T01:06:36.543259+00:00,113.4,50,ask,EarnestEspressos,FlawlessFlatbreads,5096055
2026-07-03T01:06:38.637019,2026-07-03T01:06:38.647623+00:00,113.2,50,ask,EarnestEspressos,FlawlessFlatbreads,5096084
2026-07-03T01:06:38.708851,2026-07-03T01:06:38.720313+00:00,113.2,40,ask,EarnestEspressos,CostlyCorianders,5096085
2026-07-03T01:06:39.293066,2026-07-03T01:06:39.304421+00:00,113.7,48,bid,CostlyCorianders,EarnestEspressos,5096100
2026-07-03T01:06:40.743590,2026-07-03T01:06:40.763987+00:00,113.3,50,ask,EarnestEspressos,FlawlessFlatbreads,5096122
2026-07-03T01:06:41.549040,2026-07-03T01:06:41.555170+00:00,113.3,42,ask,EarnestEspressos,CostlyCorianders,5096127
2026-07-03T01:06:42.850410,2026-07-03T01:06:42.856632+00:00,113.3,50,ask,EarnestEspressos,FlawlessFlatbreads,5096148
2026-07-03T01:06:42.891620,2026-07-03T01:06:42.902836+00:00,113.8,42,bid,CostlyCorianders,EarnestEspressos,5096151
2026-07-03T01:06:43.040553,2026-07-03T01:06:43.067201+00:00,113.3,100,ask,DiligentDonuts,EarnestEspressos,5096155
2026-07-03T01:06:43.059590,2026-07-03T01:06:43.067201+00:00,113.3,3,bid,Xuanyu Liu,EarnestEspressos,5096158
2026-07-03T01:06:44.508507,2026-07-03T01:06:44.516591+00:00,113.3,23,bid,Xuanyu Liu,EarnestEspressos,5096181
2026-07-03T01:06:44.958419,2026-07-03T01:06:44.969707+00:00,113.1,50,ask,DiligentDonuts,FlawlessFlatbreads,5096190
2026-07-03T01:06:46.801210,2026-07-03T01:06:46.811135+00:00,113.2,45,ask,EarnestEspressos,CostlyCorianders,5096213
2026-07-03T01:06:47.064617,2026-07-03T01:06:47.075950+00:00,113.2,50,ask,EarnestEspressos,FlawlessFlatbreads,5096219
2026-07-03T01:06:49.196464,2026-07-03T01:06:49.206183+00:00,113.2,50,ask,EarnestEspressos,FlawlessFlatbreads,5096242
2026-07-03T01:06:51.303324,2026-07-03T01:06:51.314540+00:00,112.9,50,ask,DiligentDonuts,FlawlessFlatbreads,5096278
2026-07-03T01:06:51.955813,2026-07-03T01:06:51.964313+00:00,113.2,40,bid,CostlyCorianders,EarnestEspressos,5096284
2026-07-03T01:06:53.443302,2026-07-03T01:06:53.452220+00:00,113.0,50,ask,EarnestEspressos,FlawlessFlatbreads,5096303
2026-07-03T01:06:53.924736,2026-07-03T01:06:53.936540+00:00,113.0,45,ask,EarnestEspressos,CostlyCorianders,5096313
2026-07-03T01:06:54.456264,2026-07-03T01:06:54.457730+00:00,113.1,42,bid,CostlyCorianders,DiligentDonuts,5096317
2026-07-03T01:06:55.548564,2026-07-03T01:06:55.554708+00:00,113.0,50,ask,EarnestEspressos,FlawlessFlatbreads,5096333
2026-07-03T01:06:55.686443,2026-07-03T01:06:55.694748+00:00,112.6,100,ask,DiligentDonuts,EarnestEspressos,5096334
2026-07-03T01:06:55.700854,2026-07-03T01:06:55.710279+00:00,112.6,34,bid,Xuanyu Liu,EarnestEspressos,5096335
2026-07-03T01:06:55.801575,2026-07-03T01:06:55.812580+00:00,112.6,16,bid,Zihao Wu,EarnestEspressos,5096340
2026-07-03T01:06:57.660546,2026-07-03T01:06:57.668644+00:00,112.4,50,ask,DiligentDonuts,FlawlessFlatbreads,5096374
2026-07-03T01:06:58.932935,2026-07-03T01:06:58.942527+00:00,112.8,11,ask,EarnestEspressos,Xuanyu Liu,5096400
2026-07-03T01:06:59.766531,2026-07-03T01:06:59.777907+00:00,112.8,50,ask,EarnestEspressos,FlawlessFlatbreads,5096411
2026-07-03T01:06:59.905790,2026-07-03T01:06:59.912851+00:00,112.8,89,ask,EarnestEspressos,DiligentDonuts,5096412
2026-07-03T01:07:00.243710,2026-07-03T01:07:00.252520+00:00,112.6,11,bid,Xuanyu Liu,DiligentDonuts,5096419
2026-07-03T01:07:01.342325,2026-07-03T01:07:01.352768+00:00,113.3,49,bid,CostlyCorianders,EarnestEspressos,5096434
2026-07-03T01:07:01.872924,2026-07-03T01:07:01.884248+00:00,112.1,50,ask,DiligentDonuts,FlawlessFlatbreads,5096443
2026-07-03T01:07:01.882651,2026-07-03T01:07:01.889460+00:00,113.3,46,bid,CostlyCorianders,EarnestEspressos,5096445
2026-07-03T01:07:03.980233,2026-07-03T01:07:03.991508+00:00,112.7,50,ask,EarnestEspressos,FlawlessFlatbreads,5096492
2026-07-03T01:07:04.183505,2026-07-03T01:07:04.194788+00:00,112.7,43,ask,EarnestEspressos,CostlyCorianders,5096494
2026-07-03T01:07:04.763717,2026-07-03T01:07:04.775126+00:00,112.7,44,ask,EarnestEspressos,CostlyCorianders,5096502
2026-07-03T01:07:05.193163,2026-07-03T01:07:05.204417+00:00,112.5,100,ask,DiligentDonuts,EarnestEspressos,5096513
2026-07-03T01:07:05.205648,2026-07-03T01:07:05.213194+00:00,112.5,11,bid,Xuanyu Liu,EarnestEspressos,5096515
2026-07-03T01:07:05.586149,2026-07-03T01:07:05.602807+00:00,112.5,23,bid,Xuanyu Liu,EarnestEspressos,5096518
2026-07-03T01:07:06.208204,2026-07-03T01:07:06.219446+00:00,112.5,16,bid,CostlyCorianders,EarnestEspressos,5096524
2026-07-03T01:07:08.137459,2026-07-03T01:07:08.147207+00:00,112.7,50,bid,FlawlessFlatbreads,DiligentDonuts,5096559
2026-07-03T01:07:08.309366,2026-07-03T01:07:08.318384+00:00,112.6,11,ask,EarnestEspressos,Xuanyu Liu,5096560
2026-07-03T01:07:10.751942,2026-07-03T01:07:10.760305+00:00,112.6,23,ask,EarnestEspressos,Xuanyu Liu,5096598
2026-07-03T01:07:11.508518,2026-07-03T01:07:11.520024+00:00,112.7,49,bid,CostlyCorianders,DiligentDonuts,5096606
2026-07-03T01:07:12.627127,2026-07-03T01:07:12.638119+00:00,112.4,44,ask,DiligentDonuts,CostlyCorianders,5096625
2026-07-03T01:07:14.452915,2026-07-03T01:07:14.458591+00:00,112.7,50,bid,FlawlessFlatbreads,EarnestEspressos,5096643
2026-07-03T01:07:14.878060,2026-07-03T01:07:14.889667+00:00,112.5,48,ask,EarnestEspressos,CostlyCorianders,5096651
2026-07-03T01:07:16.558474,2026-07-03T01:07:16.568499+00:00,112.9,50,bid,FlawlessFlatbreads,DiligentDonuts,5096677
2026-07-03T01:07:18.665803,2026-07-03T01:07:18.677409+00:00,112.9,50,bid,FlawlessFlatbreads,DiligentDonuts,5096692
2026-07-03T01:07:19.027145,2026-07-03T01:07:19.033970+00:00,112.7,22,ask,DiligentDonuts,Zihao Wu,5096695
2026-07-03T01:07:20.774153,2026-07-03T01:07:20.785658+00:00,112.9,50,bid,FlawlessFlatbreads,EarnestEspressos,5096709
2026-07-03T01:07:22.836709,2026-07-03T01:07:22.847924+00:00,113.0,40,bid,CostlyCorianders,EarnestEspressos,5096740
2026-07-03T01:07:22.881356,2026-07-03T01:07:22.890512+00:00,113.0,50,bid,FlawlessFlatbreads,EarnestEspressos,5096742
2026-07-03T01:07:24.124829,2026-07-03T01:07:24.135759+00:00,112.9,23,ask,EarnestEspressos,Xuanyu Liu,5096758
2026-07-03T01:07:24.387119,2026-07-03T01:07:24.398836+00:00,112.9,47,ask,EarnestEspressos,CostlyCorianders,5096764
2026-07-03T01:07:24.988242,2026-07-03T01:07:24.999506+00:00,113.0,50,bid,FlawlessFlatbreads,DiligentDonuts,5096774
2026-07-03T01:07:25.528452,2026-07-03T01:07:25.538709+00:00,112.9,46,ask,EarnestEspressos,CostlyCorianders,5096775
2026-07-03T01:07:27.094762,2026-07-03T01:07:27.106176+00:00,113.2,50,bid,FlawlessFlatbreads,DiligentDonuts,5096805
2026-07-03T01:07:28.321245,2026-07-03T01:07:28.332640+00:00,112.9,100,bid,DiligentDonuts,EarnestEspressos,5096819
2026-07-03T01:07:29.201025,2026-07-03T01:07:29.211256+00:00,112.9,50,bid,FlawlessFlatbreads,EarnestEspressos,5096832
2026-07-03T01:07:30.475447,2026-07-03T01:07:30.484279+00:00,113.0,23,ask,EarnestEspressos,Xuanyu Liu,5096843
2026-07-03T01:07:31.306294,2026-07-03T01:07:31.317667+00:00,113.4,50,bid,FlawlessFlatbreads,DiligentDonuts,5096853
2026-07-03T01:07:33.463496,2026-07-03T01:07:33.474763+00:00,113.0,50,ask,EarnestEspressos,FlawlessFlatbreads,5096875
2026-07-03T01:07:34.005200,2026-07-03T01:07:34.017742+00:00,113.1,43,bid,CostlyCorianders,DiligentDonuts,5096883
2026-07-03T01:07:35.518453,2026-07-03T01:07:35.529943+00:00,113.1,50,bid,FlawlessFlatbreads,DiligentDonuts,5096905
2026-07-03T01:07:36.618652,2026-07-03T01:07:36.629957+00:00,113.1,40,bid,CostlyCorianders,DiligentDonuts,5096920
2026-07-03T01:07:37.643112,2026-07-03T01:07:37.653664+00:00,113.1,10,bid,FlawlessFlatbreads,DiligentDonuts,5096932
2026-07-03T01:07:37.643112,2026-07-03T01:07:37.653664+00:00,113.1,40,bid,FlawlessFlatbreads,EarnestEspressos,5096933
2026-07-03T01:07:39.750492,2026-07-03T01:07:39.758589+00:00,113.1,50,bid,FlawlessFlatbreads,EarnestEspressos,5096962
2026-07-03T01:07:42.547059,2026-07-03T01:07:42.558539+00:00,113.0,46,ask,EarnestEspressos,CostlyCorianders,5097001
2026-07-03T01:07:44.359537,2026-07-03T01:07:44.371719+00:00,113.0,14,ask,DiligentDonuts,Xuanyu Liu,5097017
2026-07-03T01:07:46.114119,2026-07-03T01:07:46.122042+00:00,113.0,50,ask,DiligentDonuts,FlawlessFlatbreads,5097043
2026-07-03T01:07:46.320282,2026-07-03T01:07:46.331740+00:00,113.0,36,ask,DiligentDonuts,EarnestEspressos,5097048
2026-07-03T01:07:48.168335,2026-07-03T01:07:48.179903+00:00,113.0,50,bid,FlawlessFlatbreads,EarnestEspressos,5097072
2026-07-03T01:07:49.430366,2026-07-03T01:07:49.437944+00:00,113.0,44,bid,CostlyCorianders,DiligentDonuts,5097089
2026-07-03T01:07:49.433426,2026-07-03T01:07:49.443154+00:00,113.0,56,bid,EarnestEspressos,DiligentDonuts,5097090
2026-07-03T01:07:50.275932,2026-07-03T01:07:50.287532+00:00,113.6,50,bid,FlawlessFlatbreads,EarnestEspressos,5097106
2026-07-03T01:07:50.425908,2026-07-03T01:07:50.437254+00:00,113.1,40,ask,EarnestEspressos,CostlyCorianders,5097109
2026-07-03T01:07:52.408291,2026-07-03T01:07:52.419850+00:00,113.3,50,bid,FlawlessFlatbreads,DiligentDonuts,5097144
2026-07-03T01:07:54.515352,2026-07-03T01:07:54.526545+00:00,113.5,50,bid,FlawlessFlatbreads,DiligentDonuts,5097171
2026-07-03T01:07:55.969165,2026-07-03T01:07:55.978088+00:00,113.0,48,ask,DiligentDonuts,CostlyCorianders,5097184
2026-07-03T01:07:56.621691,2026-07-03T01:07:56.633419+00:00,113.4,50,bid,FlawlessFlatbreads,EarnestEspressos,5097198
2026-07-03T01:07:58.726732,2026-07-03T01:07:58.738287+00:00,113.4,50,bid,FlawlessFlatbreads,EarnestEspressos,5097222
2026-07-03T01:07:58.826072,2026-07-03T01:07:58.837568+00:00,113.4,45,bid,CostlyCorianders,EarnestEspressos,5097223
2026-07-03T01:07:58.929774,2026-07-03T01:07:58.941017+00:00,113.5,100,bid,EarnestEspressos,DiligentDonuts,5097224
2026-07-03T01:07:58.994539,2026-07-03T01:07:59.003437+00:00,113.5,26,ask,EarnestEspressos,Xuanyu Liu,5097225
2026-07-03T01:08:00.582169,2026-07-03T01:08:00.589724+00:00,113.5,24,ask,EarnestEspressos,CostlyCorianders,5097250
2026-07-03T01:08:00.582169,2026-07-03T01:08:00.594664+00:00,113.3,20,ask,DiligentDonuts,CostlyCorianders,5097251
2026-07-03T01:08:00.885232,2026-07-03T01:08:00.896801+00:00,113.3,50,ask,DiligentDonuts,FlawlessFlatbreads,5097258
2026-07-03T01:08:01.221425,2026-07-03T01:08:01.233214+00:00,113.8,44,bid,CostlyCorianders,DiligentDonuts,5097260
2026-07-03T01:08:02.155259,2026-07-03T01:08:02.163926+00:00,113.5,12,bid,Xuanyu Liu,EarnestEspressos,5097273
2026-07-03T01:08:02.234208,2026-07-03T01:08:02.245643+00:00,113.3,30,ask,DiligentDonuts,CostlyCorianders,5097276
2026-07-03T01:08:02.234208,2026-07-03T01:08:02.245643+00:00,113.0,10,ask,EarnestEspressos,CostlyCorianders,5097277
2026-07-03T01:08:02.940701,2026-07-03T01:08:02.958710+00:00,113.5,50,bid,FlawlessFlatbreads,EarnestEspressos,5097283
2026-07-03T01:08:04.314636,2026-07-03T01:08:04.321096+00:00,113.5,42,bid,CostlyCorianders,EarnestEspressos,5097306
2026-07-03T01:08:05.836740,2026-07-03T01:08:05.846510+00:00,113.4,45,ask,DiligentDonuts,CostlyCorianders,5097321
2026-07-03T01:08:06.440700,2026-07-03T01:08:06.448809+00:00,113.8,46,bid,CostlyCorianders,EarnestEspressos,5097325
2026-07-03T01:08:06.495223,2026-07-03T01:08:06.503979+00:00,113.3,42,ask,EarnestEspressos,CostlyCorianders,5097328
2026-07-03T01:08:07.133073,2026-07-03T01:08:07.144261+00:00,113.3,48,ask,EarnestEspressos,CostlyCorianders,5097342
2026-07-03T01:08:07.206040,2026-07-03T01:08:07.217359+00:00,113.3,50,ask,EarnestEspressos,FlawlessFlatbreads,5097344
2026-07-03T01:08:09.246735,2026-07-03T01:08:09.258132+00:00,113.6,49,bid,CostlyCorianders,EarnestEspressos,5097365
2026-07-03T01:08:09.314775,2026-07-03T01:08:09.322105+00:00,113.3,50,ask,DiligentDonuts,FlawlessFlatbreads,5097366
2026-07-03T01:08:09.799671,2026-07-03T01:08:09.806158+00:00,113.1,40,ask,EarnestEspressos,CostlyCorianders,5097373
2026-07-03T01:08:13.526353,2026-07-03T01:08:13.533328+00:00,113.2,50,ask,EarnestEspressos,FlawlessFlatbreads,5097421
2026-07-03T01:08:13.783612,2026-07-03T01:08:13.794500+00:00,113.7,44,bid,CostlyCorianders,EarnestEspressos,5097432
2026-07-03T01:08:15.633565,2026-07-03T01:08:15.668699+00:00,113.2,50,ask,DiligentDonuts,FlawlessFlatbreads,5097458
2026-07-03T01:08:15.867882,2026-07-03T01:08:15.876854+00:00,113.6,11,bid,Xuanyu Liu,DiligentDonuts,5097460
2026-07-03T01:08:16.681858,2026-07-03T01:08:16.688270+00:00,113.6,44,bid,CostlyCorianders,DiligentDonuts,5097473
2026-07-03T01:08:17.659552,2026-07-03T01:08:17.668186+00:00,113.6,3,bid,Xuanyu Liu,DiligentDonuts,5097488
2026-07-03T01:08:17.739925,2026-07-03T01:08:17.746281+00:00,113.2,50,ask,EarnestEspressos,FlawlessFlatbreads,5097493
2026-07-03T01:08:19.846857,2026-07-03T01:08:19.853171+00:00,113.4,50,ask,DiligentDonuts,FlawlessFlatbreads,5097519
2026-07-03T01:08:21.957069,2026-07-03T01:08:21.965512+00:00,113.4,50,ask,DiligentDonuts,FlawlessFlatbreads,5097546
2026-07-03T01:08:23.432011,2026-07-03T01:08:23.443697+00:00,113.8,48,bid,CostlyCorianders,EarnestEspressos,5097564
2026-07-03T01:08:24.063716,2026-07-03T01:08:24.075140+00:00,113.3,50,ask,EarnestEspressos,FlawlessFlatbreads,5097573
2026-07-03T01:08:26.119613,2026-07-03T01:08:26.126178+00:00,113.9,50,bid,FlawlessFlatbreads,EarnestEspressos,5097596
2026-07-03T01:08:27.061464,2026-07-03T01:08:27.072731+00:00,113.4,43,ask,EarnestEspressos,CostlyCorianders,5097613
2026-07-03T01:08:28.225501,2026-07-03T01:08:28.235629+00:00,113.7,50,bid,FlawlessFlatbreads,EarnestEspressos,5097625
2026-07-03T01:08:29.227643,2026-07-03T01:08:29.239276+00:00,113.6,48,bid,CostlyCorianders,DiligentDonuts,5097646
2026-07-03T01:08:30.337248,2026-07-03T01:08:30.346821+00:00,113.6,50,bid,FlawlessFlatbreads,DiligentDonuts,5097657
2026-07-03T01:08:31.097506,2026-07-03T01:08:31.109161+00:00,113.2,47,ask,EarnestEspressos,CostlyCorianders,5097672
2026-07-03T01:08:32.443498,2026-07-03T01:08:32.458548+00:00,113.7,50,bid,FlawlessFlatbreads,EarnestEspressos,5097683
2026-07-03T01:08:34.551668,2026-07-03T01:08:34.565427+00:00,113.7,50,bid,FlawlessFlatbreads,EarnestEspressos,5097708
2026-07-03T01:08:36.038898,2026-07-03T01:08:36.045010+00:00,113.2,48,ask,EarnestEspressos,CostlyCorianders,5097732
2026-07-03T01:08:36.657430,2026-07-03T01:08:36.669185+00:00,113.6,50,bid,FlawlessFlatbreads,DiligentDonuts,5097740
2026-07-03T01:08:37.195505,2026-07-03T01:08:37.207516+00:00,113.6,47,bid,CostlyCorianders,DiligentDonuts,5097749
2026-07-03T01:08:38.766449,2026-07-03T01:08:38.777798+00:00,113.7,50,bid,FlawlessFlatbreads,EarnestEspressos,5097781
2026-07-03T01:08:38.848804,2026-07-03T01:08:38.858599+00:00,113.5,47,ask,DiligentDonuts,CostlyCorianders,5097783
2026-07-03T01:08:40.015279,2026-07-03T01:08:40.027297+00:00,114.0,42,bid,CostlyCorianders,DiligentDonuts,5097800
2026-07-03T01:08:40.882468,2026-07-03T01:08:40.894040+00:00,114.0,50,bid,FlawlessFlatbreads,DiligentDonuts,5097808
2026-07-03T01:08:41.281112,2026-07-03T01:08:41.289676+00:00,113.8,3,ask,DiligentDonuts,Xuanyu Liu,5097815
2026-07-03T01:08:42.988245,2026-07-03T01:08:42.998323+00:00,114.1,50,bid,FlawlessFlatbreads,EarnestEspressos,5097843
2026-07-03T01:08:45.146035,2026-07-03T01:08:45.157370+00:00,113.9,50,ask,DiligentDonuts,FlawlessFlatbreads,5097883
2026-07-03T01:08:45.209649,2026-07-03T01:08:45.217400+00:00,113.9,11,ask,DiligentDonuts,Xuanyu Liu,5097884
2026-07-03T01:08:47.253161,2026-07-03T01:08:47.258547+00:00,113.9,39,ask,DiligentDonuts,FlawlessFlatbreads,5097907
2026-07-03T01:08:47.253161,2026-07-03T01:08:47.258547+00:00,113.7,11,ask,EarnestEspressos,FlawlessFlatbreads,5097908
2026-07-03T01:08:47.919364,2026-07-03T01:08:47.930646+00:00,113.7,45,ask,EarnestEspressos,CostlyCorianders,5097923
2026-07-03T01:08:49.311134,2026-07-03T01:08:49.322562+00:00,114.1,50,bid,FlawlessFlatbreads,DiligentDonuts,5097937
2026-07-03T01:08:49.900019,2026-07-03T01:08:49.911333+00:00,114.1,47,bid,CostlyCorianders,DiligentDonuts,5097947
2026-07-03T01:08:51.469196,2026-07-03T01:08:51.475303+00:00,114.0,50,ask,DiligentDonuts,FlawlessFlatbreads,5097965
2026-07-03T01:08:52.623229,2026-07-03T01:08:52.634559+00:00,114.0,44,ask,DiligentDonuts,CostlyCorianders,5097978
2026-07-03T01:08:53.162216,2026-07-03T01:08:53.176861+00:00,114.0,6,ask,DiligentDonuts,CostlyCorianders,5097988
2026-07-03T01:08:53.162216,2026-07-03T01:08:53.176861+00:00,113.7,34,ask,EarnestEspressos,CostlyCorianders,5097989
2026-07-03T01:08:57.737779,2026-07-03T01:08:57.758733+00:00,114.0,50,bid,FlawlessFlatbreads,EarnestEspressos,5098053
2026-07-03T01:09:01.997755,2026-07-03T01:09:02.009092+00:00,113.7,50,ask,EarnestEspressos,FlawlessFlatbreads,5098110
2026-07-03T01:09:04.106091,2026-07-03T01:09:04.112448+00:00,113.5,50,ask,DiligentDonuts,FlawlessFlatbreads,5098128
2026-07-03T01:09:06.215369,2026-07-03T01:09:06.223825+00:00,113.5,50,ask,DiligentDonuts,FlawlessFlatbreads,5098150
2026-07-03T01:09:06.459559,2026-07-03T01:09:06.469274+00:00,113.5,11,bid,Xuanyu Liu,DiligentDonuts,5098155
2026-07-03T01:09:08.273733,2026-07-03T01:09:08.281117+00:00,113.5,50,bid,FlawlessFlatbreads,DiligentDonuts,5098181
2026-07-03T01:09:09.097718,2026-07-03T01:09:09.106062+00:00,113.5,3,bid,Xuanyu Liu,DiligentDonuts,5098193
2026-07-03T01:09:09.238953,2026-07-03T01:09:09.250342+00:00,113.5,36,bid,CostlyCorianders,DiligentDonuts,5098197
2026-07-03T01:09:09.238953,2026-07-03T01:09:09.250342+00:00,113.7,8,bid,CostlyCorianders,EarnestEspressos,5098198
2026-07-03T01:09:09.715218,2026-07-03T01:09:09.726560+00:00,113.4,48,ask,DiligentDonuts,CostlyCorianders,5098204
2026-07-03T01:09:10.379605,2026-07-03T01:09:10.391650+00:00,113.7,50,bid,FlawlessFlatbreads,EarnestEspressos,5098216
2026-07-03T01:09:12.538915,2026-07-03T01:09:12.550465+00:00,113.5,50,ask,EarnestEspressos,FlawlessFlatbreads,5098243
2026-07-03T01:09:14.646638,2026-07-03T01:09:14.658597+00:00,113.5,50,ask,EarnestEspressos,FlawlessFlatbreads,5098269
2026-07-03T01:09:16.754480,2026-07-03T01:09:16.758589+00:00,113.3,50,ask,DiligentDonuts,FlawlessFlatbreads,5098305
2026-07-03T01:09:18.175093,2026-07-03T01:09:18.186571+00:00,113.7,43,bid,CostlyCorianders,EarnestEspressos,5098334
2026-07-03T01:09:18.810553,2026-07-03T01:09:18.821981+00:00,113.7,50,bid,FlawlessFlatbreads,EarnestEspressos,5098342
2026-07-03T01:09:20.969262,2026-07-03T01:09:20.980528+00:00,113.2,50,ask,EarnestEspressos,FlawlessFlatbreads,5098362
2026-07-03T01:09:21.769577,2026-07-03T01:09:21.776551+00:00,113.2,48,ask,EarnestEspressos,CostlyCorianders,5098368
2026-07-03T01:09:23.075793,2026-07-03T01:09:23.085772+00:00,113.2,50,ask,EarnestEspressos,FlawlessFlatbreads,5098395
2026-07-03T01:09:23.771445,2026-07-03T01:09:23.782937+00:00,113.5,47,bid,CostlyCorianders,DiligentDonuts,5098398
2026-07-03T01:09:24.401021,2026-07-03T01:09:24.412313+00:00,113.4,42,bid,CostlyCorianders,EarnestEspressos,5098404
2026-07-03T01:09:25.182180,2026-07-03T01:09:25.193484+00:00,113.0,50,ask,DiligentDonuts,FlawlessFlatbreads,5098410
2026-07-03T01:09:26.029977,2026-07-03T01:09:26.041722+00:00,113.1,41,ask,DiligentDonuts,CostlyCorianders,5098421
2026-07-03T01:09:27.290747,2026-07-03T01:09:27.302076+00:00,113.1,50,ask,DiligentDonuts,FlawlessFlatbreads,5098443
2026-07-03T01:09:29.397057,2026-07-03T01:09:29.405000+00:00,113.1,50,ask,EarnestEspressos,FlawlessFlatbreads,5098473
2026-07-03T01:09:32.112745,2026-07-03T01:09:32.121042+00:00,113.1,3,bid,Xuanyu Liu,DiligentDonuts,5098515
2026-07-03T01:09:33.330877,2026-07-03T01:09:33.338776+00:00,113.1,11,bid,Xuanyu Liu,DiligentDonuts,5098534
2026-07-03T01:09:34.536155,2026-07-03T01:09:34.544378+00:00,113.1,12,bid,Xuanyu Liu,DiligentDonuts,5098556
2026-07-03T01:09:35.547511,2026-07-03T01:09:35.553687+00:00,113.4,48,bid,CostlyCorianders,EarnestEspressos,5098573
2026-07-03T01:09:35.681900,2026-07-03T01:09:35.693311+00:00,113.4,50,bid,FlawlessFlatbreads,EarnestEspressos,5098575
2026-07-03T01:09:36.999983,2026-07-03T01:09:37.007574+00:00,113.4,23,ask,EarnestEspressos,Xuanyu Liu,5098598
2026-07-03T01:09:37.676648,2026-07-03T01:09:37.684336+00:00,113.4,3,ask,EarnestEspressos,Xuanyu Liu,5098610
2026-07-03T01:09:37.791811,2026-07-03T01:09:37.798994+00:00,113.5,50,bid,FlawlessFlatbreads,DiligentDonuts,5098612
2026-07-03T01:09:39.898253,2026-07-03T01:09:39.909627+00:00,113.5,50,bid,FlawlessFlatbreads,DiligentDonuts,5098635
2026-07-03T01:09:42.058112,2026-07-03T01:09:42.068818+00:00,113.4,50,ask,EarnestEspressos,FlawlessFlatbreads,5098653
2026-07-03T01:09:42.454859,2026-07-03T01:09:42.466127+00:00,113.4,44,ask,EarnestEspressos,CostlyCorianders,5098655
2026-07-03T01:09:43.048772,2026-07-03T01:09:43.058606+00:00,113.4,42,ask,EarnestEspressos,CostlyCorianders,5098670
2026-07-03T01:09:43.361682,2026-07-03T01:09:43.383200+00:00,113.4,100,ask,DiligentDonuts,EarnestEspressos,5098681
2026-07-03T01:09:43.374121,2026-07-03T01:09:43.383200+00:00,113.3,3,bid,Xuanyu Liu,EarnestEspressos,5098683
2026-07-03T01:09:43.590343,2026-07-03T01:09:43.600320+00:00,113.3,44,bid,CostlyCorianders,EarnestEspressos,5098685
2026-07-03T01:09:44.179589,2026-07-03T01:09:44.190821+00:00,112.8,50,ask,EarnestEspressos,FlawlessFlatbreads,5098688
2026-07-03T01:09:44.226241,2026-07-03T01:09:44.234997+00:00,113.3,3,bid,Xuanyu Liu,EarnestEspressos,5098690
2026-07-03T01:09:44.608597,2026-07-03T01:09:44.620129+00:00,113.6,44,bid,CostlyCorianders,DiligentDonuts,5098694
2026-07-03T01:09:46.285834,2026-07-03T01:09:46.297206+00:00,113.1,50,ask,DiligentDonuts,FlawlessFlatbreads,5098719
2026-07-03T01:09:46.621887,2026-07-03T01:09:46.628814+00:00,113.2,40,ask,EarnestEspressos,CostlyCorianders,5098725
2026-07-03T01:09:48.393684,2026-07-03T01:09:48.404972+00:00,113.2,50,ask,EarnestEspressos,FlawlessFlatbreads,5098741
2026-07-03T01:09:48.526972,2026-07-03T01:09:48.538378+00:00,113.5,48,bid,CostlyCorianders,DiligentDonuts,5098745
2026-07-03T01:09:50.081859,2026-07-03T01:09:50.093292+00:00,113.0,49,ask,DiligentDonuts,CostlyCorianders,5098762
2026-07-03T01:09:50.500793,2026-07-03T01:09:50.512149+00:00,113.0,50,ask,DiligentDonuts,FlawlessFlatbreads,5098768
2026-07-03T01:09:51.849498,2026-07-03T01:09:51.855655+00:00,112.7,67,ask,EarnestEspressos,Zihao Wu,5098785
2026-07-03T01:09:52.557865,2026-07-03T01:09:52.569295+00:00,113.2,50,bid,FlawlessFlatbreads,EarnestEspressos,5098797
2026-07-03T01:09:52.859687,2026-07-03T01:09:52.868635+00:00,113.1,8,bid,Xuanyu Liu,EarnestEspressos,5098800
2026-07-03T01:09:54.663345,2026-07-03T01:09:54.674584+00:00,113.1,50,bid,FlawlessFlatbreads,EarnestEspressos,5098818
2026-07-03T01:09:55.507334,2026-07-03T01:09:55.515624+00:00,113.1,43,bid,CostlyCorianders,EarnestEspressos,5098824
2026-07-03T01:09:56.543220,2026-07-03T01:09:56.554605+00:00,113.2,45,bid,CostlyCorianders,DiligentDonuts,5098835
2026-07-03T01:09:56.826129,2026-07-03T01:09:56.834183+00:00,113.0,50,ask,EarnestEspressos,FlawlessFlatbreads,5098838
2026-07-03T01:10:00.985190,2026-07-03T01:10:00.996664+00:00,113.2,50,bid,FlawlessFlatbreads,EarnestEspressos,5098901
2026-07-03T01:10:03.094698,2026-07-03T01:10:03.106321+00:00,113.4,50,bid,FlawlessFlatbreads,DiligentDonuts,5098930
2026-07-03T01:10:05.207550,2026-07-03T01:10:05.218373+00:00,113.4,50,bid,FlawlessFlatbreads,EarnestEspressos,5098957
2026-07-03T01:10:07.313038,2026-07-03T01:10:07.321904+00:00,113.6,50,bid,FlawlessFlatbreads,DiligentDonuts,5098985
2026-07-03T01:10:09.421016,2026-07-03T01:10:09.433615+00:00,113.6,50,bid,FlawlessFlatbreads,DiligentDonuts,5099013
2026-07-03T01:10:11.530560,2026-07-03T01:10:11.541905+00:00,113.8,50,bid,FlawlessFlatbreads,EarnestEspressos,5099040
2026-07-03T01:10:11.771414,2026-07-03T01:10:11.779656+00:00,113.6,11,ask,EarnestEspressos,Xuanyu Liu,5099041
2026-07-03T01:10:11.780644,2026-07-03T01:10:11.788722+00:00,113.6,3,ask,EarnestEspressos,Xuanyu Liu,5099043
2026-07-03T01:10:11.795532,2026-07-03T01:10:11.803912+00:00,113.6,41,ask,EarnestEspressos,CostlyCorianders,5099045
2026-07-03T01:10:16.526307,2026-07-03T01:10:16.537030+00:00,113.5,44,ask,DiligentDonuts,CostlyCorianders,5099095
2026-07-03T01:10:17.894372,2026-07-03T01:10:17.905871+00:00,113.5,50,ask,DiligentDonuts,FlawlessFlatbreads,5099111
2026-07-03T01:10:19.072556,2026-07-03T01:10:19.084080+00:00,113.9,44,bid,CostlyCorianders,EarnestEspressos,5099125
2026-07-03T01:10:19.949058,2026-07-03T01:10:19.963846+00:00,113.7,50,bid,FlawlessFlatbreads,DiligentDonuts,5099131
2026-07-03T01:10:21.262656,2026-07-03T01:10:21.274162+00:00,113.7,50,bid,EarnestEspressos,DiligentDonuts,5099147
2026-07-03T01:10:22.056078,2026-07-03T01:10:22.067529+00:00,114.2,50,bid,FlawlessFlatbreads,EarnestEspressos,5099153
2026-07-03T01:10:24.154990,2026-07-03T01:10:24.154557+00:00,113.7,49,ask,EarnestEspressos,CostlyCorianders,5099173
2026-07-03T01:10:24.165043,2026-07-03T01:10:24.174351+00:00,114.0,50,bid,FlawlessFlatbreads,DiligentDonuts,5099174
2026-07-03T01:10:24.633414,2026-07-03T01:10:24.644956+00:00,113.5,48,ask,DiligentDonuts,CostlyCorianders,5099178
2026-07-03T01:10:28.430609,2026-07-03T01:10:28.442078+00:00,113.5,50,ask,DiligentDonuts,FlawlessFlatbreads,5099218
2026-07-03T01:10:30.536317,2026-07-03T01:10:30.547956+00:00,113.4,50,ask,EarnestEspressos,FlawlessFlatbreads,5099245
2026-07-03T01:10:32.062876,2026-07-03T01:10:32.074365+00:00,113.7,47,bid,CostlyCorianders,EarnestEspressos,5099260
2026-07-03T01:10:32.667263,2026-07-03T01:10:32.678761+00:00,113.5,50,ask,DiligentDonuts,FlawlessFlatbreads,5099265
2026-07-03T01:10:33.157932,2026-07-03T01:10:33.169516+00:00,113.7,44,bid,CostlyCorianders,EarnestEspressos,5099272
2026-07-03T01:10:33.724498,2026-07-03T01:10:33.736071+00:00,113.5,43,ask,DiligentDonuts,CostlyCorianders,5099280
2026-07-03T01:10:34.222068,2026-07-03T01:10:34.230972+00:00,113.7,44,bid,CostlyCorianders,EarnestEspressos,5099287
2026-07-03T01:10:34.773714,2026-07-03T01:10:34.783002+00:00,113.5,7,ask,DiligentDonuts,FlawlessFlatbreads,5099294
2026-07-03T01:10:34.773714,2026-07-03T01:10:34.783002+00:00,113.2,43,ask,EarnestEspressos,FlawlessFlatbreads,5099295
2026-07-03T01:10:36.924078,2026-07-03T01:10:36.935838+00:00,113.2,50,ask,EarnestEspressos,FlawlessFlatbreads,5099324
2026-07-03T01:10:37.985170,2026-07-03T01:10:37.995030+00:00,113.3,14,bid,Xuanyu Liu,DiligentDonuts,5099337
2026-07-03T01:10:40.074579,2026-07-03T01:10:40.086092+00:00,113.6,47,bid,CostlyCorianders,EarnestEspressos,5099366
2026-07-03T01:10:40.253408,2026-07-03T01:10:40.262799+00:00,113.5,11,ask,EarnestEspressos,Xuanyu Liu,5099370
2026-07-03T01:10:41.082979,2026-07-03T01:10:41.090234+00:00,113.6,50,bid,FlawlessFlatbreads,DiligentDonuts,5099382
2026-07-03T01:10:41.912874,2026-07-03T01:10:41.921138+00:00,113.5,3,ask,EarnestEspressos,Xuanyu Liu,5099396
2026-07-03T01:10:43.005641,2026-07-03T01:10:43.012271+00:00,113.5,46,ask,EarnestEspressos,CostlyCorianders,5099408
2026-07-03T01:10:43.189376,2026-07-03T01:10:43.201068+00:00,113.7,50,bid,FlawlessFlatbreads,DiligentDonuts,5099409
2026-07-03T01:10:44.734128,2026-07-03T01:10:44.743014+00:00,113.2,49,ask,DiligentDonuts,CostlyCorianders,5099430
2026-07-03T01:10:45.319615,2026-07-03T01:10:45.329832+00:00,113.6,50,bid,FlawlessFlatbreads,EarnestEspressos,5099435
2026-07-03T01:10:47.427896,2026-07-03T01:10:47.435411+00:00,113.7,50,bid,FlawlessFlatbreads,DiligentDonuts,5099456
2026-07-03T01:10:49.564318,2026-07-03T01:10:49.575246+00:00,113.9,50,bid,FlawlessFlatbreads,EarnestEspressos,5099480
2026-07-03T01:10:49.872905,2026-07-03T01:10:49.884330+00:00,113.9,42,bid,CostlyCorianders,DiligentDonuts,5099484
2026-07-03T01:10:51.671384,2026-07-03T01:10:51.682914+00:00,114.0,50,bid,FlawlessFlatbreads,DiligentDonuts,5099506
2026-07-03T01:10:52.023934,2026-07-03T01:10:52.031629+00:00,113.6,3,ask,EarnestEspressos,Xuanyu Liu,5099510
2026-07-03T01:10:54.934639,2026-07-03T01:10:54.946028+00:00,113.3,44,ask,EarnestEspressos,CostlyCorianders,5099541
2026-07-03T01:10:55.932887,2026-07-03T01:10:55.944114+00:00,113.3,50,ask,EarnestEspressos,FlawlessFlatbreads,5099555
2026-07-03T01:10:56.163379,2026-07-03T01:10:56.174832+00:00,113.6,42,bid,CostlyCorianders,EarnestEspressos,5099558
2026-07-03T01:10:56.216971,2026-07-03T01:10:56.223680+00:00,113.3,42,ask,DiligentDonuts,CostlyCorianders,5099561
2026-07-03T01:10:57.341722,2026-07-03T01:10:57.349525+00:00,113.6,49,bid,CostlyCorianders,EarnestEspressos,5099571
2026-07-03T01:10:58.052295,2026-07-03T01:10:58.063858+00:00,113.4,50,ask,DiligentDonuts,FlawlessFlatbreads,5099583
2026-07-03T01:11:00.523426,2026-07-03T01:11:00.534757+00:00,113.4,41,ask,EarnestEspressos,CostlyCorianders,5099613
2026-07-03T01:11:02.212613,2026-07-03T01:11:02.224003+00:00,113.6,50,bid,FlawlessFlatbreads,DiligentDonuts,5099637
2026-07-03T01:11:04.323444,2026-07-03T01:11:04.334971+00:00,113.6,50,bid,FlawlessFlatbreads,DiligentDonuts,5099668
2026-07-03T01:11:05.623982,2026-07-03T01:11:05.632463+00:00,113.5,3,bid,Xuanyu Liu,EarnestEspressos,5099683
2026-07-03T01:11:06.642571,2026-07-03T01:11:06.653448+00:00,113.5,100,bid,DiligentDonuts,EarnestEspressos,5099699
2026-07-03T01:11:08.093390,2026-07-03T01:11:08.105027+00:00,113.5,47,bid,CostlyCorianders,EarnestEspressos,5099723
2026-07-03T01:11:08.727586,2026-07-03T01:11:08.735323+00:00,113.8,14,ask,EarnestEspressos,Xuanyu Liu,5099735
2026-07-03T01:11:08.982154,2026-07-03T01:11:08.991393+00:00,113.8,12,ask,EarnestEspressos,Xuanyu Liu,5099738
2026-07-03T01:11:09.190612,2026-07-03T01:11:09.202043+00:00,113.8,41,ask,EarnestEspressos,CostlyCorianders,5099742
2026-07-03T01:11:09.854726,2026-07-03T01:11:09.863665+00:00,113.8,83,ask,EarnestEspressos,DiligentDonuts,5099755
2026-07-03T01:11:09.864782,2026-07-03T01:11:09.873429+00:00,113.6,12,bid,Xuanyu Liu,DiligentDonuts,5099756
2026-07-03T01:11:10.686335,2026-07-03T01:11:10.693514+00:00,113.1,50,ask,DiligentDonuts,FlawlessFlatbreads,5099765
2026-07-03T01:11:11.393734,2026-07-03T01:11:11.405257+00:00,113.6,5,bid,Xuanyu Liu,DiligentDonuts,5099776
2026-07-03T01:11:11.666407,2026-07-03T01:11:11.672858+00:00,113.1,42,ask,DiligentDonuts,CostlyCorianders,5099783
2026-07-03T01:11:12.791572,2026-07-03T01:11:12.803229+00:00,113.3,50,ask,EarnestEspressos,FlawlessFlatbreads,5099791
2026-07-03T01:11:15.113842,2026-07-03T01:11:15.122950+00:00,113.6,6,bid,Xuanyu Liu,EarnestEspressos,5099821
2026-07-03T01:11:16.038761,2026-07-03T01:11:16.046132+00:00,113.6,3,bid,Xuanyu Liu,EarnestEspressos,5099832
2026-07-03T01:11:16.950616,2026-07-03T01:11:16.958600+00:00,113.6,50,bid,FlawlessFlatbreads,EarnestEspressos,5099846
2026-07-03T01:11:17.168566,2026-07-03T01:11:17.176660+00:00,113.6,48,bid,CostlyCorianders,EarnestEspressos,5099853
2026-07-03T01:11:19.057246,2026-07-03T01:11:19.068967+00:00,113.9,50,bid,FlawlessFlatbreads,DiligentDonuts,5099874
2026-07-03T01:11:21.101393,2026-07-03T01:11:21.112666+00:00,113.7,43,ask,EarnestEspressos,CostlyCorianders,5099902
2026-07-03T01:11:21.164447,2026-07-03T01:11:21.173248+00:00,114.0,50,bid,FlawlessFlatbreads,DiligentDonuts,5099908
2026-07-03T01:11:21.292239,2026-07-03T01:11:21.300713+00:00,113.7,3,ask,EarnestEspressos,Xuanyu Liu,5099910
2026-07-03T01:11:23.320524,2026-07-03T01:11:23.331860+00:00,113.5,50,ask,DiligentDonuts,FlawlessFlatbreads,5099937
2026-07-03T01:11:23.771925,2026-07-03T01:11:23.783296+00:00,113.8,48,bid,CostlyCorianders,EarnestEspressos,5099942
2026-07-03T01:11:24.384414,2026-07-03T01:11:24.395996+00:00,113.5,46,ask,DiligentDonuts,CostlyCorianders,5099949
2026-07-03T01:11:26.486264,2026-07-03T01:11:26.495918+00:00,113.5,46,bid,CostlyCorianders,DiligentDonuts,5099970
2026-07-03T01:11:27.121516,2026-07-03T01:11:27.129151+00:00,113.5,3,bid,Xuanyu Liu,DiligentDonuts,5099984
2026-07-03T01:11:27.535122,2026-07-03T01:11:27.543737+00:00,113.4,50,ask,EarnestEspressos,FlawlessFlatbreads,5099992
2026-07-03T01:11:29.293296,2026-07-03T01:11:29.304904+00:00,113.3,41,ask,EarnestEspressos,CostlyCorianders,5100017
2026-07-03T01:11:29.642946,2026-07-03T01:11:29.649042+00:00,113.3,50,ask,EarnestEspressos,FlawlessFlatbreads,5100027
2026-07-03T01:11:29.946806,2026-07-03T01:11:29.958052+00:00,113.6,44,bid,CostlyCorianders,DiligentDonuts,5100033
2026-07-03T01:11:31.748477,2026-07-03T01:11:31.758576+00:00,113.1,50,ask,DiligentDonuts,FlawlessFlatbreads,5100057
2026-07-03T01:11:32.001427,2026-07-03T01:11:32.009767+00:00,113.2,42,ask,DiligentDonuts,CostlyCorianders,5100064
2026-07-03T01:11:32.486537,2026-07-03T01:11:32.497890+00:00,113.3,40,bid,CostlyCorianders,EarnestEspressos,5100070
2026-07-03T01:11:33.489034,2026-07-03T01:11:33.500483+00:00,113.2,41,ask,DiligentDonuts,CostlyCorianders,5100081
2026-07-03T01:11:33.857319,2026-07-03T01:11:33.869229+00:00,113.2,17,ask,DiligentDonuts,FlawlessFlatbreads,5100089
2026-07-03T01:11:33.857319,2026-07-03T01:11:33.869229+00:00,112.8,33,ask,EarnestEspressos,FlawlessFlatbreads,5100090
2026-07-03T01:11:34.489767,2026-07-03T01:11:34.497902+00:00,113.3,43,bid,CostlyCorianders,EarnestEspressos,5100102
2026-07-03T01:11:38.072886,2026-07-03T01:11:38.084490+00:00,112.7,50,ask,DiligentDonuts,FlawlessFlatbreads,5100160
2026-07-03T01:11:40.129468,2026-07-03T01:11:40.140998+00:00,113.1,50,bid,FlawlessFlatbreads,EarnestEspressos,5100183
2026-07-03T01:11:42.237354,2026-07-03T01:11:42.244258+00:00,113.1,50,bid,FlawlessFlatbreads,DiligentDonuts,5100201
2026-07-03T01:11:42.757800,2026-07-03T01:11:42.763977+00:00,113.1,40,bid,CostlyCorianders,DiligentDonuts,5100206
2026-07-03T01:11:44.345416,2026-07-03T01:11:44.354383+00:00,113.1,10,bid,FlawlessFlatbreads,DiligentDonuts,5100232
2026-07-03T01:11:44.345416,2026-07-03T01:11:44.354383+00:00,113.1,40,bid,FlawlessFlatbreads,EarnestEspressos,5100233
2026-07-03T01:11:45.255073,2026-07-03T01:11:45.258602+00:00,113.1,49,bid,CostlyCorianders,EarnestEspressos,5100248
2026-07-03T01:11:46.453280,2026-07-03T01:11:46.458597+00:00,113.1,50,bid,FlawlessFlatbreads,EarnestEspressos,5100266
2026-07-03T01:11:48.610604,2026-07-03T01:11:48.620469+00:00,113.2,50,ask,EarnestEspressos,FlawlessFlatbreads,5100300
2026-07-03T01:11:49.527214,2026-07-03T01:11:49.538693+00:00,113.2,49,ask,EarnestEspressos,CostlyCorianders,5100311
2026-07-03T01:11:50.739527,2026-07-03T01:11:50.747228+00:00,113.2,50,ask,DiligentDonuts,FlawlessFlatbreads,5100331
2026-07-03T01:11:51.861554,2026-07-03T01:11:51.870329+00:00,113.4,48,bid,CostlyCorianders,EarnestEspressos,5100345
2026-07-03T01:11:51.915435,2026-07-03T01:11:51.927090+00:00,113.0,48,ask,DiligentDonuts,CostlyCorianders,5100347
2026-07-03T01:11:52.795288,2026-07-03T01:11:52.806822+00:00,113.4,50,bid,FlawlessFlatbreads,EarnestEspressos,5100352
2026-07-03T01:11:53.562354,2026-07-03T01:11:53.573604+00:00,113.5,46,bid,CostlyCorianders,DiligentDonuts,5100357
2026-07-03T01:11:53.616759,2026-07-03T01:11:53.624511+00:00,113.3,40,ask,EarnestEspressos,CostlyCorianders,5100359
2026-07-03T01:11:54.131101,2026-07-03T01:11:54.141339+00:00,113.3,100,ask,EarnestEspressos,DiligentDonuts,5100367
2026-07-03T01:11:54.926960,2026-07-03T01:11:54.937476+00:00,113.8,50,bid,FlawlessFlatbreads,EarnestEspressos,5100374
2026-07-03T01:11:55.655288,2026-07-03T01:11:55.663604+00:00,113.3,10,ask,EarnestEspressos,CostlyCorianders,5100381
2026-07-03T01:11:55.655288,2026-07-03T01:11:55.663604+00:00,112.8,37,ask,DiligentDonuts,CostlyCorianders,5100382
2026-07-03T01:11:56.768957,2026-07-03T01:11:56.780331+00:00,113.4,41,bid,CostlyCorianders,EarnestEspressos,5100395
2026-07-03T01:11:57.084287,2026-07-03T01:11:57.092849+00:00,112.9,50,ask,EarnestEspressos,FlawlessFlatbreads,5100398
2026-07-03T01:11:58.239609,2026-07-03T01:11:58.251022+00:00,113.4,49,bid,CostlyCorianders,EarnestEspressos,5100414
2026-07-03T01:11:58.721710,2026-07-03T01:11:58.732952+00:00,113.0,43,ask,DiligentDonuts,CostlyCorianders,5100420
2026-07-03T01:11:59.205346,2026-07-03T01:11:59.218673+00:00,113.0,50,ask,DiligentDonuts,FlawlessFlatbreads,5100428
2026-07-03T01:12:00.300857,2026-07-03T01:12:00.310228+00:00,113.5,42,bid,CostlyCorianders,DiligentDonuts,5100439
2026-07-03T01:12:00.356813,2026-07-03T01:12:00.356605+00:00,113.0,45,ask,EarnestEspressos,CostlyCorianders,5100440
2026-07-03T01:12:00.984257,2026-07-03T01:12:00.992599+00:00,113.4,45,bid,CostlyCorianders,DiligentDonuts,5100451
2026-07-03T01:12:01.260957,2026-07-03T01:12:01.270351+00:00,113.4,50,bid,FlawlessFlatbreads,DiligentDonuts,5100454
2026-07-03T01:12:02.704260,2026-07-03T01:12:02.713050+00:00,112.9,47,ask,DiligentDonuts,CostlyCorianders,5100473
2026-07-03T01:12:03.418530,2026-07-03T01:12:03.427535+00:00,112.9,50,ask,DiligentDonuts,FlawlessFlatbreads,5100484
2026-07-03T01:12:04.278216,2026-07-03T01:12:04.289580+00:00,113.3,41,bid,CostlyCorianders,EarnestEspressos,5100495
2026-07-03T01:12:05.523100,2026-07-03T01:12:05.534480+00:00,112.9,50,ask,EarnestEspressos,FlawlessFlatbreads,5100510
2026-07-03T01:12:07.643047,2026-07-03T01:12:07.655363+00:00,112.9,50,ask,DiligentDonuts,FlawlessFlatbreads,5100536
2026-07-03T01:12:10.062857,2026-07-03T01:12:10.069282+00:00,113.0,47,ask,EarnestEspressos,CostlyCorianders,5100566
2026-07-03T01:12:11.107347,2026-07-03T01:12:11.117164+00:00,113.0,40,ask,EarnestEspressos,CostlyCorianders,5100577
2026-07-03T01:12:11.855723,2026-07-03T01:12:11.865694+00:00,113.0,50,ask,EarnestEspressos,FlawlessFlatbreads,5100589
2026-07-03T01:12:12.075461,2026-07-03T01:12:12.083011+00:00,112.9,14,bid,Xuanyu Liu,EarnestEspressos,5100593
2026-07-03T01:12:12.089993,2026-07-03T01:12:12.098637+00:00,112.9,41,bid,CostlyCorianders,EarnestEspressos,5100595
2026-07-03T01:12:13.296490,2026-07-03T01:12:13.307964+00:00,112.9,45,bid,CostlyCorianders,EarnestEspressos,5100611
2026-07-03T01:12:13.911751,2026-07-03T01:12:13.923359+00:00,112.9,50,bid,FlawlessFlatbreads,EarnestEspressos,5100626
2026-07-03T01:12:16.019002,2026-07-03T01:12:16.021215+00:00,113.2,50,bid,FlawlessFlatbreads,DiligentDonuts,5100651
2026-07-03T01:12:17.042085,2026-07-03T01:12:17.048496+00:00,112.9,46,ask,EarnestEspressos,CostlyCorianders,5100672
2026-07-03T01:12:18.077479,2026-07-03T01:12:18.088926+00:00,113.4,40,bid,CostlyCorianders,EarnestEspressos,5100683
2026-07-03T01:12:18.176572,2026-07-03T01:12:18.183831+00:00,112.9,50,ask,EarnestEspressos,FlawlessFlatbreads,5100686
2026-07-03T01:12:18.968553,2026-07-03T01:12:18.975331+00:00,112.9,42,ask,DiligentDonuts,CostlyCorianders,5100696
2026-07-03T01:12:20.284650,2026-07-03T01:12:20.293247+00:00,112.9,50,ask,DiligentDonuts,FlawlessFlatbreads,5100710
2026-07-03T01:12:24.445812,2026-07-03T01:12:24.458621+00:00,113.2,50,bid,FlawlessFlatbreads,EarnestEspressos,5100768
2026-07-03T01:12:26.553801,2026-07-03T01:12:26.565257+00:00,113.4,50,bid,FlawlessFlatbreads,DiligentDonuts,5100782
2026-07-03T01:12:27.002410,2026-07-03T01:12:27.013714+00:00,113.4,48,bid,CostlyCorianders,DiligentDonuts,5100788
2026-07-03T01:12:28.609007,2026-07-03T01:12:28.620652+00:00,113.2,47,ask,EarnestEspressos,CostlyCorianders,5100804
2026-07-03T01:12:28.714604,2026-07-03T01:12:28.726325+00:00,113.2,50,ask,EarnestEspressos,FlawlessFlatbreads,5100805
2026-07-03T01:12:30.370989,2026-07-03T01:12:30.382382+00:00,113.7,45,bid,CostlyCorianders,EarnestEspressos,5100832
2026-07-03T01:12:30.752575,2026-07-03T01:12:30.761557+00:00,113.4,11,ask,DiligentDonuts,Xuanyu Liu,5100839
2026-07-03T01:12:30.821467,2026-07-03T01:12:30.832809+00:00,113.4,50,ask,DiligentDonuts,FlawlessFlatbreads,5100842
2026-07-03T01:12:30.870257,2026-07-03T01:12:30.881768+00:00,113.4,39,ask,DiligentDonuts,CostlyCorianders,5100843
2026-07-03T01:12:30.870257,2026-07-03T01:12:30.881768+00:00,113.2,8,ask,EarnestEspressos,CostlyCorianders,5100844
2026-07-03T01:12:32.928508,2026-07-03T01:12:32.939897+00:00,113.0,50,ask,EarnestEspressos,FlawlessFlatbreads,5100863
2026-07-03T01:12:34.905250,2026-07-03T01:12:34.914786+00:00,113.2,11,bid,Xuanyu Liu,EarnestEspressos,5100886
2026-07-03T01:12:35.039267,2026-07-03T01:12:35.058739+00:00,112.9,50,ask,DiligentDonuts,FlawlessFlatbreads,5100892
2026-07-03T01:12:37.146747,2026-07-03T01:12:37.156078+00:00,112.8,50,ask,DiligentDonuts,FlawlessFlatbreads,5100914
2026-07-03T01:12:37.439263,2026-07-03T01:12:37.450569+00:00,113.0,42,bid,CostlyCorianders,EarnestEspressos,5100919
2026-07-03T01:12:38.425347,2026-07-03T01:12:38.434385+00:00,112.9,12,bid,Xuanyu Liu,DiligentDonuts,5100928
2026-07-03T01:12:38.560845,2026-07-03T01:12:38.569715+00:00,112.9,11,bid,Xuanyu Liu,DiligentDonuts,5100930
2026-07-03T01:12:39.254700,2026-07-03T01:12:39.252546+00:00,112.5,50,ask,EarnestEspressos,FlawlessFlatbreads,5100941
2026-07-03T01:12:43.903988,2026-07-03T01:12:43.912777+00:00,112.6,23,bid,Xuanyu Liu,EarnestEspressos,5101016
2026-07-03T01:12:43.967599,2026-07-03T01:12:43.982357+00:00,112.6,49,bid,CostlyCorianders,EarnestEspressos,5101019
2026-07-03T01:12:45.879487,2026-07-03T01:12:45.890881+00:00,112.5,41,ask,DiligentDonuts,CostlyCorianders,5101032
2026-07-03T01:12:47.673892,2026-07-03T01:12:47.685445+00:00,112.7,50,ask,EarnestEspressos,FlawlessFlatbreads,5101054
2026-07-03T01:12:47.929877,2026-07-03T01:12:47.941411+00:00,112.9,46,bid,CostlyCorianders,DiligentDonuts,5101060
2026-07-03T01:12:49.728653,2026-07-03T01:12:49.738022+00:00,112.9,50,bid,FlawlessFlatbreads,DiligentDonuts,5101079
2026-07-03T01:12:51.836607,2026-07-03T01:12:51.845016+00:00,112.9,50,bid,FlawlessFlatbreads,EarnestEspressos,5101108
2026-07-03T01:12:53.736839,2026-07-03T01:12:53.748453+00:00,112.8,44,ask,EarnestEspressos,CostlyCorianders,5101130
2026-07-03T01:12:53.942742,2026-07-03T01:12:53.963863+00:00,113.2,50,bid,FlawlessFlatbreads,DiligentDonuts,5101131
2026-07-03T01:12:54.847416,2026-07-03T01:12:54.856061+00:00,112.9,11,ask,DiligentDonuts,Xuanyu Liu,5101144
2026-07-03T01:12:55.682575,2026-07-03T01:12:55.692565+00:00,112.9,12,ask,DiligentDonuts,Xuanyu Liu,5101163
2026-07-03T01:12:56.049222,2026-07-03T01:12:56.063633+00:00,113.3,50,bid,FlawlessFlatbreads,EarnestEspressos,5101169
2026-07-03T01:12:56.909246,2026-07-03T01:12:56.920607+00:00,113.1,40,bid,CostlyCorianders,EarnestEspressos,5101177
2026-07-03T01:12:58.155601,2026-07-03T01:12:58.167028+00:00,113.1,50,bid,FlawlessFlatbreads,EarnestEspressos,5101195
2026-07-03T01:12:59.477495,2026-07-03T01:12:59.486225+00:00,113.0,11,ask,EarnestEspressos,Xuanyu Liu,5101204
2026-07-03T01:13:00.264306,2026-07-03T01:13:00.270428+00:00,113.2,50,bid,FlawlessFlatbreads,DiligentDonuts,5101218
2026-07-03T01:13:00.299499,2026-07-03T01:13:00.308288+00:00,113.0,12,ask,EarnestEspressos,Xuanyu Liu,5101221
2026-07-03T01:13:02.249784,2026-07-03T01:13:02.267390+00:00,113.0,14,ask,EarnestEspressos,Xuanyu Liu,5101252
2026-07-03T01:13:02.371657,2026-07-03T01:13:02.383143+00:00,113.3,50,bid,FlawlessFlatbreads,DiligentDonuts,5101255
2026-07-03T01:13:04.478557,2026-07-03T01:13:04.489792+00:00,113.0,50,bid,FlawlessFlatbreads,EarnestEspressos,5101279
2026-07-03T01:13:06.586716,2026-07-03T01:13:06.598062+00:00,113.3,50,bid,FlawlessFlatbreads,DiligentDonuts,5101305
2026-07-03T01:13:07.375930,2026-07-03T01:13:07.384342+00:00,112.9,42,ask,EarnestEspressos,CostlyCorianders,5101322
2026-07-03T01:13:08.431256,2026-07-03T01:13:08.442869+00:00,112.9,43,ask,EarnestEspressos,CostlyCorianders,5101335
2026-07-03T01:13:08.694374,2026-07-03T01:13:08.705643+00:00,113.4,50,bid,FlawlessFlatbreads,EarnestEspressos,5101338
2026-07-03T01:13:09.568341,2026-07-03T01:13:09.579611+00:00,112.9,42,ask,DiligentDonuts,CostlyCorianders,5101348
2026-07-03T01:13:12.907445,2026-07-03T01:13:12.918919+00:00,112.9,50,bid,FlawlessFlatbreads,EarnestEspressos,5101390
2026-07-03T01:13:13.687085,2026-07-03T01:13:13.698506+00:00,112.9,41,bid,CostlyCorianders,EarnestEspressos,5101405
2026-07-03T01:13:15.014878,2026-07-03T01:13:15.023306+00:00,112.9,50,bid,FlawlessFlatbreads,EarnestEspressos,5101426
2026-07-03T01:13:16.452025,2026-07-03T01:13:16.463712+00:00,112.6,40,ask,EarnestEspressos,CostlyCorianders,5101453
2026-07-03T01:13:17.120840,2026-07-03T01:13:17.128777+00:00,112.9,50,bid,FlawlessFlatbreads,DiligentDonuts,5101460
2026-07-03T01:13:19.228413,2026-07-03T01:13:19.234792+00:00,112.9,50,bid,FlawlessFlatbreads,DiligentDonuts,5101487
2026-07-03T01:13:20.107753,2026-07-03T01:13:20.119035+00:00,112.7,47,ask,EarnestEspressos,CostlyCorianders,5101499
2026-07-03T01:13:20.921901,2026-07-03T01:13:20.933855+00:00,112.7,3,ask,EarnestEspressos,Xuanyu Liu,5101512
2026-07-03T01:13:21.333792,2026-07-03T01:13:21.345233+00:00,113.1,50,bid,FlawlessFlatbreads,DiligentDonuts,5101524
2026-07-03T01:13:23.440363,2026-07-03T01:13:23.451733+00:00,112.8,50,bid,FlawlessFlatbreads,EarnestEspressos,5101541
2026-07-03T01:13:25.547094,2026-07-03T01:13:25.558601+00:00,113.0,50,bid,FlawlessFlatbreads,EarnestEspressos,5101568
2026-07-03T01:13:27.654260,2026-07-03T01:13:27.665839+00:00,113.0,50,bid,FlawlessFlatbreads,EarnestEspressos,5101602
2026-07-03T01:13:27.949463,2026-07-03T01:13:27.959858+00:00,112.8,11,ask,EarnestEspressos,Xuanyu Liu,5101603
2026-07-03T01:13:28.625378,2026-07-03T01:13:28.636639+00:00,113.1,48,bid,CostlyCorianders,DiligentDonuts,5101619
2026-07-03T01:13:29.760658,2026-07-03T01:13:29.769808+00:00,113.2,50,bid,FlawlessFlatbreads,DiligentDonuts,5101631
2026-07-03T01:13:30.193451,2026-07-03T01:13:30.205267+00:00,113.2,41,bid,CostlyCorianders,DiligentDonuts,5101637
2026-07-03T01:13:31.112479,2026-07-03T01:13:31.121140+00:00,112.9,12,ask,EarnestEspressos,Xuanyu Liu,5101649
2026-07-03T01:13:31.865667,2026-07-03T01:13:31.875193+00:00,113.2,9,bid,FlawlessFlatbreads,DiligentDonuts,5101662
2026-07-03T01:13:31.865667,2026-07-03T01:13:31.875193+00:00,113.4,41,bid,FlawlessFlatbreads,EarnestEspressos,5101663
2026-07-03T01:13:32.152668,2026-07-03T01:13:32.161931+00:00,113.0,11,ask,DiligentDonuts,Xuanyu Liu,5101666
2026-07-03T01:13:34.023864,2026-07-03T01:13:34.035619+00:00,113.0,50,ask,DiligentDonuts,FlawlessFlatbreads,5101689
2026-07-03T01:13:35.474408,2026-07-03T01:13:35.485706+00:00,113.0,43,ask,DiligentDonuts,CostlyCorianders,5101711
2026-07-03T01:13:36.132342,2026-07-03T01:13:36.143887+00:00,113.0,50,ask,DiligentDonuts,FlawlessFlatbreads,5101719
2026-07-03T01:13:37.886993,2026-07-03T01:13:37.896513+00:00,113.1,12,ask,EarnestEspressos,Xuanyu Liu,5101745
2026-07-03T01:13:38.187257,2026-07-03T01:13:38.198720+00:00,113.5,50,bid,FlawlessFlatbreads,DiligentDonuts,5101747
2026-07-03T01:13:39.093535,2026-07-03T01:13:39.101649+00:00,113.1,11,ask,EarnestEspressos,Xuanyu Liu,5101763
2026-07-03T01:13:39.368205,2026-07-03T01:13:39.379723+00:00,113.1,47,ask,EarnestEspressos,CostlyCorianders,5101768
2026-07-03T01:13:40.305986,2026-07-03T01:13:40.315741+00:00,113.2,50,bid,FlawlessFlatbreads,DiligentDonuts,5101790
2026-07-03T01:13:41.499834,2026-07-03T01:13:41.511242+00:00,113.2,41,bid,CostlyCorianders,DiligentDonuts,5101804
2026-07-03T01:13:42.466328,2026-07-03T01:13:42.473878+00:00,113.0,50,ask,DiligentDonuts,FlawlessFlatbreads,5101820
2026-07-03T01:13:44.571935,2026-07-03T01:13:44.583401+00:00,113.0,50,ask,DiligentDonuts,FlawlessFlatbreads,5101851
2026-07-03T01:13:46.677833,2026-07-03T01:13:46.685217+00:00,112.8,50,ask,DiligentDonuts,FlawlessFlatbreads,5101876
2026-07-03T01:13:47.029711,2026-07-03T01:13:47.036976+00:00,113.1,41,bid,CostlyCorianders,EarnestEspressos,5101884
2026-07-03T01:13:47.655868,2026-07-03T01:13:47.667404+00:00,112.8,40,ask,DiligentDonuts,CostlyCorianders,5101895
2026-07-03T01:13:48.022093,2026-07-03T01:13:48.031688+00:00,112.9,23,bid,Xuanyu Liu,DiligentDonuts,5101899
2026-07-03T01:13:48.790102,2026-07-03T01:13:48.798241+00:00,112.6,50,ask,EarnestEspressos,FlawlessFlatbreads,5101909
2026-07-03T01:13:48.809764,2026-07-03T01:13:48.818226+00:00,112.9,11,bid,Xuanyu Liu,DiligentDonuts,5101910
2026-07-03T01:13:49.598533,2026-07-03T01:13:49.609801+00:00,112.9,43,bid,CostlyCorianders,DiligentDonuts,5101924
2026-07-03T01:13:50.225952,2026-07-03T01:13:50.237369+00:00,112.7,49,ask,EarnestEspressos,CostlyCorianders,5101931
2026-07-03T01:13:50.895689,2026-07-03T01:13:50.904564+00:00,112.7,50,ask,EarnestEspressos,FlawlessFlatbreads,5101944
2026-07-03T01:13:52.383109,2026-07-03T01:13:52.395729+00:00,113.2,40,bid,CostlyCorianders,EarnestEspressos,5101964
2026-07-03T01:13:53.002642,2026-07-03T01:13:53.011991+00:00,112.8,50,ask,DiligentDonuts,FlawlessFlatbreads,5101972
2026-07-03T01:13:55.109106,2026-07-03T01:13:55.120424+00:00,112.8,50,ask,DiligentDonuts,FlawlessFlatbreads,5101996
2026-07-03T01:13:55.322535,2026-07-03T01:13:55.333914+00:00,112.8,40,ask,DiligentDonuts,CostlyCorianders,5102000
2026-07-03T01:13:55.959517,2026-07-03T01:13:55.968118+00:00,113.0,12,bid,Xuanyu Liu,EarnestEspressos,5102006
2026-07-03T01:13:57.235499,2026-07-03T01:13:57.245732+00:00,112.8,10,ask,DiligentDonuts,FlawlessFlatbreads,5102017
2026-07-03T01:13:57.235499,2026-07-03T01:13:57.245732+00:00,112.7,40,ask,EarnestEspressos,FlawlessFlatbreads,5102018
2026-07-03T01:13:58.560641,2026-07-03T01:13:58.572021+00:00,113.1,45,bid,CostlyCorianders,DiligentDonuts,5102037
2026-07-03T01:13:59.342773,2026-07-03T01:13:59.358562+00:00,112.7,50,ask,EarnestEspressos,FlawlessFlatbreads,5102050
2026-07-03T01:13:59.652371,2026-07-03T01:13:59.661704+00:00,112.9,11,bid,Xuanyu Liu,EarnestEspressos,5102055
2026-07-03T01:14:01.191854,2026-07-03T01:14:01.199869+00:00,112.9,3,bid,Xuanyu Liu,EarnestEspressos,5102073
2026-07-03T01:14:01.451367,2026-07-03T01:14:01.458593+00:00,112.6,50,ask,DiligentDonuts,FlawlessFlatbreads,5102078
2026-07-03T01:14:03.087666,2026-07-03T01:14:03.099180+00:00,112.9,44,bid,CostlyCorianders,EarnestEspressos,5102104
2026-07-03T01:14:03.557373,2026-07-03T01:14:03.563733+00:00,112.6,50,ask,DiligentDonuts,FlawlessFlatbreads,5102108
2026-07-03T01:14:05.686708,2026-07-03T01:14:05.696852+00:00,112.4,50,ask,EarnestEspressos,FlawlessFlatbreads,5102126
2026-07-03T01:14:05.799592,2026-07-03T01:14:05.807171+00:00,112.4,49,ask,EarnestEspressos,CostlyCorianders,5102127
2026-07-03T01:14:07.792402,2026-07-03T01:14:07.803668+00:00,112.4,50,ask,DiligentDonuts,FlawlessFlatbreads,5102153
2026-07-03T01:14:08.408322,2026-07-03T01:14:08.419745+00:00,112.7,42,bid,CostlyCorianders,EarnestEspressos,5102158
2026-07-03T01:14:09.902184,2026-07-03T01:14:09.913767+00:00,112.5,50,ask,EarnestEspressos,FlawlessFlatbreads,5102180
2026-07-03T01:14:12.009039,2026-07-03T01:14:12.020452+00:00,112.5,50,ask,EarnestEspressos,FlawlessFlatbreads,5102207
2026-07-03T01:14:12.289791,2026-07-03T01:14:12.299761+00:00,112.6,3,bid,Xuanyu Liu,EarnestEspressos,5102211
2026-07-03T01:14:14.270087,2026-07-03T01:14:14.278260+00:00,112.4,11,bid,Xuanyu Liu,DiligentDonuts,5102243
2026-07-03T01:14:16.047917,2026-07-03T01:14:16.054098+00:00,112.4,41,bid,CostlyCorianders,DiligentDonuts,5102268
2026-07-03T01:14:18.743255,2026-07-03T01:14:18.758587+00:00,112.4,46,ask,DiligentDonuts,CostlyCorianders,5102303
2026-07-03T01:14:19.320741,2026-07-03T01:14:19.332243+00:00,112.4,43,ask,DiligentDonuts,CostlyCorianders,5102318
2026-07-03T01:14:20.374887,2026-07-03T01:14:20.386461+00:00,112.5,50,bid,FlawlessFlatbreads,EarnestEspressos,5102331
2026-07-03T01:14:20.850368,2026-07-03T01:14:20.861646+00:00,112.5,12,bid,Xuanyu Liu,EarnestEspressos,5102339
2026-07-03T01:14:22.481980,2026-07-03T01:14:22.493570+00:00,112.7,50,bid,FlawlessFlatbreads,DiligentDonuts,5102364
2026-07-03T01:14:22.810012,2026-07-03T01:14:22.821391+00:00,112.8,42,bid,CostlyCorianders,DiligentDonuts,5102369
2026-07-03T01:14:24.340934,2026-07-03T01:14:24.358604+00:00,112.8,45,bid,CostlyCorianders,DiligentDonuts,5102385
2026-07-03T01:14:25.907170,2026-07-03T01:14:25.916697+00:00,112.5,12,ask,DiligentDonuts,Xuanyu Liu,5102409
2026-07-03T01:14:26.693093,2026-07-03T01:14:26.704634+00:00,112.8,50,bid,FlawlessFlatbreads,EarnestEspressos,5102420
2026-07-03T01:14:27.506882,2026-07-03T01:14:27.515186+00:00,112.5,45,ask,DiligentDonuts,CostlyCorianders,5102428
2026-07-03T01:14:28.158341,2026-07-03T01:14:28.169609+00:00,112.5,40,ask,DiligentDonuts,CostlyCorianders,5102435
2026-07-03T01:14:28.800155,2026-07-03T01:14:28.811348+00:00,112.9,50,bid,FlawlessFlatbreads,EarnestEspressos,5102451
2026-07-03T01:14:29.309396,2026-07-03T01:14:29.318225+00:00,112.7,41,bid,CostlyCorianders,DiligentDonuts,5102457
2026-07-03T01:14:30.906001,2026-07-03T01:14:30.917672+00:00,112.7,50,bid,FlawlessFlatbreads,DiligentDonuts,5102478
2026-07-03T01:14:31.220400,2026-07-03T01:14:31.229284+00:00,112.6,14,ask,EarnestEspressos,Xuanyu Liu,5102484
2026-07-03T01:14:33.012304,2026-07-03T01:14:33.020552+00:00,112.9,50,bid,FlawlessFlatbreads,DiligentDonuts,5102507
2026-07-03T01:14:33.201545,2026-07-03T01:14:33.213136+00:00,112.6,44,ask,EarnestEspressos,CostlyCorianders,5102509
2026-07-03T01:14:34.780369,2026-07-03T01:14:34.787725+00:00,112.7,44,bid,CostlyCorianders,EarnestEspressos,5102527
2026-07-03T01:14:35.120389,2026-07-03T01:14:35.131993+00:00,112.7,50,bid,FlawlessFlatbreads,EarnestEspressos,5102533
2026-07-03T01:14:35.923484,2026-07-03T01:14:35.931972+00:00,112.4,43,ask,DiligentDonuts,CostlyCorianders,5102542
2026-07-03T01:14:37.226279,2026-07-03T01:14:37.237563+00:00,112.7,50,bid,FlawlessFlatbreads,EarnestEspressos,5102556
2026-07-03T01:14:37.544501,2026-07-03T01:14:37.554452+00:00,112.8,3,ask,EarnestEspressos,Xuanyu Liu,5102557
2026-07-03T01:14:39.332487,2026-07-03T01:14:39.343731+00:00,112.9,50,bid,FlawlessFlatbreads,DiligentDonuts,5102583
2026-07-03T01:14:39.704245,2026-07-03T01:14:39.714896+00:00,112.8,47,ask,EarnestEspressos,CostlyCorianders,5102591
2026-07-03T01:14:41.440102,2026-07-03T01:14:41.446985+00:00,112.9,50,bid,FlawlessFlatbreads,DiligentDonuts,5102612
2026-07-03T01:14:43.547549,2026-07-03T01:14:43.558571+00:00,113.1,50,bid,FlawlessFlatbreads,EarnestEspressos,5102640
2026-07-03T01:14:45.352626,2026-07-03T01:14:45.369236+00:00,113.3,48,bid,CostlyCorianders,EarnestEspressos,5102670
2026-07-03T01:14:45.656999,2026-07-03T01:14:45.668898+00:00,113.3,50,bid,FlawlessFlatbreads,EarnestEspressos,5102677
2026-07-03T01:14:45.998892,2026-07-03T01:14:46.010331+00:00,113.3,43,bid,CostlyCorianders,EarnestEspressos,5102685
2026-07-03T01:14:47.046552,2026-07-03T01:14:47.063843+00:00,113.3,100,bid,EarnestEspressos,DiligentDonuts,5102703
