timestamp,recv_time,price,volume,aggressor_side,buyer,seller,trade_id
2026-06-29T07:59:59.817272,2026-06-28T22:00:00.230216+00:00,100.2,50,ask,,,11625257
2026-06-29T07:59:59.951894,2026-06-28T22:00:00.362216+00:00,100.5,44,bid,,,11625260
2026-06-29T08:00:01.646466,2026-06-28T22:00:02.056207+00:00,100.3,48,bid,,,11625302
2026-06-29T08:00:01.705745,2026-06-28T22:00:02.111207+00:00,100.2,44,ask,,,11625304
2026-06-29T08:00:01.925822,2026-06-28T22:00:02.342215+00:00,100.2,50,ask,,,11625312
2026-06-29T08:00:04.035082,2026-06-28T22:00:04.441855+00:00,100.2,6,ask,,,11625363
2026-06-29T08:00:04.035082,2026-06-28T22:00:04.452856+00:00,99.8,44,ask,,,11625364
2026-06-29T08:00:04.335919,2026-06-28T22:00:04.760855+00:00,99.9,48,ask,,,11625370
2026-06-29T08:00:04.900172,2026-06-28T22:00:05.310864+00:00,100.4,46,bid,,,11625377
2026-06-29T08:00:06.144452,2026-06-28T22:00:06.552476+00:00,99.9,50,ask,,,11625403
2026-06-29T08:00:07.502609,2026-06-28T22:00:07.914714+00:00,100.2,25,bid,,,11625422
2026-06-29T08:00:07.670123,2026-06-28T22:00:08.079714+00:00,99.9,44,ask,,,11625424
2026-06-29T08:00:07.716807,2026-06-28T22:00:08.123714+00:00,100.2,25,bid,,,11625426
2026-06-29T08:00:07.929911,2026-06-28T22:00:08.343714+00:00,100.2,25,bid,,,11625433
2026-06-29T08:00:08.139573,2026-06-28T22:00:08.552223+00:00,100.2,25,bid,,,11625446
2026-06-29T08:00:08.249942,2026-06-28T22:00:08.662224+00:00,99.9,50,ask,,,11625448
2026-06-29T08:00:08.349706,2026-06-28T22:00:08.761233+00:00,100.2,25,bid,,,11625454
2026-06-29T08:00:08.558792,2026-06-28T22:00:08.970233+00:00,100.2,25,bid,,,11625462
2026-06-29T08:00:10.191310,2026-06-28T22:00:10.598224+00:00,100.4,25,bid,,,11625494
2026-06-29T08:00:10.357592,2026-06-28T22:00:10.774342+00:00,99.9,50,ask,,,11625507
2026-06-29T08:00:10.401563,2026-06-28T22:00:10.807343+00:00,100.4,25,bid,,,11625510
2026-06-29T08:00:10.575897,2026-06-28T22:00:10.983342+00:00,100.4,50,bid,,,11625515
2026-06-29T08:00:10.575897,2026-06-28T22:00:10.983342+00:00,100.5,6,bid,,,11625516
2026-06-29T08:00:10.787246,2026-06-28T22:00:11.202233+00:00,100.6,49,ask,,,11625518
2026-06-29T08:00:10.975590,2026-06-28T22:00:11.389233+00:00,100.6,45,ask,,,11625527
2026-06-29T08:00:12.464436,2026-06-28T22:00:12.872399+00:00,100.1,50,ask,,,11625554
2026-06-29T08:00:13.901884,2026-06-28T22:00:14.312383+00:00,100.4,2,bid,,,11625597
2026-06-29T08:00:13.901884,2026-06-28T22:00:14.312383+00:00,100.4,45,bid,,,11625598
2026-06-29T08:00:14.217918,2026-06-28T22:00:14.631383+00:00,100.2,1,bid,,,11625601
2026-06-29T08:00:14.286507,2026-06-28T22:00:14.697383+00:00,100.2,1,bid,,,11625602
2026-06-29T08:00:14.571397,2026-06-28T22:00:14.983383+00:00,99.9,50,ask,,,11625607
2026-06-29T08:00:14.894931,2026-06-28T22:00:15.302392+00:00,100.2,45,bid,,,11625613
2026-06-29T08:00:16.416150,2026-06-28T22:00:16.830961+00:00,100.2,44,bid,,,11625636
2026-06-29T08:00:16.677863,2026-06-28T22:00:17.083970+00:00,100.1,3,ask,,,11625639
2026-06-29T08:00:16.677863,2026-06-28T22:00:17.094970+00:00,99.9,47,ask,,,11625640
2026-06-29T08:00:17.245902,2026-06-28T22:00:17.655962+00:00,99.9,100,bid,,,11625645
2026-06-29T08:00:17.425109,2026-06-28T22:00:17.831500+00:00,99.9,5,bid,,,11625649
2026-06-29T08:00:18.786119,2026-06-28T22:00:19.195137+00:00,99.4,50,ask,,,11625680
2026-06-29T08:00:18.966511,2026-06-28T22:00:19.381137+00:00,99.4,42,ask,,,11625685
2026-06-29T08:00:19.965859,2026-06-28T22:00:20.381137+00:00,99.4,42,ask,,,11625707
2026-06-29T08:00:20.892506,2026-06-28T22:00:21.304018+00:00,99.5,50,ask,,,11625729
2026-06-29T08:00:22.730366,2026-06-28T22:00:23.139122+00:00,99.6,2,bid,,,11625762
2026-06-29T08:00:22.947542,2026-06-28T22:00:23.359122+00:00,99.6,50,bid,,,11625772
2026-06-29T08:00:25.058168,2026-06-28T22:00:25.471188+00:00,99.9,50,bid,,,11625808
2026-06-29T08:00:25.659804,2026-06-28T22:00:26.075727+00:00,99.9,100,bid,,,11625817
2026-06-29T08:00:25.659804,2026-06-28T22:00:26.086727+00:00,99.9,50,bid,,,11625818
2026-06-29T08:00:26.404137,2026-06-28T22:00:26.812718+00:00,99.9,50,bid,,,11625827
2026-06-29T08:00:26.422907,2026-06-28T22:00:26.834718+00:00,100.0,47,ask,,,11625828
2026-06-29T08:00:26.523844,2026-06-28T22:00:26.933718+00:00,100.0,4,ask,,,11625829
2026-06-29T08:00:26.563032,2026-06-28T22:00:26.977718+00:00,100.0,3,ask,,,11625831
2026-06-29T08:00:27.164953,2026-06-28T22:00:27.571728+00:00,100.1,3,bid,,,11625847
2026-06-29T08:00:27.164953,2026-06-28T22:00:27.582727+00:00,100.2,47,bid,,,11625848
2026-06-29T08:00:29.272851,2026-06-28T22:00:29.683293+00:00,100.1,4,bid,,,11625890
2026-06-29T08:00:29.272851,2026-06-28T22:00:29.683293+00:00,100.2,46,bid,,,11625891
2026-06-29T08:00:29.862922,2026-06-28T22:00:30.277294+00:00,99.9,46,bid,,,11625905
2026-06-29T08:00:31.380828,2026-06-28T22:00:31.795294+00:00,99.9,50,bid,,,11625940
2026-06-29T08:00:31.495676,2026-06-28T22:00:31.905285+00:00,99.8,40,ask,,,11625947
2026-06-29T08:00:33.487306,2026-06-28T22:00:33.895405+00:00,100.1,1,bid,,,11625982
2026-06-29T08:00:33.537256,2026-06-28T22:00:33.950406+00:00,100.4,40,bid,,,11625983
2026-06-29T08:00:34.060661,2026-06-28T22:00:34.478405+00:00,100.0,42,ask,,,11625999
2026-06-29T08:00:35.628026,2026-06-28T22:00:36.040415+00:00,100.4,43,bid,,,11626031
2026-06-29T08:00:37.215370,2026-06-28T22:00:37.623092+00:00,100.4,43,bid,,,11626068
2026-06-29T08:00:37.746263,2026-06-28T22:00:38.161435+00:00,100.2,50,ask,,,11626084
2026-06-29T08:00:39.860601,2026-06-28T22:00:40.271964+00:00,100.2,50,ask,,,11626123
2026-06-29T08:00:41.479692,2026-06-28T22:00:41.888964+00:00,100.2,43,ask,,,11626160
2026-06-29T08:00:41.966731,2026-06-28T22:00:42.372964+00:00,100.2,50,ask,,,11626170
2026-06-29T08:00:42.297829,2026-06-28T22:00:42.713964+00:00,100.2,100,ask,,,11626175
2026-06-29T08:00:42.297829,2026-06-28T22:00:42.713964+00:00,100.0,4,ask,,,11626176
2026-06-29T08:00:42.957933,2026-06-28T22:00:43.373512+00:00,100.0,4,bid,,,11626199
2026-06-29T08:00:42.993648,2026-06-28T22:00:43.406512+00:00,100.0,40,bid,,,11626200
2026-06-29T08:00:44.021800,2026-06-28T22:00:44.429512+00:00,100.0,2,bid,,,11626221
2026-06-29T08:00:44.021800,2026-06-28T22:00:44.429512+00:00,100.1,48,bid,,,11626222
2026-06-29T08:00:46.159955,2026-06-28T22:00:46.572769+00:00,100.3,50,bid,,,11626267
2026-06-29T08:00:46.634685,2026-06-28T22:00:47.045660+00:00,100.0,43,ask,,,11626283
2026-06-29T08:00:48.257755,2026-06-28T22:00:48.672421+00:00,100.0,46,ask,,,11626316
2026-06-29T08:00:50.448814,2026-06-28T22:00:50.860379+00:00,100.0,3,ask,,,11626354
2026-06-29T08:00:50.448814,2026-06-28T22:00:50.860379+00:00,100.0,47,ask,,,11626355
2026-06-29T08:00:51.796459,2026-06-28T22:00:52.202262+00:00,100.0,53,ask,,,11626387
2026-06-29T08:00:52.560558,2026-06-28T22:00:52.971049+00:00,99.6,50,ask,,,11626398
2026-06-29T08:00:53.142803,2026-06-28T22:00:53.554017+00:00,100.0,4,bid,,,11626408
2026-06-29T08:00:56.719866,2026-06-28T22:00:57.128594+00:00,100.1,50,bid,,,11626464
2026-06-29T08:00:57.182936,2026-06-28T22:00:57.590594+00:00,100.1,41,bid,,,11626485
2026-06-29T08:00:58.810028,2026-06-28T22:00:59.217926+00:00,100.2,2,bid,,,11626513
2026-06-29T08:00:58.810028,2026-06-28T22:00:59.217926+00:00,100.4,42,bid,,,11626514
2026-06-29T08:00:58.825503,2026-06-28T22:00:59.239926+00:00,100.4,50,bid,,,11626515
2026-06-29T08:01:00.861223,2026-06-28T22:01:01.273328+00:00,100.0,45,ask,,,11626539
2026-06-29T08:01:00.933091,2026-06-28T22:01:01.339329+00:00,100.3,2,bid,,,11626541
2026-06-29T08:01:00.933091,2026-06-28T22:01:01.350328+00:00,100.4,8,bid,,,11626542
2026-06-29T08:01:00.933091,2026-06-28T22:01:01.350328+00:00,100.5,40,bid,,,11626543
2026-06-29T08:01:01.556072,2026-06-28T22:01:01.966336+00:00,100.3,2,bid,,,11626558
2026-06-29T08:01:01.858746,2026-06-28T22:01:02.274337+00:00,100.3,42,ask,,,11626568
2026-06-29T08:01:03.041544,2026-06-28T22:01:03.450135+00:00,100.5,50,bid,,,11626600
2026-06-29T08:01:03.501591,2026-06-28T22:01:03.912143+00:00,100.3,2,ask,,,11626609
2026-06-29T08:01:03.530832,2026-06-28T22:01:03.945143+00:00,100.3,2,ask,,,11626610
2026-06-29T08:01:03.574023,2026-06-28T22:01:03.989143+00:00,100.3,2,ask,,,11626613
2026-06-29T08:01:05.148900,2026-06-28T22:01:05.561156+00:00,100.4,4,bid,,,11626640
2026-06-29T08:01:05.148900,2026-06-28T22:01:05.561156+00:00,100.6,46,bid,,,11626641
2026-06-29T08:01:05.542321,2026-06-28T22:01:05.957156+00:00,100.4,4,bid,,,11626653
2026-06-29T08:01:05.542321,2026-06-28T22:01:05.957156+00:00,100.6,37,bid,,,11626654
2026-06-29T08:01:06.622982,2026-06-28T22:01:07.034717+00:00,100.4,3,bid,,,11626683
2026-06-29T08:01:06.622982,2026-06-28T22:01:07.034717+00:00,100.6,17,bid,,,11626684
2026-06-29T08:01:06.622982,2026-06-28T22:01:07.034717+00:00,100.7,27,bid,,,11626685
2026-06-29T08:01:06.680475,2026-06-28T22:01:07.100717+00:00,100.2,43,ask,,,11626687
2026-06-29T08:01:07.269609,2026-06-28T22:01:07.683737+00:00,100.4,3,bid,,,11626690
2026-06-29T08:01:07.269609,2026-06-28T22:01:07.683737+00:00,100.7,47,bid,,,11626691
2026-06-29T08:01:07.319983,2026-06-28T22:01:07.727738+00:00,100.2,47,ask,,,11626692
2026-06-29T08:01:09.380092,2026-06-28T22:01:09.794915+00:00,100.4,50,bid,,,11626731
2026-06-29T08:01:11.486568,2026-06-28T22:01:11.895806+00:00,100.5,3,bid,,,11626775
2026-06-29T08:01:11.486568,2026-06-28T22:01:11.895806+00:00,100.5,47,bid,,,11626776
2026-06-29T08:01:11.915883,2026-06-28T22:01:12.335806+00:00,100.1,1,ask,,,11626780
2026-06-29T08:01:11.915883,2026-06-28T22:01:12.346806+00:00,100.1,24,ask,,,11626781
2026-06-29T08:01:12.126769,2026-06-28T22:01:12.533810+00:00,100.1,25,ask,,,11626783
2026-06-29T08:01:12.336987,2026-06-28T22:01:12.742810+00:00,100.1,25,ask,,,11626789
2026-06-29T08:01:12.553076,2026-06-28T22:01:12.961920+00:00,100.1,25,ask,,,11626793
2026-06-29T08:01:12.763219,2026-06-28T22:01:13.170920+00:00,100.1,1,ask,,,11626805
2026-06-29T08:01:13.593684,2026-06-28T22:01:14.005928+00:00,100.5,50,bid,,,11626822
2026-06-29T08:01:13.773373,2026-06-28T22:01:14.181929+00:00,100.2,3,ask,,,11626823
2026-06-29T08:01:13.934303,2026-06-28T22:01:14.346929+00:00,100.4,150,ask,,,11626832
2026-06-29T08:01:13.982704,2026-06-28T22:01:14.390929+00:00,100.2,3,ask,,,11626833
2026-06-29T08:01:15.700879,2026-06-28T22:01:16.116053+00:00,100.2,50,bid,,,11626871
2026-06-29T08:01:16.634948,2026-06-28T22:01:17.051163+00:00,100.2,45,bid,,,11626880
2026-06-29T08:01:17.597896,2026-06-28T22:01:18.006229+00:00,100.0,25,ask,,,11626899
2026-06-29T08:01:17.821112,2026-06-28T22:01:18.237229+00:00,100.0,25,ask,,,11626904
2026-06-29T08:01:18.380595,2026-06-28T22:01:18.787111+00:00,100.2,40,bid,,,11626921
2026-06-29T08:01:19.438375,2026-06-28T22:01:19.854124+00:00,100.0,47,ask,,,11626943
2026-06-29T08:01:19.963496,2026-06-28T22:01:20.382133+00:00,100.0,3,ask,,,11626959
2026-06-29T08:01:19.963496,2026-06-28T22:01:20.382133+00:00,99.7,47,ask,,,11626960
2026-06-29T08:01:20.891601,2026-06-28T22:01:21.306133+00:00,100.5,44,bid,,,11626971
2026-06-29T08:01:22.071980,2026-06-28T22:01:22.483133+00:00,100.0,50,ask,,,11626998
2026-06-29T08:01:23.769482,2026-06-28T22:01:24.185348+00:00,100.4,40,bid,,,11627030
2026-06-29T08:01:24.178082,2026-06-28T22:01:24.592231+00:00,100.1,50,ask,,,11627034
2026-06-29T08:01:24.413417,2026-06-28T22:01:24.823229+00:00,100.1,49,ask,,,11627040
2026-06-29T08:01:26.284716,2026-06-28T22:01:26.692815+00:00,100.1,1,ask,,,11627083
2026-06-29T08:01:26.284716,2026-06-28T22:01:26.692815+00:00,100.1,5,ask,,,11627084
2026-06-29T08:01:26.284716,2026-06-28T22:01:26.703815+00:00,99.9,44,ask,,,11627085
2026-06-29T08:01:26.683283,2026-06-28T22:01:27.099815+00:00,99.9,47,ask,,,11627089
2026-06-29T08:01:26.944315,2026-06-28T22:01:27.352815+00:00,100.1,5,ask,,,11627091
2026-06-29T08:01:26.960002,2026-06-28T22:01:27.374815+00:00,100.1,25,bid,,,11627093
2026-06-29T08:01:26.989655,2026-06-28T22:01:27.396815+00:00,100.1,25,bid,,,11627095
2026-06-29T08:01:27.022092,2026-06-28T22:01:27.429815+00:00,100.1,5,bid,,,11627102
2026-06-29T08:01:27.024751,2026-06-28T22:01:27.440806+00:00,100.1,25,bid,,,11627103
2026-06-29T08:01:27.107181,2026-06-28T22:01:27.517806+00:00,100.1,5,bid,,,11627107
2026-06-29T08:01:27.653924,2026-06-28T22:01:28.066884+00:00,100.1,10,bid,,,11627122
2026-06-29T08:01:28.391979,2026-06-28T22:01:28.803884+00:00,100.0,5,ask,,,11627144
2026-06-29T08:01:28.391979,2026-06-28T22:01:28.803884+00:00,99.9,45,ask,,,11627145
2026-06-29T08:01:29.877372,2026-06-28T22:01:30.287884+00:00,100.1,25,bid,,,11627172
2026-06-29T08:01:30.086818,2026-06-28T22:01:30.496893+00:00,100.1,25,bid,,,11627180
2026-06-29T08:01:30.137007,2026-06-28T22:01:30.551894+00:00,100.1,75,bid,,,11627183
2026-06-29T08:01:30.296044,2026-06-28T22:01:30.705893+00:00,100.1,25,bid,,,11627192
2026-06-29T08:01:30.500467,2026-06-28T22:01:30.914884+00:00,100.0,4,ask,,,11627194
2026-06-29T08:01:30.500467,2026-06-28T22:01:30.914884+00:00,100.0,46,ask,,,11627195
2026-06-29T08:01:31.913816,2026-06-28T22:01:32.321893+00:00,100.3,1,bid,,,11627218
2026-06-29T08:01:31.913816,2026-06-28T22:01:32.321893+00:00,100.5,39,bid,,,11627219
2026-06-29T08:01:32.556842,2026-06-28T22:01:32.969946+00:00,100.5,50,bid,,,11627240
2026-06-29T08:01:34.667007,2026-06-28T22:01:35.081946+00:00,100.5,50,bid,,,11627282
2026-06-29T08:01:35.103152,2026-06-28T22:01:35.510946+00:00,100.5,48,bid,,,11627284
2026-06-29T08:01:36.059962,2026-06-28T22:01:36.466679+00:00,100.5,100,bid,,,11627292
2026-06-29T08:01:36.131421,2026-06-28T22:01:36.543679+00:00,100.6,50,ask,,,11627295
2026-06-29T08:01:36.511155,2026-06-28T22:01:36.917079+00:00,100.4,25,ask,,,11627304
2026-06-29T08:01:36.621772,2026-06-28T22:01:37.038079+00:00,100.4,48,ask,,,11627309
2026-06-29T08:01:36.720291,2026-06-28T22:01:37.126079+00:00,100.4,25,ask,,,11627312
2026-06-29T08:01:36.797685,2026-06-28T22:01:37.214079+00:00,100.9,50,bid,,,11627315
2026-06-29T08:01:36.931045,2026-06-28T22:01:37.346079+00:00,100.4,2,ask,,,11627321
2026-06-29T08:01:39.226908,2026-06-28T22:01:39.643457+00:00,100.0,43,ask,,,11627351
2026-06-29T08:01:41.064854,2026-06-28T22:01:41.480477+00:00,100.3,50,ask,,,11627387
2026-06-29T08:01:43.120807,2026-06-28T22:01:43.535878+00:00,100.4,50,bid,,,11627419
2026-06-29T08:01:45.286151,2026-06-28T22:01:45.702788+00:00,100.2,50,ask,,,11627470
2026-06-29T08:01:47.342655,2026-06-28T22:01:47.759348+00:00,100.5,2,bid,,,11627500
2026-06-29T08:01:47.342655,2026-06-28T22:01:47.759348+00:00,100.6,48,bid,,,11627501
2026-06-29T08:01:47.507078,2026-06-28T22:01:47.923900+00:00,100.6,42,bid,,,11627508
2026-06-29T08:01:48.762030,2026-06-28T22:01:49.177892+00:00,100.4,25,ask,,,11627536
2026-06-29T08:01:48.970237,2026-06-28T22:01:49.386890+00:00,100.4,25,ask,,,11627543
2026-06-29T08:01:49.178643,2026-06-28T22:01:49.584900+00:00,100.4,25,ask,,,11627545
2026-06-29T08:01:49.820283,2026-06-28T22:01:50.233891+00:00,100.4,48,ask,,,11627559
2026-06-29T08:01:50.153412,2026-06-28T22:01:50.563894+00:00,100.4,10,ask,,,11627566
2026-06-29T08:01:51.312482,2026-06-28T22:01:51.718900+00:00,100.5,49,bid,,,11627597
2026-06-29T08:01:51.608135,2026-06-28T22:01:52.015891+00:00,100.4,17,ask,,,11627604
2026-06-29T08:01:51.608135,2026-06-28T22:01:52.015891+00:00,100.2,2,ask,,,11627605
2026-06-29T08:01:51.608135,2026-06-28T22:01:52.026891+00:00,100.0,31,ask,,,11627606
2026-06-29T08:01:52.317083,2026-06-28T22:01:52.729900+00:00,100.2,2,bid,,,11627614
2026-06-29T08:01:52.418608,2026-06-28T22:01:52.828900+00:00,100.2,2,bid,,,11627616
2026-06-29T08:01:52.442016,2026-06-28T22:01:52.851008+00:00,100.2,45,bid,,,11627618
2026-06-29T08:01:52.470408,2026-06-28T22:01:52.884008+00:00,100.2,10,bid,,,11627620
2026-06-29T08:01:53.716090,2026-06-28T22:01:54.126541+00:00,99.9,50,ask,,,11627652
2026-06-29T08:01:54.147410,2026-06-28T22:01:54.555532+00:00,99.9,46,ask,,,11627658
2026-06-29T08:01:55.407649,2026-06-28T22:01:55.820541+00:00,100.1,3,ask,,,11627681
2026-06-29T08:01:55.447129,2026-06-28T22:01:55.853541+00:00,100.1,3,bid,,,11627682
2026-06-29T08:01:55.483603,2026-06-28T22:01:55.897541+00:00,100.1,3,bid,,,11627683
2026-06-29T08:01:55.513953,2026-06-28T22:01:55.930541+00:00,100.1,2,bid,,,11627684
2026-06-29T08:01:55.733124,2026-06-28T22:01:56.139091+00:00,100.1,2,bid,,,11627686
2026-06-29T08:01:55.823277,2026-06-28T22:01:56.238082+00:00,100.0,50,ask,,,11627687
2026-06-29T08:01:56.160610,2026-06-28T22:01:56.568092+00:00,100.1,2,bid,,,11627692
2026-06-29T08:01:56.186837,2026-06-28T22:01:56.601092+00:00,100.1,2,bid,,,11627693
2026-06-29T08:01:56.227311,2026-06-28T22:01:56.634092+00:00,100.1,2,bid,,,11627695
2026-06-29T08:01:56.373708,2026-06-28T22:01:56.788091+00:00,100.1,2,bid,,,11627697
2026-06-29T08:01:56.428472,2026-06-28T22:01:56.843091+00:00,100.1,2,bid,,,11627700
2026-06-29T08:01:56.477313,2026-06-28T22:01:56.887091+00:00,100.1,2,bid,,,11627701
2026-06-29T08:01:56.680356,2026-06-28T22:01:57.096091+00:00,100.1,2,bid,,,11627704
2026-06-29T08:01:56.792638,2026-06-28T22:01:57.206091+00:00,100.1,2,bid,,,11627705
2026-06-29T08:01:57.929442,2026-06-28T22:01:58.337842+00:00,100.0,50,ask,,,11627745
2026-06-29T08:01:58.261969,2026-06-28T22:01:58.678851+00:00,100.0,1,ask,,,11627754
2026-06-29T08:01:58.410965,2026-06-28T22:01:58.821851+00:00,99.9,25,bid,,,11627757
2026-06-29T08:01:58.620485,2026-06-28T22:01:59.030851+00:00,99.9,25,bid,,,11627761
2026-06-29T08:01:58.798409,2026-06-28T22:01:59.206851+00:00,99.9,1,bid,,,11627763
2026-06-29T08:01:58.832059,2026-06-28T22:01:59.239851+00:00,99.9,25,bid,,,11627766
2026-06-29T08:02:00.034628,2026-06-28T22:02:00.449865+00:00,99.6,50,ask,,,11627789
2026-06-29T08:02:00.043712,2026-06-28T22:02:00.449865+00:00,99.9,25,bid,,,11627791
2026-06-29T08:02:00.253767,2026-06-28T22:02:00.680864+00:00,99.9,25,bid,,,11627796
2026-06-29T08:02:00.333353,2026-06-28T22:02:00.746865+00:00,99.9,23,bid,,,11627797
2026-06-29T08:02:01.218413,2026-06-28T22:02:01.626864+00:00,100.1,41,bid,,,11627806
2026-06-29T08:02:01.369658,2026-06-28T22:02:01.780864+00:00,100.1,59,bid,,,11627810
2026-06-29T08:02:02.141102,2026-06-28T22:02:02.549974+00:00,100.2,50,ask,,,11627819
2026-06-29T08:02:02.830441,2026-06-28T22:02:03.242441+00:00,100.3,4,bid,,,11627838
2026-06-29T08:02:02.830441,2026-06-28T22:02:03.242441+00:00,100.3,43,bid,,,11627839
2026-06-29T08:02:03.155364,2026-06-28T22:02:03.572452+00:00,100.2,5,ask,,,11627841
2026-06-29T08:02:03.292069,2026-06-28T22:02:03.704461+00:00,100.2,5,ask,,,11627844
2026-06-29T08:02:03.360231,2026-06-28T22:02:03.770462+00:00,100.2,5,ask,,,11627846
2026-06-29T08:02:03.608263,2026-06-28T22:02:04.023461+00:00,100.2,5,ask,,,11627854
2026-06-29T08:02:04.247866,2026-06-28T22:02:04.661461+00:00,100.2,21,ask,,,11627866
2026-06-29T08:02:04.247866,2026-06-28T22:02:04.661461+00:00,100.0,1,ask,,,11627867
2026-06-29T08:02:04.247866,2026-06-28T22:02:04.661461+00:00,99.8,28,ask,,,11627868
2026-06-29T08:02:04.359406,2026-06-28T22:02:04.771462+00:00,100.0,1,ask,,,11627869
2026-06-29T08:02:04.359406,2026-06-28T22:02:04.771462+00:00,99.8,43,ask,,,11627870
2026-06-29T08:02:05.294727,2026-06-28T22:02:05.705684+00:00,100.0,25,bid,,,11627886
2026-06-29T08:02:05.504302,2026-06-28T22:02:05.914684+00:00,100.0,25,bid,,,11627890
2026-06-29T08:02:06.357228,2026-06-28T22:02:06.771830+00:00,99.7,50,ask,,,11627905
2026-06-29T08:02:06.873419,2026-06-28T22:02:07.288838+00:00,100.0,32,bid,,,11627921
2026-06-29T08:02:08.464088,2026-06-28T22:02:08.872401+00:00,100.0,50,ask,,,11627949
2026-06-29T08:02:08.654081,2026-06-28T22:02:09.070401+00:00,100.0,40,ask,,,11627950
2026-06-29T08:02:09.797802,2026-06-28T22:02:10.214410+00:00,100.3,4,bid,,,11627977
2026-06-29T08:02:09.797802,2026-06-28T22:02:10.214410+00:00,100.3,39,bid,,,11627978
2026-06-29T08:02:10.317939,2026-06-28T22:02:10.730929+00:00,100.0,40,ask,,,11627987
2026-06-29T08:02:10.573060,2026-06-28T22:02:10.983929+00:00,100.0,20,ask,,,11627994
2026-06-29T08:02:10.573060,2026-06-28T22:02:10.983929+00:00,99.9,1,ask,,,11627995
2026-06-29T08:02:10.573060,2026-06-28T22:02:10.983929+00:00,99.8,29,ask,,,11627996
2026-06-29T08:02:11.177237,2026-06-28T22:02:11.588920+00:00,99.9,100,bid,,,11628010
2026-06-29T08:02:12.630217,2026-06-28T22:02:13.040055+00:00,99.9,50,bid,,,11628035
2026-06-29T08:02:13.529264,2026-06-28T22:02:13.942103+00:00,100.2,4,bid,,,11628042
2026-06-29T08:02:13.747473,2026-06-28T22:02:14.162103+00:00,100.2,4,bid,,,11628051
2026-06-29T08:02:16.063888,2026-06-28T22:02:16.474168+00:00,100.1,41,bid,,,11628090
2026-06-29T08:02:16.854301,2026-06-28T22:02:17.266168+00:00,100.1,50,bid,,,11628109
2026-06-29T08:02:16.968143,2026-06-28T22:02:17.376168+00:00,100.1,9,bid,,,11628117
2026-06-29T08:02:17.178690,2026-06-28T22:02:17.596159+00:00,100.2,2,bid,,,11628125
2026-06-29T08:02:18.962628,2026-06-28T22:02:19.375825+00:00,100.4,50,bid,,,11628159
2026-06-29T08:02:19.198080,2026-06-28T22:02:19.616816+00:00,100.4,49,bid,,,11628161
2026-06-29T08:02:19.251744,2026-06-28T22:02:19.660815+00:00,100.1,40,ask,,,11628163
2026-06-29T08:02:19.708881,2026-06-28T22:02:20.122931+00:00,100.4,1,bid,,,11628172
2026-06-29T08:02:20.727183,2026-06-28T22:02:21.134825+00:00,100.3,1,bid,,,11628191
2026-06-29T08:02:20.727183,2026-06-28T22:02:21.145824+00:00,100.4,43,bid,,,11628192
2026-06-29T08:02:21.795634,2026-06-28T22:02:22.211835+00:00,100.3,1,bid,,,11628207
2026-06-29T08:02:22.853758,2026-06-28T22:02:23.266518+00:00,100.2,48,ask,,,11628226
2026-06-29T08:02:23.172570,2026-06-28T22:02:23.585518+00:00,100.4,50,bid,,,11628231
2026-06-29T08:02:23.957358,2026-06-28T22:02:24.366510+00:00,100.5,44,bid,,,11628252
2026-06-29T08:02:27.435798,2026-06-28T22:02:27.851305+00:00,100.4,50,ask,,,11628330
2026-06-29T08:02:28.189168,2026-06-28T22:02:28.599314+00:00,100.4,40,ask,,,11628341
2026-06-29T08:02:29.220722,2026-06-28T22:02:29.631711+00:00,100.4,46,ask,,,11628368
2026-06-29T08:02:29.548453,2026-06-28T22:02:29.961702+00:00,100.4,14,ask,,,11628373
2026-06-29T08:02:29.548453,2026-06-28T22:02:29.961702+00:00,100.2,36,ask,,,11628374
2026-06-29T08:02:31.656747,2026-06-28T22:02:32.073711+00:00,100.1,50,ask,,,11628411
2026-06-29T08:02:31.791809,2026-06-28T22:02:32.205711+00:00,100.3,43,bid,,,11628412
2026-06-29T08:02:32.424313,2026-06-28T22:02:32.832702+00:00,100.3,40,bid,,,11628422
2026-06-29T08:02:33.377473,2026-06-28T22:02:33.789805+00:00,100.1,5,ask,,,11628441
2026-06-29T08:02:33.717163,2026-06-28T22:02:34.130825+00:00,100.0,50,bid,,,11628447
2026-06-29T08:02:35.138070,2026-06-28T22:02:35.549826+00:00,100.0,5,bid,,,11628472
2026-06-29T08:02:35.875196,2026-06-28T22:02:36.285914+00:00,99.9,50,ask,,,11628483
2026-06-29T08:02:37.931140,2026-06-28T22:02:38.342235+00:00,100.1,50,bid,,,11628521
2026-06-29T08:02:38.943197,2026-06-28T22:02:39.354196+00:00,99.9,44,ask,,,11628534
2026-06-29T08:02:40.039886,2026-06-28T22:02:40.454180+00:00,100.1,50,bid,,,11628551
2026-06-29T08:02:44.260980,2026-06-28T22:02:44.677379+00:00,100.2,50,bid,,,11628631
2026-06-29T08:02:45.710684,2026-06-28T22:02:46.117919+00:00,100.0,2,ask,,,11628647
2026-06-29T08:02:45.710684,2026-06-28T22:02:46.128919+00:00,99.9,41,ask,,,11628648
2026-06-29T08:02:46.424700,2026-06-28T22:02:46.842928+00:00,99.9,50,ask,,,11628665
2026-06-29T08:02:48.479304,2026-06-28T22:02:48.886478+00:00,100.3,2,bid,,,11628698
2026-06-29T08:02:48.479304,2026-06-28T22:02:48.897479+00:00,100.3,48,bid,,,11628699
2026-06-29T08:02:49.816620,2026-06-28T22:02:50.227993+00:00,100.0,47,bid,,,11628734
2026-06-29T08:02:50.590071,2026-06-28T22:02:50.998002+00:00,100.0,50,bid,,,11628746
2026-06-29T08:02:52.696727,2026-06-28T22:02:53.109561+00:00,100.2,3,bid,,,11628788
2026-06-29T08:02:52.696727,2026-06-28T22:02:53.109561+00:00,100.6,47,bid,,,11628789
2026-06-29T08:02:54.604269,2026-06-28T22:02:55.021569+00:00,100.1,46,ask,,,11628817
2026-06-29T08:02:54.858058,2026-06-28T22:02:55.274560+00:00,100.1,50,ask,,,11628819
2026-06-29T08:02:56.147393,2026-06-28T22:02:56.562779+00:00,100.3,3,bid,,,11628842
2026-06-29T08:02:56.147393,2026-06-28T22:02:56.562779+00:00,100.3,42,bid,,,11628843
2026-06-29T08:02:56.964172,2026-06-28T22:02:57.376779+00:00,100.0,50,ask,,,11628857
2026-06-29T08:02:59.021514,2026-06-28T22:02:59.432567+00:00,100.3,3,bid,,,11628896
2026-06-29T08:03:01.074010,2026-06-28T22:03:01.489576+00:00,100.3,3,bid,,,11628924
2026-06-29T08:03:01.181292,2026-06-28T22:03:01.588576+00:00,100.2,50,ask,,,11628926
2026-06-29T08:03:01.508312,2026-06-28T22:03:01.918576+00:00,100.1,47,ask,,,11628933
2026-06-29T08:03:03.236275,2026-06-28T22:03:03.645153+00:00,100.3,3,bid,,,11628957
2026-06-29T08:03:03.236275,2026-06-28T22:03:03.645153+00:00,100.5,47,bid,,,11628958
2026-06-29T08:03:05.344205,2026-06-28T22:03:05.754672+00:00,100.4,2,bid,,,11628989
2026-06-29T08:03:05.344205,2026-06-28T22:03:05.754672+00:00,100.4,48,bid,,,11628990
2026-06-29T08:03:07.255796,2026-06-28T22:03:07.667479+00:00,100.4,45,bid,,,11629020
2026-06-29T08:03:07.794612,2026-06-28T22:03:08.206135+00:00,100.4,2,bid,,,11629034
2026-06-29T08:03:07.794612,2026-06-28T22:03:08.206135+00:00,100.5,100,bid,,,11629035
2026-06-29T08:03:08.572922,2026-06-28T22:03:08.987144+00:00,100.7,48,ask,,,11629049
2026-06-29T08:03:08.572922,2026-06-28T22:03:08.987144+00:00,100.7,100,ask,,,11629050
2026-06-29T08:03:09.612189,2026-06-28T22:03:10.021157+00:00,100.1,3,ask,,,11629066
2026-06-29T08:03:11.895461,2026-06-28T22:03:12.309267+00:00,100.0,41,ask,,,11629112
2026-06-29T08:03:13.769539,2026-06-28T22:03:14.176733+00:00,100.4,50,bid,,,11629137
2026-06-29T08:03:14.991946,2026-06-28T22:03:15.408623+00:00,100.5,40,bid,,,11629158
2026-06-29T08:03:15.130281,2026-06-28T22:03:15.540614+00:00,100.5,110,bid,,,11629162
2026-06-29T08:03:15.130281,2026-06-28T22:03:15.540614+00:00,100.5,38,bid,,,11629163
2026-06-29T08:03:15.927956,2026-06-28T22:03:16.343204+00:00,100.2,4,ask,,,11629177
2026-06-29T08:03:16.610724,2026-06-28T22:03:17.024314+00:00,100.5,49,bid,,,11629189
2026-06-29T08:03:17.276299,2026-06-28T22:03:17.683737+00:00,100.5,13,bid,,,11629201
2026-06-29T08:03:17.510574,2026-06-28T22:03:17.924973+00:00,100.7,25,ask,,,11629207
2026-06-29T08:03:17.723670,2026-06-28T22:03:18.133974+00:00,100.7,25,ask,,,11629212
2026-06-29T08:03:19.564704,2026-06-28T22:03:19.981973+00:00,100.7,1,ask,,,11629246
2026-06-29T08:03:20.086401,2026-06-28T22:03:20.498974+00:00,101.0,50,bid,,,11629261
2026-06-29T08:03:20.335373,2026-06-28T22:03:20.751965+00:00,100.7,2,ask,,,11629263
2026-06-29T08:03:20.502361,2026-06-28T22:03:20.916974+00:00,100.6,2,ask,,,11629267
2026-06-29T08:03:20.543805,2026-06-28T22:03:20.960974+00:00,100.6,1,ask,,,11629268
2026-06-29T08:03:20.581312,2026-06-28T22:03:20.993973+00:00,100.6,2,ask,,,11629269
2026-06-29T08:03:21.741000,2026-06-28T22:03:22.148973+00:00,100.8,25,ask,,,11629299
2026-06-29T08:03:21.941543,2026-06-28T22:03:22.357964+00:00,100.8,41,ask,,,11629311
2026-06-29T08:03:21.951775,2026-06-28T22:03:22.368964+00:00,100.8,25,ask,,,11629312
2026-06-29T08:03:22.173295,2026-06-28T22:03:22.588127+00:00,100.8,9,ask,,,11629316
2026-06-29T08:03:22.246107,2026-06-28T22:03:22.654128+00:00,100.6,50,ask,,,11629319
2026-06-29T08:03:25.736181,2026-06-28T22:03:26.150376+00:00,100.4,4,ask,,,11629365
2026-06-29T08:03:25.736181,2026-06-28T22:03:26.150376+00:00,100.4,38,ask,,,11629366
2026-06-29T08:03:26.416869,2026-06-28T22:03:26.832376+00:00,100.9,50,bid,,,11629380
2026-06-29T08:03:27.478028,2026-06-28T22:03:27.888094+00:00,101.0,40,bid,,,11629386
2026-06-29T08:03:29.891043,2026-06-28T22:03:30.307620+00:00,100.5,41,ask,,,11629434
2026-06-29T08:03:30.532793,2026-06-28T22:03:30.945620+00:00,100.5,45,ask,,,11629457
2026-06-29T08:03:30.624768,2026-06-28T22:03:31.033621+00:00,100.7,50,bid,,,11629460
2026-06-29T08:03:32.731896,2026-06-28T22:03:33.144703+00:00,100.7,50,bid,,,11629492
2026-06-29T08:03:34.839162,2026-06-28T22:03:35.256238+00:00,100.7,50,bid,,,11629528
2026-06-29T08:03:36.753099,2026-06-28T22:03:37.159795+00:00,100.8,1,bid,,,11629553
2026-06-29T08:03:36.753099,2026-06-28T22:03:37.170797+00:00,100.8,43,bid,,,11629554
2026-06-29T08:03:36.945031,2026-06-28T22:03:37.357795+00:00,100.8,50,bid,,,11629558
2026-06-29T08:03:39.103256,2026-06-28T22:03:39.513473+00:00,100.5,1,ask,,,11629587
2026-06-29T08:03:39.103256,2026-06-28T22:03:39.513473+00:00,100.3,49,ask,,,11629588
2026-06-29T08:03:39.613201,2026-06-28T22:03:40.030472+00:00,100.7,25,ask,,,11629598
2026-06-29T08:03:39.821132,2026-06-28T22:03:40.239472+00:00,100.7,25,ask,,,11629607
2026-06-29T08:03:39.934149,2026-06-28T22:03:40.349472+00:00,100.7,44,ask,,,11629610
2026-06-29T08:03:40.028853,2026-06-28T22:03:40.437472+00:00,100.7,25,ask,,,11629612
2026-06-29T08:03:40.431630,2026-06-28T22:03:40.844474+00:00,100.8,5,bid,,,11629616
2026-06-29T08:03:40.431630,2026-06-28T22:03:40.844474+00:00,101.0,40,bid,,,11629617
2026-06-29T08:03:41.213097,2026-06-28T22:03:41.625493+00:00,100.7,31,ask,,,11629632
2026-06-29T08:03:41.213097,2026-06-28T22:03:41.625493+00:00,100.5,19,ask,,,11629633
2026-06-29T08:03:42.908119,2026-06-28T22:03:43.319049+00:00,100.6,100,bid,,,11629665
2026-06-29T08:03:42.977467,2026-06-28T22:03:43.385049+00:00,100.6,47,bid,,,11629666
2026-06-29T08:03:44.051002,2026-06-28T22:03:44.463040+00:00,100.6,3,bid,,,11629687
2026-06-29T08:03:44.947625,2026-06-28T22:03:45.365049+00:00,100.5,1,ask,,,11629712
2026-06-29T08:03:44.947625,2026-06-28T22:03:45.365049+00:00,100.1,44,ask,,,11629713
2026-06-29T08:03:47.529573,2026-06-28T22:03:47.936846+00:00,100.6,50,ask,,,11629749
2026-06-29T08:03:48.523633,2026-06-28T22:03:48.937845+00:00,100.8,45,bid,,,11629762
2026-06-29T08:03:49.639064,2026-06-28T22:03:50.048845+00:00,100.7,50,ask,,,11629778
2026-06-29T08:03:51.745228,2026-06-28T22:03:52.160865+00:00,100.7,50,ask,,,11629821
2026-06-29T08:03:53.081804,2026-06-28T22:03:53.491942+00:00,100.5,3,ask,,,11629835
2026-06-29T08:03:53.081804,2026-06-28T22:03:53.491942+00:00,100.4,44,ask,,,11629836
2026-06-29T08:03:53.853737,2026-06-28T22:03:54.261468+00:00,100.6,3,ask,,,11629857
2026-06-29T08:03:53.853737,2026-06-28T22:03:54.272468+00:00,100.4,47,ask,,,11629858
2026-06-29T08:03:55.167669,2026-06-28T22:03:55.581477+00:00,100.7,41,bid,,,11629874
2026-06-29T08:03:55.482388,2026-06-28T22:03:55.889477+00:00,100.6,25,bid,,,11629880
2026-06-29T08:03:55.692389,2026-06-28T22:03:56.109025+00:00,100.6,25,bid,,,11629883
2026-06-29T08:03:55.902151,2026-06-28T22:03:56.318025+00:00,100.6,25,bid,,,11629891
2026-06-29T08:03:55.911266,2026-06-28T22:03:56.318025+00:00,100.6,50,bid,,,11629892
2026-06-29T08:03:56.115431,2026-06-28T22:03:56.527025+00:00,100.6,25,bid,,,11629904
2026-06-29T08:03:56.247596,2026-06-28T22:03:56.659025+00:00,100.9,2,bid,,,11629905
2026-06-29T08:03:56.247596,2026-06-28T22:03:56.659025+00:00,100.9,39,bid,,,11629906
2026-06-29T08:03:58.491606,2026-06-28T22:03:58.902151+00:00,100.7,40,ask,,,11629944
2026-06-29T08:04:02.000376,2026-06-28T22:04:02.410704+00:00,100.9,4,bid,,,11630021
2026-06-29T08:04:02.223448,2026-06-28T22:04:02.630704+00:00,101.0,50,bid,,,11630025
2026-06-29T08:04:03.149236,2026-06-28T22:04:03.565262+00:00,100.5,1,ask,,,11630047
2026-06-29T08:04:03.149236,2026-06-28T22:04:03.565262+00:00,100.5,47,ask,,,11630048
2026-06-29T08:04:04.331271,2026-06-28T22:04:04.742262+00:00,101.0,50,bid,,,11630062
2026-06-29T08:04:05.347988,2026-06-28T22:04:05.765262+00:00,101.1,45,bid,,,11630070
2026-06-29T08:04:06.338132,2026-06-28T22:04:06.754822+00:00,100.8,25,ask,,,11630084
2026-06-29T08:04:06.439106,2026-06-28T22:04:06.853822+00:00,101.1,50,bid,,,11630088
2026-06-29T08:04:06.547384,2026-06-28T22:04:06.974821+00:00,100.8,25,ask,,,11630090
2026-06-29T08:04:06.757100,2026-06-28T22:04:07.172821+00:00,100.8,25,ask,,,11630092
2026-06-29T08:04:06.976606,2026-06-28T22:04:07.403822+00:00,100.8,25,ask,,,11630096
2026-06-29T08:04:08.194834,2026-06-28T22:04:08.601499+00:00,100.8,100,bid,,,11630110
2026-06-29T08:04:08.595448,2026-06-28T22:04:09.008507+00:00,100.3,50,ask,,,11630117
2026-06-29T08:04:10.652025,2026-06-28T22:04:11.061508+00:00,100.8,50,bid,,,11630146
2026-06-29T08:04:11.918856,2026-06-28T22:04:12.326507+00:00,100.7,40,ask,,,11630167
2026-06-29T08:04:12.567361,2026-06-28T22:04:12.975649+00:00,100.7,47,ask,,,11630184
2026-06-29T08:04:12.808641,2026-06-28T22:04:13.217649+00:00,100.7,50,ask,,,11630185
2026-06-29T08:04:14.915553,2026-06-28T22:04:15.329649+00:00,100.3,50,ask,,,11630220
2026-06-29T08:04:17.021866,2026-06-28T22:04:17.429775+00:00,100.3,50,ask,,,11630247
2026-06-29T08:04:17.254961,2026-06-28T22:04:17.671775+00:00,100.6,47,bid,,,11630249
2026-06-29T08:04:17.712310,2026-06-28T22:04:18.121040+00:00,100.8,47,bid,,,11630259
2026-06-29T08:04:18.407870,2026-06-28T22:04:18.825040+00:00,100.6,1,bid,,,11630269
2026-06-29T08:04:18.941376,2026-06-28T22:04:19.353031+00:00,100.5,1,ask,,,11630281
2026-06-29T08:04:18.941376,2026-06-28T22:04:19.353031+00:00,100.3,41,ask,,,11630282
2026-06-29T08:04:19.085625,2026-06-28T22:04:19.496040+00:00,100.6,50,bid,,,11630288
2026-06-29T08:04:21.070256,2026-06-28T22:04:21.487060+00:00,100.8,47,bid,,,11630330
2026-06-29T08:04:21.190776,2026-06-28T22:04:21.608060+00:00,100.8,50,bid,,,11630336
2026-06-29T08:04:23.311815,2026-06-28T22:04:23.729879+00:00,100.8,3,bid,,,11630370
2026-06-29T08:04:23.311815,2026-06-28T22:04:23.729879+00:00,100.9,5,bid,,,11630371
2026-06-29T08:04:23.311815,2026-06-28T22:04:23.729879+00:00,100.9,42,bid,,,11630372
2026-06-29T08:04:25.324924,2026-06-28T22:04:25.731880+00:00,100.6,44,ask,,,11630420
2026-06-29T08:04:25.427645,2026-06-28T22:04:25.841879+00:00,100.8,6,bid,,,11630421
2026-06-29T08:04:25.427645,2026-06-28T22:04:25.841879+00:00,101.0,44,bid,,,11630422
2026-06-29T08:04:27.550876,2026-06-28T22:04:27.963102+00:00,100.8,2,bid,,,11630473
2026-06-29T08:04:27.550876,2026-06-28T22:04:27.963102+00:00,101.0,48,bid,,,11630474
2026-06-29T08:04:30.011481,2026-06-28T22:04:30.428102+00:00,101.0,100,bid,,,11630531
2026-06-29T08:04:30.081489,2026-06-28T22:04:30.494102+00:00,101.1,50,ask,,,11630536
2026-06-29T08:04:30.376559,2026-06-28T22:04:30.790637+00:00,100.9,40,ask,,,11630538
2026-06-29T08:04:31.850942,2026-06-28T22:04:32.264637+00:00,100.9,5,ask,,,11630565
2026-06-29T08:04:33.860961,2026-06-28T22:04:34.278203+00:00,101.0,4,bid,,,11630607
2026-06-29T08:04:33.863792,2026-06-28T22:04:34.278203+00:00,101.1,50,bid,,,11630608
2026-06-29T08:04:33.866113,2026-06-28T22:04:34.278203+00:00,101.1,2,bid,,,11630609
2026-06-29T08:04:34.075584,2026-06-28T22:04:34.487203+00:00,101.1,25,bid,,,11630613
2026-06-29T08:04:34.081954,2026-06-28T22:04:34.498203+00:00,101.1,2,bid,,,11630614
2026-06-29T08:04:34.224452,2026-06-28T22:04:34.641203+00:00,101.0,4,bid,,,11630621
2026-06-29T08:04:34.293535,2026-06-28T22:04:34.707203+00:00,101.1,25,bid,,,11630624
2026-06-29T08:04:34.502846,2026-06-28T22:04:34.916203+00:00,101.1,25,bid,,,11630638
2026-06-29T08:04:34.724003,2026-06-28T22:04:35.136203+00:00,101.1,21,bid,,,11630644
2026-06-29T08:04:35.969551,2026-06-28T22:04:36.379223+00:00,101.4,50,bid,,,11630670
2026-06-29T08:04:36.340593,2026-06-28T22:04:36.786243+00:00,101.3,150,ask,,,11630672
2026-06-29T08:04:37.345300,2026-06-28T22:04:37.754243+00:00,101.2,25,ask,,,11630689
2026-06-29T08:04:37.555487,2026-06-28T22:04:37.963350+00:00,101.2,25,ask,,,11630693
2026-06-29T08:04:37.765714,2026-06-28T22:04:38.183345+00:00,101.2,25,ask,,,11630698
2026-06-29T08:04:37.988239,2026-06-28T22:04:38.403349+00:00,101.2,25,ask,,,11630704
2026-06-29T08:04:38.086743,2026-06-28T22:04:38.502350+00:00,101.7,50,bid,,,11630707
2026-06-29T08:04:39.111249,2026-06-28T22:04:39.525350+00:00,101.7,43,bid,,,11630727
2026-06-29T08:04:39.810633,2026-06-28T22:04:40.218350+00:00,101.1,100,bid,,,11630738
2026-06-29T08:04:40.193726,2026-06-28T22:04:40.603350+00:00,101.1,50,bid,,,11630745
2026-06-29T08:04:41.715307,2026-06-28T22:04:42.132350+00:00,101.0,5,ask,,,11630762
2026-06-29T08:04:42.033758,2026-06-28T22:04:42.451350+00:00,100.6,45,ask,,,11630770
2026-06-29T08:04:44.476624,2026-06-28T22:04:44.892662+00:00,100.8,50,ask,,,11630811
2026-06-29T08:04:45.946892,2026-06-28T22:04:46.355789+00:00,101.0,41,bid,,,11630841
2026-06-29T08:04:46.582885,2026-06-28T22:04:46.993790+00:00,100.7,50,ask,,,11630855
2026-06-29T08:04:47.008351,2026-06-28T22:04:47.422789+00:00,100.7,47,ask,,,11630866
2026-06-29T08:04:47.655389,2026-06-28T22:04:48.070729+00:00,101.2,44,bid,,,11630871
2026-06-29T08:04:48.690099,2026-06-28T22:04:49.104729+00:00,100.7,50,ask,,,11630898
2026-06-29T08:04:49.033065,2026-06-28T22:04:49.445738+00:00,100.7,100,ask,,,11630904
2026-06-29T08:04:49.424504,2026-06-28T22:04:49.841729+00:00,100.7,25,bid,,,11630921
2026-06-29T08:04:49.637142,2026-06-28T22:04:50.050739+00:00,100.7,25,bid,,,11630931
2026-06-29T08:04:50.372902,2026-06-28T22:04:50.787738+00:00,100.9,1,bid,,,11630944
2026-06-29T08:04:50.796168,2026-06-28T22:04:51.205271+00:00,100.4,50,ask,,,11630951
2026-06-29T08:04:51.715715,2026-06-28T22:04:52.129271+00:00,100.8,1,ask,,,11630962
2026-06-29T08:04:52.535281,2026-06-28T22:04:52.943369+00:00,100.8,1,ask,,,11630978
2026-06-29T08:04:52.535281,2026-06-28T22:04:52.954368+00:00,100.8,99,ask,,,11630979
2026-06-29T08:04:52.902378,2026-06-28T22:04:53.317369+00:00,100.8,50,ask,,,11630983
2026-06-29T08:04:54.530372,2026-06-28T22:04:54.945378+00:00,100.8,1,ask,,,11631012
2026-06-29T08:04:55.009891,2026-06-28T22:04:55.418378+00:00,100.8,1,ask,,,11631027
2026-06-29T08:04:55.009891,2026-06-28T22:04:55.418378+00:00,100.2,49,ask,,,11631028
2026-06-29T08:04:57.116125,2026-06-28T22:04:57.530418+00:00,100.5,50,ask,,,11631074
2026-06-29T08:04:58.515565,2026-06-28T22:04:58.925923+00:00,100.7,1,ask,,,11631096
2026-06-29T08:04:58.727753,2026-06-28T22:04:59.134924+00:00,100.7,149,bid,,,11631106
2026-06-29T08:04:59.223267,2026-06-28T22:04:59.640923+00:00,100.4,50,ask,,,11631112
2026-06-29T08:05:00.574741,2026-06-28T22:05:00.982924+00:00,100.9,41,bid,,,11631128
2026-06-29T08:05:01.074709,2026-06-28T22:05:01.488944+00:00,100.9,45,bid,,,11631143
2026-06-29T08:05:01.331135,2026-06-28T22:05:01.741936+00:00,100.4,50,ask,,,11631145
2026-06-29T08:05:01.623599,2026-06-28T22:05:02.038944+00:00,100.9,14,bid,,,11631153
2026-06-29T08:05:01.689972,2026-06-28T22:05:02.104944+00:00,100.9,12,ask,,,11631154
2026-06-29T08:05:01.720514,2026-06-28T22:05:02.137944+00:00,100.9,12,ask,,,11631156
2026-06-29T08:05:01.750347,2026-06-28T22:05:02.159944+00:00,100.9,12,ask,,,11631158
2026-06-29T08:05:01.780055,2026-06-28T22:05:02.192944+00:00,100.9,4,ask,,,11631160
2026-06-29T08:05:02.031741,2026-06-28T22:05:02.445944+00:00,100.9,96,ask,,,11631164
2026-06-29T08:05:03.438519,2026-06-28T22:05:03.853088+00:00,100.3,50,ask,,,11631209
2026-06-29T08:05:03.957171,2026-06-28T22:05:04.370080+00:00,100.7,4,ask,,,11631218
2026-06-29T08:05:04.852167,2026-06-28T22:05:05.261088+00:00,100.4,4,bid,,,11631239
2026-06-29T08:05:05.553916,2026-06-28T22:05:05.965088+00:00,100.0,50,ask,,,11631257
2026-06-29T08:05:06.076648,2026-06-28T22:05:06.483640+00:00,100.4,3,bid,,,11631265
2026-06-29T08:05:06.091383,2026-06-28T22:05:06.505641+00:00,100.4,3,bid,,,11631266
2026-06-29T08:05:06.181690,2026-06-28T22:05:06.593641+00:00,100.4,3,bid,,,11631267
2026-06-29T08:05:06.206963,2026-06-28T22:05:06.615640+00:00,100.4,3,bid,,,11631269
2026-06-29T08:05:09.354907,2026-06-28T22:05:09.770891+00:00,100.0,41,ask,,,11631334
2026-06-29T08:05:09.713261,2026-06-28T22:05:10.122891+00:00,100.4,50,bid,,,11631343
2026-06-29T08:05:10.011836,2026-06-28T22:05:10.419882+00:00,100.4,50,bid,,,11631352
2026-06-29T08:05:10.082736,2026-06-28T22:05:10.496891+00:00,100.5,25,bid,,,11631355
2026-06-29T08:05:10.292344,2026-06-28T22:05:10.705891+00:00,100.5,25,bid,,,11631359
2026-06-29T08:05:10.488008,2026-06-28T22:05:10.903891+00:00,100.5,42,bid,,,11631363
2026-06-29T08:05:10.501237,2026-06-28T22:05:10.925891+00:00,100.5,25,bid,,,11631365
2026-06-29T08:05:10.710285,2026-06-28T22:05:11.123891+00:00,100.5,25,bid,,,11631376
2026-06-29T08:05:10.919883,2026-06-28T22:05:11.332891+00:00,100.5,8,bid,,,11631380
2026-06-29T08:05:11.870721,2026-06-28T22:05:12.278891+00:00,100.6,50,ask,,,11631403
2026-06-29T08:05:13.109164,2026-06-28T22:05:13.520676+00:00,100.6,46,ask,,,11631436
2026-06-29T08:05:13.977320,2026-06-28T22:05:14.389675+00:00,100.6,50,ask,,,11631453
2026-06-29T08:05:14.323722,2026-06-28T22:05:14.741676+00:00,100.4,100,ask,,,11631462
2026-06-29T08:05:14.323722,2026-06-28T22:05:14.741676+00:00,100.4,2,ask,,,11631463
2026-06-29T08:05:14.596391,2026-06-28T22:05:15.005676+00:00,100.4,2,bid,,,11631467
2026-06-29T08:05:14.613853,2026-06-28T22:05:15.027676+00:00,100.4,2,bid,,,11631468
2026-06-29T08:05:14.747405,2026-06-28T22:05:15.159666+00:00,100.4,2,bid,,,11631469
2026-06-29T08:05:14.823182,2026-06-28T22:05:15.236666+00:00,100.4,2,bid,,,11631470
2026-06-29T08:05:15.595952,2026-06-28T22:05:16.006675+00:00,100.4,40,bid,,,11631492
2026-06-29T08:05:15.595952,2026-06-28T22:05:16.006675+00:00,100.5,5,bid,,,11631493
2026-06-29T08:05:16.031091,2026-06-28T22:05:16.446233+00:00,100.5,50,bid,,,11631500
2026-06-29T08:05:17.434719,2026-06-28T22:05:17.842386+00:00,100.5,45,bid,,,11631542
2026-06-29T08:05:18.137553,2026-06-28T22:05:18.546385+00:00,100.8,2,bid,,,11631558
2026-06-29T08:05:18.137553,2026-06-28T22:05:18.557386+00:00,100.8,48,bid,,,11631559
2026-06-29T08:05:18.936386,2026-06-28T22:05:19.349385+00:00,100.5,41,ask,,,11631578
2026-06-29T08:05:19.486985,2026-06-28T22:05:19.899406+00:00,100.7,4,bid,,,11631587
2026-06-29T08:05:19.542152,2026-06-28T22:05:19.954406+00:00,100.5,44,ask,,,11631591
2026-06-29T08:05:20.296709,2026-06-28T22:05:20.713397+00:00,100.5,20,ask,,,11631609
2026-06-29T08:05:20.296709,2026-06-28T22:05:20.713397+00:00,100.4,1,ask,,,11631610
2026-06-29T08:05:20.296709,2026-06-28T22:05:20.713397+00:00,100.3,29,ask,,,11631611
2026-06-29T08:05:21.038247,2026-06-28T22:05:21.450406+00:00,100.5,40,bid,,,11631631
2026-06-29T08:05:22.057349,2026-06-28T22:05:22.473406+00:00,100.5,38,bid,,,11631649
2026-06-29T08:05:22.082023,2026-06-28T22:05:22.506405+00:00,100.4,48,ask,,,11631651
2026-06-29T08:05:22.407292,2026-06-28T22:05:22.825406+00:00,100.4,50,ask,,,11631659
2026-06-29T08:05:23.676026,2026-06-28T22:05:24.089963+00:00,100.5,41,bid,,,11631691
2026-06-29T08:05:23.752966,2026-06-28T22:05:24.166962+00:00,100.7,3,bid,,,11631694
2026-06-29T08:05:24.220565,2026-06-28T22:05:24.628963+00:00,100.7,41,ask,,,11631704
2026-06-29T08:05:24.482659,2026-06-28T22:05:24.903963+00:00,100.9,50,bid,,,11631715
2026-06-29T08:05:26.646440,2026-06-28T22:05:27.059309+00:00,100.7,50,ask,,,11631745
2026-06-29T08:05:26.959413,2026-06-28T22:05:27.367308+00:00,100.9,42,bid,,,11631749
2026-06-29T08:05:30.812092,2026-06-28T22:05:31.227617+00:00,100.7,50,bid,,,11631838
2026-06-29T08:05:35.022031,2026-06-28T22:05:35.439218+00:00,101.1,50,bid,,,11631925
2026-06-29T08:05:35.681697,2026-06-28T22:05:36.098787+00:00,100.7,43,ask,,,11631931
2026-06-29T08:05:37.129089,2026-06-28T22:05:37.539787+00:00,100.9,50,bid,,,11631958
2026-06-29T08:05:40.684032,2026-06-28T22:05:41.091400+00:00,100.6,3,ask,,,11632034
2026-06-29T08:05:40.684032,2026-06-28T22:05:41.102401+00:00,100.6,40,ask,,,11632035
2026-06-29T08:05:41.412005,2026-06-28T22:05:41.828410+00:00,100.6,50,ask,,,11632049
2026-06-29T08:05:43.518543,2026-06-28T22:05:43.928495+00:00,100.7,50,ask,,,11632090
2026-06-29T08:05:45.625313,2026-06-28T22:05:46.040515+00:00,100.7,50,ask,,,11632136
2026-06-29T08:05:47.733137,2026-06-28T22:05:48.151237+00:00,100.6,2,ask,,,11632167
2026-06-29T08:05:47.733137,2026-06-28T22:05:48.151237+00:00,100.3,48,ask,,,11632168
2026-06-29T08:05:49.166690,2026-06-28T22:05:49.581224+00:00,100.6,41,bid,,,11632190
2026-06-29T08:05:49.790473,2026-06-28T22:05:50.208223+00:00,100.6,50,bid,,,11632205
2026-06-29T08:05:51.948200,2026-06-28T22:05:52.364224+00:00,100.5,5,ask,,,11632255
2026-06-29T08:05:51.948200,2026-06-28T22:05:52.364224+00:00,100.2,45,ask,,,11632256
2026-06-29T08:05:52.247211,2026-06-28T22:05:52.661224+00:00,100.7,49,bid,,,11632266
2026-06-29T08:05:52.828562,2026-06-28T22:05:53.243780+00:00,100.7,44,bid,,,11632276
2026-06-29T08:05:54.055255,2026-06-28T22:05:54.464780+00:00,100.5,50,ask,,,11632290
2026-06-29T08:05:56.162045,2026-06-28T22:05:56.576339+00:00,100.5,3,ask,,,11632330
2026-06-29T08:05:56.162045,2026-06-28T22:05:56.576339+00:00,100.3,47,ask,,,11632331
2026-06-29T08:05:57.338385,2026-06-28T22:05:57.753360+00:00,100.3,47,ask,,,11632354
2026-06-29T08:05:58.271575,2026-06-28T22:05:58.687029+00:00,100.3,6,ask,,,11632369
2026-06-29T08:05:58.271575,2026-06-28T22:05:58.687029+00:00,100.1,44,ask,,,11632370
2026-06-29T08:06:00.378710,2026-06-28T22:06:00.791040+00:00,99.9,50,ask,,,11632420
2026-06-29T08:06:01.832227,2026-06-28T22:06:02.243049+00:00,100.1,48,bid,,,11632442
2026-06-29T08:06:02.080854,2026-06-28T22:06:02.496049+00:00,100.1,100,bid,,,11632450
2026-06-29T08:06:02.230723,2026-06-28T22:06:02.639049+00:00,100.1,2,bid,,,11632452
2026-06-29T08:06:02.318768,2026-06-28T22:06:02.727049+00:00,99.6,49,ask,,,11632453
2026-06-29T08:06:02.484552,2026-06-28T22:06:02.902609+00:00,99.6,50,ask,,,11632456
2026-06-29T08:06:06.067670,2026-06-28T22:06:06.476726+00:00,100.3,48,bid,,,11632518
2026-06-29T08:06:06.122418,2026-06-28T22:06:06.531726+00:00,100.1,48,ask,,,11632522
2026-06-29T08:06:06.598233,2026-06-28T22:06:07.015726+00:00,100.3,42,bid,,,11632527
2026-06-29T08:06:06.647891,2026-06-28T22:06:07.059726+00:00,100.3,10,bid,,,11632529
2026-06-29T08:06:06.697058,2026-06-28T22:06:07.114726+00:00,100.1,50,ask,,,11632530
2026-06-29T08:06:07.084415,2026-06-28T22:06:07.499726+00:00,100.2,1,ask,,,11632539
2026-06-29T08:06:07.084415,2026-06-28T22:06:07.499726+00:00,100.1,41,ask,,,11632540
2026-06-29T08:06:07.734895,2026-06-28T22:06:08.147418+00:00,100.6,4,bid,,,11632544
2026-06-29T08:06:07.734895,2026-06-28T22:06:08.147418+00:00,100.6,45,bid,,,11632545
2026-06-29T08:06:07.859471,2026-06-28T22:06:08.267942+00:00,100.5,5,bid,,,11632551
2026-06-29T08:06:08.804716,2026-06-28T22:06:09.213951+00:00,100.1,50,ask,,,11632573
2026-06-29T08:06:08.929700,2026-06-28T22:06:09.345951+00:00,100.1,49,ask,,,11632574
2026-06-29T08:06:09.151876,2026-06-28T22:06:09.565951+00:00,100.2,1,bid,,,11632579
2026-06-29T08:06:10.909325,2026-06-28T22:06:11.325972+00:00,100.1,1,ask,,,11632625
2026-06-29T08:06:10.913368,2026-06-28T22:06:11.325972+00:00,99.7,50,ask,,,11632626
2026-06-29T08:06:11.274285,2026-06-28T22:06:11.688971+00:00,100.5,1,bid,,,11632636
2026-06-29T08:06:11.286773,2026-06-28T22:06:11.699971+00:00,100.1,4,ask,,,11632637
2026-06-29T08:06:12.192197,2026-06-28T22:06:12.601962+00:00,100.0,4,bid,,,11632649
2026-06-29T08:06:12.290485,2026-06-28T22:06:12.700971+00:00,100.0,3,bid,,,11632652
2026-06-29T08:06:12.664286,2026-06-28T22:06:13.085529+00:00,100.0,3,bid,,,11632659
2026-06-29T08:06:12.967138,2026-06-28T22:06:13.382529+00:00,100.0,50,bid,,,11632673
2026-06-29T08:06:13.225610,2026-06-28T22:06:13.635530+00:00,100.0,46,bid,,,11632684
2026-06-29T08:06:13.778144,2026-06-28T22:06:14.196520+00:00,100.0,2,bid,,,11632688
2026-06-29T08:06:13.796067,2026-06-28T22:06:14.207520+00:00,100.0,2,bid,,,11632689
2026-06-29T08:06:14.208915,2026-06-28T22:06:14.625529+00:00,100.0,2,bid,,,11632700
2026-06-29T08:06:14.251795,2026-06-28T22:06:14.669529+00:00,100.0,2,bid,,,11632701
2026-06-29T08:06:14.335498,2026-06-28T22:06:14.746529+00:00,100.0,2,bid,,,11632704
2026-06-29T08:06:14.691782,2026-06-28T22:06:15.109529+00:00,100.4,2,bid,,,11632710
2026-06-29T08:06:15.072941,2026-06-28T22:06:15.483529+00:00,100.3,4,bid,,,11632712
2026-06-29T08:06:15.072941,2026-06-28T22:06:15.483529+00:00,100.4,46,bid,,,11632713
2026-06-29T08:06:16.018588,2026-06-28T22:06:16.429117+00:00,100.3,4,bid,,,11632741
2026-06-29T08:06:16.018588,2026-06-28T22:06:16.429117+00:00,100.4,36,bid,,,11632742
2026-06-29T08:06:17.189494,2026-06-28T22:06:17.606117+00:00,100.4,18,bid,,,11632775
2026-06-29T08:06:17.189494,2026-06-28T22:06:17.606117+00:00,100.6,32,bid,,,11632776
2026-06-29T08:06:17.572203,2026-06-28T22:06:17.989382+00:00,100.4,41,ask,,,11632783
2026-06-29T08:06:18.646146,2026-06-28T22:06:19.056383+00:00,100.4,43,ask,,,11632802
2026-06-29T08:06:19.299599,2026-06-28T22:06:19.716383+00:00,100.9,50,bid,,,11632816
2026-06-29T08:06:21.166275,2026-06-28T22:06:21.575403+00:00,100.8,43,bid,,,11632858
2026-06-29T08:06:21.405265,2026-06-28T22:06:21.817403+00:00,100.8,50,bid,,,11632867
2026-06-29T08:06:23.510391,2026-06-28T22:06:23.927474+00:00,100.8,50,bid,,,11632909
2026-06-29T08:06:24.262455,2026-06-28T22:06:24.675474+00:00,100.7,100,ask,,,11632924
2026-06-29T08:06:27.255900,2026-06-28T22:06:27.667043+00:00,100.2,3,ask,,,11632988
2026-06-29T08:06:27.255900,2026-06-28T22:06:27.667043+00:00,100.2,37,ask,,,11632989
2026-06-29T08:06:27.785722,2026-06-28T22:06:28.194644+00:00,100.3,50,ask,,,11633002
2026-06-29T08:06:29.843251,2026-06-28T22:06:30.251653+00:00,100.7,50,bid,,,11633036
2026-06-29T08:06:32.003912,2026-06-28T22:06:32.418653+00:00,100.6,50,ask,,,11633082
2026-06-29T08:06:33.594014,2026-06-28T22:06:34.012221+00:00,100.4,43,ask,,,11633103
2026-06-29T08:06:34.059761,2026-06-28T22:06:34.474221+00:00,100.6,50,bid,,,11633125
2026-06-29T08:06:35.474640,2026-06-28T22:06:35.882221+00:00,100.6,44,bid,,,11633149
2026-06-29T08:06:36.063894,2026-06-28T22:06:36.475299+00:00,100.6,6,bid,,,11633160
2026-06-29T08:06:36.063894,2026-06-28T22:06:36.475299+00:00,100.8,40,bid,,,11633161
2026-06-29T08:06:36.227439,2026-06-28T22:06:36.640319+00:00,100.3,4,ask,,,11633169
2026-06-29T08:06:36.227439,2026-06-28T22:06:36.640319+00:00,100.3,46,ask,,,11633170
2026-06-29T08:06:38.337315,2026-06-28T22:06:38.751577+00:00,100.5,50,ask,,,11633204
2026-06-29T08:06:41.294562,2026-06-28T22:06:41.710577+00:00,100.4,3,ask,,,11633251
2026-06-29T08:06:41.294562,2026-06-28T22:06:41.710577+00:00,100.3,41,ask,,,11633252
2026-06-29T08:06:42.505561,2026-06-28T22:06:42.919844+00:00,100.6,50,bid,,,11633272
2026-06-29T08:06:44.619856,2026-06-28T22:06:45.031377+00:00,100.6,50,bid,,,11633321
2026-06-29T08:06:44.624193,2026-06-28T22:06:45.042371+00:00,100.6,42,bid,,,11633322
2026-06-29T08:06:45.665454,2026-06-28T22:06:46.075940+00:00,100.4,1,ask,,,11633341
2026-06-29T08:06:45.665454,2026-06-28T22:06:46.075940+00:00,100.4,40,ask,,,11633342
2026-06-29T08:06:46.724632,2026-06-28T22:06:47.142940+00:00,100.7,2,bid,,,11633360
2026-06-29T08:06:46.724632,2026-06-28T22:06:47.142940+00:00,100.7,48,bid,,,11633361
2026-06-29T08:06:50.601887,2026-06-28T22:06:51.013693+00:00,100.6,44,bid,,,11633440
2026-06-29T08:06:51.006388,2026-06-28T22:06:51.420693+00:00,100.4,50,ask,,,11633447
2026-06-29T08:06:51.086076,2026-06-28T22:06:51.497692+00:00,100.4,47,ask,,,11633450
2026-06-29T08:06:52.142799,2026-06-28T22:06:52.553713+00:00,100.4,44,ask,,,11633468
2026-06-29T08:06:52.422036,2026-06-28T22:06:52.839704+00:00,100.1,100,ask,,,11633472
2026-06-29T08:06:52.971421,2026-06-28T22:06:53.389179+00:00,100.1,1,bid,,,11633491
2026-06-29T08:06:53.113422,2026-06-28T22:06:53.521179+00:00,99.9,50,ask,,,11633492
2026-06-29T08:06:55.222574,2026-06-28T22:06:55.633179+00:00,99.9,50,ask,,,11633543
2026-06-29T08:06:57.281432,2026-06-28T22:06:57.689744+00:00,100.0,50,bid,,,11633587
2026-06-29T08:06:57.594528,2026-06-28T22:06:58.007830+00:00,100.0,45,bid,,,11633591
2026-06-29T08:06:59.126570,2026-06-28T22:06:59.536830+00:00,99.7,47,ask,,,11633626
2026-06-29T08:06:59.388669,2026-06-28T22:06:59.800830+00:00,100.2,50,bid,,,11633629
2026-06-29T08:07:01.499590,2026-06-28T22:07:01.912850+00:00,100.2,50,bid,,,11633665
2026-06-29T08:07:01.864213,2026-06-28T22:07:02.275850+00:00,100.2,100,bid,,,11633678
2026-06-29T08:07:03.605015,2026-06-28T22:07:04.013399+00:00,100.4,5,bid,,,11633708
2026-06-29T08:07:03.605015,2026-06-28T22:07:04.024407+00:00,100.7,45,bid,,,11633709
2026-06-29T08:07:03.655833,2026-06-28T22:07:04.068406+00:00,100.2,47,ask,,,11633710
2026-06-29T08:07:04.743508,2026-06-28T22:07:05.157407+00:00,100.4,5,bid,,,11633733
2026-06-29T08:07:04.743508,2026-06-28T22:07:05.157407+00:00,100.7,44,bid,,,11633734
2026-06-29T08:07:05.081397,2026-06-28T22:07:05.498406+00:00,100.2,100,ask,,,11633749
2026-06-29T08:07:05.211609,2026-06-28T22:07:05.619407+00:00,100.0,44,bid,,,11633754
2026-06-29T08:07:05.712349,2026-06-28T22:07:06.124981+00:00,100.0,6,bid,,,11633770
2026-06-29T08:07:05.712349,2026-06-28T22:07:06.124981+00:00,100.0,44,bid,,,11633771
2026-06-29T08:07:05.855880,2026-06-28T22:07:06.267981+00:00,100.0,49,bid,,,11633773
2026-06-29T08:07:07.823124,2026-06-28T22:07:08.235284+00:00,100.0,7,bid,,,11633802
2026-06-29T08:07:07.823124,2026-06-28T22:07:08.235284+00:00,100.4,5,bid,,,11633803
2026-06-29T08:07:09.892033,2026-06-28T22:07:10.303284+00:00,100.1,41,ask,,,11633847
2026-06-29T08:07:09.932314,2026-06-28T22:07:10.347284+00:00,100.2,50,bid,,,11633848
2026-06-29T08:07:12.040539,2026-06-28T22:07:12.448296+00:00,100.4,5,bid,,,11633887
2026-06-29T08:07:12.040539,2026-06-28T22:07:12.459305+00:00,100.5,45,bid,,,11633888
2026-06-29T08:07:14.147536,2026-06-28T22:07:14.559381+00:00,100.5,50,bid,,,11633927
2026-06-29T08:07:14.509998,2026-06-28T22:07:14.921501+00:00,100.5,100,bid,,,11633929
2026-06-29T08:07:14.571106,2026-06-28T22:07:14.987500+00:00,100.5,50,ask,,,11633930
2026-06-29T08:07:15.016863,2026-06-28T22:07:15.427391+00:00,100.4,25,ask,,,11633936
2026-06-29T08:07:15.265422,2026-06-28T22:07:15.680391+00:00,100.4,75,ask,,,11633947
2026-06-29T08:07:16.255243,2026-06-28T22:07:16.669492+00:00,100.9,50,bid,,,11633972
2026-06-29T08:07:17.836842,2026-06-28T22:07:18.252159+00:00,100.1,25,bid,,,11633994
2026-06-29T08:07:17.990912,2026-06-28T22:07:18.406170+00:00,100.1,100,bid,,,11633995
2026-06-29T08:07:18.360879,2026-06-28T22:07:18.780179+00:00,100.1,25,bid,,,11634003
2026-06-29T08:07:18.360879,2026-06-28T22:07:18.780179+00:00,100.8,25,bid,,,11634004
2026-06-29T08:07:20.467795,2026-06-28T22:07:20.881180+00:00,100.8,50,bid,,,11634031
2026-06-29T08:07:20.846116,2026-06-28T22:07:21.255180+00:00,100.3,75,ask,,,11634039
2026-06-29T08:07:20.848455,2026-06-28T22:07:21.266180+00:00,100.3,25,ask,,,11634040
2026-06-29T08:07:21.059193,2026-06-28T22:07:21.475179+00:00,100.3,25,ask,,,11634044
2026-06-29T08:07:21.269835,2026-06-28T22:07:21.684179+00:00,100.3,25,ask,,,11634051
2026-06-29T08:07:21.942943,2026-06-28T22:07:22.355171+00:00,100.4,4,bid,,,11634059
2026-06-29T08:07:22.574185,2026-06-28T22:07:22.992737+00:00,100.4,50,bid,,,11634081
2026-06-29T08:07:23.265824,2026-06-28T22:07:23.674271+00:00,99.9,49,ask,,,11634094
2026-06-29T08:07:24.051161,2026-06-28T22:07:24.466271+00:00,99.9,51,ask,,,11634112
2026-06-29T08:07:24.678924,2026-06-28T22:07:25.093270+00:00,99.7,50,bid,,,11634121
2026-06-29T08:07:24.975491,2026-06-28T22:07:25.390271+00:00,99.7,3,bid,,,11634122
2026-06-29T08:07:26.786036,2026-06-28T22:07:27.193824+00:00,99.7,47,bid,,,11634161
2026-06-29T08:07:26.786036,2026-06-28T22:07:27.204833+00:00,99.9,3,bid,,,11634162
2026-06-29T08:07:27.375152,2026-06-28T22:07:27.787833+00:00,99.4,48,ask,,,11634179
2026-06-29T08:07:28.893255,2026-06-28T22:07:29.303623+00:00,99.9,50,bid,,,11634203
2026-06-29T08:07:29.048967,2026-06-28T22:07:29.468622+00:00,99.9,42,bid,,,11634208
2026-06-29T08:07:34.544347,2026-06-28T22:07:34.962735+00:00,100.4,2,bid,,,11634315
2026-06-29T08:07:34.544347,2026-06-28T22:07:34.962735+00:00,100.4,40,bid,,,11634316
2026-06-29T08:07:34.908989,2026-06-28T22:07:35.325735+00:00,99.9,25,ask,,,11634326
2026-06-29T08:07:35.117765,2026-06-28T22:07:35.534736+00:00,99.9,25,ask,,,11634328
2026-06-29T08:07:35.264959,2026-06-28T22:07:35.677746+00:00,99.9,50,ask,,,11634331
2026-06-29T08:07:35.327497,2026-06-28T22:07:35.743746+00:00,99.9,25,ask,,,11634334
2026-06-29T08:07:35.552188,2026-06-28T22:07:35.963755+00:00,99.9,25,ask,,,11634344
2026-06-29T08:07:35.761943,2026-06-28T22:07:36.172374+00:00,100.0,4,ask,,,11634349
2026-06-29T08:07:36.172652,2026-06-28T22:07:36.590374+00:00,100.0,4,ask,,,11634357
2026-06-29T08:07:36.584030,2026-06-28T22:07:36.997365+00:00,100.0,4,ask,,,11634363
2026-06-29T08:07:36.720621,2026-06-28T22:07:37.129374+00:00,99.9,100,ask,,,11634367
2026-06-29T08:07:36.720621,2026-06-28T22:07:37.140374+00:00,99.9,4,ask,,,11634368
2026-06-29T08:07:36.746688,2026-06-28T22:07:37.162373+00:00,99.8,3,bid,,,11634369
2026-06-29T08:07:37.097706,2026-06-28T22:07:37.514373+00:00,99.8,3,bid,,,11634377
2026-06-29T08:07:37.164844,2026-06-28T22:07:37.580374+00:00,99.8,3,bid,,,11634378
2026-06-29T08:07:37.371874,2026-06-28T22:07:37.789373+00:00,99.5,50,ask,,,11634383
2026-06-29T08:07:38.741402,2026-06-28T22:07:39.151631+00:00,99.5,45,ask,,,11634406
2026-06-29T08:07:39.497508,2026-06-28T22:07:39.910638+00:00,99.5,5,ask,,,11634429
2026-06-29T08:07:39.497508,2026-06-28T22:07:39.910638+00:00,99.3,45,ask,,,11634430
2026-06-29T08:07:39.673806,2026-06-28T22:07:40.086631+00:00,99.8,3,bid,,,11634436
2026-06-29T08:07:39.712733,2026-06-28T22:07:40.130629+00:00,99.8,2,bid,,,11634437
2026-06-29T08:07:39.748708,2026-06-28T22:07:40.163629+00:00,99.8,2,bid,,,11634438
2026-06-29T08:07:39.777733,2026-06-28T22:07:40.185629+00:00,99.8,2,bid,,,11634439
2026-06-29T08:07:40.611656,2026-06-28T22:07:41.021659+00:00,99.8,2,bid,,,11634449
2026-06-29T08:07:40.777480,2026-06-28T22:07:41.186659+00:00,99.8,2,bid,,,11634456
2026-06-29T08:07:41.298354,2026-06-28T22:07:41.714659+00:00,99.8,2,bid,,,11634462
2026-06-29T08:07:41.604030,2026-06-28T22:07:42.022659+00:00,99.4,50,ask,,,11634475
2026-06-29T08:07:43.376348,2026-06-28T22:07:43.793210+00:00,99.7,1,ask,,,11634508
2026-06-29T08:07:43.403696,2026-06-28T22:07:43.815210+00:00,99.7,40,bid,,,11634511
2026-06-29T08:07:43.714902,2026-06-28T22:07:44.123210+00:00,99.4,50,ask,,,11634513
2026-06-29T08:07:44.140644,2026-06-28T22:07:44.552210+00:00,99.7,1,bid,,,11634524
2026-06-29T08:07:44.351513,2026-06-28T22:07:44.794202+00:00,99.7,2,bid,,,11634537
2026-06-29T08:07:45.059427,2026-06-28T22:07:45.476210+00:00,99.4,44,ask,,,11634541
2026-06-29T08:07:45.820808,2026-06-28T22:07:46.233839+00:00,99.6,1,ask,,,11634554
2026-06-29T08:07:45.820808,2026-06-28T22:07:46.233839+00:00,99.4,49,ask,,,11634555
2026-06-29T08:07:46.225066,2026-06-28T22:07:46.640840+00:00,99.6,2,ask,,,11634565
2026-06-29T08:07:46.235220,2026-06-28T22:07:46.651839+00:00,99.3,148,bid,,,11634567
2026-06-29T08:07:47.251832,2026-06-28T22:07:47.663839+00:00,99.8,44,bid,,,11634581
2026-06-29T08:07:47.928383,2026-06-28T22:07:48.344521+00:00,99.3,50,ask,,,11634601
2026-06-29T08:07:48.733466,2026-06-28T22:07:49.147549+00:00,99.8,45,bid,,,11634617
2026-06-29T08:07:50.034696,2026-06-28T22:07:50.445549+00:00,99.3,50,ask,,,11634635
2026-06-29T08:07:52.140553,2026-06-28T22:07:52.557549+00:00,99.3,50,ask,,,11634677
2026-06-29T08:07:52.634382,2026-06-28T22:07:53.052108+00:00,99.6,25,bid,,,11634688
2026-06-29T08:07:52.845948,2026-06-28T22:07:53.261108+00:00,99.6,25,bid,,,11634693
2026-06-29T08:07:53.055717,2026-06-28T22:07:53.470108+00:00,99.6,25,bid,,,11634697
2026-06-29T08:07:54.251299,2026-06-28T22:07:54.668895+00:00,99.5,50,ask,,,11634722
2026-06-29T08:07:56.357495,2026-06-28T22:07:56.769005+00:00,99.3,50,ask,,,11634755
2026-06-29T08:07:56.591010,2026-06-28T22:07:57.000026+00:00,99.3,43,ask,,,11634763
2026-06-29T08:07:57.080168,2026-06-28T22:07:57.495026+00:00,99.5,25,bid,,,11634777
2026-06-29T08:07:57.090952,2026-06-28T22:07:57.506026+00:00,99.5,48,bid,,,11634778
2026-06-29T08:07:57.289924,2026-06-28T22:07:57.704026+00:00,99.5,25,bid,,,11634781
2026-06-29T08:07:57.499889,2026-06-28T22:07:57.912729+00:00,99.5,2,bid,,,11634790
2026-06-29T08:07:58.464861,2026-06-28T22:07:58.880729+00:00,99.3,50,ask,,,11634811
2026-06-29T08:07:58.887228,2026-06-28T22:07:59.309742+00:00,99.0,100,ask,,,11634818
2026-06-29T08:07:58.900339,2026-06-28T22:07:59.309742+00:00,98.9,50,bid,,,11634819
2026-06-29T08:07:59.712309,2026-06-28T22:08:00.123749+00:00,99.5,25,bid,,,11634839
2026-06-29T08:07:59.921240,2026-06-28T22:08:00.332749+00:00,99.5,25,bid,,,11634849
2026-06-29T08:08:00.572320,2026-06-28T22:08:00.981749+00:00,99.0,50,ask,,,11634863
2026-06-29T08:08:00.758383,2026-06-28T22:08:01.168749+00:00,99.0,42,ask,,,11634879
2026-06-29T08:08:02.688643,2026-06-28T22:08:03.104307+00:00,99.3,50,ask,,,11634926
2026-06-29T08:08:02.862415,2026-06-28T22:08:03.280307+00:00,99.3,42,ask,,,11634928
2026-06-29T08:08:04.795932,2026-06-28T22:08:05.204841+00:00,99.3,50,ask,,,11634963
2026-06-29T08:08:05.215175,2026-06-28T22:08:05.633840+00:00,99.3,2,bid,,,11634976
2026-06-29T08:08:06.902745,2026-06-28T22:08:07.316396+00:00,99.2,50,ask,,,11634998
2026-06-29T08:08:08.370642,2026-06-28T22:08:08.789086+00:00,99.2,50,ask,,,11635022
2026-06-29T08:08:09.010920,2026-06-28T22:08:09.426628+00:00,98.7,50,ask,,,11635035
2026-06-29T08:08:11.116103,2026-06-28T22:08:11.527628+00:00,98.7,50,ask,,,11635067
2026-06-29T08:08:13.228702,2026-06-28T22:08:13.638785+00:00,98.9,50,ask,,,11635094
2026-06-29T08:08:14.240058,2026-06-28T22:08:14.650785+00:00,99.1,42,bid,,,11635111
2026-06-29T08:08:14.690733,2026-06-28T22:08:15.101785+00:00,98.9,50,ask,,,11635126
2026-06-29T08:08:15.336391,2026-06-28T22:08:15.750805+00:00,98.5,50,ask,,,11635144
2026-06-29T08:08:15.358335,2026-06-28T22:08:15.772805+00:00,98.8,7,bid,,,11635146
2026-06-29T08:08:16.862075,2026-06-28T22:08:17.278900+00:00,98.8,41,bid,,,11635171
2026-06-29T08:08:17.390077,2026-06-28T22:08:17.806908+00:00,98.8,50,bid,,,11635180
2026-06-29T08:08:17.572748,2026-06-28T22:08:17.982461+00:00,98.8,2,bid,,,11635188
2026-06-29T08:08:21.651669,2026-06-28T22:08:22.063461+00:00,98.7,4,ask,,,11635261
2026-06-29T08:08:21.651669,2026-06-28T22:08:22.063461+00:00,98.6,46,ask,,,11635262
2026-06-29T08:08:25.976411,2026-06-28T22:08:26.384823+00:00,98.7,5,ask,,,11635359
2026-06-29T08:08:25.976411,2026-06-28T22:08:26.395824+00:00,98.5,37,ask,,,11635360
2026-06-29T08:08:27.979491,2026-06-28T22:08:28.396485+00:00,98.6,3,ask,,,11635396
2026-06-29T08:08:27.979491,2026-06-28T22:08:28.396485+00:00,98.5,47,ask,,,11635397
2026-06-29T08:08:28.138500,2026-06-28T22:08:28.550485+00:00,98.9,44,bid,,,11635400
2026-06-29T08:08:29.130729,2026-06-28T22:08:29.540494+00:00,98.9,40,bid,,,11635416
2026-06-29T08:08:32.199972,2026-06-28T22:08:32.620515+00:00,98.6,3,ask,,,11635458
2026-06-29T08:08:32.199972,2026-06-28T22:08:32.620515+00:00,98.5,47,ask,,,11635459
2026-06-29T08:08:33.951212,2026-06-28T22:08:34.368222+00:00,98.5,45,ask,,,11635496
2026-06-29T08:08:34.308788,2026-06-28T22:08:34.720222+00:00,98.5,50,ask,,,11635500
2026-06-29T08:08:36.442087,2026-06-28T22:08:36.853774+00:00,98.5,50,ask,,,11635534
2026-06-29T08:08:38.088090,2026-06-28T22:08:38.502586+00:00,98.4,46,bid,,,11635568
2026-06-29T08:08:38.142927,2026-06-28T22:08:38.557606+00:00,98.3,45,ask,,,11635569
2026-06-29T08:08:39.731369,2026-06-28T22:08:40.141606+00:00,98.3,43,ask,,,11635602
2026-06-29T08:08:40.656768,2026-06-28T22:08:41.065140+00:00,97.9,50,ask,,,11635627
2026-06-29T08:08:42.222306,2026-06-28T22:08:42.638140+00:00,98.3,48,bid,,,11635648
2026-06-29T08:08:42.714083,2026-06-28T22:08:43.132698+00:00,98.3,50,bid,,,11635653
2026-06-29T08:08:43.813731,2026-06-28T22:08:44.232688+00:00,98.2,42,ask,,,11635680
2026-06-29T08:08:44.895336,2026-06-28T22:08:45.310698+00:00,98.2,50,ask,,,11635699
2026-06-29T08:08:46.311142,2026-06-28T22:08:46.728330+00:00,98.2,8,ask,,,11635721
2026-06-29T08:08:48.554683,2026-06-28T22:08:48.970648+00:00,98.2,45,bid,,,11635771
2026-06-29T08:08:49.114302,2026-06-28T22:08:49.531649+00:00,97.8,50,ask,,,11635780
2026-06-29T08:08:51.169779,2026-06-28T22:08:51.588648+00:00,98.2,50,bid,,,11635822
2026-06-29T08:08:51.267408,2026-06-28T22:08:51.676649+00:00,98.2,41,bid,,,11635828
2026-06-29T08:08:51.735799,2026-06-28T22:08:52.149182+00:00,98.0,41,ask,,,11635842
2026-06-29T08:08:52.366089,2026-06-28T22:08:52.776182+00:00,98.2,9,bid,,,11635853
2026-06-29T08:08:52.366089,2026-06-28T22:08:52.776182+00:00,98.4,5,bid,,,11635854
2026-06-29T08:08:52.366089,2026-06-28T22:08:52.787182+00:00,98.5,27,bid,,,11635855
2026-06-29T08:08:52.421623,2026-06-28T22:08:52.831181+00:00,98.0,47,ask,,,11635857
2026-06-29T08:08:52.964464,2026-06-28T22:08:53.379866+00:00,98.1,40,bid,,,11635864
2026-06-29T08:08:53.275774,2026-06-28T22:08:53.687867+00:00,98.1,50,bid,,,11635865
2026-06-29T08:08:54.050769,2026-06-28T22:08:54.468857+00:00,98.1,1,bid,,,11635877
2026-06-29T08:08:55.046319,2026-06-28T22:08:55.458866+00:00,97.9,48,ask,,,11635887
2026-06-29T08:08:55.381884,2026-06-28T22:08:55.799866+00:00,98.1,50,bid,,,11635895
2026-06-29T08:08:57.488135,2026-06-28T22:08:57.900128+00:00,98.3,50,bid,,,11635925
2026-06-29T08:08:59.595084,2026-06-28T22:09:00.011437+00:00,98.4,4,bid,,,11635957
2026-06-29T08:08:59.595084,2026-06-28T22:09:00.011437+00:00,98.4,46,bid,,,11635958
2026-06-29T08:09:01.702619,2026-06-28T22:09:02.117427+00:00,98.3,4,bid,,,11636002
2026-06-29T08:09:01.702619,2026-06-28T22:09:02.117427+00:00,98.4,46,bid,,,11636003
2026-06-29T08:09:05.914957,2026-06-28T22:09:06.329934+00:00,98.5,50,bid,,,11636092
2026-06-29T08:09:06.485458,2026-06-28T22:09:06.901934+00:00,98.2,47,ask,,,11636099
2026-06-29T08:09:08.435604,2026-06-28T22:09:08.847620+00:00,98.7,44,bid,,,11636128
2026-06-29T08:09:10.179089,2026-06-28T22:09:10.596620+00:00,98.2,50,ask,,,11636153
2026-06-29T08:09:11.807394,2026-06-28T22:09:12.224620+00:00,98.4,45,bid,,,11636171
2026-06-29T08:09:12.286207,2026-06-28T22:09:12.697620+00:00,98.0,50,ask,,,11636179
2026-06-29T08:09:13.943414,2026-06-28T22:09:14.358189+00:00,98.0,40,ask,,,11636199
2026-06-29T08:09:14.341142,2026-06-28T22:09:14.754190+00:00,98.4,50,bid,,,11636203
2026-06-29T08:09:15.180383,2026-06-28T22:09:15.601180+00:00,98.4,100,ask,,,11636219
2026-06-29T08:09:18.550354,2026-06-28T22:09:18.964403+00:00,98.5,50,bid,,,11636280
2026-06-29T08:09:19.683569,2026-06-28T22:09:20.097423+00:00,98.5,43,bid,,,11636297
2026-06-29T08:09:19.737828,2026-06-28T22:09:20.152423+00:00,98.2,45,ask,,,11636303
2026-06-29T08:09:20.708653,2026-06-28T22:09:21.120423+00:00,98.2,50,ask,,,11636324
2026-06-29T08:09:21.188929,2026-06-28T22:09:21.603957+00:00,98.7,40,bid,,,11636328
2026-06-29T08:09:22.405305,2026-06-28T22:09:22.813949+00:00,98.4,3,ask,,,11636359
2026-06-29T08:09:22.458720,2026-06-28T22:09:22.868948+00:00,98.4,3,ask,,,11636362
2026-06-29T08:09:23.219583,2026-06-28T22:09:23.638948+00:00,98.4,3,ask,,,11636374
2026-06-29T08:09:24.249173,2026-06-28T22:09:24.672948+00:00,98.5,100,bid,,,11636390
2026-06-29T08:09:24.340121,2026-06-28T22:09:24.749948+00:00,98.5,43,ask,,,11636395
2026-06-29T08:09:25.908596,2026-06-28T22:09:26.322042+00:00,98.5,7,ask,,,11636434
2026-06-29T08:09:25.908596,2026-06-28T22:09:26.322042+00:00,98.4,38,ask,,,11636435
2026-06-29T08:09:26.563927,2026-06-28T22:09:26.982033+00:00,98.9,44,bid,,,11636450
2026-06-29T08:09:26.982083,2026-06-28T22:09:27.400033+00:00,98.9,50,bid,,,11636463
2026-06-29T08:09:27.055703,2026-06-28T22:09:27.466042+00:00,98.4,42,ask,,,11636466
2026-06-29T08:09:27.464235,2026-06-28T22:09:27.883536+00:00,98.4,20,ask,,,11636472
2026-06-29T08:09:27.970958,2026-06-28T22:09:28.389527+00:00,98.4,40,bid,,,11636480
2026-06-29T08:09:28.470152,2026-06-28T22:09:28.884528+00:00,98.3,43,ask,,,11636490
2026-06-29T08:09:29.098676,2026-06-28T22:09:29.510889+00:00,98.4,50,bid,,,11636514
2026-06-29T08:09:31.206502,2026-06-28T22:09:31.622909+00:00,98.5,4,bid,,,11636554
2026-06-29T08:09:31.206502,2026-06-28T22:09:31.622909+00:00,98.7,46,bid,,,11636555
2026-06-29T08:09:31.455173,2026-06-28T22:09:31.864909+00:00,98.7,41,bid,,,11636557
2026-06-29T08:09:33.313519,2026-06-28T22:09:33.723538+00:00,98.7,13,bid,,,11636599
2026-06-29T08:09:33.313519,2026-06-28T22:09:33.734538+00:00,98.8,37,bid,,,11636600
2026-06-29T08:09:33.735374,2026-06-28T22:09:34.152546+00:00,98.5,2,bid,,,11636607
2026-06-29T08:09:34.335068,2026-06-28T22:09:34.746567+00:00,98.6,2,ask,,,11636621
2026-06-29T08:09:34.434386,2026-06-28T22:09:34.845558+00:00,98.6,2,ask,,,11636624
2026-06-29T08:09:34.614431,2026-06-28T22:09:35.032557+00:00,98.6,2,ask,,,11636628
2026-06-29T08:09:35.424300,2026-06-28T22:09:35.846567+00:00,99.0,50,bid,,,11636646
2026-06-29T08:09:35.441702,2026-06-28T22:09:35.857566+00:00,98.6,42,ask,,,11636647
2026-06-29T08:09:36.673504,2026-06-28T22:09:37.088667+00:00,98.6,3,ask,,,11636674
2026-06-29T08:09:36.899786,2026-06-28T22:09:37.308667+00:00,98.6,3,ask,,,11636676
2026-06-29T08:09:37.530670,2026-06-28T22:09:37.945878+00:00,98.8,50,bid,,,11636691
2026-06-29T08:09:39.414720,2026-06-28T22:09:39.826878+00:00,98.8,48,bid,,,11636736
2026-06-29T08:09:39.637591,2026-06-28T22:09:40.046878+00:00,98.8,2,bid,,,11636741
2026-06-29T08:09:39.637591,2026-06-28T22:09:40.057878+00:00,99.1,48,bid,,,11636742
2026-06-29T08:09:41.501184,2026-06-28T22:09:41.916878+00:00,98.6,45,ask,,,11636780
2026-06-29T08:09:41.747416,2026-06-28T22:09:42.158870+00:00,98.9,50,bid,,,11636783
2026-06-29T08:09:43.073586,2026-06-28T22:09:43.490221+00:00,98.9,40,bid,,,11636822
2026-06-29T08:09:43.891112,2026-06-28T22:09:44.304212+00:00,99.1,50,bid,,,11636835
2026-06-29T08:09:45.998371,2026-06-28T22:09:46.415342+00:00,99.1,50,bid,,,11636862
2026-06-29T08:09:48.159404,2026-06-28T22:09:48.570424+00:00,99.0,50,ask,,,11636896
2026-06-29T08:09:48.985488,2026-06-28T22:09:49.395424+00:00,99.0,46,ask,,,11636905
2026-06-29T08:09:50.214530,2026-06-28T22:09:50.627415+00:00,99.0,50,bid,,,11636929
2026-06-29T08:09:52.320405,2026-06-28T22:09:52.738969+00:00,99.0,50,bid,,,11636954
2026-06-29T08:09:54.476580,2026-06-28T22:09:54.894512+00:00,99.1,50,ask,,,11636992
2026-06-29T08:09:56.257842,2026-06-28T22:09:56.676541+00:00,98.8,48,ask,,,11637017
2026-06-29T08:09:56.582350,2026-06-28T22:09:56.995541+00:00,98.8,50,ask,,,11637024
2026-06-29T08:09:58.638621,2026-06-28T22:09:59.051054+00:00,99.3,50,bid,,,11637050
2026-06-29T08:09:59.743510,2026-06-28T22:10:00.162054+00:00,99.1,44,bid,,,11637062
2026-06-29T08:10:00.362288,2026-06-28T22:10:00.778054+00:00,99.1,43,bid,,,11637074
2026-06-29T08:10:00.797866,2026-06-28T22:10:01.207054+00:00,99.0,3,ask,,,11637087
2026-06-29T08:10:00.797866,2026-06-28T22:10:01.218054+00:00,98.8,47,ask,,,11637088
2026-06-29T08:10:02.904898,2026-06-28T22:10:03.318612+00:00,99.0,3,ask,,,11637118
2026-06-29T08:10:02.904898,2026-06-28T22:10:03.318612+00:00,99.0,47,ask,,,11637119
2026-06-29T08:10:05.015480,2026-06-28T22:10:05.430632+00:00,99.0,50,ask,,,11637165
2026-06-29T08:10:07.071401,2026-06-28T22:10:07.486472+00:00,99.2,50,bid,,,11637205
2026-06-29T08:10:09.179470,2026-06-28T22:10:09.596273+00:00,99.3,1,bid,,,11637245
2026-06-29T08:10:09.179470,2026-06-28T22:10:09.596273+00:00,99.4,49,bid,,,11637246
2026-06-29T08:10:09.312421,2026-06-28T22:10:09.728273+00:00,99.0,1,ask,,,11637249
2026-06-29T08:10:09.312421,2026-06-28T22:10:09.728273+00:00,98.9,45,ask,,,11637250
2026-06-29T08:10:11.287091,2026-06-28T22:10:11.697293+00:00,99.4,50,bid,,,11637280
2026-06-29T08:10:13.394693,2026-06-28T22:10:13.808843+00:00,99.2,50,bid,,,11637315
2026-06-29T08:10:14.378193,2026-06-28T22:10:14.787962+00:00,99.2,45,bid,,,11637333
2026-06-29T08:10:14.891871,2026-06-28T22:10:15.304852+00:00,99.2,5,bid,,,11637350
2026-06-29T08:10:15.522168,2026-06-28T22:10:15.942852+00:00,99.7,50,bid,,,11637359
2026-06-29T08:10:17.629281,2026-06-28T22:10:18.042521+00:00,99.7,50,bid,,,11637415
2026-06-29T08:10:17.896558,2026-06-28T22:10:18.317520+00:00,99.2,40,ask,,,11637419
2026-06-29T08:10:18.210546,2026-06-28T22:10:18.625512+00:00,99.5,25,ask,,,11637426
2026-06-29T08:10:18.422269,2026-06-28T22:10:18.834521+00:00,99.5,25,ask,,,11637430
2026-06-29T08:10:18.633032,2026-06-28T22:10:19.043521+00:00,99.5,25,ask,,,11637433
2026-06-29T08:10:18.842153,2026-06-28T22:10:19.252521+00:00,99.5,25,ask,,,11637438
2026-06-29T08:10:19.052804,2026-06-28T22:10:19.461521+00:00,99.5,25,ask,,,11637442
2026-06-29T08:10:19.132675,2026-06-28T22:10:19.549521+00:00,99.5,2,ask,,,11637444
2026-06-29T08:10:19.199732,2026-06-28T22:10:19.615520+00:00,99.5,2,ask,,,11637447
2026-06-29T08:10:19.262467,2026-06-28T22:10:19.681521+00:00,99.5,21,ask,,,11637449
2026-06-29T08:10:19.737802,2026-06-28T22:10:20.154521+00:00,99.8,50,bid,,,11637465
2026-06-29T08:10:21.530342,2026-06-28T22:10:21.947511+00:00,99.4,100,bid,,,11637498
2026-06-29T08:10:21.898521,2026-06-28T22:10:22.310540+00:00,99.1,3,ask,,,11637501
2026-06-29T08:10:23.112831,2026-06-28T22:10:23.531097+00:00,99.4,46,bid,,,11637525
2026-06-29T08:10:24.905406,2026-06-28T22:10:25.323621+00:00,99.3,42,ask,,,11637558
2026-06-29T08:10:25.931908,2026-06-28T22:10:26.346303+00:00,99.3,43,ask,,,11637571
2026-06-29T08:10:26.056974,2026-06-28T22:10:26.467303+00:00,99.5,50,bid,,,11637576
2026-06-29T08:10:28.214180,2026-06-28T22:10:28.632998+00:00,99.2,50,ask,,,11637600
2026-06-29T08:10:29.073838,2026-06-28T22:10:29.491027+00:00,99.5,43,bid,,,11637623
2026-06-29T08:10:30.323009,2026-06-28T22:10:30.734560+00:00,99.2,50,ask,,,11637639
2026-06-29T08:10:31.469419,2026-06-28T22:10:31.878560+00:00,99.0,46,ask,,,11637660
2026-06-29T08:10:32.429736,2026-06-28T22:10:32.846130+00:00,99.0,50,ask,,,11637669
2026-06-29T08:10:34.508985,2026-06-28T22:10:34.925130+00:00,99.3,50,bid,,,11637697
2026-06-29T08:10:36.616276,2026-06-28T22:10:37.036242+00:00,99.3,50,bid,,,11637726
2026-06-29T08:10:38.405788,2026-06-28T22:10:38.816929+00:00,99.2,150,ask,,,11637749
2026-06-29T08:10:38.724297,2026-06-28T22:10:39.135930+00:00,99.4,50,bid,,,11637756
2026-06-29T08:10:40.233419,2026-06-28T22:10:40.642929+00:00,98.9,100,ask,,,11637774
2026-06-29T08:10:40.316175,2026-06-28T22:10:40.730929+00:00,98.9,25,bid,,,11637778
2026-06-29T08:10:40.525842,2026-06-28T22:10:40.939929+00:00,98.9,25,bid,,,11637786
2026-06-29T08:10:40.832289,2026-06-28T22:10:41.247930+00:00,99.1,50,bid,,,11637790
2026-06-29T08:10:45.093798,2026-06-28T22:10:45.515506+00:00,98.7,50,ask,,,11637833
2026-06-29T08:10:47.223655,2026-06-28T22:10:47.637603+00:00,98.8,5,ask,,,11637857
2026-06-29T08:10:47.223655,2026-06-28T22:10:47.637603+00:00,98.7,45,ask,,,11637858
2026-06-29T08:10:47.909328,2026-06-28T22:10:48.319172+00:00,99.1,48,bid,,,11637882
2026-06-29T08:10:48.378172,2026-06-28T22:10:48.792171+00:00,99.1,49,bid,,,11637888
2026-06-29T08:10:49.331977,2026-06-28T22:10:49.749171+00:00,98.7,50,ask,,,11637903
2026-06-29T08:10:49.954165,2026-06-28T22:10:50.365171+00:00,98.7,25,bid,,,11637918
2026-06-29T08:10:50.045183,2026-06-28T22:10:50.464172+00:00,98.7,100,bid,,,11637919
2026-06-29T08:10:50.164431,2026-06-28T22:10:50.574171+00:00,98.7,25,bid,,,11637923
2026-06-29T08:10:53.492182,2026-06-28T22:10:53.906283+00:00,99.2,50,bid,,,11637968
2026-06-29T08:10:55.599684,2026-06-28T22:10:56.018284+00:00,99.1,4,bid,,,11638017
2026-06-29T08:10:55.599684,2026-06-28T22:10:56.018284+00:00,99.2,46,bid,,,11638018
2026-06-29T08:10:57.792562,2026-06-28T22:10:58.205994+00:00,98.8,50,ask,,,11638061
2026-06-29T08:10:58.716785,2026-06-28T22:10:59.140985+00:00,98.8,49,ask,,,11638077
2026-06-29T08:10:59.289759,2026-06-28T22:10:59.701995+00:00,99.0,40,bid,,,11638093
2026-06-29T08:10:59.343709,2026-06-28T22:10:59.757014+00:00,98.7,44,ask,,,11638098
2026-06-29T08:10:59.921695,2026-06-28T22:11:00.340015+00:00,98.7,50,ask,,,11638110
2026-06-29T08:11:01.311550,2026-06-28T22:11:01.726014+00:00,98.7,46,ask,,,11638142
2026-06-29T08:11:02.028689,2026-06-28T22:11:02.440547+00:00,98.7,4,ask,,,11638157
2026-06-29T08:11:02.028689,2026-06-28T22:11:02.440547+00:00,98.5,46,ask,,,11638158
2026-06-29T08:11:04.136210,2026-06-28T22:11:04.552100+00:00,98.4,50,ask,,,11638190
2026-06-29T08:11:04.803329,2026-06-28T22:11:05.212120+00:00,98.9,25,bid,,,11638206
2026-06-29T08:11:06.243955,2026-06-28T22:11:06.663652+00:00,98.6,50,ask,,,11638232
2026-06-29T08:11:08.350086,2026-06-28T22:11:08.763632+00:00,98.7,1,ask,,,11638270
2026-06-29T08:11:08.350086,2026-06-28T22:11:08.763632+00:00,98.6,49,ask,,,11638271
2026-06-29T08:11:09.113948,2026-06-28T22:11:09.533632+00:00,98.4,100,bid,,,11638284
2026-06-29T08:11:09.389226,2026-06-28T22:11:09.808632+00:00,98.7,47,bid,,,11638291
2026-06-29T08:11:10.019757,2026-06-28T22:11:10.435165+00:00,98.7,42,bid,,,11638311
2026-06-29T08:11:12.560642,2026-06-28T22:11:12.975742+00:00,98.6,1,ask,,,11638361
2026-06-29T08:11:12.560642,2026-06-28T22:11:12.975742+00:00,98.6,49,ask,,,11638362
2026-06-29T08:11:14.668672,2026-06-28T22:11:15.087734+00:00,98.6,50,ask,,,11638417
2026-06-29T08:11:15.039213,2026-06-28T22:11:15.450743+00:00,98.6,3,ask,,,11638421
2026-06-29T08:11:15.716897,2026-06-28T22:11:16.132330+00:00,98.2,43,ask,,,11638438
2026-06-29T08:11:16.723823,2026-06-28T22:11:17.143330+00:00,98.6,50,bid,,,11638459
2026-06-29T08:11:18.830574,2026-06-28T22:11:19.243239+00:00,98.6,50,bid,,,11638512
2026-06-29T08:11:18.839904,2026-06-28T22:11:19.254238+00:00,98.4,40,ask,,,11638513
2026-06-29T08:11:19.421397,2026-06-28T22:11:19.837239+00:00,98.6,49,bid,,,11638519
2026-06-29T08:11:19.438189,2026-06-28T22:11:19.848229+00:00,98.6,1,bid,,,11638521
2026-06-29T08:11:20.939099,2026-06-28T22:11:21.355238+00:00,98.9,50,bid,,,11638537
2026-06-29T08:11:21.898978,2026-06-28T22:11:22.312238+00:00,98.9,42,bid,,,11638556
2026-06-29T08:11:23.046009,2026-06-28T22:11:23.455797+00:00,98.8,1,bid,,,11638571
2026-06-29T08:11:23.046009,2026-06-28T22:11:23.466796+00:00,98.9,49,bid,,,11638572
2026-06-29T08:11:24.643876,2026-06-28T22:11:25.061816+00:00,98.5,4,ask,,,11638591
2026-06-29T08:11:24.643876,2026-06-28T22:11:25.061816+00:00,98.4,42,ask,,,11638592
2026-06-29T08:11:25.162198,2026-06-28T22:11:25.578807+00:00,98.8,1,bid,,,11638601
2026-06-29T08:11:25.162198,2026-06-28T22:11:25.578807+00:00,98.9,49,bid,,,11638602
2026-06-29T08:11:25.178715,2026-06-28T22:11:25.589807+00:00,98.9,47,bid,,,11638603
2026-06-29T08:11:27.272843,2026-06-28T22:11:27.690394+00:00,98.8,1,bid,,,11638635
2026-06-29T08:11:27.272843,2026-06-28T22:11:27.690394+00:00,98.9,49,bid,,,11638636
2026-06-29T08:11:27.659363,2026-06-28T22:11:28.074950+00:00,98.9,25,ask,,,11638646
2026-06-29T08:11:27.867907,2026-06-28T22:11:28.283950+00:00,98.9,25,ask,,,11638651
2026-06-29T08:11:28.076498,2026-06-28T22:11:28.492941+00:00,98.9,25,ask,,,11638655
2026-06-29T08:11:28.857641,2026-06-28T22:11:29.273941+00:00,98.9,46,ask,,,11638664
2026-06-29T08:11:29.086441,2026-06-28T22:11:29.504950+00:00,98.9,25,ask,,,11638668
2026-06-29T08:11:29.296784,2026-06-28T22:11:29.713951+00:00,98.9,4,ask,,,11638673
2026-06-29T08:11:29.381927,2026-06-28T22:11:29.801950+00:00,99.0,50,bid,,,11638676
2026-06-29T08:11:30.291642,2026-06-28T22:11:30.703950+00:00,98.5,40,ask,,,11638686
2026-06-29T08:11:31.539054,2026-06-28T22:11:31.957950+00:00,98.7,50,ask,,,11638705
2026-06-29T08:11:31.941052,2026-06-28T22:11:32.353896+00:00,98.9,43,bid,,,11638709
2026-06-29T08:11:32.989126,2026-06-28T22:11:33.398453+00:00,98.7,48,ask,,,11638720
2026-06-29T08:11:33.645129,2026-06-28T22:11:34.058443+00:00,98.7,2,ask,,,11638728
2026-06-29T08:11:33.645129,2026-06-28T22:11:34.058443+00:00,98.4,48,ask,,,11638729
2026-06-29T08:11:34.669367,2026-06-28T22:11:35.080967+00:00,98.9,42,bid,,,11638746
2026-06-29T08:11:35.120926,2026-06-28T22:11:35.531967+00:00,98.9,25,bid,,,11638755
2026-06-29T08:11:35.330369,2026-06-28T22:11:35.740967+00:00,98.9,25,bid,,,11638758
2026-06-29T08:11:35.539937,2026-06-28T22:11:35.949959+00:00,98.9,8,bid,,,11638763
2026-06-29T08:11:35.755737,2026-06-28T22:11:36.169568+00:00,98.5,50,ask,,,11638767
2026-06-29T08:11:37.862676,2026-06-28T22:11:38.281145+00:00,98.8,50,ask,,,11638797
2026-06-29T08:11:38.755126,2026-06-28T22:11:39.172145+00:00,98.9,25,bid,,,11638814
2026-06-29T08:11:38.923537,2026-06-28T22:11:39.337146+00:00,98.8,46,ask,,,11638816
2026-06-29T08:11:38.966384,2026-06-28T22:11:39.381145+00:00,98.9,25,bid,,,11638818
2026-06-29T08:11:39.576552,2026-06-28T22:11:39.986145+00:00,98.9,49,bid,,,11638826
2026-06-29T08:11:39.970347,2026-06-28T22:11:40.382145+00:00,98.8,4,ask,,,11638833
2026-06-29T08:11:39.970347,2026-06-28T22:11:40.382145+00:00,98.4,46,ask,,,11638834
2026-06-29T08:11:40.658819,2026-06-28T22:11:41.075145+00:00,99.1,43,bid,,,11638843
2026-06-29T08:11:42.076813,2026-06-28T22:11:42.494145+00:00,98.6,50,ask,,,11638865
2026-06-29T08:11:46.239530,2026-06-28T22:11:46.650397+00:00,99.0,50,bid,,,11638913
2026-06-29T08:11:48.353743,2026-06-28T22:11:48.772088+00:00,99.1,50,bid,,,11638938
2026-06-29T08:11:49.159033,2026-06-28T22:11:49.575088+00:00,98.6,40,ask,,,11638947
2026-06-29T08:11:49.731937,2026-06-28T22:11:50.147089+00:00,98.6,48,ask,,,11638954
2026-06-29T08:11:50.212102,2026-06-28T22:11:50.630580+00:00,99.1,48,bid,,,11638969
2026-06-29T08:11:50.460238,2026-06-28T22:11:50.872580+00:00,99.1,50,bid,,,11638972
2026-06-29T08:11:52.567355,2026-06-28T22:11:52.984140+00:00,99.1,2,bid,,,11638992
2026-06-29T08:11:52.567355,2026-06-28T22:11:52.984140+00:00,99.2,48,bid,,,11638993
2026-06-29T08:11:52.867014,2026-06-28T22:11:53.281140+00:00,98.7,44,ask,,,11638999
2026-06-29T08:11:54.726328,2026-06-28T22:11:55.140160+00:00,98.8,50,ask,,,11639023
2026-06-29T08:11:55.503422,2026-06-28T22:11:55.921159+00:00,99.2,40,bid,,,11639037
2026-06-29T08:11:56.782361,2026-06-28T22:11:57.196741+00:00,99.3,50,bid,,,11639054
2026-06-29T08:11:58.890069,2026-06-28T22:11:59.306961+00:00,99.3,50,bid,,,11639086
2026-06-29T08:11:59.494193,2026-06-28T22:11:59.911961+00:00,99.0,40,ask,,,11639098
2026-06-29T08:12:00.058622,2026-06-28T22:12:00.472961+00:00,99.1,43,ask,,,11639104
2026-06-29T08:12:00.608539,2026-06-28T22:12:01.022961+00:00,99.5,43,bid,,,11639114
2026-06-29T08:12:00.997555,2026-06-28T22:12:01.407961+00:00,99.5,50,bid,,,11639119
2026-06-29T08:12:02.138310,2026-06-28T22:12:02.551961+00:00,99.5,41,bid,,,11639137
2026-06-29T08:12:02.613043,2026-06-28T22:12:03.024089+00:00,99.2,25,ask,,,11639152
2026-06-29T08:12:02.823509,2026-06-28T22:12:03.244097+00:00,99.2,25,ask,,,11639158
2026-06-29T08:12:03.032068,2026-06-28T22:12:03.442097+00:00,99.2,25,ask,,,11639164
2026-06-29T08:12:03.113591,2026-06-28T22:12:03.530097+00:00,99.4,50,bid,,,11639166
2026-06-29T08:12:03.241229,2026-06-28T22:12:03.651097+00:00,99.2,25,ask,,,11639168
2026-06-29T08:12:03.469873,2026-06-28T22:12:03.881631+00:00,99.2,25,ask,,,11639172
2026-06-29T08:12:04.082306,2026-06-28T22:12:04.497631+00:00,99.4,45,bid,,,11639187
2026-06-29T08:12:04.950807,2026-06-28T22:12:05.366631+00:00,99.2,25,ask,,,11639210
2026-06-29T08:12:05.272046,2026-06-28T22:12:05.685631+00:00,98.9,50,ask,,,11639215
2026-06-29T08:12:07.379221,2026-06-28T22:12:07.797205+00:00,98.9,50,ask,,,11639266
2026-06-29T08:12:08.472863,2026-06-28T22:12:08.884894+00:00,98.9,46,ask,,,11639276
2026-06-29T08:12:09.488267,2026-06-28T22:12:09.907914+00:00,98.6,50,ask,,,11639302
2026-06-29T08:12:11.150114,2026-06-28T22:12:11.568914+00:00,99.0,45,bid,,,11639320
2026-06-29T08:12:11.203454,2026-06-28T22:12:11.612915+00:00,98.6,46,ask,,,11639325
2026-06-29T08:12:11.775224,2026-06-28T22:12:12.195448+00:00,99.0,2,bid,,,11639336
2026-06-29T08:12:12.511544,2026-06-28T22:12:12.931118+00:00,98.8,25,bid,,,11639349
2026-06-29T08:12:12.683915,2026-06-28T22:12:13.096118+00:00,98.8,2,bid,,,11639353
2026-06-29T08:12:12.721451,2026-06-28T22:12:13.140119+00:00,98.8,25,bid,,,11639355
2026-06-29T08:12:13.704340,2026-06-28T22:12:14.119119+00:00,98.8,1,bid,,,11639380
2026-06-29T08:12:13.706436,2026-06-28T22:12:14.119119+00:00,98.7,50,ask,,,11639381
2026-06-29T08:12:14.569114,2026-06-28T22:12:14.988139+00:00,98.8,1,bid,,,11639394
2026-06-29T08:12:14.690671,2026-06-28T22:12:15.109139+00:00,98.8,46,bid,,,11639397
2026-06-29T08:12:16.160234,2026-06-28T22:12:16.582716+00:00,98.5,44,ask,,,11639431
2026-06-29T08:12:16.686458,2026-06-28T22:12:17.099250+00:00,98.9,44,bid,,,11639444
2026-06-29T08:12:16.749417,2026-06-28T22:12:17.165249+00:00,98.5,48,ask,,,11639446
2026-06-29T08:12:17.864305,2026-06-28T22:12:18.274948+00:00,98.9,50,bid,,,11639458
2026-06-29T08:12:18.224462,2026-06-28T22:12:18.637957+00:00,99.0,100,bid,,,11639465
2026-06-29T08:12:18.389386,2026-06-28T22:12:18.802957+00:00,99.0,49,ask,,,11639466
2026-06-29T08:12:19.288269,2026-06-28T22:12:19.704957+00:00,99.2,42,bid,,,11639481
2026-06-29T08:12:19.970956,2026-06-28T22:12:20.386977+00:00,99.2,50,bid,,,11639490
2026-06-29T08:12:20.743775,2026-06-28T22:12:21.156977+00:00,99.0,1,ask,,,11639499
2026-06-29T08:12:20.814689,2026-06-28T22:12:21.233977+00:00,99.2,8,bid,,,11639501
2026-06-29T08:12:21.437987,2026-06-28T22:12:21.849977+00:00,98.7,100,ask,,,11639509
2026-06-29T08:12:21.559732,2026-06-28T22:12:21.970977+00:00,98.7,25,bid,,,11639512
2026-06-29T08:12:21.769941,2026-06-28T22:12:22.179511+00:00,98.7,25,bid,,,11639514
2026-06-29T08:12:22.078750,2026-06-28T22:12:22.498511+00:00,99.1,50,bid,,,11639517
2026-06-29T08:12:23.429825,2026-06-28T22:12:23.839771+00:00,99.1,46,bid,,,11639530
2026-06-29T08:12:23.969271,2026-06-28T22:12:24.378761+00:00,98.6,40,ask,,,11639542
2026-06-29T08:12:24.465500,2026-06-28T22:12:24.884770+00:00,98.6,48,ask,,,11639545
2026-06-29T08:12:27.050481,2026-06-28T22:12:27.469320+00:00,99.1,43,bid,,,11639573
2026-06-29T08:12:27.740907,2026-06-28T22:12:28.160996+00:00,99.1,57,bid,,,11639584
2026-06-29T08:12:30.551171,2026-06-28T22:12:30.966016+00:00,99.1,50,ask,,,11639618
2026-06-29T08:12:31.263375,2026-06-28T22:12:31.681018+00:00,99.3,100,bid,,,11639629
2026-06-29T08:12:32.606525,2026-06-28T22:12:33.021686+00:00,99.3,50,bid,,,11639647
2026-06-29T08:12:34.497233,2026-06-28T22:12:34.913706+00:00,99.5,100,ask,,,11639685
2026-06-29T08:12:35.197792,2026-06-28T22:12:35.617224+00:00,99.5,25,ask,,,11639694
2026-06-29T08:12:35.407636,2026-06-28T22:12:35.826225+00:00,99.5,25,ask,,,11639698
2026-06-29T08:12:37.605494,2026-06-28T22:12:38.024924+00:00,99.4,100,bid,,,11639726
2026-06-29T08:12:38.927743,2026-06-28T22:12:39.344924+00:00,99.4,50,bid,,,11639737
2026-06-29T08:12:39.664896,2026-06-28T22:12:40.081924+00:00,98.9,48,ask,,,11639743
2026-06-29T08:12:41.098703,2026-06-28T22:12:41.511376+00:00,99.2,50,ask,,,11639774
2026-06-29T08:12:44.364448,2026-06-28T22:12:44.777043+00:00,99.5,45,bid,,,11639817
2026-06-29T08:12:45.315665,2026-06-28T22:12:45.734043+00:00,99.0,50,ask,,,11639830
2026-06-29T08:12:46.100748,2026-06-28T22:12:46.514138+00:00,99.0,45,ask,,,11639843
2026-06-29T08:12:49.474951,2026-06-28T22:12:49.891344+00:00,99.4,50,bid,,,11639879
2026-06-29T08:12:49.976019,2026-06-28T22:12:50.386344+00:00,99.5,45,bid,,,11639890
2026-06-29T08:12:50.571114,2026-06-28T22:12:50.991344+00:00,99.5,43,bid,,,11639905
2026-06-29T08:12:51.580808,2026-06-28T22:12:51.992365+00:00,99.5,50,bid,,,11639922
2026-06-29T08:12:53.049207,2026-06-28T22:12:53.465922+00:00,99.5,25,ask,,,11639947
2026-06-29T08:12:53.261224,2026-06-28T22:12:53.674922+00:00,99.5,25,ask,,,11639951
2026-06-29T08:12:53.472256,2026-06-28T22:12:53.883922+00:00,99.5,25,ask,,,11639955
2026-06-29T08:12:53.694556,2026-06-28T22:12:54.114922+00:00,99.5,25,ask,,,11639958
2026-06-29T08:12:54.961158,2026-06-28T22:12:55.379922+00:00,99.5,42,ask,,,11639980
2026-06-29T08:12:55.105818,2026-06-28T22:12:55.522922+00:00,99.5,8,ask,,,11639990
2026-06-29T08:12:55.855263,2026-06-28T22:12:56.270463+00:00,99.2,50,ask,,,11640006
2026-06-29T08:12:57.569813,2026-06-28T22:12:57.985566+00:00,99.4,48,bid,,,11640033
2026-06-29T08:12:57.623083,2026-06-28T22:12:58.040567+00:00,99.1,45,ask,,,11640035
2026-06-29T08:12:57.972750,2026-06-28T22:12:58.392566+00:00,99.1,50,ask,,,11640036
2026-06-29T08:12:59.810066,2026-06-28T22:13:00.229578+00:00,99.2,4,ask,,,11640068
2026-06-29T08:13:00.091262,2026-06-28T22:13:00.504587+00:00,98.9,50,ask,,,11640082
2026-06-29T08:13:00.204134,2026-06-28T22:13:00.614587+00:00,99.1,4,bid,,,11640083
2026-06-29T08:13:00.305179,2026-06-28T22:13:00.724578+00:00,99.1,4,bid,,,11640085
2026-06-29T08:13:00.355079,2026-06-28T22:13:00.768578+00:00,99.1,4,bid,,,11640086
2026-06-29T08:13:00.411161,2026-06-28T22:13:00.823578+00:00,99.1,3,bid,,,11640087
2026-06-29T08:13:02.218361,2026-06-28T22:13:02.638101+00:00,98.9,50,ask,,,11640129
2026-06-29T08:13:02.376312,2026-06-28T22:13:02.792093+00:00,99.1,44,bid,,,11640131
2026-06-29T08:13:02.637105,2026-06-28T22:13:03.055633+00:00,98.9,75,bid,,,11640136
2026-06-29T08:13:02.734303,2026-06-28T22:13:03.154635+00:00,98.9,25,bid,,,11640139
2026-06-29T08:13:02.943964,2026-06-28T22:13:03.363633+00:00,98.9,25,bid,,,11640142
2026-06-29T08:13:03.153064,2026-06-28T22:13:03.572643+00:00,98.9,25,bid,,,11640146
2026-06-29T08:13:04.278413,2026-06-28T22:13:04.694643+00:00,99.3,50,bid,,,11640177
2026-06-29T08:13:05.664426,2026-06-28T22:13:06.079755+00:00,98.8,46,ask,,,11640203
2026-06-29T08:13:06.435650,2026-06-28T22:13:06.849746+00:00,99.0,50,ask,,,11640220
2026-06-29T08:13:06.772352,2026-06-28T22:13:07.189864+00:00,99.2,40,bid,,,11640231
2026-06-29T08:13:07.315827,2026-06-28T22:13:07.728755+00:00,99.0,48,ask,,,11640238
2026-06-29T08:13:07.879294,2026-06-28T22:13:08.289293+00:00,99.0,41,ask,,,11640247
2026-06-29T08:13:08.543977,2026-06-28T22:13:08.959807+00:00,99.0,11,ask,,,11640252
2026-06-29T08:13:08.543977,2026-06-28T22:13:08.959807+00:00,99.0,3,ask,,,11640253
2026-06-29T08:13:08.543977,2026-06-28T22:13:08.959807+00:00,98.7,36,ask,,,11640254
2026-06-29T08:13:08.926654,2026-06-28T22:13:09.344808+00:00,99.0,3,ask,,,11640256
2026-06-29T08:13:08.940135,2026-06-28T22:13:09.355807+00:00,98.9,3,bid,,,11640257
2026-06-29T08:13:08.972911,2026-06-28T22:13:09.388807+00:00,98.9,2,bid,,,11640260
2026-06-29T08:13:08.976052,2026-06-28T22:13:09.399807+00:00,98.9,25,bid,,,11640261
2026-06-29T08:13:09.188502,2026-06-28T22:13:09.608807+00:00,98.9,25,bid,,,11640271
2026-06-29T08:13:09.397535,2026-06-28T22:13:09.817798+00:00,98.9,25,bid,,,11640274
2026-06-29T08:13:09.606694,2026-06-28T22:13:10.026798+00:00,98.9,25,bid,,,11640281
2026-06-29T08:13:09.815515,2026-06-28T22:13:10.235807+00:00,98.9,25,bid,,,11640283
2026-06-29T08:13:10.257503,2026-06-28T22:13:10.675807+00:00,98.9,2,bid,,,11640294
2026-06-29T08:13:10.652424,2026-06-28T22:13:11.071798+00:00,98.8,50,ask,,,11640300
2026-06-29T08:13:10.998822,2026-06-28T22:13:11.411798+00:00,98.9,2,bid,,,11640304
2026-06-29T08:13:11.253495,2026-06-28T22:13:11.664807+00:00,98.9,2,bid,,,11640306
2026-06-29T08:13:11.322247,2026-06-28T22:13:11.741807+00:00,98.9,1,bid,,,11640308
2026-06-29T08:13:11.357690,2026-06-28T22:13:11.774807+00:00,98.9,1,bid,,,11640309
2026-06-29T08:13:11.392017,2026-06-28T22:13:11.807807+00:00,98.9,1,bid,,,11640310
2026-06-29T08:13:11.419130,2026-06-28T22:13:11.829818+00:00,98.9,1,bid,,,11640311
2026-06-29T08:13:12.708588,2026-06-28T22:13:13.125940+00:00,99.3,2,bid,,,11640339
2026-06-29T08:13:12.708588,2026-06-28T22:13:13.125940+00:00,99.3,48,bid,,,11640340
2026-06-29T08:13:13.225552,2026-06-28T22:13:13.642823+00:00,99.2,25,ask,,,11640347
2026-06-29T08:13:13.437107,2026-06-28T22:13:13.851873+00:00,99.2,25,ask,,,11640352
2026-06-29T08:13:13.649626,2026-06-28T22:13:14.060830+00:00,99.2,25,ask,,,11640357
2026-06-29T08:13:13.862639,2026-06-28T22:13:14.280927+00:00,99.2,25,ask,,,11640364
2026-06-29T08:13:14.072450,2026-06-28T22:13:14.489940+00:00,99.2,25,ask,,,11640366
2026-06-29T08:13:14.121611,2026-06-28T22:13:14.533940+00:00,99.2,5,ask,,,11640368
2026-06-29T08:13:14.283864,2026-06-28T22:13:14.698939+00:00,99.2,5,ask,,,11640371
2026-06-29T08:13:14.286005,2026-06-28T22:13:14.698939+00:00,99.2,15,ask,,,11640372
2026-06-29T08:13:14.818630,2026-06-28T22:13:15.237830+00:00,99.2,5,bid,,,11640386
2026-06-29T08:13:14.818630,2026-06-28T22:13:15.237830+00:00,99.3,45,bid,,,11640387
2026-06-29T08:13:15.301489,2026-06-28T22:13:15.721830+00:00,98.9,25,bid,,,11640396
2026-06-29T08:13:15.512964,2026-06-28T22:13:15.930822+00:00,98.9,25,bid,,,11640403
2026-06-29T08:13:15.563752,2026-06-28T22:13:15.985821+00:00,98.9,100,bid,,,11640406
2026-06-29T08:13:17.998754,2026-06-28T22:13:18.415186+00:00,99.2,3,bid,,,11640452
2026-06-29T08:13:17.998754,2026-06-28T22:13:18.415186+00:00,99.4,38,bid,,,11640453
2026-06-29T08:13:19.029703,2026-06-28T22:13:19.449295+00:00,99.1,50,bid,,,11640477
2026-06-29T08:13:21.136096,2026-06-28T22:13:21.549176+00:00,99.1,50,bid,,,11640518
2026-06-29T08:13:21.533562,2026-06-28T22:13:21.944295+00:00,98.8,42,ask,,,11640520
2026-06-29T08:13:22.611325,2026-06-28T22:13:23.021105+00:00,99.2,42,bid,,,11640544
2026-06-29T08:13:23.244799,2026-06-28T22:13:23.659114+00:00,99.2,50,bid,,,11640556
2026-06-29T08:13:23.932379,2026-06-28T22:13:24.352191+00:00,98.9,2,ask,,,11640558
2026-06-29T08:13:24.541650,2026-06-28T22:13:24.957223+00:00,98.9,1,ask,,,11640565
2026-06-29T08:13:24.751387,2026-06-28T22:13:25.166104+00:00,98.9,1,ask,,,11640570
2026-06-29T08:13:25.045427,2026-06-28T22:13:25.462223+00:00,99.0,100,bid,,,11640582
2026-06-29T08:13:25.098170,2026-06-28T22:13:25.517223+00:00,99.0,44,bid,,,11640583
2026-06-29T08:13:25.352796,2026-06-28T22:13:25.770223+00:00,99.0,6,bid,,,11640591
2026-06-29T08:13:25.352796,2026-06-28T22:13:25.770223+00:00,99.2,4,bid,,,11640592
2026-06-29T08:13:25.352796,2026-06-28T22:13:25.770223+00:00,99.6,40,bid,,,11640593
2026-06-29T08:13:26.640012,2026-06-28T22:13:27.056667+00:00,98.5,45,ask,,,11640622
2026-06-29T08:13:30.371265,2026-06-28T22:13:30.783843+00:00,98.8,25,ask,,,11640710
2026-06-29T08:13:30.580070,2026-06-28T22:13:30.992843+00:00,98.8,25,ask,,,11640712
2026-06-29T08:13:30.788844,2026-06-28T22:13:31.201724+00:00,98.8,25,ask,,,11640719
2026-06-29T08:13:31.115343,2026-06-28T22:13:31.530844+00:00,98.9,4,ask,,,11640723
2026-06-29T08:13:31.335575,2026-06-28T22:13:31.750843+00:00,98.9,3,ask,,,11640733
2026-06-29T08:13:31.720517,2026-06-28T22:13:32.135733+00:00,98.6,50,ask,,,11640746
2026-06-29T08:13:33.828178,2026-06-28T22:13:34.246954+00:00,98.6,50,ask,,,11640789
2026-06-29T08:13:34.447184,2026-06-28T22:13:34.862954+00:00,98.5,42,ask,,,11640796
2026-06-29T08:13:35.289868,2026-06-28T22:13:35.709469+00:00,98.8,1,bid,,,11640805
2026-06-29T08:13:35.381906,2026-06-28T22:13:35.797469+00:00,98.8,42,bid,,,11640809
2026-06-29T08:13:35.424105,2026-06-28T22:13:35.841469+00:00,98.8,1,bid,,,11640810
2026-06-29T08:13:35.935725,2026-06-28T22:13:36.347004+00:00,98.5,50,ask,,,11640821
2026-06-29T08:13:39.973601,2026-06-28T22:13:40.393109+00:00,98.7,41,bid,,,11640910
2026-06-29T08:13:40.027062,2026-06-28T22:13:40.448108+00:00,98.6,47,ask,,,11640913
2026-06-29T08:13:40.096152,2026-06-28T22:13:40.514108+00:00,98.7,50,bid,,,11640915
2026-06-29T08:13:40.623069,2026-06-28T22:13:41.042117+00:00,98.6,43,ask,,,11640923
2026-06-29T08:13:42.203465,2026-06-28T22:13:42.614632+00:00,98.8,50,bid,,,11640954
2026-06-29T08:13:42.750936,2026-06-28T22:13:43.163432+00:00,98.8,43,bid,,,11640969
2026-06-29T08:13:43.882222,2026-06-28T22:13:44.296423+00:00,98.5,46,ask,,,11640992
2026-06-29T08:13:44.361331,2026-06-28T22:13:44.780432+00:00,98.5,50,ask,,,11641007
2026-06-29T08:13:46.422678,2026-06-28T22:13:46.837016+00:00,98.9,4,bid,,,11641048
2026-06-29T08:13:46.422678,2026-06-28T22:13:46.848017+00:00,99.0,46,bid,,,11641049
2026-06-29T08:13:48.331096,2026-06-28T22:13:48.750766+00:00,98.8,46,bid,,,11641091
2026-06-29T08:13:48.582993,2026-06-28T22:13:49.003766+00:00,98.4,50,ask,,,11641097
2026-06-29T08:13:48.962509,2026-06-28T22:13:49.377766+00:00,98.8,46,bid,,,11641102
2026-06-29T08:13:49.479622,2026-06-28T22:13:49.894280+00:00,98.4,41,ask,,,11641106
2026-06-29T08:13:50.060666,2026-06-28T22:13:50.477272+00:00,98.7,43,ask,,,11641121
2026-06-29T08:13:54.195912,2026-06-28T22:13:54.622019+00:00,98.7,43,bid,,,11641222
2026-06-29T08:13:54.845431,2026-06-28T22:13:55.260019+00:00,98.7,50,bid,,,11641233
2026-06-29T08:13:55.075030,2026-06-28T22:13:55.491019+00:00,98.7,7,bid,,,11641235
2026-06-29T08:13:55.075030,2026-06-28T22:13:55.491019+00:00,99.0,34,bid,,,11641236
2026-06-29T08:13:56.531649,2026-06-28T22:13:56.942577+00:00,98.7,43,ask,,,11641254
2026-06-29T08:13:57.023273,2026-06-28T22:13:57.437577+00:00,98.7,50,ask,,,11641259
2026-06-29T08:13:59.047328,2026-06-28T22:13:59.460265+00:00,98.7,25,ask,,,11641289
2026-06-29T08:13:59.141160,2026-06-28T22:13:59.559155+00:00,98.7,32,ask,,,11641292
2026-06-29T08:13:59.141160,2026-06-28T22:13:59.559155+00:00,98.6,18,ask,,,11641293
2026-06-29T08:13:59.553325,2026-06-28T22:13:59.965265+00:00,98.6,82,ask,,,11641297
2026-06-29T08:14:00.406622,2026-06-28T22:14:00.823146+00:00,98.4,47,bid,,,11641310
2026-06-29T08:14:00.470611,2026-06-28T22:14:00.889146+00:00,98.4,21,bid,,,11641312
2026-06-29T08:14:01.355062,2026-06-28T22:14:01.768669+00:00,98.1,45,ask,,,11641331
2026-06-29T08:14:01.915780,2026-06-28T22:14:02.329669+00:00,98.6,41,bid,,,11641340
2026-06-29T08:14:02.661223,2026-06-28T22:14:03.077198+00:00,98.6,59,bid,,,11641358
2026-06-29T08:14:03.354707,2026-06-28T22:14:03.770199+00:00,98.7,50,ask,,,11641367
2026-06-29T08:14:04.081393,2026-06-28T22:14:04.496208+00:00,98.7,25,ask,,,11641383
2026-06-29T08:14:05.460132,2026-06-28T22:14:05.871198+00:00,98.7,16,ask,,,11641410
2026-06-29T08:14:05.460132,2026-06-28T22:14:05.882207+00:00,98.3,34,ask,,,11641411
2026-06-29T08:14:06.206857,2026-06-28T22:14:06.618040+00:00,98.5,49,bid,,,11641419
2026-06-29T08:14:07.569250,2026-06-28T22:14:07.981618+00:00,98.2,50,ask,,,11641454
2026-06-29T08:14:09.207725,2026-06-28T22:14:09.619727+00:00,98.2,46,ask,,,11641480
2026-06-29T08:14:09.509049,2026-06-28T22:14:09.927608+00:00,98.2,10,bid,,,11641490
2026-06-29T08:14:09.509163,2026-06-28T22:14:09.927608+00:00,98.2,7,bid,,,11641491
2026-06-29T08:14:09.675711,2026-06-28T22:14:10.092609+00:00,98.0,5,ask,,,11641499
2026-06-29T08:14:09.675711,2026-06-28T22:14:10.092609+00:00,97.9,45,ask,,,11641500
2026-06-29T08:14:09.680770,2026-06-28T22:14:10.092609+00:00,98.2,41,bid,,,11641501
2026-06-29T08:14:09.719441,2026-06-28T22:14:10.136609+00:00,98.2,25,bid,,,11641503
2026-06-29T08:14:09.929759,2026-06-28T22:14:10.345727+00:00,98.2,17,bid,,,11641508
2026-06-29T08:14:10.139134,2026-06-28T22:14:10.554728+00:00,98.4,25,bid,,,11641514
2026-06-29T08:14:10.348818,2026-06-28T22:14:10.763608+00:00,98.4,25,bid,,,11641519
2026-06-29T08:14:10.559163,2026-06-28T22:14:10.972728+00:00,98.4,25,bid,,,11641522
2026-06-29T08:14:10.769142,2026-06-28T22:14:11.181727+00:00,98.4,25,bid,,,11641526
2026-06-29T08:14:11.262697,2026-06-28T22:14:11.675610+00:00,98.1,5,ask,,,11641540
2026-06-29T08:14:11.262697,2026-06-28T22:14:11.686610+00:00,97.9,42,ask,,,11641541
2026-06-29T08:14:11.785689,2026-06-28T22:14:12.202728+00:00,97.9,50,ask,,,11641553
2026-06-29T08:14:12.447633,2026-06-28T22:14:12.862611+00:00,98.3,41,bid,,,11641562
2026-06-29T08:14:12.505119,2026-06-28T22:14:12.916609+00:00,98.0,46,ask,,,11641566
2026-06-29T08:14:13.892379,2026-06-28T22:14:14.312617+00:00,98.0,50,ask,,,11641587
2026-06-29T08:14:14.661632,2026-06-28T22:14:15.071629+00:00,98.3,41,bid,,,11641600
2026-06-29T08:14:15.788340,2026-06-28T22:14:16.204360+00:00,98.1,25,bid,,,11641620
2026-06-29T08:14:15.997844,2026-06-28T22:14:16.413251+00:00,98.0,50,ask,,,11641627
2026-06-29T08:14:16.575807,2026-06-28T22:14:16.995756+00:00,98.0,41,ask,,,11641649
2026-06-29T08:14:17.602949,2026-06-28T22:14:18.018294+00:00,98.1,45,bid,,,11641674
2026-06-29T08:14:18.108021,2026-06-28T22:14:18.523412+00:00,98.0,50,ask,,,11641685
2026-06-29T08:14:20.214437,2026-06-28T22:14:20.635323+00:00,97.9,50,ask,,,11641713
2026-06-29T08:14:22.170070,2026-06-28T22:14:22.581837+00:00,97.8,47,ask,,,11641749
2026-06-29T08:14:22.270891,2026-06-28T22:14:22.691837+00:00,98.0,50,bid,,,11641750
2026-06-29T08:14:23.657960,2026-06-28T22:14:24.076440+00:00,98.0,40,bid,,,11641774
2026-06-29T08:14:24.294210,2026-06-28T22:14:24.714559+00:00,98.0,42,bid,,,11641786
2026-06-29T08:14:24.380510,2026-06-28T22:14:24.791559+00:00,98.0,18,bid,,,11641788
2026-06-29T08:14:24.380510,2026-06-28T22:14:24.802560+00:00,98.3,1,bid,,,11641789
2026-06-29T08:14:24.380510,2026-06-28T22:14:24.802560+00:00,98.3,31,bid,,,11641790
2026-06-29T08:14:24.414744,2026-06-28T22:14:24.835559+00:00,98.2,2,bid,,,11641792
2026-06-29T08:14:24.627688,2026-06-28T22:14:25.044570+00:00,98.2,2,bid,,,11641800
2026-06-29T08:14:24.810366,2026-06-28T22:14:25.220571+00:00,98.2,2,bid,,,11641806
2026-06-29T08:14:24.810366,2026-06-28T22:14:25.231570+00:00,98.3,69,bid,,,11641807
2026-06-29T08:14:24.864155,2026-06-28T22:14:25.275570+00:00,98.3,2,ask,,,11641810
2026-06-29T08:14:24.919147,2026-06-28T22:14:25.330579+00:00,98.3,2,ask,,,11641812
2026-06-29T08:14:24.967548,2026-06-28T22:14:25.385579+00:00,98.3,2,ask,,,11641814
2026-06-29T08:14:25.006848,2026-06-28T22:14:25.418579+00:00,98.3,1,ask,,,11641815
2026-06-29T08:14:25.042624,2026-06-28T22:14:25.462579+00:00,98.3,2,ask,,,11641816
2026-06-29T08:14:25.070672,2026-06-28T22:14:25.484579+00:00,98.3,1,ask,,,11641817
2026-06-29T08:14:25.102224,2026-06-28T22:14:25.517579+00:00,98.3,2,ask,,,11641818
2026-06-29T08:14:25.970198,2026-06-28T22:14:26.386581+00:00,98.3,2,ask,,,11641836
2026-06-29T08:14:26.009499,2026-06-28T22:14:26.430582+00:00,98.3,2,ask,,,11641837
2026-06-29T08:14:26.037786,2026-06-28T22:14:26.452581+00:00,98.3,2,ask,,,11641838
2026-06-29T08:14:26.132161,2026-06-28T22:14:26.551581+00:00,98.3,1,ask,,,11641845
2026-06-29T08:14:26.369562,2026-06-28T22:14:26.782582+00:00,98.3,41,ask,,,11641848
2026-06-29T08:14:26.489966,2026-06-28T22:14:26.903590+00:00,98.6,50,bid,,,11641854
2026-06-29T08:14:26.945194,2026-06-28T22:14:27.365104+00:00,98.3,1,ask,,,11641860
2026-06-29T08:14:26.982480,2026-06-28T22:14:27.398104+00:00,98.3,2,ask,,,11641861
2026-06-29T08:14:27.025831,2026-06-28T22:14:27.442105+00:00,98.3,1,ask,,,11641862
