timestamp,recv_time,price,volume,aggressor_side,buyer,seller,trade_id
2026-07-07T20:00:00.867561,2026-07-07T20:00:00.879884+00:00,134.8,12,ask,,,11261013
2026-07-07T20:00:00.867561,2026-07-07T20:00:00.879884+00:00,134.6,34,ask,,,11261014
2026-07-07T20:00:00.870678,2026-07-07T20:00:00.879884+00:00,135.1,50,bid,,,11261015
2026-07-07T20:00:02.976795,2026-07-07T20:00:02.988507+00:00,134.9,50,bid,,,11261044
2026-07-07T20:00:04.435230,2026-07-07T20:00:04.445449+00:00,134.8,1,ask,,,11261069
2026-07-07T20:00:05.085995,2026-07-07T20:00:05.098014+00:00,135.2,12,bid,,,11261078
2026-07-07T20:00:07.193888,2026-07-07T20:00:07.205821+00:00,135.1,50,bid,,,11261112
2026-07-07T20:00:09.062974,2026-07-07T20:00:09.071536+00:00,135.3,49,bid,,,11261138
2026-07-07T20:00:09.310468,2026-07-07T20:00:09.318838+00:00,135.3,50,bid,,,11261143
2026-07-07T20:00:10.198748,2026-07-07T20:00:10.210708+00:00,135.1,12,ask,,,11261154
2026-07-07T20:00:10.198748,2026-07-07T20:00:10.210708+00:00,135.0,32,ask,,,11261155
2026-07-07T20:00:11.356476,2026-07-07T20:00:11.367895+00:00,135.5,42,bid,,,11261170
2026-07-07T20:00:11.374233,2026-07-07T20:00:11.382101+00:00,135.2,11,ask,,,11261171
2026-07-07T20:00:11.968954,2026-07-07T20:00:11.981182+00:00,135.6,42,bid,,,11261183
2026-07-07T20:00:14.629184,2026-07-07T20:00:14.640912+00:00,135.5,11,ask,,,11261214
2026-07-07T20:00:15.530757,2026-07-07T20:00:15.542789+00:00,135.5,46,ask,,,11261223
2026-07-07T20:00:15.678025,2026-07-07T20:00:15.689504+00:00,135.5,50,ask,,,11261225
2026-07-07T20:00:16.251381,2026-07-07T20:00:16.259315+00:00,135.5,11,ask,,,11261235
2026-07-07T20:00:17.733781,2026-07-07T20:00:17.742869+00:00,135.9,12,bid,,,11261263
2026-07-07T20:00:18.053710,2026-07-07T20:00:18.065501+00:00,135.6,49,ask,,,11261269
2026-07-07T20:00:19.167642,2026-07-07T20:00:19.179153+00:00,135.7,46,bid,,,11261283
2026-07-07T20:00:19.840778,2026-07-07T20:00:19.852458+00:00,135.7,50,bid,,,11261295
2026-07-07T20:00:20.092538,2026-07-07T20:00:20.104629+00:00,135.7,47,bid,,,11261297
2026-07-07T20:00:24.105860,2026-07-07T20:00:24.117491+00:00,135.6,12,ask,,,11261355
2026-07-07T20:00:25.296738,2026-07-07T20:00:25.308654+00:00,135.7,43,ask,,,11261365
2026-07-07T20:00:26.218809,2026-07-07T20:00:26.227716+00:00,135.7,50,ask,,,11261380
2026-07-07T20:00:28.494360,2026-07-07T20:00:28.505306+00:00,135.5,46,ask,,,11261413
2026-07-07T20:00:32.529824,2026-07-07T20:00:32.541398+00:00,135.6,50,ask,,,11261464
2026-07-07T20:00:34.637324,2026-07-07T20:00:34.649107+00:00,135.4,50,ask,,,11261492
2026-07-07T20:00:35.894608,2026-07-07T20:00:35.903545+00:00,135.8,48,bid,,,11261507
2026-07-07T20:00:36.402511,2026-07-07T20:00:36.412082+00:00,135.4,40,ask,,,11261518
2026-07-07T20:00:36.740195,2026-07-07T20:00:36.748733+00:00,135.4,11,bid,,,11261524
2026-07-07T20:00:36.747999,2026-07-07T20:00:36.764412+00:00,134.9,50,ask,,,11261528
2026-07-07T20:00:37.414548,2026-07-07T20:00:37.426492+00:00,135.4,48,bid,,,11261543
2026-07-07T20:00:38.803351,2026-07-07T20:00:38.811159+00:00,135.4,41,bid,,,11261561
2026-07-07T20:00:38.803351,2026-07-07T20:00:38.811159+00:00,135.7,9,bid,,,11261562
2026-07-07T20:00:38.902286,2026-07-07T20:00:38.913822+00:00,135.7,3,bid,,,11261565
2026-07-07T20:00:40.566479,2026-07-07T20:00:40.579619+00:00,135.6,46,bid,,,11261596
2026-07-07T20:00:40.914520,2026-07-07T20:00:40.926179+00:00,135.6,50,bid,,,11261605
2026-07-07T20:00:43.072679,2026-07-07T20:00:43.084743+00:00,135.4,12,ask,,,11261636
2026-07-07T20:00:43.072679,2026-07-07T20:00:43.084743+00:00,135.3,38,ask,,,11261637
2026-07-07T20:00:44.591467,2026-07-07T20:00:44.599300+00:00,135.3,46,ask,,,11261653
2026-07-07T20:00:45.130394,2026-07-07T20:00:45.137423+00:00,135.7,12,bid,,,11261662
2026-07-07T20:00:45.130394,2026-07-07T20:00:45.142731+00:00,135.7,38,bid,,,11261663
2026-07-07T20:00:45.217126,2026-07-07T20:00:45.228767+00:00,135.3,16,ask,,,11261664
2026-07-07T20:00:45.217126,2026-07-07T20:00:45.228767+00:00,135.2,28,ask,,,11261665
2026-07-07T20:00:47.290687,2026-07-07T20:00:47.297266+00:00,135.3,50,ask,,,11261691
2026-07-07T20:00:51.450082,2026-07-07T20:00:51.461480+00:00,135.4,50,bid,,,11261737
2026-07-07T20:00:52.410938,2026-07-07T20:00:52.422853+00:00,135.2,12,ask,,,11261754
2026-07-07T20:00:52.917639,2026-07-07T20:00:52.929194+00:00,135.4,46,bid,,,11261762
2026-07-07T20:00:53.457130,2026-07-07T20:00:53.468852+00:00,134.9,40,ask,,,11261769
2026-07-07T20:00:53.556210,2026-07-07T20:00:53.568139+00:00,135.4,50,bid,,,11261770
2026-07-07T20:00:55.689681,2026-07-07T20:00:55.700878+00:00,135.4,50,bid,,,11261794
2026-07-07T20:00:57.713151,2026-07-07T20:00:57.722236+00:00,135.6,12,bid,,,11261822
2026-07-07T20:00:57.713151,2026-07-07T20:00:57.722236+00:00,135.7,34,bid,,,11261823
2026-07-07T20:00:57.847890,2026-07-07T20:00:57.858568+00:00,135.2,50,ask,,,11261827
2026-07-07T20:01:00.880745,2026-07-07T20:01:00.889462+00:00,135.1,12,ask,,,11261870
2026-07-07T20:01:00.880745,2026-07-07T20:01:00.889462+00:00,135.0,34,ask,,,11261871
2026-07-07T20:01:02.042135,2026-07-07T20:01:02.053493+00:00,135.5,50,bid,,,11261889
2026-07-07T20:01:02.900906,2026-07-07T20:01:02.909762+00:00,135.3,44,ask,,,11261902
2026-07-07T20:01:03.941178,2026-07-07T20:01:03.958595+00:00,135.5,44,bid,,,11261915
2026-07-07T20:01:05.519779,2026-07-07T20:01:05.527928+00:00,135.7,12,bid,,,11261933
2026-07-07T20:01:05.519779,2026-07-07T20:01:05.533232+00:00,135.7,29,bid,,,11261934
2026-07-07T20:01:06.309977,2026-07-07T20:01:06.321967+00:00,135.2,50,ask,,,11261944
2026-07-07T20:01:07.103888,2026-07-07T20:01:07.114696+00:00,135.7,45,bid,,,11261956
2026-07-07T20:01:07.158461,2026-07-07T20:01:07.170002+00:00,135.2,45,ask,,,11261957
2026-07-07T20:01:08.232977,2026-07-07T20:01:08.258611+00:00,135.7,26,bid,,,11261969
2026-07-07T20:01:08.232977,2026-07-07T20:01:08.258611+00:00,135.7,18,bid,,,11261970
2026-07-07T20:01:08.417278,2026-07-07T20:01:08.425023+00:00,135.4,12,ask,,,11261974
2026-07-07T20:01:08.417278,2026-07-07T20:01:08.425023+00:00,135.3,38,ask,,,11261975
2026-07-07T20:01:10.428667,2026-07-07T20:01:10.440341+00:00,135.5,48,ask,,,11261995
2026-07-07T20:01:10.525213,2026-07-07T20:01:10.536745+00:00,135.5,50,ask,,,11261996
2026-07-07T20:01:12.251387,2026-07-07T20:01:12.260014+00:00,135.4,11,bid,,,11262019
2026-07-07T20:01:12.666173,2026-07-07T20:01:12.680353+00:00,135.1,50,ask,,,11262025
2026-07-07T20:01:13.183016,2026-07-07T20:01:13.190574+00:00,135.1,49,ask,,,11262038
2026-07-07T20:01:14.780030,2026-07-07T20:01:14.791494+00:00,135.0,50,ask,,,11262065
2026-07-07T20:01:16.895976,2026-07-07T20:01:16.908213+00:00,135.0,50,ask,,,11262096
2026-07-07T20:01:16.906736,2026-07-07T20:01:16.913466+00:00,135.4,45,bid,,,11262097
2026-07-07T20:01:18.005169,2026-07-07T20:01:18.014883+00:00,135.3,12,bid,,,11262108
2026-07-07T20:01:21.859762,2026-07-07T20:01:21.869051+00:00,135.3,11,bid,,,11262148
2026-07-07T20:01:23.222346,2026-07-07T20:01:23.233887+00:00,135.1,50,ask,,,11262167
2026-07-07T20:01:24.164588,2026-07-07T20:01:24.174691+00:00,135.3,43,bid,,,11262177
2026-07-07T20:01:25.278940,2026-07-07T20:01:25.285664+00:00,135.4,50,bid,,,11262187
2026-07-07T20:01:26.723630,2026-07-07T20:01:26.745546+00:00,135.4,49,bid,,,11262218
2026-07-07T20:01:27.385284,2026-07-07T20:01:27.397110+00:00,135.4,50,bid,,,11262224
2026-07-07T20:01:27.659572,2026-07-07T20:01:27.668066+00:00,135.3,49,ask,,,11262226
2026-07-07T20:01:28.902670,2026-07-07T20:01:28.914262+00:00,135.3,48,ask,,,11262241
2026-07-07T20:01:29.494390,2026-07-07T20:01:29.506121+00:00,135.7,50,bid,,,11262250
2026-07-07T20:01:30.351433,2026-07-07T20:01:30.358115+00:00,135.7,43,bid,,,11262259
2026-07-07T20:01:30.623562,2026-07-07T20:01:30.635106+00:00,135.6,100,bid,,,11262266
2026-07-07T20:01:30.638553,2026-07-07T20:01:30.647592+00:00,135.7,23,ask,,,11262268
2026-07-07T20:01:31.654024,2026-07-07T20:01:31.665443+00:00,135.7,27,ask,,,11262282
2026-07-07T20:01:35.864048,2026-07-07T20:01:35.875596+00:00,135.4,50,ask,,,11262347
2026-07-07T20:01:36.291405,2026-07-07T20:01:36.302672+00:00,135.6,12,bid,,,11262353
2026-07-07T20:01:40.025839,2026-07-07T20:01:40.037457+00:00,135.8,50,bid,,,11262405
2026-07-07T20:01:41.537935,2026-07-07T20:01:41.547442+00:00,135.7,12,ask,,,11262424
2026-07-07T20:01:42.132515,2026-07-07T20:01:42.138745+00:00,136.1,50,bid,,,11262432
2026-07-07T20:01:44.238440,2026-07-07T20:01:44.250226+00:00,135.9,50,bid,,,11262457
2026-07-07T20:01:46.347455,2026-07-07T20:01:46.358922+00:00,135.9,50,bid,,,11262487
2026-07-07T20:01:46.386970,2026-07-07T20:01:46.398450+00:00,135.6,44,ask,,,11262489
2026-07-07T20:01:46.454794,2026-07-07T20:01:46.464964+00:00,135.9,11,ask,,,11262490
2026-07-07T20:01:46.781872,2026-07-07T20:01:46.793063+00:00,135.9,11,ask,,,11262497
2026-07-07T20:01:47.427362,2026-07-07T20:01:47.437614+00:00,136.0,12,bid,,,11262511
2026-07-07T20:01:47.427362,2026-07-07T20:01:47.437614+00:00,136.1,28,bid,,,11262512
2026-07-07T20:01:48.505190,2026-07-07T20:01:48.511782+00:00,135.9,50,ask,,,11262525
2026-07-07T20:01:49.515393,2026-07-07T20:01:49.524559+00:00,135.9,48,ask,,,11262547
2026-07-07T20:01:49.829626,2026-07-07T20:01:49.838360+00:00,135.9,11,bid,,,11262553
2026-07-07T20:01:50.034637,2026-07-07T20:01:50.046505+00:00,135.8,12,ask,,,11262558
2026-07-07T20:01:50.618536,2026-07-07T20:01:50.625612+00:00,135.6,50,ask,,,11262565
2026-07-07T20:01:52.725037,2026-07-07T20:01:52.736614+00:00,135.3,50,ask,,,11262601
2026-07-07T20:01:55.944278,2026-07-07T20:01:55.955371+00:00,135.7,23,bid,,,11262642
2026-07-07T20:01:56.935458,2026-07-07T20:01:56.947603+00:00,135.4,50,ask,,,11262657
2026-07-07T20:01:58.993234,2026-07-07T20:01:59.004784+00:00,135.9,50,bid,,,11262679
2026-07-07T20:02:00.610143,2026-07-07T20:02:00.621944+00:00,135.9,41,bid,,,11262695
2026-07-07T20:02:01.099612,2026-07-07T20:02:01.110187+00:00,135.9,50,bid,,,11262705
2026-07-07T20:02:01.240014,2026-07-07T20:02:01.248962+00:00,135.9,9,bid,,,11262707
2026-07-07T20:02:01.240014,2026-07-07T20:02:01.248962+00:00,136.0,39,bid,,,11262708
2026-07-07T20:02:03.206895,2026-07-07T20:02:03.215526+00:00,136.2,50,bid,,,11262735
2026-07-07T20:02:05.338882,2026-07-07T20:02:05.348299+00:00,136.2,50,bid,,,11262761
2026-07-07T20:02:06.451040,2026-07-07T20:02:06.460861+00:00,135.9,12,ask,,,11262783
2026-07-07T20:02:07.445969,2026-07-07T20:02:07.454411+00:00,136.2,12,bid,,,11262799
2026-07-07T20:02:07.445969,2026-07-07T20:02:07.459605+00:00,136.4,38,bid,,,11262800
2026-07-07T20:02:09.558817,2026-07-07T20:02:09.569006+00:00,136.3,50,bid,,,11262822
2026-07-07T20:02:10.492639,2026-07-07T20:02:10.499558+00:00,135.8,42,ask,,,11262845
2026-07-07T20:02:11.669605,2026-07-07T20:02:11.681351+00:00,136.2,12,bid,,,11262864
2026-07-07T20:02:11.669605,2026-07-07T20:02:11.681351+00:00,136.3,38,bid,,,11262865
2026-07-07T20:02:11.751299,2026-07-07T20:02:11.760835+00:00,135.9,11,ask,,,11262867
2026-07-07T20:02:12.659904,2026-07-07T20:02:12.670030+00:00,135.9,42,ask,,,11262891
2026-07-07T20:02:13.015968,2026-07-07T20:02:13.024119+00:00,135.9,11,ask,,,11262896
2026-07-07T20:02:13.804274,2026-07-07T20:02:13.814721+00:00,136.0,12,bid,,,11262902
2026-07-07T20:02:13.804274,2026-07-07T20:02:13.814721+00:00,136.1,38,bid,,,11262903
2026-07-07T20:02:15.913399,2026-07-07T20:02:15.924791+00:00,136.0,50,bid,,,11262939
2026-07-07T20:02:18.045821,2026-07-07T20:02:18.055538+00:00,136.0,12,bid,,,11262966
2026-07-07T20:02:18.045821,2026-07-07T20:02:18.055538+00:00,136.3,38,bid,,,11262967
2026-07-07T20:02:18.401412,2026-07-07T20:02:18.412865+00:00,135.8,43,ask,,,11262971
2026-07-07T20:02:20.154143,2026-07-07T20:02:20.165616+00:00,136.2,50,bid,,,11262992
2026-07-07T20:02:21.233220,2026-07-07T20:02:21.242581+00:00,136.0,12,ask,,,11263000
2026-07-07T20:02:21.859257,2026-07-07T20:02:21.871365+00:00,136.1,12,bid,,,11263011
2026-07-07T20:02:21.859257,2026-07-07T20:02:21.871365+00:00,136.4,29,bid,,,11263012
2026-07-07T20:02:22.183001,2026-07-07T20:02:22.191655+00:00,136.0,23,ask,,,11263015
2026-07-07T20:02:22.267887,2026-07-07T20:02:22.279262+00:00,136.3,12,bid,,,11263018
2026-07-07T20:02:22.267887,2026-07-07T20:02:22.279262+00:00,136.4,38,bid,,,11263019
2026-07-07T20:02:24.377492,2026-07-07T20:02:24.389409+00:00,136.3,12,bid,,,11263052
2026-07-07T20:02:24.377492,2026-07-07T20:02:24.389409+00:00,136.4,38,bid,,,11263053
2026-07-07T20:02:24.944810,2026-07-07T20:02:24.958616+00:00,135.9,48,ask,,,11263063
2026-07-07T20:02:26.108840,2026-07-07T20:02:26.115706+00:00,136.1,12,bid,,,11263077
2026-07-07T20:02:26.108840,2026-07-07T20:02:26.120731+00:00,136.2,33,bid,,,11263078
2026-07-07T20:02:26.510598,2026-07-07T20:02:26.519327+00:00,136.2,50,bid,,,11263082
2026-07-07T20:02:27.549248,2026-07-07T20:02:27.557581+00:00,136.1,12,bid,,,11263098
2026-07-07T20:02:27.631943,2026-07-07T20:02:27.643952+00:00,136.3,12,bid,,,11263100
2026-07-07T20:02:28.620831,2026-07-07T20:02:28.632623+00:00,136.4,50,bid,,,11263113
2026-07-07T20:02:29.253155,2026-07-07T20:02:29.265067+00:00,136.1,40,ask,,,11263121
2026-07-07T20:02:29.763497,2026-07-07T20:02:29.774912+00:00,136.1,46,ask,,,11263130
2026-07-07T20:02:30.791125,2026-07-07T20:02:30.802606+00:00,136.2,47,bid,,,11263136
2026-07-07T20:02:32.689490,2026-07-07T20:02:32.698376+00:00,136.1,11,ask,,,11263162
2026-07-07T20:02:32.859584,2026-07-07T20:02:32.868910+00:00,136.2,50,bid,,,11263166
2026-07-07T20:02:32.908066,2026-07-07T20:02:32.914801+00:00,136.1,10,ask,,,11263170
2026-07-07T20:02:35.040585,2026-07-07T20:02:35.050084+00:00,136.0,50,ask,,,11263204
2026-07-07T20:02:37.148339,2026-07-07T20:02:37.168660+00:00,135.8,12,ask,,,11263236
2026-07-07T20:02:37.148339,2026-07-07T20:02:37.168660+00:00,135.8,38,ask,,,11263237
2026-07-07T20:02:39.287209,2026-07-07T20:02:39.296247+00:00,135.8,50,ask,,,11263272
2026-07-07T20:02:40.561552,2026-07-07T20:02:40.570313+00:00,136.0,12,bid,,,11263288
2026-07-07T20:02:40.561552,2026-07-07T20:02:40.570313+00:00,136.0,31,bid,,,11263289
2026-07-07T20:02:41.396744,2026-07-07T20:02:41.407352+00:00,135.6,12,ask,,,11263298
2026-07-07T20:02:41.396744,2026-07-07T20:02:41.407352+00:00,135.6,38,ask,,,11263299
2026-07-07T20:02:42.986174,2026-07-07T20:02:42.998145+00:00,135.6,46,ask,,,11263324
2026-07-07T20:02:43.475005,2026-07-07T20:02:43.485261+00:00,135.6,50,bid,,,11263333
2026-07-07T20:02:45.583765,2026-07-07T20:02:45.595778+00:00,135.6,50,bid,,,11263368
2026-07-07T20:02:47.771333,2026-07-07T20:02:47.783179+00:00,135.4,12,ask,,,11263397
2026-07-07T20:02:47.771333,2026-07-07T20:02:47.783179+00:00,135.4,38,ask,,,11263398
2026-07-07T20:02:49.219674,2026-07-07T20:02:49.230252+00:00,135.4,45,ask,,,11263416
2026-07-07T20:02:49.770294,2026-07-07T20:02:49.780041+00:00,135.2,34,bid,,,11263427
2026-07-07T20:02:49.882504,2026-07-07T20:02:49.894517+00:00,135.1,12,ask,,,11263430
2026-07-07T20:02:49.882504,2026-07-07T20:02:49.894517+00:00,135.0,38,ask,,,11263431
2026-07-07T20:02:50.864740,2026-07-07T20:02:50.875899+00:00,135.2,40,bid,,,11263454
2026-07-07T20:02:56.317852,2026-07-07T20:02:56.326767+00:00,135.2,11,ask,,,11263510
2026-07-07T20:02:56.683353,2026-07-07T20:02:56.694743+00:00,135.2,42,ask,,,11263517
2026-07-07T20:02:57.629334,2026-07-07T20:02:57.639163+00:00,135.2,12,ask,,,11263527
2026-07-07T20:02:58.285247,2026-07-07T20:02:58.297177+00:00,135.5,12,bid,,,11263536
2026-07-07T20:02:58.285247,2026-07-07T20:02:58.297177+00:00,135.5,38,bid,,,11263537
2026-07-07T20:02:58.938231,2026-07-07T20:02:58.947407+00:00,135.2,11,ask,,,11263547
2026-07-07T20:02:59.995110,2026-07-07T20:03:00.004806+00:00,135.0,11,bid,,,11263563
2026-07-07T20:03:00.248391,2026-07-07T20:03:00.257278+00:00,135.0,23,bid,,,11263566
2026-07-07T20:03:00.393773,2026-07-07T20:03:00.405119+00:00,135.0,50,bid,,,11263572
2026-07-07T20:03:00.725759,2026-07-07T20:03:00.737637+00:00,135.0,43,bid,,,11263576
2026-07-07T20:03:02.254483,2026-07-07T20:03:02.265991+00:00,135.0,23,bid,,,11263603
2026-07-07T20:03:02.369718,2026-07-07T20:03:02.381311+00:00,135.4,34,ask,,,11263604
2026-07-07T20:03:02.859510,2026-07-07T20:03:02.867252+00:00,135.4,3,ask,,,11263613
2026-07-07T20:03:03.341282,2026-07-07T20:03:03.348170+00:00,135.4,47,ask,,,11263621
2026-07-07T20:03:03.450153,2026-07-07T20:03:03.458572+00:00,135.4,12,ask,,,11263622
2026-07-07T20:03:04.699426,2026-07-07T20:03:04.711193+00:00,135.4,50,ask,,,11263637
2026-07-07T20:03:05.472840,2026-07-07T20:03:05.481252+00:00,135.4,4,ask,,,11263650
2026-07-07T20:03:05.600333,2026-07-07T20:03:05.610442+00:00,135.2,3,bid,,,11263652
2026-07-07T20:03:06.806797,2026-07-07T20:03:06.818482+00:00,135.0,12,ask,,,11263675
2026-07-07T20:03:06.806797,2026-07-07T20:03:06.818482+00:00,134.9,38,ask,,,11263676
2026-07-07T20:03:07.259544,2026-07-07T20:03:07.268176+00:00,135.2,11,bid,,,11263682
2026-07-07T20:03:08.758129,2026-07-07T20:03:08.769007+00:00,135.3,49,bid,,,11263708
2026-07-07T20:03:08.941834,2026-07-07T20:03:08.958598+00:00,135.0,12,ask,,,11263709
2026-07-07T20:03:08.941834,2026-07-07T20:03:08.958598+00:00,134.9,38,ask,,,11263710
2026-07-07T20:03:09.376258,2026-07-07T20:03:09.387882+00:00,135.3,44,bid,,,11263714
2026-07-07T20:03:11.000310,2026-07-07T20:03:11.012105+00:00,135.3,50,bid,,,11263739
2026-07-07T20:03:11.399415,2026-07-07T20:03:11.411419+00:00,135.3,7,bid,,,11263747
2026-07-07T20:03:11.399415,2026-07-07T20:03:11.411419+00:00,135.4,34,bid,,,11263748
2026-07-07T20:03:11.859832,2026-07-07T20:03:11.868794+00:00,135.4,12,bid,,,11263756
2026-07-07T20:03:11.859832,2026-07-07T20:03:11.868794+00:00,135.5,100,bid,,,11263757
2026-07-07T20:03:11.929943,2026-07-07T20:03:11.940718+00:00,135.5,38,ask,,,11263761
2026-07-07T20:03:11.929943,2026-07-07T20:03:11.940718+00:00,135.0,6,ask,,,11263762
2026-07-07T20:03:13.189924,2026-07-07T20:03:13.202075+00:00,135.1,12,ask,,,11263775
2026-07-07T20:03:13.189924,2026-07-07T20:03:13.202075+00:00,135.0,38,ask,,,11263776
2026-07-07T20:03:15.301812,2026-07-07T20:03:15.313544+00:00,135.1,50,ask,,,11263795
2026-07-07T20:03:17.418922,2026-07-07T20:03:17.429642+00:00,135.1,50,ask,,,11263825
2026-07-07T20:03:18.124101,2026-07-07T20:03:18.131588+00:00,135.1,12,ask,,,11263835
2026-07-07T20:03:18.985461,2026-07-07T20:03:18.997507+00:00,135.1,48,bid,,,11263851
2026-07-07T20:03:19.526287,2026-07-07T20:03:19.534894+00:00,134.9,12,ask,,,11263864
2026-07-07T20:03:19.526287,2026-07-07T20:03:19.534894+00:00,134.8,38,ask,,,11263865
2026-07-07T20:03:20.035287,2026-07-07T20:03:20.046948+00:00,134.8,40,ask,,,11263870
2026-07-07T20:03:21.232744,2026-07-07T20:03:21.244191+00:00,135.2,12,bid,,,11263886
2026-07-07T20:03:21.434422,2026-07-07T20:03:21.444088+00:00,135.0,12,bid,,,11263888
2026-07-07T20:03:21.662021,2026-07-07T20:03:21.674033+00:00,134.9,12,ask,,,11263892
2026-07-07T20:03:21.662021,2026-07-07T20:03:21.674033+00:00,134.8,38,ask,,,11263893
2026-07-07T20:03:21.822195,2026-07-07T20:03:21.833959+00:00,135.0,46,bid,,,11263894
2026-07-07T20:03:22.908413,2026-07-07T20:03:22.916781+00:00,134.8,47,ask,,,11263905
2026-07-07T20:03:23.492164,2026-07-07T20:03:23.503807+00:00,134.8,15,ask,,,11263912
2026-07-07T20:03:23.492164,2026-07-07T20:03:23.503807+00:00,134.5,28,ask,,,11263913
2026-07-07T20:03:23.771955,2026-07-07T20:03:23.779152+00:00,134.6,12,ask,,,11263923
2026-07-07T20:03:23.771955,2026-07-07T20:03:23.784270+00:00,134.5,38,ask,,,11263924
2026-07-07T20:03:23.850115,2026-07-07T20:03:23.858605+00:00,135.0,11,bid,,,11263928
2026-07-07T20:03:24.973659,2026-07-07T20:03:24.985552+00:00,135.0,42,bid,,,11263956
2026-07-07T20:03:25.658429,2026-07-07T20:03:25.670045+00:00,134.6,41,ask,,,11263963
2026-07-07T20:03:25.862246,2026-07-07T20:03:25.869647+00:00,135.0,50,bid,,,11263965
2026-07-07T20:03:27.612452,2026-07-07T20:03:27.624331+00:00,134.7,12,ask,,,11263992
2026-07-07T20:03:27.612452,2026-07-07T20:03:27.624331+00:00,134.5,88,ask,,,11263993
2026-07-07T20:03:27.969288,2026-07-07T20:03:27.981081+00:00,135.0,12,bid,,,11263999
2026-07-07T20:03:28.231505,2026-07-07T20:03:28.243132+00:00,134.6,12,ask,,,11264008
2026-07-07T20:03:31.427415,2026-07-07T20:03:31.439072+00:00,134.7,40,bid,,,11264053
2026-07-07T20:03:32.078592,2026-07-07T20:03:32.087891+00:00,134.7,50,bid,,,11264060
2026-07-07T20:03:32.904798,2026-07-07T20:03:32.916386+00:00,134.4,49,ask,,,11264069
2026-07-07T20:03:34.187651,2026-07-07T20:03:34.199681+00:00,134.8,50,bid,,,11264087
2026-07-07T20:03:35.178975,2026-07-07T20:03:35.185965+00:00,134.8,43,bid,,,11264102
2026-07-07T20:03:35.222411,2026-07-07T20:03:35.232155+00:00,134.8,7,bid,,,11264104
2026-07-07T20:03:35.669879,2026-07-07T20:03:35.679822+00:00,134.8,5,ask,,,11264110
2026-07-07T20:03:35.680869,2026-07-07T20:03:35.690898+00:00,134.6,6,ask,,,11264112
2026-07-07T20:03:36.310876,2026-07-07T20:03:36.317725+00:00,135.0,12,bid,,,11264127
2026-07-07T20:03:36.310876,2026-07-07T20:03:36.322904+00:00,135.1,38,bid,,,11264128
2026-07-07T20:03:38.419003,2026-07-07T20:03:38.430677+00:00,134.9,50,bid,,,11264154
2026-07-07T20:03:39.513719,2026-07-07T20:03:39.520909+00:00,134.9,44,bid,,,11264165
2026-07-07T20:03:40.528116,2026-07-07T20:03:40.539875+00:00,135.0,50,bid,,,11264173
2026-07-07T20:03:42.127528,2026-07-07T20:03:42.139010+00:00,134.7,48,ask,,,11264191
2026-07-07T20:03:42.637969,2026-07-07T20:03:42.649685+00:00,135.0,50,bid,,,11264198
2026-07-07T20:03:43.453316,2026-07-07T20:03:43.463468+00:00,134.9,23,ask,,,11264215
2026-07-07T20:03:44.750061,2026-07-07T20:03:44.758591+00:00,135.0,12,bid,,,11264226
2026-07-07T20:03:44.750061,2026-07-07T20:03:44.758591+00:00,135.1,38,bid,,,11264227
2026-07-07T20:03:45.296576,2026-07-07T20:03:45.308320+00:00,134.9,43,ask,,,11264231
2026-07-07T20:03:46.438771,2026-07-07T20:03:46.448288+00:00,134.9,41,ask,,,11264257
2026-07-07T20:03:46.911008,2026-07-07T20:03:46.922566+00:00,134.6,50,ask,,,11264262
2026-07-07T20:03:49.024138,2026-07-07T20:03:49.035560+00:00,134.6,50,ask,,,11264299
2026-07-07T20:03:51.084741,2026-07-07T20:03:51.095147+00:00,134.7,50,bid,,,11264332
2026-07-07T20:03:53.192714,2026-07-07T20:03:53.204202+00:00,134.7,12,bid,,,11264368
2026-07-07T20:03:53.192714,2026-07-07T20:03:53.204202+00:00,134.7,38,bid,,,11264369
2026-07-07T20:03:54.274801,2026-07-07T20:03:54.281214+00:00,134.7,46,bid,,,11264379
2026-07-07T20:03:54.819092,2026-07-07T20:03:54.830659+00:00,134.4,12,ask,,,11264388
2026-07-07T20:03:55.360344,2026-07-07T20:03:55.369728+00:00,134.2,50,ask,,,11264399
2026-07-07T20:03:57.048071,2026-07-07T20:03:57.055330+00:00,134.5,12,bid,,,11264414
2026-07-07T20:03:57.048071,2026-07-07T20:03:57.060513+00:00,134.5,29,bid,,,11264415
2026-07-07T20:03:57.467492,2026-07-07T20:03:57.474274+00:00,134.1,50,ask,,,11264423
2026-07-07T20:03:58.439903,2026-07-07T20:03:58.451522+00:00,134.1,49,ask,,,11264434
2026-07-07T20:03:58.986714,2026-07-07T20:03:58.998944+00:00,134.5,46,bid,,,11264438
2026-07-07T20:03:59.304148,2026-07-07T20:03:59.312112+00:00,134.2,100,bid,,,11264445
2026-07-07T20:03:59.573696,2026-07-07T20:03:59.585436+00:00,134.2,50,ask,,,11264449
2026-07-07T20:04:01.685640,2026-07-07T20:04:01.697329+00:00,134.1,12,ask,,,11264478
2026-07-07T20:04:01.685640,2026-07-07T20:04:01.697329+00:00,133.7,38,ask,,,11264479
2026-07-07T20:04:01.708799,2026-07-07T20:04:01.716962+00:00,134.5,12,bid,,,11264480
2026-07-07T20:04:02.533543,2026-07-07T20:04:02.544719+00:00,134.1,11,bid,,,11264490
2026-07-07T20:04:02.755862,2026-07-07T20:04:02.754863+00:00,134.1,41,bid,,,11264494
2026-07-07T20:04:03.225337,2026-07-07T20:04:03.234761+00:00,134.1,12,bid,,,11264498
2026-07-07T20:04:03.353414,2026-07-07T20:04:03.365204+00:00,134.1,44,bid,,,11264500
2026-07-07T20:04:03.797033,2026-07-07T20:04:03.808477+00:00,133.9,50,ask,,,11264507
2026-07-07T20:04:05.907617,2026-07-07T20:04:05.915021+00:00,134.0,50,ask,,,11264536
2026-07-07T20:04:06.040675,2026-07-07T20:04:06.052138+00:00,134.0,43,ask,,,11264539
2026-07-07T20:04:07.963537,2026-07-07T20:04:07.975174+00:00,134.3,50,bid,,,11264563
2026-07-07T20:04:09.980062,2026-07-07T20:04:09.989970+00:00,134.3,12,bid,,,11264596
2026-07-07T20:04:10.071940,2026-07-07T20:04:10.081736+00:00,134.3,50,bid,,,11264599
2026-07-07T20:04:10.084917,2026-07-07T20:04:10.092119+00:00,134.0,43,ask,,,11264600
2026-07-07T20:04:12.178570,2026-07-07T20:04:12.190218+00:00,134.7,50,bid,,,11264617
2026-07-07T20:04:14.299487,2026-07-07T20:04:14.310384+00:00,134.7,50,bid,,,11264640
2026-07-07T20:04:16.407509,2026-07-07T20:04:16.419297+00:00,134.8,12,bid,,,11264674
2026-07-07T20:04:16.407509,2026-07-07T20:04:16.419297+00:00,134.9,38,bid,,,11264675
2026-07-07T20:04:16.545605,2026-07-07T20:04:16.558598+00:00,134.9,46,bid,,,11264677
2026-07-07T20:04:18.303206,2026-07-07T20:04:18.318039+00:00,134.8,12,ask,,,11264697
2026-07-07T20:04:18.551998,2026-07-07T20:04:18.558611+00:00,134.9,12,bid,,,11264700
2026-07-07T20:04:18.551998,2026-07-07T20:04:18.558611+00:00,135.2,38,bid,,,11264701
2026-07-07T20:04:18.640662,2026-07-07T20:04:18.652088+00:00,134.8,46,ask,,,11264704
2026-07-07T20:04:19.157611,2026-07-07T20:04:19.168993+00:00,134.8,44,ask,,,11264709
2026-07-07T20:04:20.562459,2026-07-07T20:04:20.574020+00:00,134.8,46,ask,,,11264725
2026-07-07T20:04:20.709523,2026-07-07T20:04:20.721240+00:00,134.8,2,ask,,,11264727
2026-07-07T20:04:21.507653,2026-07-07T20:04:21.518643+00:00,134.8,100,ask,,,11264736
2026-07-07T20:04:21.507653,2026-07-07T20:04:21.518643+00:00,134.7,12,ask,,,11264737
2026-07-07T20:04:22.843208,2026-07-07T20:04:22.854719+00:00,134.7,38,bid,,,11264755
2026-07-07T20:04:22.843208,2026-07-07T20:04:22.854719+00:00,134.9,2,bid,,,11264756
2026-07-07T20:04:25.233350,2026-07-07T20:04:25.242069+00:00,134.7,11,ask,,,11264785
2026-07-07T20:04:26.831674,2026-07-07T20:04:26.840435+00:00,134.7,3,ask,,,11264816
2026-07-07T20:04:26.894099,2026-07-07T20:04:26.903239+00:00,134.8,12,bid,,,11264818
2026-07-07T20:04:26.894099,2026-07-07T20:04:26.903239+00:00,134.9,35,bid,,,11264819
2026-07-07T20:04:26.907729,2026-07-07T20:04:26.918930+00:00,134.7,12,ask,,,11264821
2026-07-07T20:04:26.987642,2026-07-07T20:04:26.999060+00:00,134.9,50,bid,,,11264824
2026-07-07T20:04:28.362467,2026-07-07T20:04:28.374247+00:00,134.7,12,bid,,,11264835
2026-07-07T20:04:29.146756,2026-07-07T20:04:29.163950+00:00,134.4,12,ask,,,11264848
2026-07-07T20:04:29.146756,2026-07-07T20:04:29.163950+00:00,134.3,38,ask,,,11264849
2026-07-07T20:04:31.272696,2026-07-07T20:04:31.280370+00:00,134.2,50,ask,,,11264871
2026-07-07T20:04:31.418218,2026-07-07T20:04:31.429838+00:00,134.2,48,ask,,,11264875
2026-07-07T20:04:31.997472,2026-07-07T20:04:32.008917+00:00,134.2,46,ask,,,11264882
2026-07-07T20:04:33.378947,2026-07-07T20:04:33.390622+00:00,134.2,6,ask,,,11264903
2026-07-07T20:04:33.378947,2026-07-07T20:04:33.390622+00:00,134.2,12,ask,,,11264904
2026-07-07T20:04:33.378947,2026-07-07T20:04:33.390622+00:00,134.1,32,ask,,,11264905
2026-07-07T20:04:34.158431,2026-07-07T20:04:34.170011+00:00,134.3,12,ask,,,11264917
2026-07-07T20:04:34.171260,2026-07-07T20:04:34.181621+00:00,134.3,14,bid,,,11264918
2026-07-07T20:04:34.689071,2026-07-07T20:04:34.699217+00:00,134.2,11,ask,,,11264931
2026-07-07T20:04:35.278832,2026-07-07T20:04:35.290582+00:00,134.3,46,bid,,,11264938
2026-07-07T20:04:36.259350,2026-07-07T20:04:36.271047+00:00,134.3,42,bid,,,11264945
2026-07-07T20:04:36.862149,2026-07-07T20:04:36.870816+00:00,134.3,11,bid,,,11264955
2026-07-07T20:04:37.389672,2026-07-07T20:04:37.401406+00:00,134.3,43,ask,,,11264965
2026-07-07T20:04:37.600077,2026-07-07T20:04:37.606618+00:00,134.3,50,ask,,,11264971
2026-07-07T20:04:38.043081,2026-07-07T20:04:38.054679+00:00,134.7,49,bid,,,11264977
2026-07-07T20:04:39.739964,2026-07-07T20:04:39.747692+00:00,134.3,50,ask,,,11264993
2026-07-07T20:04:40.507488,2026-07-07T20:04:40.514103+00:00,134.3,12,ask,,,11265009
2026-07-07T20:04:40.507488,2026-07-07T20:04:40.519292+00:00,134.3,100,ask,,,11265010
2026-07-07T20:04:41.261065,2026-07-07T20:04:41.269048+00:00,134.3,35,bid,,,11265018
2026-07-07T20:04:41.767182,2026-07-07T20:04:41.778551+00:00,134.0,12,ask,,,11265027
2026-07-07T20:04:41.767182,2026-07-07T20:04:41.778551+00:00,133.8,35,ask,,,11265028
2026-07-07T20:04:41.854469,2026-07-07T20:04:41.866085+00:00,133.8,50,ask,,,11265031
2026-07-07T20:04:43.223117,2026-07-07T20:04:43.231336+00:00,134.3,3,bid,,,11265048
2026-07-07T20:04:43.223117,2026-07-07T20:04:43.231336+00:00,134.6,12,bid,,,11265049
2026-07-07T20:04:43.223117,2026-07-07T20:04:43.236356+00:00,134.8,28,bid,,,11265050
2026-07-07T20:04:43.912755,2026-07-07T20:04:43.922125+00:00,134.4,50,bid,,,11265061
2026-07-07T20:04:45.843435,2026-07-07T20:04:45.849807+00:00,134.4,42,bid,,,11265078
2026-07-07T20:04:46.085329,2026-07-07T20:04:46.096953+00:00,134.2,12,ask,,,11265083
2026-07-07T20:04:46.085329,2026-07-07T20:04:46.096953+00:00,134.1,38,ask,,,11265084
2026-07-07T20:04:46.794584,2026-07-07T20:04:46.805207+00:00,134.4,23,ask,,,11265098
2026-07-07T20:04:48.205774,2026-07-07T20:04:48.218955+00:00,134.4,50,ask,,,11265116
2026-07-07T20:04:50.208488,2026-07-07T20:04:50.216912+00:00,134.4,12,ask,,,11265142
2026-07-07T20:04:50.313879,2026-07-07T20:04:50.320979+00:00,134.2,50,ask,,,11265146
2026-07-07T20:04:52.447014,2026-07-07T20:04:52.458574+00:00,134.2,50,ask,,,11265169
2026-07-07T20:04:53.163196,2026-07-07T20:04:53.169785+00:00,134.2,12,ask,,,11265180
2026-07-07T20:04:53.176740,2026-07-07T20:04:53.185240+00:00,134.2,23,bid,,,11265182
2026-07-07T20:04:53.506410,2026-07-07T20:04:53.518138+00:00,134.1,12,ask,,,11265186
2026-07-07T20:04:53.506410,2026-07-07T20:04:53.518138+00:00,134.0,37,ask,,,11265187
2026-07-07T20:04:54.553353,2026-07-07T20:04:54.558594+00:00,134.0,50,ask,,,11265198
2026-07-07T20:04:56.054762,2026-07-07T20:04:56.066589+00:00,134.2,41,bid,,,11265218
2026-07-07T20:04:56.688009,2026-07-07T20:04:56.697258+00:00,134.1,12,ask,,,11265231
2026-07-07T20:04:56.688009,2026-07-07T20:04:56.697258+00:00,134.0,38,ask,,,11265232
2026-07-07T20:04:58.797038,2026-07-07T20:04:58.807994+00:00,134.0,50,ask,,,11265263
2026-07-07T20:04:59.969679,2026-07-07T20:04:59.981058+00:00,134.1,49,bid,,,11265282
2026-07-07T20:05:00.904259,2026-07-07T20:05:00.915755+00:00,133.7,50,ask,,,11265292
2026-07-07T20:05:00.960830,2026-07-07T20:05:00.970303+00:00,134.1,12,bid,,,11265293
2026-07-07T20:05:03.013496,2026-07-07T20:05:03.024149+00:00,133.7,50,ask,,,11265330
2026-07-07T20:05:03.078300,2026-07-07T20:05:03.089719+00:00,133.7,47,ask,,,11265332
2026-07-07T20:05:03.580755,2026-07-07T20:05:03.589657+00:00,133.9,11,bid,,,11265343
2026-07-07T20:05:04.164227,2026-07-07T20:05:04.176227+00:00,133.7,41,ask,,,11265348
2026-07-07T20:05:05.069694,2026-07-07T20:05:05.081706+00:00,133.9,50,bid,,,11265357
2026-07-07T20:05:05.299712,2026-07-07T20:05:05.311381+00:00,133.9,39,bid,,,11265362
2026-07-07T20:05:05.299712,2026-07-07T20:05:05.311381+00:00,134.2,6,bid,,,11265363
2026-07-07T20:05:05.813047,2026-07-07T20:05:05.820500+00:00,133.8,100,ask,,,11265378
2026-07-07T20:05:05.826718,2026-07-07T20:05:05.837830+00:00,133.8,11,bid,,,11265379
2026-07-07T20:05:05.898743,2026-07-07T20:05:05.910294+00:00,133.8,39,bid,,,11265381
2026-07-07T20:05:07.204714,2026-07-07T20:05:07.216668+00:00,134.3,50,bid,,,11265394
2026-07-07T20:05:09.313335,2026-07-07T20:05:09.324686+00:00,134.2,50,bid,,,11265418
2026-07-07T20:05:11.420210,2026-07-07T20:05:11.432224+00:00,134.2,50,bid,,,11265440
2026-07-07T20:05:11.991565,2026-07-07T20:05:11.997978+00:00,133.8,11,ask,,,11265448
2026-07-07T20:05:13.530304,2026-07-07T20:05:13.542149+00:00,134.2,50,bid,,,11265467
2026-07-07T20:05:15.386062,2026-07-07T20:05:15.394660+00:00,134.0,11,ask,,,11265490
2026-07-07T20:05:15.637390,2026-07-07T20:05:15.648960+00:00,134.4,50,bid,,,11265494
2026-07-07T20:05:15.744695,2026-07-07T20:05:15.758553+00:00,134.0,48,ask,,,11265496
2026-07-07T20:05:17.349386,2026-07-07T20:05:17.358590+00:00,134.0,45,ask,,,11265517
2026-07-07T20:05:17.795875,2026-07-07T20:05:17.807521+00:00,134.0,46,ask,,,11265521
2026-07-07T20:05:17.795875,2026-07-07T20:05:17.807521+00:00,133.9,4,ask,,,11265522
2026-07-07T20:05:17.883599,2026-07-07T20:05:17.895347+00:00,134.4,49,bid,,,11265523
2026-07-07T20:05:18.475969,2026-07-07T20:05:18.485866+00:00,134.1,100,ask,,,11265527
2026-07-07T20:05:19.267321,2026-07-07T20:05:19.274033+00:00,133.9,42,bid,,,11265539
2026-07-07T20:05:20.615405,2026-07-07T20:05:20.626771+00:00,133.9,8,bid,,,11265550
2026-07-07T20:05:21.279532,2026-07-07T20:05:21.291009+00:00,133.4,48,ask,,,11265559
2026-07-07T20:05:24.060083,2026-07-07T20:05:24.072034+00:00,134.3,12,bid,,,11265593
2026-07-07T20:05:24.060083,2026-07-07T20:05:24.072034+00:00,134.4,38,bid,,,11265594
2026-07-07T20:05:24.682543,2026-07-07T20:05:24.691392+00:00,133.9,41,ask,,,11265602
2026-07-07T20:05:25.776662,2026-07-07T20:05:25.788177+00:00,133.9,42,ask,,,11265622
2026-07-07T20:05:25.870949,2026-07-07T20:05:25.881546+00:00,133.9,8,ask,,,11265625
2026-07-07T20:05:26.967854,2026-07-07T20:05:26.980522+00:00,134.1,49,bid,,,11265644
2026-07-07T20:05:28.274251,2026-07-07T20:05:28.285606+00:00,134.2,50,bid,,,11265657
2026-07-07T20:05:28.385019,2026-07-07T20:05:28.406394+00:00,133.9,12,ask,,,11265659
2026-07-07T20:05:28.385019,2026-07-07T20:05:28.406394+00:00,133.8,31,ask,,,11265660
2026-07-07T20:05:32.484677,2026-07-07T20:05:32.496490+00:00,134.2,50,bid,,,11265705
2026-07-07T20:05:32.846999,2026-07-07T20:05:32.858555+00:00,134.2,40,bid,,,11265710
2026-07-07T20:05:34.245350,2026-07-07T20:05:34.254438+00:00,134.1,12,ask,,,11265727
2026-07-07T20:05:34.591480,2026-07-07T20:05:34.603103+00:00,134.3,50,bid,,,11265733
2026-07-07T20:05:34.990874,2026-07-07T20:05:34.999660+00:00,134.1,11,ask,,,11265741
2026-07-07T20:05:36.698727,2026-07-07T20:05:36.710390+00:00,134.3,50,bid,,,11265758
2026-07-07T20:05:37.003294,2026-07-07T20:05:37.015140+00:00,134.3,12,bid,,,11265766
2026-07-07T20:05:38.806375,2026-07-07T20:05:38.818035+00:00,134.5,12,bid,,,11265796
2026-07-07T20:05:38.806375,2026-07-07T20:05:38.818035+00:00,134.5,38,bid,,,11265797
2026-07-07T20:05:39.671494,2026-07-07T20:05:39.680154+00:00,134.1,47,ask,,,11265808
2026-07-07T20:05:40.914413,2026-07-07T20:05:40.925893+00:00,134.3,50,bid,,,11265824
2026-07-07T20:05:41.269569,2026-07-07T20:05:41.281300+00:00,134.3,42,bid,,,11265827
2026-07-07T20:05:42.330353,2026-07-07T20:05:42.342364+00:00,134.3,8,bid,,,11265836
2026-07-07T20:05:42.330353,2026-07-07T20:05:42.342364+00:00,134.3,12,bid,,,11265837
2026-07-07T20:05:42.330353,2026-07-07T20:05:42.342364+00:00,134.5,20,bid,,,11265838
2026-07-07T20:05:42.389987,2026-07-07T20:05:42.401695+00:00,134.0,40,ask,,,11265841
2026-07-07T20:05:43.626535,2026-07-07T20:05:43.637566+00:00,134.2,12,ask,,,11265851
2026-07-07T20:05:44.659454,2026-07-07T20:05:44.670423+00:00,134.2,11,ask,,,11265868
2026-07-07T20:05:47.282872,2026-07-07T20:05:47.294414+00:00,134.1,50,ask,,,11265904
2026-07-07T20:05:49.362081,2026-07-07T20:05:49.374400+00:00,134.4,12,bid,,,11265925
2026-07-07T20:05:49.362081,2026-07-07T20:05:49.374400+00:00,134.5,38,bid,,,11265926
2026-07-07T20:05:51.473722,2026-07-07T20:05:51.485575+00:00,134.1,12,bid,,,11265948
2026-07-07T20:05:51.473722,2026-07-07T20:05:51.485575+00:00,134.2,38,bid,,,11265949
2026-07-07T20:05:52.839796,2026-07-07T20:05:52.847152+00:00,134.0,44,ask,,,11265963
2026-07-07T20:05:53.208553,2026-07-07T20:05:53.220266+00:00,134.2,12,bid,,,11265965
2026-07-07T20:05:53.208553,2026-07-07T20:05:53.220266+00:00,134.2,100,bid,,,11265966
2026-07-07T20:05:53.584391,2026-07-07T20:05:53.597064+00:00,134.6,12,bid,,,11265974
2026-07-07T20:05:53.584391,2026-07-07T20:05:53.597064+00:00,134.7,38,bid,,,11265975
2026-07-07T20:05:53.803692,2026-07-07T20:05:53.815241+00:00,134.7,41,bid,,,11265981
2026-07-07T20:05:54.342306,2026-07-07T20:05:54.351129+00:00,134.2,3,ask,,,11265989
2026-07-07T20:05:55.696497,2026-07-07T20:05:55.708419+00:00,134.5,12,bid,,,11266003
2026-07-07T20:05:55.696497,2026-07-07T20:05:55.708419+00:00,134.7,38,bid,,,11266004
2026-07-07T20:05:57.326729,2026-07-07T20:05:57.338405+00:00,134.1,3,ask,,,11266025
2026-07-07T20:05:57.840600,2026-07-07T20:05:57.858785+00:00,134.1,3,ask,,,11266033
2026-07-07T20:05:57.859184,2026-07-07T20:05:57.874520+00:00,134.1,3,ask,,,11266035
2026-07-07T20:05:57.893608,2026-07-07T20:05:57.905025+00:00,134.1,50,ask,,,11266037
2026-07-07T20:05:58.871041,2026-07-07T20:05:58.882905+00:00,134.1,3,ask,,,11266053
2026-07-07T20:05:59.133499,2026-07-07T20:05:59.145136+00:00,134.1,3,ask,,,11266057
2026-07-07T20:05:59.393403,2026-07-07T20:05:59.405230+00:00,134.1,3,ask,,,11266062
2026-07-07T20:05:59.778537,2026-07-07T20:05:59.790101+00:00,133.6,47,ask,,,11266069
2026-07-07T20:05:59.950451,2026-07-07T20:05:59.956884+00:00,134.0,50,bid,,,11266072
2026-07-07T20:06:00.806292,2026-07-07T20:06:00.818062+00:00,134.0,43,bid,,,11266088
2026-07-07T20:06:03.940358,2026-07-07T20:06:03.948471+00:00,133.5,12,ask,,,11266133
2026-07-07T20:06:03.940358,2026-07-07T20:06:03.948471+00:00,133.5,29,ask,,,11266134
2026-07-07T20:06:04.240336,2026-07-07T20:06:04.252393+00:00,133.5,50,ask,,,11266138
2026-07-07T20:06:05.234234,2026-07-07T20:06:05.243645+00:00,133.9,3,bid,,,11266144
2026-07-07T20:06:05.447712,2026-07-07T20:06:05.454388+00:00,133.9,49,bid,,,11266147
2026-07-07T20:06:06.354463,2026-07-07T20:06:06.366248+00:00,133.5,12,ask,,,11266160
2026-07-07T20:06:06.354463,2026-07-07T20:06:06.366248+00:00,133.4,38,ask,,,11266161
2026-07-07T20:06:08.463531,2026-07-07T20:06:08.472869+00:00,133.4,50,ask,,,11266190
2026-07-07T20:06:09.001750,2026-07-07T20:06:09.009829+00:00,133.4,12,ask,,,11266193
2026-07-07T20:06:09.505503,2026-07-07T20:06:09.513746+00:00,133.2,46,ask,,,11266204
2026-07-07T20:06:10.593567,2026-07-07T20:06:10.604475+00:00,133.2,50,ask,,,11266224
2026-07-07T20:06:12.554523,2026-07-07T20:06:12.578465+00:00,133.2,47,bid,,,11266243
2026-07-07T20:06:12.700131,2026-07-07T20:06:12.712067+00:00,133.0,12,ask,,,11266248
2026-07-07T20:06:12.700131,2026-07-07T20:06:12.712067+00:00,132.9,38,ask,,,11266249
2026-07-07T20:06:13.073706,2026-07-07T20:06:13.080036+00:00,133.2,49,bid,,,11266257
2026-07-07T20:06:13.193757,2026-07-07T20:06:13.203856+00:00,133.2,12,bid,,,11266260
2026-07-07T20:06:14.837540,2026-07-07T20:06:14.849450+00:00,133.0,12,ask,,,11266273
2026-07-07T20:06:14.837540,2026-07-07T20:06:14.849450+00:00,132.9,38,ask,,,11266274
2026-07-07T20:06:15.343216,2026-07-07T20:06:15.358736+00:00,133.1,100,bid,,,11266281
2026-07-07T20:06:18.309429,2026-07-07T20:06:18.320347+00:00,133.1,49,ask,,,11266320
2026-07-07T20:06:18.563021,2026-07-07T20:06:18.574431+00:00,133.1,12,ask,,,11266324
2026-07-07T20:06:18.574652,2026-07-07T20:06:18.588370+00:00,132.9,12,bid,,,11266325
2026-07-07T20:06:18.577951,2026-07-07T20:06:18.588370+00:00,132.9,14,bid,,,11266326
2026-07-07T20:06:18.999462,2026-07-07T20:06:19.014557+00:00,132.9,50,bid,,,11266335
2026-07-07T20:06:20.458698,2026-07-07T20:06:20.465639+00:00,132.9,45,bid,,,11266346
2026-07-07T20:06:21.111220,2026-07-07T20:06:21.121946+00:00,132.9,17,bid,,,11266357
2026-07-07T20:06:21.111220,2026-07-07T20:06:21.121946+00:00,133.3,33,bid,,,11266358
2026-07-07T20:06:23.269838,2026-07-07T20:06:23.281546+00:00,133.0,50,ask,,,11266389
2026-07-07T20:06:23.600438,2026-07-07T20:06:23.609405+00:00,133.0,11,ask,,,11266398
2026-07-07T20:06:25.326579,2026-07-07T20:06:25.338137+00:00,133.2,50,bid,,,11266420
2026-07-07T20:06:27.435716,2026-07-07T20:06:27.447276+00:00,133.2,50,bid,,,11266460
2026-07-07T20:06:27.543829,2026-07-07T20:06:27.552212+00:00,132.9,3,ask,,,11266469
2026-07-07T20:06:28.999019,2026-07-07T20:06:29.010521+00:00,132.8,48,ask,,,11266489
2026-07-07T20:06:29.560666,2026-07-07T20:06:29.572231+00:00,133.0,50,bid,,,11266495
2026-07-07T20:06:31.667557,2026-07-07T20:06:31.679291+00:00,133.0,12,bid,,,11266516
2026-07-07T20:06:31.667557,2026-07-07T20:06:31.679291+00:00,133.2,38,bid,,,11266517
2026-07-07T20:06:33.798149,2026-07-07T20:06:33.809317+00:00,133.1,12,bid,,,11266539
2026-07-07T20:06:33.798149,2026-07-07T20:06:33.809317+00:00,133.2,38,bid,,,11266540
2026-07-07T20:06:35.906498,2026-07-07T20:06:35.913299+00:00,133.2,12,bid,,,11266577
2026-07-07T20:06:35.906498,2026-07-07T20:06:35.913299+00:00,133.2,38,bid,,,11266578
2026-07-07T20:06:37.502795,2026-07-07T20:06:37.514985+00:00,133.3,12,bid,,,11266605
2026-07-07T20:06:37.534897,2026-07-07T20:06:37.546493+00:00,133.3,40,ask,,,11266606
2026-07-07T20:06:38.022765,2026-07-07T20:06:38.030121+00:00,133.5,12,bid,,,11266624
2026-07-07T20:06:38.022765,2026-07-07T20:06:38.035098+00:00,133.7,38,bid,,,11266625
2026-07-07T20:06:40.131850,2026-07-07T20:06:40.142366+00:00,133.4,12,bid,,,11266649
2026-07-07T20:06:40.131850,2026-07-07T20:06:40.142366+00:00,133.7,38,bid,,,11266650
2026-07-07T20:06:40.619296,2026-07-07T20:06:40.631520+00:00,133.5,12,bid,,,11266656
2026-07-07T20:06:40.881097,2026-07-07T20:06:40.892646+00:00,133.5,42,ask,,,11266662
2026-07-07T20:06:41.967680,2026-07-07T20:06:41.970615+00:00,133.5,45,ask,,,11266673
2026-07-07T20:06:42.798388,2026-07-07T20:06:42.806946+00:00,133.5,1,ask,,,11266682
2026-07-07T20:06:44.558873,2026-07-07T20:06:44.569333+00:00,133.6,40,bid,,,11266703
2026-07-07T20:06:46.528764,2026-07-07T20:06:46.540807+00:00,133.2,12,ask,,,11266729
2026-07-07T20:06:46.528764,2026-07-07T20:06:46.540807+00:00,133.1,38,ask,,,11266730
2026-07-07T20:06:48.636334,2026-07-07T20:06:48.645322+00:00,133.2,50,ask,,,11266749
2026-07-07T20:06:50.600375,2026-07-07T20:06:50.610830+00:00,133.4,43,bid,,,11266786
2026-07-07T20:06:50.742850,2026-07-07T20:06:50.754546+00:00,133.2,12,ask,,,11266787
2026-07-07T20:06:50.742850,2026-07-07T20:06:50.754546+00:00,133.0,38,ask,,,11266788
2026-07-07T20:06:51.279614,2026-07-07T20:06:51.288718+00:00,133.4,1,bid,,,11266794
2026-07-07T20:06:52.851999,2026-07-07T20:06:52.863834+00:00,133.0,50,ask,,,11266821
2026-07-07T20:06:57.013474,2026-07-07T20:06:57.020705+00:00,133.1,50,bid,,,11266881
2026-07-07T20:06:59.121147,2026-07-07T20:06:59.128734+00:00,133.1,50,bid,,,11266911
2026-07-07T20:07:02.423542,2026-07-07T20:07:02.435198+00:00,133.2,12,bid,,,11266956
2026-07-07T20:07:02.477977,2026-07-07T20:07:02.489875+00:00,133.0,45,ask,,,11266957
2026-07-07T20:07:03.010626,2026-07-07T20:07:03.022394+00:00,132.9,44,ask,,,11266964
2026-07-07T20:07:03.388968,2026-07-07T20:07:03.400731+00:00,132.9,50,ask,,,11266971
2026-07-07T20:07:05.497084,2026-07-07T20:07:05.505836+00:00,132.9,50,ask,,,11266992
2026-07-07T20:07:05.815649,2026-07-07T20:07:05.827929+00:00,133.1,12,bid,,,11267006
2026-07-07T20:07:05.815649,2026-07-07T20:07:05.827929+00:00,133.2,35,bid,,,11267007
2026-07-07T20:07:06.076244,2026-07-07T20:07:06.088315+00:00,132.8,12,ask,,,11267012
2026-07-07T20:07:06.076244,2026-07-07T20:07:06.088315+00:00,132.6,100,ask,,,11267013
2026-07-07T20:07:06.275183,2026-07-07T20:07:06.286699+00:00,132.5,38,bid,,,11267018
2026-07-07T20:07:06.275183,2026-07-07T20:07:06.286699+00:00,133.1,10,bid,,,11267019
2026-07-07T20:07:07.604411,2026-07-07T20:07:07.616400+00:00,132.1,12,ask,,,11267030
2026-07-07T20:07:07.604411,2026-07-07T20:07:07.616400+00:00,132.0,38,ask,,,11267031
2026-07-07T20:07:09.713484,2026-07-07T20:07:09.723175+00:00,132.6,9,ask,,,11267061
2026-07-07T20:07:09.713484,2026-07-07T20:07:09.723175+00:00,132.5,41,ask,,,11267062
2026-07-07T20:07:11.821504,2026-07-07T20:07:11.831449+00:00,132.6,12,ask,,,11267095
2026-07-07T20:07:11.821504,2026-07-07T20:07:11.831449+00:00,132.5,38,ask,,,11267096
2026-07-07T20:07:13.507077,2026-07-07T20:07:13.514111+00:00,132.6,49,ask,,,11267122
2026-07-07T20:07:13.929299,2026-07-07T20:07:13.938734+00:00,132.6,50,ask,,,11267125
2026-07-07T20:07:15.257897,2026-07-07T20:07:15.269341+00:00,132.9,46,bid,,,11267142
2026-07-07T20:07:15.528008,2026-07-07T20:07:15.537709+00:00,132.7,3,bid,,,11267146
2026-07-07T20:07:16.035030,2026-07-07T20:07:16.044429+00:00,132.6,50,ask,,,11267152
2026-07-07T20:07:18.140786,2026-07-07T20:07:18.148473+00:00,132.6,50,ask,,,11267180
2026-07-07T20:07:18.268349,2026-07-07T20:07:18.275115+00:00,132.7,12,bid,,,11267181
2026-07-07T20:07:18.702498,2026-07-07T20:07:18.713418+00:00,132.8,41,bid,,,11267189
2026-07-07T20:07:19.938795,2026-07-07T20:07:19.951159+00:00,132.4,12,ask,,,11267204
2026-07-07T20:07:19.938795,2026-07-07T20:07:19.951159+00:00,132.3,31,ask,,,11267205
2026-07-07T20:07:20.251015,2026-07-07T20:07:20.250904+00:00,132.3,50,ask,,,11267213
2026-07-07T20:07:22.356892,2026-07-07T20:07:22.368593+00:00,132.2,50,ask,,,11267241
2026-07-07T20:07:22.809229,2026-07-07T20:07:22.820710+00:00,132.7,3,bid,,,11267250
2026-07-07T20:07:23.008955,2026-07-07T20:07:23.020839+00:00,132.7,40,bid,,,11267254
2026-07-07T20:07:23.070203,2026-07-07T20:07:23.081707+00:00,132.7,3,bid,,,11267255
2026-07-07T20:07:23.330543,2026-07-07T20:07:23.339592+00:00,132.7,3,bid,,,11267263
2026-07-07T20:07:23.590004,2026-07-07T20:07:23.601923+00:00,132.7,3,bid,,,11267270
2026-07-07T20:07:23.851498,2026-07-07T20:07:23.851815+00:00,132.7,3,bid,,,11267274
2026-07-07T20:07:24.112073,2026-07-07T20:07:24.123692+00:00,132.7,3,bid,,,11267279
2026-07-07T20:07:24.237747,2026-07-07T20:07:24.249698+00:00,132.2,48,ask,,,11267284
2026-07-07T20:07:24.373127,2026-07-07T20:07:24.384699+00:00,132.7,3,bid,,,11267286
2026-07-07T20:07:24.635203,2026-07-07T20:07:24.644370+00:00,132.7,3,bid,,,11267290
2026-07-07T20:07:25.033871,2026-07-07T20:07:25.043742+00:00,132.6,11,bid,,,11267294
2026-07-07T20:07:25.324540,2026-07-07T20:07:25.336241+00:00,132.6,44,bid,,,11267302
2026-07-07T20:07:25.947797,2026-07-07T20:07:25.954210+00:00,132.2,45,ask,,,11267306
2026-07-07T20:07:28.259382,2026-07-07T20:07:28.267725+00:00,132.4,12,bid,,,11267333
2026-07-07T20:07:30.468734,2026-07-07T20:07:30.479641+00:00,132.4,42,bid,,,11267349
2026-07-07T20:07:30.595799,2026-07-07T20:07:30.605251+00:00,132.4,11,bid,,,11267355
2026-07-07T20:07:32.900946,2026-07-07T20:07:32.916648+00:00,132.3,3,ask,,,11267371
2026-07-07T20:07:32.900946,2026-07-07T20:07:32.916648+00:00,132.2,41,ask,,,11267372
2026-07-07T20:07:32.914745,2026-07-07T20:07:32.921874+00:00,132.2,50,ask,,,11267373
2026-07-07T20:07:36.120726,2026-07-07T20:07:36.132228+00:00,132.3,48,bid,,,11267424
2026-07-07T20:07:36.652497,2026-07-07T20:07:36.664127+00:00,132.1,45,ask,,,11267432
2026-07-07T20:07:37.074843,2026-07-07T20:07:37.087644+00:00,132.3,50,bid,,,11267439
2026-07-07T20:07:37.146002,2026-07-07T20:07:37.155035+00:00,132.3,2,bid,,,11267442
2026-07-07T20:07:39.129130,2026-07-07T20:07:39.140741+00:00,132.8,44,bid,,,11267468
2026-07-07T20:07:39.183943,2026-07-07T20:07:39.193662+00:00,132.8,50,bid,,,11267469
2026-07-07T20:07:41.290051,2026-07-07T20:07:41.302214+00:00,132.7,50,bid,,,11267508
2026-07-07T20:07:41.820007,2026-07-07T20:07:41.831847+00:00,132.4,43,ask,,,11267513
2026-07-07T20:07:43.421852,2026-07-07T20:07:43.428479+00:00,132.7,50,bid,,,11267544
2026-07-07T20:07:43.999263,2026-07-07T20:07:44.012673+00:00,132.7,2,ask,,,11267549
2026-07-07T20:07:44.521243,2026-07-07T20:07:44.558869+00:00,133.0,40,bid,,,11267555
2026-07-07T20:07:45.006661,2026-07-07T20:07:45.014938+00:00,133.0,47,bid,,,11267561
2026-07-07T20:07:45.529022,2026-07-07T20:07:45.540797+00:00,133.0,50,bid,,,11267569
2026-07-07T20:07:46.724328,2026-07-07T20:07:46.729462+00:00,132.7,44,ask,,,11267585
2026-07-07T20:07:47.169014,2026-07-07T20:07:47.180834+00:00,133.5,12,bid,,,11267588
2026-07-07T20:07:47.203579,2026-07-07T20:07:47.215406+00:00,133.6,100,ask,,,11267589
2026-07-07T20:07:47.649411,2026-07-07T20:07:47.659123+00:00,133.6,34,ask,,,11267596
2026-07-07T20:07:47.659666,2026-07-07T20:07:47.674435+00:00,134.0,12,bid,,,11267598
2026-07-07T20:07:47.659666,2026-07-07T20:07:47.674435+00:00,134.1,38,bid,,,11267599
2026-07-07T20:07:48.960248,2026-07-07T20:07:48.968944+00:00,133.6,3,ask,,,11267617
2026-07-07T20:07:49.767586,2026-07-07T20:07:49.777514+00:00,134.1,50,bid,,,11267629
2026-07-07T20:07:50.888323,2026-07-07T20:07:50.899893+00:00,133.3,43,ask,,,11267642
2026-07-07T20:07:51.885695,2026-07-07T20:07:51.897698+00:00,133.6,12,bid,,,11267652
2026-07-07T20:07:51.885695,2026-07-07T20:07:51.897698+00:00,133.7,38,bid,,,11267653
2026-07-07T20:07:52.467756,2026-07-07T20:07:52.479328+00:00,133.7,46,bid,,,11267662
2026-07-07T20:07:54.046186,2026-07-07T20:07:54.058081+00:00,133.6,50,ask,,,11267683
2026-07-07T20:07:54.261146,2026-07-07T20:07:54.269851+00:00,133.6,12,ask,,,11267687
2026-07-07T20:07:55.988040,2026-07-07T20:07:55.999844+00:00,133.6,43,ask,,,11267716
2026-07-07T20:07:56.103538,2026-07-07T20:07:56.115165+00:00,133.7,50,bid,,,11267719
2026-07-07T20:07:56.596507,2026-07-07T20:07:56.606844+00:00,133.6,42,ask,,,11267723
2026-07-07T20:07:58.211774,2026-07-07T20:07:58.219353+00:00,133.6,50,bid,,,11267751
2026-07-07T20:07:59.152802,2026-07-07T20:07:59.164236+00:00,133.6,41,bid,,,11267763
2026-07-07T20:07:59.716207,2026-07-07T20:07:59.727951+00:00,133.6,46,bid,,,11267779
2026-07-07T20:08:00.320623,2026-07-07T20:08:00.327739+00:00,133.7,12,bid,,,11267788
2026-07-07T20:08:00.320623,2026-07-07T20:08:00.332768+00:00,133.9,38,bid,,,11267789
2026-07-07T20:08:01.729593,2026-07-07T20:08:01.749627+00:00,133.5,42,ask,,,11267809
2026-07-07T20:08:02.429932,2026-07-07T20:08:02.441586+00:00,133.9,50,bid,,,11267819
2026-07-07T20:08:04.538791,2026-07-07T20:08:04.550388+00:00,133.8,12,bid,,,11267845
2026-07-07T20:08:04.538791,2026-07-07T20:08:04.550388+00:00,133.9,38,bid,,,11267846
2026-07-07T20:08:06.416639,2026-07-07T20:08:06.427095+00:00,134.1,12,bid,,,11267878
2026-07-07T20:08:06.650051,2026-07-07T20:08:06.656530+00:00,134.2,50,bid,,,11267882
2026-07-07T20:08:07.463580,2026-07-07T20:08:07.474900+00:00,133.9,45,ask,,,11267889
2026-07-07T20:08:08.666022,2026-07-07T20:08:08.675725+00:00,133.9,26,ask,,,11267907
2026-07-07T20:08:08.759163,2026-07-07T20:08:08.770660+00:00,134.2,50,bid,,,11267909
2026-07-07T20:08:09.364003,2026-07-07T20:08:09.373544+00:00,134.1,100,ask,,,11267918
2026-07-07T20:08:09.883416,2026-07-07T20:08:09.894825+00:00,134.1,3,ask,,,11267922
2026-07-07T20:08:10.143507,2026-07-07T20:08:10.163966+00:00,134.1,3,ask,,,11267929
2026-07-07T20:08:10.405762,2026-07-07T20:08:10.417895+00:00,134.1,3,ask,,,11267932
2026-07-07T20:08:10.701189,2026-07-07T20:08:10.708960+00:00,134.1,3,ask,,,11267939
2026-07-07T20:08:10.917907,2026-07-07T20:08:10.924377+00:00,134.1,38,ask,,,11267946
2026-07-07T20:08:10.917907,2026-07-07T20:08:10.929545+00:00,133.6,12,ask,,,11267947
2026-07-07T20:08:12.607136,2026-07-07T20:08:12.615891+00:00,133.9,12,bid,,,11267972
2026-07-07T20:08:13.028456,2026-07-07T20:08:13.036964+00:00,133.8,50,ask,,,11267979
2026-07-07T20:08:13.941375,2026-07-07T20:08:13.958560+00:00,133.9,45,bid,,,11267991
2026-07-07T20:08:14.401064,2026-07-07T20:08:14.407876+00:00,133.8,42,ask,,,11268001
2026-07-07T20:08:14.677516,2026-07-07T20:08:14.690529+00:00,133.9,11,bid,,,11268005
2026-07-07T20:08:15.135929,2026-07-07T20:08:15.147710+00:00,133.8,8,ask,,,11268015
2026-07-07T20:08:15.135929,2026-07-07T20:08:15.147710+00:00,133.5,12,ask,,,11268016
2026-07-07T20:08:15.135929,2026-07-07T20:08:15.147710+00:00,133.4,30,ask,,,11268017
2026-07-07T20:08:15.454098,2026-07-07T20:08:15.466040+00:00,133.9,44,bid,,,11268023
2026-07-07T20:08:16.089335,2026-07-07T20:08:16.108156+00:00,133.9,3,bid,,,11268029
2026-07-07T20:08:16.134244,2026-07-07T20:08:16.145663+00:00,133.8,44,ask,,,11268033
2026-07-07T20:08:16.611026,2026-07-07T20:08:16.620612+00:00,133.9,8,bid,,,11268044
2026-07-07T20:08:16.611026,2026-07-07T20:08:16.620612+00:00,134.0,34,bid,,,11268045
2026-07-07T20:08:17.196669,2026-07-07T20:08:17.208653+00:00,134.0,50,bid,,,11268052
2026-07-07T20:08:19.356245,2026-07-07T20:08:19.367951+00:00,134.0,50,ask,,,11268078
2026-07-07T20:08:20.164788,2026-07-07T20:08:20.176575+00:00,134.0,41,ask,,,11268088
2026-07-07T20:08:21.464017,2026-07-07T20:08:21.472055+00:00,134.0,9,ask,,,11268098
2026-07-07T20:08:21.464017,2026-07-07T20:08:21.472055+00:00,133.8,12,ask,,,11268099
2026-07-07T20:08:21.464017,2026-07-07T20:08:21.477078+00:00,133.8,29,ask,,,11268100
2026-07-07T20:08:23.573170,2026-07-07T20:08:23.584901+00:00,133.5,12,ask,,,11268124
2026-07-07T20:08:23.573170,2026-07-07T20:08:23.584901+00:00,133.4,38,ask,,,11268125
2026-07-07T20:08:25.624291,2026-07-07T20:08:25.636201+00:00,134.1,48,bid,,,11268157
2026-07-07T20:08:25.682374,2026-07-07T20:08:25.694245+00:00,133.7,50,ask,,,11268158
2026-07-07T20:08:26.616984,2026-07-07T20:08:26.628778+00:00,134.1,48,bid,,,11268171
2026-07-07T20:08:27.789473,2026-07-07T20:08:27.801195+00:00,133.8,12,ask,,,11268192
2026-07-07T20:08:27.789473,2026-07-07T20:08:27.801195+00:00,133.7,38,ask,,,11268193
2026-07-07T20:08:28.373018,2026-07-07T20:08:28.384618+00:00,134.1,47,ask,,,11268200
2026-07-07T20:08:28.413305,2026-07-07T20:08:28.424796+00:00,134.1,53,ask,,,11268203
2026-07-07T20:08:31.728866,2026-07-07T20:08:31.739740+00:00,133.7,12,ask,,,11268236
2026-07-07T20:08:31.728866,2026-07-07T20:08:31.739740+00:00,133.6,29,ask,,,11268237
2026-07-07T20:08:32.002638,2026-07-07T20:08:32.012807+00:00,133.6,50,ask,,,11268242
2026-07-07T20:08:33.939660,2026-07-07T20:08:33.958552+00:00,134.0,12,bid,,,11268263
2026-07-07T20:08:33.939660,2026-07-07T20:08:33.958552+00:00,134.1,30,bid,,,11268264
2026-07-07T20:08:34.059666,2026-07-07T20:08:34.071228+00:00,134.1,50,bid,,,11268266
2026-07-07T20:08:36.222021,2026-07-07T20:08:36.232302+00:00,133.6,12,ask,,,11268298
2026-07-07T20:08:36.222021,2026-07-07T20:08:36.232302+00:00,133.5,38,ask,,,11268299
2026-07-07T20:08:36.985628,2026-07-07T20:08:36.997230+00:00,134.0,49,bid,,,11268311
2026-07-07T20:08:38.335119,2026-07-07T20:08:38.343193+00:00,133.8,50,ask,,,11268322
2026-07-07T20:08:39.529436,2026-07-07T20:08:39.541266+00:00,133.8,49,ask,,,11268344
2026-07-07T20:08:40.442998,2026-07-07T20:08:40.458563+00:00,133.8,1,ask,,,11268358
2026-07-07T20:08:40.442998,2026-07-07T20:08:40.458563+00:00,133.8,12,ask,,,11268359
2026-07-07T20:08:40.442998,2026-07-07T20:08:40.458563+00:00,133.7,37,ask,,,11268360
2026-07-07T20:08:41.031670,2026-07-07T20:08:41.040403+00:00,133.7,12,ask,,,11268366
2026-07-07T20:08:41.449629,2026-07-07T20:08:41.458202+00:00,133.7,3,bid,,,11268373
2026-07-07T20:08:42.567095,2026-07-07T20:08:42.578902+00:00,133.4,12,ask,,,11268388
2026-07-07T20:08:42.567095,2026-07-07T20:08:42.578902+00:00,133.3,38,ask,,,11268389
2026-07-07T20:08:44.483846,2026-07-07T20:08:44.490217+00:00,133.7,42,bid,,,11268426
2026-07-07T20:08:44.624900,2026-07-07T20:08:44.636462+00:00,133.7,50,bid,,,11268428
2026-07-07T20:08:45.170661,2026-07-07T20:08:45.181261+00:00,133.7,11,bid,,,11268432
2026-07-07T20:08:46.814250,2026-07-07T20:08:46.825853+00:00,133.3,50,ask,,,11268450
2026-07-07T20:08:47.369685,2026-07-07T20:08:47.379493+00:00,133.7,100,ask,,,11268453
2026-07-07T20:08:48.922660,2026-07-07T20:08:48.934209+00:00,133.7,50,ask,,,11268474
2026-07-07T20:08:49.185770,2026-07-07T20:08:49.195006+00:00,133.6,11,ask,,,11268476
2026-07-07T20:08:49.185770,2026-07-07T20:08:49.195006+00:00,133.2,34,ask,,,11268477
2026-07-07T20:08:50.681539,2026-07-07T20:08:50.689938+00:00,133.7,42,bid,,,11268496
2026-07-07T20:08:51.061700,2026-07-07T20:08:51.073435+00:00,133.5,50,ask,,,11268502
2026-07-07T20:08:53.170934,2026-07-07T20:08:53.178402+00:00,133.5,50,ask,,,11268529
2026-07-07T20:08:55.278774,2026-07-07T20:08:55.290625+00:00,133.3,50,ask,,,11268559
2026-07-07T20:08:56.923115,2026-07-07T20:08:56.933492+00:00,133.4,12,bid,,,11268583
2026-07-07T20:08:57.389874,2026-07-07T20:08:57.398879+00:00,133.0,50,ask,,,11268592
2026-07-07T20:08:57.396665,2026-07-07T20:08:57.404336+00:00,133.4,40,bid,,,11268593
2026-07-07T20:08:58.515279,2026-07-07T20:08:58.525061+00:00,133.4,11,bid,,,11268607
2026-07-07T20:09:00.964404,2026-07-07T20:09:00.975877+00:00,133.3,43,ask,,,11268636
2026-07-07T20:09:01.149259,2026-07-07T20:09:01.164058+00:00,133.4,12,bid,,,11268640
2026-07-07T20:09:01.553941,2026-07-07T20:09:01.566023+00:00,133.4,50,bid,,,11268645
2026-07-07T20:09:01.934380,2026-07-07T20:09:01.943920+00:00,133.4,38,bid,,,11268655
2026-07-07T20:09:03.723201,2026-07-07T20:09:03.732685+00:00,133.2,50,ask,,,11268677
2026-07-07T20:09:03.912442,2026-07-07T20:09:03.924290+00:00,133.2,44,ask,,,11268679
2026-07-07T20:09:04.932290,2026-07-07T20:09:04.941353+00:00,133.2,6,ask,,,11268694
2026-07-07T20:09:04.932290,2026-07-07T20:09:04.941353+00:00,133.1,38,ask,,,11268695
2026-07-07T20:09:05.090810,2026-07-07T20:09:05.102728+00:00,133.1,12,ask,,,11268699
2026-07-07T20:09:05.778846,2026-07-07T20:09:05.790391+00:00,133.5,12,bid,,,11268713
2026-07-07T20:09:05.778846,2026-07-07T20:09:05.790391+00:00,133.6,38,bid,,,11268714
2026-07-07T20:09:06.571251,2026-07-07T20:09:06.582617+00:00,133.0,3,bid,,,11268725
2026-07-07T20:09:06.842230,2026-07-07T20:09:06.858574+00:00,133.0,3,bid,,,11268731
2026-07-07T20:09:07.107781,2026-07-07T20:09:07.119335+00:00,133.0,3,bid,,,11268734
2026-07-07T20:09:07.709898,2026-07-07T20:09:07.718437+00:00,133.0,12,bid,,,11268743
2026-07-07T20:09:07.887905,2026-07-07T20:09:07.895089+00:00,133.0,50,bid,,,11268747
2026-07-07T20:09:08.171912,2026-07-07T20:09:08.180344+00:00,133.0,11,bid,,,11268751
2026-07-07T20:09:08.737048,2026-07-07T20:09:08.746342+00:00,133.0,18,bid,,,11268758
2026-07-07T20:09:08.737048,2026-07-07T20:09:08.746342+00:00,133.1,22,bid,,,11268759
2026-07-07T20:09:09.267180,2026-07-07T20:09:09.278864+00:00,132.9,3,ask,,,11268765
2026-07-07T20:09:09.997729,2026-07-07T20:09:10.009630+00:00,133.4,50,bid,,,11268772
2026-07-07T20:09:11.641239,2026-07-07T20:09:11.652397+00:00,133.0,11,ask,,,11268791
2026-07-07T20:09:11.920668,2026-07-07T20:09:11.932014+00:00,133.0,41,ask,,,11268800
2026-07-07T20:09:12.105136,2026-07-07T20:09:12.117030+00:00,133.4,50,bid,,,11268801
2026-07-07T20:09:12.406752,2026-07-07T20:09:12.415400+00:00,133.0,43,ask,,,11268803
2026-07-07T20:09:12.666968,2026-07-07T20:09:12.676478+00:00,133.0,100,bid,,,11268806
2026-07-07T20:09:12.677642,2026-07-07T20:09:12.686480+00:00,133.1,12,ask,,,11268807
2026-07-07T20:09:14.246472,2026-07-07T20:09:14.256034+00:00,133.6,50,bid,,,11268833
2026-07-07T20:09:16.072841,2026-07-07T20:09:16.079513+00:00,133.5,44,bid,,,11268862
2026-07-07T20:09:16.352499,2026-07-07T20:09:16.364097+00:00,133.5,50,bid,,,11268864
2026-07-07T20:09:17.064221,2026-07-07T20:09:17.075687+00:00,133.5,6,bid,,,11268873
2026-07-07T20:09:17.064221,2026-07-07T20:09:17.075687+00:00,133.6,12,bid,,,11268874
2026-07-07T20:09:17.064221,2026-07-07T20:09:17.075687+00:00,133.6,28,bid,,,11268875
2026-07-07T20:09:17.702203,2026-07-07T20:09:17.713947+00:00,133.1,43,ask,,,11268880
2026-07-07T20:09:18.488485,2026-07-07T20:09:18.497969+00:00,133.6,50,bid,,,11268894
2026-07-07T20:09:19.752785,2026-07-07T20:09:19.764503+00:00,133.1,12,ask,,,11268915
2026-07-07T20:09:19.752785,2026-07-07T20:09:19.764503+00:00,133.1,28,ask,,,11268916
2026-07-07T20:09:20.292917,2026-07-07T20:09:20.305124+00:00,133.5,12,bid,,,11268923
2026-07-07T20:09:20.292917,2026-07-07T20:09:20.305124+00:00,133.5,33,bid,,,11268924
2026-07-07T20:09:20.598577,2026-07-07T20:09:20.606088+00:00,133.5,50,bid,,,11268933
2026-07-07T20:09:20.847226,2026-07-07T20:09:20.855819+00:00,133.1,23,ask,,,11268937
2026-07-07T20:09:22.156524,2026-07-07T20:09:22.168662+00:00,133.1,100,ask,,,11268955
2026-07-07T20:09:22.716585,2026-07-07T20:09:22.723792+00:00,133.4,12,bid,,,11268962
2026-07-07T20:09:22.716585,2026-07-07T20:09:22.729037+00:00,133.6,38,bid,,,11268963
2026-07-07T20:09:23.701711,2026-07-07T20:09:23.717044+00:00,133.5,12,bid,,,11268976
2026-07-07T20:09:23.701711,2026-07-07T20:09:23.717044+00:00,133.6,30,bid,,,11268977
2026-07-07T20:09:24.824253,2026-07-07T20:09:24.835592+00:00,133.6,50,bid,,,11268991
2026-07-07T20:09:24.931941,2026-07-07T20:09:24.943203+00:00,133.1,41,ask,,,11268993
2026-07-07T20:09:25.535505,2026-07-07T20:09:25.546552+00:00,133.6,47,bid,,,11269003
2026-07-07T20:09:27.009107,2026-07-07T20:09:27.016058+00:00,133.2,50,ask,,,11269018
2026-07-07T20:09:29.064257,2026-07-07T20:09:29.075839+00:00,133.6,12,bid,,,11269045
2026-07-07T20:09:29.064257,2026-07-07T20:09:29.075839+00:00,133.6,38,bid,,,11269046
2026-07-07T20:09:29.086122,2026-07-07T20:09:29.097628+00:00,133.3,46,ask,,,11269047
2026-07-07T20:09:31.111771,2026-07-07T20:09:31.123635+00:00,133.6,43,bid,,,11269069
2026-07-07T20:09:31.172420,2026-07-07T20:09:31.183920+00:00,133.6,50,bid,,,11269073
2026-07-07T20:09:31.320886,2026-07-07T20:09:31.329731+00:00,133.3,11,ask,,,11269074
2026-07-07T20:09:31.668633,2026-07-07T20:09:31.680162+00:00,133.5,100,bid,,,11269079
2026-07-07T20:09:31.741576,2026-07-07T20:09:31.750935+00:00,133.5,3,ask,,,11269080
2026-07-07T20:09:33.279780,2026-07-07T20:09:33.291491+00:00,133.8,12,bid,,,11269104
2026-07-07T20:09:33.279780,2026-07-07T20:09:33.291491+00:00,133.9,38,bid,,,11269105
2026-07-07T20:09:34.289327,2026-07-07T20:09:34.301583+00:00,133.5,47,ask,,,11269117
2026-07-07T20:09:34.289327,2026-07-07T20:09:34.301583+00:00,133.1,2,ask,,,11269118
2026-07-07T20:09:34.937673,2026-07-07T20:09:34.946871+00:00,133.6,12,bid,,,11269131
2026-07-07T20:09:34.937673,2026-07-07T20:09:34.946871+00:00,133.6,29,bid,,,11269132
2026-07-07T20:09:35.388000,2026-07-07T20:09:35.399963+00:00,133.5,12,bid,,,11269142
2026-07-07T20:09:35.388000,2026-07-07T20:09:35.399963+00:00,133.6,38,bid,,,11269143
2026-07-07T20:09:36.649444,2026-07-07T20:09:36.661006+00:00,133.2,49,ask,,,11269163
2026-07-07T20:09:37.149926,2026-07-07T20:09:37.163668+00:00,133.6,41,bid,,,11269166
2026-07-07T20:09:38.323406,2026-07-07T20:09:38.335261+00:00,133.3,47,ask,,,11269174
2026-07-07T20:09:38.838502,2026-07-07T20:09:38.849216+00:00,133.5,46,bid,,,11269179
2026-07-07T20:09:38.893117,2026-07-07T20:09:38.899976+00:00,133.3,44,ask,,,11269181
2026-07-07T20:09:39.518268,2026-07-07T20:09:39.525198+00:00,133.4,12,bid,,,11269188
2026-07-07T20:09:39.518268,2026-07-07T20:09:39.530442+00:00,133.5,31,bid,,,11269189
2026-07-07T20:09:39.654538,2026-07-07T20:09:39.666275+00:00,133.3,50,ask,,,11269193
2026-07-07T20:09:41.205230,2026-07-07T20:09:41.216886+00:00,133.3,100,ask,,,11269217
2026-07-07T20:09:41.710075,2026-07-07T20:09:41.721416+00:00,133.3,50,bid,,,11269227
2026-07-07T20:09:42.185495,2026-07-07T20:09:42.197021+00:00,133.2,12,ask,,,11269231
2026-07-07T20:09:44.338669,2026-07-07T20:09:44.369316+00:00,133.5,12,bid,,,11269260
2026-07-07T20:09:45.971028,2026-07-07T20:09:45.982707+00:00,133.6,50,ask,,,11269280
2026-07-07T20:09:47.119509,2026-07-07T20:09:47.131251+00:00,133.7,40,bid,,,11269303
2026-07-07T20:09:48.027501,2026-07-07T20:09:48.039462+00:00,133.7,12,bid,,,11269313
2026-07-07T20:09:48.027501,2026-07-07T20:09:48.039462+00:00,133.9,38,bid,,,11269314
2026-07-07T20:09:49.629744,2026-07-07T20:09:49.641364+00:00,133.5,45,ask,,,11269326
2026-07-07T20:09:50.190609,2026-07-07T20:09:50.201273+00:00,133.5,50,ask,,,11269337
2026-07-07T20:09:50.666901,2026-07-07T20:09:50.676772+00:00,134.0,43,bid,,,11269347
2026-07-07T20:09:50.717526,2026-07-07T20:09:50.725336+00:00,133.5,100,ask,,,11269348
2026-07-07T20:09:51.264580,2026-07-07T20:09:51.276468+00:00,133.4,12,ask,,,11269352
2026-07-07T20:09:51.264580,2026-07-07T20:09:51.276468+00:00,133.0,34,ask,,,11269353
2026-07-07T20:09:52.245665,2026-07-07T20:09:52.257254+00:00,133.5,50,bid,,,11269361
2026-07-07T20:09:52.935350,2026-07-07T20:09:52.944838+00:00,133.7,12,bid,,,11269368
2026-07-07T20:09:52.935350,2026-07-07T20:09:52.944838+00:00,134.0,36,bid,,,11269369
2026-07-07T20:09:54.402797,2026-07-07T20:09:54.414518+00:00,133.4,50,ask,,,11269387
2026-07-07T20:09:56.516821,2026-07-07T20:09:56.527858+00:00,133.5,12,ask,,,11269413
2026-07-07T20:09:56.516821,2026-07-07T20:09:56.527858+00:00,133.4,38,ask,,,11269414
2026-07-07T20:09:57.999118,2026-07-07T20:09:58.010693+00:00,133.7,40,ask,,,11269435
2026-07-07T20:09:58.574023,2026-07-07T20:09:58.585730+00:00,133.9,50,bid,,,11269445
2026-07-07T20:10:00.965038,2026-07-07T20:10:00.973124+00:00,133.9,12,bid,,,11269477
2026-07-07T20:10:00.965038,2026-07-07T20:10:00.973124+00:00,134.0,34,bid,,,11269478
2026-07-07T20:10:01.546153,2026-07-07T20:10:01.558545+00:00,133.5,12,ask,,,11269481
2026-07-07T20:10:01.546153,2026-07-07T20:10:01.558545+00:00,133.5,37,ask,,,11269482
2026-07-07T20:10:02.836073,2026-07-07T20:10:02.848895+00:00,133.5,50,ask,,,11269509
2026-07-07T20:10:03.308401,2026-07-07T20:10:03.314936+00:00,133.7,41,bid,,,11269518
2026-07-07T20:10:04.943390,2026-07-07T20:10:04.958553+00:00,133.4,50,ask,,,11269542
2026-07-07T20:10:06.712562,2026-07-07T20:10:06.720833+00:00,133.7,3,bid,,,11269571
2026-07-07T20:10:07.050677,2026-07-07T20:10:07.057363+00:00,133.5,12,ask,,,11269577
2026-07-07T20:10:07.050677,2026-07-07T20:10:07.057363+00:00,133.4,38,ask,,,11269578
2026-07-07T20:10:07.255470,2026-07-07T20:10:07.263610+00:00,133.8,40,bid,,,11269583
2026-07-07T20:10:09.167850,2026-07-07T20:10:09.179428+00:00,133.5,12,ask,,,11269602
2026-07-07T20:10:09.167850,2026-07-07T20:10:09.179428+00:00,133.4,38,ask,,,11269603
2026-07-07T20:10:11.276454,2026-07-07T20:10:11.288081+00:00,133.6,50,ask,,,11269625
2026-07-07T20:10:13.413940,2026-07-07T20:10:13.425719+00:00,133.6,12,ask,,,11269644
2026-07-07T20:10:13.413940,2026-07-07T20:10:13.425719+00:00,133.4,38,ask,,,11269645
2026-07-07T20:10:16.966153,2026-07-07T20:10:16.974759+00:00,133.3,12,ask,,,11269688
2026-07-07T20:10:16.966153,2026-07-07T20:10:16.979751+00:00,133.2,33,ask,,,11269689
2026-07-07T20:10:17.550362,2026-07-07T20:10:17.558116+00:00,133.5,47,bid,,,11269696
2026-07-07T20:10:18.075738,2026-07-07T20:10:18.084526+00:00,133.2,48,ask,,,11269704
2026-07-07T20:10:18.521951,2026-07-07T20:10:18.530309+00:00,133.5,11,bid,,,11269711
2026-07-07T20:10:19.739472,2026-07-07T20:10:19.751190+00:00,133.7,41,bid,,,11269727
2026-07-07T20:10:19.767063,2026-07-07T20:10:19.774062+00:00,133.5,50,ask,,,11269728
2026-07-07T20:10:22.104363,2026-07-07T20:10:22.111981+00:00,133.5,42,ask,,,11269755
2026-07-07T20:10:22.700795,2026-07-07T20:10:22.712331+00:00,133.5,12,ask,,,11269758
2026-07-07T20:10:23.335971,2026-07-07T20:10:23.347623+00:00,133.6,44,bid,,,11269766
2026-07-07T20:10:23.927788,2026-07-07T20:10:23.939248+00:00,133.6,50,bid,,,11269778
2026-07-07T20:10:25.528599,2026-07-07T20:10:25.538028+00:00,133.6,40,ask,,,11269795
2026-07-07T20:10:26.052249,2026-07-07T20:10:26.063897+00:00,133.8,50,bid,,,11269805
2026-07-07T20:10:26.772611,2026-07-07T20:10:26.784421+00:00,133.6,41,ask,,,11269811
2026-07-07T20:10:28.162598,2026-07-07T20:10:28.171121+00:00,133.8,50,bid,,,11269827
2026-07-07T20:10:28.894375,2026-07-07T20:10:28.906266+00:00,133.9,12,bid,,,11269833
2026-07-07T20:10:28.894375,2026-07-07T20:10:28.906266+00:00,133.9,28,bid,,,11269834
2026-07-07T20:10:30.328337,2026-07-07T20:10:30.342126+00:00,133.7,50,ask,,,11269850
2026-07-07T20:10:30.963931,2026-07-07T20:10:30.975454+00:00,133.9,46,bid,,,11269860
2026-07-07T20:10:31.437920,2026-07-07T20:10:31.449646+00:00,133.7,45,ask,,,11269868
2026-07-07T20:10:34.487706,2026-07-07T20:10:34.503283+00:00,134.1,50,bid,,,11269912
2026-07-07T20:10:36.627262,2026-07-07T20:10:36.638900+00:00,134.1,12,bid,,,11269942
2026-07-07T20:10:36.627262,2026-07-07T20:10:36.638900+00:00,134.1,38,bid,,,11269943
2026-07-07T20:10:37.097915,2026-07-07T20:10:37.109793+00:00,133.9,12,ask,,,11269948
2026-07-07T20:10:37.657367,2026-07-07T20:10:37.669054+00:00,134.1,41,bid,,,11269964
2026-07-07T20:10:38.738317,2026-07-07T20:10:38.746191+00:00,134.2,12,bid,,,11269973
2026-07-07T20:10:38.738317,2026-07-07T20:10:38.751424+00:00,134.4,38,bid,,,11269974
2026-07-07T20:10:38.944226,2026-07-07T20:10:38.953699+00:00,134.1,11,ask,,,11269978
2026-07-07T20:10:40.843498,2026-07-07T20:10:40.851230+00:00,134.1,3,ask,,,11270010
2026-07-07T20:10:40.907410,2026-07-07T20:10:40.918719+00:00,134.1,50,ask,,,11270014
2026-07-07T20:10:41.610186,2026-07-07T20:10:41.622062+00:00,133.8,49,ask,,,11270024
2026-07-07T20:10:42.089718,2026-07-07T20:10:42.096851+00:00,134.1,47,bid,,,11270033
2026-07-07T20:10:42.967047,2026-07-07T20:10:42.974561+00:00,134.1,50,bid,,,11270046
2026-07-07T20:10:43.458325,2026-07-07T20:10:43.467219+00:00,134.1,3,bid,,,11270048
2026-07-07T20:10:44.847523,2026-07-07T20:10:44.860722+00:00,134.2,40,ask,,,11270064
2026-07-07T20:10:46.111716,2026-07-07T20:10:46.120802+00:00,134.2,3,ask,,,11270090
2026-07-07T20:10:46.319773,2026-07-07T20:10:46.331606+00:00,134.2,43,ask,,,11270095
2026-07-07T20:10:46.357026,2026-07-07T20:10:46.355739+00:00,134.2,12,ask,,,11270099
2026-07-07T20:10:47.195350,2026-07-07T20:10:47.207079+00:00,134.4,50,bid,,,11270119
2026-07-07T20:10:49.302922,2026-07-07T20:10:49.314611+00:00,134.4,50,bid,,,11270149
2026-07-07T20:10:50.999038,2026-07-07T20:10:51.010846+00:00,134.4,12,bid,,,11270171
2026-07-07T20:10:50.999038,2026-07-07T20:10:51.010846+00:00,134.5,29,bid,,,11270172
2026-07-07T20:10:51.461639,2026-07-07T20:10:51.469337+00:00,134.0,12,ask,,,11270185
2026-07-07T20:10:51.461639,2026-07-07T20:10:51.474657+00:00,134.0,38,ask,,,11270186
2026-07-07T20:10:53.373832,2026-07-07T20:10:53.380600+00:00,134.5,45,bid,,,11270213
2026-07-07T20:10:53.570685,2026-07-07T20:10:53.580042+00:00,134.0,50,ask,,,11270218
2026-07-07T20:10:53.955418,2026-07-07T20:10:53.952405+00:00,134.1,46,ask,,,11270220
2026-07-07T20:10:55.677330,2026-07-07T20:10:55.689419+00:00,134.2,50,ask,,,11270243
2026-07-07T20:10:57.785298,2026-07-07T20:10:57.795091+00:00,133.9,50,ask,,,11270272
2026-07-07T20:10:58.700545,2026-07-07T20:10:58.709288+00:00,134.3,12,bid,,,11270280
2026-07-07T20:10:58.700545,2026-07-07T20:10:58.709288+00:00,134.4,34,bid,,,11270281
2026-07-07T20:10:59.892176,2026-07-07T20:10:59.901342+00:00,133.9,50,ask,,,11270294
2026-07-07T20:11:00.131394,2026-07-07T20:11:00.141964+00:00,133.9,47,ask,,,11270301
2026-07-07T20:11:00.728759,2026-07-07T20:11:00.737576+00:00,134.2,3,bid,,,11270312
2026-07-07T20:11:02.010773,2026-07-07T20:11:02.017934+00:00,134.0,12,ask,,,11270327
2026-07-07T20:11:02.010773,2026-07-07T20:11:02.023115+00:00,133.7,38,ask,,,11270328
2026-07-07T20:11:02.065573,2026-07-07T20:11:02.074383+00:00,134.2,47,bid,,,11270329
2026-07-07T20:11:02.565532,2026-07-07T20:11:02.576718+00:00,134.2,40,bid,,,11270333
2026-07-07T20:11:02.620672,2026-07-07T20:11:02.632522+00:00,133.8,12,ask,,,11270334
2026-07-07T20:11:02.620672,2026-07-07T20:11:02.632522+00:00,133.7,28,ask,,,11270335
2026-07-07T20:11:04.069260,2026-07-07T20:11:04.080861+00:00,134.3,50,bid,,,11270357
2026-07-07T20:11:05.202893,2026-07-07T20:11:05.214866+00:00,134.0,12,ask,,,11270369
2026-07-07T20:11:05.202893,2026-07-07T20:11:05.214866+00:00,133.9,37,ask,,,11270370
2026-07-07T20:11:05.713368,2026-07-07T20:11:05.720780+00:00,134.3,42,bid,,,11270378
2026-07-07T20:11:06.179790,2026-07-07T20:11:06.187726+00:00,134.2,12,bid,,,11270395
2026-07-07T20:11:06.179790,2026-07-07T20:11:06.192775+00:00,134.3,38,bid,,,11270396
2026-07-07T20:11:06.609525,2026-07-07T20:11:06.621195+00:00,134.0,100,bid,,,11270399
2026-07-07T20:11:07.091939,2026-07-07T20:11:07.101326+00:00,134.1,3,ask,,,11270410
2026-07-07T20:11:08.287344,2026-07-07T20:11:08.299076+00:00,134.5,12,bid,,,11270430
2026-07-07T20:11:08.287344,2026-07-07T20:11:08.299076+00:00,134.6,38,bid,,,11270431
2026-07-07T20:11:12.499111,2026-07-07T20:11:12.510852+00:00,134.3,50,bid,,,11270483
2026-07-07T20:11:13.544119,2026-07-07T20:11:13.558560+00:00,134.1,41,ask,,,11270495
2026-07-07T20:11:14.592641,2026-07-07T20:11:14.604554+00:00,134.1,41,ask,,,11270506
2026-07-07T20:11:14.665180,2026-07-07T20:11:14.675151+00:00,134.1,18,ask,,,11270508
2026-07-07T20:11:14.665180,2026-07-07T20:11:14.675151+00:00,134.0,32,ask,,,11270509
2026-07-07T20:11:15.147449,2026-07-07T20:11:15.168700+00:00,134.3,12,bid,,,11270513
2026-07-07T20:11:15.147449,2026-07-07T20:11:15.168700+00:00,134.5,31,bid,,,11270514
2026-07-07T20:11:15.760785,2026-07-07T20:11:15.768989+00:00,134.5,48,bid,,,11270530
2026-07-07T20:11:16.777063,2026-07-07T20:11:16.789334+00:00,134.2,50,ask,,,11270543
2026-07-07T20:11:18.495454,2026-07-07T20:11:18.506881+00:00,134.2,46,ask,,,11270567
2026-07-07T20:11:18.884268,2026-07-07T20:11:18.893879+00:00,134.2,50,ask,,,11270570
2026-07-07T20:11:19.085594,2026-07-07T20:11:19.097678+00:00,134.3,42,bid,,,11270574
2026-07-07T20:11:19.142967,2026-07-07T20:11:19.163842+00:00,134.2,4,ask,,,11270576
2026-07-07T20:11:19.142967,2026-07-07T20:11:19.163842+00:00,134.0,12,ask,,,11270577
2026-07-07T20:11:19.331446,2026-07-07T20:11:19.340160+00:00,134.1,3,bid,,,11270579
2026-07-07T20:11:20.118184,2026-07-07T20:11:20.126853+00:00,134.1,11,bid,,,11270593
2026-07-07T20:11:20.646922,2026-07-07T20:11:20.658376+00:00,134.1,12,bid,,,11270598
2026-07-07T20:11:21.530469,2026-07-07T20:11:21.538894+00:00,134.1,12,bid,,,11270614
2026-07-07T20:11:22.342443,2026-07-07T20:11:22.354236+00:00,134.1,100,bid,,,11270626
2026-07-07T20:11:22.446975,2026-07-07T20:11:22.459114+00:00,134.3,12,ask,,,11270628
2026-07-07T20:11:23.096884,2026-07-07T20:11:23.106460+00:00,134.3,50,ask,,,11270637
2026-07-07T20:11:23.245093,2026-07-07T20:11:23.256924+00:00,134.6,44,bid,,,11270638
2026-07-07T20:11:25.151782,2026-07-07T20:11:25.163631+00:00,134.6,50,bid,,,11270659
2026-07-07T20:11:25.236366,2026-07-07T20:11:25.244810+00:00,134.3,40,ask,,,11270660
2026-07-07T20:11:27.264738,2026-07-07T20:11:27.275218+00:00,134.5,50,bid,,,11270691
2026-07-07T20:11:27.393803,2026-07-07T20:11:27.404842+00:00,134.3,12,ask,,,11270697
2026-07-07T20:11:27.393803,2026-07-07T20:11:27.404842+00:00,134.2,31,ask,,,11270698
2026-07-07T20:11:29.022900,2026-07-07T20:11:29.034316+00:00,134.5,12,bid,,,11270718
2026-07-07T20:11:29.022900,2026-07-07T20:11:29.034316+00:00,134.6,28,bid,,,11270719
2026-07-07T20:11:29.371428,2026-07-07T20:11:29.383133+00:00,134.6,50,bid,,,11270723
2026-07-07T20:11:30.665977,2026-07-07T20:11:30.677539+00:00,134.2,41,ask,,,11270745
2026-07-07T20:11:31.499277,2026-07-07T20:11:31.509379+00:00,134.6,22,bid,,,11270761
2026-07-07T20:11:31.499277,2026-07-07T20:11:31.509379+00:00,134.6,12,bid,,,11270762
2026-07-07T20:11:31.499277,2026-07-07T20:11:31.509379+00:00,134.7,16,bid,,,11270763
2026-07-07T20:11:32.025963,2026-07-07T20:11:32.036224+00:00,134.4,11,ask,,,11270771
2026-07-07T20:11:32.343355,2026-07-07T20:11:32.354895+00:00,134.5,12,bid,,,11270777
2026-07-07T20:11:32.343355,2026-07-07T20:11:32.354895+00:00,134.6,31,bid,,,11270778
2026-07-07T20:11:33.915356,2026-07-07T20:11:33.928927+00:00,134.4,47,ask,,,11270797
2026-07-07T20:11:34.386112,2026-07-07T20:11:34.397891+00:00,134.4,42,ask,,,11270804
2026-07-07T20:11:37.871053,2026-07-07T20:11:37.882863+00:00,134.2,12,ask,,,11270841
2026-07-07T20:11:37.871053,2026-07-07T20:11:37.882863+00:00,134.1,38,ask,,,11270842
2026-07-07T20:11:38.903216,2026-07-07T20:11:38.912454+00:00,134.2,48,bid,,,11270852
2026-07-07T20:11:39.971053,2026-07-07T20:11:39.972337+00:00,134.2,46,bid,,,11270861
2026-07-07T20:11:39.983636,2026-07-07T20:11:39.995360+00:00,133.8,12,ask,,,11270862
2026-07-07T20:11:39.983636,2026-07-07T20:11:39.995360+00:00,133.7,38,ask,,,11270863
2026-07-07T20:11:40.494502,2026-07-07T20:11:40.506507+00:00,134.2,6,bid,,,11270873
2026-07-07T20:11:40.494502,2026-07-07T20:11:40.506507+00:00,134.2,38,bid,,,11270874
2026-07-07T20:11:42.092038,2026-07-07T20:11:42.103845+00:00,133.7,12,ask,,,11270885
2026-07-07T20:11:42.092038,2026-07-07T20:11:42.103845+00:00,133.7,38,ask,,,11270886
2026-07-07T20:11:42.172861,2026-07-07T20:11:42.184394+00:00,133.7,42,ask,,,11270888
2026-07-07T20:11:43.123062,2026-07-07T20:11:43.134760+00:00,133.7,20,ask,,,11270904
2026-07-07T20:11:43.123062,2026-07-07T20:11:43.134760+00:00,133.7,25,ask,,,11270905
2026-07-07T20:11:44.221769,2026-07-07T20:11:44.233381+00:00,133.7,50,ask,,,11270913
2026-07-07T20:11:45.306909,2026-07-07T20:11:45.313589+00:00,133.8,42,bid,,,11270929
2026-07-07T20:11:49.953266,2026-07-07T20:11:49.964925+00:00,133.7,40,bid,,,11270989
2026-07-07T20:11:50.492137,2026-07-07T20:11:50.502656+00:00,133.4,12,ask,,,11270996
2026-07-07T20:11:50.492137,2026-07-07T20:11:50.502656+00:00,133.4,28,ask,,,11270997
2026-07-07T20:11:50.538266,2026-07-07T20:11:50.550027+00:00,133.4,50,ask,,,11270998
2026-07-07T20:11:51.393989,2026-07-07T20:11:51.405490+00:00,133.5,42,bid,,,11271009
2026-07-07T20:11:52.594213,2026-07-07T20:11:52.601373+00:00,133.5,50,bid,,,11271030
2026-07-07T20:11:54.702866,2026-07-07T20:11:54.714021+00:00,133.6,50,bid,,,11271062
2026-07-07T20:11:55.214052,2026-07-07T20:11:55.223371+00:00,133.6,11,bid,,,11271069
2026-07-07T20:11:56.060840,2026-07-07T20:11:56.072842+00:00,133.3,12,ask,,,11271079
2026-07-07T20:11:56.060840,2026-07-07T20:11:56.072842+00:00,133.2,32,ask,,,11271080
2026-07-07T20:11:56.862552,2026-07-07T20:11:56.873907+00:00,133.2,50,ask,,,11271093
2026-07-07T20:11:56.959480,2026-07-07T20:11:56.968100+00:00,133.6,12,bid,,,11271095
2026-07-07T20:11:57.261981,2026-07-07T20:11:57.270330+00:00,133.8,100,bid,,,11271100
2026-07-07T20:11:57.276492,2026-07-07T20:11:57.286585+00:00,133.8,12,ask,,,11271101
2026-07-07T20:11:58.271702,2026-07-07T20:11:58.280094+00:00,133.8,11,ask,,,11271116
2026-07-07T20:11:58.968048,2026-07-07T20:11:58.979976+00:00,133.8,27,ask,,,11271121
2026-07-07T20:11:58.968048,2026-07-07T20:11:58.979976+00:00,133.5,12,ask,,,11271122
2026-07-07T20:12:00.478988,2026-07-07T20:12:00.490733+00:00,133.5,100,ask,,,11271140
2026-07-07T20:12:00.491797,2026-07-07T20:12:00.502620+00:00,133.5,11,bid,,,11271141
2026-07-07T20:12:00.883975,2026-07-07T20:12:00.893790+00:00,133.5,12,bid,,,11271143
2026-07-07T20:12:01.029295,2026-07-07T20:12:01.038033+00:00,133.5,27,bid,,,11271148
2026-07-07T20:12:01.029295,2026-07-07T20:12:01.038033+00:00,133.8,12,bid,,,11271149
2026-07-07T20:12:04.859656,2026-07-07T20:12:04.869173+00:00,133.7,12,ask,,,11271199
2026-07-07T20:12:05.736688,2026-07-07T20:12:05.745169+00:00,133.7,46,ask,,,11271210
2026-07-07T20:12:06.268792,2026-07-07T20:12:06.280375+00:00,133.8,43,bid,,,11271222
2026-07-07T20:12:07.397858,2026-07-07T20:12:07.409743+00:00,133.5,12,ask,,,11271236
2026-07-07T20:12:07.397858,2026-07-07T20:12:07.409743+00:00,133.4,38,ask,,,11271237
2026-07-07T20:12:07.679077,2026-07-07T20:12:07.690800+00:00,133.8,41,bid,,,11271241
2026-07-07T20:12:08.174573,2026-07-07T20:12:08.182052+00:00,133.5,12,ask,,,11271249
2026-07-07T20:12:08.174573,2026-07-07T20:12:08.187327+00:00,133.4,35,ask,,,11271250
2026-07-07T20:12:09.457203,2026-07-07T20:12:09.468785+00:00,133.8,50,bid,,,11271266
2026-07-07T20:12:09.974502,2026-07-07T20:12:09.986332+00:00,133.6,100,ask,,,11271273
2026-07-07T20:12:11.211112,2026-07-07T20:12:11.222992+00:00,133.6,40,bid,,,11271294
2026-07-07T20:12:11.270867,2026-07-07T20:12:11.282833+00:00,133.4,1,ask,,,11271296
2026-07-07T20:12:11.565439,2026-07-07T20:12:11.572799+00:00,133.6,10,bid,,,11271298
2026-07-07T20:12:11.565439,2026-07-07T20:12:11.577980+00:00,133.7,12,bid,,,11271299
2026-07-07T20:12:11.565439,2026-07-07T20:12:11.577980+00:00,134.1,28,bid,,,11271300
2026-07-07T20:12:13.386158,2026-07-07T20:12:13.395246+00:00,133.8,11,ask,,,11271322
2026-07-07T20:12:13.676412,2026-07-07T20:12:13.688306+00:00,133.9,50,bid,,,11271324
2026-07-07T20:12:15.340612,2026-07-07T20:12:15.349568+00:00,133.8,3,ask,,,11271344
2026-07-07T20:12:15.785444,2026-07-07T20:12:15.796939+00:00,133.9,50,bid,,,11271349
2026-07-07T20:12:19.790017,2026-07-07T20:12:19.801639+00:00,133.6,47,ask,,,11271403
2026-07-07T20:12:20.048251,2026-07-07T20:12:20.054239+00:00,133.6,50,ask,,,11271408
2026-07-07T20:12:21.869881,2026-07-07T20:12:21.882812+00:00,133.9,3,bid,,,11271436
2026-07-07T20:12:22.484672,2026-07-07T20:12:22.496090+00:00,133.9,9,bid,,,11271447
2026-07-07T20:12:22.484672,2026-07-07T20:12:22.496090+00:00,134.1,37,bid,,,11271448
2026-07-07T20:12:22.839912,2026-07-07T20:12:22.848124+00:00,134.0,12,ask,,,11271451
2026-07-07T20:12:23.205846,2026-07-07T20:12:23.214805+00:00,134.0,3,ask,,,11271458
2026-07-07T20:12:23.596051,2026-07-07T20:12:23.610016+00:00,134.0,46,ask,,,11271465
2026-07-07T20:12:23.609052,2026-07-07T20:12:23.615245+00:00,134.0,12,ask,,,11271466
2026-07-07T20:12:24.216514,2026-07-07T20:12:24.225442+00:00,134.1,50,bid,,,11271484
2026-07-07T20:12:24.626558,2026-07-07T20:12:24.636577+00:00,134.0,12,ask,,,11271488
2026-07-07T20:12:24.664264,2026-07-07T20:12:24.675989+00:00,134.0,45,ask,,,11271490
2026-07-07T20:12:25.742464,2026-07-07T20:12:25.754156+00:00,134.2,45,bid,,,11271502
2026-07-07T20:12:26.323022,2026-07-07T20:12:26.331715+00:00,134.0,50,bid,,,11271507
2026-07-07T20:12:26.856101,2026-07-07T20:12:26.867769+00:00,134.0,42,bid,,,11271516
2026-07-07T20:12:27.943191,2026-07-07T20:12:27.958547+00:00,133.8,12,ask,,,11271529
2026-07-07T20:12:27.943191,2026-07-07T20:12:27.958547+00:00,133.7,35,ask,,,11271530
2026-07-07T20:12:28.448715,2026-07-07T20:12:28.459958+00:00,134.0,3,bid,,,11271536
2026-07-07T20:12:28.448870,2026-07-07T20:12:28.459958+00:00,134.0,50,bid,,,11271537
2026-07-07T20:12:28.785185,2026-07-07T20:12:28.797039+00:00,134.0,5,bid,,,11271549
2026-07-07T20:12:29.059602,2026-07-07T20:12:29.070642+00:00,134.3,3,ask,,,11271553
2026-07-07T20:12:30.605599,2026-07-07T20:12:30.612123+00:00,134.3,50,ask,,,11271577
2026-07-07T20:12:31.089529,2026-07-07T20:12:31.101287+00:00,134.3,42,ask,,,11271583
2026-07-07T20:12:31.960008,2026-07-07T20:12:31.968734+00:00,134.3,12,ask,,,11271594
2026-07-07T20:12:32.004209,2026-07-07T20:12:32.015846+00:00,134.3,31,ask,,,11271596
2026-07-07T20:12:32.668023,2026-07-07T20:12:32.687268+00:00,134.1,50,bid,,,11271603
2026-07-07T20:12:33.204707,2026-07-07T20:12:33.216544+00:00,134.1,43,bid,,,11271610
2026-07-07T20:12:33.724117,2026-07-07T20:12:33.730575+00:00,134.1,48,bid,,,11271616
2026-07-07T20:12:34.265217,2026-07-07T20:12:34.274233+00:00,133.9,12,ask,,,11271625
2026-07-07T20:12:34.265217,2026-07-07T20:12:34.274233+00:00,133.8,37,ask,,,11271626
2026-07-07T20:12:34.831519,2026-07-07T20:12:34.843587+00:00,133.8,50,ask,,,11271632
2026-07-07T20:12:35.279212,2026-07-07T20:12:35.290805+00:00,134.1,100,bid,,,11271634
2026-07-07T20:12:36.910850,2026-07-07T20:12:36.918227+00:00,134.2,12,bid,,,11271654
2026-07-07T20:12:36.910850,2026-07-07T20:12:36.923439+00:00,134.6,38,bid,,,11271655
2026-07-07T20:12:38.772205,2026-07-07T20:12:38.783983+00:00,133.9,12,ask,,,11271686
2026-07-07T20:12:38.772205,2026-07-07T20:12:38.783983+00:00,133.9,37,ask,,,11271687
2026-07-07T20:12:39.018784,2026-07-07T20:12:39.030314+00:00,134.3,50,bid,,,11271691
2026-07-07T20:12:39.342694,2026-07-07T20:12:39.354153+00:00,134.3,40,bid,,,11271696
2026-07-07T20:12:41.049723,2026-07-07T20:12:41.058555+00:00,133.9,42,ask,,,11271724
2026-07-07T20:12:41.632193,2026-07-07T20:12:41.643791+00:00,134.2,100,bid,,,11271729
2026-07-07T20:12:41.644999,2026-07-07T20:12:41.654874+00:00,134.3,3,ask,,,11271730
2026-07-07T20:12:43.284009,2026-07-07T20:12:43.296503+00:00,134.3,47,ask,,,11271750
2026-07-07T20:12:43.284009,2026-07-07T20:12:43.296503+00:00,133.7,3,ask,,,11271751
2026-07-07T20:12:44.859444,2026-07-07T20:12:44.871749+00:00,134.2,3,bid,,,11271771
2026-07-07T20:12:45.343910,2026-07-07T20:12:45.355268+00:00,134.2,45,bid,,,11271776
2026-07-07T20:12:45.393998,2026-07-07T20:12:45.402405+00:00,134.1,50,ask,,,11271778
2026-07-07T20:12:47.500523,2026-07-07T20:12:47.511623+00:00,134.1,50,ask,,,11271802
2026-07-07T20:12:48.941118,2026-07-07T20:12:48.958599+00:00,133.9,12,ask,,,11271821
2026-07-07T20:12:48.941118,2026-07-07T20:12:48.958599+00:00,133.9,35,ask,,,11271822
2026-07-07T20:12:49.874174,2026-07-07T20:12:49.886329+00:00,134.2,12,bid,,,11271828
2026-07-07T20:12:49.874174,2026-07-07T20:12:49.886329+00:00,134.3,37,bid,,,11271829
2026-07-07T20:12:51.740912,2026-07-07T20:12:51.752409+00:00,133.9,50,ask,,,11271852
2026-07-07T20:12:52.072842,2026-07-07T20:12:52.082822+00:00,134.3,47,bid,,,11271857
2026-07-07T20:12:53.878889,2026-07-07T20:12:53.890827+00:00,133.9,50,ask,,,11271877
2026-07-07T20:12:55.987057,2026-07-07T20:12:56.009051+00:00,134.0,50,ask,,,11271905
2026-07-07T20:12:56.001146,2026-07-07T20:12:56.009051+00:00,134.1,14,bid,,,11271906
2026-07-07T20:12:56.009212,2026-07-07T20:12:56.024516+00:00,134.1,48,bid,,,11271908
2026-07-07T20:12:56.506559,2026-07-07T20:12:56.515766+00:00,134.0,48,ask,,,11271916
2026-07-07T20:12:57.515932,2026-07-07T20:12:57.527008+00:00,134.0,100,ask,,,11271943
2026-07-07T20:12:58.097323,2026-07-07T20:12:58.112902+00:00,133.8,12,ask,,,11271952
2026-07-07T20:13:00.205541,2026-07-07T20:13:00.217498+00:00,133.6,12,ask,,,11271979
2026-07-07T20:13:00.205541,2026-07-07T20:13:00.217498+00:00,133.5,38,ask,,,11271980
2026-07-07T20:13:00.630103,2026-07-07T20:13:00.638740+00:00,133.7,12,bid,,,11271983
2026-07-07T20:13:00.767741,2026-07-07T20:13:00.776999+00:00,133.6,12,ask,,,11271986
2026-07-07T20:13:00.767741,2026-07-07T20:13:00.776999+00:00,133.6,31,ask,,,11271987
2026-07-07T20:13:01.841181,2026-07-07T20:13:01.852107+00:00,133.7,11,bid,,,11272004
2026-07-07T20:13:02.350003,2026-07-07T20:13:02.356970+00:00,133.6,50,ask,,,11272011
2026-07-07T20:13:03.809236,2026-07-07T20:13:03.816720+00:00,133.8,45,bid,,,11272034
2026-07-07T20:13:04.456812,2026-07-07T20:13:04.468237+00:00,133.6,12,ask,,,11272046
2026-07-07T20:13:04.456812,2026-07-07T20:13:04.468237+00:00,133.3,38,ask,,,11272047
2026-07-07T20:13:06.494316,2026-07-07T20:13:06.501353+00:00,133.4,12,ask,,,11272074
2026-07-07T20:13:06.494316,2026-07-07T20:13:06.506463+00:00,133.3,28,ask,,,11272075
2026-07-07T20:13:06.589258,2026-07-07T20:13:06.600027+00:00,133.3,34,ask,,,11272076
2026-07-07T20:13:06.589258,2026-07-07T20:13:06.600027+00:00,133.3,16,ask,,,11272077
2026-07-07T20:13:08.698385,2026-07-07T20:13:08.710063+00:00,133.2,50,ask,,,11272111
2026-07-07T20:13:09.514926,2026-07-07T20:13:09.526597+00:00,133.7,42,bid,,,11272118
2026-07-07T20:13:10.807872,2026-07-07T20:13:10.820588+00:00,133.4,50,ask,,,11272144
2026-07-07T20:13:12.483043,2026-07-07T20:13:12.494845+00:00,133.4,43,ask,,,11272167
2026-07-07T20:13:12.913620,2026-07-07T20:13:12.921955+00:00,133.4,7,ask,,,11272178
2026-07-07T20:13:12.913620,2026-07-07T20:13:12.921955+00:00,133.4,43,ask,,,11272179
2026-07-07T20:13:12.956769,2026-07-07T20:13:12.968447+00:00,133.9,45,bid,,,11272180
2026-07-07T20:13:14.071368,2026-07-07T20:13:14.083127+00:00,133.6,42,bid,,,11272195
2026-07-07T20:13:14.386994,2026-07-07T20:13:14.395757+00:00,133.6,12,bid,,,11272197
2026-07-07T20:13:14.969760,2026-07-07T20:13:14.976644+00:00,133.6,50,bid,,,11272203
2026-07-07T20:13:16.473677,2026-07-07T20:13:16.485081+00:00,133.7,100,bid,,,11272221
2026-07-07T20:13:17.009761,2026-07-07T20:13:17.018921+00:00,133.7,12,ask,,,11272226
2026-07-07T20:13:17.102557,2026-07-07T20:13:17.109467+00:00,134.1,12,bid,,,11272233
2026-07-07T20:13:17.102557,2026-07-07T20:13:17.114475+00:00,134.2,38,bid,,,11272234
2026-07-07T20:13:19.710768,2026-07-07T20:13:19.719899+00:00,133.6,10,ask,,,11272267
2026-07-07T20:13:19.710768,2026-07-07T20:13:19.719899+00:00,133.4,38,ask,,,11272268
2026-07-07T20:13:21.244701,2026-07-07T20:13:21.256106+00:00,133.7,49,bid,,,11272289
2026-07-07T20:13:21.315418,2026-07-07T20:13:21.327213+00:00,133.7,50,bid,,,11272290
2026-07-07T20:13:23.477485,2026-07-07T20:13:23.488980+00:00,133.5,2,ask,,,11272316
2026-07-07T20:13:23.477485,2026-07-07T20:13:23.488980+00:00,133.5,48,ask,,,11272317
2026-07-07T20:13:24.959370,2026-07-07T20:13:24.968696+00:00,133.5,49,ask,,,11272350
2026-07-07T20:13:25.584110,2026-07-07T20:13:25.595703+00:00,133.5,50,ask,,,11272359
2026-07-07T20:13:26.050876,2026-07-07T20:13:26.060084+00:00,133.6,12,bid,,,11272361
2026-07-07T20:13:26.594001,2026-07-07T20:13:26.600996+00:00,133.6,45,bid,,,11272368
2026-07-07T20:13:27.640512,2026-07-07T20:13:27.652232+00:00,133.6,50,bid,,,11272382
2026-07-07T20:13:29.748141,2026-07-07T20:13:29.758579+00:00,133.8,50,bid,,,11272412
2026-07-07T20:13:31.854733,2026-07-07T20:13:31.858545+00:00,133.8,50,bid,,,11272436
2026-07-07T20:13:33.962363,2026-07-07T20:13:33.973762+00:00,134.0,50,bid,,,11272457
2026-07-07T20:13:36.072212,2026-07-07T20:13:36.083637+00:00,134.1,12,bid,,,11272490
2026-07-07T20:13:36.072212,2026-07-07T20:13:36.083637+00:00,134.2,38,bid,,,11272491
2026-07-07T20:13:36.862056,2026-07-07T20:13:36.871838+00:00,133.9,12,ask,,,11272500
2026-07-07T20:13:38.179840,2026-07-07T20:13:38.191229+00:00,134.2,50,bid,,,11272514
2026-07-07T20:13:38.429314,2026-07-07T20:13:38.439104+00:00,134.1,11,ask,,,11272515
2026-07-07T20:13:40.287423,2026-07-07T20:13:40.299020+00:00,134.3,12,bid,,,11272538
2026-07-07T20:13:40.287423,2026-07-07T20:13:40.299020+00:00,134.4,38,bid,,,11272539
2026-07-07T20:13:40.303344,2026-07-07T20:13:40.315327+00:00,134.1,47,ask,,,11272540
2026-07-07T20:13:41.439642,2026-07-07T20:13:41.451273+00:00,134.1,42,ask,,,11272560
2026-07-07T20:13:41.439642,2026-07-07T20:13:41.451273+00:00,134.0,7,ask,,,11272561
2026-07-07T20:13:42.397504,2026-07-07T20:13:42.404659+00:00,134.3,50,bid,,,11272568
2026-07-07T20:13:43.471045,2026-07-07T20:13:43.479886+00:00,134.3,40,bid,,,11272580
2026-07-07T20:13:44.014305,2026-07-07T20:13:44.025941+00:00,134.3,45,bid,,,11272589
2026-07-07T20:13:44.940980,2026-07-07T20:13:44.958544+00:00,134.2,100,bid,,,11272598
2026-07-07T20:13:44.940980,2026-07-07T20:13:44.958544+00:00,134.3,12,bid,,,11272599
2026-07-07T20:13:45.010408,2026-07-07T20:13:45.019933+00:00,134.5,26,ask,,,11272601
2026-07-07T20:13:45.418276,2026-07-07T20:13:45.429657+00:00,134.5,3,ask,,,11272607
2026-07-07T20:13:46.609973,2026-07-07T20:13:46.616596+00:00,135.0,50,bid,,,11272631
2026-07-07T20:13:48.128541,2026-07-07T20:13:48.136131+00:00,134.3,46,ask,,,11272650
2026-07-07T20:13:48.147777,2026-07-07T20:13:48.175569+00:00,134.5,3,bid,,,11272651
2026-07-07T20:13:48.716048,2026-07-07T20:13:48.727810+00:00,134.5,9,bid,,,11272660
2026-07-07T20:13:48.716048,2026-07-07T20:13:48.727810+00:00,134.6,41,bid,,,11272661
2026-07-07T20:13:49.789794,2026-07-07T20:13:49.800185+00:00,134.3,3,ask,,,11272676
2026-07-07T20:13:49.907975,2026-07-07T20:13:49.914967+00:00,134.3,3,ask,,,11272680
2026-07-07T20:13:50.187512,2026-07-07T20:13:50.200312+00:00,134.3,3,ask,,,11272687
2026-07-07T20:13:50.451767,2026-07-07T20:13:50.453333+00:00,134.3,3,ask,,,11272696
2026-07-07T20:13:50.717084,2026-07-07T20:13:50.728458+00:00,134.3,3,ask,,,11272703
2026-07-07T20:13:50.824641,2026-07-07T20:13:50.833433+00:00,134.5,11,bid,,,11272706
2026-07-07T20:13:50.824641,2026-07-07T20:13:50.833433+00:00,134.6,39,bid,,,11272707
2026-07-07T20:13:50.976849,2026-07-07T20:13:50.988336+00:00,134.3,3,ask,,,11272710
2026-07-07T20:13:51.337556,2026-07-07T20:13:51.347340+00:00,134.1,3,bid,,,11272719
2026-07-07T20:13:52.526140,2026-07-07T20:13:52.534007+00:00,133.9,12,ask,,,11272743
2026-07-07T20:13:54.430652,2026-07-07T20:13:54.437931+00:00,133.7,42,ask,,,11272779
2026-07-07T20:13:54.981297,2026-07-07T20:13:54.992969+00:00,133.9,46,bid,,,11272786
2026-07-07T20:13:55.089550,2026-07-07T20:13:55.100924+00:00,133.7,50,ask,,,11272790
2026-07-07T20:13:57.145326,2026-07-07T20:13:57.151772+00:00,133.9,50,bid,,,11272810
2026-07-07T20:14:00.094470,2026-07-07T20:14:00.106083+00:00,133.8,44,ask,,,11272849
2026-07-07T20:14:01.114784,2026-07-07T20:14:01.123372+00:00,133.7,12,ask,,,11272866
2026-07-07T20:14:01.114784,2026-07-07T20:14:01.123372+00:00,133.7,33,ask,,,11272867
2026-07-07T20:14:03.153327,2026-07-07T20:14:03.163572+00:00,134.0,48,bid,,,11272887
2026-07-07T20:14:03.519899,2026-07-07T20:14:03.531013+00:00,133.8,12,ask,,,11272891
2026-07-07T20:14:03.519899,2026-07-07T20:14:03.531013+00:00,133.7,38,ask,,,11272892
2026-07-07T20:14:03.549668,2026-07-07T20:14:03.560692+00:00,134.0,3,bid,,,11272894
2026-07-07T20:14:05.627614,2026-07-07T20:14:05.639125+00:00,134.0,50,ask,,,11272918
2026-07-07T20:14:05.886788,2026-07-07T20:14:05.893611+00:00,134.1,12,bid,,,11272920
2026-07-07T20:14:05.886788,2026-07-07T20:14:05.898840+00:00,134.2,36,bid,,,11272921
2026-07-07T20:14:06.397252,2026-07-07T20:14:06.409228+00:00,134.0,46,ask,,,11272928
2026-07-07T20:14:07.746387,2026-07-07T20:14:07.759530+00:00,133.9,50,ask,,,11272943
2026-07-07T20:14:08.433322,2026-07-07T20:14:08.444832+00:00,134.1,41,bid,,,11272958
2026-07-07T20:14:09.852357,2026-07-07T20:14:09.858572+00:00,133.9,50,ask,,,11272979
2026-07-07T20:14:10.796115,2026-07-07T20:14:10.804258+00:00,134.0,11,bid,,,11272990
2026-07-07T20:14:12.106562,2026-07-07T20:14:12.116850+00:00,133.9,11,ask,,,11273006
2026-07-07T20:14:13.814235,2026-07-07T20:14:13.821531+00:00,133.8,45,bid,,,11273022
2026-07-07T20:14:14.062387,2026-07-07T20:14:14.074353+00:00,133.7,12,ask,,,11273026
2026-07-07T20:14:14.062387,2026-07-07T20:14:14.074353+00:00,133.6,38,ask,,,11273027
2026-07-07T20:14:14.406948,2026-07-07T20:14:14.418623+00:00,133.6,47,ask,,,11273033
2026-07-07T20:14:14.726058,2026-07-07T20:14:14.736964+00:00,133.8,23,bid,,,11273039
2026-07-07T20:14:15.015976,2026-07-07T20:14:15.026644+00:00,133.8,12,bid,,,11273044
2026-07-07T20:14:15.612722,2026-07-07T20:14:15.619583+00:00,133.7,12,ask,,,11273052
2026-07-07T20:14:15.612722,2026-07-07T20:14:15.625051+00:00,133.6,15,ask,,,11273053
2026-07-07T20:14:15.612722,2026-07-07T20:14:15.625051+00:00,133.3,17,ask,,,11273054
2026-07-07T20:14:16.120848,2026-07-07T20:14:16.127289+00:00,133.8,50,bid,,,11273063
2026-07-07T20:14:16.583173,2026-07-07T20:14:16.594960+00:00,134.0,100,bid,,,11273066
2026-07-07T20:14:16.596012,2026-07-07T20:14:16.606009+00:00,134.0,12,ask,,,11273067
2026-07-07T20:14:18.127294,2026-07-07T20:14:18.138728+00:00,134.0,11,ask,,,11273094
2026-07-07T20:14:18.278626,2026-07-07T20:14:18.291060+00:00,134.0,27,ask,,,11273096
2026-07-07T20:14:18.278626,2026-07-07T20:14:18.291060+00:00,133.8,12,ask,,,11273097
2026-07-07T20:14:18.278626,2026-07-07T20:14:18.291060+00:00,133.5,11,ask,,,11273098
2026-07-07T20:14:19.812665,2026-07-07T20:14:19.822987+00:00,133.9,11,bid,,,11273111
2026-07-07T20:14:20.391188,2026-07-07T20:14:20.398496+00:00,133.8,50,ask,,,11273120
2026-07-07T20:14:20.619766,2026-07-07T20:14:20.631662+00:00,133.9,42,bid,,,11273124
2026-07-07T20:14:22.197641,2026-07-07T20:14:22.204320+00:00,133.8,40,ask,,,11273140
2026-07-07T20:14:22.499572,2026-07-07T20:14:22.510718+00:00,133.8,10,ask,,,11273144
2026-07-07T20:14:22.499572,2026-07-07T20:14:22.510718+00:00,133.7,8,ask,,,11273145
2026-07-07T20:14:22.499572,2026-07-07T20:14:22.510718+00:00,133.4,32,ask,,,11273146
2026-07-07T20:14:23.930156,2026-07-07T20:14:23.939893+00:00,133.7,23,bid,,,11273165
2026-07-07T20:14:24.608975,2026-07-07T20:14:24.620632+00:00,133.2,50,ask,,,11273176
2026-07-07T20:14:26.443332,2026-07-07T20:14:26.458587+00:00,133.9,46,bid,,,11273201
2026-07-07T20:14:26.716118,2026-07-07T20:14:26.727768+00:00,133.4,50,ask,,,11273203
2026-07-07T20:14:28.592332,2026-07-07T20:14:28.602094+00:00,133.4,40,ask,,,11273236
2026-07-07T20:14:33.038182,2026-07-07T20:14:33.049729+00:00,133.4,50,ask,,,11273288
2026-07-07T20:14:33.610630,2026-07-07T20:14:33.622276+00:00,133.7,49,bid,,,11273294
2026-07-07T20:14:33.665194,2026-07-07T20:14:33.676760+00:00,133.4,49,ask,,,11273295
2026-07-07T20:14:35.156697,2026-07-07T20:14:35.158619+00:00,133.4,50,ask,,,11273321
2026-07-07T20:14:35.409651,2026-07-07T20:14:35.418426+00:00,133.7,12,bid,,,11273324
2026-07-07T20:14:35.409651,2026-07-07T20:14:35.418426+00:00,133.9,37,bid,,,11273325
2026-07-07T20:14:35.665712,2026-07-07T20:14:35.674349+00:00,133.3,23,bid,,,11273329
2026-07-07T20:14:35.961343,2026-07-07T20:14:35.972664+00:00,133.3,43,bid,,,11273334
2026-07-07T20:14:36.014671,2026-07-07T20:14:36.026223+00:00,133.2,46,ask,,,11273335
2026-07-07T20:14:37.263591,2026-07-07T20:14:37.275129+00:00,133.2,50,ask,,,11273347
2026-07-07T20:14:38.623437,2026-07-07T20:14:38.631816+00:00,133.3,3,bid,,,11273362
2026-07-07T20:14:38.900884,2026-07-07T20:14:38.911547+00:00,133.3,3,bid,,,11273368
2026-07-07T20:14:39.161226,2026-07-07T20:14:39.172915+00:00,133.3,3,bid,,,11273372
2026-07-07T20:14:39.319371,2026-07-07T20:14:39.331081+00:00,133.3,50,bid,,,11273378
2026-07-07T20:14:39.657119,2026-07-07T20:14:39.668660+00:00,133.1,6,ask,,,11273385
2026-07-07T20:14:39.657119,2026-07-07T20:14:39.668660+00:00,133.0,43,ask,,,11273386
2026-07-07T20:14:41.426497,2026-07-07T20:14:41.435943+00:00,133.3,44,bid,,,11273407
2026-07-07T20:14:41.426497,2026-07-07T20:14:41.435943+00:00,133.5,6,bid,,,11273408
2026-07-07T20:14:43.539601,2026-07-07T20:14:43.547814+00:00,133.4,50,bid,,,11273442
2026-07-07T20:14:44.879237,2026-07-07T20:14:44.890835+00:00,133.4,48,bid,,,11273462
2026-07-07T20:14:44.896634,2026-07-07T20:14:44.906556+00:00,133.4,52,bid,,,11273463
2026-07-07T20:14:45.094976,2026-07-07T20:14:45.103771+00:00,133.7,11,ask,,,11273467
2026-07-07T20:14:45.531641,2026-07-07T20:14:45.543310+00:00,133.7,46,ask,,,11273471
2026-07-07T20:14:45.645605,2026-07-07T20:14:45.663635+00:00,133.9,50,bid,,,11273474
2026-07-07T20:14:46.531230,2026-07-07T20:14:46.543026+00:00,133.9,44,bid,,,11273486
2026-07-07T20:14:47.689026,2026-07-07T20:14:47.697874+00:00,133.7,12,ask,,,11273499
2026-07-07T20:14:49.149090,2026-07-07T20:14:49.163631+00:00,133.4,44,ask,,,11273519
2026-07-07T20:14:49.623610,2026-07-07T20:14:49.630860+00:00,133.8,10,bid,,,11273525
2026-07-07T20:14:49.623610,2026-07-07T20:14:49.636189+00:00,133.8,38,bid,,,11273526
2026-07-07T20:14:49.919677,2026-07-07T20:14:49.930983+00:00,133.4,50,ask,,,11273531
2026-07-07T20:14:52.028826,2026-07-07T20:14:52.040434+00:00,133.6,50,ask,,,11273558
2026-07-07T20:14:53.144172,2026-07-07T20:14:53.163768+00:00,133.8,40,bid,,,11273566
2026-07-07T20:14:54.078166,2026-07-07T20:14:54.090916+00:00,133.6,11,ask,,,11273588
2026-07-07T20:14:54.138389,2026-07-07T20:14:54.149539+00:00,133.6,50,ask,,,11273591
2026-07-07T20:14:54.435682,2026-07-07T20:14:54.443371+00:00,133.6,39,ask,,,11273597
2026-07-07T20:14:54.623976,2026-07-07T20:14:54.635823+00:00,133.4,7,ask,,,11273601
2026-07-07T20:14:54.623976,2026-07-07T20:14:54.635823+00:00,133.0,41,ask,,,11273602
2026-07-07T20:14:54.659611,2026-07-07T20:14:54.671830+00:00,133.1,23,bid,,,11273603
2026-07-07T20:14:55.100907,2026-07-07T20:14:55.112109+00:00,133.0,41,ask,,,11273610
2026-07-07T20:14:55.383997,2026-07-07T20:14:55.394179+00:00,133.1,22,bid,,,11273618
2026-07-07T20:14:55.646231,2026-07-07T20:14:55.655778+00:00,133.1,12,bid,,,11273625
2026-07-07T20:14:56.203588,2026-07-07T20:14:56.212516+00:00,133.1,50,bid,,,11273631
2026-07-07T20:14:56.694507,2026-07-07T20:14:56.703959+00:00,133.1,11,bid,,,11273632
2026-07-07T20:14:57.545366,2026-07-07T20:14:57.563970+00:00,133.1,32,bid,,,11273654
2026-07-07T20:14:57.764702,2026-07-07T20:14:57.774181+00:00,133.6,34,ask,,,11273660
2026-07-07T20:14:57.954175,2026-07-07T20:14:57.963907+00:00,133.7,45,bid,,,11273666
2026-07-07T20:14:58.310950,2026-07-07T20:14:58.358623+00:00,133.7,50,bid,,,11273669
2026-07-07T20:14:59.200355,2026-07-07T20:14:59.209641+00:00,133.6,23,ask,,,11273684
2026-07-07T20:14:59.421892,2026-07-07T20:14:59.428756+00:00,133.7,5,bid,,,11273687
2026-07-07T20:14:59.476134,2026-07-07T20:14:59.487755+00:00,133.6,44,ask,,,11273689
2026-07-07T20:15:00.029477,2026-07-07T20:15:00.036632+00:00,133.6,41,ask,,,11273696
2026-07-07T20:15:00.436527,2026-07-07T20:15:00.445154+00:00,133.9,11,bid,,,11273704
2026-07-07T20:15:00.436527,2026-07-07T20:15:00.445154+00:00,134.1,39,bid,,,11273705
2026-07-07T20:15:00.970731,2026-07-07T20:15:00.982615+00:00,133.5,9,ask,,,11273711
2026-07-07T20:15:02.048643,2026-07-07T20:15:02.055482+00:00,133.5,44,bid,,,11273722
2026-07-07T20:15:02.563153,2026-07-07T20:15:02.573352+00:00,133.5,50,bid,,,11273728
2026-07-07T20:15:04.669915,2026-07-07T20:15:04.681290+00:00,133.8,50,bid,,,11273751
2026-07-07T20:15:06.777313,2026-07-07T20:15:06.787052+00:00,133.8,50,bid,,,11273775
2026-07-07T20:15:07.656439,2026-07-07T20:15:07.668366+00:00,133.5,2,ask,,,11273785
2026-07-07T20:15:07.656439,2026-07-07T20:15:07.668366+00:00,133.5,43,ask,,,11273786
2026-07-07T20:15:08.903952,2026-07-07T20:15:08.915462+00:00,133.7,12,bid,,,11273799
2026-07-07T20:15:08.903952,2026-07-07T20:15:08.915462+00:00,133.8,38,bid,,,11273800
2026-07-07T20:15:09.811371,2026-07-07T20:15:09.820698+00:00,133.5,11,ask,,,11273811
2026-07-07T20:15:13.194358,2026-07-07T20:15:13.206361+00:00,133.3,50,ask,,,11273854
