timestamp,recv_time,price,volume,aggressor_side,buyer,seller,trade_id
2026-07-01T21:59:58.777156,2026-07-01T12:00:00.191116+00:00,82.6,6,bid,,,2268591
2026-07-01T21:59:58.777156,2026-07-01T12:00:00.191116+00:00,82.6,10,bid,,,2268592
2026-07-01T21:59:59.838681,2026-07-01T12:00:01.251173+00:00,82.2,46,ask,,,2268621
2026-07-01T22:00:00.082929,2026-07-01T12:00:01.493867+00:00,82.2,50,ask,,,2268623
2026-07-01T22:00:01.895003,2026-07-01T12:00:03.308912+00:00,82.5,42,bid,,,2268662
2026-07-01T22:00:02.137676,2026-07-01T12:00:03.549574+00:00,82.5,50,bid,,,2268667
2026-07-01T22:00:02.762842,2026-07-01T12:00:04.170763+00:00,82.3,100,bid,,,2268675
2026-07-01T22:00:04.243262,2026-07-01T12:00:05.654775+00:00,82.6,6,bid,,,2268717
2026-07-01T22:00:04.243262,2026-07-01T12:00:05.654775+00:00,82.8,44,bid,,,2268718
2026-07-01T22:00:06.352708,2026-07-01T12:00:07.769187+00:00,82.6,4,bid,,,2268756
2026-07-01T22:00:06.352708,2026-07-01T12:00:07.769187+00:00,82.7,46,bid,,,2268757
2026-07-01T22:00:08.461236,2026-07-01T12:00:09.871059+00:00,82.6,2,bid,,,2268786
2026-07-01T22:00:08.461236,2026-07-01T12:00:09.871059+00:00,82.7,48,bid,,,2268787
2026-07-01T22:00:09.048972,2026-07-01T12:00:10.460424+00:00,82.4,47,ask,,,2268804
2026-07-01T22:00:10.570073,2026-07-01T12:00:11.986348+00:00,82.6,7,bid,,,2268827
2026-07-01T22:00:10.570073,2026-07-01T12:00:11.986348+00:00,82.6,43,bid,,,2268828
2026-07-01T22:00:11.995437,2026-07-01T12:00:13.408233+00:00,82.6,46,bid,,,2268854
2026-07-01T22:00:12.678805,2026-07-01T12:00:14.085386+00:00,82.6,4,bid,,,2268866
2026-07-01T22:00:12.678805,2026-07-01T12:00:14.096386+00:00,82.6,10,bid,,,2268867
2026-07-01T22:00:12.678805,2026-07-01T12:00:14.096386+00:00,82.9,36,bid,,,2268868
2026-07-01T22:00:14.788670,2026-07-01T12:00:16.202075+00:00,82.7,4,bid,,,2268915
2026-07-01T22:00:14.788670,2026-07-01T12:00:16.202075+00:00,82.9,46,bid,,,2268916
2026-07-01T22:00:16.912192,2026-07-01T12:00:18.322469+00:00,83.1,50,bid,,,2268956
2026-07-01T22:00:17.335954,2026-07-01T12:00:18.746825+00:00,82.6,44,ask,,,2268965
2026-07-01T22:00:18.824604,2026-07-01T12:00:20.230993+00:00,82.7,100,ask,,,2268992
2026-07-01T22:00:18.872490,2026-07-01T12:00:20.285524+00:00,82.6,35,ask,,,2268995
2026-07-01T22:00:18.985399,2026-07-01T12:00:20.394538+00:00,82.6,41,ask,,,2268997
2026-07-01T22:00:18.988593,2026-07-01T12:00:20.405537+00:00,82.6,35,ask,,,2268998
2026-07-01T22:00:19.076481,2026-07-01T12:00:20.482242+00:00,82.6,39,ask,,,2269003
2026-07-01T22:00:19.076481,2026-07-01T12:00:20.492843+00:00,82.5,1,ask,,,2269004
2026-07-01T22:00:21.184785,2026-07-01T12:00:22.596331+00:00,82.5,1,ask,,,2269068
2026-07-01T22:00:21.810000,2026-07-01T12:00:23.223228+00:00,82.4,35,bid,,,2269076
2026-07-01T22:00:21.901687,2026-07-01T12:00:23.309901+00:00,82.4,34,bid,,,2269082
2026-07-01T22:00:22.510405,2026-07-01T12:00:23.919473+00:00,82.4,1,bid,,,2269100
2026-07-01T22:00:22.552553,2026-07-01T12:00:23.963193+00:00,82.4,1,bid,,,2269102
2026-07-01T22:00:22.607908,2026-07-01T12:00:24.017316+00:00,82.4,1,bid,,,2269103
2026-07-01T22:00:22.720237,2026-07-01T12:00:24.126272+00:00,82.4,1,bid,,,2269107
2026-07-01T22:00:22.758143,2026-07-01T12:00:24.169886+00:00,82.4,77,bid,,,2269108
2026-07-01T22:00:23.291948,2026-07-01T12:00:24.705207+00:00,82.5,1,ask,,,2269120
2026-07-01T22:00:23.291948,2026-07-01T12:00:24.705207+00:00,82.3,49,ask,,,2269121
2026-07-01T22:00:25.349774,2026-07-01T12:00:26.759120+00:00,82.7,50,bid,,,2269169
2026-07-01T22:00:26.058789,2026-07-01T12:00:27.466516+00:00,82.7,41,bid,,,2269184
2026-07-01T22:00:26.675158,2026-07-01T12:00:28.088120+00:00,82.7,9,bid,,,2269198
2026-07-01T22:00:26.675158,2026-07-01T12:00:28.088120+00:00,83.1,33,bid,,,2269199
2026-07-01T22:00:28.091544,2026-07-01T12:00:29.500265+00:00,82.9,1,ask,,,2269225
2026-07-01T22:00:28.292904,2026-07-01T12:00:29.731259+00:00,82.9,1,ask,,,2269237
2026-07-01T22:00:28.385014,2026-07-01T12:00:29.851265+00:00,82.9,1,ask,,,2269240
2026-07-01T22:00:28.448797,2026-07-01T12:00:29.926995+00:00,82.9,2,ask,,,2269243
2026-07-01T22:00:28.475703,2026-07-01T12:00:29.970993+00:00,82.9,2,ask,,,2269245
2026-07-01T22:00:28.710474,2026-07-01T12:00:30.439056+00:00,82.9,3,ask,,,2269250
2026-07-01T22:00:28.726490,2026-07-01T12:00:30.439056+00:00,82.9,3,ask,,,2269253
2026-07-01T22:00:29.087132,2026-07-01T12:00:30.504586+00:00,82.9,4,ask,,,2269254
2026-07-01T22:00:29.139763,2026-07-01T12:00:30.558997+00:00,82.9,6,ask,,,2269256
2026-07-01T22:00:29.180165,2026-07-01T12:00:30.613024+00:00,82.9,4,ask,,,2269258
2026-07-01T22:00:29.279600,2026-07-01T12:00:30.690028+00:00,82.9,49,ask,,,2269260
2026-07-01T22:00:29.561232,2026-07-01T12:00:30.973847+00:00,83.1,50,bid,,,2269269
2026-07-01T22:00:30.678370,2026-07-01T12:00:32.090579+00:00,82.9,35,ask,,,2269286
2026-07-01T22:00:30.770235,2026-07-01T12:00:32.177677+00:00,82.9,35,ask,,,2269292
2026-07-01T22:00:30.864372,2026-07-01T12:00:32.275268+00:00,82.9,4,ask,,,2269296
2026-07-01T22:00:31.251379,2026-07-01T12:00:32.658321+00:00,83.3,10,bid,,,2269301
2026-07-01T22:00:31.251379,2026-07-01T12:00:32.669321+00:00,83.3,36,bid,,,2269302
2026-07-01T22:00:31.279732,2026-07-01T12:00:32.690838+00:00,82.8,100,ask,,,2269304
2026-07-01T22:00:31.668669,2026-07-01T12:00:33.083152+00:00,82.7,50,bid,,,2269319
2026-07-01T22:00:33.774329,2026-07-01T12:00:35.188235+00:00,83.3,50,bid,,,2269354
2026-07-01T22:00:34.402406,2026-07-01T12:00:35.815736+00:00,83.0,35,ask,,,2269360
2026-07-01T22:00:34.494098,2026-07-01T12:00:35.903710+00:00,83.0,35,ask,,,2269362
2026-07-01T22:00:34.585300,2026-07-01T12:00:36.000730+00:00,83.0,19,ask,,,2269364
2026-07-01T22:00:35.885802,2026-07-01T12:00:37.300273+00:00,83.2,10,bid,,,2269387
2026-07-01T22:00:35.885802,2026-07-01T12:00:37.300273+00:00,83.3,40,bid,,,2269388
2026-07-01T22:00:37.184474,2026-07-01T12:00:38.599055+00:00,83.0,61,ask,,,2269414
2026-07-01T22:00:37.604884,2026-07-01T12:00:39.013616+00:00,82.9,100,ask,,,2269419
2026-07-01T22:00:37.995176,2026-07-01T12:00:39.404348+00:00,82.8,50,bid,,,2269423
2026-07-01T22:00:38.010694,2026-07-01T12:00:39.425878+00:00,82.9,6,ask,,,2269424
2026-07-01T22:00:39.444678,2026-07-01T12:00:40.858638+00:00,82.8,5,ask,,,2269447
2026-07-01T22:00:39.444678,2026-07-01T12:00:40.858638+00:00,82.3,41,ask,,,2269448
2026-07-01T22:00:41.304119,2026-07-01T12:00:42.712299+00:00,83.1,44,bid,,,2269486
2026-07-01T22:00:41.395097,2026-07-01T12:00:42.811326+00:00,82.8,5,ask,,,2269487
2026-07-01T22:00:41.395097,2026-07-01T12:00:42.811326+00:00,82.7,41,ask,,,2269488
2026-07-01T22:00:41.989468,2026-07-01T12:00:43.399343+00:00,83.1,45,bid,,,2269495
2026-07-01T22:00:42.946392,2026-07-01T12:00:44.359487+00:00,82.8,5,ask,,,2269514
2026-07-01T22:00:42.957582,2026-07-01T12:00:44.370488+00:00,82.7,2,ask,,,2269516
2026-07-01T22:00:43.540510,2026-07-01T12:00:44.954097+00:00,82.8,5,ask,,,2269533
2026-07-01T22:00:43.540510,2026-07-01T12:00:44.954097+00:00,82.7,41,ask,,,2269534
2026-07-01T22:00:43.953534,2026-07-01T12:00:45.367416+00:00,82.8,5,ask,,,2269542
2026-07-01T22:00:43.953534,2026-07-01T12:00:45.367416+00:00,82.8,100,ask,,,2269543
2026-07-01T22:00:46.439560,2026-07-01T12:00:47.848058+00:00,82.8,45,bid,,,2269590
2026-07-01T22:00:47.072088,2026-07-01T12:00:48.480086+00:00,82.9,110,ask,,,2269598
2026-07-01T22:00:47.967633,2026-07-01T12:00:49.376409+00:00,82.9,25,ask,,,2269619
2026-07-01T22:00:47.977400,2026-07-01T12:00:49.387429+00:00,82.9,2,ask,,,2269621
2026-07-01T22:00:48.824522,2026-07-01T12:00:50.238751+00:00,83.0,49,bid,,,2269631
2026-07-01T22:00:50.651652,2026-07-01T12:00:52.066190+00:00,82.9,50,bid,,,2269667
2026-07-01T22:00:52.764000,2026-07-01T12:00:54.177415+00:00,82.9,50,bid,,,2269698
2026-07-01T22:00:52.987607,2026-07-01T12:00:54.396419+00:00,82.8,5,ask,,,2269706
2026-07-01T22:00:52.998249,2026-07-01T12:00:54.407911+00:00,82.7,2,ask,,,2269708
2026-07-01T22:00:54.576931,2026-07-01T12:00:55.986778+00:00,82.8,5,ask,,,2269738
2026-07-01T22:00:54.576931,2026-07-01T12:00:55.986778+00:00,82.6,38,ask,,,2269739
2026-07-01T22:00:54.923539,2026-07-01T12:00:56.335700+00:00,82.6,50,ask,,,2269745
2026-07-01T22:00:57.029675,2026-07-01T12:00:58.435779+00:00,82.7,5,ask,,,2269795
2026-07-01T22:00:57.029675,2026-07-01T12:00:58.446778+00:00,82.7,45,ask,,,2269796
2026-07-01T22:00:58.003534,2026-07-01T12:00:59.409617+00:00,83.0,45,bid,,,2269821
2026-07-01T22:00:58.009628,2026-07-01T12:00:59.420135+00:00,82.7,2,ask,,,2269822
2026-07-01T22:00:59.139947,2026-07-01T12:01:00.546248+00:00,82.7,50,ask,,,2269849
2026-07-01T22:01:00.621822,2026-07-01T12:01:02.033844+00:00,82.7,2,ask,,,2269877
2026-07-01T22:01:00.621822,2026-07-01T12:01:02.033844+00:00,82.4,42,ask,,,2269878
2026-07-01T22:01:01.248366,2026-07-01T12:01:02.656528+00:00,82.4,50,ask,,,2269891
2026-07-01T22:01:03.282075,2026-07-01T12:01:04.692356+00:00,82.5,45,bid,,,2269932
2026-07-01T22:01:03.359102,2026-07-01T12:01:04.768872+00:00,82.2,50,ask,,,2269935
2026-07-01T22:01:04.816668,2026-07-01T12:01:06.232456+00:00,82.5,35,bid,,,2269971
2026-07-01T22:01:04.906906,2026-07-01T12:01:06.320361+00:00,82.5,35,bid,,,2269973
2026-07-01T22:01:05.006517,2026-07-01T12:01:06.419376+00:00,82.5,35,bid,,,2269975
2026-07-01T22:01:05.467329,2026-07-01T12:01:06.879434+00:00,82.2,50,ask,,,2269988
2026-07-01T22:01:05.912784,2026-07-01T12:01:07.318848+00:00,82.5,3,ask,,,2270000
2026-07-01T22:01:05.951578,2026-07-01T12:01:07.362362+00:00,82.0,41,ask,,,2270001
2026-07-01T22:01:05.981747,2026-07-01T12:01:07.395362+00:00,82.5,35,bid,,,2270002
2026-07-01T22:01:06.052750,2026-07-01T12:01:07.460053+00:00,82.5,62,bid,,,2270004
2026-07-01T22:01:06.160162,2026-07-01T12:01:07.569186+00:00,82.6,35,ask,,,2270008
2026-07-01T22:01:06.250489,2026-07-01T12:01:07.667521+00:00,82.6,35,ask,,,2270010
2026-07-01T22:01:06.340397,2026-07-01T12:01:07.755657+00:00,82.6,18,ask,,,2270012
2026-07-01T22:01:06.444307,2026-07-01T12:01:07.854372+00:00,82.8,3,bid,,,2270013
2026-07-01T22:01:07.574957,2026-07-01T12:01:08.989697+00:00,82.5,3,ask,,,2270037
2026-07-01T22:01:07.574957,2026-07-01T12:01:08.989697+00:00,82.0,47,ask,,,2270038
2026-07-01T22:01:09.116062,2026-07-01T12:01:10.530396+00:00,82.5,3,ask,,,2270074
2026-07-01T22:01:09.272764,2026-07-01T12:01:10.683428+00:00,82.5,3,ask,,,2270083
2026-07-01T22:01:09.312392,2026-07-01T12:01:10.727637+00:00,82.5,35,bid,,,2270084
2026-07-01T22:01:09.407685,2026-07-01T12:01:10.815942+00:00,82.5,35,bid,,,2270088
2026-07-01T22:01:09.499238,2026-07-01T12:01:10.913719+00:00,82.5,35,bid,,,2270093
2026-07-01T22:01:09.588625,2026-07-01T12:01:11.000042+00:00,82.5,28,bid,,,2270098
2026-07-01T22:01:09.617268,2026-07-01T12:01:11.033004+00:00,82.5,14,bid,,,2270100
2026-07-01T22:01:09.617268,2026-07-01T12:01:11.033004+00:00,82.6,26,bid,,,2270101
2026-07-01T22:01:09.684562,2026-07-01T12:01:11.097812+00:00,82.2,10,ask,,,2270105
2026-07-01T22:01:09.684562,2026-07-01T12:01:11.097812+00:00,82.1,40,ask,,,2270106
2026-07-01T22:01:10.196887,2026-07-01T12:01:11.613018+00:00,82.6,48,bid,,,2270117
2026-07-01T22:01:10.251668,2026-07-01T12:01:11.668018+00:00,82.4,3,ask,,,2270118
2026-07-01T22:01:10.251668,2026-07-01T12:01:11.668018+00:00,82.2,10,ask,,,2270119
2026-07-01T22:01:10.251668,2026-07-01T12:01:11.668018+00:00,82.1,35,ask,,,2270120
2026-07-01T22:01:10.718156,2026-07-01T12:01:12.205140+00:00,82.2,10,ask,,,2270130
2026-07-01T22:01:10.718156,2026-07-01T12:01:12.205140+00:00,82.1,25,ask,,,2270131
2026-07-01T22:01:10.718156,2026-07-01T12:01:12.205140+00:00,82.0,8,ask,,,2270132
2026-07-01T22:01:11.742324,2026-07-01T12:01:13.156052+00:00,82.6,26,bid,,,2270150
2026-07-01T22:01:11.742324,2026-07-01T12:01:13.156052+00:00,82.8,2,bid,,,2270151
2026-07-01T22:01:13.901900,2026-07-01T12:01:15.310275+00:00,82.6,50,ask,,,2270192
2026-07-01T22:01:15.322979,2026-07-01T12:01:16.738168+00:00,82.6,35,ask,,,2270224
2026-07-01T22:01:15.412594,2026-07-01T12:01:16.825089+00:00,82.6,35,ask,,,2270229
2026-07-01T22:01:15.419294,2026-07-01T12:01:16.825089+00:00,82.6,30,ask,,,2270230
2026-07-01T22:01:15.599713,2026-07-01T12:01:17.010697+00:00,82.4,1,ask,,,2270231
2026-07-01T22:01:15.658227,2026-07-01T12:01:17.065709+00:00,82.3,35,bid,,,2270234
2026-07-01T22:01:15.750791,2026-07-01T12:01:17.163726+00:00,82.3,35,bid,,,2270237
2026-07-01T22:01:17.726243,2026-07-01T12:01:19.140967+00:00,82.3,1,bid,,,2270272
2026-07-01T22:01:17.855721,2026-07-01T12:01:19.272523+00:00,82.3,1,bid,,,2270273
2026-07-01T22:01:18.114301,2026-07-01T12:01:19.525092+00:00,82.0,50,ask,,,2270277
2026-07-01T22:01:18.602035,2026-07-01T12:01:20.018028+00:00,82.3,40,bid,,,2270290
2026-07-01T22:01:20.063458,2026-07-01T12:01:21.479676+00:00,82.3,44,bid,,,2270304
2026-07-01T22:01:20.224750,2026-07-01T12:01:21.633395+00:00,82.1,50,ask,,,2270311
2026-07-01T22:01:20.558316,2026-07-01T12:01:21.971316+00:00,82.3,1,bid,,,2270315
2026-07-01T22:01:20.613970,2026-07-01T12:01:22.026316+00:00,82.3,1,bid,,,2270318
2026-07-01T22:01:20.650148,2026-07-01T12:01:22.058834+00:00,82.3,1,bid,,,2270319
2026-07-01T22:01:20.675344,2026-07-01T12:01:22.091333+00:00,82.3,1,bid,,,2270320
2026-07-01T22:01:20.719476,2026-07-01T12:01:22.135330+00:00,82.3,1,bid,,,2270323
2026-07-01T22:01:21.590339,2026-07-01T12:01:23.008115+00:00,82.1,43,ask,,,2270347
2026-07-01T22:01:22.233475,2026-07-01T12:01:23.640564+00:00,82.3,48,bid,,,2270358
2026-07-01T22:01:23.095608,2026-07-01T12:01:24.505833+00:00,82.3,25,bid,,,2270384
2026-07-01T22:01:23.217868,2026-07-01T12:01:24.626522+00:00,82.1,10,ask,,,2270390
2026-07-01T22:01:23.217868,2026-07-01T12:01:24.626522+00:00,82.0,31,ask,,,2270391
2026-07-01T22:01:23.733229,2026-07-01T12:01:25.140859+00:00,82.3,45,bid,,,2270400
2026-07-01T22:01:24.387979,2026-07-01T12:01:25.797278+00:00,82.3,32,bid,,,2270409
2026-07-01T22:01:24.387979,2026-07-01T12:01:25.797278+00:00,82.5,5,bid,,,2270410
2026-07-01T22:01:24.387979,2026-07-01T12:01:25.808278+00:00,82.5,13,bid,,,2270411
2026-07-01T22:01:25.040694,2026-07-01T12:01:26.450990+00:00,82.5,5,bid,,,2270424
2026-07-01T22:01:25.617548,2026-07-01T12:01:27.032338+00:00,82.5,5,ask,,,2270432
2026-07-01T22:01:25.763004,2026-07-01T12:01:27.173108+00:00,82.5,5,ask,,,2270433
2026-07-01T22:01:25.910546,2026-07-01T12:01:27.325205+00:00,82.5,5,ask,,,2270435
2026-07-01T22:01:26.498561,2026-07-01T12:01:27.914788+00:00,82.6,50,bid,,,2270444
2026-07-01T22:01:26.617252,2026-07-01T12:01:28.024078+00:00,82.5,5,ask,,,2270445
2026-07-01T22:01:28.110252,2026-07-01T12:01:29.522221+00:00,82.5,2,ask,,,2270478
2026-07-01T22:01:28.683775,2026-07-01T12:01:30.095201+00:00,82.4,50,ask,,,2270492
2026-07-01T22:01:29.244895,2026-07-01T12:01:30.651936+00:00,82.4,42,ask,,,2270510
2026-07-01T22:01:30.741526,2026-07-01T12:01:32.157096+00:00,82.6,5,bid,,,2270546
2026-07-01T22:01:30.741526,2026-07-01T12:01:32.157096+00:00,82.6,10,bid,,,2270547
2026-07-01T22:01:30.741526,2026-07-01T12:01:32.157096+00:00,82.7,35,bid,,,2270548
2026-07-01T22:01:33.319593,2026-07-01T12:01:34.727070+00:00,82.5,45,bid,,,2270593
2026-07-01T22:01:35.028095,2026-07-01T12:01:36.439928+00:00,82.4,50,ask,,,2270628
2026-07-01T22:01:37.151706,2026-07-01T12:01:38.565199+00:00,82.4,50,ask,,,2270676
2026-07-01T22:01:38.100025,2026-07-01T12:01:39.517077+00:00,82.3,49,ask,,,2270697
2026-07-01T22:01:38.700945,2026-07-01T12:01:40.107395+00:00,82.6,5,bid,,,2270711
2026-07-01T22:01:38.700945,2026-07-01T12:01:40.118396+00:00,82.6,36,bid,,,2270712
2026-07-01T22:01:38.756902,2026-07-01T12:01:40.172938+00:00,82.3,45,ask,,,2270715
2026-07-01T22:01:38.964640,2026-07-01T12:01:40.380734+00:00,82.6,64,bid,,,2270720
2026-07-01T22:01:39.259399,2026-07-01T12:01:40.665747+00:00,82.3,50,ask,,,2270727
2026-07-01T22:01:40.913026,2026-07-01T12:01:42.329057+00:00,82.5,100,ask,,,2270768
2026-07-01T22:01:40.920387,2026-07-01T12:01:42.329057+00:00,82.3,50,bid,,,2270769
2026-07-01T22:01:41.314414,2026-07-01T12:01:42.722649+00:00,83.0,50,bid,,,2270781
2026-07-01T22:01:41.596050,2026-07-01T12:01:43.008295+00:00,82.6,3,bid,,,2270787
2026-07-01T22:01:41.890992,2026-07-01T12:01:43.303821+00:00,82.6,4,bid,,,2270795
2026-07-01T22:01:43.333251,2026-07-01T12:01:44.741319+00:00,82.7,3,bid,,,2270828
2026-07-01T22:01:43.421154,2026-07-01T12:01:44.827626+00:00,83.0,50,bid,,,2270831
2026-07-01T22:01:45.528132,2026-07-01T12:01:46.941091+00:00,82.7,3,bid,,,2270876
2026-07-01T22:01:45.528132,2026-07-01T12:01:46.941091+00:00,82.9,47,bid,,,2270877
2026-07-01T22:01:47.107021,2026-07-01T12:01:48.521205+00:00,82.6,45,ask,,,2270918
2026-07-01T22:01:47.601211,2026-07-01T12:01:49.012409+00:00,82.7,40,ask,,,2270925
2026-07-01T22:01:47.655482,2026-07-01T12:01:49.067409+00:00,83.1,50,bid,,,2270926
2026-07-01T22:01:49.762354,2026-07-01T12:01:51.176594+00:00,83.1,50,bid,,,2270971
2026-07-01T22:01:51.903994,2026-07-01T12:01:53.320820+00:00,83.1,50,bid,,,2271018
2026-07-01T22:01:53.329284,2026-07-01T12:01:54.746562+00:00,83.1,49,bid,,,2271074
2026-07-01T22:01:53.518807,2026-07-01T12:01:54.932839+00:00,83.1,10,bid,,,2271080
2026-07-01T22:01:53.518807,2026-07-01T12:01:54.932839+00:00,83.3,100,bid,,,2271081
2026-07-01T22:01:53.531217,2026-07-01T12:01:54.943839+00:00,83.3,35,ask,,,2271083
2026-07-01T22:01:53.630189,2026-07-01T12:01:55.042578+00:00,83.3,5,ask,,,2271085
2026-07-01T22:01:54.014390,2026-07-01T12:01:55.425523+00:00,83.8,50,bid,,,2271089
2026-07-01T22:01:56.125561,2026-07-01T12:01:57.542169+00:00,83.8,50,bid,,,2271127
2026-07-01T22:01:56.532033,2026-07-01T12:01:57.944335+00:00,83.4,100,ask,,,2271134
2026-07-01T22:01:58.192560,2026-07-01T12:01:59.604932+00:00,83.1,2,ask,,,2271166
2026-07-01T22:01:58.233540,2026-07-01T12:01:59.648515+00:00,83.5,10,bid,,,2271167
2026-07-01T22:01:58.233540,2026-07-01T12:01:59.648515+00:00,83.6,40,bid,,,2271168
2026-07-01T22:01:58.660591,2026-07-01T12:02:00.120118+00:00,83.1,21,ask,,,2271179
2026-07-01T22:01:58.690830,2026-07-01T12:02:00.142118+00:00,83.1,127,ask,,,2271184
2026-07-01T22:01:59.978112,2026-07-01T12:02:01.389064+00:00,83.1,35,bid,,,2271206
2026-07-01T22:02:00.017225,2026-07-01T12:02:01.433064+00:00,83.1,46,bid,,,2271208
2026-07-01T22:02:00.076792,2026-07-01T12:02:01.487357+00:00,83.1,35,bid,,,2271210
2026-07-01T22:02:00.226320,2026-07-01T12:02:01.640489+00:00,83.1,34,bid,,,2271215
2026-07-01T22:02:00.377000,2026-07-01T12:02:01.784007+00:00,83.5,50,bid,,,2271222
2026-07-01T22:02:02.485162,2026-07-01T12:02:03.894847+00:00,83.5,50,bid,,,2271253
2026-07-01T22:02:02.893750,2026-07-01T12:02:04.299579+00:00,83.3,100,ask,,,2271271
2026-07-01T22:02:03.065474,2026-07-01T12:02:04.475201+00:00,83.2,22,ask,,,2271276
2026-07-01T22:02:03.202838,2026-07-01T12:02:04.618781+00:00,83.2,25,ask,,,2271284
2026-07-01T22:02:03.216104,2026-07-01T12:02:04.629782+00:00,83.2,2,ask,,,2271286
2026-07-01T22:02:04.618340,2026-07-01T12:02:06.032170+00:00,83.5,10,bid,,,2271310
2026-07-01T22:02:04.618340,2026-07-01T12:02:06.032170+00:00,83.7,40,bid,,,2271311
2026-07-01T22:02:06.786938,2026-07-01T12:02:08.198712+00:00,83.1,50,ask,,,2271344
2026-07-01T22:02:08.221323,2026-07-01T12:02:09.629892+00:00,83.1,2,ask,,,2271371
2026-07-01T22:02:08.842535,2026-07-01T12:02:10.264444+00:00,83.4,2,bid,,,2271380
2026-07-01T22:02:09.076245,2026-07-01T12:02:10.483357+00:00,83.1,46,ask,,,2271389
2026-07-01T22:02:09.713265,2026-07-01T12:02:11.120835+00:00,83.2,46,bid,,,2271405
2026-07-01T22:02:10.526082,2026-07-01T12:02:11.938970+00:00,83.2,35,bid,,,2271436
2026-07-01T22:02:10.622179,2026-07-01T12:02:12.037560+00:00,83.2,35,bid,,,2271440
2026-07-01T22:02:10.711516,2026-07-01T12:02:12.124930+00:00,83.2,34,bid,,,2271444
2026-07-01T22:02:10.950841,2026-07-01T12:02:12.364995+00:00,83.5,50,bid,,,2271452
2026-07-01T22:02:11.385191,2026-07-01T12:02:12.794761+00:00,83.0,3,ask,,,2271461
2026-07-01T22:02:11.385191,2026-07-01T12:02:12.794761+00:00,83.0,46,ask,,,2271462
2026-07-01T22:02:12.409478,2026-07-01T12:02:13.820868+00:00,83.2,35,ask,,,2271485
2026-07-01T22:02:12.499660,2026-07-01T12:02:13.908459+00:00,83.2,35,ask,,,2271487
2026-07-01T22:02:12.590147,2026-07-01T12:02:13.996560+00:00,83.3,34,ask,,,2271490
2026-07-01T22:02:13.085567,2026-07-01T12:02:14.499548+00:00,83.6,10,bid,,,2271505
2026-07-01T22:02:13.085567,2026-07-01T12:02:14.499548+00:00,83.7,40,bid,,,2271506
2026-07-01T22:02:13.233665,2026-07-01T12:02:14.641648+00:00,83.3,2,ask,,,2271512
2026-07-01T22:02:15.015945,2026-07-01T12:02:16.429631+00:00,83.3,49,ask,,,2271538
2026-07-01T22:02:15.192074,2026-07-01T12:02:16.604588+00:00,83.7,50,bid,,,2271541
2026-07-01T22:02:17.354614,2026-07-01T12:02:18.771260+00:00,83.3,50,ask,,,2271580
2026-07-01T22:02:18.241319,2026-07-01T12:02:19.655751+00:00,83.3,2,ask,,,2271593
2026-07-01T22:02:19.411997,2026-07-01T12:02:20.821804+00:00,83.6,50,bid,,,2271614
2026-07-01T22:02:20.491951,2026-07-01T12:02:21.901961+00:00,83.6,42,bid,,,2271637
2026-07-01T22:02:21.843402,2026-07-01T12:02:23.257408+00:00,83.7,100,bid,,,2271665
2026-07-01T22:02:23.251354,2026-07-01T12:02:24.657677+00:00,83.9,25,ask,,,2271693
2026-07-01T22:02:23.677137,2026-07-01T12:02:25.093401+00:00,83.9,50,ask,,,2271702
2026-07-01T22:02:23.886765,2026-07-01T12:02:25.299195+00:00,83.9,1,ask,,,2271706
2026-07-01T22:02:25.060733,2026-07-01T12:02:26.471659+00:00,83.9,74,ask,,,2271730
2026-07-01T22:02:25.287570,2026-07-01T12:02:26.701840+00:00,83.5,6,ask,,,2271739
2026-07-01T22:02:25.287570,2026-07-01T12:02:26.701840+00:00,83.2,42,ask,,,2271740
2026-07-01T22:02:25.785949,2026-07-01T12:02:27.194498+00:00,83.2,50,ask,,,2271746
2026-07-01T22:02:25.826140,2026-07-01T12:02:27.234498+00:00,83.6,45,bid,,,2271749
2026-07-01T22:02:26.407817,2026-07-01T12:02:27.815354+00:00,83.6,42,bid,,,2271776
2026-07-01T22:02:27.841248,2026-07-01T12:02:29.256851+00:00,83.6,50,bid,,,2271806
2026-07-01T22:02:28.341251,2026-07-01T12:02:29.748297+00:00,83.6,100,bid,,,2271821
2026-07-01T22:02:29.950518,2026-07-01T12:02:31.361319+00:00,84.1,50,bid,,,2271854
2026-07-01T22:02:32.110513,2026-07-01T12:02:33.526722+00:00,83.6,50,ask,,,2271911
2026-07-01T22:02:33.453133,2026-07-01T12:02:34.863349+00:00,83.6,41,ask,,,2271953
2026-07-01T22:02:34.219499,2026-07-01T12:02:35.629325+00:00,83.6,9,ask,,,2271967
2026-07-01T22:02:34.219499,2026-07-01T12:02:35.629325+00:00,83.6,41,ask,,,2271968
2026-07-01T22:02:34.479205,2026-07-01T12:02:35.892756+00:00,83.8,1,bid,,,2271975
2026-07-01T22:02:34.479205,2026-07-01T12:02:35.892756+00:00,83.8,10,bid,,,2271976
2026-07-01T22:02:34.545811,2026-07-01T12:02:35.958343+00:00,83.6,100,ask,,,2271980
2026-07-01T22:02:34.721958,2026-07-01T12:02:36.132731+00:00,83.4,2,ask,,,2271984
2026-07-01T22:02:36.327498,2026-07-01T12:02:37.742326+00:00,83.1,50,ask,,,2272019
2026-07-01T22:02:36.882877,2026-07-01T12:02:38.289352+00:00,83.3,46,bid,,,2272030
2026-07-01T22:02:37.007618,2026-07-01T12:02:38.421869+00:00,83.3,1,bid,,,2272034
2026-07-01T22:02:37.665460,2026-07-01T12:02:39.089276+00:00,83.3,100,bid,,,2272049
2026-07-01T22:02:37.994537,2026-07-01T12:02:39.406669+00:00,83.5,49,ask,,,2272058
2026-07-01T22:02:38.436715,2026-07-01T12:02:39.848893+00:00,83.5,50,ask,,,2272063
2026-07-01T22:02:40.543363,2026-07-01T12:02:41.951348+00:00,83.5,50,ask,,,2272103
2026-07-01T22:02:41.932612,2026-07-01T12:02:43.348539+00:00,83.6,44,bid,,,2272132
2026-07-01T22:02:42.651571,2026-07-01T12:02:44.059074+00:00,83.4,1,ask,,,2272144
2026-07-01T22:02:42.651571,2026-07-01T12:02:44.069433+00:00,83.2,49,ask,,,2272145
2026-07-01T22:02:43.288362,2026-07-01T12:02:44.700068+00:00,83.4,1,ask,,,2272158
2026-07-01T22:02:44.762084,2026-07-01T12:02:46.205988+00:00,83.1,10,ask,,,2272189
2026-07-01T22:02:44.762084,2026-07-01T12:02:46.205988+00:00,83.0,40,ask,,,2272190
2026-07-01T22:02:45.463410,2026-07-01T12:02:46.872614+00:00,83.3,2,bid,,,2272207
2026-07-01T22:02:45.920230,2026-07-01T12:02:47.331894+00:00,83.3,98,bid,,,2272221
2026-07-01T22:02:46.602246,2026-07-01T12:02:48.018094+00:00,83.3,1,ask,,,2272235
2026-07-01T22:02:46.602246,2026-07-01T12:02:48.018094+00:00,83.1,10,ask,,,2272236
2026-07-01T22:02:46.602246,2026-07-01T12:02:48.018094+00:00,83.0,35,ask,,,2272237
2026-07-01T22:02:46.878067,2026-07-01T12:02:48.289000+00:00,83.0,50,ask,,,2272239
2026-07-01T22:02:47.370357,2026-07-01T12:02:48.778676+00:00,83.4,100,ask,,,2272249
2026-07-01T22:02:47.370357,2026-07-01T12:02:48.778676+00:00,83.3,2,ask,,,2272250
2026-07-01T22:02:47.370357,2026-07-01T12:02:48.789675+00:00,83.3,10,ask,,,2272251
2026-07-01T22:02:47.381164,2026-07-01T12:02:48.789675+00:00,83.1,38,bid,,,2272252
2026-07-01T22:02:47.542864,2026-07-01T12:02:48.953480+00:00,83.6,5,bid,,,2272261
2026-07-01T22:02:47.542864,2026-07-01T12:02:48.953480+00:00,83.9,40,bid,,,2272262
2026-07-01T22:02:47.598815,2026-07-01T12:02:49.007996+00:00,83.3,2,ask,,,2272263
2026-07-01T22:02:48.693008,2026-07-01T12:02:50.107536+00:00,83.3,3,ask,,,2272283
2026-07-01T22:02:48.986616,2026-07-01T12:02:50.400312+00:00,82.6,50,ask,,,2272289
2026-07-01T22:02:51.094394,2026-07-01T12:02:52.504513+00:00,83.3,3,ask,,,2272336
2026-07-01T22:02:51.094394,2026-07-01T12:02:52.504513+00:00,83.2,47,ask,,,2272337
2026-07-01T22:02:52.081616,2026-07-01T12:02:53.497821+00:00,83.3,4,ask,,,2272351
2026-07-01T22:02:52.081616,2026-07-01T12:02:53.497821+00:00,83.2,39,ask,,,2272352
2026-07-01T22:02:53.201661,2026-07-01T12:02:54.611177+00:00,83.3,3,ask,,,2272371
2026-07-01T22:02:53.201661,2026-07-01T12:02:54.611177+00:00,83.2,14,ask,,,2272372
2026-07-01T22:02:53.201661,2026-07-01T12:02:54.622160+00:00,83.2,33,ask,,,2272373
2026-07-01T22:02:53.566444,2026-07-01T12:02:54.981283+00:00,83.3,3,ask,,,2272380
2026-07-01T22:02:53.593424,2026-07-01T12:02:55.003211+00:00,83.3,35,bid,,,2272381
2026-07-01T22:02:53.621531,2026-07-01T12:02:55.035726+00:00,83.3,3,bid,,,2272384
2026-07-01T22:02:53.687103,2026-07-01T12:02:55.101742+00:00,83.3,35,bid,,,2272388
2026-07-01T22:02:53.700764,2026-07-01T12:02:55.112742+00:00,83.3,3,bid,,,2272390
2026-07-01T22:02:53.749558,2026-07-01T12:02:55.156742+00:00,83.3,3,bid,,,2272391
2026-07-01T22:02:53.778732,2026-07-01T12:02:55.189741+00:00,83.3,18,bid,,,2272392
2026-07-01T22:02:55.311914,2026-07-01T12:02:56.721738+00:00,83.0,10,ask,,,2272424
2026-07-01T22:02:55.311914,2026-07-01T12:02:56.721738+00:00,82.9,40,ask,,,2272425
2026-07-01T22:02:56.034489,2026-07-01T12:02:57.441845+00:00,83.4,47,bid,,,2272438
2026-07-01T22:02:56.592191,2026-07-01T12:02:58.009161+00:00,83.0,10,ask,,,2272452
2026-07-01T22:02:56.592191,2026-07-01T12:02:58.009161+00:00,82.9,31,ask,,,2272453
2026-07-01T22:02:56.921129,2026-07-01T12:02:58.336036+00:00,83.2,4,bid,,,2272459
2026-07-01T22:02:57.092066,2026-07-01T12:02:58.499720+00:00,83.2,35,bid,,,2272464
2026-07-01T22:02:57.181634,2026-07-01T12:02:58.587732+00:00,83.2,35,bid,,,2272466
2026-07-01T22:02:57.275516,2026-07-01T12:02:58.685419+00:00,83.2,16,bid,,,2272472
2026-07-01T22:02:57.748981,2026-07-01T12:02:59.166339+00:00,83.2,41,bid,,,2272478
2026-07-01T22:02:58.338010,2026-07-01T12:02:59.755027+00:00,83.2,19,bid,,,2272487
2026-07-01T22:02:59.523487,2026-07-01T12:03:00.933752+00:00,82.9,50,ask,,,2272518
2026-07-01T22:02:59.976895,2026-07-01T12:03:01.392230+00:00,83.3,100,bid,,,2272525
2026-07-01T22:03:01.631003,2026-07-01T12:03:03.043814+00:00,83.3,50,ask,,,2272551
2026-07-01T22:03:03.220556,2026-07-01T12:03:04.634635+00:00,83.0,100,ask,,,2272574
2026-07-01T22:03:03.356370,2026-07-01T12:03:04.763457+00:00,83.0,25,bid,,,2272580
2026-07-01T22:03:03.712677,2026-07-01T12:03:05.132581+00:00,83.0,25,bid,,,2272594
2026-07-01T22:03:04.480633,2026-07-01T12:03:05.893852+00:00,83.4,8,bid,,,2272608
2026-07-01T22:03:05.819041,2026-07-01T12:03:07.232954+00:00,83.4,8,bid,,,2272642
2026-07-01T22:03:06.330860,2026-07-01T12:03:07.744542+00:00,83.5,100,bid,,,2272652
2026-07-01T22:03:06.453456,2026-07-01T12:03:07.865521+00:00,83.5,8,ask,,,2272654
2026-07-01T22:03:07.216521,2026-07-01T12:03:08.631053+00:00,83.5,41,ask,,,2272673
2026-07-01T22:03:07.503603,2026-07-01T12:03:08.914814+00:00,83.5,1,ask,,,2272676
2026-07-01T22:03:07.950064,2026-07-01T12:03:09.361567+00:00,83.5,7,bid,,,2272688
2026-07-01T22:03:07.950064,2026-07-01T12:03:09.361567+00:00,84.0,43,bid,,,2272689
2026-07-01T22:03:10.057994,2026-07-01T12:03:11.468450+00:00,83.5,3,bid,,,2272728
2026-07-01T22:03:10.057994,2026-07-01T12:03:11.468450+00:00,83.5,47,bid,,,2272729
2026-07-01T22:03:12.181248,2026-07-01T12:03:13.595350+00:00,83.5,50,bid,,,2272781
2026-07-01T22:03:13.518724,2026-07-01T12:03:14.925542+00:00,83.4,44,ask,,,2272818
2026-07-01T22:03:16.391833,2026-07-01T12:03:17.801203+00:00,83.6,50,bid,,,2272873
2026-07-01T22:03:18.498986,2026-07-01T12:03:19.911020+00:00,83.6,50,bid,,,2272928
2026-07-01T22:03:20.676586,2026-07-01T12:03:22.092288+00:00,83.4,50,ask,,,2272965
2026-07-01T22:03:22.784364,2026-07-01T12:03:24.194046+00:00,83.3,50,ask,,,2273023
2026-07-01T22:03:24.364773,2026-07-01T12:03:25.777451+00:00,83.6,3,bid,,,2273061
2026-07-01T22:03:24.364773,2026-07-01T12:03:25.777451+00:00,83.7,42,bid,,,2273062
2026-07-01T22:03:26.825166,2026-07-01T12:03:28.233439+00:00,83.5,48,bid,,,2273113
2026-07-01T22:03:26.954045,2026-07-01T12:03:28.363635+00:00,83.5,50,bid,,,2273117
2026-07-01T22:03:28.006595,2026-07-01T12:03:29.422559+00:00,83.2,43,ask,,,2273133
2026-07-01T22:03:29.062032,2026-07-01T12:03:30.481714+00:00,83.5,50,bid,,,2273153
2026-07-01T22:03:29.361377,2026-07-01T12:03:30.776680+00:00,83.3,35,ask,,,2273162
2026-07-01T22:03:29.451962,2026-07-01T12:03:30.864136+00:00,83.3,35,ask,,,2273165
2026-07-01T22:03:29.542794,2026-07-01T12:03:30.950901+00:00,83.3,30,ask,,,2273170
2026-07-01T22:03:29.914411,2026-07-01T12:03:31.320883+00:00,83.5,48,bid,,,2273176
2026-07-01T22:03:30.118696,2026-07-01T12:03:31.527963+00:00,83.3,1,ask,,,2273182
2026-07-01T22:03:30.209521,2026-07-01T12:03:31.615993+00:00,83.3,1,ask,,,2273185
2026-07-01T22:03:31.185490,2026-07-01T12:03:32.596457+00:00,83.5,50,bid,,,2273207
2026-07-01T22:03:31.643660,2026-07-01T12:03:33.055135+00:00,83.4,100,bid,,,2273217
2026-07-01T22:03:31.649296,2026-07-01T12:03:33.066135+00:00,83.5,50,ask,,,2273218
2026-07-01T22:03:32.616819,2026-07-01T12:03:34.026788+00:00,83.3,1,ask,,,2273242
2026-07-01T22:03:32.676302,2026-07-01T12:03:34.091052+00:00,83.3,1,ask,,,2273247
2026-07-01T22:03:32.736628,2026-07-01T12:03:34.145606+00:00,83.3,1,ask,,,2273249
2026-07-01T22:03:33.292051,2026-07-01T12:03:34.705050+00:00,83.6,6,bid,,,2273256
2026-07-01T22:03:34.738084,2026-07-01T12:03:36.152595+00:00,83.3,35,ask,,,2273299
2026-07-01T22:03:34.828851,2026-07-01T12:03:36.239654+00:00,83.3,35,ask,,,2273304
2026-07-01T22:03:34.920227,2026-07-01T12:03:36.326899+00:00,83.3,6,ask,,,2273308
2026-07-01T22:03:35.252570,2026-07-01T12:03:36.664596+00:00,83.3,24,ask,,,2273314
2026-07-01T22:03:35.252570,2026-07-01T12:03:36.664596+00:00,82.9,24,ask,,,2273315
2026-07-01T22:03:35.427415,2026-07-01T12:03:36.840167+00:00,83.4,50,bid,,,2273317
2026-07-01T22:03:36.924037,2026-07-01T12:03:38.336673+00:00,82.9,43,ask,,,2273341
2026-07-01T22:03:37.591432,2026-07-01T12:03:39.002160+00:00,82.9,50,ask,,,2273358
2026-07-01T22:03:39.698330,2026-07-01T12:03:41.108814+00:00,83.0,50,ask,,,2273399
2026-07-01T22:03:39.816445,2026-07-01T12:03:41.228001+00:00,83.2,35,bid,,,2273401
2026-07-01T22:03:39.906938,2026-07-01T12:03:41.314825+00:00,83.2,35,bid,,,2273405
2026-07-01T22:03:40.000664,2026-07-01T12:03:41.412833+00:00,83.2,35,bid,,,2273413
2026-07-01T22:03:40.096937,2026-07-01T12:03:41.511866+00:00,83.2,35,bid,,,2273417
2026-07-01T22:03:40.188162,2026-07-01T12:03:41.610177+00:00,83.2,10,bid,,,2273419
2026-07-01T22:03:41.140491,2026-07-01T12:03:42.547618+00:00,83.3,100,bid,,,2273444
2026-07-01T22:03:41.149297,2026-07-01T12:03:42.559025+00:00,83.3,50,ask,,,2273447
2026-07-01T22:03:41.332950,2026-07-01T12:03:42.744267+00:00,83.6,3,bid,,,2273455
2026-07-01T22:03:41.332950,2026-07-01T12:03:42.744267+00:00,83.8,39,bid,,,2273456
2026-07-01T22:03:41.753955,2026-07-01T12:03:43.168303+00:00,83.8,50,bid,,,2273463
2026-07-01T22:03:43.861042,2026-07-01T12:03:45.276281+00:00,83.5,7,bid,,,2273512
2026-07-01T22:03:43.861042,2026-07-01T12:03:45.276281+00:00,83.8,43,bid,,,2273513
2026-07-01T22:03:45.494776,2026-07-01T12:03:46.907380+00:00,83.1,47,ask,,,2273551
2026-07-01T22:03:45.973234,2026-07-01T12:03:47.388503+00:00,83.4,10,bid,,,2273557
2026-07-01T22:03:45.973234,2026-07-01T12:03:47.388503+00:00,83.5,40,bid,,,2273558
2026-07-01T22:03:47.900171,2026-07-01T12:03:49.310499+00:00,83.5,48,bid,,,2273590
2026-07-01T22:03:48.086100,2026-07-01T12:03:49.497019+00:00,83.5,50,bid,,,2273596
2026-07-01T22:03:49.111714,2026-07-01T12:03:50.521012+00:00,83.3,3,ask,,,2273624
2026-07-01T22:03:50.614092,2026-07-01T12:03:52.021457+00:00,83.3,49,ask,,,2273655
2026-07-01T22:03:50.647392,2026-07-01T12:03:52.065457+00:00,83.4,35,ask,,,2273661
2026-07-01T22:03:50.743654,2026-07-01T12:03:52.152414+00:00,83.4,35,ask,,,2273668
2026-07-01T22:03:50.833600,2026-07-01T12:03:52.250461+00:00,83.4,35,ask,,,2273672
2026-07-01T22:03:50.944022,2026-07-01T12:03:52.359465+00:00,83.4,35,ask,,,2273674
2026-07-01T22:03:51.034493,2026-07-01T12:03:52.447068+00:00,83.4,7,ask,,,2273677
2026-07-01T22:03:51.503592,2026-07-01T12:03:52.915183+00:00,83.4,3,ask,,,2273686
2026-07-01T22:03:52.351980,2026-07-01T12:03:53.779569+00:00,83.3,50,ask,,,2273703
2026-07-01T22:03:53.256785,2026-07-01T12:03:54.673781+00:00,83.6,1,bid,,,2273717
2026-07-01T22:03:53.256785,2026-07-01T12:03:54.673781+00:00,83.6,10,bid,,,2273718
2026-07-01T22:03:53.256785,2026-07-01T12:03:54.673781+00:00,83.8,31,bid,,,2273719
2026-07-01T22:03:53.451332,2026-07-01T12:03:54.859990+00:00,83.3,1,ask,,,2273723
2026-07-01T22:03:53.451332,2026-07-01T12:03:54.859990+00:00,83.3,1,ask,,,2273724
2026-07-01T22:03:53.847955,2026-07-01T12:03:55.254729+00:00,83.3,3,ask,,,2273731
2026-07-01T22:03:53.871103,2026-07-01T12:03:55.287728+00:00,83.2,3,bid,,,2273732
2026-07-01T22:03:53.957125,2026-07-01T12:03:55.364332+00:00,83.2,3,bid,,,2273736
2026-07-01T22:03:53.981334,2026-07-01T12:03:55.397333+00:00,83.2,2,bid,,,2273737
2026-07-01T22:03:54.315870,2026-07-01T12:03:55.724567+00:00,83.2,2,bid,,,2273741
2026-07-01T22:03:54.427920,2026-07-01T12:03:55.844735+00:00,83.2,3,bid,,,2273748
2026-07-01T22:03:54.461752,2026-07-01T12:03:55.877440+00:00,83.0,50,ask,,,2273751
2026-07-01T22:03:55.423293,2026-07-01T12:03:56.837442+00:00,83.2,48,bid,,,2273778
2026-07-01T22:03:55.635177,2026-07-01T12:03:57.044949+00:00,83.2,3,bid,,,2273782
2026-07-01T22:03:55.778133,2026-07-01T12:03:57.187315+00:00,83.2,2,bid,,,2273791
2026-07-01T22:03:56.568474,2026-07-01T12:03:57.981137+00:00,83.0,50,ask,,,2273807
2026-07-01T22:03:58.677316,2026-07-01T12:04:00.091734+00:00,82.8,50,ask,,,2273852
2026-07-01T22:04:00.236292,2026-07-01T12:04:01.646367+00:00,82.7,41,ask,,,2273886
2026-07-01T22:04:00.783062,2026-07-01T12:04:02.191828+00:00,82.7,50,ask,,,2273897
2026-07-01T22:04:01.310390,2026-07-01T12:04:02.721770+00:00,83.0,45,bid,,,2273908
2026-07-01T22:04:02.891071,2026-07-01T12:04:04.308214+00:00,82.7,50,ask,,,2273947
2026-07-01T22:04:02.957862,2026-07-01T12:04:04.374240+00:00,82.7,9,ask,,,2273948
2026-07-01T22:04:02.957862,2026-07-01T12:04:04.374240+00:00,82.5,38,ask,,,2273949
2026-07-01T22:04:03.333381,2026-07-01T12:04:04.745986+00:00,82.6,100,ask,,,2273957
2026-07-01T22:04:03.344433,2026-07-01T12:04:04.756984+00:00,82.6,50,bid,,,2273958
2026-07-01T22:04:03.578738,2026-07-01T12:04:04.988464+00:00,83.1,42,bid,,,2273962
2026-07-01T22:04:04.606553,2026-07-01T12:04:06.016663+00:00,82.1,43,ask,,,2273983
2026-07-01T22:04:04.997792,2026-07-01T12:04:06.411833+00:00,82.1,50,ask,,,2273988
2026-07-01T22:04:06.352832,2026-07-01T12:04:07.764877+00:00,82.7,35,bid,,,2274013
2026-07-01T22:04:06.442690,2026-07-01T12:04:07.851867+00:00,82.7,35,bid,,,2274016
2026-07-01T22:04:06.535069,2026-07-01T12:04:07.949540+00:00,82.7,30,bid,,,2274021
2026-07-01T22:04:06.535069,2026-07-01T12:04:07.949540+00:00,82.7,5,bid,,,2274022
2026-07-01T22:04:06.661992,2026-07-01T12:04:08.079480+00:00,82.7,35,bid,,,2274024
2026-07-01T22:04:06.697652,2026-07-01T12:04:08.112803+00:00,82.7,1,bid,,,2274027
2026-07-01T22:04:06.760617,2026-07-01T12:04:08.167390+00:00,82.7,35,bid,,,2274030
2026-07-01T22:04:06.849130,2026-07-01T12:04:08.264467+00:00,82.7,4,bid,,,2274033
2026-07-01T22:04:07.105441,2026-07-01T12:04:08.525566+00:00,82.3,10,ask,,,2274040
2026-07-01T22:04:07.105441,2026-07-01T12:04:08.525566+00:00,82.2,40,ask,,,2274041
2026-07-01T22:04:07.776303,2026-07-01T12:04:09.190823+00:00,82.7,1,bid,,,2274059
2026-07-01T22:04:08.135333,2026-07-01T12:04:09.551036+00:00,82.7,1,bid,,,2274062
2026-07-01T22:04:08.766545,2026-07-01T12:04:10.181719+00:00,82.7,68,bid,,,2274085
2026-07-01T22:04:09.214520,2026-07-01T12:04:10.627597+00:00,82.2,50,ask,,,2274098
2026-07-01T22:04:09.606771,2026-07-01T12:04:11.021233+00:00,82.9,100,bid,,,2274104
2026-07-01T22:04:11.318277,2026-07-01T12:04:12.733344+00:00,83.0,6,bid,,,2274147
2026-07-01T22:04:11.322436,2026-07-01T12:04:12.733344+00:00,82.9,50,ask,,,2274148
2026-07-01T22:04:12.841492,2026-07-01T12:04:14.252427+00:00,82.7,24,bid,,,2274189
2026-07-01T22:04:13.290707,2026-07-01T12:04:14.699823+00:00,82.7,46,bid,,,2274199
2026-07-01T22:04:13.380067,2026-07-01T12:04:14.787259+00:00,82.7,50,bid,,,2274201
2026-07-01T22:04:13.510659,2026-07-01T12:04:14.918294+00:00,82.7,25,bid,,,2274203
2026-07-01T22:04:13.768596,2026-07-01T12:04:15.181295+00:00,82.7,4,bid,,,2274215
2026-07-01T22:04:15.491848,2026-07-01T12:04:16.899396+00:00,82.7,1,bid,,,2274242
2026-07-01T22:04:15.491848,2026-07-01T12:04:16.910395+00:00,83.1,6,bid,,,2274243
2026-07-01T22:04:15.491848,2026-07-01T12:04:16.910395+00:00,83.1,43,bid,,,2274244
2026-07-01T22:04:17.655657,2026-07-01T12:04:19.072460+00:00,82.9,50,ask,,,2274300
2026-07-01T22:04:18.412909,2026-07-01T12:04:19.826887+00:00,82.9,43,ask,,,2274317
2026-07-01T22:04:19.761903,2026-07-01T12:04:21.178103+00:00,82.9,50,ask,,,2274356
2026-07-01T22:04:21.875935,2026-07-01T12:04:23.290478+00:00,82.9,50,ask,,,2274402
2026-07-01T22:04:22.603312,2026-07-01T12:04:24.010529+00:00,82.4,47,ask,,,2274417
2026-07-01T22:04:23.983528,2026-07-01T12:04:25.393529+00:00,82.8,1,ask,,,2274456
2026-07-01T22:04:23.983528,2026-07-01T12:04:25.393529+00:00,82.4,49,ask,,,2274457
2026-07-01T22:04:24.871695,2026-07-01T12:04:26.288256+00:00,82.9,43,bid,,,2274482
2026-07-01T22:04:26.093010,2026-07-01T12:04:27.508977+00:00,82.4,50,ask,,,2274502
2026-07-01T22:04:26.982736,2026-07-01T12:04:28.399024+00:00,82.4,44,ask,,,2274522
2026-07-01T22:04:28.202657,2026-07-01T12:04:29.612233+00:00,82.4,50,ask,,,2274555
2026-07-01T22:04:28.565691,2026-07-01T12:04:29.982525+00:00,82.6,14,bid,,,2274563
2026-07-01T22:04:28.660536,2026-07-01T12:04:30.070536+00:00,82.4,10,ask,,,2274570
2026-07-01T22:04:30.131633,2026-07-01T12:04:31.547334+00:00,82.3,4,bid,,,2274589
2026-07-01T22:04:30.285826,2026-07-01T12:04:31.699673+00:00,82.3,50,bid,,,2274590
2026-07-01T22:04:33.199563,2026-07-01T12:04:34.613875+00:00,82.5,41,bid,,,2274623
2026-07-01T22:04:34.499528,2026-07-01T12:04:35.912033+00:00,82.5,50,bid,,,2274643
2026-07-01T22:04:34.978719,2026-07-01T12:04:36.393203+00:00,82.5,4,bid,,,2274658
2026-07-01T22:04:36.145502,2026-07-01T12:04:37.558816+00:00,82.9,44,bid,,,2274675
2026-07-01T22:04:36.606463,2026-07-01T12:04:38.017771+00:00,82.9,50,bid,,,2274686
2026-07-01T22:04:38.713966,2026-07-01T12:04:40.128424+00:00,83.0,50,bid,,,2274720
2026-07-01T22:04:39.202757,2026-07-01T12:04:40.610545+00:00,82.6,49,ask,,,2274744
2026-07-01T22:04:40.225688,2026-07-01T12:04:41.636709+00:00,83.0,44,bid,,,2274760
2026-07-01T22:04:40.824748,2026-07-01T12:04:42.239455+00:00,83.0,50,bid,,,2274770
2026-07-01T22:04:40.906768,2026-07-01T12:04:42.315067+00:00,82.6,46,ask,,,2274771
2026-07-01T22:04:41.312981,2026-07-01T12:04:42.719891+00:00,82.8,100,bid,,,2274779
2026-07-01T22:04:41.355716,2026-07-01T12:04:42.763890+00:00,83.0,35,ask,,,2274785
2026-07-01T22:04:41.445863,2026-07-01T12:04:42.862926+00:00,83.0,15,ask,,,2274788
2026-07-01T22:04:43.099567,2026-07-01T12:04:44.513096+00:00,83.5,48,bid,,,2274808
2026-07-01T22:04:45.109553,2026-07-01T12:04:46.522226+00:00,82.8,50,ask,,,2274860
2026-07-01T22:04:46.203634,2026-07-01T12:04:47.617158+00:00,82.9,2,bid,,,2274887
2026-07-01T22:04:47.164893,2026-07-01T12:04:48.577353+00:00,82.9,2,bid,,,2274910
2026-07-01T22:04:47.164893,2026-07-01T12:04:48.577353+00:00,83.2,48,bid,,,2274911
2026-07-01T22:04:47.646492,2026-07-01T12:04:49.054131+00:00,82.9,2,bid,,,2274919
2026-07-01T22:04:49.297570,2026-07-01T12:04:50.714792+00:00,83.1,50,bid,,,2274963
2026-07-01T22:04:49.582739,2026-07-01T12:04:50.999387+00:00,83.1,35,bid,,,2274968
2026-07-01T22:04:49.673635,2026-07-01T12:04:51.086140+00:00,83.1,13,bid,,,2274973
2026-07-01T22:04:50.318737,2026-07-01T12:04:51.729435+00:00,83.0,2,bid,,,2274984
2026-07-01T22:04:50.318737,2026-07-01T12:04:51.729435+00:00,83.1,2,bid,,,2274985
2026-07-01T22:04:50.892570,2026-07-01T12:04:52.309558+00:00,83.2,35,ask,,,2275007
2026-07-01T22:04:50.982567,2026-07-01T12:04:52.397030+00:00,83.2,35,ask,,,2275013
2026-07-01T22:04:51.088825,2026-07-01T12:04:52.496055+00:00,83.2,35,ask,,,2275016
2026-07-01T22:04:51.182202,2026-07-01T12:04:52.594793+00:00,83.2,35,ask,,,2275021
2026-07-01T22:04:51.273007,2026-07-01T12:04:52.682885+00:00,83.2,10,ask,,,2275023
2026-07-01T22:04:51.458606,2026-07-01T12:04:52.867620+00:00,83.1,50,ask,,,2275026
2026-07-01T22:04:53.566182,2026-07-01T12:04:54.982551+00:00,83.1,50,ask,,,2275073
2026-07-01T22:04:54.084203,2026-07-01T12:04:55.496513+00:00,83.0,35,bid,,,2275078
2026-07-01T22:04:54.181136,2026-07-01T12:04:55.594897+00:00,83.0,35,bid,,,2275081
2026-07-01T22:04:54.271537,2026-07-01T12:04:55.682137+00:00,83.0,35,bid,,,2275086
2026-07-01T22:04:54.369323,2026-07-01T12:04:55.780626+00:00,83.0,35,bid,,,2275093
2026-07-01T22:04:54.462162,2026-07-01T12:04:55.879786+00:00,83.0,10,bid,,,2275095
2026-07-01T22:04:55.672774,2026-07-01T12:04:57.090270+00:00,82.8,4,ask,,,2275121
2026-07-01T22:04:55.672774,2026-07-01T12:04:57.090270+00:00,82.7,46,ask,,,2275122
2026-07-01T22:04:57.131640,2026-07-01T12:04:58.542578+00:00,83.1,100,bid,,,2275144
2026-07-01T22:04:57.141478,2026-07-01T12:04:58.553577+00:00,83.2,2,ask,,,2275145
2026-07-01T22:04:57.200295,2026-07-01T12:04:58.608339+00:00,83.2,1,ask,,,2275148
2026-07-01T22:04:59.835600,2026-07-01T12:05:01.244051+00:00,83.6,10,bid,,,2275211
2026-07-01T22:05:00.429103,2026-07-01T12:05:01.844297+00:00,83.0,43,ask,,,2275225
2026-07-01T22:05:00.933804,2026-07-01T12:05:02.345943+00:00,83.3,45,bid,,,2275238
2026-07-01T22:05:04.102615,2026-07-01T12:05:05.513708+00:00,83.0,4,ask,,,2275315
2026-07-01T22:05:04.102615,2026-07-01T12:05:05.513708+00:00,82.9,46,ask,,,2275316
2026-07-01T22:05:05.303868,2026-07-01T12:05:06.718843+00:00,83.0,4,ask,,,2275347
2026-07-01T22:05:05.303868,2026-07-01T12:05:06.718843+00:00,82.9,41,ask,,,2275348
2026-07-01T22:05:05.826684,2026-07-01T12:05:07.243927+00:00,82.9,46,ask,,,2275357
2026-07-01T22:05:06.215475,2026-07-01T12:05:07.625057+00:00,82.9,17,ask,,,2275369
2026-07-01T22:05:06.215475,2026-07-01T12:05:07.625057+00:00,82.8,33,ask,,,2275370
2026-07-01T22:05:07.620795,2026-07-01T12:05:09.027792+00:00,82.7,45,bid,,,2275400
2026-07-01T22:05:08.324461,2026-07-01T12:05:09.739725+00:00,82.6,50,ask,,,2275411
2026-07-01T22:05:08.768407,2026-07-01T12:05:10.187204+00:00,82.7,5,bid,,,2275422
2026-07-01T22:05:09.587067,2026-07-01T12:05:10.997684+00:00,82.7,100,bid,,,2275450
2026-07-01T22:05:10.431216,2026-07-01T12:05:11.841680+00:00,83.1,50,ask,,,2275469
2026-07-01T22:05:12.814212,2026-07-01T12:05:14.228118+00:00,83.1,100,ask,,,2275538
2026-07-01T22:05:12.994640,2026-07-01T12:05:14.403164+00:00,82.8,5,ask,,,2275547
2026-07-01T22:05:14.040532,2026-07-01T12:05:15.454125+00:00,82.7,41,bid,,,2275565
2026-07-01T22:05:14.595281,2026-07-01T12:05:16.007150+00:00,82.7,50,bid,,,2275575
2026-07-01T22:05:14.643038,2026-07-01T12:05:16.050861+00:00,82.7,46,bid,,,2275576
2026-07-01T22:05:15.974820,2026-07-01T12:05:17.385181+00:00,82.7,5,bid,,,2275604
2026-07-01T22:05:17.616001,2026-07-01T12:05:19.032406+00:00,82.9,48,ask,,,2275634
2026-07-01T22:05:18.239909,2026-07-01T12:05:19.651437+00:00,83.1,44,bid,,,2275651
2026-07-01T22:05:18.812056,2026-07-01T12:05:20.219455+00:00,83.1,50,bid,,,2275658
2026-07-01T22:05:22.024594,2026-07-01T12:05:23.435122+00:00,83.1,4,ask,,,2275723
2026-07-01T22:05:25.140407,2026-07-01T12:05:26.550750+00:00,83.2,2,bid,,,2275792
2026-07-01T22:05:26.486093,2026-07-01T12:05:27.897521+00:00,83.2,42,ask,,,2275828
2026-07-01T22:05:27.299247,2026-07-01T12:05:28.713977+00:00,83.2,50,ask,,,2275835
2026-07-01T22:05:29.068051,2026-07-01T12:05:30.482257+00:00,83.3,45,bid,,,2275879
2026-07-01T22:05:29.405190,2026-07-01T12:05:30.821603+00:00,83.1,6,ask,,,2275886
2026-07-01T22:05:29.405190,2026-07-01T12:05:30.821603+00:00,83.0,44,ask,,,2275887
2026-07-01T22:05:31.517173,2026-07-01T12:05:32.995625+00:00,83.0,50,ask,,,2275925
2026-07-01T22:05:32.036582,2026-07-01T12:05:33.453361+00:00,82.9,2,ask,,,2275933
2026-07-01T22:05:32.189408,2026-07-01T12:05:33.600452+00:00,82.8,4,bid,,,2275938
2026-07-01T22:05:32.478954,2026-07-01T12:05:33.893734+00:00,82.8,3,bid,,,2275948
2026-07-01T22:05:32.632953,2026-07-01T12:05:34.046509+00:00,82.8,3,bid,,,2275951
2026-07-01T22:05:32.680570,2026-07-01T12:05:34.089922+00:00,82.8,3,bid,,,2275952
2026-07-01T22:05:33.245991,2026-07-01T12:05:34.656898+00:00,82.8,3,bid,,,2275969
2026-07-01T22:05:33.380214,2026-07-01T12:05:34.787897+00:00,82.8,3,bid,,,2275977
2026-07-01T22:05:33.572232,2026-07-01T12:05:34.983938+00:00,82.8,50,bid,,,2275983
2026-07-01T22:05:34.235743,2026-07-01T12:05:35.651701+00:00,82.7,47,ask,,,2275999
2026-07-01T22:05:35.244916,2026-07-01T12:05:36.655716+00:00,82.9,1,ask,,,2276016
2026-07-01T22:05:35.244916,2026-07-01T12:05:36.655716+00:00,82.7,10,ask,,,2276017
2026-07-01T22:05:35.244916,2026-07-01T12:05:36.655716+00:00,82.7,29,ask,,,2276018
2026-07-01T22:05:35.732277,2026-07-01T12:05:37.150798+00:00,82.9,1,ask,,,2276027
2026-07-01T22:05:35.732277,2026-07-01T12:05:37.150798+00:00,82.9,10,ask,,,2276028
2026-07-01T22:05:35.732277,2026-07-01T12:05:37.150798+00:00,82.7,39,ask,,,2276029
2026-07-01T22:05:36.278213,2026-07-01T12:05:37.696840+00:00,83.1,41,bid,,,2276037
2026-07-01T22:05:37.806960,2026-07-01T12:05:39.220542+00:00,83.1,40,bid,,,2276070
2026-07-01T22:05:37.843906,2026-07-01T12:05:39.252379+00:00,82.8,1,ask,,,2276076
2026-07-01T22:05:37.843906,2026-07-01T12:05:39.263353+00:00,82.7,49,ask,,,2276077
2026-07-01T22:05:38.369943,2026-07-01T12:05:39.787200+00:00,83.0,100,ask,,,2276093
2026-07-01T22:05:39.988337,2026-07-01T12:05:41.406039+00:00,82.8,1,ask,,,2276128
2026-07-01T22:05:39.988337,2026-07-01T12:05:41.406039+00:00,82.8,10,ask,,,2276129
2026-07-01T22:05:39.988337,2026-07-01T12:05:41.406039+00:00,82.4,39,ask,,,2276130
2026-07-01T22:05:41.956212,2026-07-01T12:05:43.368249+00:00,82.8,2,ask,,,2276173
2026-07-01T22:05:41.956212,2026-07-01T12:05:43.368249+00:00,82.8,45,ask,,,2276174
2026-07-01T22:05:42.048011,2026-07-01T12:05:43.456606+00:00,83.1,3,bid,,,2276176
2026-07-01T22:05:42.048011,2026-07-01T12:05:43.456606+00:00,83.1,47,bid,,,2276177
2026-07-01T22:05:44.155776,2026-07-01T12:05:45.570233+00:00,83.1,50,bid,,,2276217
2026-07-01T22:05:44.627162,2026-07-01T12:05:46.036013+00:00,82.8,3,ask,,,2276228
2026-07-01T22:05:44.627162,2026-07-01T12:05:46.036013+00:00,82.8,10,ask,,,2276229
2026-07-01T22:05:46.263394,2026-07-01T12:05:47.671070+00:00,83.1,2,bid,,,2276258
2026-07-01T22:05:46.263394,2026-07-01T12:05:47.682069+00:00,83.1,48,bid,,,2276259
2026-07-01T22:05:48.388442,2026-07-01T12:05:49.807864+00:00,83.1,2,bid,,,2276311
2026-07-01T22:05:48.388442,2026-07-01T12:05:49.807864+00:00,83.1,10,bid,,,2276312
2026-07-01T22:05:48.388442,2026-07-01T12:05:49.807864+00:00,83.3,38,bid,,,2276313
2026-07-01T22:05:48.640702,2026-07-01T12:05:50.048746+00:00,83.3,49,bid,,,2276318
2026-07-01T22:05:50.112827,2026-07-01T12:05:51.524366+00:00,83.0,48,ask,,,2276344
2026-07-01T22:05:50.624404,2026-07-01T12:05:52.036005+00:00,83.0,43,ask,,,2276361
2026-07-01T22:05:50.858736,2026-07-01T12:05:52.267289+00:00,83.2,2,bid,,,2276365
2026-07-01T22:05:50.858736,2026-07-01T12:05:52.267289+00:00,83.2,5,bid,,,2276366
2026-07-01T22:05:52.694000,2026-07-01T12:05:54.106876+00:00,82.9,50,ask,,,2276415
2026-07-01T22:05:53.093528,2026-07-01T12:05:54.511423+00:00,83.1,46,bid,,,2276416
2026-07-01T22:05:55.329997,2026-07-01T12:05:56.741697+00:00,83.2,1,bid,,,2276476
2026-07-01T22:05:55.329997,2026-07-01T12:05:56.741697+00:00,83.2,41,bid,,,2276477
2026-07-01T22:05:56.919826,2026-07-01T12:05:58.333800+00:00,82.9,10,ask,,,2276507
2026-07-01T22:05:57.886414,2026-07-01T12:05:59.304467+00:00,83.2,2,bid,,,2276532
2026-07-01T22:05:58.976399,2026-07-01T12:06:00.387712+00:00,83.3,50,bid,,,2276558
2026-07-01T22:05:59.075068,2026-07-01T12:06:00.487195+00:00,83.3,48,bid,,,2276561
2026-07-01T22:06:00.286479,2026-07-01T12:06:01.701531+00:00,83.3,52,bid,,,2276588
2026-07-01T22:06:00.472382,2026-07-01T12:06:01.887384+00:00,83.7,5,bid,,,2276596
2026-07-01T22:06:01.101754,2026-07-01T12:06:02.510859+00:00,83.8,50,bid,,,2276621
2026-07-01T22:06:03.209403,2026-07-01T12:06:04.620530+00:00,83.8,50,bid,,,2276674
2026-07-01T22:06:04.423382,2026-07-01T12:06:05.832407+00:00,83.9,35,ask,,,2276695
2026-07-01T22:06:04.513766,2026-07-01T12:06:05.921060+00:00,83.9,35,ask,,,2276699
2026-07-01T22:06:04.606321,2026-07-01T12:06:06.019308+00:00,83.9,35,ask,,,2276702
2026-07-01T22:06:04.697743,2026-07-01T12:06:06.117658+00:00,83.9,35,ask,,,2276705
2026-07-01T22:06:04.788856,2026-07-01T12:06:06.204812+00:00,83.9,10,ask,,,2276711
2026-07-01T22:06:05.367786,2026-07-01T12:06:06.784353+00:00,83.6,50,ask,,,2276722
2026-07-01T22:06:06.878487,2026-07-01T12:06:08.293474+00:00,83.6,35,bid,,,2276760
2026-07-01T22:06:06.967870,2026-07-01T12:06:08.380778+00:00,83.6,35,bid,,,2276762
2026-07-01T22:06:07.408196,2026-07-01T12:06:08.818104+00:00,83.3,40,ask,,,2276777
2026-07-01T22:06:07.424184,2026-07-01T12:06:08.839579+00:00,83.6,50,bid,,,2276778
2026-07-01T22:06:08.016733,2026-07-01T12:06:09.429308+00:00,83.3,45,ask,,,2276788
2026-07-01T22:06:08.654790,2026-07-01T12:06:10.064875+00:00,83.6,30,bid,,,2276802
2026-07-01T22:06:08.654790,2026-07-01T12:06:10.064875+00:00,83.6,10,bid,,,2276803
2026-07-01T22:06:09.875410,2026-07-01T12:06:11.289398+00:00,83.5,80,bid,,,2276830
2026-07-01T22:06:09.980754,2026-07-01T12:06:11.397421+00:00,83.5,20,bid,,,2276836
2026-07-01T22:06:11.636556,2026-07-01T12:06:13.052417+00:00,84.1,10,bid,,,2276875
2026-07-01T22:06:11.636556,2026-07-01T12:06:13.052417+00:00,84.2,40,bid,,,2276876
2026-07-01T22:06:13.149860,2026-07-01T12:06:14.560647+00:00,83.9,100,bid,,,2276912
2026-07-01T22:06:13.741663,2026-07-01T12:06:15.150332+00:00,83.9,45,ask,,,2276928
2026-07-01T22:06:13.817366,2026-07-01T12:06:15.237968+00:00,83.9,5,ask,,,2276933
2026-07-01T22:06:13.817366,2026-07-01T12:06:15.237968+00:00,83.4,45,ask,,,2276934
2026-07-01T22:06:14.263988,2026-07-01T12:06:15.675151+00:00,83.4,49,ask,,,2276940
2026-07-01T22:06:18.059671,2026-07-01T12:06:19.469121+00:00,83.4,4,ask,,,2277007
2026-07-01T22:06:18.059671,2026-07-01T12:06:19.480122+00:00,83.4,46,ask,,,2277008
2026-07-01T22:06:18.623630,2026-07-01T12:06:20.035305+00:00,83.8,46,bid,,,2277022
2026-07-01T22:06:19.661419,2026-07-01T12:06:21.072340+00:00,83.8,1,bid,,,2277045
2026-07-01T22:06:19.661419,2026-07-01T12:06:21.072340+00:00,83.8,41,bid,,,2277046
2026-07-01T22:06:20.168968,2026-07-01T12:06:21.576580+00:00,83.5,4,ask,,,2277064
2026-07-01T22:06:20.168968,2026-07-01T12:06:21.587160+00:00,83.5,46,ask,,,2277065
2026-07-01T22:06:22.228235,2026-07-01T12:06:23.641463+00:00,83.8,50,bid,,,2277099
2026-07-01T22:06:22.450434,2026-07-01T12:06:23.859670+00:00,83.7,46,ask,,,2277105
2026-07-01T22:06:24.409910,2026-07-01T12:06:25.818318+00:00,83.7,50,ask,,,2277146
2026-07-01T22:06:24.994855,2026-07-01T12:06:26.406918+00:00,83.9,46,bid,,,2277154
2026-07-01T22:06:26.524800,2026-07-01T12:06:27.935154+00:00,83.6,50,ask,,,2277191
2026-07-01T22:06:28.482415,2026-07-01T12:06:29.891194+00:00,83.6,46,ask,,,2277232
2026-07-01T22:06:29.024641,2026-07-01T12:06:30.439882+00:00,83.5,1,ask,,,2277245
2026-07-01T22:06:29.933271,2026-07-01T12:06:31.348645+00:00,83.2,48,ask,,,2277268
2026-07-01T22:06:30.238860,2026-07-01T12:06:31.654556+00:00,83.5,2,bid,,,2277272
2026-07-01T22:06:30.683696,2026-07-01T12:06:32.092156+00:00,83.5,50,bid,,,2277283
2026-07-01T22:06:34.920019,2026-07-01T12:06:36.332844+00:00,83.6,50,bid,,,2277382
2026-07-01T22:06:37.030709,2026-07-01T12:06:38.438974+00:00,83.8,50,bid,,,2277435
2026-07-01T22:06:37.442615,2026-07-01T12:06:38.854792+00:00,83.8,49,bid,,,2277450
2026-07-01T22:06:38.254775,2026-07-01T12:06:39.662378+00:00,83.7,3,bid,,,2277455
2026-07-01T22:06:38.400227,2026-07-01T12:06:39.815466+00:00,83.7,3,ask,,,2277461
2026-07-01T22:06:38.839817,2026-07-01T12:06:40.252338+00:00,83.7,3,ask,,,2277472
2026-07-01T22:06:38.964928,2026-07-01T12:06:40.382387+00:00,83.7,3,ask,,,2277473
2026-07-01T22:06:39.139910,2026-07-01T12:06:40.547031+00:00,83.9,50,bid,,,2277475
2026-07-01T22:06:41.326108,2026-07-01T12:06:42.737053+00:00,83.7,50,ask,,,2277539
2026-07-01T22:06:42.041715,2026-07-01T12:06:43.454021+00:00,83.5,46,ask,,,2277549
2026-07-01T22:06:44.605572,2026-07-01T12:06:46.021699+00:00,84.0,43,bid,,,2277614
2026-07-01T22:06:45.537146,2026-07-01T12:06:46.948028+00:00,83.6,50,ask,,,2277634
2026-07-01T22:06:45.673903,2026-07-01T12:06:47.090424+00:00,83.6,41,ask,,,2277635
2026-07-01T22:06:47.647887,2026-07-01T12:06:49.063454+00:00,83.6,50,ask,,,2277680
2026-07-01T22:06:48.004313,2026-07-01T12:06:49.416993+00:00,83.6,10,ask,,,2277688
2026-07-01T22:06:48.004313,2026-07-01T12:06:49.416993+00:00,83.5,100,ask,,,2277689
2026-07-01T22:06:49.751069,2026-07-01T12:06:51.161155+00:00,83.5,40,bid,,,2277723
2026-07-01T22:06:49.751069,2026-07-01T12:06:51.171755+00:00,83.8,1,bid,,,2277724
2026-07-01T22:06:49.758418,2026-07-01T12:06:51.182753+00:00,83.1,10,ask,,,2277725
2026-07-01T22:06:49.758418,2026-07-01T12:06:51.182753+00:00,83.0,40,ask,,,2277726
2026-07-01T22:06:51.238706,2026-07-01T12:06:52.655048+00:00,83.7,45,ask,,,2277767
2026-07-01T22:06:51.866329,2026-07-01T12:06:53.276119+00:00,83.7,50,ask,,,2277782
2026-07-01T22:06:53.975502,2026-07-01T12:06:55.390013+00:00,83.7,50,ask,,,2277822
2026-07-01T22:06:54.373282,2026-07-01T12:06:55.782314+00:00,83.7,10,ask,,,2277830
2026-07-01T22:06:56.032869,2026-07-01T12:06:57.443233+00:00,83.7,50,bid,,,2277861
2026-07-01T22:06:56.195353,2026-07-01T12:06:57.606560+00:00,83.7,42,bid,,,2277866
2026-07-01T22:06:57.229720,2026-07-01T12:06:58.637231+00:00,83.7,48,bid,,,2277895
2026-07-01T22:06:57.763448,2026-07-01T12:06:59.172944+00:00,84.2,42,bid,,,2277907
2026-07-01T22:06:58.139693,2026-07-01T12:06:59.556092+00:00,84.2,50,bid,,,2277917
2026-07-01T22:06:58.855155,2026-07-01T12:07:00.268836+00:00,84.0,47,ask,,,2277939
2026-07-01T22:07:00.249096,2026-07-01T12:07:01.657662+00:00,84.2,8,bid,,,2277964
2026-07-01T22:07:00.249096,2026-07-01T12:07:01.668661+00:00,84.2,10,bid,,,2277965
2026-07-01T22:07:00.430933,2026-07-01T12:07:01.843760+00:00,84.4,43,bid,,,2277968
2026-07-01T22:07:02.408598,2026-07-01T12:07:03.821322+00:00,84.0,50,ask,,,2278023
2026-07-01T22:07:03.799103,2026-07-01T12:07:05.214246+00:00,83.8,5,ask,,,2278041
2026-07-01T22:07:03.799103,2026-07-01T12:07:05.214246+00:00,83.6,44,ask,,,2278042
2026-07-01T22:07:04.519178,2026-07-01T12:07:05.934271+00:00,83.7,10,ask,,,2278059
2026-07-01T22:07:04.519178,2026-07-01T12:07:05.934271+00:00,83.6,40,ask,,,2278060
2026-07-01T22:07:06.481987,2026-07-01T12:07:07.898062+00:00,83.6,16,ask,,,2278100
2026-07-01T22:07:06.577138,2026-07-01T12:07:07.985116+00:00,83.9,10,bid,,,2278103
2026-07-01T22:07:06.577138,2026-07-01T12:07:07.996115+00:00,84.0,40,bid,,,2278104
2026-07-01T22:07:07.022091,2026-07-01T12:07:08.432020+00:00,83.6,49,bid,,,2278115
2026-07-01T22:07:08.016143,2026-07-01T12:07:09.433575+00:00,83.6,49,bid,,,2278139
2026-07-01T22:07:08.072396,2026-07-01T12:07:09.488158+00:00,83.4,46,ask,,,2278140
2026-07-01T22:07:08.613123,2026-07-01T12:07:10.022411+00:00,83.4,44,ask,,,2278148
2026-07-01T22:07:08.687098,2026-07-01T12:07:10.099517+00:00,83.6,2,bid,,,2278152
2026-07-01T22:07:08.687098,2026-07-01T12:07:10.099517+00:00,83.9,48,bid,,,2278153
2026-07-01T22:07:10.116549,2026-07-01T12:07:11.532734+00:00,84.0,2,bid,,,2278176
2026-07-01T22:07:10.116549,2026-07-01T12:07:11.532734+00:00,84.0,47,bid,,,2278177
2026-07-01T22:07:10.685110,2026-07-01T12:07:12.102003+00:00,83.7,10,ask,,,2278196
2026-07-01T22:07:10.685110,2026-07-01T12:07:12.102003+00:00,83.5,31,ask,,,2278197
2026-07-01T22:07:10.799718,2026-07-01T12:07:12.211551+00:00,84.0,50,bid,,,2278200
2026-07-01T22:07:11.323967,2026-07-01T12:07:12.738645+00:00,84.0,3,bid,,,2278210
2026-07-01T22:07:11.323967,2026-07-01T12:07:12.738645+00:00,84.0,37,bid,,,2278211
2026-07-01T22:07:11.866133,2026-07-01T12:07:13.277646+00:00,83.6,10,ask,,,2278226
2026-07-01T22:07:11.866133,2026-07-01T12:07:13.277646+00:00,83.5,31,ask,,,2278227
2026-07-01T22:07:13.461306,2026-07-01T12:07:14.877344+00:00,83.9,2,bid,,,2278257
2026-07-01T22:07:13.461306,2026-07-01T12:07:14.877344+00:00,83.9,10,bid,,,2278258
2026-07-01T22:07:13.461306,2026-07-01T12:07:14.877344+00:00,84.0,36,bid,,,2278259
2026-07-01T22:07:15.061772,2026-07-01T12:07:16.475846+00:00,83.6,3,ask,,,2278303
2026-07-01T22:07:15.061772,2026-07-01T12:07:16.475846+00:00,83.6,47,ask,,,2278304
2026-07-01T22:07:17.073763,2026-07-01T12:07:18.486785+00:00,83.7,46,ask,,,2278339
2026-07-01T22:07:18.138193,2026-07-01T12:07:19.545759+00:00,83.7,45,ask,,,2278367
2026-07-01T22:07:19.224116,2026-07-01T12:07:20.632043+00:00,83.9,10,bid,,,2278397
2026-07-01T22:07:21.332384,2026-07-01T12:07:22.749997+00:00,83.7,50,bid,,,2278441
2026-07-01T22:07:22.704341,2026-07-01T12:07:24.119438+00:00,83.7,41,bid,,,2278480
2026-07-01T22:07:23.444258,2026-07-01T12:07:24.862508+00:00,84.0,50,bid,,,2278495
2026-07-01T22:07:25.550745,2026-07-01T12:07:26.960256+00:00,83.9,3,bid,,,2278570
2026-07-01T22:07:25.550745,2026-07-01T12:07:26.971256+00:00,83.9,10,bid,,,2278571
2026-07-01T22:07:25.550745,2026-07-01T12:07:26.971256+00:00,84.0,37,bid,,,2278572
2026-07-01T22:07:26.463761,2026-07-01T12:07:27.878377+00:00,84.2,48,bid,,,2278598
2026-07-01T22:07:27.097418,2026-07-01T12:07:28.512025+00:00,83.7,48,ask,,,2278616
2026-07-01T22:07:27.661906,2026-07-01T12:07:29.079981+00:00,84.0,3,bid,,,2278631
2026-07-01T22:07:27.661906,2026-07-01T12:07:29.079981+00:00,84.2,47,bid,,,2278632
2026-07-01T22:07:27.753433,2026-07-01T12:07:29.167564+00:00,83.7,48,ask,,,2278633
2026-07-01T22:07:29.771121,2026-07-01T12:07:31.180898+00:00,84.0,3,bid,,,2278682
2026-07-01T22:07:29.771121,2026-07-01T12:07:31.191899+00:00,84.2,47,bid,,,2278683
2026-07-01T22:07:31.558453,2026-07-01T12:07:32.970600+00:00,84.0,3,bid,,,2278715
2026-07-01T22:07:31.558453,2026-07-01T12:07:32.970600+00:00,84.0,10,bid,,,2278716
2026-07-01T22:07:31.558453,2026-07-01T12:07:32.970600+00:00,84.2,29,bid,,,2278717
2026-07-01T22:07:31.907220,2026-07-01T12:07:33.319364+00:00,84.2,50,bid,,,2278718
2026-07-01T22:07:32.063526,2026-07-01T12:07:33.482606+00:00,84.2,24,bid,,,2278722
2026-07-01T22:07:32.289119,2026-07-01T12:07:33.700723+00:00,84.1,100,bid,,,2278728
2026-07-01T22:07:32.308974,2026-07-01T12:07:33.722356+00:00,84.2,50,ask,,,2278730
2026-07-01T22:07:34.013187,2026-07-01T12:07:35.430248+00:00,84.7,50,bid,,,2278763
2026-07-01T22:07:34.083243,2026-07-01T12:07:35.496248+00:00,83.6,46,ask,,,2278765
2026-07-01T22:07:36.149441,2026-07-01T12:07:37.560226+00:00,84.1,1,bid,,,2278812
2026-07-01T22:07:36.149441,2026-07-01T12:07:37.560226+00:00,84.1,10,bid,,,2278813
2026-07-01T22:07:36.149441,2026-07-01T12:07:37.560226+00:00,84.3,39,bid,,,2278814
2026-07-01T22:07:36.516824,2026-07-01T12:07:37.931090+00:00,84.3,40,bid,,,2278829
2026-07-01T22:07:36.570932,2026-07-01T12:07:37.985606+00:00,83.8,3,ask,,,2278835
2026-07-01T22:07:36.570932,2026-07-01T12:07:37.985606+00:00,83.8,38,ask,,,2278836
2026-07-01T22:07:37.085399,2026-07-01T12:07:38.500610+00:00,84.2,10,bid,,,2278851
2026-07-01T22:07:37.085399,2026-07-01T12:07:38.500610+00:00,84.3,21,bid,,,2278852
2026-07-01T22:07:37.085399,2026-07-01T12:07:38.500610+00:00,84.3,12,bid,,,2278853
2026-07-01T22:07:37.143865,2026-07-01T12:07:38.555375+00:00,83.8,41,ask,,,2278855
2026-07-01T22:07:38.265718,2026-07-01T12:07:39.676641+00:00,84.3,50,bid,,,2278890
2026-07-01T22:07:40.044841,2026-07-01T12:07:41.470644+00:00,84.2,47,bid,,,2278945
2026-07-01T22:07:40.373852,2026-07-01T12:07:41.808713+00:00,84.2,50,bid,,,2278953
2026-07-01T22:07:40.593045,2026-07-01T12:07:42.005724+00:00,83.9,40,ask,,,2278961
2026-07-01T22:07:41.239458,2026-07-01T12:07:42.650798+00:00,84.2,3,bid,,,2278975
2026-07-01T22:07:41.239458,2026-07-01T12:07:42.650798+00:00,84.4,39,bid,,,2278976
2026-07-01T22:07:41.294705,2026-07-01T12:07:42.705417+00:00,83.9,48,ask,,,2278978
2026-07-01T22:07:41.623225,2026-07-01T12:07:43.032487+00:00,84.1,35,ask,,,2278981
2026-07-01T22:07:41.634584,2026-07-01T12:07:43.043487+00:00,84.1,65,ask,,,2278983
2026-07-01T22:07:42.485506,2026-07-01T12:07:43.897511+00:00,84.2,1,bid,,,2279002
2026-07-01T22:07:42.485506,2026-07-01T12:07:43.897511+00:00,84.2,49,bid,,,2279003
2026-07-01T22:07:43.635180,2026-07-01T12:07:45.043608+00:00,84.2,49,bid,,,2279042
2026-07-01T22:07:44.619633,2026-07-01T12:07:46.032238+00:00,84.2,50,bid,,,2279056
2026-07-01T22:07:44.656773,2026-07-01T12:07:46.065237+00:00,84.2,2,bid,,,2279057
2026-07-01T22:07:44.656773,2026-07-01T12:07:46.076236+00:00,84.2,3,bid,,,2279058
2026-07-01T22:07:44.950335,2026-07-01T12:07:46.359042+00:00,84.2,3,bid,,,2279064
2026-07-01T22:07:44.950335,2026-07-01T12:07:46.370043+00:00,84.4,100,bid,,,2279065
2026-07-01T22:07:45.008774,2026-07-01T12:07:46.425042+00:00,84.5,47,ask,,,2279069
2026-07-01T22:07:46.778209,2026-07-01T12:07:48.195319+00:00,83.9,50,ask,,,2279113
2026-07-01T22:07:46.944617,2026-07-01T12:07:48.359875+00:00,83.9,35,ask,,,2279118
2026-07-01T22:07:47.038551,2026-07-01T12:07:48.447333+00:00,83.9,15,ask,,,2279123
2026-07-01T22:07:47.208412,2026-07-01T12:07:48.622062+00:00,83.9,4,ask,,,2279126
2026-07-01T22:07:48.884123,2026-07-01T12:07:50.302271+00:00,83.9,2,ask,,,2279151
2026-07-01T22:07:48.884123,2026-07-01T12:07:50.302271+00:00,83.6,48,ask,,,2279152
2026-07-01T22:07:50.831247,2026-07-01T12:07:52.238372+00:00,84.0,3,ask,,,2279192
2026-07-01T22:07:50.992236,2026-07-01T12:07:52.401209+00:00,83.6,50,ask,,,2279196
2026-07-01T22:07:51.355932,2026-07-01T12:07:52.773633+00:00,83.8,49,bid,,,2279198
2026-07-01T22:07:51.409709,2026-07-01T12:07:52.817158+00:00,83.6,48,ask,,,2279201
2026-07-01T22:07:53.015028,2026-07-01T12:07:54.429388+00:00,83.8,4,bid,,,2279243
2026-07-01T22:07:53.130311,2026-07-01T12:07:54.538716+00:00,83.6,50,ask,,,2279247
2026-07-01T22:07:53.466442,2026-07-01T12:07:54.878255+00:00,83.8,35,bid,,,2279261
2026-07-01T22:07:53.556234,2026-07-01T12:07:54.976342+00:00,83.8,12,bid,,,2279264
2026-07-01T22:07:55.242481,2026-07-01T12:07:56.659884+00:00,83.8,50,ask,,,2279322
2026-07-01T22:07:55.743014,2026-07-01T12:07:57.160087+00:00,83.8,45,ask,,,2279331
2026-07-01T22:07:56.245450,2026-07-01T12:07:57.662315+00:00,83.8,5,ask,,,2279341
2026-07-01T22:07:56.245450,2026-07-01T12:07:57.662315+00:00,83.8,3,ask,,,2279342
2026-07-01T22:07:56.245450,2026-07-01T12:07:57.662315+00:00,83.8,10,ask,,,2279343
2026-07-01T22:07:57.207442,2026-07-01T12:07:58.622302+00:00,83.9,46,bid,,,2279367
2026-07-01T22:07:57.349718,2026-07-01T12:07:58.763137+00:00,83.4,50,ask,,,2279374
2026-07-01T22:07:58.699728,2026-07-01T12:08:00.117993+00:00,83.9,35,bid,,,2279399
2026-07-01T22:07:58.790696,2026-07-01T12:08:00.205003+00:00,83.9,35,bid,,,2279402
2026-07-01T22:07:58.882815,2026-07-01T12:08:00.292109+00:00,83.9,35,bid,,,2279405
2026-07-01T22:07:58.972838,2026-07-01T12:08:00.390544+00:00,83.9,33,bid,,,2279408
2026-07-01T22:07:59.455988,2026-07-01T12:08:00.871067+00:00,83.6,10,ask,,,2279416
2026-07-01T22:07:59.455988,2026-07-01T12:08:00.871067+00:00,83.5,40,ask,,,2279417
2026-07-01T22:08:00.782186,2026-07-01T12:08:02.196302+00:00,84.0,2,bid,,,2279451
2026-07-01T22:08:00.782186,2026-07-01T12:08:02.207302+00:00,84.0,100,bid,,,2279452
2026-07-01T22:08:00.913919,2026-07-01T12:08:02.326709+00:00,84.2,10,ask,,,2279455
2026-07-01T22:08:01.601804,2026-07-01T12:08:03.013857+00:00,84.1,48,ask,,,2279466
2026-07-01T22:08:01.601804,2026-07-01T12:08:03.013857+00:00,83.5,2,ask,,,2279467
2026-07-01T22:08:03.712307,2026-07-01T12:08:05.149856+00:00,83.8,5,ask,,,2279509
2026-07-01T22:08:04.046447,2026-07-01T12:08:05.478440+00:00,83.9,10,bid,,,2279526
2026-07-01T22:08:04.503481,2026-07-01T12:08:05.937044+00:00,83.9,48,bid,,,2279545
2026-07-01T22:08:05.125447,2026-07-01T12:08:06.569378+00:00,83.8,3,ask,,,2279557
2026-07-01T22:08:05.125447,2026-07-01T12:08:06.569378+00:00,83.7,41,ask,,,2279558
2026-07-01T22:08:05.649074,2026-07-01T12:08:07.594452+00:00,83.8,4,ask,,,2279567
2026-07-01T22:08:05.649074,2026-07-01T12:08:07.594452+00:00,83.7,44,ask,,,2279568
2026-07-01T22:08:05.842380,2026-07-01T12:08:07.594452+00:00,83.7,15,ask,,,2279570
2026-07-01T22:08:05.842380,2026-07-01T12:08:07.594452+00:00,83.7,5,ask,,,2279571
2026-07-01T22:08:05.842380,2026-07-01T12:08:07.594452+00:00,83.4,30,ask,,,2279572
2026-07-01T22:08:07.704359,2026-07-01T12:08:09.139214+00:00,83.8,46,bid,,,2279603
2026-07-01T22:08:07.951626,2026-07-01T12:08:09.377119+00:00,83.7,4,ask,,,2279610
2026-07-01T22:08:07.951626,2026-07-01T12:08:09.377119+00:00,83.4,46,ask,,,2279611
2026-07-01T22:08:08.794629,2026-07-01T12:08:10.261785+00:00,83.4,42,ask,,,2279643
2026-07-01T22:08:09.816128,2026-07-01T12:08:11.270960+00:00,83.8,42,bid,,,2279655
2026-07-01T22:08:10.074629,2026-07-01T12:08:11.499911+00:00,83.7,3,ask,,,2279663
2026-07-01T22:08:10.074629,2026-07-01T12:08:11.499911+00:00,83.5,47,ask,,,2279664
2026-07-01T22:08:10.359251,2026-07-01T12:08:11.805849+00:00,83.6,3,ask,,,2279671
2026-07-01T22:08:10.359251,2026-07-01T12:08:11.805849+00:00,83.5,53,ask,,,2279672
2026-07-01T22:08:10.381844,2026-07-01T12:08:11.827392+00:00,83.4,2,bid,,,2279674
2026-07-01T22:08:10.401117,2026-07-01T12:08:11.849784+00:00,83.4,66,bid,,,2279675
2026-07-01T22:08:11.383816,2026-07-01T12:08:12.819411+00:00,83.4,26,bid,,,2279716
2026-07-01T22:08:11.383816,2026-07-01T12:08:12.829905+00:00,83.9,3,bid,,,2279717
2026-07-01T22:08:11.383816,2026-07-01T12:08:12.829905+00:00,84.0,13,bid,,,2279718
2026-07-01T22:08:12.186829,2026-07-01T12:08:13.626406+00:00,82.9,50,ask,,,2279737
2026-07-01T22:08:13.107816,2026-07-01T12:08:14.554956+00:00,82.9,43,ask,,,2279766
2026-07-01T22:08:14.129185,2026-07-01T12:08:15.568427+00:00,83.9,2,bid,,,2279776
2026-07-01T22:08:14.129185,2026-07-01T12:08:15.568427+00:00,83.9,41,bid,,,2279777
2026-07-01T22:08:14.310451,2026-07-01T12:08:15.754652+00:00,83.5,3,ask,,,2279785
2026-07-01T22:08:14.310451,2026-07-01T12:08:15.754652+00:00,83.4,47,ask,,,2279786
2026-07-01T22:08:16.419199,2026-07-01T12:08:17.851988+00:00,83.5,5,ask,,,2279844
2026-07-01T22:08:16.419199,2026-07-01T12:08:17.851988+00:00,83.4,45,ask,,,2279845
2026-07-01T22:08:17.217520,2026-07-01T12:08:18.649264+00:00,83.5,6,bid,,,2279859
2026-07-01T22:08:17.290715,2026-07-01T12:08:18.713889+00:00,83.5,5,bid,,,2279862
2026-07-01T22:08:17.454570,2026-07-01T12:08:18.867308+00:00,83.5,5,bid,,,2279863
2026-07-01T22:08:17.582558,2026-07-01T12:08:19.020907+00:00,83.5,5,bid,,,2279866
2026-07-01T22:08:18.312724,2026-07-01T12:08:19.775951+00:00,83.5,49,bid,,,2279909
2026-07-01T22:08:18.567645,2026-07-01T12:08:20.042179+00:00,83.2,50,ask,,,2279911
2026-07-01T22:08:20.624708,2026-07-01T12:08:22.075548+00:00,83.6,50,bid,,,2279942
2026-07-01T22:08:24.179465,2026-07-01T12:08:25.648015+00:00,83.4,3,ask,,,2280025
2026-07-01T22:08:24.179465,2026-07-01T12:08:25.648015+00:00,83.3,44,ask,,,2280026
2026-07-01T22:08:24.842874,2026-07-01T12:08:26.281659+00:00,83.7,50,bid,,,2280052
2026-07-01T22:08:26.951441,2026-07-01T12:08:28.428047+00:00,83.6,50,bid,,,2280090
2026-07-01T22:08:27.747580,2026-07-01T12:08:29.188168+00:00,83.5,42,ask,,,2280106
2026-07-01T22:08:29.077010,2026-07-01T12:08:30.507920+00:00,83.6,3,bid,,,2280127
2026-07-01T22:08:29.077010,2026-07-01T12:08:30.518922+00:00,83.6,10,bid,,,2280128
2026-07-01T22:08:29.077010,2026-07-01T12:08:30.518922+00:00,84.0,37,bid,,,2280129
2026-07-01T22:08:29.104003,2026-07-01T12:08:30.540922+00:00,83.5,100,ask,,,2280133
2026-07-01T22:08:29.357091,2026-07-01T12:08:30.781969+00:00,83.3,2,ask,,,2280147
2026-07-01T22:08:30.114706,2026-07-01T12:08:31.568545+00:00,83.3,3,bid,,,2280156
2026-07-01T22:08:30.240280,2026-07-01T12:08:31.689150+00:00,83.3,2,bid,,,2280160
2026-07-01T22:08:31.122574,2026-07-01T12:08:32.585400+00:00,83.3,2,bid,,,2280171
2026-07-01T22:08:31.188219,2026-07-01T12:08:32.662400+00:00,83.3,50,bid,,,2280172
2026-07-01T22:08:31.194090,2026-07-01T12:08:32.673482+00:00,83.3,2,bid,,,2280173
2026-07-01T22:08:31.272990,2026-07-01T12:08:32.737781+00:00,83.3,2,bid,,,2280175
2026-07-01T22:08:31.750824,2026-07-01T12:08:33.192686+00:00,83.0,41,ask,,,2280187
2026-07-01T22:08:33.322012,2026-07-01T12:08:34.772246+00:00,83.4,50,bid,,,2280213
2026-07-01T22:08:34.426624,2026-07-01T12:08:35.865435+00:00,83.2,2,ask,,,2280250
2026-07-01T22:08:35.429090,2026-07-01T12:08:36.861971+00:00,83.4,50,bid,,,2280271
2026-07-01T22:08:35.633757,2026-07-01T12:08:37.114114+00:00,83.4,100,bid,,,2280273
2026-07-01T22:08:35.633757,2026-07-01T12:08:37.124589+00:00,83.5,4,bid,,,2280274
2026-07-01T22:08:35.739587,2026-07-01T12:08:37.223117+00:00,83.6,5,ask,,,2280276
2026-07-01T22:08:35.846817,2026-07-01T12:08:37.333612+00:00,83.6,5,ask,,,2280280
2026-07-01T22:08:36.499632,2026-07-01T12:08:37.947687+00:00,83.6,36,ask,,,2280303
2026-07-01T22:08:37.538850,2026-07-01T12:08:38.975818+00:00,84.1,50,bid,,,2280326
2026-07-01T22:08:38.728915,2026-07-01T12:08:40.167085+00:00,84.0,43,bid,,,2280346
2026-07-01T22:08:38.855321,2026-07-01T12:08:40.288123+00:00,83.5,100,ask,,,2280349
2026-07-01T22:08:39.646765,2026-07-01T12:08:41.062854+00:00,83.5,50,bid,,,2280366
2026-07-01T22:08:41.791284,2026-07-01T12:08:43.234723+00:00,83.6,5,bid,,,2280404
2026-07-01T22:08:41.791284,2026-07-01T12:08:43.245425+00:00,83.8,45,bid,,,2280405
2026-07-01T22:08:41.968192,2026-07-01T12:08:43.409517+00:00,83.6,5,bid,,,2280410
2026-07-01T22:08:42.019338,2026-07-01T12:08:43.463736+00:00,83.6,35,ask,,,2280413
2026-07-01T22:08:42.113473,2026-07-01T12:08:43.550984+00:00,83.6,35,ask,,,2280418
2026-07-01T22:08:42.204249,2026-07-01T12:08:43.616584+00:00,83.6,35,ask,,,2280420
2026-07-01T22:08:42.299403,2026-07-01T12:08:43.715317+00:00,83.6,35,ask,,,2280424
2026-07-01T22:08:42.391390,2026-07-01T12:08:43.803203+00:00,83.6,5,ask,,,2280426
2026-07-01T22:08:43.980083,2026-07-01T12:08:45.391108+00:00,83.3,50,ask,,,2280460
2026-07-01T22:08:46.087609,2026-07-01T12:08:47.504015+00:00,83.3,50,ask,,,2280517
2026-07-01T22:08:47.288850,2026-07-01T12:08:48.706855+00:00,83.3,44,ask,,,2280539
2026-07-01T22:08:48.195155,2026-07-01T12:08:49.604032+00:00,83.0,50,ask,,,2280566
2026-07-01T22:08:48.409407,2026-07-01T12:08:49.822516+00:00,83.2,35,bid,,,2280567
2026-07-01T22:08:48.499047,2026-07-01T12:08:49.910128+00:00,83.2,35,bid,,,2280573
2026-07-01T22:08:50.301925,2026-07-01T12:08:51.715895+00:00,82.9,50,ask,,,2280621
2026-07-01T22:08:50.653074,2026-07-01T12:08:52.066193+00:00,83.2,40,bid,,,2280632
2026-07-01T22:08:51.241781,2026-07-01T12:08:52.655155+00:00,83.2,35,bid,,,2280644
2026-07-01T22:08:51.381123,2026-07-01T12:08:52.797459+00:00,83.2,5,bid,,,2280647
2026-07-01T22:08:51.381123,2026-07-01T12:08:52.797459+00:00,83.2,30,bid,,,2280648
2026-07-01T22:08:51.463874,2026-07-01T12:08:52.874026+00:00,83.2,70,bid,,,2280653
2026-07-01T22:08:52.198456,2026-07-01T12:08:53.614959+00:00,83.3,47,ask,,,2280665
2026-07-01T22:08:52.356606,2026-07-01T12:08:53.766774+00:00,83.7,10,bid,,,2280667
2026-07-01T22:08:54.494413,2026-07-01T12:08:55.914923+00:00,83.5,50,bid,,,2280702
2026-07-01T22:08:55.264237,2026-07-01T12:08:56.679478+00:00,83.3,48,bid,,,2280716
2026-07-01T22:08:56.444196,2026-07-01T12:08:57.857128+00:00,83.3,5,bid,,,2280740
2026-07-01T22:08:56.653831,2026-07-01T12:08:58.074854+00:00,83.1,10,ask,,,2280744
2026-07-01T22:08:56.653831,2026-07-01T12:08:58.074854+00:00,83.0,40,ask,,,2280745
2026-07-01T22:08:57.515445,2026-07-01T12:08:58.924486+00:00,83.3,97,bid,,,2280761
2026-07-01T22:08:58.762197,2026-07-01T12:09:00.177157+00:00,83.5,50,ask,,,2280781
2026-07-01T22:08:59.162254,2026-07-01T12:09:00.572695+00:00,83.5,41,ask,,,2280796
2026-07-01T22:09:00.730794,2026-07-01T12:09:02.145011+00:00,83.9,10,bid,,,2280838
2026-07-01T22:09:00.730794,2026-07-01T12:09:02.145011+00:00,84.0,33,bid,,,2280839
2026-07-01T22:09:00.736076,2026-07-01T12:09:02.155802+00:00,83.5,59,ask,,,2280840
2026-07-01T22:09:00.818923,2026-07-01T12:09:02.232342+00:00,83.3,41,bid,,,2280842
2026-07-01T22:09:00.818923,2026-07-01T12:09:02.232342+00:00,84.0,9,bid,,,2280843
2026-07-01T22:09:01.647135,2026-07-01T12:09:03.061573+00:00,83.5,45,bid,,,2280855
2026-07-01T22:09:02.979940,2026-07-01T12:09:04.390063+00:00,83.1,5,ask,,,2280876
2026-07-01T22:09:02.979940,2026-07-01T12:09:04.401062+00:00,83.0,45,ask,,,2280877
2026-07-01T22:09:08.450461,2026-07-01T12:09:09.859670+00:00,83.5,49,ask,,,2281003
2026-07-01T22:09:09.090271,2026-07-01T12:09:10.504874+00:00,84.0,46,bid,,,2281015
2026-07-01T22:09:10.711061,2026-07-01T12:09:12.121510+00:00,84.0,41,bid,,,2281046
2026-07-01T22:09:11.410401,2026-07-01T12:09:12.821712+00:00,83.5,50,ask,,,2281072
2026-07-01T22:09:14.282513,2026-07-01T12:09:15.697702+00:00,83.3,5,ask,,,2281142
2026-07-01T22:09:14.282513,2026-07-01T12:09:15.697702+00:00,83.3,43,ask,,,2281143
2026-07-01T22:09:15.266809,2026-07-01T12:09:16.684714+00:00,83.8,43,bid,,,2281162
2026-07-01T22:09:15.622031,2026-07-01T12:09:17.034558+00:00,83.3,50,ask,,,2281166
2026-07-01T22:09:16.302020,2026-07-01T12:09:17.723366+00:00,83.3,7,ask,,,2281187
2026-07-01T22:09:16.302020,2026-07-01T12:09:17.723366+00:00,83.3,41,ask,,,2281188
2026-07-01T22:09:17.730205,2026-07-01T12:09:19.141824+00:00,83.4,4,ask,,,2281225
2026-07-01T22:09:17.730205,2026-07-01T12:09:19.141824+00:00,83.3,46,ask,,,2281226
2026-07-01T22:09:19.339606,2026-07-01T12:09:20.756676+00:00,83.6,1,bid,,,2281252
2026-07-01T22:09:19.751954,2026-07-01T12:09:21.162905+00:00,83.7,7,bid,,,2281264
2026-07-01T22:09:21.947055,2026-07-01T12:09:23.358857+00:00,83.4,10,ask,,,2281340
2026-07-01T22:09:21.947055,2026-07-01T12:09:23.358857+00:00,83.3,3,ask,,,2281341
2026-07-01T22:09:21.947055,2026-07-01T12:09:23.358857+00:00,83.3,37,ask,,,2281342
2026-07-01T22:09:24.057036,2026-07-01T12:09:25.472271+00:00,83.3,10,ask,,,2281380
2026-07-01T22:09:24.057036,2026-07-01T12:09:25.472271+00:00,83.2,40,ask,,,2281381
2026-07-01T22:09:24.771734,2026-07-01T12:09:26.190285+00:00,83.7,40,bid,,,2281397
2026-07-01T22:09:25.869937,2026-07-01T12:09:27.282675+00:00,83.7,48,bid,,,2281430
2026-07-01T22:09:26.166829,2026-07-01T12:09:27.578392+00:00,83.5,50,ask,,,2281431
2026-07-01T22:09:28.273445,2026-07-01T12:09:29.682668+00:00,83.5,50,ask,,,2281477
2026-07-01T22:09:30.346445,2026-07-01T12:09:31.757659+00:00,83.3,1,ask,,,2281523
2026-07-01T22:09:30.346445,2026-07-01T12:09:31.757659+00:00,83.3,43,ask,,,2281524
2026-07-01T22:09:32.239846,2026-07-01T12:09:33.649931+00:00,83.6,7,bid,,,2281556
2026-07-01T22:09:32.547587,2026-07-01T12:09:33.966314+00:00,83.7,45,bid,,,2281582
2026-07-01T22:09:32.602092,2026-07-01T12:09:34.010783+00:00,83.3,10,ask,,,2281583
2026-07-01T22:09:32.602092,2026-07-01T12:09:34.021793+00:00,83.2,34,ask,,,2281584
2026-07-01T22:09:33.100744,2026-07-01T12:09:34.513778+00:00,83.5,48,bid,,,2281590
2026-07-01T22:09:34.603144,2026-07-01T12:09:36.016104+00:00,83.2,49,ask,,,2281619
2026-07-01T22:09:35.606912,2026-07-01T12:09:37.014730+00:00,83.5,47,bid,,,2281644
2026-07-01T22:09:36.659052,2026-07-01T12:09:38.074238+00:00,83.8,50,bid,,,2281653
2026-07-01T22:09:38.751600,2026-07-01T12:09:40.159927+00:00,83.7,100,ask,,,2281691
2026-07-01T22:09:38.766989,2026-07-01T12:09:40.181927+00:00,84.1,10,bid,,,2281692
2026-07-01T22:09:38.766989,2026-07-01T12:09:40.181927+00:00,84.2,40,bid,,,2281693
2026-07-01T22:09:40.874865,2026-07-01T12:09:42.292291+00:00,83.8,50,bid,,,2281730
2026-07-01T22:09:42.983843,2026-07-01T12:09:44.394764+00:00,84.1,50,bid,,,2281780
2026-07-01T22:09:44.892713,2026-07-01T12:09:46.309354+00:00,83.6,48,ask,,,2281831
2026-07-01T22:09:45.089527,2026-07-01T12:09:46.506910+00:00,84.1,50,bid,,,2281837
2026-07-01T22:09:45.353446,2026-07-01T12:09:46.769400+00:00,84.0,40,ask,,,2281847
2026-07-01T22:09:46.972458,2026-07-01T12:09:48.392159+00:00,84.0,49,ask,,,2281893
2026-07-01T22:09:47.213061,2026-07-01T12:09:48.631669+00:00,84.2,10,bid,,,2281895
2026-07-01T22:09:47.213061,2026-07-01T12:09:48.631669+00:00,84.3,40,bid,,,2281896
2026-07-01T22:09:49.322666,2026-07-01T12:09:50.740274+00:00,84.2,50,bid,,,2281944
2026-07-01T22:09:49.512055,2026-07-01T12:09:50.925203+00:00,84.2,49,bid,,,2281951
2026-07-01T22:09:51.269632,2026-07-01T12:09:52.683549+00:00,84.0,49,ask,,,2281999
2026-07-01T22:09:51.430194,2026-07-01T12:09:52.847616+00:00,84.1,50,bid,,,2282003
2026-07-01T22:09:51.880842,2026-07-01T12:09:53.297645+00:00,84.1,48,bid,,,2282013
2026-07-01T22:09:53.540320,2026-07-01T12:09:54.951613+00:00,84.1,2,bid,,,2282053
2026-07-01T22:09:53.540320,2026-07-01T12:09:54.951613+00:00,84.3,48,bid,,,2282054
2026-07-01T22:09:53.992765,2026-07-01T12:09:55.409325+00:00,84.3,47,bid,,,2282066
2026-07-01T22:09:54.047644,2026-07-01T12:09:55.464363+00:00,83.8,49,ask,,,2282068
2026-07-01T22:09:54.581336,2026-07-01T12:09:55.990411+00:00,84.3,47,bid,,,2282077
2026-07-01T22:09:54.899640,2026-07-01T12:09:56.315460+00:00,84.4,35,ask,,,2282080
2026-07-01T22:09:54.988904,2026-07-01T12:09:56.402994+00:00,84.4,35,ask,,,2282084
2026-07-01T22:09:55.077407,2026-07-01T12:09:56.489478+00:00,84.4,35,ask,,,2282086
2026-07-01T22:09:55.166329,2026-07-01T12:09:56.577494+00:00,84.4,35,ask,,,2282089
2026-07-01T22:09:55.257090,2026-07-01T12:09:56.664782+00:00,84.4,10,ask,,,2282091
2026-07-01T22:09:55.682404,2026-07-01T12:09:57.091557+00:00,84.5,10,bid,,,2282104
2026-07-01T22:09:55.682404,2026-07-01T12:09:57.102557+00:00,84.6,40,bid,,,2282105
2026-07-01T22:09:56.124294,2026-07-01T12:09:57.540614+00:00,84.1,41,ask,,,2282125
2026-07-01T22:09:57.035375,2026-07-01T12:09:58.447474+00:00,84.1,48,ask,,,2282146
2026-07-01T22:09:57.790845,2026-07-01T12:09:59.204352+00:00,84.3,50,bid,,,2282161
2026-07-01T22:09:59.924835,2026-07-01T12:10:01.336603+00:00,84.2,50,bid,,,2282205
2026-07-01T22:10:02.035100,2026-07-01T12:10:03.444478+00:00,84.2,1,bid,,,2282251
2026-07-01T22:10:02.035100,2026-07-01T12:10:03.455489+00:00,84.4,49,bid,,,2282252
2026-07-01T22:10:02.485404,2026-07-01T12:10:03.900922+00:00,84.4,44,bid,,,2282267
2026-07-01T22:10:06.114838,2026-07-01T12:10:07.531972+00:00,84.2,27,ask,,,2282336
2026-07-01T22:10:06.260468,2026-07-01T12:10:07.673441+00:00,84.5,50,bid,,,2282342
2026-07-01T22:10:07.496914,2026-07-01T12:10:08.909030+00:00,84.1,47,ask,,,2282369
2026-07-01T22:10:08.044265,2026-07-01T12:10:09.454335+00:00,84.6,44,bid,,,2282377
2026-07-01T22:10:09.168511,2026-07-01T12:10:10.586745+00:00,84.3,4,bid,,,2282399
2026-07-01T22:10:09.581842,2026-07-01T12:10:10.990769+00:00,84.6,43,bid,,,2282408
2026-07-01T22:10:10.531020,2026-07-01T12:10:11.943284+00:00,84.5,50,ask,,,2282422
2026-07-01T22:10:11.287878,2026-07-01T12:10:12.696876+00:00,84.5,41,ask,,,2282434
2026-07-01T22:10:11.429302,2026-07-01T12:10:12.840903+00:00,84.5,4,ask,,,2282441
2026-07-01T22:10:12.429020,2026-07-01T12:10:13.845067+00:00,84.5,5,ask,,,2282468
2026-07-01T22:10:12.429020,2026-07-01T12:10:13.845067+00:00,84.4,37,ask,,,2282469
2026-07-01T22:10:14.001366,2026-07-01T12:10:15.416441+00:00,84.7,45,bid,,,2282504
2026-07-01T22:10:14.611146,2026-07-01T12:10:16.027921+00:00,84.2,48,ask,,,2282524
2026-07-01T22:10:14.712513,2026-07-01T12:10:16.126477+00:00,84.7,50,bid,,,2282525
2026-07-01T22:10:16.820612,2026-07-01T12:10:18.238194+00:00,84.5,1,bid,,,2282566
2026-07-01T22:10:16.820612,2026-07-01T12:10:18.238194+00:00,84.5,10,bid,,,2282567
2026-07-01T22:10:16.820612,2026-07-01T12:10:18.238194+00:00,84.7,39,bid,,,2282568
2026-07-01T22:10:17.289704,2026-07-01T12:10:18.707623+00:00,84.7,44,bid,,,2282572
2026-07-01T22:10:18.931454,2026-07-01T12:10:20.348470+00:00,84.7,50,bid,,,2282614
2026-07-01T22:10:19.909325,2026-07-01T12:10:21.317696+00:00,84.6,100,ask,,,2282627
2026-07-01T22:10:21.039065,2026-07-01T12:10:22.453720+00:00,84.8,50,bid,,,2282659
2026-07-01T22:10:21.841256,2026-07-01T12:10:23.253346+00:00,84.3,48,ask,,,2282679
2026-07-01T22:10:23.145732,2026-07-01T12:10:24.564092+00:00,84.8,50,bid,,,2282706
2026-07-01T22:10:24.823635,2026-07-01T12:10:26.236636+00:00,84.5,45,ask,,,2282752
2026-07-01T22:10:25.252170,2026-07-01T12:10:26.661401+00:00,84.7,10,bid,,,2282757
2026-07-01T22:10:25.252170,2026-07-01T12:10:26.672401+00:00,84.8,40,bid,,,2282758
2026-07-01T22:10:27.362819,2026-07-01T12:10:28.770555+00:00,85.2,50,bid,,,2282834
2026-07-01T22:10:27.559735,2026-07-01T12:10:28.977279+00:00,85.2,46,bid,,,2282842
2026-07-01T22:10:28.094425,2026-07-01T12:10:29.511069+00:00,85.2,4,bid,,,2282850
2026-07-01T22:10:28.094425,2026-07-01T12:10:29.511069+00:00,85.2,37,bid,,,2282851
2026-07-01T22:10:29.436329,2026-07-01T12:10:30.852770+00:00,85.0,100,ask,,,2282876
2026-07-01T22:10:29.531299,2026-07-01T12:10:30.940771+00:00,84.7,50,ask,,,2282881
2026-07-01T22:10:32.130662,2026-07-01T12:10:33.547658+00:00,84.8,41,ask,,,2282933
2026-07-01T22:10:33.745874,2026-07-01T12:10:35.156024+00:00,84.8,50,ask,,,2282972
2026-07-01T22:10:34.300716,2026-07-01T12:10:35.712893+00:00,84.9,4,bid,,,2282989
2026-07-01T22:10:34.300716,2026-07-01T12:10:35.712893+00:00,85.0,41,bid,,,2282990
2026-07-01T22:10:35.852570,2026-07-01T12:10:37.277150+00:00,84.6,50,ask,,,2283024
2026-07-01T22:10:36.347422,2026-07-01T12:10:37.759157+00:00,84.7,49,ask,,,2283034
2026-07-01T22:10:37.922721,2026-07-01T12:10:39.332818+00:00,85.1,41,bid,,,2283073
2026-07-01T22:10:37.958025,2026-07-01T12:10:39.375969+00:00,84.7,50,ask,,,2283074
2026-07-01T22:10:38.469357,2026-07-01T12:10:39.878080+00:00,85.1,47,bid,,,2283085
2026-07-01T22:10:38.999294,2026-07-01T12:10:40.413955+00:00,84.9,4,bid,,,2283101
2026-07-01T22:10:40.012976,2026-07-01T12:10:41.422079+00:00,84.9,4,bid,,,2283121
2026-07-01T22:10:40.012976,2026-07-01T12:10:41.433080+00:00,85.1,46,bid,,,2283122
2026-07-01T22:10:40.762078,2026-07-01T12:10:42.175135+00:00,84.8,41,ask,,,2283146
2026-07-01T22:10:41.699988,2026-07-01T12:10:43.115454+00:00,85.1,48,bid,,,2283171
2026-07-01T22:10:42.178921,2026-07-01T12:10:43.595688+00:00,84.8,50,ask,,,2283190
2026-07-01T22:10:43.334743,2026-07-01T12:10:44.752056+00:00,84.9,44,ask,,,2283209
2026-07-01T22:10:44.296895,2026-07-01T12:10:45.714244+00:00,84.9,50,ask,,,2283236
2026-07-01T22:10:44.392161,2026-07-01T12:10:45.801445+00:00,84.9,44,ask,,,2283241
2026-07-01T22:10:44.926011,2026-07-01T12:10:46.335384+00:00,85.2,10,bid,,,2283259
2026-07-01T22:10:44.926011,2026-07-01T12:10:46.346384+00:00,85.3,39,bid,,,2283260
2026-07-01T22:10:45.456172,2026-07-01T12:10:46.870921+00:00,84.7,1,ask,,,2283273
2026-07-01T22:10:45.456172,2026-07-01T12:10:46.870921+00:00,84.6,100,ask,,,2283274
2026-07-01T22:10:45.507206,2026-07-01T12:10:46.924488+00:00,84.6,35,bid,,,2283275
2026-07-01T22:10:46.000065,2026-07-01T12:10:47.418349+00:00,84.2,10,ask,,,2283289
2026-07-01T22:10:46.000065,2026-07-01T12:10:47.418349+00:00,84.1,37,ask,,,2283290
2026-07-01T22:10:46.352252,2026-07-01T12:10:47.766808+00:00,84.6,14,bid,,,2283298
2026-07-01T22:10:46.352252,2026-07-01T12:10:47.766808+00:00,85.0,7,bid,,,2283299
2026-07-01T22:10:46.352252,2026-07-01T12:10:47.766808+00:00,85.1,29,bid,,,2283300
2026-07-01T22:10:48.103463,2026-07-01T12:10:49.520832+00:00,85.0,7,bid,,,2283340
2026-07-01T22:10:48.103463,2026-07-01T12:10:49.520832+00:00,85.1,40,bid,,,2283341
2026-07-01T22:10:49.535962,2026-07-01T12:10:50.950679+00:00,84.7,41,ask,,,2283372
2026-07-01T22:10:50.573947,2026-07-01T12:10:52.001330+00:00,85.1,50,bid,,,2283393
2026-07-01T22:10:51.956783,2026-07-01T12:10:53.366419+00:00,85.1,42,bid,,,2283419
2026-07-01T22:10:52.014489,2026-07-01T12:10:53.431964+00:00,84.8,46,ask,,,2283421
2026-07-01T22:10:52.681748,2026-07-01T12:10:54.097950+00:00,85.1,50,bid,,,2283438
2026-07-01T22:10:54.789772,2026-07-01T12:10:56.203920+00:00,85.0,1,bid,,,2283470
2026-07-01T22:10:54.789772,2026-07-01T12:10:56.203920+00:00,85.1,49,bid,,,2283471
2026-07-01T22:10:54.911436,2026-07-01T12:10:56.323688+00:00,85.0,2,bid,,,2283476
2026-07-01T22:10:54.986068,2026-07-01T12:10:56.405688+00:00,85.1,35,ask,,,2283478
2026-07-01T22:10:55.105989,2026-07-01T12:10:56.516240+00:00,85.1,1,ask,,,2283479
2026-07-01T22:10:55.269071,2026-07-01T12:10:56.679757+00:00,85.1,46,ask,,,2283481
2026-07-01T22:10:56.915387,2026-07-01T12:10:58.328991+00:00,85.2,50,bid,,,2283511
2026-07-01T22:10:56.950763,2026-07-01T12:10:58.361202+00:00,85.1,4,ask,,,2283515
2026-07-01T22:10:57.153834,2026-07-01T12:10:58.568217+00:00,85.1,1,ask,,,2283516
2026-07-01T22:10:57.394337,2026-07-01T12:10:58.809239+00:00,85.1,1,ask,,,2283521
2026-07-01T22:10:57.554598,2026-07-01T12:10:58.971625+00:00,85.1,1,ask,,,2283525
2026-07-01T22:10:57.842533,2026-07-01T12:10:59.257162+00:00,85.1,1,ask,,,2283532
2026-07-01T22:10:59.098050,2026-07-01T12:11:00.516594+00:00,84.7,4,ask,,,2283563
2026-07-01T22:10:59.098050,2026-07-01T12:11:00.516594+00:00,84.7,46,ask,,,2283564
2026-07-01T22:11:01.205820,2026-07-01T12:11:02.617821+00:00,84.8,2,ask,,,2283608
2026-07-01T22:11:01.205820,2026-07-01T12:11:02.617821+00:00,84.5,48,ask,,,2283609
2026-07-01T22:11:02.519982,2026-07-01T12:11:03.930495+00:00,85.0,47,bid,,,2283639
2026-07-01T22:11:03.340006,2026-07-01T12:11:04.749249+00:00,84.6,50,ask,,,2283661
2026-07-01T22:11:03.995590,2026-07-01T12:11:05.413528+00:00,85.0,47,bid,,,2283672
2026-07-01T22:11:04.049826,2026-07-01T12:11:05.469074+00:00,84.6,45,ask,,,2283674
2026-07-01T22:11:04.570302,2026-07-01T12:11:06.002662+00:00,84.9,47,bid,,,2283681
2026-07-01T22:11:04.631261,2026-07-01T12:11:06.056753+00:00,84.8,44,ask,,,2283686
2026-07-01T22:11:05.134577,2026-07-01T12:11:06.546372+00:00,84.9,46,bid,,,2283699
2026-07-01T22:11:05.395195,2026-07-01T12:11:06.808575+00:00,84.9,50,bid,,,2283709
2026-07-01T22:11:05.691967,2026-07-01T12:11:07.112636+00:00,84.8,43,ask,,,2283719
2026-07-01T22:11:07.128863,2026-07-01T12:11:08.545005+00:00,84.9,7,bid,,,2283751
2026-07-01T22:11:07.128863,2026-07-01T12:11:08.545005+00:00,85.1,1,bid,,,2283752
2026-07-01T22:11:07.128863,2026-07-01T12:11:08.545005+00:00,85.3,39,bid,,,2283753
2026-07-01T22:11:08.261972,2026-07-01T12:11:09.671492+00:00,85.0,40,ask,,,2283782
2026-07-01T22:11:08.785808,2026-07-01T12:11:10.203519+00:00,85.0,46,ask,,,2283790
2026-07-01T22:11:09.279397,2026-07-01T12:11:10.694347+00:00,85.1,4,bid,,,2283799
2026-07-01T22:11:09.279397,2026-07-01T12:11:10.694347+00:00,85.1,10,bid,,,2283800
2026-07-01T22:11:09.279397,2026-07-01T12:11:10.694347+00:00,85.2,34,bid,,,2283801
2026-07-01T22:11:09.650357,2026-07-01T12:11:11.065470+00:00,85.2,50,bid,,,2283816
2026-07-01T22:11:09.785972,2026-07-01T12:11:11.205368+00:00,85.0,41,ask,,,2283822
2026-07-01T22:11:10.726102,2026-07-01T12:11:12.143362+00:00,85.1,10,bid,,,2283836
2026-07-01T22:11:10.726102,2026-07-01T12:11:12.143362+00:00,85.3,35,bid,,,2283837
2026-07-01T22:11:11.282286,2026-07-01T12:11:12.700614+00:00,84.8,1,ask,,,2283852
2026-07-01T22:11:11.282286,2026-07-01T12:11:12.700614+00:00,84.8,41,ask,,,2283853
2026-07-01T22:11:11.759015,2026-07-01T12:11:13.171711+00:00,84.9,50,bid,,,2283858
2026-07-01T22:11:13.782763,2026-07-01T12:11:15.199101+00:00,84.9,100,bid,,,2283908
2026-07-01T22:11:13.915954,2026-07-01T12:11:15.330664+00:00,84.8,4,ask,,,2283912
2026-07-01T22:11:14.011100,2026-07-01T12:11:15.428215+00:00,85.1,2,bid,,,2283914
2026-07-01T22:11:14.141889,2026-07-01T12:11:15.558480+00:00,85.1,2,ask,,,2283916
2026-07-01T22:11:14.556697,2026-07-01T12:11:15.972033+00:00,85.1,2,ask,,,2283921
2026-07-01T22:11:15.504729,2026-07-01T12:11:16.922568+00:00,85.1,2,ask,,,2283932
2026-07-01T22:11:16.055417,2026-07-01T12:11:17.468233+00:00,85.1,50,ask,,,2283946
2026-07-01T22:11:16.377795,2026-07-01T12:11:17.795701+00:00,85.2,2,bid,,,2283954
2026-07-01T22:11:16.377795,2026-07-01T12:11:17.795701+00:00,85.2,10,bid,,,2283955
2026-07-01T22:11:16.377795,2026-07-01T12:11:17.795701+00:00,85.4,29,bid,,,2283956
2026-07-01T22:11:16.736673,2026-07-01T12:11:18.154697+00:00,85.1,4,ask,,,2283966
2026-07-01T22:11:17.009376,2026-07-01T12:11:18.427147+00:00,85.1,88,ask,,,2283975
2026-07-01T22:11:17.224179,2026-07-01T12:11:18.635514+00:00,84.8,3,ask,,,2283982
2026-07-01T22:11:17.549260,2026-07-01T12:11:18.963833+00:00,84.8,5,bid,,,2283987
2026-07-01T22:11:18.111459,2026-07-01T12:11:19.521828+00:00,84.8,50,bid,,,2284002
2026-07-01T22:11:18.217087,2026-07-01T12:11:19.631845+00:00,84.8,5,bid,,,2284004
2026-07-01T22:11:18.592586,2026-07-01T12:11:20.003723+00:00,84.8,5,bid,,,2284015
2026-07-01T22:11:18.681404,2026-07-01T12:11:20.090571+00:00,84.8,5,bid,,,2284018
2026-07-01T22:11:19.008432,2026-07-01T12:11:20.418688+00:00,84.8,41,bid,,,2284023
2026-07-01T22:11:19.018238,2026-07-01T12:11:20.429688+00:00,84.8,5,bid,,,2284024
2026-07-01T22:11:20.293159,2026-07-01T12:11:21.708722+00:00,84.7,50,ask,,,2284057
2026-07-01T22:11:22.405862,2026-07-01T12:11:23.816351+00:00,84.7,50,ask,,,2284087
2026-07-01T22:11:23.177123,2026-07-01T12:11:24.589575+00:00,84.6,43,ask,,,2284094
2026-07-01T22:11:24.525627,2026-07-01T12:11:25.937758+00:00,84.7,2,ask,,,2284114
2026-07-01T22:11:24.525627,2026-07-01T12:11:25.948759+00:00,84.6,48,ask,,,2284115
2026-07-01T22:11:26.636288,2026-07-01T12:11:28.050476+00:00,84.7,2,ask,,,2284164
2026-07-01T22:11:26.636288,2026-07-01T12:11:28.050476+00:00,84.6,48,ask,,,2284165
2026-07-01T22:11:27.962638,2026-07-01T12:11:29.372155+00:00,85.0,5,bid,,,2284197
2026-07-01T22:11:27.962638,2026-07-01T12:11:29.383587+00:00,85.0,39,bid,,,2284198
2026-07-01T22:11:28.773472,2026-07-01T12:11:30.190191+00:00,84.7,2,ask,,,2284217
2026-07-01T22:11:28.773472,2026-07-01T12:11:30.190191+00:00,84.7,10,ask,,,2284218
2026-07-01T22:11:28.773472,2026-07-01T12:11:30.190191+00:00,84.6,38,ask,,,2284219
2026-07-01T22:11:30.885391,2026-07-01T12:11:32.297420+00:00,84.6,10,ask,,,2284272
2026-07-01T22:11:30.885391,2026-07-01T12:11:32.297420+00:00,84.5,40,ask,,,2284273
2026-07-01T22:11:33.031809,2026-07-01T12:11:34.442503+00:00,84.6,5,ask,,,2284321
2026-07-01T22:11:33.031809,2026-07-01T12:11:34.442503+00:00,84.4,45,ask,,,2284322
2026-07-01T22:11:34.230841,2026-07-01T12:11:35.640847+00:00,84.7,100,bid,,,2284360
2026-07-01T22:11:34.819383,2026-07-01T12:11:36.242302+00:00,84.9,43,bid,,,2284375
2026-07-01T22:11:35.142515,2026-07-01T12:11:36.561411+00:00,84.6,2,ask,,,2284381
2026-07-01T22:11:35.142515,2026-07-01T12:11:36.561411+00:00,84.6,10,ask,,,2284382
2026-07-01T22:11:35.142515,2026-07-01T12:11:36.561411+00:00,84.4,38,ask,,,2284383
2026-07-01T22:11:37.262567,2026-07-01T12:11:38.676046+00:00,84.6,50,ask,,,2284443
2026-07-01T22:11:39.373962,2026-07-01T12:11:40.785239+00:00,84.5,50,ask,,,2284494
2026-07-01T22:11:41.482693,2026-07-01T12:11:42.893291+00:00,84.6,10,ask,,,2284528
2026-07-01T22:11:41.482693,2026-07-01T12:11:42.893291+00:00,84.5,40,ask,,,2284529
2026-07-01T22:11:42.372281,2026-07-01T12:11:43.788488+00:00,84.7,35,bid,,,2284541
2026-07-01T22:11:42.460730,2026-07-01T12:11:43.877521+00:00,84.7,35,bid,,,2284548
2026-07-01T22:11:42.549462,2026-07-01T12:11:43.964966+00:00,84.7,30,bid,,,2284551
2026-07-01T22:11:42.549462,2026-07-01T12:11:43.964966+00:00,84.7,5,bid,,,2284552
2026-07-01T22:11:42.642511,2026-07-01T12:11:44.050508+00:00,84.7,3,bid,,,2284556
2026-07-01T22:11:43.591667,2026-07-01T12:11:45.010178+00:00,84.4,20,ask,,,2284571
2026-07-01T22:11:43.591667,2026-07-01T12:11:45.010178+00:00,84.4,30,ask,,,2284572
2026-07-01T22:11:45.732716,2026-07-01T12:11:47.149303+00:00,84.5,50,ask,,,2284617
2026-07-01T22:11:47.839748,2026-07-01T12:11:49.248691+00:00,84.6,10,ask,,,2284659
2026-07-01T22:11:47.839748,2026-07-01T12:11:49.259367+00:00,84.5,40,ask,,,2284660
2026-07-01T22:11:48.746414,2026-07-01T12:11:50.154638+00:00,84.8,35,bid,,,2284686
2026-07-01T22:11:48.838080,2026-07-01T12:11:50.253651+00:00,84.8,34,bid,,,2284688
2026-07-01T22:11:49.950087,2026-07-01T12:11:51.359799+00:00,84.6,10,ask,,,2284701
2026-07-01T22:11:49.950087,2026-07-01T12:11:51.370798+00:00,84.5,40,ask,,,2284702
2026-07-01T22:11:49.956917,2026-07-01T12:11:51.370798+00:00,84.7,4,bid,,,2284703
2026-07-01T22:11:50.578147,2026-07-01T12:11:51.992772+00:00,84.7,5,bid,,,2284719
2026-07-01T22:11:50.781435,2026-07-01T12:11:52.200735+00:00,84.7,5,bid,,,2284721
2026-07-01T22:11:51.214512,2026-07-01T12:11:52.626158+00:00,84.7,5,bid,,,2284730
2026-07-01T22:11:51.516009,2026-07-01T12:11:52.931528+00:00,84.7,4,bid,,,2284743
2026-07-01T22:11:51.546830,2026-07-01T12:11:52.964529+00:00,84.7,4,bid,,,2284745
2026-07-01T22:11:51.596231,2026-07-01T12:11:53.008046+00:00,84.7,4,bid,,,2284747
2026-07-01T22:11:51.655982,2026-07-01T12:11:53.074476+00:00,84.7,4,bid,,,2284750
2026-07-01T22:11:51.704144,2026-07-01T12:11:53.117900+00:00,84.7,4,bid,,,2284752
2026-07-01T22:11:51.796341,2026-07-01T12:11:53.215699+00:00,84.5,47,ask,,,2284759
2026-07-01T22:11:52.033390,2026-07-01T12:11:53.447058+00:00,84.6,61,bid,,,2284765
2026-07-01T22:11:52.267182,2026-07-01T12:11:53.676074+00:00,84.6,48,bid,,,2284774
2026-07-01T22:11:52.794367,2026-07-01T12:11:54.212991+00:00,84.6,41,bid,,,2284788
2026-07-01T22:11:52.806421,2026-07-01T12:11:54.223992+00:00,84.8,3,bid,,,2284789
2026-07-01T22:11:52.849719,2026-07-01T12:11:54.267992+00:00,84.6,10,ask,,,2284790
2026-07-01T22:11:52.849719,2026-07-01T12:11:54.267992+00:00,84.5,34,ask,,,2284791
2026-07-01T22:11:56.210735,2026-07-01T12:11:57.624574+00:00,85.1,50,bid,,,2284869
2026-07-01T22:11:57.190754,2026-07-01T12:11:58.604708+00:00,85.0,48,ask,,,2284892
2026-07-01T22:11:58.320478,2026-07-01T12:11:59.730188+00:00,85.1,10,bid,,,2284915
2026-07-01T22:11:58.320478,2026-07-01T12:11:59.741188+00:00,85.3,40,bid,,,2284916
2026-07-01T22:11:59.800781,2026-07-01T12:12:01.217052+00:00,84.9,1,ask,,,2284954
2026-07-01T22:12:00.519126,2026-07-01T12:12:01.928009+00:00,85.0,1,bid,,,2284971
2026-07-01T22:12:00.519126,2026-07-01T12:12:01.939008+00:00,85.3,47,bid,,,2284972
2026-07-01T22:12:01.170517,2026-07-01T12:12:02.583206+00:00,84.9,45,ask,,,2284980
2026-07-01T22:12:02.563321,2026-07-01T12:12:03.982403+00:00,85.1,50,bid,,,2285003
2026-07-01T22:12:03.668598,2026-07-01T12:12:05.077502+00:00,85.0,42,ask,,,2285027
2026-07-01T22:12:04.240548,2026-07-01T12:12:05.656244+00:00,85.1,44,bid,,,2285048
2026-07-01T22:12:04.748568,2026-07-01T12:12:06.160055+00:00,84.9,50,ask,,,2285060
2026-07-01T22:12:06.809475,2026-07-01T12:12:08.231516+00:00,85.1,2,bid,,,2285094
2026-07-01T22:12:06.809475,2026-07-01T12:12:08.231516+00:00,85.1,10,bid,,,2285095
2026-07-01T22:12:06.809475,2026-07-01T12:12:08.231516+00:00,85.3,38,bid,,,2285096
2026-07-01T22:12:08.923149,2026-07-01T12:12:10.336736+00:00,85.1,2,bid,,,2285137
2026-07-01T22:12:08.923149,2026-07-01T12:12:10.336736+00:00,85.3,48,bid,,,2285138
2026-07-01T22:12:10.380873,2026-07-01T12:12:11.792342+00:00,85.0,43,ask,,,2285182
2026-07-01T22:12:10.957891,2026-07-01T12:12:12.372435+00:00,85.4,42,bid,,,2285192
2026-07-01T22:12:11.011913,2026-07-01T12:12:12.426977+00:00,85.0,47,ask,,,2285194
2026-07-01T22:12:11.108145,2026-07-01T12:12:12.523430+00:00,85.0,50,ask,,,2285203
2026-07-01T22:12:11.651423,2026-07-01T12:12:13.070005+00:00,85.4,41,bid,,,2285214
2026-07-01T22:12:13.214786,2026-07-01T12:12:14.631156+00:00,85.0,50,ask,,,2285252
2026-07-01T22:12:14.204137,2026-07-01T12:12:15.621726+00:00,85.2,100,ask,,,2285281
2026-07-01T22:12:15.321442,2026-07-01T12:12:16.732964+00:00,84.8,3,ask,,,2285309
2026-07-01T22:12:15.321442,2026-07-01T12:12:16.743961+00:00,84.8,10,ask,,,2285310
2026-07-01T22:12:15.321442,2026-07-01T12:12:16.743961+00:00,84.4,37,ask,,,2285311
2026-07-01T22:12:15.597759,2026-07-01T12:12:17.018129+00:00,84.9,6,bid,,,2285317
2026-07-01T22:12:15.826172,2026-07-01T12:12:17.235187+00:00,84.9,4,bid,,,2285324
2026-07-01T22:12:17.058354,2026-07-01T12:12:18.467326+00:00,84.9,40,bid,,,2285354
2026-07-01T22:12:17.437254,2026-07-01T12:12:18.855687+00:00,85.2,50,ask,,,2285368
2026-07-01T22:12:21.597235,2026-07-01T12:12:23.006091+00:00,85.4,50,bid,,,2285470
2026-07-01T22:12:23.704955,2026-07-01T12:12:25.118783+00:00,85.4,50,bid,,,2285524
2026-07-01T22:12:25.811103,2026-07-01T12:12:27.222085+00:00,85.4,50,bid,,,2285560
2026-07-01T22:12:26.497223,2026-07-01T12:12:27.909874+00:00,85.3,5,bid,,,2285569
2026-07-01T22:12:27.968359,2026-07-01T12:12:29.381521+00:00,85.2,50,ask,,,2285598
2026-07-01T22:12:29.074867,2026-07-01T12:12:30.493149+00:00,85.2,40,ask,,,2285618
2026-07-01T22:12:30.075562,2026-07-01T12:12:31.490430+00:00,85.0,1,ask,,,2285641
2026-07-01T22:12:30.075562,2026-07-01T12:12:31.490430+00:00,84.9,49,ask,,,2285642
2026-07-01T22:12:30.249465,2026-07-01T12:12:31.666799+00:00,85.3,44,bid,,,2285653
2026-07-01T22:12:30.734839,2026-07-01T12:12:32.146907+00:00,84.9,42,ask,,,2285658
2026-07-01T22:12:32.186615,2026-07-01T12:12:33.595109+00:00,85.0,4,ask,,,2285693
2026-07-01T22:12:32.186615,2026-07-01T12:12:33.606108+00:00,84.9,46,ask,,,2285694
2026-07-01T22:12:32.237583,2026-07-01T12:12:33.649928+00:00,85.3,44,bid,,,2285695
2026-07-01T22:12:32.312933,2026-07-01T12:12:33.726612+00:00,84.9,13,ask,,,2285697
2026-07-01T22:12:33.191144,2026-07-01T12:12:34.607963+00:00,85.2,100,ask,,,2285714
2026-07-01T22:12:33.191144,2026-07-01T12:12:34.607963+00:00,85.0,4,ask,,,2285715
2026-07-01T22:12:33.246513,2026-07-01T12:12:34.662339+00:00,84.9,4,bid,,,2285717
2026-07-01T22:12:33.344656,2026-07-01T12:12:34.761086+00:00,84.9,5,bid,,,2285726
2026-07-01T22:12:34.071751,2026-07-01T12:12:35.483315+00:00,84.9,5,bid,,,2285736
2026-07-01T22:12:34.339501,2026-07-01T12:12:35.757322+00:00,84.9,5,bid,,,2285747
2026-07-01T22:12:34.432011,2026-07-01T12:12:35.844484+00:00,84.9,5,bid,,,2285750
2026-07-01T22:12:35.262963,2026-07-01T12:12:36.677438+00:00,84.9,5,bid,,,2285772
2026-07-01T22:12:35.424532,2026-07-01T12:12:36.842456+00:00,84.9,17,bid,,,2285774
2026-07-01T22:12:36.349255,2026-07-01T12:12:37.757729+00:00,85.5,50,bid,,,2285788
2026-07-01T22:12:36.487198,2026-07-01T12:12:37.899278+00:00,85.5,49,bid,,,2285793
2026-07-01T22:12:38.473059,2026-07-01T12:12:39.888836+00:00,85.5,1,bid,,,2285831
2026-07-01T22:12:38.473059,2026-07-01T12:12:39.888836+00:00,85.8,49,bid,,,2285832
2026-07-01T22:12:39.889176,2026-07-01T12:12:41.298018+00:00,85.7,42,ask,,,2285858
2026-07-01T22:12:40.633388,2026-07-01T12:12:42.051575+00:00,85.7,50,ask,,,2285878
2026-07-01T22:12:42.050474,2026-07-01T12:12:43.462088+00:00,85.7,8,ask,,,2285908
2026-07-01T22:12:42.050474,2026-07-01T12:12:43.462088+00:00,85.7,33,ask,,,2285909
2026-07-01T22:12:42.742859,2026-07-01T12:12:44.160588+00:00,85.5,50,ask,,,2285933
2026-07-01T22:12:42.874497,2026-07-01T12:12:44.290997+00:00,85.5,4,ask,,,2285935
2026-07-01T22:12:43.192267,2026-07-01T12:12:44.608933+00:00,85.8,47,bid,,,2285940
2026-07-01T22:12:43.246629,2026-07-01T12:12:44.663956+00:00,85.5,40,ask,,,2285941
2026-07-01T22:12:44.689316,2026-07-01T12:12:46.107201+00:00,85.5,49,ask,,,2285972
2026-07-01T22:12:44.850147,2026-07-01T12:12:46.260183+00:00,85.5,7,ask,,,2285978
2026-07-01T22:12:44.850147,2026-07-01T12:12:46.260183+00:00,85.3,43,ask,,,2285979
2026-07-01T22:12:46.906132,2026-07-01T12:12:48.322627+00:00,85.5,50,bid,,,2286035
2026-07-01T22:12:48.043576,2026-07-01T12:12:49.458049+00:00,85.5,40,bid,,,2286054
2026-07-01T22:12:49.013143,2026-07-01T12:12:50.430204+00:00,85.7,50,bid,,,2286080
2026-07-01T22:12:51.124711,2026-07-01T12:12:52.535385+00:00,85.7,50,bid,,,2286120
2026-07-01T22:12:53.289214,2026-07-01T12:12:54.698684+00:00,85.5,50,ask,,,2286174
2026-07-01T22:12:54.556978,2026-07-01T12:12:55.968843+00:00,85.7,48,bid,,,2286198
2026-07-01T22:12:56.668812,2026-07-01T12:12:58.082328+00:00,85.4,48,ask,,,2286232
2026-07-01T22:12:57.452968,2026-07-01T12:12:58.865939+00:00,85.9,50,bid,,,2286256
2026-07-01T22:12:59.583214,2026-07-01T12:13:00.993543+00:00,86.0,10,bid,,,2286288
2026-07-01T22:12:59.583214,2026-07-01T12:13:01.004543+00:00,86.1,40,bid,,,2286289
2026-07-01T22:13:03.811047,2026-07-01T12:13:05.219669+00:00,86.0,50,bid,,,2286355
2026-07-01T22:13:03.903265,2026-07-01T12:13:05.317363+00:00,86.0,44,bid,,,2286356
2026-07-01T22:13:05.104479,2026-07-01T12:13:06.520615+00:00,85.9,150,ask,,,2286379
2026-07-01T22:13:05.918617,2026-07-01T12:13:07.329189+00:00,86.0,10,bid,,,2286397
2026-07-01T22:13:05.918617,2026-07-01T12:13:07.339732+00:00,86.1,40,bid,,,2286398
2026-07-01T22:13:07.037187,2026-07-01T12:13:08.454436+00:00,85.6,49,ask,,,2286422
2026-07-01T22:13:08.052665,2026-07-01T12:13:09.461440+00:00,86.1,50,bid,,,2286439
2026-07-01T22:13:09.023870,2026-07-01T12:13:10.434912+00:00,85.7,46,bid,,,2286468
2026-07-01T22:13:10.159671,2026-07-01T12:13:11.571793+00:00,85.7,50,bid,,,2286492
