timestamp,recv_time,price,volume,aggressor_side,buyer,seller,trade_id
2026-07-06T02:00:01.244447,2026-07-06T02:00:01.256314+00:00,163.2,39,bid,CostlyCorianders,EarnestEspressos,8997183
2026-07-06T02:00:01.244447,2026-07-06T02:00:01.256314+00:00,163.7,8,bid,CostlyCorianders,DiligentDonuts,8997184
2026-07-06T02:00:01.319949,2026-07-06T02:00:01.331753+00:00,163.7,50,bid,FlawlessFlatbreads,DiligentDonuts,8997185
2026-07-06T02:00:03.427683,2026-07-06T02:00:03.439075+00:00,163.3,50,bid,FlawlessFlatbreads,DiligentDonuts,8997208
2026-07-06T02:00:03.551888,2026-07-06T02:00:03.559937+00:00,163.3,45,bid,CostlyCorianders,DiligentDonuts,8997209
2026-07-06T02:00:03.605820,2026-07-06T02:00:03.617528+00:00,163.1,44,ask,EarnestEspressos,CostlyCorianders,8997210
2026-07-06T02:00:04.228046,2026-07-06T02:00:04.239829+00:00,163.3,5,bid,CostlyCorianders,DiligentDonuts,8997216
2026-07-06T02:00:05.534001,2026-07-06T02:00:05.542336+00:00,163.6,50,bid,FlawlessFlatbreads,EarnestEspressos,8997232
2026-07-06T02:00:05.973690,2026-07-06T02:00:05.982195+00:00,163.7,14,ask,EarnestEspressos,Xuanyu Liu,8997243
2026-07-06T02:00:07.698269,2026-07-06T02:00:07.728052+00:00,163.7,50,ask,EarnestEspressos,FlawlessFlatbreads,8997262
2026-07-06T02:00:09.804306,2026-07-06T02:00:09.811005+00:00,163.5,50,ask,DiligentDonuts,FlawlessFlatbreads,8997294
2026-07-06T02:00:11.304406,2026-07-06T02:00:11.369233+00:00,163.5,48,ask,DiligentDonuts,CostlyCorianders,8997312
2026-07-06T02:00:11.912840,2026-07-06T02:00:11.922658+00:00,163.5,2,ask,DiligentDonuts,FlawlessFlatbreads,8997318
2026-07-06T02:00:11.912840,2026-07-06T02:00:11.922658+00:00,163.3,48,ask,EarnestEspressos,FlawlessFlatbreads,8997319
2026-07-06T02:00:13.326897,2026-07-06T02:00:13.334773+00:00,163.7,44,bid,CostlyCorianders,EarnestEspressos,8997349
2026-07-06T02:00:13.975966,2026-07-06T02:00:13.983399+00:00,163.3,44,ask,DiligentDonuts,CostlyCorianders,8997354
2026-07-06T02:00:14.020941,2026-07-06T02:00:14.032796+00:00,163.3,50,ask,DiligentDonuts,FlawlessFlatbreads,8997355
2026-07-06T02:00:15.459491,2026-07-06T02:00:15.466960+00:00,163.6,3,bid,Xuanyu Liu,DiligentDonuts,8997370
2026-07-06T02:00:15.555484,2026-07-06T02:00:15.565930+00:00,163.6,43,bid,CostlyCorianders,DiligentDonuts,8997374
2026-07-06T02:00:16.128973,2026-07-06T02:00:16.140646+00:00,163.4,50,ask,EarnestEspressos,FlawlessFlatbreads,8997381
2026-07-06T02:00:16.644000,2026-07-06T02:00:16.650897+00:00,163.4,43,ask,EarnestEspressos,CostlyCorianders,8997389
2026-07-06T02:00:18.149636,2026-07-06T02:00:18.156091+00:00,163.6,42,bid,CostlyCorianders,DiligentDonuts,8997409
2026-07-06T02:00:18.182992,2026-07-06T02:00:18.194970+00:00,163.6,12,bid,FlawlessFlatbreads,DiligentDonuts,8997410
2026-07-06T02:00:18.182992,2026-07-06T02:00:18.194970+00:00,163.9,38,bid,FlawlessFlatbreads,EarnestEspressos,8997411
2026-07-06T02:00:20.363488,2026-07-06T02:00:20.374045+00:00,163.2,50,ask,DiligentDonuts,FlawlessFlatbreads,8997439
2026-07-06T02:00:20.394574,2026-07-06T02:00:20.405444+00:00,163.6,47,bid,CostlyCorianders,EarnestEspressos,8997440
2026-07-06T02:00:21.373213,2026-07-06T02:00:21.385069+00:00,163.2,44,ask,DiligentDonuts,CostlyCorianders,8997448
2026-07-06T02:00:22.418206,2026-07-06T02:00:22.430053+00:00,163.5,50,bid,FlawlessFlatbreads,DiligentDonuts,8997459
2026-07-06T02:00:23.130327,2026-07-06T02:00:23.142225+00:00,163.5,41,bid,CostlyCorianders,DiligentDonuts,8997475
2026-07-06T02:00:24.525153,2026-07-06T02:00:24.537176+00:00,163.5,9,bid,FlawlessFlatbreads,DiligentDonuts,8997486
2026-07-06T02:00:24.525153,2026-07-06T02:00:24.537176+00:00,163.8,41,bid,FlawlessFlatbreads,EarnestEspressos,8997487
2026-07-06T02:00:26.640839,2026-07-06T02:00:26.648361+00:00,163.7,50,bid,FlawlessFlatbreads,DiligentDonuts,8997518
2026-07-06T02:00:28.746740,2026-07-06T02:00:28.749130+00:00,163.8,50,bid,FlawlessFlatbreads,DiligentDonuts,8997550
2026-07-06T02:00:33.014230,2026-07-06T02:00:33.020787+00:00,163.5,50,ask,DiligentDonuts,FlawlessFlatbreads,8997609
2026-07-06T02:00:33.690183,2026-07-06T02:00:33.700567+00:00,163.9,11,bid,Xuanyu Liu,EarnestEspressos,8997622
2026-07-06T02:00:35.127366,2026-07-06T02:00:35.136118+00:00,164.0,50,ask,DiligentDonuts,FlawlessFlatbreads,8997644
2026-07-06T02:00:35.787300,2026-07-06T02:00:35.799095+00:00,164.0,46,ask,DiligentDonuts,CostlyCorianders,8997653
2026-07-06T02:00:37.235926,2026-07-06T02:00:37.245888+00:00,164.0,4,ask,DiligentDonuts,FlawlessFlatbreads,8997673
2026-07-06T02:00:37.235926,2026-07-06T02:00:37.245888+00:00,164.0,46,ask,EarnestEspressos,FlawlessFlatbreads,8997674
2026-07-06T02:00:39.345346,2026-07-06T02:00:39.358622+00:00,164.0,50,ask,EarnestEspressos,FlawlessFlatbreads,8997702
2026-07-06T02:00:41.284004,2026-07-06T02:00:41.300998+00:00,164.3,42,bid,CostlyCorianders,DiligentDonuts,8997728
2026-07-06T02:00:42.289407,2026-07-06T02:00:42.301130+00:00,163.8,41,ask,DiligentDonuts,CostlyCorianders,8997742
2026-07-06T02:00:45.663049,2026-07-06T02:00:45.674763+00:00,163.7,50,ask,DiligentDonuts,FlawlessFlatbreads,8997781
2026-07-06T02:00:46.494554,2026-07-06T02:00:46.506543+00:00,164.2,48,bid,CostlyCorianders,DiligentDonuts,8997792
2026-07-06T02:00:47.561536,2026-07-06T02:00:47.570117+00:00,163.8,44,ask,DiligentDonuts,CostlyCorianders,8997808
2026-07-06T02:00:47.719564,2026-07-06T02:00:47.728785+00:00,164.2,50,bid,FlawlessFlatbreads,EarnestEspressos,8997811
2026-07-06T02:00:49.675194,2026-07-06T02:00:49.687390+00:00,164.2,46,bid,CostlyCorianders,EarnestEspressos,8997835
2026-07-06T02:00:49.826695,2026-07-06T02:00:49.838576+00:00,164.2,50,bid,FlawlessFlatbreads,EarnestEspressos,8997839
2026-07-06T02:00:50.290946,2026-07-06T02:00:50.302785+00:00,164.4,100,ask,EarnestEspressos,DiligentDonuts,8997843
2026-07-06T02:00:50.304142,2026-07-06T02:00:50.313136+00:00,164.4,14,ask,EarnestEspressos,Xuanyu Liu,8997845
2026-07-06T02:00:50.713294,2026-07-06T02:00:50.722940+00:00,164.4,36,ask,EarnestEspressos,CostlyCorianders,8997850
2026-07-06T02:00:50.713294,2026-07-06T02:00:50.722940+00:00,163.7,6,ask,DiligentDonuts,CostlyCorianders,8997851
2026-07-06T02:00:51.696700,2026-07-06T02:00:51.708812+00:00,163.7,44,ask,DiligentDonuts,CostlyCorianders,8997862
2026-07-06T02:00:51.997205,2026-07-06T02:00:52.008770+00:00,163.7,50,ask,DiligentDonuts,FlawlessFlatbreads,8997867
2026-07-06T02:00:53.464928,2026-07-06T02:00:53.474220+00:00,164.2,3,bid,Xuanyu Liu,DiligentDonuts,8997886
2026-07-06T02:00:54.055598,2026-07-06T02:00:54.058101+00:00,164.2,50,bid,FlawlessFlatbreads,DiligentDonuts,8997895
2026-07-06T02:00:55.745330,2026-07-06T02:00:55.757034+00:00,164.2,47,bid,CostlyCorianders,DiligentDonuts,8997920
2026-07-06T02:00:55.745330,2026-07-06T02:00:55.757034+00:00,164.3,1,bid,CostlyCorianders,EarnestEspressos,8997921
2026-07-06T02:00:56.161960,2026-07-06T02:00:56.173873+00:00,164.3,50,bid,FlawlessFlatbreads,EarnestEspressos,8997924
2026-07-06T02:00:57.375135,2026-07-06T02:00:57.386442+00:00,164.1,46,ask,DiligentDonuts,CostlyCorianders,8997941
2026-07-06T02:00:58.282337,2026-07-06T02:00:58.294140+00:00,164.6,50,bid,FlawlessFlatbreads,DiligentDonuts,8997949
2026-07-06T02:01:00.311764,2026-07-06T02:01:00.323643+00:00,164.8,42,bid,CostlyCorianders,DiligentDonuts,8997975
2026-07-06T02:01:00.443536,2026-07-06T02:01:00.455370+00:00,164.3,50,ask,DiligentDonuts,FlawlessFlatbreads,8997976
2026-07-06T02:01:02.500385,2026-07-06T02:01:02.512195+00:00,164.8,50,bid,FlawlessFlatbreads,DiligentDonuts,8998001
2026-07-06T02:01:04.608657,2026-07-06T02:01:04.620128+00:00,164.6,50,bid,FlawlessFlatbreads,EarnestEspressos,8998031
2026-07-06T02:01:06.537066,2026-07-06T02:01:06.548789+00:00,164.1,44,ask,DiligentDonuts,CostlyCorianders,8998052
2026-07-06T02:01:06.715576,2026-07-06T02:01:06.727398+00:00,164.6,50,bid,FlawlessFlatbreads,DiligentDonuts,8998054
2026-07-06T02:01:07.545683,2026-07-06T02:01:07.552480+00:00,164.6,49,bid,CostlyCorianders,DiligentDonuts,8998060
2026-07-06T02:01:08.157162,2026-07-06T02:01:08.163781+00:00,164.1,45,ask,DiligentDonuts,CostlyCorianders,8998074
2026-07-06T02:01:08.876189,2026-07-06T02:01:08.887745+00:00,164.1,11,ask,DiligentDonuts,FlawlessFlatbreads,8998095
2026-07-06T02:01:08.876189,2026-07-06T02:01:08.887745+00:00,164.1,39,ask,EarnestEspressos,FlawlessFlatbreads,8998096
2026-07-06T02:01:09.853569,2026-07-06T02:01:09.865089+00:00,164.6,48,bid,CostlyCorianders,EarnestEspressos,8998105
2026-07-06T02:01:10.993234,2026-07-06T02:01:11.003005+00:00,164.2,50,ask,DiligentDonuts,FlawlessFlatbreads,8998122
2026-07-06T02:01:13.065283,2026-07-06T02:01:13.074480+00:00,164.6,50,bid,FlawlessFlatbreads,DiligentDonuts,8998152
2026-07-06T02:01:13.416441,2026-07-06T02:01:13.428197+00:00,164.3,42,ask,EarnestEspressos,CostlyCorianders,8998156
2026-07-06T02:01:16.410116,2026-07-06T02:01:16.417653+00:00,164.2,45,ask,DiligentDonuts,CostlyCorianders,8998198
2026-07-06T02:01:17.349655,2026-07-06T02:01:17.358635+00:00,164.2,50,ask,DiligentDonuts,FlawlessFlatbreads,8998214
2026-07-06T02:01:19.458973,2026-07-06T02:01:19.468183+00:00,164.2,50,ask,EarnestEspressos,FlawlessFlatbreads,8998236
2026-07-06T02:01:23.692660,2026-07-06T02:01:23.704513+00:00,163.7,50,ask,DiligentDonuts,FlawlessFlatbreads,8998294
2026-07-06T02:01:25.831396,2026-07-06T02:01:25.843188+00:00,163.8,50,ask,EarnestEspressos,FlawlessFlatbreads,8998322
2026-07-06T02:01:27.937805,2026-07-06T02:01:27.949509+00:00,163.8,50,ask,EarnestEspressos,FlawlessFlatbreads,8998350
2026-07-06T02:01:28.040760,2026-07-06T02:01:28.052315+00:00,164.2,41,bid,CostlyCorianders,DiligentDonuts,8998352
2026-07-06T02:01:28.306546,2026-07-06T02:01:28.315048+00:00,163.8,34,bid,Xuanyu Liu,EarnestEspressos,8998359
2026-07-06T02:01:29.317940,2026-07-06T02:01:29.329773+00:00,163.8,47,bid,CostlyCorianders,EarnestEspressos,8998370
2026-07-06T02:01:30.046341,2026-07-06T02:01:30.055327+00:00,163.7,50,ask,DiligentDonuts,FlawlessFlatbreads,8998383
2026-07-06T02:01:31.457424,2026-07-06T02:01:31.466679+00:00,163.7,44,ask,EarnestEspressos,CostlyCorianders,8998396
2026-07-06T02:01:32.103106,2026-07-06T02:01:32.115116+00:00,164.1,50,bid,FlawlessFlatbreads,DiligentDonuts,8998409
2026-07-06T02:01:33.102076,2026-07-06T02:01:33.110800+00:00,164.1,43,bid,CostlyCorianders,DiligentDonuts,8998422
2026-07-06T02:01:34.211373,2026-07-06T02:01:34.223590+00:00,164.1,7,bid,FlawlessFlatbreads,DiligentDonuts,8998435
2026-07-06T02:01:34.211373,2026-07-06T02:01:34.223590+00:00,164.2,43,bid,FlawlessFlatbreads,EarnestEspressos,8998436
2026-07-06T02:01:36.330527,2026-07-06T02:01:36.342541+00:00,164.4,50,bid,FlawlessFlatbreads,EarnestEspressos,8998465
2026-07-06T02:01:36.337510,2026-07-06T02:01:36.347569+00:00,164.1,43,ask,DiligentDonuts,CostlyCorianders,8998466
2026-07-06T02:01:36.929013,2026-07-06T02:01:36.940803+00:00,164.4,48,bid,CostlyCorianders,EarnestEspressos,8998472
2026-07-06T02:01:37.739003,2026-07-06T02:01:37.747333+00:00,164.2,11,ask,EarnestEspressos,Xuanyu Liu,8998483
2026-07-06T02:01:37.959549,2026-07-06T02:01:37.968019+00:00,164.2,12,ask,EarnestEspressos,Xuanyu Liu,8998487
2026-07-06T02:01:38.438745,2026-07-06T02:01:38.458544+00:00,164.3,50,bid,FlawlessFlatbreads,DiligentDonuts,8998495
2026-07-06T02:01:39.990239,2026-07-06T02:01:40.002067+00:00,164.2,41,ask,EarnestEspressos,CostlyCorianders,8998510
2026-07-06T02:01:40.546047,2026-07-06T02:01:40.558572+00:00,164.3,50,bid,FlawlessFlatbreads,DiligentDonuts,8998520
2026-07-06T02:01:42.653147,2026-07-06T02:01:42.658589+00:00,164.3,50,bid,FlawlessFlatbreads,EarnestEspressos,8998548
2026-07-06T02:01:43.507601,2026-07-06T02:01:43.519586+00:00,164.3,40,bid,CostlyCorianders,EarnestEspressos,8998564
2026-07-06T02:01:44.082259,2026-07-06T02:01:44.092412+00:00,164.3,11,ask,EarnestEspressos,Xuanyu Liu,8998568
2026-07-06T02:01:44.554677,2026-07-06T02:01:44.564666+00:00,164.3,3,ask,EarnestEspressos,Xuanyu Liu,8998573
2026-07-06T02:01:44.759251,2026-07-06T02:01:44.780044+00:00,164.6,50,bid,FlawlessFlatbreads,DiligentDonuts,8998576
2026-07-06T02:01:46.869451,2026-07-06T02:01:46.881111+00:00,164.6,50,bid,FlawlessFlatbreads,DiligentDonuts,8998607
2026-07-06T02:01:48.287356,2026-07-06T02:01:48.298990+00:00,164.2,41,ask,DiligentDonuts,CostlyCorianders,8998620
2026-07-06T02:01:48.976842,2026-07-06T02:01:48.988426+00:00,164.5,50,bid,FlawlessFlatbreads,EarnestEspressos,8998630
2026-07-06T02:01:50.016775,2026-07-06T02:01:50.025933+00:00,164.2,3,ask,DiligentDonuts,Xuanyu Liu,8998651
2026-07-06T02:01:51.084817,2026-07-06T02:01:51.096731+00:00,164.2,50,bid,FlawlessFlatbreads,DiligentDonuts,8998667
2026-07-06T02:01:53.193909,2026-07-06T02:01:53.205663+00:00,164.2,50,bid,FlawlessFlatbreads,DiligentDonuts,8998700
2026-07-06T02:01:53.536168,2026-07-06T02:01:53.547925+00:00,163.8,46,ask,DiligentDonuts,CostlyCorianders,8998704
2026-07-06T02:01:55.301427,2026-07-06T02:01:55.312635+00:00,164.1,50,bid,FlawlessFlatbreads,EarnestEspressos,8998730
2026-07-06T02:01:56.247530,2026-07-06T02:01:56.254148+00:00,164.1,46,bid,CostlyCorianders,EarnestEspressos,8998740
2026-07-06T02:01:56.737108,2026-07-06T02:01:56.745235+00:00,164.2,11,ask,EarnestEspressos,Xuanyu Liu,8998745
2026-07-06T02:01:57.407513,2026-07-06T02:01:57.419529+00:00,164.4,50,bid,FlawlessFlatbreads,DiligentDonuts,8998761
2026-07-06T02:01:59.515889,2026-07-06T02:01:59.527546+00:00,164.4,50,bid,FlawlessFlatbreads,DiligentDonuts,8998784
2026-07-06T02:02:01.507453,2026-07-06T02:02:01.517309+00:00,164.2,12,ask,DiligentDonuts,Xuanyu Liu,8998808
2026-07-06T02:02:01.622060,2026-07-06T02:02:01.633950+00:00,164.6,50,bid,FlawlessFlatbreads,EarnestEspressos,8998814
2026-07-06T02:02:04.414087,2026-07-06T02:02:04.425581+00:00,164.3,43,ask,EarnestEspressos,CostlyCorianders,8998854
2026-07-06T02:02:05.807772,2026-07-06T02:02:05.815621+00:00,164.3,44,ask,EarnestEspressos,CostlyCorianders,8998867
2026-07-06T02:02:05.884037,2026-07-06T02:02:05.896026+00:00,164.3,50,ask,EarnestEspressos,FlawlessFlatbreads,8998868
2026-07-06T02:02:07.992185,2026-07-06T02:02:08.003945+00:00,164.2,50,ask,DiligentDonuts,FlawlessFlatbreads,8998892
2026-07-06T02:02:08.518833,2026-07-06T02:02:08.530482+00:00,164.3,43,bid,CostlyCorianders,EarnestEspressos,8998896
2026-07-06T02:02:10.099063,2026-07-06T02:02:10.110799+00:00,164.1,50,ask,DiligentDonuts,FlawlessFlatbreads,8998912
2026-07-06T02:02:12.155168,2026-07-06T02:02:12.158588+00:00,164.6,50,bid,FlawlessFlatbreads,DiligentDonuts,8998932
2026-07-06T02:02:12.464795,2026-07-06T02:02:12.471768+00:00,164.6,49,bid,CostlyCorianders,DiligentDonuts,8998935
2026-07-06T02:02:13.938337,2026-07-06T02:02:13.958643+00:00,164.4,43,ask,DiligentDonuts,CostlyCorianders,8998953
2026-07-06T02:02:14.515518,2026-07-06T02:02:14.527353+00:00,164.4,41,ask,DiligentDonuts,CostlyCorianders,8998964
2026-07-06T02:02:16.420123,2026-07-06T02:02:16.429453+00:00,164.3,50,ask,EarnestEspressos,FlawlessFlatbreads,8998976
2026-07-06T02:02:17.055213,2026-07-06T02:02:17.066933+00:00,164.7,44,bid,CostlyCorianders,DiligentDonuts,8998983
2026-07-06T02:02:17.514592,2026-07-06T02:02:17.526408+00:00,164.3,49,ask,EarnestEspressos,CostlyCorianders,8998987
2026-07-06T02:02:18.985996,2026-07-06T02:02:18.995570+00:00,164.5,12,bid,Xuanyu Liu,EarnestEspressos,8999007
2026-07-06T02:02:20.109095,2026-07-06T02:02:20.121422+00:00,164.5,46,bid,CostlyCorianders,EarnestEspressos,8999023
2026-07-06T02:02:20.633548,2026-07-06T02:02:20.640982+00:00,164.4,50,ask,DiligentDonuts,FlawlessFlatbreads,8999036
2026-07-06T02:02:22.740955,2026-07-06T02:02:22.750103+00:00,163.9,50,ask,DiligentDonuts,FlawlessFlatbreads,8999067
2026-07-06T02:02:23.708516,2026-07-06T02:02:23.720426+00:00,164.4,41,bid,CostlyCorianders,DiligentDonuts,8999080
2026-07-06T02:02:24.852523,2026-07-06T02:02:24.864146+00:00,163.9,50,ask,DiligentDonuts,FlawlessFlatbreads,8999094
2026-07-06T02:02:26.426507,2026-07-06T02:02:26.434909+00:00,164.1,11,bid,Xuanyu Liu,DiligentDonuts,8999106
2026-07-06T02:02:26.977073,2026-07-06T02:02:26.988765+00:00,163.7,50,ask,EarnestEspressos,FlawlessFlatbreads,8999112
2026-07-06T02:02:29.086647,2026-07-06T02:02:29.098577+00:00,163.7,50,ask,DiligentDonuts,FlawlessFlatbreads,8999132
2026-07-06T02:02:29.337423,2026-07-06T02:02:29.363817+00:00,163.7,42,ask,DiligentDonuts,CostlyCorianders,8999134
2026-07-06T02:02:29.825945,2026-07-06T02:02:29.835445+00:00,164.1,41,bid,CostlyCorianders,EarnestEspressos,8999144
2026-07-06T02:02:29.880373,2026-07-06T02:02:29.892248+00:00,163.7,8,ask,DiligentDonuts,CostlyCorianders,8999146
2026-07-06T02:02:31.218259,2026-07-06T02:02:31.230091+00:00,163.6,50,ask,EarnestEspressos,FlawlessFlatbreads,8999163
2026-07-06T02:02:31.580563,2026-07-06T02:02:31.589608+00:00,163.8,3,bid,Xuanyu Liu,DiligentDonuts,8999170
2026-07-06T02:02:31.888379,2026-07-06T02:02:31.900374+00:00,163.5,42,ask,EarnestEspressos,CostlyCorianders,8999173
2026-07-06T02:02:33.276649,2026-07-06T02:02:33.283440+00:00,163.8,50,bid,FlawlessFlatbreads,DiligentDonuts,8999184
2026-07-06T02:02:35.220684,2026-07-06T02:02:35.232493+00:00,164.0,42,bid,CostlyCorianders,EarnestEspressos,8999207
2026-07-06T02:02:37.369458,2026-07-06T02:02:37.380895+00:00,163.7,47,ask,DiligentDonuts,CostlyCorianders,8999237
2026-07-06T02:02:39.063927,2026-07-06T02:02:39.075815+00:00,164.2,41,bid,CostlyCorianders,DiligentDonuts,8999259
2026-07-06T02:02:39.647113,2026-07-06T02:02:39.651430+00:00,163.9,50,ask,EarnestEspressos,FlawlessFlatbreads,8999274
2026-07-06T02:02:41.754341,2026-07-06T02:02:41.766308+00:00,163.6,50,ask,DiligentDonuts,FlawlessFlatbreads,8999301
2026-07-06T02:02:42.040056,2026-07-06T02:02:42.050969+00:00,163.9,40,bid,CostlyCorianders,EarnestEspressos,8999308
2026-07-06T02:02:43.572301,2026-07-06T02:02:43.583863+00:00,163.9,43,bid,CostlyCorianders,EarnestEspressos,8999325
2026-07-06T02:02:43.878544,2026-07-06T02:02:43.889893+00:00,163.6,50,ask,DiligentDonuts,FlawlessFlatbreads,8999331
2026-07-06T02:02:44.222597,2026-07-06T02:02:44.232642+00:00,163.9,3,bid,Xuanyu Liu,DiligentDonuts,8999338
2026-07-06T02:02:44.231608,2026-07-06T02:02:44.247906+00:00,163.9,97,bid,EarnestEspressos,DiligentDonuts,8999340
2026-07-06T02:02:45.985858,2026-07-06T02:02:45.997298+00:00,163.9,50,ask,EarnestEspressos,FlawlessFlatbreads,8999364
2026-07-06T02:02:50.207044,2026-07-06T02:02:50.218808+00:00,163.7,50,ask,DiligentDonuts,FlawlessFlatbreads,8999419
2026-07-06T02:02:51.877560,2026-07-06T02:02:51.891933+00:00,163.6,40,ask,DiligentDonuts,CostlyCorianders,8999449
2026-07-06T02:02:53.022590,2026-07-06T02:02:53.034342+00:00,163.9,42,bid,CostlyCorianders,EarnestEspressos,8999459
2026-07-06T02:02:53.087250,2026-07-06T02:02:53.094887+00:00,163.6,41,ask,DiligentDonuts,CostlyCorianders,8999464
2026-07-06T02:02:54.061610,2026-07-06T02:02:54.073300+00:00,163.9,43,bid,CostlyCorianders,DiligentDonuts,8999477
2026-07-06T02:02:54.699684,2026-07-06T02:02:54.709018+00:00,163.9,11,bid,Xuanyu Liu,DiligentDonuts,8999491
2026-07-06T02:02:56.550944,2026-07-06T02:02:56.557693+00:00,163.6,50,ask,EarnestEspressos,FlawlessFlatbreads,8999519
2026-07-06T02:02:57.317177,2026-07-06T02:02:57.327791+00:00,163.5,49,ask,DiligentDonuts,CostlyCorianders,8999531
2026-07-06T02:02:58.659723,2026-07-06T02:02:58.669403+00:00,163.5,50,ask,DiligentDonuts,FlawlessFlatbreads,8999546
2026-07-06T02:02:58.920873,2026-07-06T02:02:58.929681+00:00,163.8,48,bid,CostlyCorianders,EarnestEspressos,8999547
2026-07-06T02:02:58.998847,2026-07-06T02:02:59.009713+00:00,163.5,1,ask,DiligentDonuts,CostlyCorianders,8999548
2026-07-06T02:03:00.764918,2026-07-06T02:03:00.774042+00:00,163.6,50,ask,EarnestEspressos,FlawlessFlatbreads,8999573
2026-07-06T02:03:02.046373,2026-07-06T02:03:02.056041+00:00,163.8,12,bid,Xuanyu Liu,DiligentDonuts,8999590
2026-07-06T02:03:02.232765,2026-07-06T02:03:02.244236+00:00,163.8,49,bid,CostlyCorianders,DiligentDonuts,8999596
2026-07-06T02:03:02.575448,2026-07-06T02:03:02.583804+00:00,163.8,11,bid,Xuanyu Liu,DiligentDonuts,8999600
2026-07-06T02:03:05.231789,2026-07-06T02:03:05.241385+00:00,163.8,44,ask,DiligentDonuts,CostlyCorianders,8999635
2026-07-06T02:03:07.079092,2026-07-06T02:03:07.090513+00:00,163.7,50,ask,DiligentDonuts,FlawlessFlatbreads,8999655
2026-07-06T02:03:09.184574,2026-07-06T02:03:09.191254+00:00,163.7,50,ask,DiligentDonuts,FlawlessFlatbreads,8999684
2026-07-06T02:03:09.584840,2026-07-06T02:03:09.596590+00:00,163.8,44,bid,CostlyCorianders,DiligentDonuts,8999689
2026-07-06T02:03:10.070305,2026-07-06T02:03:10.078754+00:00,163.8,12,bid,Xuanyu Liu,DiligentDonuts,8999696
2026-07-06T02:03:11.240945,2026-07-06T02:03:11.263629+00:00,163.8,44,bid,FlawlessFlatbreads,DiligentDonuts,8999714
2026-07-06T02:03:11.240945,2026-07-06T02:03:11.263629+00:00,164.1,6,bid,FlawlessFlatbreads,EarnestEspressos,8999715
2026-07-06T02:03:14.319342,2026-07-06T02:03:14.331051+00:00,163.6,49,ask,DiligentDonuts,CostlyCorianders,8999772
2026-07-06T02:03:15.503042,2026-07-06T02:03:15.514860+00:00,163.6,50,ask,DiligentDonuts,FlawlessFlatbreads,8999786
2026-07-06T02:03:16.967980,2026-07-06T02:03:16.979647+00:00,163.7,41,bid,CostlyCorianders,DiligentDonuts,8999795
2026-07-06T02:03:17.610090,2026-07-06T02:03:17.621974+00:00,163.5,50,ask,EarnestEspressos,FlawlessFlatbreads,8999803
2026-07-06T02:03:19.665854,2026-07-06T02:03:21.922068+00:00,163.9,50,bid,FlawlessFlatbreads,EarnestEspressos,8999820
2026-07-06T02:03:21.099018,2026-07-06T02:03:21.922068+00:00,163.5,47,ask,DiligentDonuts,CostlyCorianders,8999831
2026-07-06T02:03:21.779001,2026-07-06T02:03:21.922068+00:00,163.9,50,bid,FlawlessFlatbreads,EarnestEspressos,8999841
2026-07-06T02:03:22.214871,2026-07-06T02:03:22.222356+00:00,163.7,100,bid,EarnestEspressos,DiligentDonuts,8999845
2026-07-06T02:03:22.655933,2026-07-06T02:03:22.667685+00:00,163.7,44,ask,EarnestEspressos,CostlyCorianders,8999848
2026-07-06T02:03:23.623839,2026-07-06T02:03:23.635538+00:00,164.2,48,bid,CostlyCorianders,EarnestEspressos,8999872
2026-07-06T02:03:25.142209,2026-07-06T02:03:25.154195+00:00,163.7,6,ask,EarnestEspressos,CostlyCorianders,8999885
2026-07-06T02:03:25.142209,2026-07-06T02:03:25.154195+00:00,163.2,37,ask,DiligentDonuts,CostlyCorianders,8999886
2026-07-06T02:03:26.852849,2026-07-06T02:03:26.853951+00:00,163.9,46,bid,CostlyCorianders,EarnestEspressos,8999913
2026-07-06T02:03:28.151918,2026-07-06T02:03:28.163700+00:00,163.5,50,ask,DiligentDonuts,FlawlessFlatbreads,8999930
2026-07-06T02:03:30.262059,2026-07-06T02:03:30.273715+00:00,163.5,50,ask,EarnestEspressos,FlawlessFlatbreads,8999962
2026-07-06T02:03:30.916485,2026-07-06T02:03:30.923768+00:00,163.5,40,ask,EarnestEspressos,CostlyCorianders,8999971
2026-07-06T02:03:35.697120,2026-07-06T02:03:35.707493+00:00,163.3,40,bid,CostlyCorianders,EarnestEspressos,9000025
2026-07-06T02:03:36.316092,2026-07-06T02:03:36.327754+00:00,163.3,48,bid,CostlyCorianders,EarnestEspressos,9000034
2026-07-06T02:03:36.371359,2026-07-06T02:03:36.379539+00:00,162.9,41,ask,DiligentDonuts,CostlyCorianders,9000037
2026-07-06T02:03:36.527599,2026-07-06T02:03:36.539143+00:00,163.3,50,bid,FlawlessFlatbreads,EarnestEspressos,9000038
2026-07-06T02:03:37.795867,2026-07-06T02:03:37.807747+00:00,163.3,12,bid,CostlyCorianders,EarnestEspressos,9000050
2026-07-06T02:03:38.020980,2026-07-06T02:03:38.029776+00:00,163.3,100,bid,EarnestEspressos,DiligentDonuts,9000054
2026-07-06T02:03:38.635602,2026-07-06T02:03:38.643228+00:00,163.9,50,bid,FlawlessFlatbreads,EarnestEspressos,9000063
2026-07-06T02:03:39.558259,2026-07-06T02:03:39.568989+00:00,163.4,47,ask,EarnestEspressos,CostlyCorianders,9000078
2026-07-06T02:03:40.765987,2026-07-06T02:03:40.774178+00:00,163.4,3,ask,EarnestEspressos,CostlyCorianders,9000095
2026-07-06T02:03:41.376970,2026-07-06T02:03:41.389799+00:00,163.5,41,bid,CostlyCorianders,EarnestEspressos,9000101
2026-07-06T02:03:41.431590,2026-07-06T02:03:41.443383+00:00,163.1,46,ask,DiligentDonuts,CostlyCorianders,9000103
2026-07-06T02:03:42.015310,2026-07-06T02:03:42.024915+00:00,163.5,46,bid,CostlyCorianders,EarnestEspressos,9000120
2026-07-06T02:03:43.579298,2026-07-06T02:03:43.591124+00:00,163.1,42,ask,DiligentDonuts,CostlyCorianders,9000131
2026-07-06T02:03:44.356152,2026-07-06T02:03:44.363666+00:00,163.4,100,bid,EarnestEspressos,DiligentDonuts,9000144
2026-07-06T02:03:45.576790,2026-07-06T02:03:45.588379+00:00,163.5,46,ask,EarnestEspressos,CostlyCorianders,9000160
2026-07-06T02:03:47.084452,2026-07-06T02:03:47.096176+00:00,164.0,50,bid,FlawlessFlatbreads,EarnestEspressos,9000181
2026-07-06T02:03:47.420604,2026-07-06T02:03:47.428682+00:00,163.5,4,ask,EarnestEspressos,Xuanyu Liu,9000185
2026-07-06T02:03:49.252598,2026-07-06T02:03:49.257694+00:00,163.2,50,ask,DiligentDonuts,FlawlessFlatbreads,9000217
2026-07-06T02:03:49.793046,2026-07-06T02:03:49.800383+00:00,163.2,8,ask,DiligentDonuts,Xuanyu Liu,9000227
2026-07-06T02:03:49.850059,2026-07-06T02:03:49.859529+00:00,163.2,42,ask,DiligentDonuts,CostlyCorianders,9000230
2026-07-06T02:03:51.095790,2026-07-06T02:03:51.104546+00:00,163.0,34,bid,Xuanyu Liu,DiligentDonuts,9000255
2026-07-06T02:03:52.439535,2026-07-06T02:03:52.450114+00:00,163.0,12,bid,Xuanyu Liu,DiligentDonuts,9000273
2026-07-06T02:03:52.468009,2026-07-06T02:03:52.479892+00:00,163.0,45,bid,CostlyCorianders,DiligentDonuts,9000276
2026-07-06T02:03:53.411607,2026-07-06T02:03:53.423434+00:00,163.0,9,bid,FlawlessFlatbreads,DiligentDonuts,9000292
2026-07-06T02:03:53.411607,2026-07-06T02:03:53.423434+00:00,163.1,41,bid,FlawlessFlatbreads,EarnestEspressos,9000293
2026-07-06T02:03:59.740121,2026-07-06T02:03:59.751702+00:00,163.3,50,bid,FlawlessFlatbreads,DiligentDonuts,9000377
2026-07-06T02:04:00.062837,2026-07-06T02:04:00.069631+00:00,163.3,100,bid,DiligentDonuts,EarnestEspressos,9000382
2026-07-06T02:04:00.204923,2026-07-06T02:04:00.212687+00:00,163.6,46,ask,EarnestEspressos,Xuanyu Liu,9000386
2026-07-06T02:04:00.260478,2026-07-06T02:04:00.268116+00:00,163.6,23,ask,EarnestEspressos,Xuanyu Liu,9000389
2026-07-06T02:04:00.990206,2026-07-06T02:04:01.001934+00:00,163.6,49,ask,EarnestEspressos,CostlyCorianders,9000400
2026-07-06T02:04:01.900222,2026-07-06T02:04:01.911850+00:00,163.6,32,ask,EarnestEspressos,FlawlessFlatbreads,9000410
2026-07-06T02:04:03.316565,2026-07-06T02:04:03.326593+00:00,163.3,12,bid,Xuanyu Liu,DiligentDonuts,9000432
2026-07-06T02:04:03.327791,2026-07-06T02:04:03.336500+00:00,163.3,11,bid,Xuanyu Liu,DiligentDonuts,9000434
2026-07-06T02:04:04.004911,2026-07-06T02:04:04.013949+00:00,162.8,50,ask,DiligentDonuts,FlawlessFlatbreads,9000449
2026-07-06T02:04:05.381874,2026-07-06T02:04:05.393662+00:00,163.3,42,bid,CostlyCorianders,DiligentDonuts,9000461
2026-07-06T02:04:06.111089,2026-07-06T02:04:06.122718+00:00,162.8,50,ask,DiligentDonuts,FlawlessFlatbreads,9000465
2026-07-06T02:04:06.959635,2026-07-06T02:04:06.968079+00:00,163.2,12,bid,Xuanyu Liu,DiligentDonuts,9000481
2026-07-06T02:04:08.218669,2026-07-06T02:04:08.230159+00:00,162.8,50,ask,EarnestEspressos,FlawlessFlatbreads,9000500
2026-07-06T02:04:08.963039,2026-07-06T02:04:08.974794+00:00,163.2,49,bid,CostlyCorianders,DiligentDonuts,9000505
2026-07-06T02:04:10.324587,2026-07-06T02:04:10.336370+00:00,163.0,50,ask,DiligentDonuts,FlawlessFlatbreads,9000527
2026-07-06T02:04:10.948772,2026-07-06T02:04:10.955204+00:00,163.0,45,ask,DiligentDonuts,CostlyCorianders,9000537
2026-07-06T02:04:12.433211,2026-07-06T02:04:12.444945+00:00,163.0,5,ask,DiligentDonuts,FlawlessFlatbreads,9000557
2026-07-06T02:04:12.433211,2026-07-06T02:04:12.444945+00:00,162.7,45,ask,EarnestEspressos,FlawlessFlatbreads,9000558
2026-07-06T02:04:12.904435,2026-07-06T02:04:12.912038+00:00,162.9,22,bid,Xuanyu Liu,EarnestEspressos,9000561
2026-07-06T02:04:14.541580,2026-07-06T02:04:14.553652+00:00,162.6,50,ask,DiligentDonuts,FlawlessFlatbreads,9000583
2026-07-06T02:04:15.110867,2026-07-06T02:04:15.119960+00:00,162.9,47,bid,CostlyCorianders,EarnestEspressos,9000596
2026-07-06T02:04:16.654505,2026-07-06T02:04:16.658588+00:00,162.7,50,ask,EarnestEspressos,FlawlessFlatbreads,9000618
2026-07-06T02:04:17.370250,2026-07-06T02:04:17.378536+00:00,163.0,23,bid,Xuanyu Liu,DiligentDonuts,9000631
2026-07-06T02:04:18.243497,2026-07-06T02:04:18.255205+00:00,163.0,48,bid,CostlyCorianders,DiligentDonuts,9000640
2026-07-06T02:04:18.676676,2026-07-06T02:04:18.684362+00:00,163.0,6,bid,Xuanyu Liu,DiligentDonuts,9000649
2026-07-06T02:04:18.709222,2026-07-06T02:04:18.716190+00:00,163.0,23,bid,FlawlessFlatbreads,DiligentDonuts,9000651
2026-07-06T02:04:18.709222,2026-07-06T02:04:18.721480+00:00,163.2,27,bid,FlawlessFlatbreads,EarnestEspressos,9000652
2026-07-06T02:04:19.052789,2026-07-06T02:04:19.064577+00:00,163.2,100,bid,DiligentDonuts,EarnestEspressos,9000657
2026-07-06T02:04:19.177222,2026-07-06T02:04:19.187421+00:00,163.4,17,ask,EarnestEspressos,Xuanyu Liu,9000660
2026-07-06T02:04:19.945767,2026-07-06T02:04:19.958616+00:00,163.4,43,ask,EarnestEspressos,CostlyCorianders,9000670
2026-07-06T02:04:19.993264,2026-07-06T02:04:20.002033+00:00,163.4,12,ask,EarnestEspressos,Xuanyu Liu,9000674
2026-07-06T02:04:21.572296,2026-07-06T02:04:21.584020+00:00,163.7,48,bid,CostlyCorianders,DiligentDonuts,9000706
2026-07-06T02:04:22.919144,2026-07-06T02:04:22.930591+00:00,163.5,50,bid,FlawlessFlatbreads,DiligentDonuts,9000730
2026-07-06T02:04:24.120000,2026-07-06T02:04:24.131765+00:00,163.1,42,ask,EarnestEspressos,CostlyCorianders,9000746
2026-07-06T02:04:25.025083,2026-07-06T02:04:25.037005+00:00,163.5,50,bid,FlawlessFlatbreads,DiligentDonuts,9000754
2026-07-06T02:04:25.241005,2026-07-06T02:04:25.249876+00:00,163.6,12,bid,Xuanyu Liu,EarnestEspressos,9000760
2026-07-06T02:04:25.374889,2026-07-06T02:04:25.382277+00:00,163.6,100,bid,DiligentDonuts,EarnestEspressos,9000762
2026-07-06T02:04:25.632156,2026-07-06T02:04:25.644157+00:00,164.3,43,bid,CostlyCorianders,DiligentDonuts,9000763
2026-07-06T02:04:26.315531,2026-07-06T02:04:26.324387+00:00,163.8,12,ask,EarnestEspressos,Xuanyu Liu,9000776
2026-07-06T02:04:27.139242,2026-07-06T02:04:27.146241+00:00,164.3,50,bid,FlawlessFlatbreads,DiligentDonuts,9000783
2026-07-06T02:04:29.245968,2026-07-06T02:04:29.256723+00:00,164.1,50,bid,FlawlessFlatbreads,DiligentDonuts,9000806
2026-07-06T02:04:30.528150,2026-07-06T02:04:30.536162+00:00,163.6,22,ask,DiligentDonuts,Xuanyu Liu,9000824
2026-07-06T02:04:31.352762,2026-07-06T02:04:31.364430+00:00,164.1,50,bid,FlawlessFlatbreads,DiligentDonuts,9000834
2026-07-06T02:04:32.527197,2026-07-06T02:04:32.538867+00:00,163.5,46,ask,DiligentDonuts,CostlyCorianders,9000849
2026-07-06T02:04:33.460821,2026-07-06T02:04:33.472646+00:00,163.8,50,bid,FlawlessFlatbreads,EarnestEspressos,9000863
2026-07-06T02:04:34.952974,2026-07-06T02:04:34.963874+00:00,164.2,43,bid,CostlyCorianders,DiligentDonuts,9000880
2026-07-06T02:04:35.566887,2026-07-06T02:04:35.578933+00:00,164.2,50,bid,FlawlessFlatbreads,DiligentDonuts,9000892
2026-07-06T02:04:37.683506,2026-07-06T02:04:37.698185+00:00,164.2,7,bid,FlawlessFlatbreads,DiligentDonuts,9000915
2026-07-06T02:04:37.683506,2026-07-06T02:04:37.698185+00:00,164.3,43,bid,FlawlessFlatbreads,EarnestEspressos,9000916
2026-07-06T02:04:39.793251,2026-07-06T02:04:39.805245+00:00,164.5,50,bid,FlawlessFlatbreads,DiligentDonuts,9000940
2026-07-06T02:04:41.195134,2026-07-06T02:04:41.204375+00:00,164.3,12,ask,DiligentDonuts,Xuanyu Liu,9000953
2026-07-06T02:04:41.902411,2026-07-06T02:04:41.916934+00:00,164.6,50,bid,FlawlessFlatbreads,EarnestEspressos,9000959
2026-07-06T02:04:43.132555,2026-07-06T02:04:43.144323+00:00,164.3,46,ask,DiligentDonuts,CostlyCorianders,9000979
2026-07-06T02:04:44.008297,2026-07-06T02:04:44.020345+00:00,164.6,50,bid,FlawlessFlatbreads,EarnestEspressos,9000992
2026-07-06T02:04:44.475612,2026-07-06T02:04:44.484022+00:00,164.6,34,ask,EarnestEspressos,Xuanyu Liu,9000998
2026-07-06T02:04:46.114451,2026-07-06T02:04:46.125953+00:00,164.7,50,bid,FlawlessFlatbreads,DiligentDonuts,9001020
2026-07-06T02:04:46.759500,2026-07-06T02:04:46.768159+00:00,164.6,3,ask,EarnestEspressos,Xuanyu Liu,9001039
2026-07-06T02:04:48.225403,2026-07-06T02:04:48.234683+00:00,164.8,50,bid,FlawlessFlatbreads,DiligentDonuts,9001054
2026-07-06T02:04:50.332295,2026-07-06T02:04:50.344234+00:00,164.8,50,bid,FlawlessFlatbreads,DiligentDonuts,9001077
2026-07-06T02:04:50.393929,2026-07-06T02:04:50.403588+00:00,164.3,49,ask,DiligentDonuts,CostlyCorianders,9001078
2026-07-06T02:04:52.448229,2026-07-06T02:04:52.463663+00:00,164.8,50,bid,FlawlessFlatbreads,DiligentDonuts,9001096
2026-07-06T02:04:56.161947,2026-07-06T02:04:56.173820+00:00,164.4,46,ask,DiligentDonuts,CostlyCorianders,9001139
2026-07-06T02:04:58.821966,2026-07-06T02:04:58.833644+00:00,164.2,50,ask,DiligentDonuts,FlawlessFlatbreads,9001167
2026-07-06T02:05:00.360416,2026-07-06T02:05:00.372067+00:00,164.6,43,bid,CostlyCorianders,DiligentDonuts,9001186
2026-07-06T02:05:00.932048,2026-07-06T02:05:00.943778+00:00,164.2,50,ask,EarnestEspressos,FlawlessFlatbreads,9001198
2026-07-06T02:05:02.325001,2026-07-06T02:05:02.336752+00:00,164.2,47,ask,EarnestEspressos,CostlyCorianders,9001221
2026-07-06T02:05:03.037778,2026-07-06T02:05:03.049618+00:00,164.2,50,ask,EarnestEspressos,FlawlessFlatbreads,9001232
2026-07-06T02:05:03.500896,2026-07-06T02:05:03.509774+00:00,164.1,100,ask,DiligentDonuts,EarnestEspressos,9001241
2026-07-06T02:05:03.511071,2026-07-06T02:05:03.519558+00:00,164.1,14,bid,Xuanyu Liu,EarnestEspressos,9001243
2026-07-06T02:05:04.636325,2026-07-06T02:05:04.645210+00:00,164.1,12,bid,Xuanyu Liu,EarnestEspressos,9001256
2026-07-06T02:05:05.093299,2026-07-06T02:05:05.105049+00:00,164.1,24,bid,FlawlessFlatbreads,EarnestEspressos,9001263
2026-07-06T02:05:05.666269,2026-07-06T02:05:05.677858+00:00,164.6,46,bid,CostlyCorianders,DiligentDonuts,9001275
2026-07-06T02:05:06.618642,2026-07-06T02:05:06.626293+00:00,164.5,12,ask,EarnestEspressos,Xuanyu Liu,9001286
2026-07-06T02:05:07.254043,2026-07-06T02:05:07.255178+00:00,164.5,50,ask,EarnestEspressos,FlawlessFlatbreads,9001297
2026-07-06T02:05:09.360671,2026-07-06T02:05:09.372631+00:00,164.5,50,ask,EarnestEspressos,FlawlessFlatbreads,9001334
2026-07-06T02:05:09.928600,2026-07-06T02:05:09.937178+00:00,164.7,46,bid,CostlyCorianders,EarnestEspressos,9001341
2026-07-06T02:05:11.467718,2026-07-06T02:05:11.479386+00:00,164.4,50,ask,DiligentDonuts,FlawlessFlatbreads,9001359
2026-07-06T02:05:12.704258,2026-07-06T02:05:12.715899+00:00,164.7,46,bid,CostlyCorianders,EarnestEspressos,9001378
2026-07-06T02:05:13.574343,2026-07-06T02:05:13.585852+00:00,164.6,50,ask,EarnestEspressos,FlawlessFlatbreads,9001388
2026-07-06T02:05:15.445628,2026-07-06T02:05:15.463946+00:00,164.6,40,ask,EarnestEspressos,CostlyCorianders,9001416
2026-07-06T02:05:15.681990,2026-07-06T02:05:15.693847+00:00,164.6,50,ask,EarnestEspressos,FlawlessFlatbreads,9001417
2026-07-06T02:05:16.885007,2026-07-06T02:05:16.896544+00:00,164.4,41,ask,DiligentDonuts,CostlyCorianders,9001431
2026-07-06T02:05:17.357321,2026-07-06T02:05:17.368973+00:00,164.4,46,ask,DiligentDonuts,CostlyCorianders,9001437
2026-07-06T02:05:17.789356,2026-07-06T02:05:17.800831+00:00,164.4,13,ask,DiligentDonuts,FlawlessFlatbreads,9001445
2026-07-06T02:05:17.789356,2026-07-06T02:05:17.800831+00:00,164.1,37,ask,EarnestEspressos,FlawlessFlatbreads,9001446
2026-07-06T02:05:18.927598,2026-07-06T02:05:18.939125+00:00,164.6,40,bid,CostlyCorianders,EarnestEspressos,9001455
2026-07-06T02:05:19.896326,2026-07-06T02:05:19.908157+00:00,163.8,50,ask,DiligentDonuts,FlawlessFlatbreads,9001464
2026-07-06T02:05:21.684658,2026-07-06T02:05:21.694801+00:00,164.3,12,bid,Xuanyu Liu,DiligentDonuts,9001480
2026-07-06T02:05:22.004280,2026-07-06T02:05:22.015893+00:00,163.8,50,ask,DiligentDonuts,FlawlessFlatbreads,9001489
2026-07-06T02:05:22.376662,2026-07-06T02:05:22.384939+00:00,164.1,23,bid,Xuanyu Liu,DiligentDonuts,9001491
2026-07-06T02:05:24.112727,2026-07-06T02:05:24.119976+00:00,163.9,50,ask,EarnestEspressos,FlawlessFlatbreads,9001514
2026-07-06T02:05:26.217414,2026-07-06T02:05:26.228976+00:00,163.5,50,ask,DiligentDonuts,FlawlessFlatbreads,9001532
2026-07-06T02:05:29.259668,2026-07-06T02:05:29.268024+00:00,163.6,11,bid,Xuanyu Liu,DiligentDonuts,9001576
2026-07-06T02:05:29.782591,2026-07-06T02:05:29.789693+00:00,163.6,42,bid,CostlyCorianders,DiligentDonuts,9001583
2026-07-06T02:05:30.375638,2026-07-06T02:05:30.384912+00:00,163.6,47,bid,FlawlessFlatbreads,DiligentDonuts,9001588
2026-07-06T02:05:30.375638,2026-07-06T02:05:30.384912+00:00,163.8,3,bid,FlawlessFlatbreads,EarnestEspressos,9001589
2026-07-06T02:05:32.534550,2026-07-06T02:05:32.546218+00:00,163.3,50,ask,DiligentDonuts,FlawlessFlatbreads,9001619
2026-07-06T02:05:34.513076,2026-07-06T02:05:34.521330+00:00,163.3,48,ask,DiligentDonuts,CostlyCorianders,9001651
2026-07-06T02:05:34.651125,2026-07-06T02:05:34.657694+00:00,163.3,2,ask,DiligentDonuts,FlawlessFlatbreads,9001655
2026-07-06T02:05:34.651125,2026-07-06T02:05:34.657694+00:00,163.2,48,ask,EarnestEspressos,FlawlessFlatbreads,9001656
2026-07-06T02:05:36.119350,2026-07-06T02:05:36.138564+00:00,163.4,11,bid,Xuanyu Liu,EarnestEspressos,9001676
2026-07-06T02:05:38.820193,2026-07-06T02:05:38.830151+00:00,163.5,50,bid,FlawlessFlatbreads,DiligentDonuts,9001706
2026-07-06T02:05:40.049094,2026-07-06T02:05:40.057297+00:00,163.5,12,bid,Xuanyu Liu,DiligentDonuts,9001718
2026-07-06T02:05:40.928485,2026-07-06T02:05:40.937635+00:00,163.5,38,bid,FlawlessFlatbreads,DiligentDonuts,9001728
2026-07-06T02:05:40.928485,2026-07-06T02:05:40.937635+00:00,163.5,12,bid,FlawlessFlatbreads,EarnestEspressos,9001729
2026-07-06T02:05:41.286921,2026-07-06T02:05:41.294250+00:00,163.5,100,bid,DiligentDonuts,EarnestEspressos,9001732
2026-07-06T02:05:41.395691,2026-07-06T02:05:41.405119+00:00,163.7,12,ask,EarnestEspressos,Xuanyu Liu,9001736
2026-07-06T02:05:41.566296,2026-07-06T02:05:41.574622+00:00,164.1,43,bid,CostlyCorianders,DiligentDonuts,9001739
2026-07-06T02:05:42.443778,2026-07-06T02:05:42.452332+00:00,163.7,11,ask,EarnestEspressos,Xuanyu Liu,9001746
2026-07-06T02:05:42.746320,2026-07-06T02:05:42.758030+00:00,163.7,43,ask,EarnestEspressos,CostlyCorianders,9001753
2026-07-06T02:05:43.039421,2026-07-06T02:05:43.047766+00:00,164.1,50,bid,FlawlessFlatbreads,DiligentDonuts,9001755
2026-07-06T02:05:43.039543,2026-07-06T02:05:43.047766+00:00,163.7,11,ask,EarnestEspressos,Xuanyu Liu,9001756
2026-07-06T02:05:45.148656,2026-07-06T02:05:45.156206+00:00,163.7,50,bid,FlawlessFlatbreads,EarnestEspressos,9001786
2026-07-06T02:05:47.257029,2026-07-06T02:05:47.263755+00:00,163.7,50,bid,FlawlessFlatbreads,EarnestEspressos,9001804
2026-07-06T02:05:49.364345,2026-07-06T02:05:49.376079+00:00,163.6,50,bid,FlawlessFlatbreads,DiligentDonuts,9001827
2026-07-06T02:05:51.528949,2026-07-06T02:05:51.537262+00:00,163.1,50,ask,EarnestEspressos,FlawlessFlatbreads,9001845
2026-07-06T02:05:51.601593,2026-07-06T02:05:51.609186+00:00,163.5,45,bid,CostlyCorianders,DiligentDonuts,9001847
2026-07-06T02:05:52.102012,2026-07-06T02:05:52.109030+00:00,163.1,43,ask,EarnestEspressos,CostlyCorianders,9001860
2026-07-06T02:05:53.653863,2026-07-06T02:05:53.665951+00:00,163.1,50,ask,EarnestEspressos,FlawlessFlatbreads,9001879
2026-07-06T02:05:54.079306,2026-07-06T02:05:54.091274+00:00,163.3,100,ask,DiligentDonuts,EarnestEspressos,9001883
2026-07-06T02:05:54.182151,2026-07-06T02:05:54.193891+00:00,163.2,47,bid,CostlyCorianders,EarnestEspressos,9001884
2026-07-06T02:05:55.710726,2026-07-06T02:05:55.722555+00:00,163.2,3,bid,FlawlessFlatbreads,EarnestEspressos,9001910
2026-07-06T02:05:55.710726,2026-07-06T02:05:55.722555+00:00,163.8,47,bid,FlawlessFlatbreads,DiligentDonuts,9001911
2026-07-06T02:05:57.241014,2026-07-06T02:05:57.252911+00:00,163.3,47,ask,EarnestEspressos,CostlyCorianders,9001930
2026-07-06T02:05:59.995953,2026-07-06T02:06:00.005044+00:00,163.3,50,ask,EarnestEspressos,FlawlessFlatbreads,9001966
2026-07-06T02:06:02.102149,2026-07-06T02:06:02.113741+00:00,163.1,50,ask,DiligentDonuts,FlawlessFlatbreads,9001988
2026-07-06T02:06:04.209500,2026-07-06T02:06:04.221041+00:00,162.9,50,ask,DiligentDonuts,FlawlessFlatbreads,9002006
2026-07-06T02:06:06.317219,2026-07-06T02:06:06.327064+00:00,162.9,50,ask,DiligentDonuts,FlawlessFlatbreads,9002030
2026-07-06T02:06:06.660595,2026-07-06T02:06:06.671491+00:00,163.0,11,bid,Xuanyu Liu,DiligentDonuts,9002038
2026-07-06T02:06:06.735528,2026-07-06T02:06:06.743585+00:00,163.0,11,bid,Xuanyu Liu,DiligentDonuts,9002044
2026-07-06T02:06:07.463005,2026-07-06T02:06:07.472416+00:00,163.0,46,bid,CostlyCorianders,DiligentDonuts,9002061
2026-07-06T02:06:07.947378,2026-07-06T02:06:07.957218+00:00,163.0,12,bid,Xuanyu Liu,DiligentDonuts,9002064
2026-07-06T02:06:08.423521,2026-07-06T02:06:08.435604+00:00,162.8,50,ask,EarnestEspressos,FlawlessFlatbreads,9002076
2026-07-06T02:06:08.603781,2026-07-06T02:06:08.615760+00:00,163.0,20,bid,CostlyCorianders,DiligentDonuts,9002082
2026-07-06T02:06:08.603781,2026-07-06T02:06:08.615760+00:00,163.3,22,bid,CostlyCorianders,EarnestEspressos,9002083
2026-07-06T02:06:09.138552,2026-07-06T02:06:09.150525+00:00,163.3,43,bid,CostlyCorianders,EarnestEspressos,9002091
2026-07-06T02:06:10.170022,2026-07-06T02:06:10.179549+00:00,162.9,49,ask,DiligentDonuts,CostlyCorianders,9002101
2026-07-06T02:06:10.531729,2026-07-06T02:06:10.543488+00:00,162.9,50,ask,DiligentDonuts,FlawlessFlatbreads,9002108
2026-07-06T02:06:11.555853,2026-07-06T02:06:11.564939+00:00,163.4,48,bid,CostlyCorianders,DiligentDonuts,9002123
2026-07-06T02:06:12.638728,2026-07-06T02:06:12.650967+00:00,162.9,1,ask,DiligentDonuts,FlawlessFlatbreads,9002133
2026-07-06T02:06:12.638728,2026-07-06T02:06:12.650967+00:00,162.9,49,ask,EarnestEspressos,FlawlessFlatbreads,9002134
2026-07-06T02:06:14.097501,2026-07-06T02:06:14.109419+00:00,162.8,45,ask,DiligentDonuts,CostlyCorianders,9002146
2026-07-06T02:06:14.748243,2026-07-06T02:06:14.758620+00:00,162.8,50,ask,DiligentDonuts,FlawlessFlatbreads,9002153
2026-07-06T02:06:16.804146,2026-07-06T02:06:16.815785+00:00,163.0,50,bid,FlawlessFlatbreads,DiligentDonuts,9002185
2026-07-06T02:06:17.146616,2026-07-06T02:06:17.153638+00:00,162.7,46,ask,EarnestEspressos,CostlyCorianders,9002189
2026-07-06T02:06:18.851828,2026-07-06T02:06:18.860221+00:00,163.0,11,bid,Xuanyu Liu,DiligentDonuts,9002205
2026-07-06T02:06:18.911500,2026-07-06T02:06:18.923024+00:00,163.0,39,bid,FlawlessFlatbreads,DiligentDonuts,9002208
2026-07-06T02:06:18.911500,2026-07-06T02:06:18.923024+00:00,163.2,11,bid,FlawlessFlatbreads,EarnestEspressos,9002209
2026-07-06T02:06:19.095823,2026-07-06T02:06:19.107829+00:00,163.2,44,bid,CostlyCorianders,EarnestEspressos,9002211
2026-07-06T02:06:21.017866,2026-07-06T02:06:21.029536+00:00,163.5,50,bid,FlawlessFlatbreads,DiligentDonuts,9002244
2026-07-06T02:06:21.726948,2026-07-06T02:06:21.738646+00:00,163.5,49,bid,CostlyCorianders,DiligentDonuts,9002248
2026-07-06T02:06:22.459762,2026-07-06T02:06:22.468493+00:00,163.3,11,ask,DiligentDonuts,Xuanyu Liu,9002258
2026-07-06T02:06:23.125456,2026-07-06T02:06:23.137278+00:00,163.5,50,bid,FlawlessFlatbreads,EarnestEspressos,9002265
2026-07-06T02:06:24.917145,2026-07-06T02:06:24.927233+00:00,163.3,12,ask,DiligentDonuts,Xuanyu Liu,9002285
2026-07-06T02:06:25.233312,2026-07-06T02:06:25.244944+00:00,163.5,50,bid,FlawlessFlatbreads,EarnestEspressos,9002289
2026-07-06T02:06:25.885525,2026-07-06T02:06:25.897199+00:00,163.3,44,ask,EarnestEspressos,CostlyCorianders,9002295
2026-07-06T02:06:27.339553,2026-07-06T02:06:27.351235+00:00,163.7,50,bid,FlawlessFlatbreads,DiligentDonuts,9002309
2026-07-06T02:06:27.964479,2026-07-06T02:06:27.976074+00:00,163.3,49,ask,EarnestEspressos,CostlyCorianders,9002315
2026-07-06T02:06:29.076899,2026-07-06T02:06:29.089969+00:00,163.5,43,bid,CostlyCorianders,EarnestEspressos,9002328
2026-07-06T02:06:29.444989,2026-07-06T02:06:29.451414+00:00,163.5,50,bid,FlawlessFlatbreads,EarnestEspressos,9002333
2026-07-06T02:06:29.566655,2026-07-06T02:06:29.577168+00:00,163.4,43,ask,DiligentDonuts,CostlyCorianders,9002334
2026-07-06T02:06:30.153422,2026-07-06T02:06:30.165025+00:00,163.4,48,ask,DiligentDonuts,CostlyCorianders,9002342
2026-07-06T02:06:31.551410,2026-07-06T02:06:31.563974+00:00,163.5,50,bid,FlawlessFlatbreads,EarnestEspressos,9002363
2026-07-06T02:06:32.004265,2026-07-06T02:06:32.012777+00:00,163.5,11,ask,EarnestEspressos,Xuanyu Liu,9002367
2026-07-06T02:06:33.656690,2026-07-06T02:06:33.663991+00:00,163.6,50,bid,FlawlessFlatbreads,DiligentDonuts,9002390
2026-07-06T02:06:34.079663,2026-07-06T02:06:34.091455+00:00,163.6,48,bid,CostlyCorianders,DiligentDonuts,9002399
2026-07-06T02:06:34.998353,2026-07-06T02:06:35.010309+00:00,163.6,2,bid,CostlyCorianders,DiligentDonuts,9002407
2026-07-06T02:06:34.998353,2026-07-06T02:06:35.010309+00:00,164.0,41,bid,CostlyCorianders,EarnestEspressos,9002408
2026-07-06T02:06:35.180142,2026-07-06T02:06:35.186377+00:00,163.8,23,ask,EarnestEspressos,Xuanyu Liu,9002409
2026-07-06T02:06:35.764421,2026-07-06T02:06:35.776168+00:00,164.1,50,bid,FlawlessFlatbreads,DiligentDonuts,9002415
2026-07-06T02:06:37.872318,2026-07-06T02:06:37.880508+00:00,164.1,50,bid,FlawlessFlatbreads,DiligentDonuts,9002441
2026-07-06T02:06:38.270622,2026-07-06T02:06:38.278821+00:00,164.1,11,ask,DiligentDonuts,Xuanyu Liu,9002448
2026-07-06T02:06:38.776667,2026-07-06T02:06:38.785761+00:00,164.1,12,ask,DiligentDonuts,Xuanyu Liu,9002456
2026-07-06T02:06:39.121211,2026-07-06T02:06:39.130190+00:00,164.1,11,ask,DiligentDonuts,Xuanyu Liu,9002464
2026-07-06T02:06:40.039575,2026-07-06T02:06:40.049023+00:00,164.1,50,ask,DiligentDonuts,FlawlessFlatbreads,9002476
2026-07-06T02:06:42.095609,2026-07-06T02:06:42.107407+00:00,164.2,50,bid,FlawlessFlatbreads,DiligentDonuts,9002501
2026-07-06T02:06:44.702458,2026-07-06T02:06:44.709869+00:00,163.9,43,ask,DiligentDonuts,CostlyCorianders,9002525
2026-07-06T02:06:46.299973,2026-07-06T02:06:46.306920+00:00,163.9,40,ask,DiligentDonuts,CostlyCorianders,9002544
2026-07-06T02:06:46.370282,2026-07-06T02:06:46.381935+00:00,163.9,17,ask,DiligentDonuts,FlawlessFlatbreads,9002545
2026-07-06T02:06:46.370282,2026-07-06T02:06:46.381935+00:00,163.9,33,ask,EarnestEspressos,FlawlessFlatbreads,9002546
2026-07-06T02:06:48.254138,2026-07-06T02:06:48.264734+00:00,164.0,45,bid,CostlyCorianders,DiligentDonuts,9002572
2026-07-06T02:06:48.287350,2026-07-06T02:06:48.294664+00:00,164.0,11,bid,Xuanyu Liu,DiligentDonuts,9002574
2026-07-06T02:06:48.716288,2026-07-06T02:06:48.724938+00:00,163.6,40,ask,EarnestEspressos,CostlyCorianders,9002580
2026-07-06T02:06:49.105175,2026-07-06T02:06:49.113528+00:00,164.0,12,bid,Xuanyu Liu,DiligentDonuts,9002581
2026-07-06T02:06:50.606937,2026-07-06T02:06:50.615759+00:00,163.6,50,ask,EarnestEspressos,FlawlessFlatbreads,9002602
2026-07-06T02:06:50.885025,2026-07-06T02:06:50.897102+00:00,164.1,43,bid,CostlyCorianders,EarnestEspressos,9002605
2026-07-06T02:06:51.984900,2026-07-06T02:06:51.994261+00:00,163.8,45,ask,DiligentDonuts,CostlyCorianders,9002624
2026-07-06T02:06:52.661588,2026-07-06T02:06:52.671338+00:00,164.0,50,bid,FlawlessFlatbreads,EarnestEspressos,9002634
2026-07-06T02:06:54.064075,2026-07-06T02:06:54.072833+00:00,164.0,43,bid,CostlyCorianders,EarnestEspressos,9002653
2026-07-06T02:06:54.784392,2026-07-06T02:06:54.792975+00:00,164.0,50,bid,FlawlessFlatbreads,DiligentDonuts,9002668
2026-07-06T02:06:56.891290,2026-07-06T02:06:56.902934+00:00,164.0,50,bid,FlawlessFlatbreads,DiligentDonuts,9002690
2026-07-06T02:06:58.998451,2026-07-06T02:06:59.010155+00:00,164.3,50,bid,FlawlessFlatbreads,DiligentDonuts,9002727
2026-07-06T02:07:01.106234,2026-07-06T02:07:01.118090+00:00,164.2,50,bid,FlawlessFlatbreads,EarnestEspressos,9002753
2026-07-06T02:07:01.202689,2026-07-06T02:07:01.211287+00:00,163.9,12,ask,DiligentDonuts,Xuanyu Liu,9002758
2026-07-06T02:07:03.199309,2026-07-06T02:07:03.211051+00:00,163.9,45,ask,DiligentDonuts,CostlyCorianders,9002776
2026-07-06T02:07:03.213465,2026-07-06T02:07:03.225340+00:00,164.2,50,bid,FlawlessFlatbreads,EarnestEspressos,9002777
2026-07-06T02:07:03.621770,2026-07-06T02:07:03.629675+00:00,164.1,14,ask,EarnestEspressos,Xuanyu Liu,9002781
2026-07-06T02:07:04.839330,2026-07-06T02:07:04.848326+00:00,164.1,42,ask,EarnestEspressos,CostlyCorianders,9002796
2026-07-06T02:07:05.319933,2026-07-06T02:07:05.331922+00:00,164.2,50,bid,FlawlessFlatbreads,DiligentDonuts,9002800
2026-07-06T02:07:05.874419,2026-07-06T02:07:05.886055+00:00,164.2,47,bid,CostlyCorianders,DiligentDonuts,9002809
2026-07-06T02:07:07.426767,2026-07-06T02:07:07.438771+00:00,164.4,50,bid,FlawlessFlatbreads,EarnestEspressos,9002832
2026-07-06T02:07:13.794676,2026-07-06T02:07:13.801443+00:00,164.2,50,ask,EarnestEspressos,FlawlessFlatbreads,9002905
2026-07-06T02:07:13.928914,2026-07-06T02:07:13.938376+00:00,164.2,47,ask,EarnestEspressos,CostlyCorianders,9002909
2026-07-06T02:07:15.547120,2026-07-06T02:07:15.553881+00:00,164.6,43,bid,CostlyCorianders,DiligentDonuts,9002929
2026-07-06T02:07:15.851126,2026-07-06T02:07:15.858548+00:00,164.6,50,bid,FlawlessFlatbreads,DiligentDonuts,9002935
2026-07-06T02:07:16.320723,2026-07-06T02:07:16.335439+00:00,164.7,100,ask,DiligentDonuts,EarnestEspressos,9002941
2026-07-06T02:07:17.959930,2026-07-06T02:07:17.970059+00:00,164.6,50,bid,FlawlessFlatbreads,EarnestEspressos,9002961
2026-07-06T02:07:19.745361,2026-07-06T02:07:19.753850+00:00,164.8,3,ask,EarnestEspressos,Xuanyu Liu,9002991
2026-07-06T02:07:20.115745,2026-07-06T02:07:20.125485+00:00,164.8,50,ask,EarnestEspressos,FlawlessFlatbreads,9002998
2026-07-06T02:07:20.601120,2026-07-06T02:07:20.609806+00:00,164.8,23,ask,EarnestEspressos,Xuanyu Liu,9003011
2026-07-06T02:07:22.221213,2026-07-06T02:07:22.232995+00:00,164.8,50,ask,EarnestEspressos,FlawlessFlatbreads,9003031
2026-07-06T02:07:22.650390,2026-07-06T02:07:22.661311+00:00,164.5,12,bid,Xuanyu Liu,EarnestEspressos,9003035
2026-07-06T02:07:23.244609,2026-07-06T02:07:23.258541+00:00,164.5,46,bid,CostlyCorianders,EarnestEspressos,9003047
2026-07-06T02:07:23.298959,2026-07-06T02:07:23.310705+00:00,164.2,48,ask,DiligentDonuts,CostlyCorianders,9003048
2026-07-06T02:07:24.278146,2026-07-06T02:07:24.289823+00:00,164.5,50,bid,FlawlessFlatbreads,EarnestEspressos,9003060
2026-07-06T02:07:24.443907,2026-07-06T02:07:24.455603+00:00,164.2,46,ask,DiligentDonuts,CostlyCorianders,9003061
2026-07-06T02:07:25.666866,2026-07-06T02:07:25.673443+00:00,164.5,42,bid,CostlyCorianders,EarnestEspressos,9003076
2026-07-06T02:07:25.764225,2026-07-06T02:07:25.770611+00:00,164.6,100,ask,EarnestEspressos,DiligentDonuts,9003078
2026-07-06T02:07:26.284983,2026-07-06T02:07:26.296635+00:00,164.6,46,ask,EarnestEspressos,CostlyCorianders,9003091
2026-07-06T02:07:26.868628,2026-07-06T02:07:26.880412+00:00,165.1,45,bid,CostlyCorianders,EarnestEspressos,9003097
2026-07-06T02:07:26.924371,2026-07-06T02:07:26.936154+00:00,164.6,4,ask,EarnestEspressos,CostlyCorianders,9003098
2026-07-06T02:07:28.539085,2026-07-06T02:07:28.551036+00:00,163.9,50,ask,DiligentDonuts,FlawlessFlatbreads,9003118
2026-07-06T02:07:28.943492,2026-07-06T02:07:28.951747+00:00,164.5,11,bid,Xuanyu Liu,DiligentDonuts,9003123
2026-07-06T02:07:30.078186,2026-07-06T02:07:30.089676+00:00,164.5,40,bid,CostlyCorianders,DiligentDonuts,9003138
2026-07-06T02:07:30.281034,2026-07-06T02:07:30.289097+00:00,164.5,3,bid,Xuanyu Liu,DiligentDonuts,9003142
2026-07-06T02:07:30.596585,2026-07-06T02:07:30.608372+00:00,164.5,46,bid,FlawlessFlatbreads,DiligentDonuts,9003145
2026-07-06T02:07:30.596585,2026-07-06T02:07:30.608372+00:00,164.7,4,bid,FlawlessFlatbreads,EarnestEspressos,9003146
2026-07-06T02:07:30.765835,2026-07-06T02:07:30.777779+00:00,164.2,43,ask,EarnestEspressos,CostlyCorianders,9003148
2026-07-06T02:07:31.359072,2026-07-06T02:07:31.371238+00:00,164.2,47,ask,EarnestEspressos,CostlyCorianders,9003154
2026-07-06T02:07:31.921895,2026-07-06T02:07:31.930492+00:00,164.7,44,bid,CostlyCorianders,EarnestEspressos,9003166
2026-07-06T02:07:32.756289,2026-07-06T02:07:32.768163+00:00,164.4,50,ask,DiligentDonuts,FlawlessFlatbreads,9003184
2026-07-06T02:07:34.779950,2026-07-06T02:07:34.791490+00:00,164.4,48,ask,DiligentDonuts,CostlyCorianders,9003202
2026-07-06T02:07:34.862138,2026-07-06T02:07:34.873833+00:00,164.4,2,ask,DiligentDonuts,FlawlessFlatbreads,9003204
2026-07-06T02:07:34.862138,2026-07-06T02:07:34.873833+00:00,164.1,48,ask,EarnestEspressos,FlawlessFlatbreads,9003205
2026-07-06T02:07:36.238751,2026-07-06T02:07:36.250639+00:00,164.4,41,bid,CostlyCorianders,EarnestEspressos,9003223
2026-07-06T02:07:36.348180,2026-07-06T02:07:36.357609+00:00,164.4,14,bid,Xuanyu Liu,EarnestEspressos,9003226
2026-07-06T02:07:36.893031,2026-07-06T02:07:36.903018+00:00,164.4,44,bid,CostlyCorianders,EarnestEspressos,9003235
2026-07-06T02:07:37.552434,2026-07-06T02:07:37.559980+00:00,164.4,12,bid,Xuanyu Liu,EarnestEspressos,9003238
2026-07-06T02:07:38.431613,2026-07-06T02:07:38.441430+00:00,164.8,23,ask,EarnestEspressos,Xuanyu Liu,9003251
2026-07-06T02:07:38.501570,2026-07-06T02:07:38.513268+00:00,164.8,46,ask,EarnestEspressos,CostlyCorianders,9003253
2026-07-06T02:07:39.074118,2026-07-06T02:07:39.082256+00:00,164.8,50,ask,EarnestEspressos,FlawlessFlatbreads,9003262
2026-07-06T02:07:39.447987,2026-07-06T02:07:39.457091+00:00,164.8,3,ask,EarnestEspressos,Xuanyu Liu,9003267
2026-07-06T02:07:40.359193,2026-07-06T02:07:40.370515+00:00,164.8,28,ask,EarnestEspressos,CostlyCorianders,9003278
2026-07-06T02:07:40.359193,2026-07-06T02:07:40.370515+00:00,164.6,14,ask,DiligentDonuts,CostlyCorianders,9003279
2026-07-06T02:07:41.147066,2026-07-06T02:07:41.149575+00:00,165.1,50,bid,FlawlessFlatbreads,DiligentDonuts,9003284
2026-07-06T02:07:41.600853,2026-07-06T02:07:41.612543+00:00,164.6,100,ask,DiligentDonuts,EarnestEspressos,9003294
2026-07-06T02:07:42.348132,2026-07-06T02:07:42.358585+00:00,164.6,43,bid,CostlyCorianders,EarnestEspressos,9003300
2026-07-06T02:07:42.393411,2026-07-06T02:07:42.401636+00:00,164.6,3,bid,Xuanyu Liu,EarnestEspressos,9003302
2026-07-06T02:07:43.255972,2026-07-06T02:07:43.267755+00:00,164.6,4,bid,FlawlessFlatbreads,EarnestEspressos,9003318
2026-07-06T02:07:43.255972,2026-07-06T02:07:43.267755+00:00,165.1,46,bid,FlawlessFlatbreads,DiligentDonuts,9003319
2026-07-06T02:07:45.372449,2026-07-06T02:07:45.384076+00:00,165.0,50,bid,FlawlessFlatbreads,DiligentDonuts,9003338
2026-07-06T02:07:46.034868,2026-07-06T02:07:46.046524+00:00,164.8,3,ask,EarnestEspressos,Xuanyu Liu,9003355
2026-07-06T02:07:49.582211,2026-07-06T02:07:49.594396+00:00,164.9,42,ask,EarnestEspressos,CostlyCorianders,9003397
2026-07-06T02:07:49.669577,2026-07-06T02:07:49.681078+00:00,164.9,50,ask,EarnestEspressos,FlawlessFlatbreads,9003401
2026-07-06T02:07:50.648556,2026-07-06T02:07:50.663972+00:00,165.3,40,bid,CostlyCorianders,DiligentDonuts,9003410
2026-07-06T02:07:51.775539,2026-07-06T02:07:51.783202+00:00,165.0,40,ask,DiligentDonuts,CostlyCorianders,9003420
2026-07-06T02:07:51.777986,2026-07-06T02:07:51.788476+00:00,165.0,50,ask,DiligentDonuts,FlawlessFlatbreads,9003421
2026-07-06T02:07:53.846930,2026-07-06T02:07:53.853493+00:00,165.1,50,bid,FlawlessFlatbreads,EarnestEspressos,9003441
2026-07-06T02:07:54.366176,2026-07-06T02:07:54.378102+00:00,165.2,41,bid,CostlyCorianders,DiligentDonuts,9003442
2026-07-06T02:07:55.953874,2026-07-06T02:07:55.965894+00:00,165.2,50,bid,FlawlessFlatbreads,DiligentDonuts,9003457
2026-07-06T02:07:56.662802,2026-07-06T02:07:56.674656+00:00,165.2,9,bid,CostlyCorianders,DiligentDonuts,9003463
2026-07-06T02:07:56.662802,2026-07-06T02:07:56.674656+00:00,165.3,36,bid,CostlyCorianders,EarnestEspressos,9003464
2026-07-06T02:07:58.112326,2026-07-06T02:07:58.124922+00:00,165.0,50,ask,DiligentDonuts,FlawlessFlatbreads,9003486
2026-07-06T02:08:00.218339,2026-07-06T02:08:00.229633+00:00,165.0,50,ask,DiligentDonuts,FlawlessFlatbreads,9003503
2026-07-06T02:08:01.651785,2026-07-06T02:08:01.658588+00:00,164.9,44,bid,CostlyCorianders,DiligentDonuts,9003517
2026-07-06T02:08:01.705354,2026-07-06T02:08:01.713690+00:00,164.7,40,ask,EarnestEspressos,CostlyCorianders,9003519
2026-07-06T02:08:02.242765,2026-07-06T02:08:02.254302+00:00,164.9,40,bid,CostlyCorianders,DiligentDonuts,9003525
2026-07-06T02:08:02.304576,2026-07-06T02:08:02.315667+00:00,164.7,41,ask,EarnestEspressos,CostlyCorianders,9003526
2026-07-06T02:08:02.324172,2026-07-06T02:08:02.335827+00:00,164.7,50,ask,EarnestEspressos,FlawlessFlatbreads,9003527
2026-07-06T02:08:02.873768,2026-07-06T02:08:02.886095+00:00,164.7,19,ask,EarnestEspressos,CostlyCorianders,9003532
2026-07-06T02:08:02.873768,2026-07-06T02:08:02.886095+00:00,164.4,24,ask,DiligentDonuts,CostlyCorianders,9003533
2026-07-06T02:08:03.721749,2026-07-06T02:08:03.732732+00:00,164.8,100,ask,DiligentDonuts,EarnestEspressos,9003546
2026-07-06T02:08:04.430810,2026-07-06T02:08:04.444382+00:00,164.3,50,ask,EarnestEspressos,FlawlessFlatbreads,9003558
2026-07-06T02:08:05.422190,2026-07-06T02:08:05.433941+00:00,164.8,49,bid,CostlyCorianders,EarnestEspressos,9003574
2026-07-06T02:08:06.548955,2026-07-06T02:08:06.558631+00:00,164.3,50,ask,EarnestEspressos,FlawlessFlatbreads,9003582
2026-07-06T02:08:07.009118,2026-07-06T02:08:07.017817+00:00,164.9,3,bid,Xuanyu Liu,EarnestEspressos,9003590
2026-07-06T02:08:08.655192,2026-07-06T02:08:08.662024+00:00,164.5,50,ask,DiligentDonuts,FlawlessFlatbreads,9003610
2026-07-06T02:08:10.761810,2026-07-06T02:08:10.768975+00:00,164.2,50,ask,EarnestEspressos,FlawlessFlatbreads,9003635
2026-07-06T02:08:12.818596,2026-07-06T02:08:12.825300+00:00,164.6,50,bid,FlawlessFlatbreads,DiligentDonuts,9003662
2026-07-06T02:08:14.308829,2026-07-06T02:08:14.320933+00:00,164.2,40,ask,DiligentDonuts,CostlyCorianders,9003674
2026-07-06T02:08:14.925802,2026-07-06T02:08:14.937571+00:00,164.5,50,bid,FlawlessFlatbreads,EarnestEspressos,9003686
2026-07-06T02:08:16.463442,2026-07-06T02:08:16.475401+00:00,164.4,44,bid,CostlyCorianders,DiligentDonuts,9003711
2026-07-06T02:08:17.033880,2026-07-06T02:08:17.045656+00:00,164.4,50,bid,FlawlessFlatbreads,DiligentDonuts,9003723
2026-07-06T02:08:17.963610,2026-07-06T02:08:17.975636+00:00,164.0,49,ask,EarnestEspressos,CostlyCorianders,9003732
2026-07-06T02:08:18.482700,2026-07-06T02:08:18.492133+00:00,164.4,6,bid,CostlyCorianders,DiligentDonuts,9003736
2026-07-06T02:08:18.482700,2026-07-06T02:08:18.492133+00:00,164.5,43,bid,CostlyCorianders,EarnestEspressos,9003737
2026-07-06T02:08:21.299919,2026-07-06T02:08:21.306631+00:00,164.2,50,ask,DiligentDonuts,FlawlessFlatbreads,9003774
2026-07-06T02:08:21.699552,2026-07-06T02:08:21.709632+00:00,164.2,45,ask,DiligentDonuts,CostlyCorianders,9003775
2026-07-06T02:08:23.354886,2026-07-06T02:08:23.366861+00:00,164.5,50,bid,FlawlessFlatbreads,EarnestEspressos,9003800
2026-07-06T02:08:25.512142,2026-07-06T02:08:25.523641+00:00,164.0,50,ask,EarnestEspressos,FlawlessFlatbreads,9003833
2026-07-06T02:08:33.877812,2026-07-06T02:08:33.889399+00:00,164.0,50,bid,FlawlessFlatbreads,EarnestEspressos,9003931
2026-07-06T02:08:35.039467,2026-07-06T02:08:35.051397+00:00,164.0,47,bid,CostlyCorianders,EarnestEspressos,9003946
2026-07-06T02:08:36.036711,2026-07-06T02:08:36.047117+00:00,164.1,50,ask,EarnestEspressos,FlawlessFlatbreads,9003955
2026-07-06T02:08:37.423662,2026-07-06T02:08:37.431760+00:00,164.1,3,ask,EarnestEspressos,Xuanyu Liu,9003979
2026-07-06T02:08:38.031047,2026-07-06T02:08:38.041127+00:00,164.1,42,ask,EarnestEspressos,CostlyCorianders,9003984
2026-07-06T02:08:38.143954,2026-07-06T02:08:38.155402+00:00,164.1,50,ask,EarnestEspressos,FlawlessFlatbreads,9003988
2026-07-06T02:08:38.525157,2026-07-06T02:08:38.532032+00:00,163.9,47,bid,CostlyCorianders,EarnestEspressos,9003992
2026-07-06T02:08:39.158795,2026-07-06T02:08:39.170968+00:00,163.9,43,bid,CostlyCorianders,EarnestEspressos,9003999
2026-07-06T02:08:39.333410,2026-07-06T02:08:39.341851+00:00,163.9,3,bid,Xuanyu Liu,EarnestEspressos,9004007
2026-07-06T02:08:40.249624,2026-07-06T02:08:40.263619+00:00,163.6,50,ask,DiligentDonuts,FlawlessFlatbreads,9004020
2026-07-06T02:08:41.256133,2026-07-06T02:08:41.269056+00:00,163.6,40,ask,DiligentDonuts,CostlyCorianders,9004028
2026-07-06T02:08:41.716584,2026-07-06T02:08:41.728489+00:00,163.8,100,ask,EarnestEspressos,DiligentDonuts,9004031
2026-07-06T02:08:42.357708,2026-07-06T02:08:42.369299+00:00,163.8,50,ask,EarnestEspressos,FlawlessFlatbreads,9004035
2026-07-06T02:08:42.752706,2026-07-06T02:08:42.754602+00:00,163.3,46,ask,DiligentDonuts,CostlyCorianders,9004036
2026-07-06T02:08:44.464548,2026-07-06T02:08:44.476297+00:00,163.3,50,ask,DiligentDonuts,FlawlessFlatbreads,9004055
2026-07-06T02:08:44.860645,2026-07-06T02:08:44.870253+00:00,163.5,23,bid,Xuanyu Liu,EarnestEspressos,9004063
2026-07-06T02:08:46.527139,2026-07-06T02:08:46.535130+00:00,163.5,50,bid,FlawlessFlatbreads,EarnestEspressos,9004084
2026-07-06T02:08:48.066889,2026-07-06T02:08:48.075997+00:00,163.6,42,bid,CostlyCorianders,DiligentDonuts,9004105
2026-07-06T02:08:48.634118,2026-07-06T02:08:48.646058+00:00,163.6,50,bid,FlawlessFlatbreads,DiligentDonuts,9004112
2026-07-06T02:08:48.692676,2026-07-06T02:08:48.704215+00:00,163.2,43,ask,EarnestEspressos,CostlyCorianders,9004115
2026-07-06T02:08:50.741796,2026-07-06T02:08:50.748496+00:00,163.6,8,bid,FlawlessFlatbreads,DiligentDonuts,9004142
2026-07-06T02:08:50.741796,2026-07-06T02:08:50.753510+00:00,163.7,42,bid,FlawlessFlatbreads,EarnestEspressos,9004143
2026-07-06T02:08:51.331974,2026-07-06T02:08:51.340602+00:00,163.8,45,bid,CostlyCorianders,EarnestEspressos,9004155
2026-07-06T02:08:52.848979,2026-07-06T02:08:52.858603+00:00,163.8,50,bid,FlawlessFlatbreads,EarnestEspressos,9004174
2026-07-06T02:08:54.972044,2026-07-06T02:08:54.979306+00:00,163.8,50,bid,FlawlessFlatbreads,DiligentDonuts,9004199
2026-07-06T02:08:57.077151,2026-07-06T02:08:57.088745+00:00,163.8,50,bid,FlawlessFlatbreads,DiligentDonuts,9004224
2026-07-06T02:08:57.505596,2026-07-06T02:08:57.513845+00:00,163.6,12,ask,DiligentDonuts,Xuanyu Liu,9004232
2026-07-06T02:08:58.159531,2026-07-06T02:08:58.167815+00:00,163.6,11,ask,DiligentDonuts,Xuanyu Liu,9004242
2026-07-06T02:08:59.184433,2026-07-06T02:08:59.196319+00:00,164.0,50,bid,FlawlessFlatbreads,EarnestEspressos,9004253
2026-07-06T02:09:01.130593,2026-07-06T02:09:01.142309+00:00,163.8,40,ask,EarnestEspressos,CostlyCorianders,9004276
2026-07-06T02:09:01.291692,2026-07-06T02:09:01.303812+00:00,164.1,50,bid,FlawlessFlatbreads,DiligentDonuts,9004278
2026-07-06T02:09:01.703516,2026-07-06T02:09:01.715123+00:00,163.8,40,ask,EarnestEspressos,CostlyCorianders,9004285
2026-07-06T02:09:02.097829,2026-07-06T02:09:02.107589+00:00,163.8,3,ask,EarnestEspressos,Xuanyu Liu,9004295
2026-07-06T02:09:03.462534,2026-07-06T02:09:03.471391+00:00,163.8,50,ask,EarnestEspressos,FlawlessFlatbreads,9004313
2026-07-06T02:09:03.814250,2026-07-06T02:09:03.821142+00:00,163.6,100,ask,DiligentDonuts,EarnestEspressos,9004317
2026-07-06T02:09:04.717865,2026-07-06T02:09:04.727460+00:00,163.6,3,bid,Xuanyu Liu,EarnestEspressos,9004328
2026-07-06T02:09:05.569785,2026-07-06T02:09:05.581641+00:00,163.1,50,ask,EarnestEspressos,FlawlessFlatbreads,9004346
2026-07-06T02:09:07.680912,2026-07-06T02:09:07.692384+00:00,163.4,50,ask,EarnestEspressos,FlawlessFlatbreads,9004369
2026-07-06T02:09:09.755069,2026-07-06T02:09:09.756429+00:00,163.9,47,bid,CostlyCorianders,EarnestEspressos,9004398
2026-07-06T02:09:09.786623,2026-07-06T02:09:09.797306+00:00,163.4,50,ask,EarnestEspressos,FlawlessFlatbreads,9004400
2026-07-06T02:09:10.923826,2026-07-06T02:09:10.935398+00:00,163.6,43,bid,CostlyCorianders,EarnestEspressos,9004413
2026-07-06T02:09:11.892581,2026-07-06T02:09:11.904107+00:00,163.3,50,ask,DiligentDonuts,FlawlessFlatbreads,9004428
2026-07-06T02:09:13.360745,2026-07-06T02:09:13.372310+00:00,163.4,40,ask,EarnestEspressos,CostlyCorianders,9004443
2026-07-06T02:09:13.882861,2026-07-06T02:09:13.890845+00:00,163.7,23,bid,Xuanyu Liu,DiligentDonuts,9004452
2026-07-06T02:09:13.999204,2026-07-06T02:09:14.011197+00:00,163.4,50,ask,EarnestEspressos,FlawlessFlatbreads,9004454
2026-07-06T02:09:15.317194,2026-07-06T02:09:15.328729+00:00,163.4,42,ask,EarnestEspressos,CostlyCorianders,9004478
2026-07-06T02:09:16.057149,2026-07-06T02:09:16.066394+00:00,163.7,50,bid,FlawlessFlatbreads,DiligentDonuts,9004481
2026-07-06T02:09:16.459092,2026-07-06T02:09:16.469167+00:00,163.5,100,ask,DiligentDonuts,EarnestEspressos,9004485
2026-07-06T02:09:16.803695,2026-07-06T02:09:16.811761+00:00,163.4,23,bid,Xuanyu Liu,EarnestEspressos,9004493
2026-07-06T02:09:18.216369,2026-07-06T02:09:18.227988+00:00,162.9,50,ask,EarnestEspressos,FlawlessFlatbreads,9004514
2026-07-06T02:09:20.271885,2026-07-06T02:09:20.283589+00:00,163.8,50,bid,FlawlessFlatbreads,EarnestEspressos,9004536
2026-07-06T02:09:22.431730,2026-07-06T02:09:22.443457+00:00,163.3,50,ask,EarnestEspressos,FlawlessFlatbreads,9004570
2026-07-06T02:09:23.678631,2026-07-06T02:09:23.690215+00:00,163.7,40,bid,CostlyCorianders,EarnestEspressos,9004586
2026-07-06T02:09:24.829873,2026-07-06T02:09:24.841724+00:00,163.2,42,ask,EarnestEspressos,CostlyCorianders,9004604
2026-07-06T02:09:26.590324,2026-07-06T02:09:26.601982+00:00,163.7,50,bid,FlawlessFlatbreads,DiligentDonuts,9004625
2026-07-06T02:09:28.749964,2026-07-06T02:09:28.756452+00:00,163.3,50,ask,EarnestEspressos,FlawlessFlatbreads,9004649
2026-07-06T02:09:29.786177,2026-07-06T02:09:29.797808+00:00,163.4,48,ask,DiligentDonuts,CostlyCorianders,9004666
2026-07-06T02:09:30.806457,2026-07-06T02:09:30.817903+00:00,163.7,50,bid,FlawlessFlatbreads,EarnestEspressos,9004683
2026-07-06T02:09:30.926417,2026-07-06T02:09:30.934550+00:00,163.4,12,ask,DiligentDonuts,Xuanyu Liu,9004686
2026-07-06T02:09:32.962493,2026-07-06T02:09:32.974271+00:00,163.3,50,ask,EarnestEspressos,FlawlessFlatbreads,9004714
2026-07-06T02:09:35.070021,2026-07-06T02:09:35.081701+00:00,163.3,50,ask,EarnestEspressos,FlawlessFlatbreads,9004747
2026-07-06T02:09:37.125350,2026-07-06T02:09:37.137122+00:00,163.6,50,bid,FlawlessFlatbreads,EarnestEspressos,9004773
2026-07-06T02:09:37.339305,2026-07-06T02:09:37.358736+00:00,163.6,41,bid,CostlyCorianders,EarnestEspressos,9004775
2026-07-06T02:09:38.780190,2026-07-06T02:09:38.789316+00:00,163.3,11,ask,EarnestEspressos,Xuanyu Liu,9004801
2026-07-06T02:09:39.233171,2026-07-06T02:09:39.245113+00:00,163.6,50,bid,FlawlessFlatbreads,DiligentDonuts,9004804
2026-07-06T02:09:41.038720,2026-07-06T02:09:41.049701+00:00,163.3,12,ask,EarnestEspressos,Xuanyu Liu,9004827
2026-07-06T02:09:41.338611,2026-07-06T02:09:41.350138+00:00,163.6,50,bid,FlawlessFlatbreads,DiligentDonuts,9004833
2026-07-06T02:09:43.496344,2026-07-06T02:09:43.508125+00:00,163.1,50,ask,DiligentDonuts,FlawlessFlatbreads,9004869
2026-07-06T02:09:44.553788,2026-07-06T02:09:44.565618+00:00,163.3,43,bid,CostlyCorianders,EarnestEspressos,9004887
2026-07-06T02:09:45.575033,2026-07-06T02:09:45.581774+00:00,163.1,40,bid,CostlyCorianders,DiligentDonuts,9004894
2026-07-06T02:09:45.604452,2026-07-06T02:09:45.616363+00:00,162.7,50,ask,EarnestEspressos,FlawlessFlatbreads,9004895
2026-07-06T02:09:46.638170,2026-07-06T02:09:46.647689+00:00,163.1,12,bid,Xuanyu Liu,DiligentDonuts,9004913
2026-07-06T02:09:47.692061,2026-07-06T02:09:47.703836+00:00,162.7,43,ask,EarnestEspressos,CostlyCorianders,9004925
2026-07-06T02:09:47.711255,2026-07-06T02:09:47.722952+00:00,162.7,50,ask,EarnestEspressos,FlawlessFlatbreads,9004926
2026-07-06T02:09:48.097632,2026-07-06T02:09:48.116987+00:00,163.1,100,ask,DiligentDonuts,EarnestEspressos,9004931
2026-07-06T02:09:48.107669,2026-07-06T02:09:48.116987+00:00,163.0,11,bid,Xuanyu Liu,EarnestEspressos,9004932
2026-07-06T02:09:49.817258,2026-07-06T02:09:49.828950+00:00,162.5,50,ask,EarnestEspressos,FlawlessFlatbreads,9004956
2026-07-06T02:09:51.667188,2026-07-06T02:09:51.678730+00:00,162.9,43,bid,CostlyCorianders,EarnestEspressos,9004976
2026-07-06T02:09:51.923949,2026-07-06T02:09:51.935314+00:00,162.5,50,ask,DiligentDonuts,FlawlessFlatbreads,9004980
2026-07-06T02:09:52.811739,2026-07-06T02:09:52.823840+00:00,162.5,46,ask,DiligentDonuts,CostlyCorianders,9004988
2026-07-06T02:09:53.843010,2026-07-06T02:09:53.854653+00:00,162.5,4,ask,DiligentDonuts,CostlyCorianders,9005000
2026-07-06T02:09:53.843010,2026-07-06T02:09:53.854653+00:00,162.4,43,ask,EarnestEspressos,CostlyCorianders,9005001
2026-07-06T02:09:54.030669,2026-07-06T02:09:54.037881+00:00,162.4,50,ask,EarnestEspressos,FlawlessFlatbreads,9005005
2026-07-06T02:09:54.489116,2026-07-06T02:09:54.497574+00:00,162.7,12,bid,Xuanyu Liu,EarnestEspressos,9005013
2026-07-06T02:09:56.162100,2026-07-06T02:09:56.173764+00:00,162.2,50,ask,EarnestEspressos,FlawlessFlatbreads,9005033
2026-07-06T02:09:57.970771,2026-07-06T02:09:57.980262+00:00,162.4,11,bid,Xuanyu Liu,EarnestEspressos,9005058
2026-07-06T02:09:58.220764,2026-07-06T02:09:58.230008+00:00,162.4,50,bid,FlawlessFlatbreads,EarnestEspressos,9005061
2026-07-06T02:10:00.328184,2026-07-06T02:10:00.340176+00:00,162.4,50,bid,FlawlessFlatbreads,EarnestEspressos,9005094
2026-07-06T02:10:03.764640,2026-07-06T02:10:03.776290+00:00,162.5,46,bid,CostlyCorianders,DiligentDonuts,9005139
2026-07-06T02:10:05.456471,2026-07-06T02:10:05.453979+00:00,162.4,47,ask,EarnestEspressos,CostlyCorianders,9005161
2026-07-06T02:10:08.103415,2026-07-06T02:10:08.112824+00:00,162.6,46,bid,CostlyCorianders,EarnestEspressos,9005183
2026-07-06T02:10:10.939816,2026-07-06T02:10:10.951806+00:00,162.5,50,ask,EarnestEspressos,FlawlessFlatbreads,9005211
2026-07-06T02:10:12.023298,2026-07-06T02:10:12.035229+00:00,162.5,45,ask,EarnestEspressos,CostlyCorianders,9005225
2026-07-06T02:10:12.471350,2026-07-06T02:10:12.481853+00:00,162.5,11,ask,EarnestEspressos,Xuanyu Liu,9005233
2026-07-06T02:10:12.567909,2026-07-06T02:10:12.579798+00:00,162.9,49,bid,CostlyCorianders,DiligentDonuts,9005237
2026-07-06T02:10:13.046680,2026-07-06T02:10:13.053306+00:00,162.5,44,ask,EarnestEspressos,FlawlessFlatbreads,9005244
2026-07-06T02:10:13.046680,2026-07-06T02:10:13.053306+00:00,162.4,6,ask,DiligentDonuts,FlawlessFlatbreads,9005245
2026-07-06T02:10:13.409971,2026-07-06T02:10:13.418720+00:00,162.2,22,bid,Xuanyu Liu,EarnestEspressos,9005248
2026-07-06T02:10:13.420156,2026-07-06T02:10:13.439404+00:00,162.2,100,bid,DiligentDonuts,EarnestEspressos,9005250
2026-07-06T02:10:14.817828,2026-07-06T02:10:14.829791+00:00,162.2,28,bid,CostlyCorianders,EarnestEspressos,9005269
2026-07-06T02:10:14.817828,2026-07-06T02:10:14.829791+00:00,162.8,13,bid,CostlyCorianders,DiligentDonuts,9005270
2026-07-06T02:10:15.155636,2026-07-06T02:10:15.156365+00:00,161.7,50,ask,EarnestEspressos,FlawlessFlatbreads,9005278
2026-07-06T02:10:15.774860,2026-07-06T02:10:15.786380+00:00,161.7,41,ask,EarnestEspressos,CostlyCorianders,9005282
2026-07-06T02:10:18.279176,2026-07-06T02:10:18.290679+00:00,162.3,47,bid,CostlyCorianders,EarnestEspressos,9005310
2026-07-06T02:10:19.260411,2026-07-06T02:10:19.272123+00:00,161.8,42,ask,EarnestEspressos,CostlyCorianders,9005325
2026-07-06T02:10:20.272161,2026-07-06T02:10:20.283812+00:00,162.1,45,bid,CostlyCorianders,EarnestEspressos,9005335
2026-07-06T02:10:25.628724,2026-07-06T02:10:25.640877+00:00,162.2,50,bid,FlawlessFlatbreads,DiligentDonuts,9005394
2026-07-06T02:10:27.736459,2026-07-06T02:10:27.748428+00:00,162.3,50,bid,FlawlessFlatbreads,EarnestEspressos,9005422
2026-07-06T02:10:28.265400,2026-07-06T02:10:28.273949+00:00,161.8,41,ask,EarnestEspressos,CostlyCorianders,9005428
2026-07-06T02:10:29.844122,2026-07-06T02:10:29.855876+00:00,162.3,50,bid,FlawlessFlatbreads,EarnestEspressos,9005450
2026-07-06T02:10:31.884414,2026-07-06T02:10:31.892295+00:00,161.8,47,ask,EarnestEspressos,CostlyCorianders,9005467
2026-07-06T02:10:31.914214,2026-07-06T02:10:31.922862+00:00,161.8,11,ask,EarnestEspressos,Xuanyu Liu,9005470
2026-07-06T02:10:31.951686,2026-07-06T02:10:31.963588+00:00,162.3,50,bid,FlawlessFlatbreads,EarnestEspressos,9005473
2026-07-06T02:10:34.062173,2026-07-06T02:10:34.073746+00:00,162.0,50,bid,FlawlessFlatbreads,DiligentDonuts,9005496
2026-07-06T02:10:35.049026,2026-07-06T02:10:35.061101+00:00,162.0,49,bid,CostlyCorianders,DiligentDonuts,9005508
2026-07-06T02:10:35.578610,2026-07-06T02:10:35.587273+00:00,162.0,11,ask,DiligentDonuts,Xuanyu Liu,9005514
2026-07-06T02:10:36.168569,2026-07-06T02:10:36.180244+00:00,162.4,50,bid,FlawlessFlatbreads,EarnestEspressos,9005519
2026-07-06T02:10:36.213527,2026-07-06T02:10:36.223915+00:00,162.0,40,ask,DiligentDonuts,CostlyCorianders,9005520
2026-07-06T02:10:36.522341,2026-07-06T02:10:36.531560+00:00,162.0,12,ask,DiligentDonuts,Xuanyu Liu,9005526
2026-07-06T02:10:36.864211,2026-07-06T02:10:36.876093+00:00,162.0,37,ask,DiligentDonuts,CostlyCorianders,9005534
2026-07-06T02:10:36.864211,2026-07-06T02:10:36.876093+00:00,161.9,8,ask,EarnestEspressos,CostlyCorianders,9005535
2026-07-06T02:10:38.273592,2026-07-06T02:10:38.281089+00:00,162.4,50,bid,FlawlessFlatbreads,EarnestEspressos,9005547
2026-07-06T02:10:38.673930,2026-07-06T02:10:38.682901+00:00,162.1,11,ask,EarnestEspressos,Xuanyu Liu,9005551
2026-07-06T02:10:38.780584,2026-07-06T02:10:38.792081+00:00,162.1,100,ask,EarnestEspressos,DiligentDonuts,9005553
2026-07-06T02:10:39.394523,2026-07-06T02:10:39.402208+00:00,162.6,43,bid,CostlyCorianders,EarnestEspressos,9005562
2026-07-06T02:10:40.385688,2026-07-06T02:10:40.395549+00:00,162.6,50,bid,FlawlessFlatbreads,EarnestEspressos,9005581
2026-07-06T02:10:42.508315,2026-07-06T02:10:42.519108+00:00,162.8,50,bid,FlawlessFlatbreads,DiligentDonuts,9005602
2026-07-06T02:10:44.615622,2026-07-06T02:10:44.627214+00:00,162.8,50,bid,FlawlessFlatbreads,DiligentDonuts,9005621
2026-07-06T02:10:44.734142,2026-07-06T02:10:44.743301+00:00,162.5,46,ask,EarnestEspressos,CostlyCorianders,9005625
2026-07-06T02:10:45.772178,2026-07-06T02:10:45.782533+00:00,162.9,46,bid,CostlyCorianders,EarnestEspressos,9005637
2026-07-06T02:10:46.366906,2026-07-06T02:10:46.374320+00:00,162.7,45,ask,DiligentDonuts,CostlyCorianders,9005641
2026-07-06T02:10:46.782320,2026-07-06T02:10:46.794235+00:00,162.7,50,ask,DiligentDonuts,FlawlessFlatbreads,9005650
2026-07-06T02:10:47.885094,2026-07-06T02:10:47.897256+00:00,162.9,47,bid,CostlyCorianders,EarnestEspressos,9005663
2026-07-06T02:10:48.159714,2026-07-06T02:10:48.169057+00:00,162.8,12,ask,EarnestEspressos,Xuanyu Liu,9005667
2026-07-06T02:10:48.840108,2026-07-06T02:10:48.851399+00:00,163.0,50,bid,FlawlessFlatbreads,DiligentDonuts,9005673
2026-07-06T02:10:50.252591,2026-07-06T02:10:50.264622+00:00,163.0,40,bid,CostlyCorianders,DiligentDonuts,9005690
2026-07-06T02:10:50.950192,2026-07-06T02:10:50.958595+00:00,163.0,10,bid,FlawlessFlatbreads,DiligentDonuts,9005697
2026-07-06T02:10:51.342550,2026-07-06T02:10:51.354107+00:00,163.0,42,ask,EarnestEspressos,CostlyCorianders,9005704
2026-07-06T02:10:51.372835,2026-07-06T02:10:51.381527+00:00,163.0,11,ask,EarnestEspressos,Xuanyu Liu,9005705
2026-07-06T02:10:51.870904,2026-07-06T02:10:51.882687+00:00,163.0,45,ask,EarnestEspressos,CostlyCorianders,9005720
2026-07-06T02:10:53.057052,2026-07-06T02:10:53.058580+00:00,163.4,50,bid,FlawlessFlatbreads,DiligentDonuts,9005735
2026-07-06T02:10:53.347358,2026-07-06T02:10:53.359068+00:00,163.4,49,bid,CostlyCorianders,DiligentDonuts,9005737
2026-07-06T02:10:53.579496,2026-07-06T02:10:53.586883+00:00,163.0,3,ask,EarnestEspressos,Xuanyu Liu,9005741
2026-07-06T02:10:54.538056,2026-07-06T02:10:54.549748+00:00,162.8,100,bid,DiligentDonuts,EarnestEspressos,9005762
2026-07-06T02:10:54.911838,2026-07-06T02:10:54.920792+00:00,162.8,3,bid,Xuanyu Liu,EarnestEspressos,9005771
2026-07-06T02:10:55.163064,2026-07-06T02:10:55.174949+00:00,162.8,47,bid,FlawlessFlatbreads,EarnestEspressos,9005776
2026-07-06T02:10:55.163064,2026-07-06T02:10:55.174949+00:00,163.5,3,bid,FlawlessFlatbreads,DiligentDonuts,9005777
2026-07-06T02:10:57.271499,2026-07-06T02:10:57.279348+00:00,163.5,50,bid,FlawlessFlatbreads,DiligentDonuts,9005801
2026-07-06T02:10:57.642611,2026-07-06T02:10:57.651791+00:00,163.0,3,ask,EarnestEspressos,Xuanyu Liu,9005805
2026-07-06T02:10:59.444267,2026-07-06T02:10:59.463835+00:00,163.0,50,ask,EarnestEspressos,FlawlessFlatbreads,9005829
2026-07-06T02:11:01.510787,2026-07-06T02:11:01.520605+00:00,163.3,50,bid,FlawlessFlatbreads,EarnestEspressos,9005852
2026-07-06T02:11:02.041703,2026-07-06T02:11:02.053522+00:00,163.0,40,ask,DiligentDonuts,CostlyCorianders,9005859
2026-07-06T02:11:02.665007,2026-07-06T02:11:02.676247+00:00,163.3,49,bid,CostlyCorianders,EarnestEspressos,9005870
2026-07-06T02:11:03.151274,2026-07-06T02:11:03.158639+00:00,163.0,42,ask,DiligentDonuts,CostlyCorianders,9005875
2026-07-06T02:11:03.667647,2026-07-06T02:11:03.679140+00:00,163.0,18,ask,DiligentDonuts,FlawlessFlatbreads,9005882
2026-07-06T02:11:04.183685,2026-07-06T02:11:04.195366+00:00,163.5,47,bid,CostlyCorianders,DiligentDonuts,9005890
2026-07-06T02:11:04.822901,2026-07-06T02:11:04.836824+00:00,163.5,40,bid,CostlyCorianders,DiligentDonuts,9005900
2026-07-06T02:11:05.773992,2026-07-06T02:11:05.780733+00:00,163.4,50,ask,EarnestEspressos,FlawlessFlatbreads,9005917
2026-07-06T02:11:07.255251,2026-07-06T02:11:07.266855+00:00,163.5,47,ask,EarnestEspressos,CostlyCorianders,9005935
2026-07-06T02:11:07.879619,2026-07-06T02:11:07.891618+00:00,163.5,50,ask,EarnestEspressos,FlawlessFlatbreads,9005947
2026-07-06T02:11:08.229083,2026-07-06T02:11:08.237174+00:00,163.9,48,bid,CostlyCorianders,DiligentDonuts,9005953
2026-07-06T02:11:09.867985,2026-07-06T02:11:09.879506+00:00,163.5,44,ask,EarnestEspressos,CostlyCorianders,9005965
2026-07-06T02:11:09.988662,2026-07-06T02:11:10.000001+00:00,163.5,9,ask,EarnestEspressos,FlawlessFlatbreads,9005967
2026-07-06T02:11:09.988662,2026-07-06T02:11:10.000001+00:00,163.4,41,ask,DiligentDonuts,FlawlessFlatbreads,9005968
2026-07-06T02:11:10.353082,2026-07-06T02:11:10.360281+00:00,163.8,100,ask,DiligentDonuts,EarnestEspressos,9005974
2026-07-06T02:11:10.623088,2026-07-06T02:11:10.632834+00:00,163.7,3,bid,Xuanyu Liu,EarnestEspressos,9005983
2026-07-06T02:11:12.096233,2026-07-06T02:11:12.108456+00:00,163.2,50,ask,EarnestEspressos,FlawlessFlatbreads,9006004
2026-07-06T02:11:12.384503,2026-07-06T02:11:12.396196+00:00,163.7,47,bid,CostlyCorianders,EarnestEspressos,9006009
2026-07-06T02:11:14.224194,2026-07-06T02:11:14.235248+00:00,163.6,50,ask,EarnestEspressos,FlawlessFlatbreads,9006033
2026-07-06T02:11:16.278443,2026-07-06T02:11:16.290261+00:00,164.0,50,bid,FlawlessFlatbreads,DiligentDonuts,9006078
2026-07-06T02:11:18.386342,2026-07-06T02:11:18.397117+00:00,164.1,50,bid,FlawlessFlatbreads,EarnestEspressos,9006106
2026-07-06T02:11:18.797557,2026-07-06T02:11:18.809472+00:00,163.8,40,ask,DiligentDonuts,CostlyCorianders,9006109
2026-07-06T02:11:19.354083,2026-07-06T02:11:19.365953+00:00,163.8,41,ask,DiligentDonuts,CostlyCorianders,9006116
2026-07-06T02:11:20.492314,2026-07-06T02:11:20.503984+00:00,164.1,50,bid,FlawlessFlatbreads,DiligentDonuts,9006126
2026-07-06T02:11:20.918274,2026-07-06T02:11:20.929968+00:00,164.1,48,bid,CostlyCorianders,DiligentDonuts,9006131
2026-07-06T02:11:21.392914,2026-07-06T02:11:21.404699+00:00,164.1,2,bid,CostlyCorianders,DiligentDonuts,9006137
2026-07-06T02:11:22.599566,2026-07-06T02:11:22.611421+00:00,164.3,50,bid,FlawlessFlatbreads,EarnestEspressos,9006154
2026-07-06T02:11:23.737841,2026-07-06T02:11:23.746196+00:00,164.2,3,ask,EarnestEspressos,Xuanyu Liu,9006162
2026-07-06T02:11:24.761513,2026-07-06T02:11:24.773188+00:00,164.2,50,ask,EarnestEspressos,FlawlessFlatbreads,9006186
2026-07-06T02:11:25.402790,2026-07-06T02:11:25.414294+00:00,164.2,46,ask,EarnestEspressos,CostlyCorianders,9006189
2026-07-06T02:11:25.862089,2026-07-06T02:11:25.873881+00:00,164.2,44,ask,EarnestEspressos,CostlyCorianders,9006198
2026-07-06T02:11:26.869637,2026-07-06T02:11:26.880979+00:00,163.8,50,ask,DiligentDonuts,FlawlessFlatbreads,9006211
2026-07-06T02:11:27.336312,2026-07-06T02:11:27.345478+00:00,163.9,42,bid,CostlyCorianders,EarnestEspressos,9006217
2026-07-06T02:11:27.868701,2026-07-06T02:11:27.877275+00:00,163.8,46,ask,DiligentDonuts,CostlyCorianders,9006223
2026-07-06T02:11:31.109204,2026-07-06T02:11:31.120817+00:00,163.5,50,ask,EarnestEspressos,FlawlessFlatbreads,9006256
2026-07-06T02:11:33.216618,2026-07-06T02:11:33.225069+00:00,163.5,50,ask,DiligentDonuts,FlawlessFlatbreads,9006288
2026-07-06T02:11:33.659662,2026-07-06T02:11:33.667805+00:00,163.8,14,bid,Xuanyu Liu,EarnestEspressos,9006298
2026-07-06T02:11:35.322263,2026-07-06T02:11:35.334079+00:00,163.5,50,ask,DiligentDonuts,FlawlessFlatbreads,9006315
2026-07-06T02:11:35.561868,2026-07-06T02:11:35.571200+00:00,163.8,23,bid,Xuanyu Liu,EarnestEspressos,9006319
2026-07-06T02:11:36.287908,2026-07-06T02:11:36.299638+00:00,164.1,45,bid,CostlyCorianders,DiligentDonuts,9006334
2026-07-06T02:11:37.429276,2026-07-06T02:11:37.441026+00:00,163.8,50,ask,EarnestEspressos,FlawlessFlatbreads,9006344
2026-07-06T02:11:39.544814,2026-07-06T02:11:39.563691+00:00,163.6,50,ask,EarnestEspressos,FlawlessFlatbreads,9006362
2026-07-06T02:11:40.500525,2026-07-06T02:11:40.512392+00:00,164.1,40,bid,CostlyCorianders,EarnestEspressos,9006374
2026-07-06T02:11:40.961649,2026-07-06T02:11:40.973639+00:00,163.6,42,ask,EarnestEspressos,CostlyCorianders,9006384
2026-07-06T02:11:41.651168,2026-07-06T02:11:41.658534+00:00,163.6,50,ask,EarnestEspressos,FlawlessFlatbreads,9006401
2026-07-06T02:11:42.070448,2026-07-06T02:11:42.077854+00:00,163.5,23,bid,Xuanyu Liu,EarnestEspressos,9006405
2026-07-06T02:11:43.071575,2026-07-06T02:11:43.081193+00:00,163.5,49,bid,CostlyCorianders,EarnestEspressos,9006424
2026-07-06T02:11:43.756968,2026-07-06T02:11:43.768635+00:00,163.4,50,ask,DiligentDonuts,FlawlessFlatbreads,9006431
2026-07-06T02:11:44.094048,2026-07-06T02:11:44.105841+00:00,163.5,40,bid,CostlyCorianders,EarnestEspressos,9006432
2026-07-06T02:11:45.866284,2026-07-06T02:11:45.876840+00:00,163.4,50,ask,EarnestEspressos,FlawlessFlatbreads,9006457
2026-07-06T02:11:46.167181,2026-07-06T02:11:46.179001+00:00,163.4,45,ask,EarnestEspressos,CostlyCorianders,9006460
2026-07-06T02:11:47.279101,2026-07-06T02:11:47.286127+00:00,163.4,43,ask,EarnestEspressos,CostlyCorianders,9006470
2026-07-06T02:11:47.972767,2026-07-06T02:11:47.982227+00:00,163.4,12,ask,EarnestEspressos,FlawlessFlatbreads,9006487
2026-07-06T02:11:47.972767,2026-07-06T02:11:47.982227+00:00,163.3,38,ask,DiligentDonuts,FlawlessFlatbreads,9006488
2026-07-06T02:11:48.770630,2026-07-06T02:11:48.782241+00:00,163.3,48,bid,CostlyCorianders,EarnestEspressos,9006500
2026-07-06T02:11:50.081330,2026-07-06T02:11:50.093045+00:00,163.2,50,ask,DiligentDonuts,FlawlessFlatbreads,9006522
2026-07-06T02:11:50.865199,2026-07-06T02:11:50.875949+00:00,163.2,41,ask,DiligentDonuts,CostlyCorianders,9006537
2026-07-06T02:11:52.186592,2026-07-06T02:11:52.196017+00:00,162.9,50,ask,EarnestEspressos,FlawlessFlatbreads,9006549
2026-07-06T02:11:54.242058,2026-07-06T02:11:54.253886+00:00,163.3,50,bid,FlawlessFlatbreads,DiligentDonuts,9006571
2026-07-06T02:11:55.303694,2026-07-06T02:11:55.315623+00:00,163.2,44,bid,CostlyCorianders,EarnestEspressos,9006581
2026-07-06T02:11:56.349621,2026-07-06T02:11:56.358605+00:00,163.2,50,bid,FlawlessFlatbreads,EarnestEspressos,9006596
2026-07-06T02:11:56.559565,2026-07-06T02:11:56.597381+00:00,163.2,23,bid,Xuanyu Liu,EarnestEspressos,9006598
2026-07-06T02:11:57.701001,2026-07-06T02:11:57.712588+00:00,163.2,33,bid,CostlyCorianders,EarnestEspressos,9006618
2026-07-06T02:11:57.701001,2026-07-06T02:11:57.712588+00:00,163.4,14,bid,CostlyCorianders,DiligentDonuts,9006619
2026-07-06T02:11:57.875869,2026-07-06T02:11:57.885491+00:00,163.5,23,ask,EarnestEspressos,Xuanyu Liu,9006623
2026-07-06T02:11:58.510917,2026-07-06T02:11:58.520427+00:00,163.5,50,ask,EarnestEspressos,FlawlessFlatbreads,9006633
2026-07-06T02:12:00.617229,2026-07-06T02:12:00.629068+00:00,163.5,50,ask,EarnestEspressos,FlawlessFlatbreads,9006652
2026-07-06T02:12:02.724372,2026-07-06T02:12:02.731608+00:00,163.1,50,ask,DiligentDonuts,FlawlessFlatbreads,9006681
2026-07-06T02:12:03.750703,2026-07-06T02:12:03.763655+00:00,163.1,41,ask,DiligentDonuts,CostlyCorianders,9006689
2026-07-06T02:12:04.832299,2026-07-06T02:12:04.839456+00:00,163.1,50,ask,EarnestEspressos,FlawlessFlatbreads,9006699
2026-07-06T02:12:05.738109,2026-07-06T02:12:05.767353+00:00,163.5,11,bid,Xuanyu Liu,DiligentDonuts,9006715
2026-07-06T02:12:06.901436,2026-07-06T02:12:06.908006+00:00,163.5,44,bid,CostlyCorianders,DiligentDonuts,9006732
2026-07-06T02:12:08.517063,2026-07-06T02:12:08.524947+00:00,163.1,48,bid,CostlyCorianders,EarnestEspressos,9006760
2026-07-06T02:12:08.764891,2026-07-06T02:12:08.773582+00:00,163.1,12,bid,Xuanyu Liu,EarnestEspressos,9006764
2026-07-06T02:12:10.991882,2026-07-06T02:12:10.999613+00:00,163.3,50,bid,FlawlessFlatbreads,EarnestEspressos,9006786
2026-07-06T02:12:13.056242,2026-07-06T02:12:13.065005+00:00,162.8,47,ask,EarnestEspressos,CostlyCorianders,9006807
2026-07-06T02:12:13.098045,2026-07-06T02:12:13.109473+00:00,163.3,50,bid,FlawlessFlatbreads,EarnestEspressos,9006811
2026-07-06T02:12:15.110742,2026-07-06T02:12:15.122369+00:00,163.1,49,ask,EarnestEspressos,CostlyCorianders,9006837
2026-07-06T02:12:17.307199,2026-07-06T02:12:17.318766+00:00,163.4,50,bid,FlawlessFlatbreads,EarnestEspressos,9006870
2026-07-06T02:12:21.569067,2026-07-06T02:12:21.578982+00:00,162.9,50,ask,EarnestEspressos,FlawlessFlatbreads,9006923
2026-07-06T02:12:23.625274,2026-07-06T02:12:23.636899+00:00,163.2,50,bid,FlawlessFlatbreads,EarnestEspressos,9006947
2026-07-06T02:12:25.084749,2026-07-06T02:12:25.095329+00:00,163.2,43,bid,CostlyCorianders,EarnestEspressos,9006972
2026-07-06T02:12:27.834076,2026-07-06T02:12:27.845720+00:00,163.2,50,bid,FlawlessFlatbreads,DiligentDonuts,9007004
2026-07-06T02:12:28.231105,2026-07-06T02:12:28.242858+00:00,163.0,43,ask,EarnestEspressos,CostlyCorianders,9007011
2026-07-06T02:12:32.047781,2026-07-06T02:12:32.054282+00:00,163.5,50,bid,FlawlessFlatbreads,DiligentDonuts,9007064
2026-07-06T02:12:32.337729,2026-07-06T02:12:32.348320+00:00,163.1,40,ask,EarnestEspressos,CostlyCorianders,9007065
2026-07-06T02:12:33.271113,2026-07-06T02:12:33.280193+00:00,163.1,12,ask,DiligentDonuts,Xuanyu Liu,9007074
2026-07-06T02:12:34.156985,2026-07-06T02:12:34.165977+00:00,163.3,50,bid,FlawlessFlatbreads,EarnestEspressos,9007083
2026-07-06T02:12:36.314183,2026-07-06T02:12:36.325815+00:00,163.1,50,ask,DiligentDonuts,FlawlessFlatbreads,9007107
2026-07-06T02:12:38.384164,2026-07-06T02:12:38.395491+00:00,163.5,50,bid,FlawlessFlatbreads,EarnestEspressos,9007140
2026-07-06T02:12:38.515869,2026-07-06T02:12:38.524121+00:00,163.1,11,ask,DiligentDonuts,Xuanyu Liu,9007142
2026-07-06T02:12:42.419507,2026-07-06T02:12:42.431330+00:00,163.2,40,bid,CostlyCorianders,DiligentDonuts,9007187
2026-07-06T02:12:42.595838,2026-07-06T02:12:42.607573+00:00,163.2,50,bid,FlawlessFlatbreads,DiligentDonuts,9007190
2026-07-06T02:12:44.703967,2026-07-06T02:12:44.715872+00:00,163.2,10,bid,FlawlessFlatbreads,DiligentDonuts,9007217
2026-07-06T02:12:44.703967,2026-07-06T02:12:44.715872+00:00,163.5,40,bid,FlawlessFlatbreads,EarnestEspressos,9007218
2026-07-06T02:12:45.320095,2026-07-06T02:12:45.328968+00:00,163.2,11,ask,EarnestEspressos,Xuanyu Liu,9007224
2026-07-06T02:12:46.813435,2026-07-06T02:12:46.825068+00:00,163.5,50,bid,FlawlessFlatbreads,DiligentDonuts,9007237
2026-07-06T02:12:47.537645,2026-07-06T02:12:47.546587+00:00,163.2,12,ask,EarnestEspressos,Xuanyu Liu,9007247
2026-07-06T02:12:48.972441,2026-07-06T02:12:48.984129+00:00,163.0,50,ask,EarnestEspressos,FlawlessFlatbreads,9007266
2026-07-06T02:12:50.134310,2026-07-06T02:12:50.146323+00:00,163.5,46,bid,CostlyCorianders,EarnestEspressos,9007289
2026-07-06T02:12:50.746324,2026-07-06T02:12:50.757270+00:00,163.0,42,ask,EarnestEspressos,CostlyCorianders,9007297
2026-07-06T02:12:51.943102,2026-07-06T02:12:51.954834+00:00,163.5,42,ask,DiligentDonuts,CostlyCorianders,9007310
2026-07-06T02:12:53.141348,2026-07-06T02:12:53.158547+00:00,163.8,50,bid,FlawlessFlatbreads,EarnestEspressos,9007324
2026-07-06T02:12:54.464403,2026-07-06T02:12:54.473478+00:00,163.8,49,bid,CostlyCorianders,EarnestEspressos,9007339
2026-07-06T02:12:54.518531,2026-07-06T02:12:54.526654+00:00,163.5,42,ask,DiligentDonuts,CostlyCorianders,9007340
2026-07-06T02:12:55.047214,2026-07-06T02:12:55.055287+00:00,163.6,41,ask,EarnestEspressos,CostlyCorianders,9007351
2026-07-06T02:12:55.248194,2026-07-06T02:12:55.254613+00:00,163.7,50,bid,FlawlessFlatbreads,DiligentDonuts,9007357
2026-07-06T02:12:56.731329,2026-07-06T02:12:56.743228+00:00,163.7,45,bid,CostlyCorianders,DiligentDonuts,9007371
2026-07-06T02:12:57.356637,2026-07-06T02:12:57.364131+00:00,163.7,5,bid,FlawlessFlatbreads,DiligentDonuts,9007378
2026-07-06T02:12:57.356637,2026-07-06T02:12:57.369376+00:00,164.1,45,bid,FlawlessFlatbreads,EarnestEspressos,9007379
2026-07-06T02:12:58.729599,2026-07-06T02:12:58.737125+00:00,164.2,48,bid,CostlyCorianders,DiligentDonuts,9007399
2026-07-06T02:12:59.465193,2026-07-06T02:12:59.476894+00:00,164.2,50,bid,FlawlessFlatbreads,DiligentDonuts,9007412
2026-07-06T02:12:59.960842,2026-07-06T02:12:59.972618+00:00,163.8,45,ask,EarnestEspressos,CostlyCorianders,9007423
2026-07-06T02:13:01.134955,2026-07-06T02:13:01.143575+00:00,164.0,23,ask,DiligentDonuts,Xuanyu Liu,9007439
2026-07-06T02:13:01.663854,2026-07-06T02:13:01.675445+00:00,164.1,40,bid,CostlyCorianders,EarnestEspressos,9007446
2026-07-06T02:13:02.071598,2026-07-06T02:13:02.079975+00:00,164.0,11,ask,DiligentDonuts,Xuanyu Liu,9007456
2026-07-06T02:13:03.335666,2026-07-06T02:13:03.345900+00:00,164.0,46,ask,DiligentDonuts,CostlyCorianders,9007471
2026-07-06T02:13:03.676284,2026-07-06T02:13:03.687715+00:00,164.1,50,bid,FlawlessFlatbreads,EarnestEspressos,9007476
2026-07-06T02:13:04.417393,2026-07-06T02:13:04.428712+00:00,164.2,48,bid,CostlyCorianders,DiligentDonuts,9007489
2026-07-06T02:13:05.626095,2026-07-06T02:13:05.633121+00:00,164.0,41,ask,EarnestEspressos,CostlyCorianders,9007507
2026-07-06T02:13:05.834445,2026-07-06T02:13:05.846078+00:00,164.0,50,ask,EarnestEspressos,FlawlessFlatbreads,9007515
2026-07-06T02:13:06.847030,2026-07-06T02:13:06.858577+00:00,164.0,48,ask,EarnestEspressos,CostlyCorianders,9007526
2026-07-06T02:13:07.940814,2026-07-06T02:13:07.958575+00:00,163.7,50,ask,DiligentDonuts,FlawlessFlatbreads,9007544
2026-07-06T02:13:08.910654,2026-07-06T02:13:08.922279+00:00,163.9,42,bid,CostlyCorianders,EarnestEspressos,9007553
2026-07-06T02:13:09.502868,2026-07-06T02:13:09.514133+00:00,163.9,40,bid,CostlyCorianders,EarnestEspressos,9007565
2026-07-06T02:13:10.048596,2026-07-06T02:13:10.053429+00:00,163.7,50,ask,DiligentDonuts,FlawlessFlatbreads,9007573
2026-07-06T02:13:12.154539,2026-07-06T02:13:12.166597+00:00,163.7,50,ask,EarnestEspressos,FlawlessFlatbreads,9007600
2026-07-06T02:13:14.263920,2026-07-06T02:13:14.275975+00:00,163.4,50,ask,EarnestEspressos,FlawlessFlatbreads,9007630
2026-07-06T02:13:16.371796,2026-07-06T02:13:16.383559+00:00,163.4,50,ask,EarnestEspressos,FlawlessFlatbreads,9007651
2026-07-06T02:13:16.965765,2026-07-06T02:13:16.973742+00:00,163.3,23,bid,Xuanyu Liu,EarnestEspressos,9007660
2026-07-06T02:13:17.127507,2026-07-06T02:13:17.138859+00:00,163.3,40,bid,CostlyCorianders,EarnestEspressos,9007663
2026-07-06T02:13:18.479079,2026-07-06T02:13:18.490739+00:00,163.2,50,ask,DiligentDonuts,FlawlessFlatbreads,9007686
2026-07-06T02:13:20.585995,2026-07-06T02:13:20.597584+00:00,162.9,50,ask,EarnestEspressos,FlawlessFlatbreads,9007707
2026-07-06T02:13:22.692908,2026-07-06T02:13:22.704603+00:00,162.9,50,ask,EarnestEspressos,FlawlessFlatbreads,9007735
2026-07-06T02:13:23.300113,2026-07-06T02:13:23.308325+00:00,163.1,11,bid,Xuanyu Liu,EarnestEspressos,9007750
2026-07-06T02:13:24.242243,2026-07-06T02:13:24.253923+00:00,163.0,42,ask,DiligentDonuts,CostlyCorianders,9007763
2026-07-06T02:13:24.856391,2026-07-06T02:13:24.868203+00:00,163.1,49,bid,CostlyCorianders,EarnestEspressos,9007776
2026-07-06T02:13:26.463069,2026-07-06T02:13:26.473893+00:00,162.6,40,ask,DiligentDonuts,CostlyCorianders,9007792
2026-07-06T02:13:26.851039,2026-07-06T02:13:26.857452+00:00,163.0,50,bid,FlawlessFlatbreads,EarnestEspressos,9007803
2026-07-06T02:13:27.580327,2026-07-06T02:13:27.586914+00:00,163.0,41,bid,CostlyCorianders,EarnestEspressos,9007813
2026-07-06T02:13:29.230617,2026-07-06T02:13:29.242938+00:00,162.6,44,ask,DiligentDonuts,CostlyCorianders,9007835
2026-07-06T02:13:29.650664,2026-07-06T02:13:29.662463+00:00,162.8,100,ask,EarnestEspressos,DiligentDonuts,9007839
2026-07-06T02:13:31.122395,2026-07-06T02:13:31.134207+00:00,162.8,50,ask,EarnestEspressos,FlawlessFlatbreads,9007851
2026-07-06T02:13:32.779159,2026-07-06T02:13:32.789961+00:00,162.6,12,bid,Xuanyu Liu,EarnestEspressos,9007865
2026-07-06T02:13:32.788942,2026-07-06T02:13:32.805501+00:00,162.4,48,ask,DiligentDonuts,CostlyCorianders,9007867
2026-07-06T02:13:33.229575,2026-07-06T02:13:33.241391+00:00,162.4,50,ask,DiligentDonuts,FlawlessFlatbreads,9007871
2026-07-06T02:13:35.346736,2026-07-06T02:13:35.358564+00:00,162.4,2,ask,DiligentDonuts,FlawlessFlatbreads,9007899
2026-07-06T02:13:35.346736,2026-07-06T02:13:35.358564+00:00,162.1,48,ask,EarnestEspressos,FlawlessFlatbreads,9007900
2026-07-06T02:13:35.980222,2026-07-06T02:13:35.989039+00:00,162.5,11,bid,Xuanyu Liu,EarnestEspressos,9007911
2026-07-06T02:13:36.005691,2026-07-06T02:13:36.014353+00:00,162.5,11,bid,Xuanyu Liu,EarnestEspressos,9007914
2026-07-06T02:13:38.859666,2026-07-06T02:13:38.867987+00:00,162.5,12,bid,Xuanyu Liu,EarnestEspressos,9007942
2026-07-06T02:13:39.532043,2026-07-06T02:13:39.540031+00:00,162.8,50,bid,FlawlessFlatbreads,EarnestEspressos,9007952
2026-07-06T02:13:41.649125,2026-07-06T02:13:41.655755+00:00,162.8,50,bid,FlawlessFlatbreads,EarnestEspressos,9007981
2026-07-06T02:13:42.038101,2026-07-06T02:13:42.049902+00:00,162.8,44,bid,CostlyCorianders,EarnestEspressos,9007983
2026-07-06T02:13:42.313119,2026-07-06T02:13:42.321712+00:00,162.9,23,ask,EarnestEspressos,Xuanyu Liu,9007988
2026-07-06T02:13:42.344424,2026-07-06T02:13:42.356364+00:00,162.9,100,ask,EarnestEspressos,DiligentDonuts,9007992
2026-07-06T02:13:43.777847,2026-07-06T02:13:43.785048+00:00,163.4,50,bid,FlawlessFlatbreads,EarnestEspressos,9008013
2026-07-06T02:13:45.594448,2026-07-06T02:13:45.605756+00:00,163.2,47,bid,CostlyCorianders,EarnestEspressos,9008041
2026-07-06T02:13:45.883732,2026-07-06T02:13:45.893958+00:00,163.2,50,bid,FlawlessFlatbreads,EarnestEspressos,9008046
2026-07-06T02:13:48.047063,2026-07-06T02:13:48.057040+00:00,162.7,11,ask,EarnestEspressos,Xuanyu Liu,9008070
2026-07-06T02:13:49.410635,2026-07-06T02:13:49.422622+00:00,162.7,42,ask,EarnestEspressos,CostlyCorianders,9008083
2026-07-06T02:13:50.103483,2026-07-06T02:13:50.115379+00:00,162.9,50,bid,FlawlessFlatbreads,DiligentDonuts,9008085
2026-07-06T02:13:52.210069,2026-07-06T02:13:52.222489+00:00,163.1,50,bid,FlawlessFlatbreads,EarnestEspressos,9008108
2026-07-06T02:13:54.317545,2026-07-06T02:13:54.329221+00:00,163.1,50,bid,FlawlessFlatbreads,EarnestEspressos,9008132
2026-07-06T02:13:54.469990,2026-07-06T02:13:54.481740+00:00,162.6,45,ask,EarnestEspressos,CostlyCorianders,9008136
2026-07-06T02:13:58.606368,2026-07-06T02:13:58.617902+00:00,162.8,50,ask,EarnestEspressos,FlawlessFlatbreads,9008193
2026-07-06T02:13:58.814755,2026-07-06T02:13:58.826592+00:00,162.8,48,ask,EarnestEspressos,CostlyCorianders,9008194
2026-07-06T02:13:59.009000,2026-07-06T02:13:59.018196+00:00,162.8,12,ask,EarnestEspressos,Xuanyu Liu,9008199
2026-07-06T02:14:00.754653,2026-07-06T02:14:00.758539+00:00,162.8,40,ask,EarnestEspressos,FlawlessFlatbreads,9008223
2026-07-06T02:14:00.754653,2026-07-06T02:14:00.769117+00:00,162.6,10,ask,DiligentDonuts,FlawlessFlatbreads,9008224
2026-07-06T02:14:02.485297,2026-07-06T02:14:02.493693+00:00,162.5,12,bid,Xuanyu Liu,EarnestEspressos,9008242
2026-07-06T02:14:02.812991,2026-07-06T02:14:02.824581+00:00,162.5,50,bid,FlawlessFlatbreads,EarnestEspressos,9008248
2026-07-06T02:14:03.845849,2026-07-06T02:14:03.855374+00:00,162.5,11,bid,Xuanyu Liu,EarnestEspressos,9008260
2026-07-06T02:14:03.856841,2026-07-06T02:14:03.870596+00:00,162.5,44,bid,CostlyCorianders,EarnestEspressos,9008262
2026-07-06T02:14:04.973498,2026-07-06T02:14:04.985217+00:00,162.6,50,ask,EarnestEspressos,FlawlessFlatbreads,9008277
2026-07-06T02:14:06.003428,2026-07-06T02:14:06.015459+00:00,163.0,45,bid,CostlyCorianders,DiligentDonuts,9008297
2026-07-06T02:14:07.027793,2026-07-06T02:14:07.039421+00:00,163.0,50,bid,FlawlessFlatbreads,DiligentDonuts,9008309
2026-07-06T02:14:07.627475,2026-07-06T02:14:07.635884+00:00,162.8,23,ask,DiligentDonuts,Xuanyu Liu,9008320
2026-07-06T02:14:07.642464,2026-07-06T02:14:07.651365+00:00,162.8,40,ask,DiligentDonuts,CostlyCorianders,9008322
2026-07-06T02:14:07.735591,2026-07-06T02:14:07.743708+00:00,162.8,11,ask,DiligentDonuts,Xuanyu Liu,9008324
2026-07-06T02:14:08.765692,2026-07-06T02:14:08.777366+00:00,162.9,46,bid,CostlyCorianders,EarnestEspressos,9008341
2026-07-06T02:14:09.135504,2026-07-06T02:14:09.147170+00:00,162.9,50,bid,FlawlessFlatbreads,EarnestEspressos,9008343
2026-07-06T02:14:11.260882,2026-07-06T02:14:11.269245+00:00,163.0,50,bid,FlawlessFlatbreads,DiligentDonuts,9008370
2026-07-06T02:14:13.368121,2026-07-06T02:14:13.375737+00:00,163.0,50,bid,FlawlessFlatbreads,DiligentDonuts,9008395
2026-07-06T02:14:15.476007,2026-07-06T02:14:15.483979+00:00,163.3,50,bid,FlawlessFlatbreads,EarnestEspressos,9008416
2026-07-06T02:14:16.880368,2026-07-06T02:14:16.892140+00:00,162.9,42,ask,DiligentDonuts,CostlyCorianders,9008437
2026-07-06T02:14:17.583163,2026-07-06T02:14:17.594813+00:00,163.4,50,bid,FlawlessFlatbreads,DiligentDonuts,9008440
2026-07-06T02:14:17.851495,2026-07-06T02:14:17.858591+00:00,163.4,47,bid,CostlyCorianders,DiligentDonuts,9008446
2026-07-06T02:14:18.228929,2026-07-06T02:14:18.238423+00:00,163.1,12,ask,EarnestEspressos,Xuanyu Liu,9008450
2026-07-06T02:14:19.539078,2026-07-06T02:14:19.548205+00:00,163.1,11,ask,EarnestEspressos,Xuanyu Liu,9008464
2026-07-06T02:14:19.689295,2026-07-06T02:14:19.701354+00:00,163.4,3,bid,FlawlessFlatbreads,DiligentDonuts,9008468
2026-07-06T02:14:19.689295,2026-07-06T02:14:19.701354+00:00,163.6,47,bid,FlawlessFlatbreads,EarnestEspressos,9008469
2026-07-06T02:14:19.832293,2026-07-06T02:14:19.844035+00:00,163.1,46,ask,EarnestEspressos,CostlyCorianders,9008470
2026-07-06T02:14:20.358641,2026-07-06T02:14:20.370560+00:00,163.0,47,ask,DiligentDonuts,CostlyCorianders,9008479
2026-07-06T02:14:23.266013,2026-07-06T02:14:23.277625+00:00,163.3,47,bid,CostlyCorianders,EarnestEspressos,9008507
2026-07-06T02:14:23.884559,2026-07-06T02:14:23.896434+00:00,163.3,48,ask,EarnestEspressos,CostlyCorianders,9008518
2026-07-06T02:14:23.956599,2026-07-06T02:14:23.951271+00:00,163.3,50,ask,EarnestEspressos,FlawlessFlatbreads,9008519
2026-07-06T02:14:25.616051,2026-07-06T02:14:25.624483+00:00,163.3,3,ask,EarnestEspressos,Xuanyu Liu,9008546
2026-07-06T02:14:26.044614,2026-07-06T02:14:26.058606+00:00,163.6,47,bid,CostlyCorianders,DiligentDonuts,9008552
2026-07-06T02:14:26.063457,2026-07-06T02:14:26.074939+00:00,163.3,49,ask,EarnestEspressos,FlawlessFlatbreads,9008554
2026-07-06T02:14:26.575136,2026-07-06T02:14:26.587006+00:00,163.1,100,bid,DiligentDonuts,EarnestEspressos,9008557
2026-07-06T02:14:26.579643,2026-07-06T02:14:26.587006+00:00,163.1,3,bid,Xuanyu Liu,EarnestEspressos,9008558
2026-07-06T02:14:28.716575,2026-07-06T02:14:28.723966+00:00,163.1,11,bid,Xuanyu Liu,EarnestEspressos,9008590
2026-07-06T02:14:29.258977,2026-07-06T02:14:29.270693+00:00,163.1,36,bid,CostlyCorianders,EarnestEspressos,9008597
2026-07-06T02:14:29.684921,2026-07-06T02:14:29.693144+00:00,163.3,11,ask,EarnestEspressos,Xuanyu Liu,9008604
2026-07-06T02:14:30.273002,2026-07-06T02:14:30.284987+00:00,163.3,50,ask,EarnestEspressos,FlawlessFlatbreads,9008612
2026-07-06T02:14:30.978858,2026-07-06T02:14:30.990386+00:00,163.3,41,ask,EarnestEspressos,CostlyCorianders,9008621
2026-07-06T02:14:32.330209,2026-07-06T02:14:32.337870+00:00,163.4,50,bid,FlawlessFlatbreads,DiligentDonuts,9008640
2026-07-06T02:14:32.529557,2026-07-06T02:14:32.541379+00:00,163.3,42,ask,EarnestEspressos,CostlyCorianders,9008643
2026-07-06T02:14:34.436269,2026-07-06T02:14:34.447866+00:00,163.2,50,bid,FlawlessFlatbreads,EarnestEspressos,9008669
2026-07-06T02:14:36.544137,2026-07-06T02:14:36.550941+00:00,163.3,50,bid,FlawlessFlatbreads,EarnestEspressos,9008701
2026-07-06T02:14:36.947861,2026-07-06T02:14:36.958555+00:00,163.3,41,bid,CostlyCorianders,EarnestEspressos,9008707
2026-07-06T02:14:38.703930,2026-07-06T02:14:38.714751+00:00,163.0,50,ask,DiligentDonuts,FlawlessFlatbreads,9008735
2026-07-06T02:14:40.517344,2026-07-06T02:14:40.526700+00:00,163.2,3,ask,EarnestEspressos,Xuanyu Liu,9008758
2026-07-06T02:14:40.758416,2026-07-06T02:14:40.770177+00:00,163.3,50,bid,FlawlessFlatbreads,DiligentDonuts,9008763
2026-07-06T02:14:41.807380,2026-07-06T02:14:41.818268+00:00,163.2,48,ask,EarnestEspressos,CostlyCorianders,9008783
2026-07-06T02:14:44.968410,2026-07-06T02:14:44.980087+00:00,163.4,50,bid,FlawlessFlatbreads,EarnestEspressos,9008826
