timestamp,recv_time,price,volume,aggressor_side,buyer,seller,trade_id
2026-07-05T08:00:01.042699,2026-07-05T08:00:01.000588+00:00,140.9,50,bid,FlawlessFlatbreads,DiligentDonuts,8060095
2026-07-05T08:00:02.158225,2026-07-05T08:00:02.167231+00:00,140.6,42,ask,DiligentDonuts,CostlyCorianders,8060114
2026-07-05T08:00:03.228071,2026-07-05T08:00:03.235711+00:00,140.6,50,ask,DiligentDonuts,FlawlessFlatbreads,8060134
2026-07-05T08:00:05.344146,2026-07-05T08:00:05.353868+00:00,140.4,50,ask,EarnestEspressos,FlawlessFlatbreads,8060154
2026-07-05T08:00:06.325496,2026-07-05T08:00:06.335344+00:00,140.8,10,bid,Xuanyu Liu,EarnestEspressos,8060166
2026-07-05T08:00:07.406376,2026-07-05T08:00:07.413780+00:00,140.8,50,bid,FlawlessFlatbreads,EarnestEspressos,8060176
2026-07-05T08:00:07.654735,2026-07-05T08:00:07.666913+00:00,140.8,46,bid,CostlyCorianders,EarnestEspressos,8060179
2026-07-05T08:00:08.384840,2026-07-05T08:00:08.394123+00:00,140.8,3,bid,Xuanyu Liu,EarnestEspressos,8060192
2026-07-05T08:00:09.514747,2026-07-05T08:00:09.523246+00:00,140.9,50,bid,FlawlessFlatbreads,DiligentDonuts,8060216
2026-07-05T08:00:10.601441,2026-07-05T08:00:10.608095+00:00,140.9,44,bid,CostlyCorianders,DiligentDonuts,8060241
2026-07-05T08:00:10.656603,2026-07-05T08:00:10.664349+00:00,140.8,40,ask,EarnestEspressos,CostlyCorianders,8060242
2026-07-05T08:00:11.620836,2026-07-05T08:00:11.658584+00:00,141.3,50,bid,FlawlessFlatbreads,EarnestEspressos,8060259
2026-07-05T08:00:11.695290,2026-07-05T08:00:11.684611+00:00,141.3,41,bid,CostlyCorianders,EarnestEspressos,8060261
2026-07-05T08:00:12.584616,2026-07-05T08:00:12.594969+00:00,141.1,14,ask,EarnestEspressos,Xuanyu Liu,8060275
2026-07-05T08:00:13.802677,2026-07-05T08:00:13.815110+00:00,141.1,50,ask,EarnestEspressos,FlawlessFlatbreads,8060296
2026-07-05T08:00:14.806056,2026-07-05T08:00:14.813601+00:00,141.1,25,ask,EarnestEspressos,Harold Schneider,8060310
2026-07-05T08:00:15.932347,2026-07-05T08:00:15.941557+00:00,140.8,50,ask,DiligentDonuts,FlawlessFlatbreads,8060321
2026-07-05T08:00:18.040408,2026-07-05T08:00:18.049398+00:00,140.7,50,ask,EarnestEspressos,FlawlessFlatbreads,8060354
2026-07-05T08:00:20.153175,2026-07-05T08:00:20.155853+00:00,140.7,50,ask,DiligentDonuts,FlawlessFlatbreads,8060389
2026-07-05T08:00:22.265250,2026-07-05T08:00:22.275217+00:00,140.6,50,ask,DiligentDonuts,FlawlessFlatbreads,8060414
2026-07-05T08:00:23.019796,2026-07-05T08:00:23.032062+00:00,141.1,41,bid,CostlyCorianders,DiligentDonuts,8060425
2026-07-05T08:00:24.405170,2026-07-05T08:00:24.415973+00:00,140.6,50,ask,EarnestEspressos,FlawlessFlatbreads,8060449
2026-07-05T08:00:25.309220,2026-07-05T08:00:25.318675+00:00,140.8,11,bid,Xuanyu Liu,EarnestEspressos,8060458
2026-07-05T08:00:26.511045,2026-07-05T08:00:26.523245+00:00,140.4,50,ask,DiligentDonuts,FlawlessFlatbreads,8060473
2026-07-05T08:00:26.741490,2026-07-05T08:00:26.752606+00:00,140.8,3,bid,Xuanyu Liu,EarnestEspressos,8060478
2026-07-05T08:00:28.011632,2026-07-05T08:00:28.023703+00:00,140.3,46,ask,EarnestEspressos,CostlyCorianders,8060491
2026-07-05T08:00:29.607152,2026-07-05T08:00:29.618973+00:00,140.8,40,bid,CostlyCorianders,DiligentDonuts,8060517
2026-07-05T08:00:30.723536,2026-07-05T08:00:30.736139+00:00,140.4,50,ask,DiligentDonuts,FlawlessFlatbreads,8060535
2026-07-05T08:00:31.622884,2026-07-05T08:00:31.633830+00:00,140.4,50,ask,DiligentDonuts,EarnestEspressos,8060547
2026-07-05T08:00:31.704774,2026-07-05T08:00:31.716806+00:00,139.9,47,ask,EarnestEspressos,CostlyCorianders,8060548
2026-07-05T08:00:32.282259,2026-07-05T08:00:32.295015+00:00,140.4,40,bid,CostlyCorianders,EarnestEspressos,8060559
2026-07-05T08:00:32.832462,2026-07-05T08:00:32.844450+00:00,139.9,50,ask,EarnestEspressos,FlawlessFlatbreads,8060570
2026-07-05T08:00:34.889184,2026-07-05T08:00:34.897239+00:00,140.4,25,bid,Harold Schneider,DiligentDonuts,8060595
2026-07-05T08:00:34.908798,2026-07-05T08:00:34.917405+00:00,140.3,3,bid,Xuanyu Liu,Harold Schneider,8060596
2026-07-05T08:00:34.946437,2026-07-05T08:00:34.958564+00:00,140.1,10,ask,Harold Schneider,FlawlessFlatbreads,8060599
2026-07-05T08:00:34.946437,2026-07-05T08:00:34.958564+00:00,140.0,40,ask,EarnestEspressos,FlawlessFlatbreads,8060600
2026-07-05T08:00:35.394354,2026-07-05T08:00:35.406986+00:00,140.3,7,bid,CostlyCorianders,Harold Schneider,8060610
2026-07-05T08:00:35.394354,2026-07-05T08:00:35.406986+00:00,140.4,33,bid,CostlyCorianders,DiligentDonuts,8060611
2026-07-05T08:00:35.944448,2026-07-05T08:00:35.958593+00:00,140.0,49,ask,EarnestEspressos,CostlyCorianders,8060624
2026-07-05T08:00:37.004454,2026-07-05T08:00:37.017137+00:00,140.5,50,bid,FlawlessFlatbreads,EarnestEspressos,8060632
2026-07-05T08:00:37.970636,2026-07-05T08:00:37.982815+00:00,140.3,45,bid,CostlyCorianders,EarnestEspressos,8060653
2026-07-05T08:00:39.114269,2026-07-05T08:00:39.124868+00:00,140.3,50,bid,FlawlessFlatbreads,EarnestEspressos,8060663
2026-07-05T08:00:39.917853,2026-07-05T08:00:39.928485+00:00,140.3,25,bid,Harold Schneider,EarnestEspressos,8060673
2026-07-05T08:00:41.220652,2026-07-05T08:00:41.228475+00:00,140.6,50,bid,FlawlessFlatbreads,DiligentDonuts,8060701
2026-07-05T08:00:45.432847,2026-07-05T08:00:45.439938+00:00,140.7,50,bid,FlawlessFlatbreads,EarnestEspressos,8060760
2026-07-05T08:00:46.073205,2026-07-05T08:00:46.082181+00:00,140.3,49,ask,DiligentDonuts,CostlyCorianders,8060773
2026-07-05T08:00:47.541093,2026-07-05T08:00:47.547938+00:00,140.8,50,bid,FlawlessFlatbreads,DiligentDonuts,8060796
2026-07-05T08:00:48.534214,2026-07-05T08:00:48.546455+00:00,140.8,46,bid,CostlyCorianders,DiligentDonuts,8060811
2026-07-05T08:00:49.656416,2026-07-05T08:00:49.657603+00:00,140.8,50,bid,FlawlessFlatbreads,DiligentDonuts,8060833
2026-07-05T08:00:50.044808,2026-07-05T08:00:50.049081+00:00,140.5,43,ask,EarnestEspressos,CostlyCorianders,8060842
2026-07-05T08:00:51.032187,2026-07-05T08:00:51.044532+00:00,140.8,47,bid,CostlyCorianders,DiligentDonuts,8060855
2026-07-05T08:00:51.814523,2026-07-05T08:00:51.826472+00:00,140.3,50,ask,DiligentDonuts,FlawlessFlatbreads,8060873
2026-07-05T08:00:53.754995,2026-07-05T08:00:53.765432+00:00,140.4,3,ask,DiligentDonuts,Xuanyu Liu,8060893
2026-07-05T08:00:53.871633,2026-07-05T08:00:53.882479+00:00,140.8,50,bid,FlawlessFlatbreads,EarnestEspressos,8060897
2026-07-05T08:00:55.298902,2026-07-05T08:00:55.305847+00:00,140.4,48,ask,DiligentDonuts,CostlyCorianders,8060915
2026-07-05T08:00:55.977592,2026-07-05T08:00:55.989339+00:00,140.7,50,bid,FlawlessFlatbreads,DiligentDonuts,8060927
2026-07-05T08:00:56.509175,2026-07-05T08:00:56.526482+00:00,140.3,42,ask,EarnestEspressos,CostlyCorianders,8060934
2026-07-05T08:00:57.644202,2026-07-05T08:00:57.656405+00:00,140.7,45,bid,CostlyCorianders,DiligentDonuts,8060950
2026-07-05T08:00:58.084038,2026-07-05T08:00:58.096631+00:00,140.7,5,bid,FlawlessFlatbreads,DiligentDonuts,8060957
2026-07-05T08:00:58.084038,2026-07-05T08:00:58.096631+00:00,140.7,45,bid,FlawlessFlatbreads,EarnestEspressos,8060958
2026-07-05T08:00:58.754927,2026-07-05T08:00:58.763722+00:00,140.5,43,ask,DiligentDonuts,CostlyCorianders,8060965
2026-07-05T08:01:00.245762,2026-07-05T08:01:00.258583+00:00,140.7,50,ask,EarnestEspressos,FlawlessFlatbreads,8060994
2026-07-05T08:01:04.464735,2026-07-05T08:01:04.476715+00:00,140.5,50,ask,DiligentDonuts,FlawlessFlatbreads,8061050
2026-07-05T08:01:06.571202,2026-07-05T08:01:06.583507+00:00,140.5,50,ask,DiligentDonuts,FlawlessFlatbreads,8061084
2026-07-05T08:01:08.678213,2026-07-05T08:01:08.689678+00:00,140.3,50,ask,EarnestEspressos,FlawlessFlatbreads,8061114
2026-07-05T08:01:09.475927,2026-07-05T08:01:09.487862+00:00,140.6,40,bid,CostlyCorianders,DiligentDonuts,8061128
2026-07-05T08:01:10.614021,2026-07-05T08:01:10.626214+00:00,140.6,48,bid,CostlyCorianders,DiligentDonuts,8061137
2026-07-05T08:01:10.790063,2026-07-05T08:01:10.799373+00:00,140.1,50,ask,DiligentDonuts,FlawlessFlatbreads,8061144
2026-07-05T08:01:12.249256,2026-07-05T08:01:12.258552+00:00,140.2,49,ask,DiligentDonuts,CostlyCorianders,8061162
2026-07-05T08:01:12.920198,2026-07-05T08:01:12.947993+00:00,140.2,44,ask,DiligentDonuts,CostlyCorianders,8061171
2026-07-05T08:01:12.977404,2026-07-05T08:01:12.989626+00:00,140.2,7,ask,DiligentDonuts,FlawlessFlatbreads,8061172
2026-07-05T08:01:12.977404,2026-07-05T08:01:12.989626+00:00,139.9,43,ask,EarnestEspressos,FlawlessFlatbreads,8061173
2026-07-05T08:01:15.090539,2026-07-05T08:01:15.098272+00:00,139.9,50,ask,EarnestEspressos,FlawlessFlatbreads,8061198
2026-07-05T08:01:15.547488,2026-07-05T08:01:15.558580+00:00,140.3,47,bid,CostlyCorianders,DiligentDonuts,8061208
2026-07-05T08:01:15.959651,2026-07-05T08:01:15.971119+00:00,140.1,3,bid,Xuanyu Liu,EarnestEspressos,8061212
2026-07-05T08:01:17.942643,2026-07-05T08:01:17.951713+00:00,140.1,11,bid,Xuanyu Liu,EarnestEspressos,8061243
2026-07-05T08:01:19.308760,2026-07-05T08:01:19.321004+00:00,139.9,50,ask,DiligentDonuts,FlawlessFlatbreads,8061263
2026-07-05T08:01:20.714421,2026-07-05T08:01:20.726248+00:00,140.2,12,bid,Xuanyu Liu,EarnestEspressos,8061280
2026-07-05T08:01:21.417746,2026-07-05T08:01:21.429847+00:00,140.0,50,ask,DiligentDonuts,FlawlessFlatbreads,8061293
2026-07-05T08:01:24.529002,2026-07-05T08:01:24.538483+00:00,140.5,11,bid,Xuanyu Liu,EarnestEspressos,8061345
2026-07-05T08:01:25.579238,2026-07-05T08:01:25.591373+00:00,140.5,50,bid,FlawlessFlatbreads,DiligentDonuts,8061360
2026-07-05T08:01:26.468019,2026-07-05T08:01:26.479964+00:00,140.5,43,bid,CostlyCorianders,DiligentDonuts,8061381
2026-07-05T08:01:27.687039,2026-07-05T08:01:27.699514+00:00,140.9,50,bid,FlawlessFlatbreads,EarnestEspressos,8061399
2026-07-05T08:01:28.470737,2026-07-05T08:01:28.480428+00:00,140.4,11,ask,EarnestEspressos,Xuanyu Liu,8061412
2026-07-05T08:01:28.874221,2026-07-05T08:01:28.886480+00:00,140.4,12,ask,DiligentDonuts,Xuanyu Liu,8061417
2026-07-05T08:01:29.816848,2026-07-05T08:01:29.827209+00:00,140.7,50,bid,FlawlessFlatbreads,EarnestEspressos,8061441
2026-07-05T08:01:31.925120,2026-07-05T08:01:31.937173+00:00,140.7,50,bid,FlawlessFlatbreads,DiligentDonuts,8061485
2026-07-05T08:01:33.759543,2026-07-05T08:01:33.769186+00:00,140.3,11,ask,EarnestEspressos,Xuanyu Liu,8061508
2026-07-05T08:01:34.059057,2026-07-05T08:01:34.069234+00:00,140.7,50,bid,FlawlessFlatbreads,DiligentDonuts,8061521
2026-07-05T08:01:34.745553,2026-07-05T08:01:34.757732+00:00,140.3,43,ask,EarnestEspressos,CostlyCorianders,8061528
2026-07-05T08:01:35.335587,2026-07-05T08:01:35.347710+00:00,140.2,47,ask,DiligentDonuts,CostlyCorianders,8061539
2026-07-05T08:01:36.166377,2026-07-05T08:01:36.177132+00:00,140.4,50,bid,FlawlessFlatbreads,EarnestEspressos,8061545
2026-07-05T08:01:38.277003,2026-07-05T08:01:38.295471+00:00,140.8,50,bid,FlawlessFlatbreads,DiligentDonuts,8061573
2026-07-05T08:01:40.711890,2026-07-05T08:01:40.720519+00:00,140.8,47,bid,CostlyCorianders,EarnestEspressos,8061605
2026-07-05T08:01:42.279601,2026-07-05T08:01:42.291583+00:00,141.0,41,bid,CostlyCorianders,DiligentDonuts,8061629
2026-07-05T08:01:42.572149,2026-07-05T08:01:42.583600+00:00,140.6,50,ask,EarnestEspressos,FlawlessFlatbreads,8061634
2026-07-05T08:01:43.392957,2026-07-05T08:01:43.404334+00:00,140.9,3,ask,DiligentDonuts,Xuanyu Liu,8061653
2026-07-05T08:01:44.679060,2026-07-05T08:01:44.688307+00:00,140.9,50,ask,DiligentDonuts,FlawlessFlatbreads,8061664
2026-07-05T08:01:44.829524,2026-07-05T08:01:44.841619+00:00,140.9,45,ask,DiligentDonuts,CostlyCorianders,8061667
2026-07-05T08:01:45.388003,2026-07-05T08:01:45.400072+00:00,140.9,2,ask,DiligentDonuts,CostlyCorianders,8061675
2026-07-05T08:01:46.818568,2026-07-05T08:01:46.826121+00:00,140.5,50,ask,EarnestEspressos,FlawlessFlatbreads,8061697
2026-07-05T08:01:46.842242,2026-07-05T08:01:46.854103+00:00,141.0,40,bid,CostlyCorianders,EarnestEspressos,8061698
2026-07-05T08:01:48.926600,2026-07-05T08:01:48.938823+00:00,140.5,50,ask,DiligentDonuts,FlawlessFlatbreads,8061723
2026-07-05T08:01:51.037560,2026-07-05T08:01:51.045628+00:00,140.5,50,ask,EarnestEspressos,FlawlessFlatbreads,8061749
2026-07-05T08:01:53.144608,2026-07-05T08:01:53.158741+00:00,140.5,50,ask,EarnestEspressos,FlawlessFlatbreads,8061781
2026-07-05T08:01:53.929390,2026-07-05T08:01:53.939736+00:00,140.7,3,bid,Xuanyu Liu,EarnestEspressos,8061793
2026-07-05T08:01:55.275962,2026-07-05T08:01:55.288558+00:00,140.3,50,ask,DiligentDonuts,FlawlessFlatbreads,8061810
2026-07-05T08:01:56.686943,2026-07-05T08:01:56.698985+00:00,140.6,42,bid,CostlyCorianders,DiligentDonuts,8061825
2026-07-05T08:01:56.734454,2026-07-05T08:01:56.743763+00:00,140.6,11,bid,Xuanyu Liu,DiligentDonuts,8061826
2026-07-05T08:01:57.387004,2026-07-05T08:01:57.395643+00:00,140.2,50,ask,EarnestEspressos,FlawlessFlatbreads,8061843
2026-07-05T08:01:57.609023,2026-07-05T08:01:57.620946+00:00,140.6,47,bid,CostlyCorianders,DiligentDonuts,8061850
2026-07-05T08:01:57.609023,2026-07-05T08:01:57.620946+00:00,140.7,2,bid,CostlyCorianders,EarnestEspressos,8061851
2026-07-05T08:01:59.503524,2026-07-05T08:01:59.510617+00:00,140.4,50,ask,DiligentDonuts,FlawlessFlatbreads,8061884
2026-07-05T08:02:00.256503,2026-07-05T08:02:00.266539+00:00,140.4,50,ask,DiligentDonuts,EarnestEspressos,8061896
2026-07-05T08:02:00.267832,2026-07-05T08:02:00.277789+00:00,140.3,12,bid,Xuanyu Liu,EarnestEspressos,8061897
2026-07-05T08:02:01.613017,2026-07-05T08:02:01.625260+00:00,139.8,50,ask,EarnestEspressos,FlawlessFlatbreads,8061920
2026-07-05T08:02:01.824645,2026-07-05T08:02:01.836703+00:00,139.8,43,ask,EarnestEspressos,CostlyCorianders,8061923
2026-07-05T08:02:02.374482,2026-07-05T08:02:02.386724+00:00,140.3,40,bid,CostlyCorianders,EarnestEspressos,8061931
2026-07-05T08:02:03.728036,2026-07-05T08:02:03.735496+00:00,140.0,50,ask,DiligentDonuts,FlawlessFlatbreads,8061950
2026-07-05T08:02:05.839896,2026-07-05T08:02:05.847543+00:00,139.9,50,ask,EarnestEspressos,FlawlessFlatbreads,8061982
2026-07-05T08:02:06.598154,2026-07-05T08:02:06.607486+00:00,140.2,11,bid,Xuanyu Liu,EarnestEspressos,8061993
2026-07-05T08:02:06.665121,2026-07-05T08:02:06.674380+00:00,140.2,12,bid,Xuanyu Liu,EarnestEspressos,8061996
2026-07-05T08:02:07.947231,2026-07-05T08:02:07.953517+00:00,139.9,50,ask,DiligentDonuts,FlawlessFlatbreads,8062023
2026-07-05T08:02:10.053536,2026-07-05T08:02:10.057542+00:00,139.8,50,ask,DiligentDonuts,FlawlessFlatbreads,8062058
2026-07-05T08:02:11.595526,2026-07-05T08:02:11.668741+00:00,139.8,42,ask,EarnestEspressos,CostlyCorianders,8062083
2026-07-05T08:02:12.109663,2026-07-05T08:02:12.121904+00:00,140.2,50,bid,FlawlessFlatbreads,DiligentDonuts,8062100
2026-07-05T08:02:12.959462,2026-07-05T08:02:12.969860+00:00,140.0,11,bid,Xuanyu Liu,EarnestEspressos,8062106
2026-07-05T08:02:13.034975,2026-07-05T08:02:13.047228+00:00,139.7,47,ask,DiligentDonuts,CostlyCorianders,8062110
2026-07-05T08:02:14.245258,2026-07-05T08:02:14.258572+00:00,140.0,50,bid,FlawlessFlatbreads,EarnestEspressos,8062129
2026-07-05T08:02:16.971250,2026-07-05T08:02:16.980815+00:00,140.1,46,bid,CostlyCorianders,DiligentDonuts,8062168
2026-07-05T08:02:18.513015,2026-07-05T08:02:18.526538+00:00,139.8,50,ask,EarnestEspressos,FlawlessFlatbreads,8062193
2026-07-05T08:02:18.636269,2026-07-05T08:02:18.648464+00:00,140.1,45,bid,CostlyCorianders,DiligentDonuts,8062196
2026-07-05T08:02:18.692698,2026-07-05T08:02:18.704861+00:00,139.8,47,ask,EarnestEspressos,CostlyCorianders,8062197
2026-07-05T08:02:19.297750,2026-07-05T08:02:19.307105+00:00,139.7,11,bid,Xuanyu Liu,EarnestEspressos,8062206
2026-07-05T08:02:20.569263,2026-07-05T08:02:20.578748+00:00,139.7,50,bid,FlawlessFlatbreads,EarnestEspressos,8062223
2026-07-05T08:02:20.984038,2026-07-05T08:02:20.995930+00:00,139.7,89,bid,DiligentDonuts,EarnestEspressos,8062231
2026-07-05T08:02:21.316634,2026-07-05T08:02:21.328475+00:00,139.8,11,ask,DiligentDonuts,CostlyCorianders,8062237
2026-07-05T08:02:22.680861,2026-07-05T08:02:22.688692+00:00,140.2,50,bid,FlawlessFlatbreads,EarnestEspressos,8062259
2026-07-05T08:02:22.941505,2026-07-05T08:02:22.951916+00:00,140.2,45,bid,CostlyCorianders,EarnestEspressos,8062266
2026-07-05T08:02:24.083451,2026-07-05T08:02:24.090479+00:00,139.7,42,ask,EarnestEspressos,CostlyCorianders,8062280
2026-07-05T08:02:24.577947,2026-07-05T08:02:24.590528+00:00,139.8,48,bid,CostlyCorianders,DiligentDonuts,8062287
2026-07-05T08:02:24.787964,2026-07-05T08:02:24.800171+00:00,139.8,50,bid,FlawlessFlatbreads,DiligentDonuts,8062296
2026-07-05T08:02:25.566475,2026-07-05T08:02:25.580040+00:00,139.8,2,bid,EarnestEspressos,DiligentDonuts,8062303
2026-07-05T08:02:25.635782,2026-07-05T08:02:25.645453+00:00,140.0,11,ask,EarnestEspressos,Xuanyu Liu,8062306
2026-07-05T08:02:26.618990,2026-07-05T08:02:26.630743+00:00,140.0,49,ask,EarnestEspressos,CostlyCorianders,8062321
2026-07-05T08:02:26.900409,2026-07-05T08:02:26.910926+00:00,140.5,50,bid,FlawlessFlatbreads,EarnestEspressos,8062333
2026-07-05T08:02:27.198524,2026-07-05T08:02:27.207157+00:00,140.0,47,ask,EarnestEspressos,CostlyCorianders,8062334
2026-07-05T08:02:29.007411,2026-07-05T08:02:29.019349+00:00,140.3,50,bid,FlawlessFlatbreads,DiligentDonuts,8062362
2026-07-05T08:02:31.113487,2026-07-05T08:02:31.126110+00:00,140.3,50,bid,FlawlessFlatbreads,DiligentDonuts,8062397
2026-07-05T08:02:31.927619,2026-07-05T08:02:31.936971+00:00,140.3,46,bid,CostlyCorianders,DiligentDonuts,8062409
2026-07-05T08:02:33.224423,2026-07-05T08:02:33.236847+00:00,140.3,4,bid,FlawlessFlatbreads,DiligentDonuts,8062428
2026-07-05T08:02:33.224423,2026-07-05T08:02:33.236847+00:00,140.4,46,bid,FlawlessFlatbreads,EarnestEspressos,8062429
2026-07-05T08:02:33.638798,2026-07-05T08:02:33.650808+00:00,140.4,100,bid,DiligentDonuts,EarnestEspressos,8062434
2026-07-05T08:02:33.951827,2026-07-05T08:02:33.963937+00:00,140.4,4,bid,CostlyCorianders,EarnestEspressos,8062436
2026-07-05T08:02:34.439524,2026-07-05T08:02:34.447118+00:00,139.9,45,ask,EarnestEspressos,CostlyCorianders,8062446
2026-07-05T08:02:35.058254,2026-07-05T08:02:35.070769+00:00,140.9,42,bid,CostlyCorianders,DiligentDonuts,8062461
2026-07-05T08:02:35.076936,2026-07-05T08:02:35.088376+00:00,140.4,23,ask,EarnestEspressos,Xuanyu Liu,8062462
2026-07-05T08:02:35.115379,2026-07-05T08:02:35.126487+00:00,140.4,43,ask,EarnestEspressos,CostlyCorianders,8062464
2026-07-05T08:02:35.387034,2026-07-05T08:02:35.399078+00:00,140.4,50,ask,EarnestEspressos,FlawlessFlatbreads,8062471
2026-07-05T08:02:37.170621,2026-07-05T08:02:37.183044+00:00,140.7,45,bid,CostlyCorianders,DiligentDonuts,8062493
2026-07-05T08:02:38.821505,2026-07-05T08:02:38.832423+00:00,140.4,45,bid,CostlyCorianders,EarnestEspressos,8062517
2026-07-05T08:02:39.598121,2026-07-05T08:02:39.611252+00:00,140.2,50,ask,DiligentDonuts,FlawlessFlatbreads,8062532
2026-07-05T08:02:39.602154,2026-07-05T08:02:39.611252+00:00,140.2,11,ask,DiligentDonuts,Xuanyu Liu,8062533
2026-07-05T08:02:40.304998,2026-07-05T08:02:40.316993+00:00,139.9,40,ask,EarnestEspressos,CostlyCorianders,8062542
2026-07-05T08:02:41.705602,2026-07-05T08:02:41.717482+00:00,139.9,50,ask,DiligentDonuts,FlawlessFlatbreads,8062566
2026-07-05T08:02:45.863810,2026-07-05T08:02:45.875679+00:00,140.4,50,bid,FlawlessFlatbreads,DiligentDonuts,8062626
2026-07-05T08:02:47.969510,2026-07-05T08:02:47.980203+00:00,140.3,50,bid,FlawlessFlatbreads,EarnestEspressos,8062655
2026-07-05T08:02:49.290936,2026-07-05T08:02:49.302925+00:00,139.9,42,ask,DiligentDonuts,CostlyCorianders,8062674
2026-07-05T08:02:49.906683,2026-07-05T08:02:49.918722+00:00,140.3,41,bid,CostlyCorianders,EarnestEspressos,8062683
2026-07-05T08:02:50.076243,2026-07-05T08:02:50.088301+00:00,140.3,50,bid,FlawlessFlatbreads,EarnestEspressos,8062687
2026-07-05T08:02:50.896970,2026-07-05T08:02:50.909355+00:00,140.3,100,bid,EarnestEspressos,DiligentDonuts,8062698
2026-07-05T08:02:50.959462,2026-07-05T08:02:50.968730+00:00,140.3,12,ask,EarnestEspressos,Xuanyu Liu,8062700
2026-07-05T08:02:51.019058,2026-07-05T08:02:51.029753+00:00,140.3,38,ask,EarnestEspressos,CostlyCorianders,8062703
2026-07-05T08:02:51.019058,2026-07-05T08:02:51.029753+00:00,139.8,9,ask,DiligentDonuts,CostlyCorianders,8062704
2026-07-05T08:02:52.183249,2026-07-05T08:02:52.194794+00:00,140.8,50,bid,FlawlessFlatbreads,EarnestEspressos,8062726
2026-07-05T08:02:53.236547,2026-07-05T08:02:53.243307+00:00,140.6,46,bid,CostlyCorianders,DiligentDonuts,8062743
2026-07-05T08:02:53.806765,2026-07-05T08:02:53.819108+00:00,140.1,40,ask,DiligentDonuts,CostlyCorianders,8062750
2026-07-05T08:02:54.291013,2026-07-05T08:02:54.308184+00:00,140.6,50,bid,FlawlessFlatbreads,DiligentDonuts,8062761
2026-07-05T08:02:54.372972,2026-07-05T08:02:54.385460+00:00,140.6,4,bid,CostlyCorianders,DiligentDonuts,8062763
2026-07-05T08:02:54.372972,2026-07-05T08:02:54.385460+00:00,140.6,37,bid,CostlyCorianders,EarnestEspressos,8062764
2026-07-05T08:02:56.451019,2026-07-05T08:02:56.458595+00:00,140.5,50,ask,DiligentDonuts,FlawlessFlatbreads,8062796
2026-07-05T08:02:58.562663,2026-07-05T08:02:58.575123+00:00,140.5,50,ask,DiligentDonuts,FlawlessFlatbreads,8062819
2026-07-05T08:03:00.628673,2026-07-05T08:03:00.644024+00:00,140.7,50,bid,FlawlessFlatbreads,DiligentDonuts,8062851
2026-07-05T08:03:00.653767,2026-07-05T08:03:00.652489+00:00,140.4,42,ask,EarnestEspressos,CostlyCorianders,8062854
2026-07-05T08:03:02.735262,2026-07-05T08:03:02.746678+00:00,140.7,50,bid,FlawlessFlatbreads,DiligentDonuts,8062885
2026-07-05T08:03:03.071536,2026-07-05T08:03:03.080063+00:00,140.7,41,bid,CostlyCorianders,DiligentDonuts,8062892
2026-07-05T08:03:04.890628,2026-07-05T08:03:04.899891+00:00,140.4,50,bid,FlawlessFlatbreads,EarnestEspressos,8062916
2026-07-05T08:03:05.320511,2026-07-05T08:03:05.332802+00:00,140.4,100,bid,DiligentDonuts,EarnestEspressos,8062929
2026-07-05T08:03:06.755321,2026-07-05T08:03:06.774244+00:00,140.8,14,ask,EarnestEspressos,Xuanyu Liu,8062948
2026-07-05T08:03:06.998697,2026-07-05T08:03:07.010717+00:00,141.1,50,bid,FlawlessFlatbreads,DiligentDonuts,8062953
2026-07-05T08:03:09.105463,2026-07-05T08:03:09.115875+00:00,141.0,50,bid,FlawlessFlatbreads,DiligentDonuts,8062980
2026-07-05T08:03:11.221329,2026-07-05T08:03:11.231045+00:00,141.0,50,bid,FlawlessFlatbreads,DiligentDonuts,8063016
2026-07-05T08:03:13.337347,2026-07-05T08:03:13.358562+00:00,140.9,50,bid,FlawlessFlatbreads,EarnestEspressos,8063050
2026-07-05T08:03:15.448819,2026-07-05T08:03:15.455800+00:00,140.9,50,bid,FlawlessFlatbreads,EarnestEspressos,8063083
2026-07-05T08:03:16.255676,2026-07-05T08:03:16.267248+00:00,140.7,3,ask,EarnestEspressos,Xuanyu Liu,8063088
2026-07-05T08:03:17.576586,2026-07-05T08:03:17.584385+00:00,141.1,50,bid,FlawlessFlatbreads,DiligentDonuts,8063108
2026-07-05T08:03:19.630864,2026-07-05T08:03:19.643256+00:00,140.9,40,ask,EarnestEspressos,CostlyCorianders,8063143
2026-07-05T08:03:19.688928,2026-07-05T08:03:19.701294+00:00,141.0,50,bid,FlawlessFlatbreads,DiligentDonuts,8063145
2026-07-05T08:03:20.270554,2026-07-05T08:03:20.282994+00:00,140.9,25,ask,EarnestEspressos,Harold Schneider,8063154
2026-07-05T08:03:20.344270,2026-07-05T08:03:20.355268+00:00,140.9,46,ask,EarnestEspressos,Xuanyu Liu,8063159
2026-07-05T08:03:20.594094,2026-07-05T08:03:20.604843+00:00,140.9,4,ask,EarnestEspressos,Aaron Tian,8063161
2026-07-05T08:03:21.807471,2026-07-05T08:03:21.818462+00:00,141.0,50,bid,FlawlessFlatbreads,DiligentDonuts,8063185
2026-07-05T08:03:22.660752,2026-07-05T08:03:22.670431+00:00,140.6,23,bid,Xuanyu Liu,EarnestEspressos,8063200
2026-07-05T08:03:23.535256,2026-07-05T08:03:23.546248+00:00,140.5,49,ask,DiligentDonuts,CostlyCorianders,8063208
2026-07-05T08:03:23.915316,2026-07-05T08:03:23.927617+00:00,140.6,50,bid,FlawlessFlatbreads,EarnestEspressos,8063220
2026-07-05T08:03:24.156474,2026-07-05T08:03:24.158563+00:00,140.5,45,ask,DiligentDonuts,CostlyCorianders,8063224
2026-07-05T08:03:24.270919,2026-07-05T08:03:24.281569+00:00,140.6,12,bid,Xuanyu Liu,EarnestEspressos,8063227
2026-07-05T08:03:25.969393,2026-07-05T08:03:25.981349+00:00,140.9,43,bid,CostlyCorianders,DiligentDonuts,8063255
2026-07-05T08:03:26.048046,2026-07-05T08:03:26.054491+00:00,140.9,50,bid,FlawlessFlatbreads,DiligentDonuts,8063259
2026-07-05T08:03:26.569102,2026-07-05T08:03:26.581509+00:00,140.9,7,bid,CostlyCorianders,DiligentDonuts,8063266
2026-07-05T08:03:26.569102,2026-07-05T08:03:26.581509+00:00,140.9,36,bid,CostlyCorianders,EarnestEspressos,8063267
2026-07-05T08:03:26.648372,2026-07-05T08:03:26.658594+00:00,140.4,45,ask,DiligentDonuts,CostlyCorianders,8063270
2026-07-05T08:03:28.214617,2026-07-05T08:03:28.227634+00:00,140.5,50,ask,DiligentDonuts,FlawlessFlatbreads,8063299
2026-07-05T08:03:28.846483,2026-07-05T08:03:28.858911+00:00,140.5,44,ask,DiligentDonuts,CostlyCorianders,8063311
2026-07-05T08:03:30.311532,2026-07-05T08:03:30.323751+00:00,140.6,25,ask,EarnestEspressos,Harold Schneider,8063325
2026-07-05T08:03:30.342238,2026-07-05T08:03:30.354130+00:00,140.7,10,ask,Harold Schneider,FlawlessFlatbreads,8063327
2026-07-05T08:03:30.342238,2026-07-05T08:03:30.354130+00:00,140.6,40,ask,EarnestEspressos,FlawlessFlatbreads,8063328
2026-07-05T08:03:34.588055,2026-07-05T08:03:34.600213+00:00,140.3,50,ask,EarnestEspressos,FlawlessFlatbreads,8063390
2026-07-05T08:03:36.343561,2026-07-05T08:03:36.352250+00:00,140.6,45,bid,CostlyCorianders,EarnestEspressos,8063412
2026-07-05T08:03:36.647040,2026-07-05T08:03:36.658604+00:00,140.6,50,bid,FlawlessFlatbreads,EarnestEspressos,8063416
2026-07-05T08:03:37.379112,2026-07-05T08:03:37.388501+00:00,140.2,40,ask,DiligentDonuts,CostlyCorianders,8063429
2026-07-05T08:03:38.810425,2026-07-05T08:03:38.826389+00:00,140.5,50,ask,EarnestEspressos,FlawlessFlatbreads,8063447
2026-07-05T08:03:40.395280,2026-07-05T08:03:40.404680+00:00,140.5,2,ask,EarnestEspressos,Harold Schneider,8063468
2026-07-05T08:03:40.648118,2026-07-05T08:03:40.660611+00:00,140.7,46,bid,CostlyCorianders,DiligentDonuts,8063471
2026-07-05T08:03:40.866882,2026-07-05T08:03:40.879418+00:00,140.7,50,bid,FlawlessFlatbreads,DiligentDonuts,8063478
2026-07-05T08:03:43.330109,2026-07-05T08:03:43.339513+00:00,140.7,43,bid,CostlyCorianders,EarnestEspressos,8063524
2026-07-05T08:03:43.932481,2026-07-05T08:03:43.945051+00:00,140.4,41,ask,DiligentDonuts,CostlyCorianders,8063533
2026-07-05T08:03:45.108392,2026-07-05T08:03:45.132620+00:00,140.7,50,bid,FlawlessFlatbreads,EarnestEspressos,8063553
2026-07-05T08:03:45.320873,2026-07-05T08:03:45.334326+00:00,140.7,11,bid,Xuanyu Liu,EarnestEspressos,8063558
2026-07-05T08:03:46.068749,2026-07-05T08:03:46.081086+00:00,140.7,42,bid,CostlyCorianders,EarnestEspressos,8063573
2026-07-05T08:03:46.493705,2026-07-05T08:03:46.506101+00:00,140.7,47,bid,DiligentDonuts,EarnestEspressos,8063581
2026-07-05T08:03:47.249419,2026-07-05T08:03:47.258568+00:00,141.2,50,bid,EarnestEspressos,DiligentDonuts,8063594
2026-07-05T08:03:47.926081,2026-07-05T08:03:47.937075+00:00,141.2,50,bid,FlawlessFlatbreads,DiligentDonuts,8063603
2026-07-05T08:03:47.994056,2026-07-05T08:03:48.003439+00:00,141.2,57,ask,EarnestEspressos,Xuanyu Liu,8063605
2026-07-05T08:03:48.074130,2026-07-05T08:03:48.086651+00:00,141.2,43,ask,EarnestEspressos,CostlyCorianders,8063607
2026-07-05T08:03:48.074130,2026-07-05T08:03:48.086651+00:00,140.7,3,ask,DiligentDonuts,CostlyCorianders,8063608
2026-07-05T08:03:48.662921,2026-07-05T08:03:48.675729+00:00,140.7,44,ask,DiligentDonuts,CostlyCorianders,8063616
2026-07-05T08:03:50.442669,2026-07-05T08:03:50.454435+00:00,140.5,2,ask,DiligentDonuts,Harold Schneider,8063639
2026-07-05T08:03:50.594341,2026-07-05T08:03:50.603546+00:00,141.0,11,bid,Xuanyu Liu,DiligentDonuts,8063642
2026-07-05T08:03:50.671030,2026-07-05T08:03:50.683101+00:00,141.0,49,bid,CostlyCorianders,DiligentDonuts,8063646
2026-07-05T08:03:51.185624,2026-07-05T08:03:51.198281+00:00,140.6,47,ask,EarnestEspressos,CostlyCorianders,8063650
2026-07-05T08:03:51.525456,2026-07-05T08:03:51.532520+00:00,140.6,50,ask,EarnestEspressos,FlawlessFlatbreads,8063662
2026-07-05T08:03:51.904798,2026-07-05T08:03:51.915206+00:00,141.0,12,bid,Xuanyu Liu,DiligentDonuts,8063669
2026-07-05T08:03:53.581840,2026-07-05T08:03:53.593646+00:00,141.1,50,bid,FlawlessFlatbreads,EarnestEspressos,8063689
2026-07-05T08:03:54.267804,2026-07-05T08:03:54.279642+00:00,141.4,40,bid,CostlyCorianders,DiligentDonuts,8063700
2026-07-05T08:03:54.502651,2026-07-05T08:03:54.519109+00:00,141.0,11,bid,Xuanyu Liu,EarnestEspressos,8063705
2026-07-05T08:03:54.540802,2026-07-05T08:03:54.550271+00:00,140.9,11,ask,DiligentDonuts,Xuanyu Liu,8063709
2026-07-05T08:03:54.953988,2026-07-05T08:03:54.965889+00:00,140.9,47,ask,DiligentDonuts,CostlyCorianders,8063717
2026-07-05T08:03:55.105700,2026-07-05T08:03:55.120589+00:00,141.0,11,bid,Xuanyu Liu,EarnestEspressos,8063722
2026-07-05T08:03:55.457253,2026-07-05T08:03:55.469074+00:00,140.9,2,ask,DiligentDonuts,Harold Schneider,8063730
2026-07-05T08:03:55.517678,2026-07-05T08:03:55.529742+00:00,141.0,48,bid,CostlyCorianders,EarnestEspressos,8063733
2026-07-05T08:03:56.924335,2026-07-05T08:03:56.940112+00:00,141.0,12,bid,Xuanyu Liu,EarnestEspressos,8063767
2026-07-05T08:03:57.742918,2026-07-05T08:03:57.754907+00:00,140.9,50,ask,DiligentDonuts,FlawlessFlatbreads,8063785
2026-07-05T08:03:59.851831,2026-07-05T08:03:59.863641+00:00,140.9,50,ask,DiligentDonuts,FlawlessFlatbreads,8063816
2026-07-05T08:04:01.651864,2026-07-05T08:04:01.658607+00:00,141.1,47,ask,EarnestEspressos,CostlyCorianders,8063838
2026-07-05T08:04:01.959747,2026-07-05T08:04:01.967587+00:00,141.1,50,ask,EarnestEspressos,FlawlessFlatbreads,8063839
2026-07-05T08:04:04.066478,2026-07-05T08:04:04.079168+00:00,141.0,10,ask,Harold Schneider,FlawlessFlatbreads,8063865
2026-07-05T08:04:04.066478,2026-07-05T08:04:04.079168+00:00,140.8,40,ask,DiligentDonuts,FlawlessFlatbreads,8063866
2026-07-05T08:04:04.933600,2026-07-05T08:04:04.945414+00:00,141.2,10,bid,CostlyCorianders,Harold Schneider,8063873
2026-07-05T08:04:04.933600,2026-07-05T08:04:04.945414+00:00,141.3,39,bid,CostlyCorianders,DiligentDonuts,8063874
2026-07-05T08:04:06.124972,2026-07-05T08:04:06.137091+00:00,141.2,10,bid,FlawlessFlatbreads,Harold Schneider,8063894
2026-07-05T08:04:06.124972,2026-07-05T08:04:06.137091+00:00,141.3,40,bid,FlawlessFlatbreads,EarnestEspressos,8063895
2026-07-05T08:04:07.417225,2026-07-05T08:04:07.429704+00:00,140.9,10,ask,Harold Schneider,CostlyCorianders,8063908
2026-07-05T08:04:07.417225,2026-07-05T08:04:07.429704+00:00,140.9,39,ask,EarnestEspressos,CostlyCorianders,8063909
2026-07-05T08:04:08.234597,2026-07-05T08:04:08.247083+00:00,141.3,50,bid,FlawlessFlatbreads,DiligentDonuts,8063918
2026-07-05T08:04:12.498348,2026-07-05T08:04:12.510335+00:00,141.1,50,ask,DiligentDonuts,FlawlessFlatbreads,8063972
2026-07-05T08:04:12.511807,2026-07-05T08:04:12.523583+00:00,141.5,43,bid,CostlyCorianders,EarnestEspressos,8063973
2026-07-05T08:04:14.606489,2026-07-05T08:04:14.615758+00:00,141.2,50,ask,EarnestEspressos,FlawlessFlatbreads,8064000
2026-07-05T08:04:18.356510,2026-07-05T08:04:18.363841+00:00,141.6,43,bid,CostlyCorianders,EarnestEspressos,8064048
2026-07-05T08:04:18.830014,2026-07-05T08:04:18.842260+00:00,141.1,50,ask,EarnestEspressos,FlawlessFlatbreads,8064052
2026-07-05T08:04:19.555332,2026-07-05T08:04:19.564831+00:00,141.1,45,ask,DiligentDonuts,CostlyCorianders,8064058
2026-07-05T08:04:20.887090,2026-07-05T08:04:20.895929+00:00,141.6,50,bid,FlawlessFlatbreads,DiligentDonuts,8064070
2026-07-05T08:04:21.599301,2026-07-05T08:04:21.611251+00:00,141.6,41,bid,CostlyCorianders,EarnestEspressos,8064076
2026-07-05T08:04:22.648466,2026-07-05T08:04:22.658609+00:00,141.2,47,ask,DiligentDonuts,CostlyCorianders,8064092
2026-07-05T08:04:24.731606,2026-07-05T08:04:24.743970+00:00,141.7,43,bid,CostlyCorianders,DiligentDonuts,8064123
2026-07-05T08:04:25.150039,2026-07-05T08:04:25.153979+00:00,141.4,50,ask,EarnestEspressos,FlawlessFlatbreads,8064128
2026-07-05T08:04:26.116131,2026-07-05T08:04:26.126238+00:00,141.7,11,bid,Xuanyu Liu,DiligentDonuts,8064144
2026-07-05T08:04:27.257643,2026-07-05T08:04:27.270348+00:00,141.3,50,ask,EarnestEspressos,FlawlessFlatbreads,8064165
2026-07-05T08:04:27.900918,2026-07-05T08:04:27.908127+00:00,141.8,45,bid,CostlyCorianders,EarnestEspressos,8064177
2026-07-05T08:04:29.364949,2026-07-05T08:04:29.377020+00:00,141.5,50,ask,DiligentDonuts,FlawlessFlatbreads,8064199
2026-07-05T08:04:31.494768,2026-07-05T08:04:31.507197+00:00,141.2,50,ask,EarnestEspressos,FlawlessFlatbreads,8064219
2026-07-05T08:04:33.604604,2026-07-05T08:04:33.616721+00:00,141.1,50,ask,DiligentDonuts,FlawlessFlatbreads,8064236
2026-07-05T08:04:33.991151,2026-07-05T08:04:34.000804+00:00,141.5,3,bid,Xuanyu Liu,EarnestEspressos,8064249
2026-07-05T08:04:34.627647,2026-07-05T08:04:34.639627+00:00,141.0,41,ask,EarnestEspressos,CostlyCorianders,8064260
2026-07-05T08:04:35.275666,2026-07-05T08:04:35.285462+00:00,141.4,48,bid,CostlyCorianders,DiligentDonuts,8064269
2026-07-05T08:04:35.568277,2026-07-05T08:04:35.579742+00:00,141.4,25,bid,Harold Schneider,DiligentDonuts,8064273
2026-07-05T08:04:35.591193,2026-07-05T08:04:35.601356+00:00,141.3,3,bid,Xuanyu Liu,Harold Schneider,8064274
2026-07-05T08:04:35.923578,2026-07-05T08:04:35.931510+00:00,141.3,7,bid,CostlyCorianders,Harold Schneider,8064284
2026-07-05T08:04:35.923578,2026-07-05T08:04:35.936893+00:00,141.4,27,bid,CostlyCorianders,DiligentDonuts,8064285
2026-07-05T08:04:36.480372,2026-07-05T08:04:36.492881+00:00,141.1,10,ask,Harold Schneider,CostlyCorianders,8064291
2026-07-05T08:04:36.480372,2026-07-05T08:04:36.492881+00:00,141.0,34,ask,EarnestEspressos,CostlyCorianders,8064292
2026-07-05T08:04:37.192846,2026-07-05T08:04:37.207180+00:00,141.4,3,ask,DiligentDonuts,Xuanyu Liu,8064302
2026-07-05T08:04:37.858656,2026-07-05T08:04:37.871058+00:00,141.4,50,ask,DiligentDonuts,FlawlessFlatbreads,8064312
2026-07-05T08:04:38.644184,2026-07-05T08:04:38.648462+00:00,141.4,47,ask,DiligentDonuts,EarnestEspressos,8064325
2026-07-05T08:04:39.965876,2026-07-05T08:04:39.978132+00:00,140.7,50,ask,EarnestEspressos,FlawlessFlatbreads,8064354
2026-07-05T08:04:40.596663,2026-07-05T08:04:40.607678+00:00,141.2,21,bid,Harold Schneider,EarnestEspressos,8064365
2026-07-05T08:04:40.614125,2026-07-05T08:04:40.624325+00:00,141.1,3,bid,Xuanyu Liu,Harold Schneider,8064366
2026-07-05T08:04:40.626525,2026-07-05T08:04:40.634865+00:00,141.1,7,bid,Xuanyu Liu,Harold Schneider,8064368
2026-07-05T08:04:41.152869,2026-07-05T08:04:41.166071+00:00,140.9,46,ask,DiligentDonuts,CostlyCorianders,8064382
2026-07-05T08:04:42.073402,2026-07-05T08:04:42.085501+00:00,140.9,50,ask,DiligentDonuts,FlawlessFlatbreads,8064387
2026-07-05T08:04:44.150493,2026-07-05T08:04:44.153607+00:00,141.0,50,bid,FlawlessFlatbreads,DiligentDonuts,8064415
2026-07-05T08:04:45.213159,2026-07-05T08:04:45.225743+00:00,141.0,40,bid,CostlyCorianders,DiligentDonuts,8064426
2026-07-05T08:04:45.631189,2026-07-05T08:04:45.641525+00:00,141.0,10,bid,Harold Schneider,DiligentDonuts,8064435
2026-07-05T08:04:46.109323,2026-07-05T08:04:46.121142+00:00,141.0,4,bid,Aaron Tian,Harold Schneider,8064442
2026-07-05T08:04:46.296180,2026-07-05T08:04:46.307119+00:00,140.6,46,ask,EarnestEspressos,CostlyCorianders,8064445
2026-07-05T08:04:46.308807,2026-07-05T08:04:46.317698+00:00,140.6,50,ask,EarnestEspressos,FlawlessFlatbreads,8064447
2026-07-05T08:04:46.931578,2026-07-05T08:04:46.943781+00:00,141.0,6,bid,CostlyCorianders,Harold Schneider,8064461
2026-07-05T08:04:46.931578,2026-07-05T08:04:46.943781+00:00,141.1,36,bid,CostlyCorianders,EarnestEspressos,8064462
2026-07-05T08:04:48.130640,2026-07-05T08:04:48.143073+00:00,140.9,100,ask,DiligentDonuts,EarnestEspressos,8064479
2026-07-05T08:04:50.215590,2026-07-05T08:04:50.225030+00:00,140.9,43,bid,CostlyCorianders,EarnestEspressos,8064508
2026-07-05T08:04:50.559781,2026-07-05T08:04:50.572012+00:00,140.6,50,ask,DiligentDonuts,FlawlessFlatbreads,8064511
2026-07-05T08:04:50.659492,2026-07-05T08:04:50.670157+00:00,140.8,4,bid,Xuanyu Liu,Harold Schneider,8064513
2026-07-05T08:04:50.671403,2026-07-05T08:04:50.685713+00:00,140.9,2,bid,Harold Schneider,EarnestEspressos,8064515
2026-07-05T08:04:50.720018,2026-07-05T08:04:50.732175+00:00,140.6,44,ask,DiligentDonuts,CostlyCorianders,8064517
2026-07-05T08:04:51.696299,2026-07-05T08:04:51.708715+00:00,141.1,40,bid,CostlyCorianders,DiligentDonuts,8064537
2026-07-05T08:04:51.751794,2026-07-05T08:04:51.763950+00:00,141.0,43,ask,EarnestEspressos,CostlyCorianders,8064538
2026-07-05T08:04:52.303248,2026-07-05T08:04:52.315100+00:00,141.1,41,bid,CostlyCorianders,DiligentDonuts,8064545
2026-07-05T08:04:52.682634,2026-07-05T08:04:52.699946+00:00,141.0,50,ask,EarnestEspressos,FlawlessFlatbreads,8064549
2026-07-05T08:04:54.792887,2026-07-05T08:04:54.801121+00:00,140.6,50,ask,DiligentDonuts,FlawlessFlatbreads,8064577
2026-07-05T08:04:55.696139,2026-07-05T08:04:55.705073+00:00,141.1,2,bid,Harold Schneider,DiligentDonuts,8064593
2026-07-05T08:04:56.029161,2026-07-05T08:04:56.041310+00:00,140.6,40,ask,DiligentDonuts,CostlyCorianders,8064595
2026-07-05T08:04:56.259463,2026-07-05T08:04:56.268270+00:00,140.9,12,bid,Xuanyu Liu,DiligentDonuts,8064597
2026-07-05T08:04:56.859408,2026-07-05T08:04:56.869247+00:00,140.9,50,bid,FlawlessFlatbreads,DiligentDonuts,8064606
2026-07-05T08:04:59.020269,2026-07-05T08:04:59.032687+00:00,140.6,50,ask,EarnestEspressos,FlawlessFlatbreads,8064633
2026-07-05T08:05:00.015140,2026-07-05T08:05:00.027414+00:00,140.9,40,bid,CostlyCorianders,DiligentDonuts,8064656
2026-07-05T08:05:00.635513,2026-07-05T08:05:00.647890+00:00,140.6,48,ask,EarnestEspressos,CostlyCorianders,8064669
2026-07-05T08:05:00.723800,2026-07-05T08:05:00.731897+00:00,140.9,2,bid,Harold Schneider,DiligentDonuts,8064671
2026-07-05T08:05:01.172261,2026-07-05T08:05:01.184882+00:00,140.4,50,ask,DiligentDonuts,FlawlessFlatbreads,8064678
2026-07-05T08:05:03.246048,2026-07-05T08:05:03.258586+00:00,140.7,42,bid,CostlyCorianders,EarnestEspressos,8064712
2026-07-05T08:05:03.281692,2026-07-05T08:05:03.293933+00:00,140.3,50,ask,DiligentDonuts,FlawlessFlatbreads,8064713
2026-07-05T08:05:05.407113,2026-07-05T08:05:05.419594+00:00,140.3,50,ask,DiligentDonuts,FlawlessFlatbreads,8064737
2026-07-05T08:05:05.743062,2026-07-05T08:05:05.753871+00:00,140.5,2,bid,Harold Schneider,EarnestEspressos,8064741
2026-07-05T08:05:05.755034,2026-07-05T08:05:05.765128+00:00,140.4,11,bid,Xuanyu Liu,DiligentDonuts,8064743
2026-07-05T08:05:06.344481,2026-07-05T08:05:06.358553+00:00,140.4,40,bid,CostlyCorianders,DiligentDonuts,8064757
2026-07-05T08:05:09.569593,2026-07-05T08:05:09.580472+00:00,140.5,50,bid,FlawlessFlatbreads,DiligentDonuts,8064795
2026-07-05T08:05:10.795587,2026-07-05T08:05:10.806055+00:00,140.5,2,bid,Harold Schneider,DiligentDonuts,8064807
2026-07-05T08:05:11.680777,2026-07-05T08:05:11.687982+00:00,140.5,48,bid,FlawlessFlatbreads,DiligentDonuts,8064827
2026-07-05T08:05:11.680777,2026-07-05T08:05:11.693262+00:00,140.6,2,bid,FlawlessFlatbreads,EarnestEspressos,8064828
2026-07-05T08:05:12.832704,2026-07-05T08:05:12.844688+00:00,140.2,46,ask,DiligentDonuts,CostlyCorianders,8064850
2026-07-05T08:05:13.818922,2026-07-05T08:05:13.827344+00:00,140.5,50,bid,FlawlessFlatbreads,EarnestEspressos,8064868
2026-07-05T08:05:15.818574,2026-07-05T08:05:15.826246+00:00,140.4,2,bid,Harold Schneider,DiligentDonuts,8064897
2026-07-05T08:05:17.957368,2026-07-05T08:05:17.969526+00:00,140.0,47,ask,EarnestEspressos,CostlyCorianders,8064918
2026-07-05T08:05:18.063337,2026-07-05T08:05:18.080389+00:00,140.4,50,bid,FlawlessFlatbreads,DiligentDonuts,8064923
2026-07-05T08:05:19.520200,2026-07-05T08:05:19.531977+00:00,140.5,45,bid,CostlyCorianders,EarnestEspressos,8064952
2026-07-05T08:05:20.177150,2026-07-05T08:05:20.189862+00:00,140.4,50,bid,FlawlessFlatbreads,EarnestEspressos,8064958
2026-07-05T08:05:20.846109,2026-07-05T08:05:20.855029+00:00,140.4,2,bid,Harold Schneider,EarnestEspressos,8064969
2026-07-05T08:05:21.585726,2026-07-05T08:05:21.594170+00:00,140.0,40,ask,DiligentDonuts,CostlyCorianders,8064977
2026-07-05T08:05:22.652743,2026-07-05T08:05:22.658584+00:00,140.4,42,bid,CostlyCorianders,EarnestEspressos,8065002
2026-07-05T08:05:22.903524,2026-07-05T08:05:22.913047+00:00,140.4,23,ask,EarnestEspressos,Xuanyu Liu,8065007
2026-07-05T08:05:23.801871,2026-07-05T08:05:23.813966+00:00,140.4,49,ask,EarnestEspressos,CostlyCorianders,8065021
2026-07-05T08:05:24.442450,2026-07-05T08:05:24.463898+00:00,140.4,50,ask,EarnestEspressos,FlawlessFlatbreads,8065026
2026-07-05T08:05:26.534752,2026-07-05T08:05:26.542572+00:00,140.4,50,bid,FlawlessFlatbreads,EarnestEspressos,8065061
2026-07-05T08:05:28.642665,2026-07-05T08:05:28.658545+00:00,140.3,50,bid,FlawlessFlatbreads,DiligentDonuts,8065094
2026-07-05T08:05:30.101228,2026-07-05T08:05:30.113124+00:00,140.3,47,bid,CostlyCorianders,DiligentDonuts,8065117
2026-07-05T08:05:30.774936,2026-07-05T08:05:30.784406+00:00,140.3,3,bid,FlawlessFlatbreads,DiligentDonuts,8065127
2026-07-05T08:05:30.774936,2026-07-05T08:05:30.784406+00:00,140.5,47,bid,FlawlessFlatbreads,EarnestEspressos,8065128
2026-07-05T08:05:32.889022,2026-07-05T08:05:32.896546+00:00,140.7,50,bid,FlawlessFlatbreads,DiligentDonuts,8065164
2026-07-05T08:05:33.684848,2026-07-05T08:05:33.696684+00:00,140.2,44,ask,DiligentDonuts,CostlyCorianders,8065174
2026-07-05T08:05:34.441755,2026-07-05T08:05:34.451311+00:00,140.2,11,ask,EarnestEspressos,Xuanyu Liu,8065187
2026-07-05T08:05:34.994721,2026-07-05T08:05:35.005965+00:00,140.6,50,bid,FlawlessFlatbreads,DiligentDonuts,8065201
2026-07-05T08:05:35.907629,2026-07-05T08:05:35.918793+00:00,140.1,48,ask,DiligentDonuts,CostlyCorianders,8065214
2026-07-05T08:05:38.084797,2026-07-05T08:05:38.097363+00:00,140.4,41,bid,CostlyCorianders,EarnestEspressos,8065250
2026-07-05T08:05:38.746656,2026-07-05T08:05:38.754260+00:00,140.5,100,bid,EarnestEspressos,DiligentDonuts,8065261
2026-07-05T08:05:39.242036,2026-07-05T08:05:39.264069+00:00,141.0,50,bid,FlawlessFlatbreads,EarnestEspressos,8065275
2026-07-05T08:05:40.519848,2026-07-05T08:05:40.528386+00:00,140.6,3,ask,DiligentDonuts,Xuanyu Liu,8065294
2026-07-05T08:05:41.356131,2026-07-05T08:05:41.369033+00:00,141.0,50,bid,FlawlessFlatbreads,EarnestEspressos,8065306
2026-07-05T08:05:43.497312,2026-07-05T08:05:43.506123+00:00,141.0,50,bid,FlawlessFlatbreads,EarnestEspressos,8065332
2026-07-05T08:05:44.229375,2026-07-05T08:05:44.241999+00:00,140.5,45,ask,EarnestEspressos,CostlyCorianders,8065347
2026-07-05T08:05:45.624521,2026-07-05T08:05:45.634552+00:00,140.9,50,bid,FlawlessFlatbreads,DiligentDonuts,8065366
2026-07-05T08:05:47.734899,2026-07-05T08:05:47.743757+00:00,141.0,50,bid,FlawlessFlatbreads,EarnestEspressos,8065391
2026-07-05T08:05:48.338394,2026-07-05T08:05:48.349878+00:00,141.2,44,bid,CostlyCorianders,DiligentDonuts,8065400
2026-07-05T08:05:48.881020,2026-07-05T08:05:48.891434+00:00,141.0,3,ask,EarnestEspressos,Xuanyu Liu,8065406
2026-07-05T08:05:49.292148,2026-07-05T08:05:49.301669+00:00,141.0,11,ask,EarnestEspressos,Xuanyu Liu,8065411
2026-07-05T08:05:50.205778,2026-07-05T08:05:50.215271+00:00,141.0,12,ask,EarnestEspressos,Xuanyu Liu,8065426
2026-07-05T08:05:50.918282,2026-07-05T08:05:50.930695+00:00,141.0,25,ask,EarnestEspressos,Harold Schneider,8065432
2026-07-05T08:05:50.942754,2026-07-05T08:05:50.955043+00:00,141.1,10,ask,Harold Schneider,Xuanyu Liu,8065434
2026-07-05T08:05:51.960796,2026-07-05T08:05:51.969005+00:00,140.8,4,ask,DiligentDonuts,Aaron Tian,8065458
2026-07-05T08:05:54.061846,2026-07-05T08:05:54.075125+00:00,141.0,50,bid,FlawlessFlatbreads,EarnestEspressos,8065482
2026-07-05T08:05:55.129792,2026-07-05T08:05:55.139780+00:00,140.8,41,ask,DiligentDonuts,CostlyCorianders,8065503
2026-07-05T08:05:55.953182,2026-07-05T08:05:55.955784+00:00,140.8,25,ask,DiligentDonuts,Harold Schneider,8065519
2026-07-05T08:05:55.988727,2026-07-05T08:05:55.996587+00:00,140.8,2,ask,DiligentDonuts,Harold Schneider,8065522
2026-07-05T08:05:56.249414,2026-07-05T08:05:56.258640+00:00,140.8,32,ask,DiligentDonuts,FlawlessFlatbreads,8065525
2026-07-05T08:05:56.249414,2026-07-05T08:05:56.258640+00:00,140.8,18,ask,EarnestEspressos,FlawlessFlatbreads,8065526
2026-07-05T08:05:56.392255,2026-07-05T08:05:56.400447+00:00,140.8,100,ask,EarnestEspressos,DiligentDonuts,8065529
2026-07-05T08:05:57.251739,2026-07-05T08:05:57.258550+00:00,140.8,32,ask,EarnestEspressos,CostlyCorianders,8065538
2026-07-05T08:05:57.790080,2026-07-05T08:05:57.799272+00:00,140.5,36,bid,Xuanyu Liu,EarnestEspressos,8065550
2026-07-05T08:05:58.358183,2026-07-05T08:05:58.370160+00:00,140.3,50,ask,DiligentDonuts,FlawlessFlatbreads,8065561
2026-07-05T08:05:59.503383,2026-07-05T08:05:59.513321+00:00,140.5,100,bid,DiligentDonuts,EarnestEspressos,8065576
2026-07-05T08:06:00.495487,2026-07-05T08:06:00.507954+00:00,140.0,50,ask,EarnestEspressos,FlawlessFlatbreads,8065595
2026-07-05T08:06:00.522757,2026-07-05T08:06:00.535034+00:00,140.5,14,bid,CostlyCorianders,EarnestEspressos,8065598
2026-07-05T08:06:00.522757,2026-07-05T08:06:00.535034+00:00,141.0,35,bid,CostlyCorianders,DiligentDonuts,8065599
2026-07-05T08:06:01.553460,2026-07-05T08:06:01.565475+00:00,140.4,43,ask,EarnestEspressos,CostlyCorianders,8065615
2026-07-05T08:06:02.604430,2026-07-05T08:06:02.614329+00:00,140.4,50,ask,EarnestEspressos,FlawlessFlatbreads,8065635
2026-07-05T08:06:04.663208,2026-07-05T08:06:04.679239+00:00,140.4,50,bid,FlawlessFlatbreads,EarnestEspressos,8065669
2026-07-05T08:06:06.823321,2026-07-05T08:06:06.831077+00:00,140.0,50,ask,DiligentDonuts,FlawlessFlatbreads,8065707
2026-07-05T08:06:08.291403,2026-07-05T08:06:08.300576+00:00,140.5,42,bid,CostlyCorianders,DiligentDonuts,8065740
2026-07-05T08:06:08.949290,2026-07-05T08:06:08.958556+00:00,140.0,50,ask,EarnestEspressos,FlawlessFlatbreads,8065748
2026-07-05T08:06:09.781071,2026-07-05T08:06:09.793495+00:00,140.5,46,bid,CostlyCorianders,EarnestEspressos,8065761
2026-07-05T08:06:11.004187,2026-07-05T08:06:11.016432+00:00,140.4,50,bid,FlawlessFlatbreads,EarnestEspressos,8065773
2026-07-05T08:06:11.084657,2026-07-05T08:06:11.096556+00:00,140.2,2,ask,DiligentDonuts,Harold Schneider,8065774
2026-07-05T08:06:11.430887,2026-07-05T08:06:11.441462+00:00,140.2,42,ask,DiligentDonuts,CostlyCorianders,8065778
2026-07-05T08:06:13.111922,2026-07-05T08:06:13.119090+00:00,140.3,50,bid,FlawlessFlatbreads,DiligentDonuts,8065805
2026-07-05T08:06:14.398012,2026-07-05T08:06:14.409715+00:00,140.1,48,ask,EarnestEspressos,CostlyCorianders,8065825
2026-07-05T08:06:15.273420,2026-07-05T08:06:15.285417+00:00,140.1,50,ask,EarnestEspressos,FlawlessFlatbreads,8065838
2026-07-05T08:06:15.894677,2026-07-05T08:06:15.904083+00:00,140.5,47,bid,CostlyCorianders,DiligentDonuts,8065846
2026-07-05T08:06:17.380357,2026-07-05T08:06:17.390287+00:00,140.0,50,ask,DiligentDonuts,FlawlessFlatbreads,8065872
2026-07-05T08:06:19.492848,2026-07-05T08:06:19.501761+00:00,140.0,50,ask,DiligentDonuts,FlawlessFlatbreads,8065904
2026-07-05T08:06:20.518743,2026-07-05T08:06:20.530599+00:00,140.2,40,bid,CostlyCorianders,EarnestEspressos,8065914
2026-07-05T08:06:21.515800,2026-07-05T08:06:21.528254+00:00,140.2,41,bid,CostlyCorianders,EarnestEspressos,8065927
2026-07-05T08:06:21.622672,2026-07-05T08:06:21.642283+00:00,139.7,50,ask,EarnestEspressos,FlawlessFlatbreads,8065932
2026-07-05T08:06:23.678672,2026-07-05T08:06:23.690910+00:00,140.4,50,bid,FlawlessFlatbreads,DiligentDonuts,8065961
2026-07-05T08:06:25.792718,2026-07-05T08:06:25.804849+00:00,140.5,50,bid,FlawlessFlatbreads,EarnestEspressos,8065981
2026-07-05T08:06:25.809883,2026-07-05T08:06:25.817613+00:00,140.3,46,ask,DiligentDonuts,CostlyCorianders,8065982
2026-07-05T08:06:26.749219,2026-07-05T08:06:26.758567+00:00,140.4,48,ask,EarnestEspressos,CostlyCorianders,8065997
2026-07-05T08:06:30.121530,2026-07-05T08:06:30.132034+00:00,140.2,50,ask,DiligentDonuts,FlawlessFlatbreads,8066049
2026-07-05T08:06:32.179782,2026-07-05T08:06:32.186733+00:00,140.2,50,bid,FlawlessFlatbreads,DiligentDonuts,8066075
2026-07-05T08:06:33.541132,2026-07-05T08:06:33.548588+00:00,140.2,42,bid,CostlyCorianders,DiligentDonuts,8066097
2026-07-05T08:06:34.343175,2026-07-05T08:06:34.355152+00:00,140.1,50,ask,EarnestEspressos,FlawlessFlatbreads,8066109
2026-07-05T08:06:36.452889,2026-07-05T08:06:36.465215+00:00,140.0,50,ask,DiligentDonuts,FlawlessFlatbreads,8066132
2026-07-05T08:06:38.414808,2026-07-05T08:06:38.427071+00:00,139.7,49,ask,EarnestEspressos,CostlyCorianders,8066161
2026-07-05T08:06:38.510158,2026-07-05T08:06:38.519831+00:00,140.2,50,bid,FlawlessFlatbreads,EarnestEspressos,8066163
2026-07-05T08:06:39.051425,2026-07-05T08:06:39.058380+00:00,140.0,48,bid,CostlyCorianders,EarnestEspressos,8066170
2026-07-05T08:06:41.112525,2026-07-05T08:06:41.120438+00:00,140.0,40,bid,CostlyCorianders,EarnestEspressos,8066212
2026-07-05T08:06:42.733548,2026-07-05T08:06:42.745743+00:00,140.1,50,bid,FlawlessFlatbreads,DiligentDonuts,8066234
2026-07-05T08:06:44.276498,2026-07-05T08:06:44.285891+00:00,140.0,45,ask,EarnestEspressos,CostlyCorianders,8066254
2026-07-05T08:06:44.926515,2026-07-05T08:06:44.941064+00:00,140.0,50,ask,EarnestEspressos,FlawlessFlatbreads,8066263
2026-07-05T08:06:46.199575,2026-07-05T08:06:46.210551+00:00,139.9,25,bid,Harold Schneider,EarnestEspressos,8066285
2026-07-05T08:06:46.222231,2026-07-05T08:06:46.232811+00:00,139.8,3,bid,Xuanyu Liu,Harold Schneider,8066286
2026-07-05T08:06:47.002408,2026-07-05T08:06:47.015110+00:00,139.8,7,bid,DiligentDonuts,Harold Schneider,8066303
2026-07-05T08:06:47.002408,2026-07-05T08:06:47.015110+00:00,139.9,93,bid,DiligentDonuts,EarnestEspressos,8066304
2026-07-05T08:06:47.060911,2026-07-05T08:06:47.070346+00:00,139.7,10,ask,Harold Schneider,FlawlessFlatbreads,8066305
2026-07-05T08:06:47.060911,2026-07-05T08:06:47.070346+00:00,139.4,40,ask,EarnestEspressos,FlawlessFlatbreads,8066306
2026-07-05T08:06:49.170751,2026-07-05T08:06:49.182914+00:00,139.9,50,ask,EarnestEspressos,FlawlessFlatbreads,8066336
2026-07-05T08:06:49.437568,2026-07-05T08:06:49.449981+00:00,140.4,40,bid,CostlyCorianders,DiligentDonuts,8066342
2026-07-05T08:06:51.290444,2026-07-05T08:06:51.303134+00:00,140.0,10,ask,Harold Schneider,FlawlessFlatbreads,8066363
2026-07-05T08:06:51.546508,2026-07-05T08:06:51.553549+00:00,139.8,45,ask,DiligentDonuts,CostlyCorianders,8066371
2026-07-05T08:06:52.663149,2026-07-05T08:06:52.675289+00:00,140.2,10,bid,CostlyCorianders,Harold Schneider,8066392
2026-07-05T08:06:52.663149,2026-07-05T08:06:52.675289+00:00,140.3,37,bid,CostlyCorianders,DiligentDonuts,8066393
2026-07-05T08:06:53.247650,2026-07-05T08:06:53.254657+00:00,139.9,46,ask,EarnestEspressos,CostlyCorianders,8066409
2026-07-05T08:06:53.396701,2026-07-05T08:06:53.409706+00:00,139.9,50,ask,EarnestEspressos,FlawlessFlatbreads,8066415
2026-07-05T08:06:54.394405,2026-07-05T08:06:54.406657+00:00,139.9,43,ask,EarnestEspressos,CostlyCorianders,8066427
2026-07-05T08:06:54.792711,2026-07-05T08:06:54.811740+00:00,139.9,100,ask,DiligentDonuts,EarnestEspressos,8066431
2026-07-05T08:06:54.802520,2026-07-05T08:06:54.811740+00:00,139.8,23,bid,Xuanyu Liu,EarnestEspressos,8066432
2026-07-05T08:06:56.238974,2026-07-05T08:06:56.249974+00:00,139.8,19,bid,Harold Schneider,EarnestEspressos,8066453
2026-07-05T08:06:57.064965,2026-07-05T08:06:57.074265+00:00,139.7,10,bid,Xuanyu Liu,Harold Schneider,8066463
2026-07-05T08:06:57.896260,2026-07-05T08:06:57.907901+00:00,140.0,4,bid,Aaron Tian,DiligentDonuts,8066484
2026-07-05T08:06:57.946060,2026-07-05T08:06:57.956475+00:00,139.9,10,ask,EarnestEspressos,Xuanyu Liu,8066486
2026-07-05T08:06:58.579634,2026-07-05T08:06:58.588641+00:00,139.9,12,ask,EarnestEspressos,Xuanyu Liu,8066500
2026-07-05T08:06:59.763937,2026-07-05T08:06:59.779398+00:00,139.9,100,ask,EarnestEspressos,DiligentDonuts,8066521
2026-07-05T08:07:00.984023,2026-07-05T08:07:00.998361+00:00,139.9,11,ask,EarnestEspressos,Xuanyu Liu,8066543
2026-07-05T08:07:01.133458,2026-07-05T08:07:01.142768+00:00,139.6,23,bid,Xuanyu Liu,EarnestEspressos,8066548
2026-07-05T08:07:01.178702,2026-07-05T08:07:01.188947+00:00,139.6,47,bid,CostlyCorianders,EarnestEspressos,8066550
2026-07-05T08:07:01.256591,2026-07-05T08:07:01.268703+00:00,139.6,2,bid,Harold Schneider,EarnestEspressos,8066556
2026-07-05T08:07:01.759511,2026-07-05T08:07:01.768662+00:00,139.6,40,bid,CostlyCorianders,EarnestEspressos,8066562
2026-07-05T08:07:01.876482,2026-07-05T08:07:01.887740+00:00,139.3,50,ask,DiligentDonuts,FlawlessFlatbreads,8066566
2026-07-05T08:07:02.332702,2026-07-05T08:07:02.344604+00:00,139.3,48,ask,DiligentDonuts,CostlyCorianders,8066571
2026-07-05T08:07:03.822892,2026-07-05T08:07:03.834407+00:00,139.6,11,bid,Xuanyu Liu,EarnestEspressos,8066593
2026-07-05T08:07:03.932140,2026-07-05T08:07:03.945108+00:00,139.6,27,bid,FlawlessFlatbreads,EarnestEspressos,8066596
2026-07-05T08:07:03.932140,2026-07-05T08:07:03.945108+00:00,139.9,23,bid,FlawlessFlatbreads,DiligentDonuts,8066597
2026-07-05T08:07:04.240113,2026-07-05T08:07:04.249968+00:00,139.7,11,ask,EarnestEspressos,Xuanyu Liu,8066603
2026-07-05T08:07:04.611193,2026-07-05T08:07:04.619993+00:00,139.7,12,ask,EarnestEspressos,Xuanyu Liu,8066613
2026-07-05T08:07:06.097202,2026-07-05T08:07:06.108794+00:00,139.7,100,ask,EarnestEspressos,DiligentDonuts,8066641
2026-07-05T08:07:06.689495,2026-07-05T08:07:06.701528+00:00,139.7,27,ask,EarnestEspressos,CostlyCorianders,8066658
2026-07-05T08:07:07.791951,2026-07-05T08:07:07.802937+00:00,139.5,12,bid,Xuanyu Liu,EarnestEspressos,8066675
2026-07-05T08:07:07.795333,2026-07-05T08:07:07.802937+00:00,139.5,42,bid,CostlyCorianders,EarnestEspressos,8066676
2026-07-05T08:07:08.166064,2026-07-05T08:07:08.178256+00:00,139.5,50,bid,FlawlessFlatbreads,EarnestEspressos,8066682
2026-07-05T08:07:09.207089,2026-07-05T08:07:09.215678+00:00,139.5,46,bid,DiligentDonuts,EarnestEspressos,8066705
2026-07-05T08:07:09.359635,2026-07-05T08:07:09.371556+00:00,140.1,42,bid,CostlyCorianders,DiligentDonuts,8066706
2026-07-05T08:07:10.416776,2026-07-05T08:07:10.423631+00:00,139.6,12,ask,DiligentDonuts,Xuanyu Liu,8066726
2026-07-05T08:07:11.295820,2026-07-05T08:07:11.307764+00:00,140.1,2,bid,Harold Schneider,DiligentDonuts,8066736
2026-07-05T08:07:11.488397,2026-07-05T08:07:11.486435+00:00,139.7,41,ask,EarnestEspressos,CostlyCorianders,8066737
2026-07-05T08:07:12.464197,2026-07-05T08:07:12.471487+00:00,139.7,50,ask,EarnestEspressos,FlawlessFlatbreads,8066753
2026-07-05T08:07:12.578869,2026-07-05T08:07:12.590836+00:00,139.7,43,ask,EarnestEspressos,CostlyCorianders,8066759
2026-07-05T08:07:13.754242,2026-07-05T08:07:13.766470+00:00,140.0,40,bid,CostlyCorianders,DiligentDonuts,8066774
2026-07-05T08:07:13.766139,2026-07-05T08:07:13.776834+00:00,139.5,100,ask,DiligentDonuts,EarnestEspressos,8066775
2026-07-05T08:07:14.520356,2026-07-05T08:07:14.532584+00:00,139.5,50,bid,FlawlessFlatbreads,EarnestEspressos,8066783
2026-07-05T08:07:15.773749,2026-07-05T08:07:15.785704+00:00,139.8,44,bid,CostlyCorianders,DiligentDonuts,8066791
2026-07-05T08:07:16.321699,2026-07-05T08:07:16.333410+00:00,139.8,2,bid,Harold Schneider,DiligentDonuts,8066800
2026-07-05T08:07:16.629026,2026-07-05T08:07:16.639407+00:00,139.8,50,bid,FlawlessFlatbreads,DiligentDonuts,8066809
2026-07-05T08:07:18.864954,2026-07-05T08:07:18.876564+00:00,139.5,45,ask,EarnestEspressos,CostlyCorianders,8066850
2026-07-05T08:07:20.908648,2026-07-05T08:07:20.921273+00:00,139.5,50,ask,EarnestEspressos,FlawlessFlatbreads,8066881
2026-07-05T08:07:20.975955,2026-07-05T08:07:20.987758+00:00,139.5,49,ask,DiligentDonuts,CostlyCorianders,8066886
2026-07-05T08:07:21.341391,2026-07-05T08:07:21.348672+00:00,139.8,2,bid,Harold Schneider,EarnestEspressos,8066894
2026-07-05T08:07:21.620098,2026-07-05T08:07:21.632664+00:00,139.8,41,bid,CostlyCorianders,EarnestEspressos,8066900
2026-07-05T08:07:23.016073,2026-07-05T08:07:23.028010+00:00,139.3,50,ask,EarnestEspressos,FlawlessFlatbreads,8066920
2026-07-05T08:07:25.123736,2026-07-05T08:07:25.135596+00:00,139.2,50,ask,EarnestEspressos,FlawlessFlatbreads,8066963
2026-07-05T08:07:26.357300,2026-07-05T08:07:26.368668+00:00,139.7,2,bid,Harold Schneider,DiligentDonuts,8066982
2026-07-05T08:07:26.670827,2026-07-05T08:07:26.679170+00:00,139.4,45,bid,CostlyCorianders,EarnestEspressos,8066994
2026-07-05T08:07:27.228210,2026-07-05T08:07:27.240526+00:00,139.4,41,bid,CostlyCorianders,EarnestEspressos,8067001
2026-07-05T08:07:27.234111,2026-07-05T08:07:27.245977+00:00,139.2,50,ask,DiligentDonuts,FlawlessFlatbreads,8067002
2026-07-05T08:07:29.346784,2026-07-05T08:07:29.353724+00:00,139.0,50,ask,DiligentDonuts,FlawlessFlatbreads,8067032
2026-07-05T08:07:31.412255,2026-07-05T08:07:31.421999+00:00,139.0,100,ask,EarnestEspressos,DiligentDonuts,8067069
2026-07-05T08:07:31.469332,2026-07-05T08:07:31.477631+00:00,139.0,50,ask,EarnestEspressos,FlawlessFlatbreads,8067071
2026-07-05T08:07:31.957819,2026-07-05T08:07:31.969889+00:00,138.4,48,ask,DiligentDonuts,CostlyCorianders,8067076
2026-07-05T08:07:32.765229,2026-07-05T08:07:32.774840+00:00,138.9,35,bid,Xuanyu Liu,EarnestEspressos,8067086
2026-07-05T08:07:33.365988,2026-07-05T08:07:33.373478+00:00,138.9,46,bid,CostlyCorianders,EarnestEspressos,8067098
2026-07-05T08:07:33.574890,2026-07-05T08:07:33.587278+00:00,138.4,50,ask,DiligentDonuts,FlawlessFlatbreads,8067099
2026-07-05T08:07:34.889987,2026-07-05T08:07:34.899958+00:00,138.8,46,ask,DiligentDonuts,CostlyCorianders,8067127
2026-07-05T08:07:35.488387,2026-07-05T08:07:35.500424+00:00,138.8,40,ask,DiligentDonuts,CostlyCorianders,8067134
2026-07-05T08:07:35.682631,2026-07-05T08:07:35.690287+00:00,138.8,14,ask,DiligentDonuts,FlawlessFlatbreads,8067139
2026-07-05T08:07:37.734644,2026-07-05T08:07:37.744589+00:00,138.8,100,ask,EarnestEspressos,DiligentDonuts,8067182
2026-07-05T08:07:40.394960,2026-07-05T08:07:40.407233+00:00,138.8,48,bid,CostlyCorianders,EarnestEspressos,8067217
2026-07-05T08:07:41.413769,2026-07-05T08:07:41.426036+00:00,138.4,43,ask,DiligentDonuts,CostlyCorianders,8067229
2026-07-05T08:07:41.944771,2026-07-05T08:07:41.957111+00:00,138.8,50,bid,FlawlessFlatbreads,EarnestEspressos,8067235
2026-07-05T08:07:42.352540,2026-07-05T08:07:42.364674+00:00,138.9,40,bid,CostlyCorianders,DiligentDonuts,8067242
2026-07-05T08:07:43.386883,2026-07-05T08:07:43.397841+00:00,138.9,42,bid,CostlyCorianders,DiligentDonuts,8067261
2026-07-05T08:07:44.053317,2026-07-05T08:07:44.058572+00:00,139.1,50,bid,FlawlessFlatbreads,EarnestEspressos,8067267
2026-07-05T08:07:44.450803,2026-07-05T08:07:44.463616+00:00,138.6,44,ask,EarnestEspressos,CostlyCorianders,8067278
2026-07-05T08:07:45.945733,2026-07-05T08:07:45.958613+00:00,138.6,45,ask,DiligentDonuts,CostlyCorianders,8067296
2026-07-05T08:07:46.161139,2026-07-05T08:07:46.169457+00:00,138.9,50,bid,FlawlessFlatbreads,EarnestEspressos,8067302
2026-07-05T08:07:46.523106,2026-07-05T08:07:46.533615+00:00,138.9,47,bid,CostlyCorianders,EarnestEspressos,8067312
2026-07-05T08:07:47.141654,2026-07-05T08:07:47.154670+00:00,138.9,45,bid,CostlyCorianders,EarnestEspressos,8067319
2026-07-05T08:07:48.269524,2026-07-05T08:07:48.278413+00:00,138.7,50,bid,EarnestEspressos,DiligentDonuts,8067332
2026-07-05T08:07:48.563222,2026-07-05T08:07:48.575922+00:00,138.7,50,bid,FlawlessFlatbreads,DiligentDonuts,8067343
2026-07-05T08:07:48.634882,2026-07-05T08:07:48.647125+00:00,138.9,35,ask,EarnestEspressos,Xuanyu Liu,8067346
2026-07-05T08:07:52.089255,2026-07-05T08:07:52.101540+00:00,138.7,44,ask,DiligentDonuts,CostlyCorianders,8067395
2026-07-05T08:07:52.487294,2026-07-05T08:07:52.497078+00:00,139.2,50,bid,FlawlessFlatbreads,DiligentDonuts,8067403
2026-07-05T08:07:53.581296,2026-07-05T08:07:53.593574+00:00,138.7,47,ask,EarnestEspressos,CostlyCorianders,8067418
2026-07-05T08:07:54.595593,2026-07-05T08:07:54.606603+00:00,139.1,50,bid,FlawlessFlatbreads,DiligentDonuts,8067437
2026-07-05T08:07:55.670847,2026-07-05T08:07:55.681925+00:00,139.0,41,bid,CostlyCorianders,EarnestEspressos,8067455
2026-07-05T08:07:56.276054,2026-07-05T08:07:56.288175+00:00,139.0,41,bid,CostlyCorianders,EarnestEspressos,8067461
2026-07-05T08:07:56.702383,2026-07-05T08:07:56.709196+00:00,139.0,50,bid,FlawlessFlatbreads,EarnestEspressos,8067467
2026-07-05T08:07:57.556441,2026-07-05T08:07:57.556901+00:00,138.8,45,ask,DiligentDonuts,CostlyCorianders,8067482
2026-07-05T08:07:58.860591,2026-07-05T08:07:58.873007+00:00,138.8,50,ask,DiligentDonuts,FlawlessFlatbreads,8067501
2026-07-05T08:08:00.324045,2026-07-05T08:08:00.334470+00:00,138.8,41,ask,EarnestEspressos,CostlyCorianders,8067523
2026-07-05T08:08:05.176319,2026-07-05T08:08:05.184653+00:00,139.0,50,bid,FlawlessFlatbreads,DiligentDonuts,8067596
2026-07-05T08:08:05.192582,2026-07-05T08:08:05.200043+00:00,139.0,42,bid,CostlyCorianders,DiligentDonuts,8067597
2026-07-05T08:08:09.414771,2026-07-05T08:08:09.421501+00:00,139.2,50,bid,FlawlessFlatbreads,DiligentDonuts,8067651
2026-07-05T08:08:11.521600,2026-07-05T08:08:11.568741+00:00,139.2,50,bid,FlawlessFlatbreads,DiligentDonuts,8067682
2026-07-05T08:08:12.498547,2026-07-05T08:08:12.509374+00:00,138.9,11,ask,DiligentDonuts,Xuanyu Liu,8067708
2026-07-05T08:08:13.710247,2026-07-05T08:08:13.722571+00:00,138.9,50,ask,DiligentDonuts,FlawlessFlatbreads,8067724
2026-07-05T08:08:15.694143,2026-07-05T08:08:15.706291+00:00,138.8,45,ask,DiligentDonuts,CostlyCorianders,8067753
2026-07-05T08:08:15.767826,2026-07-05T08:08:15.776592+00:00,139.1,50,bid,FlawlessFlatbreads,EarnestEspressos,8067754
2026-07-05T08:08:17.351294,2026-07-05T08:08:17.358032+00:00,139.3,49,bid,CostlyCorianders,DiligentDonuts,8067774
2026-07-05T08:08:17.927019,2026-07-05T08:08:17.940286+00:00,138.8,50,ask,DiligentDonuts,FlawlessFlatbreads,8067790
2026-07-05T08:08:20.038184,2026-07-05T08:08:20.048435+00:00,138.8,50,ask,EarnestEspressos,FlawlessFlatbreads,8067814
2026-07-05T08:08:20.559286,2026-07-05T08:08:20.568906+00:00,139.0,44,bid,CostlyCorianders,DiligentDonuts,8067826
2026-07-05T08:08:22.174885,2026-07-05T08:08:22.185219+00:00,138.7,50,ask,EarnestEspressos,FlawlessFlatbreads,8067844
2026-07-05T08:08:23.770022,2026-07-05T08:08:23.782054+00:00,138.7,40,ask,DiligentDonuts,CostlyCorianders,8067864
2026-07-05T08:08:24.282660,2026-07-05T08:08:24.292769+00:00,138.7,50,ask,DiligentDonuts,FlawlessFlatbreads,8067878
2026-07-05T08:08:26.418323,2026-07-05T08:08:26.430725+00:00,138.5,50,ask,EarnestEspressos,FlawlessFlatbreads,8067906
2026-07-05T08:08:27.751231,2026-07-05T08:08:27.757918+00:00,138.4,43,ask,DiligentDonuts,CostlyCorianders,8067923
2026-07-05T08:08:27.935159,2026-07-05T08:08:27.944286+00:00,138.7,11,bid,Xuanyu Liu,EarnestEspressos,8067926
2026-07-05T08:08:28.475016,2026-07-05T08:08:28.483225+00:00,138.7,50,bid,FlawlessFlatbreads,EarnestEspressos,8067935
2026-07-05T08:08:28.829274,2026-07-05T08:08:28.840088+00:00,138.7,47,bid,CostlyCorianders,EarnestEspressos,8067943
2026-07-05T08:08:30.646862,2026-07-05T08:08:30.656670+00:00,138.6,50,ask,EarnestEspressos,FlawlessFlatbreads,8067963
2026-07-05T08:08:30.786647,2026-07-05T08:08:30.798562+00:00,138.6,47,ask,EarnestEspressos,CostlyCorianders,8067967
2026-07-05T08:08:31.862689,2026-07-05T08:08:31.874734+00:00,138.7,48,bid,CostlyCorianders,DiligentDonuts,8067983
2026-07-05T08:08:32.702481,2026-07-05T08:08:32.710424+00:00,138.7,50,bid,FlawlessFlatbreads,DiligentDonuts,8067995
2026-07-05T08:08:32.960286,2026-07-05T08:08:32.972817+00:00,138.7,2,bid,CostlyCorianders,DiligentDonuts,8068003
2026-07-05T08:08:32.960286,2026-07-05T08:08:32.972817+00:00,138.8,38,bid,CostlyCorianders,EarnestEspressos,8068004
2026-07-05T08:08:33.498584,2026-07-05T08:08:33.510671+00:00,138.3,45,ask,EarnestEspressos,CostlyCorianders,8068012
2026-07-05T08:08:33.955997,2026-07-05T08:08:33.968486+00:00,138.3,43,ask,EarnestEspressos,CostlyCorianders,8068021
2026-07-05T08:08:34.832172,2026-07-05T08:08:34.844697+00:00,138.8,50,bid,FlawlessFlatbreads,EarnestEspressos,8068030
2026-07-05T08:08:35.054620,2026-07-05T08:08:35.058266+00:00,138.8,42,bid,CostlyCorianders,EarnestEspressos,8068035
2026-07-05T08:08:36.950729,2026-07-05T08:08:36.958581+00:00,139.0,50,bid,FlawlessFlatbreads,DiligentDonuts,8068057
2026-07-05T08:08:37.655523,2026-07-05T08:08:37.668701+00:00,138.5,43,ask,DiligentDonuts,CostlyCorianders,8068069
2026-07-05T08:08:39.126085,2026-07-05T08:08:39.138116+00:00,138.8,50,ask,DiligentDonuts,FlawlessFlatbreads,8068091
2026-07-05T08:08:39.147346,2026-07-05T08:08:39.155818+00:00,139.3,49,bid,CostlyCorianders,DiligentDonuts,8068092
2026-07-05T08:08:39.823025,2026-07-05T08:08:39.833053+00:00,138.8,14,ask,DiligentDonuts,Xuanyu Liu,8068101
2026-07-05T08:08:41.234213,2026-07-05T08:08:41.244829+00:00,138.5,50,ask,EarnestEspressos,FlawlessFlatbreads,8068131
2026-07-05T08:08:42.421361,2026-07-05T08:08:42.435580+00:00,138.7,3,bid,Xuanyu Liu,EarnestEspressos,8068149
2026-07-05T08:08:42.693245,2026-07-05T08:08:42.701853+00:00,138.4,46,ask,DiligentDonuts,CostlyCorianders,8068156
2026-07-05T08:08:43.345674,2026-07-05T08:08:43.363735+00:00,138.4,50,ask,DiligentDonuts,FlawlessFlatbreads,8068169
2026-07-05T08:08:45.452910,2026-07-05T08:08:45.463982+00:00,138.2,50,ask,EarnestEspressos,FlawlessFlatbreads,8068198
2026-07-05T08:08:45.580720,2026-07-05T08:08:45.590841+00:00,138.5,11,bid,Xuanyu Liu,EarnestEspressos,8068201
2026-07-05T08:08:45.776727,2026-07-05T08:08:45.788995+00:00,138.5,40,bid,CostlyCorianders,EarnestEspressos,8068206
2026-07-05T08:08:46.408751,2026-07-05T08:08:46.421214+00:00,138.2,45,ask,DiligentDonuts,CostlyCorianders,8068215
2026-07-05T08:08:47.691560,2026-07-05T08:08:47.701172+00:00,138.5,12,bid,Xuanyu Liu,EarnestEspressos,8068232
2026-07-05T08:08:51.387134,2026-07-05T08:08:51.397966+00:00,138.5,48,bid,CostlyCorianders,DiligentDonuts,8068284
2026-07-05T08:08:53.375351,2026-07-05T08:08:53.385657+00:00,138.2,40,ask,EarnestEspressos,CostlyCorianders,8068320
2026-07-05T08:08:53.893129,2026-07-05T08:08:53.905121+00:00,138.2,50,ask,EarnestEspressos,FlawlessFlatbreads,8068325
2026-07-05T08:08:55.093439,2026-07-05T08:08:55.105021+00:00,138.5,11,bid,Xuanyu Liu,EarnestEspressos,8068342
2026-07-05T08:08:55.586218,2026-07-05T08:08:55.597233+00:00,138.5,23,bid,Xuanyu Liu,EarnestEspressos,8068351
2026-07-05T08:08:55.948881,2026-07-05T08:08:55.953214+00:00,138.5,50,bid,FlawlessFlatbreads,EarnestEspressos,8068357
2026-07-05T08:08:56.818565,2026-07-05T08:08:56.825976+00:00,138.5,66,bid,DiligentDonuts,EarnestEspressos,8068375
2026-07-05T08:08:57.121431,2026-07-05T08:08:57.133557+00:00,139.1,48,bid,CostlyCorianders,DiligentDonuts,8068383
2026-07-05T08:08:57.718277,2026-07-05T08:08:57.730356+00:00,138.6,34,ask,DiligentDonuts,CostlyCorianders,8068393
2026-07-05T08:08:58.459378,2026-07-05T08:08:58.468463+00:00,138.7,11,ask,EarnestEspressos,Xuanyu Liu,8068407
2026-07-05T08:08:58.469860,2026-07-05T08:08:58.479102+00:00,138.7,12,ask,EarnestEspressos,Xuanyu Liu,8068409
2026-07-05T08:09:00.211253,2026-07-05T08:09:00.221729+00:00,138.7,50,ask,EarnestEspressos,FlawlessFlatbreads,8068434
2026-07-05T08:09:01.092194,2026-07-05T08:09:01.104861+00:00,138.8,45,bid,CostlyCorianders,DiligentDonuts,8068451
2026-07-05T08:09:01.735323,2026-07-05T08:09:01.747496+00:00,138.8,40,bid,CostlyCorianders,DiligentDonuts,8068463
2026-07-05T08:09:02.317627,2026-07-05T08:09:02.329566+00:00,138.4,50,ask,EarnestEspressos,FlawlessFlatbreads,8068478
2026-07-05T08:09:02.749064,2026-07-05T08:09:02.758616+00:00,138.4,48,ask,EarnestEspressos,CostlyCorianders,8068487
2026-07-05T08:09:04.424659,2026-07-05T08:09:04.436953+00:00,138.6,50,ask,DiligentDonuts,EarnestEspressos,8068506
2026-07-05T08:09:04.579410,2026-07-05T08:09:04.588936+00:00,138.6,50,ask,DiligentDonuts,FlawlessFlatbreads,8068512
2026-07-05T08:09:04.590085,2026-07-05T08:09:04.601348+00:00,138.5,12,bid,Xuanyu Liu,EarnestEspressos,8068513
2026-07-05T08:09:06.101905,2026-07-05T08:09:06.113335+00:00,138.5,11,bid,Xuanyu Liu,EarnestEspressos,8068537
2026-07-05T08:09:06.532307,2026-07-05T08:09:06.544055+00:00,138.4,50,ask,DiligentDonuts,FlawlessFlatbreads,8068544
2026-07-05T08:09:07.561986,2026-07-05T08:09:07.573734+00:00,138.4,46,ask,DiligentDonuts,CostlyCorianders,8068558
2026-07-05T08:09:08.107665,2026-07-05T08:09:08.119550+00:00,138.9,42,bid,CostlyCorianders,DiligentDonuts,8068570
2026-07-05T08:09:08.639023,2026-07-05T08:09:08.648464+00:00,138.4,4,ask,DiligentDonuts,FlawlessFlatbreads,8068574
2026-07-05T08:09:08.639023,2026-07-05T08:09:08.648464+00:00,138.4,46,ask,EarnestEspressos,FlawlessFlatbreads,8068575
2026-07-05T08:09:09.254272,2026-07-05T08:09:09.267239+00:00,138.4,46,ask,EarnestEspressos,CostlyCorianders,8068590
2026-07-05T08:09:10.699352,2026-07-05T08:09:10.711459+00:00,138.7,50,bid,FlawlessFlatbreads,DiligentDonuts,8068610
2026-07-05T08:09:12.371875,2026-07-05T08:09:12.383845+00:00,138.6,11,bid,Xuanyu Liu,EarnestEspressos,8068636
2026-07-05T08:09:12.675539,2026-07-05T08:09:12.685830+00:00,138.6,12,bid,Xuanyu Liu,EarnestEspressos,8068643
2026-07-05T08:09:12.806030,2026-07-05T08:09:12.816089+00:00,138.6,50,bid,FlawlessFlatbreads,EarnestEspressos,8068645
2026-07-05T08:09:13.836927,2026-07-05T08:09:13.846642+00:00,138.6,43,bid,CostlyCorianders,EarnestEspressos,8068661
2026-07-05T08:09:14.028803,2026-07-05T08:09:14.037878+00:00,138.9,23,ask,EarnestEspressos,Xuanyu Liu,8068666
2026-07-05T08:09:14.912077,2026-07-05T08:09:14.924473+00:00,139.0,50,bid,FlawlessFlatbreads,DiligentDonuts,8068682
2026-07-05T08:09:15.131404,2026-07-05T08:09:15.142491+00:00,139.0,11,bid,Xuanyu Liu,DiligentDonuts,8068685
2026-07-05T08:09:16.639509,2026-07-05T08:09:16.649387+00:00,139.1,11,ask,DiligentDonuts,Xuanyu Liu,8068717
2026-07-05T08:09:16.953663,2026-07-05T08:09:16.958620+00:00,139.1,42,ask,DiligentDonuts,CostlyCorianders,8068723
2026-07-05T08:09:17.022861,2026-07-05T08:09:17.035118+00:00,139.4,50,bid,FlawlessFlatbreads,EarnestEspressos,8068729
2026-07-05T08:09:17.472975,2026-07-05T08:09:17.485265+00:00,139.6,47,bid,CostlyCorianders,DiligentDonuts,8068735
2026-07-05T08:09:19.131117,2026-07-05T08:09:19.140367+00:00,139.4,50,bid,FlawlessFlatbreads,DiligentDonuts,8068755
2026-07-05T08:09:19.269891,2026-07-05T08:09:19.279749+00:00,139.1,11,ask,EarnestEspressos,Xuanyu Liu,8068758
2026-07-05T08:09:19.659180,2026-07-05T08:09:19.669143+00:00,139.4,46,bid,CostlyCorianders,DiligentDonuts,8068774
2026-07-05T08:09:21.241902,2026-07-05T08:09:21.254253+00:00,139.4,4,bid,FlawlessFlatbreads,DiligentDonuts,8068791
2026-07-05T08:09:21.241902,2026-07-05T08:09:21.254253+00:00,139.6,46,bid,FlawlessFlatbreads,EarnestEspressos,8068792
2026-07-05T08:09:23.155107,2026-07-05T08:09:23.158600+00:00,139.3,47,ask,DiligentDonuts,CostlyCorianders,8068820
2026-07-05T08:09:23.352632,2026-07-05T08:09:23.364698+00:00,139.6,50,bid,FlawlessFlatbreads,EarnestEspressos,8068822
2026-07-05T08:09:23.517207,2026-07-05T08:09:23.526479+00:00,139.5,23,ask,EarnestEspressos,Xuanyu Liu,8068825
2026-07-05T08:09:25.511767,2026-07-05T08:09:25.522124+00:00,139.5,50,ask,EarnestEspressos,FlawlessFlatbreads,8068850
2026-07-05T08:09:25.827538,2026-07-05T08:09:25.836605+00:00,139.5,12,ask,EarnestEspressos,Xuanyu Liu,8068856
2026-07-05T08:09:25.863259,2026-07-05T08:09:25.872789+00:00,139.5,47,ask,EarnestEspressos,CostlyCorianders,8068858
2026-07-05T08:09:26.478866,2026-07-05T08:09:26.491337+00:00,139.5,18,ask,EarnestEspressos,CostlyCorianders,8068872
2026-07-05T08:09:26.478866,2026-07-05T08:09:26.491337+00:00,139.3,22,ask,DiligentDonuts,CostlyCorianders,8068873
2026-07-05T08:09:26.718730,2026-07-05T08:09:26.730721+00:00,139.3,78,ask,DiligentDonuts,EarnestEspressos,8068876
2026-07-05T08:09:26.731890,2026-07-05T08:09:26.742929+00:00,139.3,12,bid,Xuanyu Liu,EarnestEspressos,8068877
2026-07-05T08:09:27.013137,2026-07-05T08:09:27.025638+00:00,139.3,43,bid,CostlyCorianders,EarnestEspressos,8068880
2026-07-05T08:09:28.443426,2026-07-05T08:09:28.452099+00:00,139.3,17,bid,CostlyCorianders,EarnestEspressos,8068903
2026-07-05T08:09:29.670855,2026-07-05T08:09:29.683440+00:00,139.4,50,bid,FlawlessFlatbreads,DiligentDonuts,8068916
2026-07-05T08:09:30.098000,2026-07-05T08:09:30.109537+00:00,139.4,43,bid,CostlyCorianders,DiligentDonuts,8068932
2026-07-05T08:09:33.297627,2026-07-05T08:09:33.307602+00:00,139.6,12,ask,EarnestEspressos,Xuanyu Liu,8068979
2026-07-05T08:09:33.726682,2026-07-05T08:09:33.736423+00:00,139.6,48,ask,EarnestEspressos,CostlyCorianders,8068984
2026-07-05T08:09:35.722717,2026-07-05T08:09:35.732076+00:00,139.6,11,ask,EarnestEspressos,Xuanyu Liu,8069014
2026-07-05T08:09:35.994183,2026-07-05T08:09:36.011766+00:00,139.7,50,bid,FlawlessFlatbreads,DiligentDonuts,8069018
2026-07-05T08:09:36.784326,2026-07-05T08:09:36.796468+00:00,139.7,49,bid,CostlyCorianders,DiligentDonuts,8069031
2026-07-05T08:09:38.111863,2026-07-05T08:09:38.119776+00:00,139.7,50,bid,FlawlessFlatbreads,EarnestEspressos,8069054
2026-07-05T08:09:40.244808,2026-07-05T08:09:40.256740+00:00,140.1,50,bid,FlawlessFlatbreads,DiligentDonuts,8069076
2026-07-05T08:09:43.807432,2026-07-05T08:09:43.819255+00:00,139.9,44,ask,DiligentDonuts,CostlyCorianders,8069125
2026-07-05T08:09:44.477341,2026-07-05T08:09:44.489822+00:00,140.1,50,bid,FlawlessFlatbreads,EarnestEspressos,8069144
2026-07-05T08:09:45.365873,2026-07-05T08:09:45.378185+00:00,139.8,49,ask,DiligentDonuts,CostlyCorianders,8069162
2026-07-05T08:09:46.892211,2026-07-05T08:09:46.901536+00:00,139.8,43,ask,DiligentDonuts,CostlyCorianders,8069184
2026-07-05T08:09:47.499680,2026-07-05T08:09:47.518281+00:00,139.8,3,ask,EarnestEspressos,Xuanyu Liu,8069195
2026-07-05T08:09:48.577667,2026-07-05T08:09:48.590145+00:00,140.0,45,bid,CostlyCorianders,DiligentDonuts,8069208
2026-07-05T08:09:48.698440,2026-07-05T08:09:48.711252+00:00,140.0,50,bid,FlawlessFlatbreads,DiligentDonuts,8069211
2026-07-05T08:09:49.219830,2026-07-05T08:09:49.231856+00:00,139.9,40,bid,CostlyCorianders,EarnestEspressos,8069225
2026-07-05T08:09:50.808051,2026-07-05T08:09:50.834328+00:00,139.7,50,bid,FlawlessFlatbreads,DiligentDonuts,8069249
2026-07-05T08:09:52.996344,2026-07-05T08:09:53.008188+00:00,139.2,50,ask,DiligentDonuts,FlawlessFlatbreads,8069291
2026-07-05T08:09:55.052512,2026-07-05T08:09:55.050890+00:00,139.6,50,bid,FlawlessFlatbreads,EarnestEspressos,8069319
2026-07-05T08:09:56.373538,2026-07-05T08:09:56.386070+00:00,139.5,42,ask,EarnestEspressos,CostlyCorianders,8069342
2026-07-05T08:09:57.184069,2026-07-05T08:09:57.195057+00:00,139.6,50,bid,FlawlessFlatbreads,DiligentDonuts,8069352
2026-07-05T08:09:57.468789,2026-07-05T08:09:57.480629+00:00,139.6,42,bid,CostlyCorianders,DiligentDonuts,8069354
2026-07-05T08:09:59.345386,2026-07-05T08:09:59.358544+00:00,139.4,50,ask,EarnestEspressos,FlawlessFlatbreads,8069380
2026-07-05T08:10:01.463814,2026-07-05T08:10:01.479063+00:00,139.4,50,ask,DiligentDonuts,FlawlessFlatbreads,8069409
2026-07-05T08:10:01.681781,2026-07-05T08:10:01.694243+00:00,139.4,44,ask,DiligentDonuts,CostlyCorianders,8069412
2026-07-05T08:10:03.214025,2026-07-05T08:10:03.226813+00:00,139.7,40,bid,CostlyCorianders,EarnestEspressos,8069437
2026-07-05T08:10:03.570911,2026-07-05T08:10:03.582163+00:00,139.2,50,ask,EarnestEspressos,FlawlessFlatbreads,8069446
2026-07-05T08:10:03.864142,2026-07-05T08:10:03.874020+00:00,139.2,40,ask,EarnestEspressos,CostlyCorianders,8069452
2026-07-05T08:10:04.394574,2026-07-05T08:10:04.407067+00:00,139.6,44,bid,CostlyCorianders,DiligentDonuts,8069459
2026-07-05T08:10:05.669427,2026-07-05T08:10:05.681169+00:00,139.5,50,bid,FlawlessFlatbreads,EarnestEspressos,8069477
2026-07-05T08:10:06.042597,2026-07-05T08:10:06.058578+00:00,139.2,49,ask,DiligentDonuts,CostlyCorianders,8069481
2026-07-05T08:10:07.848192,2026-07-05T08:10:07.858595+00:00,139.1,50,ask,DiligentDonuts,FlawlessFlatbreads,8069505
2026-07-05T08:10:09.907794,2026-07-05T08:10:09.918559+00:00,139.2,50,bid,FlawlessFlatbreads,DiligentDonuts,8069537
2026-07-05T08:10:12.016516,2026-07-05T08:10:12.018705+00:00,139.2,50,bid,FlawlessFlatbreads,DiligentDonuts,8069559
2026-07-05T08:10:12.540080,2026-07-05T08:10:12.552998+00:00,139.4,45,bid,CostlyCorianders,EarnestEspressos,8069568
2026-07-05T08:10:13.521945,2026-07-05T08:10:13.532844+00:00,139.4,42,bid,CostlyCorianders,EarnestEspressos,8069581
2026-07-05T08:10:14.157621,2026-07-05T08:10:14.169932+00:00,139.7,50,bid,FlawlessFlatbreads,DiligentDonuts,8069592
2026-07-05T08:10:14.536976,2026-07-05T08:10:14.546863+00:00,139.6,14,ask,EarnestEspressos,Xuanyu Liu,8069603
2026-07-05T08:10:16.809770,2026-07-05T08:10:16.821848+00:00,139.6,25,ask,EarnestEspressos,Harold Schneider,8069634
2026-07-05T08:10:18.120215,2026-07-05T08:10:18.132399+00:00,139.3,45,ask,DiligentDonuts,CostlyCorianders,8069658
2026-07-05T08:10:18.379222,2026-07-05T08:10:18.390679+00:00,139.7,50,bid,FlawlessFlatbreads,EarnestEspressos,8069661
2026-07-05T08:10:21.263443,2026-07-05T08:10:21.275819+00:00,139.5,44,ask,EarnestEspressos,CostlyCorianders,8069696
2026-07-05T08:10:21.832410,2026-07-05T08:10:21.844725+00:00,139.5,25,ask,EarnestEspressos,Harold Schneider,8069700
2026-07-05T08:10:21.854175,2026-07-05T08:10:21.866371+00:00,139.6,45,bid,CostlyCorianders,DiligentDonuts,8069702
2026-07-05T08:10:22.615635,2026-07-05T08:10:22.625448+00:00,139.7,50,bid,FlawlessFlatbreads,DiligentDonuts,8069711
2026-07-05T08:10:23.352840,2026-07-05T08:10:23.358585+00:00,139.5,43,ask,EarnestEspressos,CostlyCorianders,8069727
2026-07-05T08:10:24.724619,2026-07-05T08:10:24.731539+00:00,139.6,50,bid,FlawlessFlatbreads,EarnestEspressos,8069754
2026-07-05T08:10:24.942494,2026-07-05T08:10:24.958591+00:00,139.6,47,bid,CostlyCorianders,EarnestEspressos,8069755
2026-07-05T08:10:27.190462,2026-07-05T08:10:27.197651+00:00,139.6,44,ask,EarnestEspressos,CostlyCorianders,8069785
2026-07-05T08:10:29.042231,2026-07-05T08:10:29.054812+00:00,139.6,50,ask,EarnestEspressos,FlawlessFlatbreads,8069803
2026-07-05T08:10:29.231900,2026-07-05T08:10:29.244195+00:00,140.0,47,bid,CostlyCorianders,DiligentDonuts,8069807
2026-07-05T08:10:30.597665,2026-07-05T08:10:30.609786+00:00,139.5,44,ask,DiligentDonuts,CostlyCorianders,8069828
2026-07-05T08:10:31.151033,2026-07-05T08:10:31.158587+00:00,139.5,50,ask,DiligentDonuts,FlawlessFlatbreads,8069842
2026-07-05T08:10:31.962178,2026-07-05T08:10:31.968946+00:00,139.7,44,bid,CostlyCorianders,EarnestEspressos,8069857
2026-07-05T08:10:35.321761,2026-07-05T08:10:35.336039+00:00,139.9,50,bid,FlawlessFlatbreads,EarnestEspressos,8069913
2026-07-05T08:10:37.428468,2026-07-05T08:10:37.441107+00:00,139.9,50,bid,FlawlessFlatbreads,DiligentDonuts,8069940
2026-07-05T08:10:39.640230,2026-07-05T08:10:39.651825+00:00,139.8,50,ask,DiligentDonuts,FlawlessFlatbreads,8069961
2026-07-05T08:10:40.091983,2026-07-05T08:10:40.104168+00:00,139.8,41,ask,DiligentDonuts,CostlyCorianders,8069976
2026-07-05T08:10:40.548851,2026-07-05T08:10:40.558590+00:00,140.3,43,bid,CostlyCorianders,DiligentDonuts,8069978
2026-07-05T08:10:41.635170,2026-07-05T08:10:41.646939+00:00,139.8,49,ask,EarnestEspressos,CostlyCorianders,8069998
2026-07-05T08:10:41.749526,2026-07-05T08:10:41.758539+00:00,139.8,50,ask,EarnestEspressos,FlawlessFlatbreads,8070000
2026-07-05T08:10:42.719146,2026-07-05T08:10:42.731329+00:00,139.8,45,ask,DiligentDonuts,CostlyCorianders,8070021
2026-07-05T08:10:43.706218,2026-07-05T08:10:43.718204+00:00,140.0,48,bid,CostlyCorianders,EarnestEspressos,8070034
2026-07-05T08:10:43.858732,2026-07-05T08:10:43.870748+00:00,139.8,50,ask,DiligentDonuts,FlawlessFlatbreads,8070039
2026-07-05T08:10:45.337898,2026-07-05T08:10:45.350178+00:00,139.9,45,bid,CostlyCorianders,DiligentDonuts,8070054
2026-07-05T08:10:45.914169,2026-07-05T08:10:45.924779+00:00,139.9,50,bid,FlawlessFlatbreads,DiligentDonuts,8070061
2026-07-05T08:10:46.144659,2026-07-05T08:10:46.154625+00:00,139.9,5,bid,Xuanyu Liu,DiligentDonuts,8070063
2026-07-05T08:10:47.541704,2026-07-05T08:10:47.548855+00:00,139.6,45,ask,EarnestEspressos,CostlyCorianders,8070081
2026-07-05T08:10:48.040925,2026-07-05T08:10:48.048626+00:00,139.9,50,bid,FlawlessFlatbreads,DiligentDonuts,8070092
2026-07-05T08:10:48.578645,2026-07-05T08:10:48.587802+00:00,139.9,47,bid,CostlyCorianders,DiligentDonuts,8070097
2026-07-05T08:10:50.748618,2026-07-05T08:10:50.756839+00:00,139.4,43,ask,DiligentDonuts,CostlyCorianders,8070128
2026-07-05T08:10:50.759501,2026-07-05T08:10:50.768677+00:00,139.7,6,bid,Xuanyu Liu,EarnestEspressos,8070129
2026-07-05T08:10:50.821911,2026-07-05T08:10:50.834293+00:00,139.7,100,bid,DiligentDonuts,EarnestEspressos,8070132
2026-07-05T08:10:51.335955,2026-07-05T08:10:51.348291+00:00,139.7,42,bid,CostlyCorianders,EarnestEspressos,8070143
2026-07-05T08:10:51.936055,2026-07-05T08:10:51.948198+00:00,139.7,2,bid,CostlyCorianders,EarnestEspressos,8070153
2026-07-05T08:10:52.252496,2026-07-05T08:10:52.264732+00:00,140.2,50,bid,FlawlessFlatbreads,DiligentDonuts,8070157
2026-07-05T08:10:54.394453,2026-07-05T08:10:54.404046+00:00,139.9,11,ask,EarnestEspressos,Xuanyu Liu,8070185
2026-07-05T08:10:54.412032,2026-07-05T08:10:54.419263+00:00,139.9,50,ask,EarnestEspressos,FlawlessFlatbreads,8070188
2026-07-05T08:10:56.025784,2026-07-05T08:10:56.036785+00:00,139.6,41,ask,DiligentDonuts,CostlyCorianders,8070219
2026-07-05T08:10:58.643148,2026-07-05T08:10:58.658572+00:00,139.8,50,ask,EarnestEspressos,FlawlessFlatbreads,8070259
2026-07-05T08:10:59.048504,2026-07-05T08:10:59.058558+00:00,140.0,42,bid,CostlyCorianders,DiligentDonuts,8070264
2026-07-05T08:10:59.308052,2026-07-05T08:10:59.317289+00:00,140.0,14,bid,Xuanyu Liu,DiligentDonuts,8070272
2026-07-05T08:11:00.618758,2026-07-05T08:11:00.630917+00:00,139.8,3,ask,EarnestEspressos,Xuanyu Liu,8070291
2026-07-05T08:11:00.764041,2026-07-05T08:11:00.778556+00:00,139.8,50,ask,EarnestEspressos,FlawlessFlatbreads,8070296
2026-07-05T08:11:01.742863,2026-07-05T08:11:01.751806+00:00,139.7,100,ask,DiligentDonuts,EarnestEspressos,8070308
2026-07-05T08:11:01.958220,2026-07-05T08:11:01.971664+00:00,139.7,3,bid,Xuanyu Liu,EarnestEspressos,8070312
2026-07-05T08:11:02.280219,2026-07-05T08:11:02.292378+00:00,139.2,41,ask,EarnestEspressos,CostlyCorianders,8070324
2026-07-05T08:11:03.265617,2026-07-05T08:11:03.277780+00:00,139.7,42,bid,CostlyCorianders,EarnestEspressos,8070336
2026-07-05T08:11:04.926585,2026-07-05T08:11:04.938881+00:00,139.7,50,bid,FlawlessFlatbreads,DiligentDonuts,8070356
2026-07-05T08:11:05.859545,2026-07-05T08:11:05.870765+00:00,139.6,3,ask,EarnestEspressos,Xuanyu Liu,8070370
2026-07-05T08:11:06.462159,2026-07-05T08:11:06.474243+00:00,139.6,40,ask,EarnestEspressos,CostlyCorianders,8070375
2026-07-05T08:11:06.981077,2026-07-05T08:11:06.993447+00:00,139.6,25,ask,EarnestEspressos,Harold Schneider,8070378
2026-07-05T08:11:09.172911,2026-07-05T08:11:09.185418+00:00,139.7,50,bid,FlawlessFlatbreads,DiligentDonuts,8070404
2026-07-05T08:11:09.189664,2026-07-05T08:11:09.201680+00:00,139.3,40,ask,EarnestEspressos,CostlyCorianders,8070405
2026-07-05T08:11:11.352844,2026-07-05T08:11:11.358582+00:00,139.6,50,ask,DiligentDonuts,FlawlessFlatbreads,8070439
2026-07-05T08:11:13.469199,2026-07-05T08:11:13.479245+00:00,139.8,49,bid,CostlyCorianders,EarnestEspressos,8070477
2026-07-05T08:11:13.469630,2026-07-05T08:11:13.489648+00:00,139.6,50,ask,DiligentDonuts,FlawlessFlatbreads,8070480
2026-07-05T08:11:14.708612,2026-07-05T08:11:14.721056+00:00,140.0,47,bid,CostlyCorianders,EarnestEspressos,8070493
2026-07-05T08:11:15.525400,2026-07-05T08:11:15.537786+00:00,140.0,50,bid,FlawlessFlatbreads,EarnestEspressos,8070512
2026-07-05T08:11:15.744924,2026-07-05T08:11:15.758589+00:00,139.6,42,ask,DiligentDonuts,CostlyCorianders,8070516
2026-07-05T08:11:16.232971,2026-07-05T08:11:16.244533+00:00,139.7,48,bid,CostlyCorianders,DiligentDonuts,8070523
2026-07-05T08:11:16.371401,2026-07-05T08:11:16.382492+00:00,139.7,3,bid,Xuanyu Liu,DiligentDonuts,8070524
2026-07-05T08:11:17.515861,2026-07-05T08:11:17.528024+00:00,139.7,49,bid,EarnestEspressos,DiligentDonuts,8070538
2026-07-05T08:11:17.585131,2026-07-05T08:11:17.596365+00:00,139.9,3,ask,EarnestEspressos,Xuanyu Liu,8070541
2026-07-05T08:11:17.908673,2026-07-05T08:11:17.916928+00:00,139.9,46,ask,EarnestEspressos,CostlyCorianders,8070546
2026-07-05T08:11:19.828304,2026-07-05T08:11:19.840619+00:00,139.9,50,ask,EarnestEspressos,FlawlessFlatbreads,8070570
2026-07-05T08:11:21.915018,2026-07-05T08:11:21.922877+00:00,139.9,42,bid,CostlyCorianders,EarnestEspressos,8070607
2026-07-05T08:11:21.962624,2026-07-05T08:11:21.974394+00:00,139.6,50,ask,DiligentDonuts,FlawlessFlatbreads,8070608
2026-07-05T08:11:22.433883,2026-07-05T08:11:22.458594+00:00,139.6,42,ask,DiligentDonuts,CostlyCorianders,8070613
2026-07-05T08:11:23.491764,2026-07-05T08:11:23.504105+00:00,139.9,45,bid,CostlyCorianders,EarnestEspressos,8070625
2026-07-05T08:11:24.069859,2026-07-05T08:11:24.084905+00:00,139.6,50,ask,EarnestEspressos,FlawlessFlatbreads,8070639
2026-07-05T08:11:24.133777,2026-07-05T08:11:24.145846+00:00,139.6,46,ask,EarnestEspressos,CostlyCorianders,8070641
2026-07-05T08:11:24.296343,2026-07-05T08:11:24.306638+00:00,139.9,3,bid,Xuanyu Liu,DiligentDonuts,8070644
2026-07-05T08:11:26.132738,2026-07-05T08:11:26.142835+00:00,140.0,50,bid,FlawlessFlatbreads,DiligentDonuts,8070670
2026-07-05T08:11:28.245536,2026-07-05T08:11:28.255378+00:00,139.8,50,bid,FlawlessFlatbreads,EarnestEspressos,8070703
2026-07-05T08:11:28.847979,2026-07-05T08:11:28.860294+00:00,139.8,100,bid,DiligentDonuts,EarnestEspressos,8070710
2026-07-05T08:11:29.271178,2026-07-05T08:11:29.283242+00:00,140.3,41,bid,CostlyCorianders,DiligentDonuts,8070716
2026-07-05T08:11:30.429318,2026-07-05T08:11:30.458761+00:00,140.2,50,ask,EarnestEspressos,FlawlessFlatbreads,8070734
2026-07-05T08:11:30.864803,2026-07-05T08:11:30.874440+00:00,140.2,3,ask,EarnestEspressos,Xuanyu Liu,8070739
2026-07-05T08:11:31.832233,2026-07-05T08:11:31.844163+00:00,140.2,46,ask,EarnestEspressos,CostlyCorianders,8070760
2026-07-05T08:11:32.060421,2026-07-05T08:11:32.072767+00:00,140.2,25,ask,EarnestEspressos,Harold Schneider,8070761
2026-07-05T08:11:32.065554,2026-07-05T08:11:32.072767+00:00,140.2,26,ask,EarnestEspressos,DiligentDonuts,8070762
2026-07-05T08:11:32.175242,2026-07-05T08:11:32.186313+00:00,140.0,3,bid,Xuanyu Liu,Harold Schneider,8070768
2026-07-05T08:11:32.421673,2026-07-05T08:11:32.433934+00:00,140.0,7,bid,CostlyCorianders,Harold Schneider,8070776
2026-07-05T08:11:32.421673,2026-07-05T08:11:32.433934+00:00,140.1,39,bid,CostlyCorianders,DiligentDonuts,8070777
2026-07-05T08:11:32.487086,2026-07-05T08:11:32.495505+00:00,140.1,35,bid,FlawlessFlatbreads,DiligentDonuts,8070779
2026-07-05T08:11:34.672435,2026-07-05T08:11:34.680620+00:00,139.7,10,ask,Harold Schneider,FlawlessFlatbreads,8070807
2026-07-05T08:11:34.672435,2026-07-05T08:11:34.685844+00:00,139.7,40,ask,EarnestEspressos,FlawlessFlatbreads,8070808
2026-07-05T08:11:36.590222,2026-07-05T08:11:36.602801+00:00,140.0,100,ask,DiligentDonuts,EarnestEspressos,8070834
2026-07-05T08:11:36.731753,2026-07-05T08:11:36.739966+00:00,139.8,50,bid,FlawlessFlatbreads,EarnestEspressos,8070838
2026-07-05T08:11:37.296314,2026-07-05T08:11:37.308217+00:00,139.6,10,ask,Harold Schneider,CostlyCorianders,8070844
2026-07-05T08:11:37.296314,2026-07-05T08:11:37.308217+00:00,139.3,33,ask,EarnestEspressos,CostlyCorianders,8070845
2026-07-05T08:11:38.808137,2026-07-05T08:11:38.820890+00:00,139.5,49,ask,DiligentDonuts,CostlyCorianders,8070858
2026-07-05T08:11:41.036588,2026-07-05T08:11:41.047776+00:00,139.8,50,ask,EarnestEspressos,FlawlessFlatbreads,8070893
2026-07-05T08:11:41.573796,2026-07-05T08:11:41.581401+00:00,139.8,100,ask,EarnestEspressos,DiligentDonuts,8070897
2026-07-05T08:11:42.735243,2026-07-05T08:11:42.745345+00:00,140.3,44,bid,CostlyCorianders,EarnestEspressos,8070914
2026-07-05T08:11:43.145888,2026-07-05T08:11:43.155296+00:00,139.3,50,ask,DiligentDonuts,FlawlessFlatbreads,8070922
2026-07-05T08:11:43.830580,2026-07-05T08:11:43.842515+00:00,139.8,42,bid,CostlyCorianders,EarnestEspressos,8070935
2026-07-05T08:11:45.250752,2026-07-05T08:11:45.258788+00:00,139.4,50,ask,DiligentDonuts,FlawlessFlatbreads,8070958
2026-07-05T08:11:49.506105,2026-07-05T08:11:49.518185+00:00,139.5,50,ask,EarnestEspressos,FlawlessFlatbreads,8071021
2026-07-05T08:11:50.417198,2026-07-05T08:11:50.426574+00:00,139.7,41,bid,CostlyCorianders,DiligentDonuts,8071035
2026-07-05T08:11:51.650312,2026-07-05T08:11:51.654479+00:00,139.5,50,ask,EarnestEspressos,FlawlessFlatbreads,8071046
2026-07-05T08:11:52.494259,2026-07-05T08:11:52.506388+00:00,139.4,47,ask,DiligentDonuts,CostlyCorianders,8071065
2026-07-05T08:11:53.758874,2026-07-05T08:11:53.768944+00:00,139.4,50,ask,DiligentDonuts,FlawlessFlatbreads,8071084
2026-07-05T08:11:54.136349,2026-07-05T08:11:54.148835+00:00,139.6,47,bid,CostlyCorianders,EarnestEspressos,8071089
2026-07-05T08:11:54.624044,2026-07-05T08:11:54.665273+00:00,139.4,14,bid,Xuanyu Liu,DiligentDonuts,8071101
2026-07-05T08:11:54.930775,2026-07-05T08:11:54.941248+00:00,139.4,12,bid,Xuanyu Liu,DiligentDonuts,8071106
2026-07-05T08:11:55.864719,2026-07-05T08:11:55.874244+00:00,139.3,50,ask,EarnestEspressos,FlawlessFlatbreads,8071121
2026-07-05T08:11:56.657508,2026-07-05T08:11:56.670352+00:00,139.3,45,ask,EarnestEspressos,CostlyCorianders,8071130
2026-07-05T08:11:57.201315,2026-07-05T08:11:57.209948+00:00,139.4,25,bid,Harold Schneider,DiligentDonuts,8071147
2026-07-05T08:11:57.750909,2026-07-05T08:11:57.751626+00:00,139.8,46,bid,CostlyCorianders,EarnestEspressos,8071153
2026-07-05T08:11:57.978972,2026-07-05T08:11:57.995336+00:00,139.3,50,ask,EarnestEspressos,FlawlessFlatbreads,8071163
2026-07-05T08:11:58.215485,2026-07-05T08:11:58.228191+00:00,139.3,5,ask,EarnestEspressos,CostlyCorianders,8071168
2026-07-05T08:11:58.215485,2026-07-05T08:11:58.228191+00:00,139.3,40,ask,DiligentDonuts,CostlyCorianders,8071169
2026-07-05T08:12:00.096586,2026-07-05T08:12:00.106247+00:00,139.3,50,ask,DiligentDonuts,FlawlessFlatbreads,8071193
2026-07-05T08:12:00.264300,2026-07-05T08:12:00.276915+00:00,139.3,10,ask,DiligentDonuts,CostlyCorianders,8071198
2026-07-05T08:12:00.264300,2026-07-05T08:12:00.276915+00:00,139.0,38,ask,EarnestEspressos,CostlyCorianders,8071199
2026-07-05T08:12:01.858390,2026-07-05T08:12:01.870236+00:00,139.4,42,bid,CostlyCorianders,DiligentDonuts,8071231
2026-07-05T08:12:01.932151,2026-07-05T08:12:01.942000+00:00,139.0,11,bid,Xuanyu Liu,EarnestEspressos,8071233
2026-07-05T08:12:02.211404,2026-07-05T08:12:02.221320+00:00,139.0,12,bid,Xuanyu Liu,EarnestEspressos,8071238
2026-07-05T08:12:02.243616,2026-07-05T08:12:02.253062+00:00,139.0,25,bid,Harold Schneider,EarnestEspressos,8071242
2026-07-05T08:12:02.472071,2026-07-05T08:12:02.479494+00:00,139.0,49,bid,CostlyCorianders,EarnestEspressos,8071248
2026-07-05T08:12:03.690006,2026-07-05T08:12:03.697264+00:00,139.0,53,bid,DiligentDonuts,EarnestEspressos,8071256
2026-07-05T08:12:04.029147,2026-07-05T08:12:04.037946+00:00,139.0,47,ask,DiligentDonuts,CostlyCorianders,8071261
2026-07-05T08:12:04.029147,2026-07-05T08:12:04.037946+00:00,138.5,2,ask,EarnestEspressos,CostlyCorianders,8071262
2026-07-05T08:12:04.648202,2026-07-05T08:12:04.658574+00:00,139.5,43,bid,CostlyCorianders,DiligentDonuts,8071266
2026-07-05T08:12:05.156772,2026-07-05T08:12:05.163602+00:00,139.1,41,ask,EarnestEspressos,CostlyCorianders,8071280
2026-07-05T08:12:07.204847,2026-07-05T08:12:07.212379+00:00,139.1,41,ask,EarnestEspressos,CostlyCorianders,8071304
2026-07-05T08:12:07.285623,2026-07-05T08:12:07.296991+00:00,139.4,25,bid,Harold Schneider,DiligentDonuts,8071306
2026-07-05T08:12:08.465310,2026-07-05T08:12:08.477448+00:00,139.3,10,bid,FlawlessFlatbreads,Harold Schneider,8071322
2026-07-05T08:12:08.465310,2026-07-05T08:12:08.477448+00:00,139.4,40,bid,FlawlessFlatbreads,DiligentDonuts,8071323
2026-07-05T08:12:09.805769,2026-07-05T08:12:09.814306+00:00,139.2,10,ask,Harold Schneider,Xuanyu Liu,8071352
2026-07-05T08:12:10.575670,2026-07-05T08:12:10.587823+00:00,139.4,50,bid,FlawlessFlatbreads,EarnestEspressos,8071368
2026-07-05T08:12:11.665561,2026-07-05T08:12:11.675455+00:00,139.0,2,ask,DiligentDonuts,Xuanyu Liu,8071393
2026-07-05T08:12:12.077099,2026-07-05T08:12:12.088949+00:00,139.4,43,bid,CostlyCorianders,EarnestEspressos,8071398
2026-07-05T08:12:12.308282,2026-07-05T08:12:12.319878+00:00,139.4,15,bid,Harold Schneider,EarnestEspressos,8071402
2026-07-05T08:12:12.735667,2026-07-05T08:12:12.744272+00:00,139.0,50,ask,DiligentDonuts,FlawlessFlatbreads,8071409
2026-07-05T08:12:12.837348,2026-07-05T08:12:12.846588+00:00,139.0,11,ask,DiligentDonuts,Xuanyu Liu,8071416
2026-07-05T08:12:13.122053,2026-07-05T08:12:13.134184+00:00,139.0,37,ask,DiligentDonuts,CostlyCorianders,8071422
2026-07-05T08:12:13.122053,2026-07-05T08:12:13.134184+00:00,138.9,4,ask,EarnestEspressos,CostlyCorianders,8071423
2026-07-05T08:12:13.244349,2026-07-05T08:12:13.251374+00:00,138.9,100,ask,EarnestEspressos,DiligentDonuts,8071427
2026-07-05T08:12:14.791890,2026-07-05T08:12:14.804094+00:00,138.9,50,bid,FlawlessFlatbreads,EarnestEspressos,8071438
2026-07-05T08:12:14.850092,2026-07-05T08:12:14.858587+00:00,138.9,48,bid,CostlyCorianders,EarnestEspressos,8071439
2026-07-05T08:12:15.917523,2026-07-05T08:12:15.926827+00:00,138.9,41,bid,CostlyCorianders,EarnestEspressos,8071458
2026-07-05T08:12:16.952666,2026-07-05T08:12:16.965308+00:00,138.7,50,ask,DiligentDonuts,FlawlessFlatbreads,8071471
2026-07-05T08:12:18.320985,2026-07-05T08:12:18.330899+00:00,139.0,23,ask,EarnestEspressos,Xuanyu Liu,8071492
2026-07-05T08:12:19.060501,2026-07-05T08:12:19.072349+00:00,139.0,50,ask,EarnestEspressos,FlawlessFlatbreads,8071502
2026-07-05T08:12:19.159655,2026-07-05T08:12:19.169512+00:00,139.0,3,ask,EarnestEspressos,Xuanyu Liu,8071503
2026-07-05T08:12:19.583482,2026-07-05T08:12:19.593751+00:00,139.0,74,ask,EarnestEspressos,DiligentDonuts,8071514
2026-07-05T08:12:19.595096,2026-07-05T08:12:19.604252+00:00,138.7,3,bid,Xuanyu Liu,DiligentDonuts,8071516
2026-07-05T08:12:20.892802,2026-07-05T08:12:20.901599+00:00,138.6,11,bid,Xuanyu Liu,EarnestEspressos,8071534
2026-07-05T08:12:20.942539,2026-07-05T08:12:20.951295+00:00,138.6,12,bid,Xuanyu Liu,EarnestEspressos,8071538
2026-07-05T08:12:21.099036,2026-07-05T08:12:21.111148+00:00,138.2,44,ask,DiligentDonuts,CostlyCorianders,8071542
2026-07-05T08:12:23.217996,2026-07-05T08:12:23.229981+00:00,138.6,50,bid,FlawlessFlatbreads,EarnestEspressos,8071569
2026-07-05T08:12:25.326792,2026-07-05T08:12:25.338909+00:00,138.8,50,bid,FlawlessFlatbreads,DiligentDonuts,8071604
2026-07-05T08:12:26.634137,2026-07-05T08:12:26.646120+00:00,139.0,43,bid,CostlyCorianders,EarnestEspressos,8071621
2026-07-05T08:12:27.435144,2026-07-05T08:12:27.445659+00:00,139.0,50,bid,FlawlessFlatbreads,DiligentDonuts,8071632
2026-07-05T08:12:28.283497,2026-07-05T08:12:28.293654+00:00,138.8,41,ask,EarnestEspressos,CostlyCorianders,8071638
2026-07-05T08:12:29.542584,2026-07-05T08:12:29.554515+00:00,139.3,50,bid,FlawlessFlatbreads,EarnestEspressos,8071654
2026-07-05T08:12:31.658310,2026-07-05T08:12:31.670414+00:00,139.0,48,ask,EarnestEspressos,CostlyCorianders,8071685
2026-07-05T08:12:32.481069,2026-07-05T08:12:32.491542+00:00,139.0,12,ask,EarnestEspressos,Xuanyu Liu,8071699
2026-07-05T08:12:33.754365,2026-07-05T08:12:33.771585+00:00,139.4,50,bid,FlawlessFlatbreads,DiligentDonuts,8071716
2026-07-05T08:12:35.907136,2026-07-05T08:12:35.918947+00:00,139.1,42,ask,DiligentDonuts,CostlyCorianders,8071750
2026-07-05T08:12:38.019856,2026-07-05T08:12:38.029263+00:00,139.1,50,ask,DiligentDonuts,FlawlessFlatbreads,8071778
2026-07-05T08:12:38.150687,2026-07-05T08:12:38.158573+00:00,139.2,48,bid,CostlyCorianders,EarnestEspressos,8071786
2026-07-05T08:12:39.152288,2026-07-05T08:12:39.164328+00:00,139.2,42,bid,CostlyCorianders,EarnestEspressos,8071803
2026-07-05T08:12:39.735434,2026-07-05T08:12:39.744664+00:00,139.2,40,bid,CostlyCorianders,EarnestEspressos,8071809
2026-07-05T08:12:39.833684,2026-07-05T08:12:39.843441+00:00,139.3,14,ask,EarnestEspressos,Xuanyu Liu,8071810
2026-07-05T08:12:40.129672,2026-07-05T08:12:40.139285+00:00,139.3,50,ask,EarnestEspressos,FlawlessFlatbreads,8071815
2026-07-05T08:12:41.740547,2026-07-05T08:12:41.752772+00:00,139.3,86,ask,EarnestEspressos,DiligentDonuts,8071838
2026-07-05T08:12:42.239564,2026-07-05T08:12:42.258772+00:00,138.8,50,ask,DiligentDonuts,FlawlessFlatbreads,8071845
2026-07-05T08:12:43.339918,2026-07-05T08:12:43.352256+00:00,139.2,3,bid,Xuanyu Liu,EarnestEspressos,8071862
2026-07-05T08:12:43.920716,2026-07-05T08:12:43.932319+00:00,138.8,41,ask,DiligentDonuts,CostlyCorianders,8071873
2026-07-05T08:12:45.978844,2026-07-05T08:12:45.991020+00:00,139.2,43,bid,CostlyCorianders,EarnestEspressos,8071909
2026-07-05T08:12:47.995009,2026-07-05T08:12:48.002204+00:00,139.0,45,ask,EarnestEspressos,CostlyCorianders,8071929
2026-07-05T08:12:49.486056,2026-07-05T08:12:49.498063+00:00,139.5,43,bid,CostlyCorianders,EarnestEspressos,8071945
2026-07-05T08:12:49.972708,2026-07-05T08:12:49.977759+00:00,139.2,42,ask,DiligentDonuts,CostlyCorianders,8071955
2026-07-05T08:12:52.627485,2026-07-05T08:12:52.639623+00:00,139.6,45,bid,CostlyCorianders,DiligentDonuts,8071993
2026-07-05T08:12:52.833723,2026-07-05T08:12:52.846404+00:00,139.2,50,ask,EarnestEspressos,FlawlessFlatbreads,8072000
2026-07-05T08:12:53.178059,2026-07-05T08:12:53.190411+00:00,139.2,42,ask,EarnestEspressos,CostlyCorianders,8072003
2026-07-05T08:12:54.230725,2026-07-05T08:12:54.243039+00:00,139.6,44,bid,CostlyCorianders,DiligentDonuts,8072025
2026-07-05T08:12:54.942100,2026-07-05T08:12:54.949447+00:00,139.4,50,ask,DiligentDonuts,FlawlessFlatbreads,8072035
2026-07-05T08:12:55.716757,2026-07-05T08:12:55.726326+00:00,139.5,11,bid,Xuanyu Liu,EarnestEspressos,8072046
2026-07-05T08:12:57.051881,2026-07-05T08:12:57.063972+00:00,139.4,50,ask,DiligentDonuts,FlawlessFlatbreads,8072059
2026-07-05T08:12:57.905953,2026-07-05T08:12:57.916200+00:00,139.1,47,ask,DiligentDonuts,CostlyCorianders,8072075
2026-07-05T08:12:58.843679,2026-07-05T08:12:58.851113+00:00,139.6,46,bid,CostlyCorianders,DiligentDonuts,8072080
2026-07-05T08:12:59.108723,2026-07-05T08:12:59.116592+00:00,139.5,50,bid,FlawlessFlatbreads,EarnestEspressos,8072089
2026-07-05T08:12:59.483779,2026-07-05T08:12:59.496296+00:00,139.1,44,ask,DiligentDonuts,CostlyCorianders,8072097
2026-07-05T08:13:00.470441,2026-07-05T08:13:00.481435+00:00,139.5,12,bid,Xuanyu Liu,EarnestEspressos,8072113
2026-07-05T08:13:01.247338,2026-07-05T08:13:01.264007+00:00,139.5,50,bid,FlawlessFlatbreads,EarnestEspressos,8072128
2026-07-05T08:13:02.085233,2026-07-05T08:13:02.097597+00:00,139.4,42,ask,EarnestEspressos,CostlyCorianders,8072143
2026-07-05T08:13:03.361615,2026-07-05T08:13:03.373583+00:00,139.6,50,bid,FlawlessFlatbreads,DiligentDonuts,8072153
2026-07-05T08:13:05.226151,2026-07-05T08:13:05.233852+00:00,139.6,49,bid,CostlyCorianders,DiligentDonuts,8072186
2026-07-05T08:13:05.484458,2026-07-05T08:13:05.495177+00:00,139.6,50,bid,FlawlessFlatbreads,DiligentDonuts,8072189
2026-07-05T08:13:07.076587,2026-07-05T08:13:07.089178+00:00,139.5,23,ask,DiligentDonuts,Xuanyu Liu,8072228
2026-07-05T08:13:07.600278,2026-07-05T08:13:07.608754+00:00,139.8,50,bid,FlawlessFlatbreads,EarnestEspressos,8072234
2026-07-05T08:13:09.128916,2026-07-05T08:13:09.141005+00:00,139.5,41,ask,DiligentDonuts,CostlyCorianders,8072251
2026-07-05T08:13:09.737879,2026-07-05T08:13:09.746616+00:00,139.8,50,bid,FlawlessFlatbreads,EarnestEspressos,8072257
2026-07-05T08:13:11.844327,2026-07-05T08:13:11.858563+00:00,139.9,50,bid,FlawlessFlatbreads,DiligentDonuts,8072278
2026-07-05T08:13:12.525202,2026-07-05T08:13:12.534666+00:00,139.6,44,ask,EarnestEspressos,CostlyCorianders,8072288
2026-07-05T08:13:13.633539,2026-07-05T08:13:13.640996+00:00,139.9,47,bid,CostlyCorianders,DiligentDonuts,8072302
2026-07-05T08:13:13.964076,2026-07-05T08:13:13.974896+00:00,139.9,50,bid,FlawlessFlatbreads,DiligentDonuts,8072307
2026-07-05T08:13:14.894768,2026-07-05T08:13:14.907011+00:00,139.5,46,ask,EarnestEspressos,CostlyCorianders,8072319
2026-07-05T08:13:16.072261,2026-07-05T08:13:16.084489+00:00,139.9,3,bid,FlawlessFlatbreads,DiligentDonuts,8072339
2026-07-05T08:13:16.072261,2026-07-05T08:13:16.084489+00:00,140.0,47,bid,FlawlessFlatbreads,EarnestEspressos,8072340
2026-07-05T08:13:18.201492,2026-07-05T08:13:18.209079+00:00,140.1,50,bid,FlawlessFlatbreads,EarnestEspressos,8072371
2026-07-05T08:13:19.765751,2026-07-05T08:13:19.779140+00:00,139.7,3,ask,DiligentDonuts,Xuanyu Liu,8072388
2026-07-05T08:13:20.308510,2026-07-05T08:13:20.320301+00:00,140.1,50,bid,FlawlessFlatbreads,EarnestEspressos,8072396
2026-07-05T08:13:22.170532,2026-07-05T08:13:22.180485+00:00,140.0,3,ask,EarnestEspressos,Xuanyu Liu,8072428
2026-07-05T08:13:22.443802,2026-07-05T08:13:22.459845+00:00,140.2,50,bid,FlawlessFlatbreads,DiligentDonuts,8072432
2026-07-05T08:13:22.477676,2026-07-05T08:13:22.489470+00:00,140.0,25,ask,EarnestEspressos,Harold Schneider,8072435
2026-07-05T08:13:23.494772,2026-07-05T08:13:23.506605+00:00,140.2,45,bid,CostlyCorianders,DiligentDonuts,8072454
