timestamp,recv_time,price,volume,aggressor_side,buyer,seller,trade_id
2026-07-04T05:00:00.742599,2026-07-04T05:00:00.754418+00:00,145.9,46,bid,CostlyCorianders,DiligentDonuts,6592372
2026-07-04T05:00:01.391397,2026-07-04T05:00:01.403131+00:00,145.9,6,bid,FlawlessFlatbreads,DiligentDonuts,6592381
2026-07-04T05:00:02.914220,2026-07-04T05:00:02.909571+00:00,145.8,42,ask,EarnestEspressos,CostlyCorianders,6592396
2026-07-04T05:00:03.386523,2026-07-04T05:00:03.398154+00:00,145.8,42,ask,EarnestEspressos,CostlyCorianders,6592401
2026-07-04T05:00:03.500455,2026-07-04T05:00:03.512342+00:00,146.2,50,bid,FlawlessFlatbreads,DiligentDonuts,6592402
2026-07-04T05:00:05.671227,2026-07-04T05:00:05.683030+00:00,145.7,50,ask,DiligentDonuts,FlawlessFlatbreads,6592430
2026-07-04T05:00:06.047589,2026-07-04T05:00:06.058613+00:00,146.2,41,bid,CostlyCorianders,EarnestEspressos,6592436
2026-07-04T05:00:06.607718,2026-07-04T05:00:06.614719+00:00,146.2,47,bid,CostlyCorianders,EarnestEspressos,6592445
2026-07-04T05:00:06.665898,2026-07-04T05:00:06.674675+00:00,145.9,40,ask,DiligentDonuts,CostlyCorianders,6592448
2026-07-04T05:00:07.779023,2026-07-04T05:00:07.790528+00:00,145.9,50,ask,DiligentDonuts,FlawlessFlatbreads,6592456
2026-07-04T05:00:08.501042,2026-07-04T05:00:08.509255+00:00,146.2,12,ask,EarnestEspressos,Xuanyu Liu,6592470
2026-07-04T05:00:09.886110,2026-07-04T05:00:09.893333+00:00,146.2,50,ask,EarnestEspressos,FlawlessFlatbreads,6592486
2026-07-04T05:00:10.922397,2026-07-04T05:00:10.929054+00:00,146.3,42,bid,CostlyCorianders,DiligentDonuts,6592502
2026-07-04T05:00:11.516062,2026-07-04T05:00:11.527607+00:00,146.2,42,ask,EarnestEspressos,CostlyCorianders,6592518
2026-07-04T05:00:12.987775,2026-07-04T05:00:12.997007+00:00,146.0,49,ask,DiligentDonuts,CostlyCorianders,6592536
2026-07-04T05:00:13.984262,2026-07-04T05:00:13.995805+00:00,146.4,44,bid,CostlyCorianders,EarnestEspressos,6592549
2026-07-04T05:00:14.096207,2026-07-04T05:00:14.111566+00:00,146.0,50,ask,DiligentDonuts,FlawlessFlatbreads,6592555
2026-07-04T05:00:16.150889,2026-07-04T05:00:16.158592+00:00,146.0,50,bid,FlawlessFlatbreads,DiligentDonuts,6592578
2026-07-04T05:00:16.471159,2026-07-04T05:00:16.482972+00:00,145.8,41,ask,EarnestEspressos,CostlyCorianders,6592585
2026-07-04T05:00:18.262462,2026-07-04T05:00:18.274075+00:00,146.0,50,bid,FlawlessFlatbreads,DiligentDonuts,6592607
2026-07-04T05:00:20.373474,2026-07-04T05:00:20.385168+00:00,146.0,50,bid,FlawlessFlatbreads,DiligentDonuts,6592638
2026-07-04T05:00:21.357023,2026-07-04T05:00:21.368902+00:00,145.9,45,bid,CostlyCorianders,EarnestEspressos,6592647
2026-07-04T05:00:22.483199,2026-07-04T05:00:22.494959+00:00,145.9,50,bid,FlawlessFlatbreads,EarnestEspressos,6592661
2026-07-04T05:00:23.350372,2026-07-04T05:00:23.356942+00:00,145.9,46,bid,CostlyCorianders,EarnestEspressos,6592673
2026-07-04T05:00:24.588505,2026-07-04T05:00:24.600068+00:00,146.2,50,bid,FlawlessFlatbreads,DiligentDonuts,6592690
2026-07-04T05:00:26.696021,2026-07-04T05:00:26.707760+00:00,146.4,50,bid,FlawlessFlatbreads,EarnestEspressos,6592721
2026-07-04T05:00:27.464831,2026-07-04T05:00:27.474232+00:00,146.3,14,ask,EarnestEspressos,Xuanyu Liu,6592731
2026-07-04T05:00:28.802933,2026-07-04T05:00:28.814498+00:00,146.4,50,bid,FlawlessFlatbreads,DiligentDonuts,6592750
2026-07-04T05:00:30.909353,2026-07-04T05:00:30.918901+00:00,146.4,50,bid,FlawlessFlatbreads,DiligentDonuts,6592775
2026-07-04T05:00:33.948196,2026-07-04T05:00:33.958613+00:00,146.3,47,ask,EarnestEspressos,CostlyCorianders,6592810
2026-07-04T05:00:38.930078,2026-07-04T05:00:38.937306+00:00,146.1,46,ask,DiligentDonuts,CostlyCorianders,6592873
2026-07-04T05:00:42.525708,2026-07-04T05:00:42.532507+00:00,146.5,42,bid,CostlyCorianders,DiligentDonuts,6592916
2026-07-04T05:00:43.606118,2026-07-04T05:00:43.617694+00:00,146.0,50,ask,DiligentDonuts,FlawlessFlatbreads,6592934
2026-07-04T05:00:47.793118,2026-07-04T05:00:47.802247+00:00,146.3,50,bid,FlawlessFlatbreads,EarnestEspressos,6592980
2026-07-04T05:00:49.950309,2026-07-04T05:00:49.956543+00:00,146.2,50,ask,EarnestEspressos,FlawlessFlatbreads,6593019
2026-07-04T05:00:50.056864,2026-07-04T05:00:50.052636+00:00,146.2,48,ask,EarnestEspressos,CostlyCorianders,6593021
2026-07-04T05:00:52.072223,2026-07-04T05:00:52.081702+00:00,146.2,50,ask,EarnestEspressos,FlawlessFlatbreads,6593045
2026-07-04T05:00:54.179907,2026-07-04T05:00:54.191597+00:00,146.1,50,ask,DiligentDonuts,FlawlessFlatbreads,6593078
2026-07-04T05:00:54.297299,2026-07-04T05:00:54.311516+00:00,146.2,43,bid,CostlyCorianders,EarnestEspressos,6593081
2026-07-04T05:00:54.851870,2026-07-04T05:00:54.852209+00:00,146.1,45,ask,DiligentDonuts,CostlyCorianders,6593089
2026-07-04T05:00:55.433225,2026-07-04T05:00:55.441875+00:00,146.1,5,ask,DiligentDonuts,CostlyCorianders,6593095
2026-07-04T05:00:56.310942,2026-07-04T05:00:56.322746+00:00,145.9,50,ask,EarnestEspressos,FlawlessFlatbreads,6593107
2026-07-04T05:00:58.416115,2026-07-04T05:00:58.428058+00:00,145.9,50,ask,EarnestEspressos,FlawlessFlatbreads,6593132
2026-07-04T05:00:59.168250,2026-07-04T05:00:59.177718+00:00,146.0,14,bid,Xuanyu Liu,EarnestEspressos,6593143
2026-07-04T05:01:00.526504,2026-07-04T05:01:00.537171+00:00,145.9,50,ask,DiligentDonuts,FlawlessFlatbreads,6593159
2026-07-04T05:01:02.634536,2026-07-04T05:01:02.647371+00:00,145.9,50,ask,DiligentDonuts,FlawlessFlatbreads,6593190
2026-07-04T05:01:04.741764,2026-07-04T05:01:04.758548+00:00,145.6,50,ask,EarnestEspressos,FlawlessFlatbreads,6593224
2026-07-04T05:01:05.500372,2026-07-04T05:01:05.509659+00:00,145.7,12,bid,Xuanyu Liu,EarnestEspressos,6593235
2026-07-04T05:01:06.598111,2026-07-04T05:01:06.606906+00:00,145.7,11,bid,Xuanyu Liu,EarnestEspressos,6593253
2026-07-04T05:01:06.850007,2026-07-04T05:01:06.858564+00:00,145.4,50,ask,DiligentDonuts,FlawlessFlatbreads,6593261
2026-07-04T05:01:07.907310,2026-07-04T05:01:07.916875+00:00,145.7,12,bid,Xuanyu Liu,EarnestEspressos,6593281
2026-07-04T05:01:11.020806,2026-07-04T05:01:11.032332+00:00,146.0,50,bid,FlawlessFlatbreads,DiligentDonuts,6593324
2026-07-04T05:01:13.128403,2026-07-04T05:01:13.140280+00:00,146.0,50,bid,FlawlessFlatbreads,DiligentDonuts,6593355
2026-07-04T05:01:14.032664,2026-07-04T05:01:14.048484+00:00,146.0,48,bid,CostlyCorianders,DiligentDonuts,6593367
2026-07-04T05:01:15.265565,2026-07-04T05:01:15.273057+00:00,146.0,2,bid,FlawlessFlatbreads,DiligentDonuts,6593380
2026-07-04T05:01:15.265565,2026-07-04T05:01:15.278044+00:00,146.1,48,bid,FlawlessFlatbreads,EarnestEspressos,6593381
2026-07-04T05:01:15.400481,2026-07-04T05:01:15.408765+00:00,146.0,12,ask,DiligentDonuts,Xuanyu Liu,6593385
2026-07-04T05:01:15.621413,2026-07-04T05:01:15.630932+00:00,146.0,11,ask,DiligentDonuts,Xuanyu Liu,6593392
2026-07-04T05:01:17.371783,2026-07-04T05:01:17.378461+00:00,146.1,50,bid,FlawlessFlatbreads,EarnestEspressos,6593410
2026-07-04T05:01:19.511440,2026-07-04T05:01:19.523276+00:00,146.4,50,bid,FlawlessFlatbreads,EarnestEspressos,6593441
2026-07-04T05:01:20.812717,2026-07-04T05:01:20.824505+00:00,145.9,48,ask,EarnestEspressos,CostlyCorianders,6593458
2026-07-04T05:01:22.387157,2026-07-04T05:01:22.398170+00:00,146.3,49,bid,CostlyCorianders,DiligentDonuts,6593484
2026-07-04T05:01:23.726018,2026-07-04T05:01:23.733905+00:00,146.3,50,bid,FlawlessFlatbreads,DiligentDonuts,6593508
2026-07-04T05:01:24.992157,2026-07-04T05:01:25.001436+00:00,146.0,12,ask,EarnestEspressos,Xuanyu Liu,6593527
2026-07-04T05:01:25.832585,2026-07-04T05:01:25.839650+00:00,146.5,50,bid,FlawlessFlatbreads,EarnestEspressos,6593543
2026-07-04T05:01:27.970767,2026-07-04T05:01:27.982288+00:00,146.4,50,bid,FlawlessFlatbreads,EarnestEspressos,6593575
2026-07-04T05:01:30.078426,2026-07-04T05:01:30.087229+00:00,146.4,50,bid,FlawlessFlatbreads,EarnestEspressos,6593597
2026-07-04T05:01:30.736290,2026-07-04T05:01:30.769697+00:00,146.3,14,ask,EarnestEspressos,Xuanyu Liu,6593607
2026-07-04T05:01:32.184433,2026-07-04T05:01:32.196332+00:00,146.4,50,bid,FlawlessFlatbreads,DiligentDonuts,6593625
2026-07-04T05:01:32.610238,2026-07-04T05:01:32.621406+00:00,146.3,42,ask,EarnestEspressos,CostlyCorianders,6593636
2026-07-04T05:01:33.088720,2026-07-04T05:01:33.100137+00:00,146.4,49,bid,CostlyCorianders,DiligentDonuts,6593641
2026-07-04T05:01:34.292242,2026-07-04T05:01:34.304269+00:00,146.4,1,bid,FlawlessFlatbreads,DiligentDonuts,6593656
2026-07-04T05:01:34.292242,2026-07-04T05:01:34.304269+00:00,146.7,49,bid,FlawlessFlatbreads,EarnestEspressos,6593657
2026-07-04T05:01:36.402264,2026-07-04T05:01:36.414027+00:00,146.7,50,bid,FlawlessFlatbreads,EarnestEspressos,6593680
2026-07-04T05:01:37.059650,2026-07-04T05:01:37.067781+00:00,146.5,3,ask,EarnestEspressos,Xuanyu Liu,6593690
2026-07-04T05:01:38.511085,2026-07-04T05:01:38.520633+00:00,146.7,50,bid,FlawlessFlatbreads,DiligentDonuts,6593704
2026-07-04T05:01:38.665963,2026-07-04T05:01:38.675560+00:00,146.5,46,ask,EarnestEspressos,CostlyCorianders,6593710
2026-07-04T05:01:39.192333,2026-07-04T05:01:39.203963+00:00,146.5,48,ask,EarnestEspressos,CostlyCorianders,6593717
2026-07-04T05:01:39.462924,2026-07-04T05:01:39.470969+00:00,146.5,23,ask,EarnestEspressos,Xuanyu Liu,6593731
2026-07-04T05:01:40.240586,2026-07-04T05:01:40.252361+00:00,146.7,41,bid,CostlyCorianders,DiligentDonuts,6593738
2026-07-04T05:01:40.616542,2026-07-04T05:01:40.628153+00:00,146.3,50,bid,FlawlessFlatbreads,EarnestEspressos,6593750
2026-07-04T05:01:40.719704,2026-07-04T05:01:40.726484+00:00,146.3,100,bid,DiligentDonuts,EarnestEspressos,6593751
2026-07-04T05:01:42.723949,2026-07-04T05:01:42.733230+00:00,146.8,50,bid,FlawlessFlatbreads,DiligentDonuts,6593773
2026-07-04T05:01:44.077029,2026-07-04T05:01:44.084810+00:00,146.6,11,ask,EarnestEspressos,Xuanyu Liu,6593795
2026-07-04T05:01:45.907094,2026-07-04T05:01:45.921513+00:00,146.6,49,ask,EarnestEspressos,CostlyCorianders,6593822
2026-07-04T05:01:45.996325,2026-07-04T05:01:46.006094+00:00,146.6,12,ask,EarnestEspressos,Xuanyu Liu,6593824
2026-07-04T05:01:46.422733,2026-07-04T05:01:46.434508+00:00,146.8,43,bid,CostlyCorianders,DiligentDonuts,6593830
2026-07-04T05:01:46.938462,2026-07-04T05:01:46.950074+00:00,146.5,50,bid,FlawlessFlatbreads,EarnestEspressos,6593837
2026-07-04T05:01:48.597672,2026-07-04T05:01:48.609101+00:00,146.5,41,bid,CostlyCorianders,EarnestEspressos,6593859
2026-07-04T05:01:49.097499,2026-07-04T05:01:49.109145+00:00,146.2,50,ask,DiligentDonuts,FlawlessFlatbreads,6593865
2026-07-04T05:01:51.204534,2026-07-04T05:01:51.215833+00:00,146.5,50,ask,EarnestEspressos,FlawlessFlatbreads,6593898
2026-07-04T05:01:53.313790,2026-07-04T05:01:53.324158+00:00,146.2,50,ask,EarnestEspressos,FlawlessFlatbreads,6593927
2026-07-04T05:01:55.420386,2026-07-04T05:01:55.432377+00:00,146.2,50,ask,EarnestEspressos,FlawlessFlatbreads,6593950
2026-07-04T05:01:56.024086,2026-07-04T05:01:56.030891+00:00,146.1,40,ask,DiligentDonuts,CostlyCorianders,6593963
2026-07-04T05:01:56.087230,2026-07-04T05:01:56.095751+00:00,146.3,12,bid,Xuanyu Liu,EarnestEspressos,6593964
2026-07-04T05:01:56.486197,2026-07-04T05:01:56.493870+00:00,146.3,11,bid,Xuanyu Liu,EarnestEspressos,6593976
2026-07-04T05:01:56.595911,2026-07-04T05:01:56.602461+00:00,146.3,41,bid,CostlyCorianders,EarnestEspressos,6593979
2026-07-04T05:01:57.528908,2026-07-04T05:01:57.540671+00:00,145.9,50,ask,DiligentDonuts,FlawlessFlatbreads,6593992
2026-07-04T05:01:57.802889,2026-07-04T05:01:57.811605+00:00,146.3,12,bid,Xuanyu Liu,EarnestEspressos,6593996
2026-07-04T05:01:59.634753,2026-07-04T05:01:59.641930+00:00,146.1,50,ask,EarnestEspressos,FlawlessFlatbreads,6594018
2026-07-04T05:02:00.848417,2026-07-04T05:02:00.858596+00:00,146.1,48,ask,EarnestEspressos,CostlyCorianders,6594038
2026-07-04T05:02:01.330792,2026-07-04T05:02:01.342562+00:00,146.1,46,ask,EarnestEspressos,CostlyCorianders,6594042
2026-07-04T05:02:01.740845,2026-07-04T05:02:01.758644+00:00,146.1,6,ask,EarnestEspressos,FlawlessFlatbreads,6594046
2026-07-04T05:02:01.740845,2026-07-04T05:02:01.758644+00:00,145.7,44,ask,DiligentDonuts,FlawlessFlatbreads,6594047
2026-07-04T05:02:02.424878,2026-07-04T05:02:02.440378+00:00,146.0,11,bid,Xuanyu Liu,EarnestEspressos,6594055
2026-07-04T05:02:03.075804,2026-07-04T05:02:03.084895+00:00,146.0,3,bid,Xuanyu Liu,EarnestEspressos,6594064
2026-07-04T05:02:03.850101,2026-07-04T05:02:03.858587+00:00,145.6,50,ask,DiligentDonuts,FlawlessFlatbreads,6594084
2026-07-04T05:02:05.957247,2026-07-04T05:02:05.963567+00:00,145.6,50,ask,DiligentDonuts,FlawlessFlatbreads,6594103
2026-07-04T05:02:08.063845,2026-07-04T05:02:08.075478+00:00,145.6,50,ask,EarnestEspressos,FlawlessFlatbreads,6594139
2026-07-04T05:02:10.170693,2026-07-04T05:02:10.178357+00:00,145.4,50,ask,EarnestEspressos,FlawlessFlatbreads,6594163
2026-07-04T05:02:11.942436,2026-07-04T05:02:11.963956+00:00,145.7,3,bid,Xuanyu Liu,EarnestEspressos,6594196
2026-07-04T05:02:12.275830,2026-07-04T05:02:12.284243+00:00,145.4,50,ask,DiligentDonuts,FlawlessFlatbreads,6594202
2026-07-04T05:02:12.681261,2026-07-04T05:02:12.690597+00:00,145.7,41,bid,CostlyCorianders,EarnestEspressos,6594210
2026-07-04T05:02:13.582501,2026-07-04T05:02:13.590417+00:00,145.7,11,bid,Xuanyu Liu,EarnestEspressos,6594223
2026-07-04T05:02:13.741057,2026-07-04T05:02:13.758601+00:00,145.7,44,bid,CostlyCorianders,EarnestEspressos,6594227
2026-07-04T05:02:14.344314,2026-07-04T05:02:14.358554+00:00,145.7,50,bid,FlawlessFlatbreads,EarnestEspressos,6594237
2026-07-04T05:02:15.008173,2026-07-04T05:02:15.019565+00:00,145.7,100,bid,EarnestEspressos,DiligentDonuts,6594250
2026-07-04T05:02:15.075674,2026-07-04T05:02:15.084436+00:00,145.7,11,ask,EarnestEspressos,Xuanyu Liu,6594252
2026-07-04T05:02:16.363822,2026-07-04T05:02:16.375450+00:00,145.7,39,ask,EarnestEspressos,CostlyCorianders,6594272
2026-07-04T05:02:16.363822,2026-07-04T05:02:16.375450+00:00,145.4,8,ask,DiligentDonuts,CostlyCorianders,6594273
2026-07-04T05:02:16.450712,2026-07-04T05:02:16.463880+00:00,145.9,50,bid,FlawlessFlatbreads,DiligentDonuts,6594275
2026-07-04T05:02:16.949301,2026-07-04T05:02:16.958586+00:00,145.9,40,bid,CostlyCorianders,DiligentDonuts,6594279
2026-07-04T05:02:17.842067,2026-07-04T05:02:17.853683+00:00,145.9,10,bid,CostlyCorianders,DiligentDonuts,6594294
2026-07-04T05:02:18.555777,2026-07-04T05:02:18.567105+00:00,145.6,50,bid,FlawlessFlatbreads,EarnestEspressos,6594302
2026-07-04T05:02:18.656480,2026-07-04T05:02:18.655655+00:00,145.6,100,bid,DiligentDonuts,EarnestEspressos,6594305
2026-07-04T05:02:20.661906,2026-07-04T05:02:20.668654+00:00,146.2,50,bid,FlawlessFlatbreads,DiligentDonuts,6594321
2026-07-04T05:02:22.759450,2026-07-04T05:02:22.768551+00:00,145.7,3,ask,EarnestEspressos,Xuanyu Liu,6594349
2026-07-04T05:02:22.769118,2026-07-04T05:02:22.788949+00:00,146.0,50,bid,FlawlessFlatbreads,DiligentDonuts,6594351
2026-07-04T05:02:26.979804,2026-07-04T05:02:26.991334+00:00,146.1,50,bid,FlawlessFlatbreads,EarnestEspressos,6594390
2026-07-04T05:02:28.657728,2026-07-04T05:02:28.669482+00:00,145.7,43,ask,EarnestEspressos,CostlyCorianders,6594418
2026-07-04T05:02:29.151036,2026-07-04T05:02:29.157461+00:00,145.7,50,ask,EarnestEspressos,FlawlessFlatbreads,6594425
2026-07-04T05:02:29.577690,2026-07-04T05:02:29.589063+00:00,145.7,43,ask,EarnestEspressos,CostlyCorianders,6594432
2026-07-04T05:02:30.635207,2026-07-04T05:02:30.643722+00:00,145.7,3,ask,EarnestEspressos,Xuanyu Liu,6594447
2026-07-04T05:02:30.909208,2026-07-04T05:02:30.916853+00:00,145.6,3,bid,Xuanyu Liu,EarnestEspressos,6594451
2026-07-04T05:02:31.255971,2026-07-04T05:02:31.268709+00:00,145.6,40,bid,CostlyCorianders,EarnestEspressos,6594454
2026-07-04T05:02:32.490490,2026-07-04T05:02:32.497973+00:00,145.6,14,bid,Xuanyu Liu,EarnestEspressos,6594470
2026-07-04T05:02:33.311514,2026-07-04T05:02:33.323010+00:00,145.6,50,bid,FlawlessFlatbreads,EarnestEspressos,6594488
2026-07-04T05:02:34.011461,2026-07-04T05:02:34.029424+00:00,146.0,43,bid,CostlyCorianders,DiligentDonuts,6594496
2026-07-04T05:02:34.019147,2026-07-04T05:02:34.029424+00:00,145.8,11,ask,EarnestEspressos,Xuanyu Liu,6594497
2026-07-04T05:02:34.477985,2026-07-04T05:02:34.486879+00:00,145.9,3,ask,DiligentDonuts,Xuanyu Liu,6594510
2026-07-04T05:02:34.954719,2026-07-04T05:02:34.966536+00:00,145.9,47,ask,DiligentDonuts,CostlyCorianders,6594520
2026-07-04T05:02:37.239889,2026-07-04T05:02:37.251072+00:00,146.1,46,ask,EarnestEspressos,CostlyCorianders,6594567
2026-07-04T05:02:37.522269,2026-07-04T05:02:37.534085+00:00,146.2,10,bid,FlawlessFlatbreads,Richard Zhang,6594574
2026-07-04T05:02:37.522269,2026-07-04T05:02:37.534085+00:00,146.4,40,bid,FlawlessFlatbreads,DiligentDonuts,6594575
2026-07-04T05:02:37.720593,2026-07-04T05:02:37.732286+00:00,146.4,42,bid,CostlyCorianders,DiligentDonuts,6594580
2026-07-04T05:02:38.283825,2026-07-04T05:02:38.292457+00:00,146.1,65,ask,EarnestEspressos,Richard Zhang,6594596
2026-07-04T05:02:38.309167,2026-07-04T05:02:38.316811+00:00,146.2,3,ask,Richard Zhang,Xuanyu Liu,6594597
2026-07-04T05:02:39.630494,2026-07-04T05:02:39.642055+00:00,146.3,10,bid,FlawlessFlatbreads,Richard Zhang,6594624
2026-07-04T05:02:39.630494,2026-07-04T05:02:39.642055+00:00,146.4,40,bid,FlawlessFlatbreads,DiligentDonuts,6594625
2026-07-04T05:02:39.710016,2026-07-04T05:02:39.721898+00:00,146.4,18,bid,CostlyCorianders,DiligentDonuts,6594626
2026-07-04T05:02:39.710016,2026-07-04T05:02:39.721898+00:00,146.6,26,bid,CostlyCorianders,EarnestEspressos,6594627
2026-07-04T05:02:40.417570,2026-07-04T05:02:40.424715+00:00,146.0,3,bid,Xuanyu Liu,EarnestEspressos,6594644
2026-07-04T05:02:40.783447,2026-07-04T05:02:40.792409+00:00,146.0,100,bid,DiligentDonuts,EarnestEspressos,6594653
2026-07-04T05:02:41.738377,2026-07-04T05:02:41.750079+00:00,146.0,47,bid,FlawlessFlatbreads,EarnestEspressos,6594666
2026-07-04T05:02:41.738377,2026-07-04T05:02:41.750079+00:00,147.3,3,bid,FlawlessFlatbreads,DiligentDonuts,6594667
2026-07-04T05:02:43.895252,2026-07-04T05:02:43.902716+00:00,146.3,50,ask,EarnestEspressos,FlawlessFlatbreads,6594705
2026-07-04T05:02:44.366147,2026-07-04T05:02:44.374528+00:00,146.3,13,ask,EarnestEspressos,Richard Zhang,6594713
2026-07-04T05:02:44.555375,2026-07-04T05:02:44.566893+00:00,146.4,10,ask,Richard Zhang,CostlyCorianders,6594717
2026-07-04T05:02:44.555375,2026-07-04T05:02:44.566893+00:00,146.3,31,ask,EarnestEspressos,CostlyCorianders,6594718
2026-07-04T05:02:45.045179,2026-07-04T05:02:45.058557+00:00,146.7,47,bid,CostlyCorianders,DiligentDonuts,6594729
2026-07-04T05:02:46.000666,2026-07-04T05:02:46.012159+00:00,146.3,50,ask,EarnestEspressos,FlawlessFlatbreads,6594740
2026-07-04T05:02:46.418843,2026-07-04T05:02:46.426841+00:00,146.3,6,ask,EarnestEspressos,Richard Zhang,6594743
2026-07-04T05:02:46.726751,2026-07-04T05:02:46.738495+00:00,146.3,10,ask,Richard Zhang,EarnestEspressos,6594751
2026-07-04T05:02:47.114260,2026-07-04T05:02:47.122250+00:00,146.3,100,bid,DiligentDonuts,EarnestEspressos,6594757
2026-07-04T05:02:48.107816,2026-07-04T05:02:48.119488+00:00,145.8,50,ask,EarnestEspressos,FlawlessFlatbreads,6594764
2026-07-04T05:02:50.215856,2026-07-04T05:02:50.227589+00:00,146.0,50,ask,EarnestEspressos,FlawlessFlatbreads,6594793
2026-07-04T05:02:52.324745,2026-07-04T05:02:52.336442+00:00,146.2,10,ask,Richard Zhang,FlawlessFlatbreads,6594820
2026-07-04T05:02:52.324745,2026-07-04T05:02:52.336442+00:00,146.1,40,ask,DiligentDonuts,FlawlessFlatbreads,6594821
2026-07-04T05:02:54.203066,2026-07-04T05:02:54.209628+00:00,146.3,40,bid,CostlyCorianders,EarnestEspressos,6594850
2026-07-04T05:02:54.257113,2026-07-04T05:02:54.263627+00:00,146.1,10,ask,Richard Zhang,CostlyCorianders,6594856
2026-07-04T05:02:54.257113,2026-07-04T05:02:54.268967+00:00,146.0,38,ask,DiligentDonuts,CostlyCorianders,6594857
2026-07-04T05:02:54.382511,2026-07-04T05:02:54.394181+00:00,146.3,50,bid,FlawlessFlatbreads,EarnestEspressos,6594860
2026-07-04T05:02:54.741998,2026-07-04T05:02:54.753599+00:00,146.0,40,ask,DiligentDonuts,CostlyCorianders,6594862
2026-07-04T05:02:55.232085,2026-07-04T05:02:55.244232+00:00,146.2,10,bid,CostlyCorianders,Richard Zhang,6594869
2026-07-04T05:02:55.232085,2026-07-04T05:02:55.244232+00:00,146.3,37,bid,CostlyCorianders,EarnestEspressos,6594870
2026-07-04T05:02:56.538915,2026-07-04T05:02:56.550506+00:00,146.4,50,ask,EarnestEspressos,FlawlessFlatbreads,6594894
2026-07-04T05:02:56.574413,2026-07-04T05:02:56.582444+00:00,146.4,20,ask,EarnestEspressos,Richard Zhang,6594896
2026-07-04T05:02:56.682756,2026-07-04T05:02:56.699364+00:00,146.5,10,ask,Richard Zhang,DiligentDonuts,6594899
2026-07-04T05:02:56.682756,2026-07-04T05:02:56.704944+00:00,146.4,80,ask,EarnestEspressos,DiligentDonuts,6594900
2026-07-04T05:02:56.787526,2026-07-04T05:02:56.801156+00:00,146.3,10,bid,CostlyCorianders,DiligentDonuts,6594905
2026-07-04T05:02:58.646887,2026-07-04T05:02:58.658436+00:00,145.9,10,ask,Richard Zhang,FlawlessFlatbreads,6594932
2026-07-04T05:02:58.646887,2026-07-04T05:02:58.658436+00:00,145.8,40,ask,DiligentDonuts,FlawlessFlatbreads,6594933
2026-07-04T05:02:58.910345,2026-07-04T05:02:58.921950+00:00,145.8,45,ask,DiligentDonuts,CostlyCorianders,6594935
2026-07-04T05:03:00.009544,2026-07-04T05:03:00.015910+00:00,146.3,43,bid,CostlyCorianders,EarnestEspressos,6594955
2026-07-04T05:03:00.616845,2026-07-04T05:03:00.628785+00:00,146.3,48,bid,CostlyCorianders,EarnestEspressos,6594967
2026-07-04T05:03:00.754535,2026-07-04T05:03:00.765992+00:00,145.8,50,ask,EarnestEspressos,FlawlessFlatbreads,6594970
2026-07-04T05:03:02.860424,2026-07-04T05:03:02.868465+00:00,145.9,10,ask,Richard Zhang,FlawlessFlatbreads,6594999
2026-07-04T05:03:02.860424,2026-07-04T05:03:02.868465+00:00,145.8,40,ask,DiligentDonuts,FlawlessFlatbreads,6595000
2026-07-04T05:03:03.411164,2026-07-04T05:03:03.419065+00:00,146.0,3,bid,Xuanyu Liu,DiligentDonuts,6595008
2026-07-04T05:03:04.698498,2026-07-04T05:03:04.707522+00:00,146.0,15,bid,Richard Zhang,DiligentDonuts,6595021
2026-07-04T05:03:04.970139,2026-07-04T05:03:04.981669+00:00,145.8,50,ask,EarnestEspressos,FlawlessFlatbreads,6595027
2026-07-04T05:03:07.079106,2026-07-04T05:03:07.090996+00:00,145.5,50,ask,EarnestEspressos,FlawlessFlatbreads,6595060
2026-07-04T05:03:08.656187,2026-07-04T05:03:08.664808+00:00,145.9,10,bid,Xuanyu Liu,Richard Zhang,6595085
2026-07-04T05:03:08.665813,2026-07-04T05:03:08.673259+00:00,146.0,13,bid,Xuanyu Liu,EarnestEspressos,6595087
2026-07-04T05:03:08.769376,2026-07-04T05:03:08.777314+00:00,146.0,25,bid,Richard Zhang,DiligentDonuts,6595090
2026-07-04T05:03:08.820509,2026-07-04T05:03:08.828606+00:00,145.9,10,bid,Xuanyu Liu,Richard Zhang,6595091
2026-07-04T05:03:09.192414,2026-07-04T05:03:09.203805+00:00,145.8,50,ask,EarnestEspressos,FlawlessFlatbreads,6595100
2026-07-04T05:03:10.447089,2026-07-04T05:03:10.458545+00:00,146.0,46,ask,DiligentDonuts,CostlyCorianders,6595123
2026-07-04T05:03:10.844631,2026-07-04T05:03:10.852458+00:00,146.1,10,ask,Richard Zhang,Xuanyu Liu,6595128
2026-07-04T05:03:11.301816,2026-07-04T05:03:11.311075+00:00,146.0,50,ask,DiligentDonuts,FlawlessFlatbreads,6595135
2026-07-04T05:03:12.352751,2026-07-04T05:03:12.364157+00:00,146.0,4,ask,DiligentDonuts,CostlyCorianders,6595149
2026-07-04T05:03:13.356266,2026-07-04T05:03:13.368029+00:00,146.0,10,bid,FlawlessFlatbreads,Richard Zhang,6595159
2026-07-04T05:03:13.548961,2026-07-04T05:03:13.558596+00:00,146.1,43,bid,CostlyCorianders,EarnestEspressos,6595162
2026-07-04T05:03:14.627394,2026-07-04T05:03:14.634374+00:00,146.1,44,bid,CostlyCorianders,EarnestEspressos,6595184
2026-07-04T05:03:15.225676,2026-07-04T05:03:15.234651+00:00,146.0,10,bid,Xuanyu Liu,Richard Zhang,6595195
2026-07-04T05:03:15.464685,2026-07-04T05:03:15.474537+00:00,146.2,50,bid,FlawlessFlatbreads,DiligentDonuts,6595197
2026-07-04T05:03:17.365708,2026-07-04T05:03:17.374326+00:00,146.1,10,ask,Richard Zhang,CostlyCorianders,6595222
2026-07-04T05:03:17.365708,2026-07-04T05:03:17.374326+00:00,146.0,32,ask,DiligentDonuts,CostlyCorianders,6595223
2026-07-04T05:03:17.571862,2026-07-04T05:03:17.581163+00:00,146.3,50,bid,FlawlessFlatbreads,EarnestEspressos,6595227
2026-07-04T05:03:18.312857,2026-07-04T05:03:18.321323+00:00,146.3,10,ask,EarnestEspressos,Xuanyu Liu,6595238
2026-07-04T05:03:18.416020,2026-07-04T05:03:18.427777+00:00,146.3,41,ask,EarnestEspressos,CostlyCorianders,6595240
2026-07-04T05:03:18.560987,2026-07-04T05:03:18.568392+00:00,146.3,12,ask,EarnestEspressos,Xuanyu Liu,6595241
2026-07-04T05:03:18.847804,2026-07-04T05:03:18.858568+00:00,146.3,87,ask,EarnestEspressos,DiligentDonuts,6595249
2026-07-04T05:03:19.704424,2026-07-04T05:03:19.715543+00:00,146.2,10,bid,FlawlessFlatbreads,Richard Zhang,6595260
2026-07-04T05:03:19.704424,2026-07-04T05:03:19.715543+00:00,146.3,13,bid,FlawlessFlatbreads,DiligentDonuts,6595261
2026-07-04T05:03:19.704424,2026-07-04T05:03:19.715543+00:00,146.8,27,bid,FlawlessFlatbreads,EarnestEspressos,6595262
2026-07-04T05:03:21.821614,2026-07-04T05:03:21.833511+00:00,146.4,50,bid,FlawlessFlatbreads,EarnestEspressos,6595286
2026-07-04T05:03:22.958477,2026-07-04T05:03:22.970077+00:00,146.4,92,bid,Chester Au,EarnestEspressos,6595304
2026-07-04T05:03:23.942789,2026-07-04T05:03:23.958602+00:00,146.4,8,bid,FlawlessFlatbreads,EarnestEspressos,6595324
2026-07-04T05:03:23.942789,2026-07-04T05:03:23.958602+00:00,146.8,42,bid,FlawlessFlatbreads,DiligentDonuts,6595325
2026-07-04T05:03:24.041152,2026-07-04T05:03:24.050026+00:00,146.3,48,ask,DiligentDonuts,CostlyCorianders,6595327
2026-07-04T05:03:25.010821,2026-07-04T05:03:25.017770+00:00,146.4,10,ask,EarnestEspressos,Richard Zhang,6595341
2026-07-04T05:03:25.034193,2026-07-04T05:03:25.043784+00:00,146.5,10,ask,Richard Zhang,Xuanyu Liu,6595342
2026-07-04T05:03:26.054590,2026-07-04T05:03:26.066020+00:00,146.7,50,bid,FlawlessFlatbreads,DiligentDonuts,6595358
2026-07-04T05:03:27.051765,2026-07-04T05:03:27.058713+00:00,146.4,10,ask,EarnestEspressos,Richard Zhang,6595378
2026-07-04T05:03:27.070787,2026-07-04T05:03:27.079259+00:00,146.5,1,ask,Richard Zhang,Xuanyu Liu,6595379
2026-07-04T05:03:27.080270,2026-07-04T05:03:27.087427+00:00,146.5,3,ask,Richard Zhang,Xuanyu Liu,6595381
2026-07-04T05:03:28.169799,2026-07-04T05:03:28.183583+00:00,146.7,50,bid,FlawlessFlatbreads,DiligentDonuts,6595392
2026-07-04T05:03:28.655078,2026-07-04T05:03:28.666628+00:00,146.7,46,bid,CostlyCorianders,EarnestEspressos,6595403
2026-07-04T05:03:29.682703,2026-07-04T05:03:29.694151+00:00,146.5,10,ask,Richard Zhang,CostlyCorianders,6595415
2026-07-04T05:03:29.682703,2026-07-04T05:03:29.694151+00:00,146.4,37,ask,DiligentDonuts,CostlyCorianders,6595416
2026-07-04T05:03:30.331126,2026-07-04T05:03:30.342394+00:00,146.4,50,ask,DiligentDonuts,FlawlessFlatbreads,6595420
2026-07-04T05:03:30.942531,2026-07-04T05:03:30.952661+00:00,146.7,10,bid,EarnestEspressos,Richard Zhang,6595427
2026-07-04T05:03:31.119480,2026-07-04T05:03:31.129949+00:00,146.7,10,ask,EarnestEspressos,Richard Zhang,6595429
2026-07-04T05:03:31.946522,2026-07-04T05:03:31.958549+00:00,146.9,43,bid,CostlyCorianders,DiligentDonuts,6595437
2026-07-04T05:03:32.468569,2026-07-04T05:03:32.476210+00:00,146.7,50,ask,EarnestEspressos,FlawlessFlatbreads,6595441
2026-07-04T05:03:33.423136,2026-07-04T05:03:33.434976+00:00,146.7,49,ask,EarnestEspressos,CostlyCorianders,6595452
2026-07-04T05:03:33.951329,2026-07-04T05:03:33.959983+00:00,146.9,47,bid,CostlyCorianders,DiligentDonuts,6595460
2026-07-04T05:03:34.574682,2026-07-04T05:03:34.586194+00:00,146.7,10,ask,Richard Zhang,FlawlessFlatbreads,6595471
2026-07-04T05:03:34.574682,2026-07-04T05:03:34.586194+00:00,146.3,40,ask,EarnestEspressos,FlawlessFlatbreads,6595472
2026-07-04T05:03:34.607792,2026-07-04T05:03:34.616383+00:00,146.8,100,bid,DiligentDonuts,EarnestEspressos,6595473
2026-07-04T05:03:35.669604,2026-07-04T05:03:35.679038+00:00,146.7,10,bid,CostlyCorianders,Richard Zhang,6595495
2026-07-04T05:03:35.669604,2026-07-04T05:03:35.679038+00:00,146.8,30,bid,CostlyCorianders,EarnestEspressos,6595496
2026-07-04T05:03:36.265146,2026-07-04T05:03:36.276641+00:00,146.4,10,ask,Richard Zhang,CostlyCorianders,6595500
2026-07-04T05:03:36.265146,2026-07-04T05:03:36.276641+00:00,146.3,38,ask,EarnestEspressos,CostlyCorianders,6595501
2026-07-04T05:03:36.719043,2026-07-04T05:03:36.725881+00:00,146.3,50,ask,EarnestEspressos,FlawlessFlatbreads,6595505
2026-07-04T05:03:37.964052,2026-07-04T05:03:37.975422+00:00,146.6,40,bid,CostlyCorianders,EarnestEspressos,6595529
2026-07-04T05:03:38.818479,2026-07-04T05:03:38.826483+00:00,146.6,3,bid,Xuanyu Liu,EarnestEspressos,6595539
2026-07-04T05:03:38.825539,2026-07-04T05:03:38.842159+00:00,146.4,10,ask,Richard Zhang,FlawlessFlatbreads,6595541
2026-07-04T05:03:38.825539,2026-07-04T05:03:38.842159+00:00,146.3,40,ask,DiligentDonuts,FlawlessFlatbreads,6595542
2026-07-04T05:03:39.548186,2026-07-04T05:03:39.559963+00:00,146.3,46,ask,DiligentDonuts,CostlyCorianders,6595549
2026-07-04T05:03:40.938748,2026-07-04T05:03:40.947764+00:00,146.0,10,ask,Richard Zhang,FlawlessFlatbreads,6595573
2026-07-04T05:03:40.938748,2026-07-04T05:03:40.947764+00:00,146.0,40,ask,EarnestEspressos,FlawlessFlatbreads,6595574
2026-07-04T05:03:41.212804,2026-07-04T05:03:41.219432+00:00,146.3,48,bid,CostlyCorianders,DiligentDonuts,6595579
2026-07-04T05:03:41.691890,2026-07-04T05:03:41.703706+00:00,146.0,49,ask,EarnestEspressos,CostlyCorianders,6595585
2026-07-04T05:03:42.749746,2026-07-04T05:03:42.757645+00:00,146.2,10,bid,Xuanyu Liu,Richard Zhang,6595606
2026-07-04T05:03:42.851827,2026-07-04T05:03:42.858301+00:00,146.3,43,bid,CostlyCorianders,DiligentDonuts,6595609
2026-07-04T05:03:43.047864,2026-07-04T05:03:43.056254+00:00,146.0,50,ask,EarnestEspressos,FlawlessFlatbreads,6595612
2026-07-04T05:03:43.286384,2026-07-04T05:03:43.295248+00:00,146.2,1,bid,Xuanyu Liu,Richard Zhang,6595615
2026-07-04T05:03:43.649771,2026-07-04T05:03:43.660480+00:00,146.1,12,bid,Xuanyu Liu,EarnestEspressos,6595627
2026-07-04T05:03:44.104179,2026-07-04T05:03:44.111714+00:00,146.1,100,bid,DiligentDonuts,EarnestEspressos,6595636
2026-07-04T05:03:45.198509,2026-07-04T05:03:45.207834+00:00,145.8,10,ask,Richard Zhang,FlawlessFlatbreads,6595656
2026-07-04T05:03:45.198509,2026-07-04T05:03:45.207834+00:00,145.6,40,ask,EarnestEspressos,FlawlessFlatbreads,6595657
2026-07-04T05:03:45.311424,2026-07-04T05:03:45.320542+00:00,146.0,10,bid,Xuanyu Liu,Richard Zhang,6595659
2026-07-04T05:03:48.007282,2026-07-04T05:03:48.014984+00:00,146.1,1,bid,Xuanyu Liu,Richard Zhang,6595699
2026-07-04T05:03:49.316841,2026-07-04T05:03:49.324320+00:00,146.1,9,bid,Xuanyu Liu,Richard Zhang,6595719
2026-07-04T05:03:49.393364,2026-07-04T05:03:49.400952+00:00,146.1,3,bid,Xuanyu Liu,Richard Zhang,6595722
2026-07-04T05:03:49.427637,2026-07-04T05:03:49.439165+00:00,145.7,50,ask,EarnestEspressos,FlawlessFlatbreads,6595724
2026-07-04T05:03:50.428820,2026-07-04T05:03:50.440192+00:00,146.1,7,bid,DiligentDonuts,Richard Zhang,6595735
2026-07-04T05:03:50.750812,2026-07-04T05:03:50.757355+00:00,146.1,41,ask,DiligentDonuts,CostlyCorianders,6595741
2026-07-04T05:03:51.533989,2026-07-04T05:03:51.545552+00:00,146.1,50,ask,DiligentDonuts,FlawlessFlatbreads,6595753
2026-07-04T05:03:51.789822,2026-07-04T05:03:51.798296+00:00,146.3,47,bid,CostlyCorianders,EarnestEspressos,6595757
2026-07-04T05:03:53.599621,2026-07-04T05:03:53.612015+00:00,146.2,10,ask,Richard Zhang,Xuanyu Liu,6595780
2026-07-04T05:03:53.826890,2026-07-04T05:03:53.838360+00:00,145.9,45,ask,EarnestEspressos,CostlyCorianders,6595784
2026-07-04T05:03:55.758970,2026-07-04T05:03:55.770875+00:00,146.0,10,ask,Richard Zhang,FlawlessFlatbreads,6595802
2026-07-04T05:03:55.758970,2026-07-04T05:03:55.770875+00:00,145.9,40,ask,EarnestEspressos,FlawlessFlatbreads,6595803
2026-07-04T05:03:57.310351,2026-07-04T05:03:57.317949+00:00,146.0,10,bid,Xuanyu Liu,EarnestEspressos,6595828
2026-07-04T05:03:57.516436,2026-07-04T05:03:57.523699+00:00,145.9,10,bid,Xuanyu Liu,Richard Zhang,6595830
2026-07-04T05:03:59.919406,2026-07-04T05:03:59.925932+00:00,146.0,10,bid,FlawlessFlatbreads,Richard Zhang,6595870
2026-07-04T05:04:01.166472,2026-07-04T05:04:01.178415+00:00,146.1,45,bid,CostlyCorianders,EarnestEspressos,6595882
2026-07-04T05:04:02.025873,2026-07-04T05:04:02.037482+00:00,146.0,10,bid,FlawlessFlatbreads,Richard Zhang,6595894
2026-07-04T05:04:02.025873,2026-07-04T05:04:02.037482+00:00,146.1,40,bid,FlawlessFlatbreads,EarnestEspressos,6595895
2026-07-04T05:04:02.653148,2026-07-04T05:04:02.664599+00:00,145.9,42,ask,EarnestEspressos,CostlyCorianders,6595901
2026-07-04T05:04:04.195048,2026-07-04T05:04:04.206949+00:00,145.9,50,ask,EarnestEspressos,FlawlessFlatbreads,6595920
2026-07-04T05:04:05.827528,2026-07-04T05:04:05.839451+00:00,145.9,10,ask,Richard Zhang,EarnestEspressos,6595945
2026-07-04T05:04:06.251120,2026-07-04T05:04:06.256137+00:00,145.9,50,bid,FlawlessFlatbreads,EarnestEspressos,6595947
2026-07-04T05:04:07.637015,2026-07-04T05:04:07.644849+00:00,145.8,1,bid,Xuanyu Liu,Richard Zhang,6595974
2026-07-04T05:04:08.364507,2026-07-04T05:04:08.370913+00:00,145.8,9,bid,FlawlessFlatbreads,Richard Zhang,6595984
2026-07-04T05:04:08.364507,2026-07-04T05:04:08.376211+00:00,145.9,41,bid,FlawlessFlatbreads,EarnestEspressos,6595985
2026-07-04T05:04:10.524467,2026-07-04T05:04:10.541592+00:00,145.9,50,ask,EarnestEspressos,FlawlessFlatbreads,6596022
2026-07-04T05:04:12.382585,2026-07-04T05:04:12.411065+00:00,145.9,10,ask,Richard Zhang,Xuanyu Liu,6596053
2026-07-04T05:04:12.632979,2026-07-04T05:04:12.642510+00:00,145.7,50,ask,EarnestEspressos,FlawlessFlatbreads,6596062
2026-07-04T05:04:12.635798,2026-07-04T05:04:12.642510+00:00,145.7,100,ask,EarnestEspressos,DiligentDonuts,6596063
2026-07-04T05:04:12.814178,2026-07-04T05:04:12.825796+00:00,146.0,10,bid,CostlyCorianders,Richard Zhang,6596069
2026-07-04T05:04:12.814178,2026-07-04T05:04:12.825796+00:00,146.2,34,bid,CostlyCorianders,EarnestEspressos,6596070
2026-07-04T05:04:15.327173,2026-07-04T05:04:15.334833+00:00,145.5,21,bid,Xuanyu Liu,EarnestEspressos,6596112
2026-07-04T05:04:15.747775,2026-07-04T05:04:15.758649+00:00,145.5,100,bid,DiligentDonuts,EarnestEspressos,6596122
2026-07-04T05:04:16.295307,2026-07-04T05:04:16.307237+00:00,145.5,29,bid,CostlyCorianders,EarnestEspressos,6596134
2026-07-04T05:04:16.295307,2026-07-04T05:04:16.307237+00:00,146.1,20,bid,CostlyCorianders,DiligentDonuts,6596135
2026-07-04T05:04:18.895712,2026-07-04T05:04:18.907661+00:00,146.3,50,bid,FlawlessFlatbreads,EarnestEspressos,6596171
2026-07-04T05:04:19.535607,2026-07-04T05:04:19.547605+00:00,145.8,45,ask,EarnestEspressos,CostlyCorianders,6596183
2026-07-04T05:04:21.004627,2026-07-04T05:04:21.016174+00:00,146.0,50,bid,FlawlessFlatbreads,DiligentDonuts,6596206
2026-07-04T05:04:21.096121,2026-07-04T05:04:21.107882+00:00,146.0,40,bid,CostlyCorianders,DiligentDonuts,6596207
2026-07-04T05:04:21.155478,2026-07-04T05:04:21.167567+00:00,145.8,42,ask,EarnestEspressos,CostlyCorianders,6596208
2026-07-04T05:04:21.728576,2026-07-04T05:04:21.740221+00:00,146.0,10,bid,CostlyCorianders,DiligentDonuts,6596216
2026-07-04T05:04:21.728576,2026-07-04T05:04:21.740221+00:00,146.2,37,bid,CostlyCorianders,EarnestEspressos,6596217
2026-07-04T05:04:22.715401,2026-07-04T05:04:22.722836+00:00,145.9,11,ask,DiligentDonuts,Xuanyu Liu,6596233
2026-07-04T05:04:23.111042,2026-07-04T05:04:23.122569+00:00,146.1,10,bid,FlawlessFlatbreads,Richard Zhang,6596238
2026-07-04T05:04:23.111042,2026-07-04T05:04:23.122569+00:00,146.2,40,bid,FlawlessFlatbreads,EarnestEspressos,6596239
2026-07-04T05:04:23.932253,2026-07-04T05:04:23.940098+00:00,146.0,10,ask,Richard Zhang,Xuanyu Liu,6596250
2026-07-04T05:04:24.730539,2026-07-04T05:04:24.739607+00:00,145.9,1,ask,DiligentDonuts,Xuanyu Liu,6596261
2026-07-04T05:04:24.756202,2026-07-04T05:04:24.765464+00:00,146.0,12,ask,EarnestEspressos,Xuanyu Liu,6596263
2026-07-04T05:04:25.269041,2026-07-04T05:04:25.280638+00:00,146.0,50,ask,EarnestEspressos,FlawlessFlatbreads,6596272
2026-07-04T05:04:25.949118,2026-07-04T05:04:25.953710+00:00,146.0,5,ask,EarnestEspressos,Richard Zhang,6596281
2026-07-04T05:04:25.977054,2026-07-04T05:04:25.986506+00:00,146.1,10,ask,Richard Zhang,Xuanyu Liu,6596282
2026-07-04T05:04:26.967225,2026-07-04T05:04:26.978759+00:00,146.0,40,ask,EarnestEspressos,CostlyCorianders,6596305
2026-07-04T05:04:27.361625,2026-07-04T05:04:27.370595+00:00,146.0,1,ask,EarnestEspressos,Xuanyu Liu,6596311
2026-07-04T05:04:27.376070,2026-07-04T05:04:27.386280+00:00,146.0,42,ask,EarnestEspressos,FlawlessFlatbreads,6596314
2026-07-04T05:04:27.376070,2026-07-04T05:04:27.386280+00:00,145.8,8,ask,DiligentDonuts,FlawlessFlatbreads,6596315
2026-07-04T05:04:27.544533,2026-07-04T05:04:27.556513+00:00,145.8,44,ask,DiligentDonuts,CostlyCorianders,6596318
2026-07-04T05:04:27.956596,2026-07-04T05:04:27.968135+00:00,145.8,48,ask,DiligentDonuts,EarnestEspressos,6596321
2026-07-04T05:04:27.969330,2026-07-04T05:04:27.977709+00:00,145.7,23,bid,Xuanyu Liu,EarnestEspressos,6596322
2026-07-04T05:04:28.004589,2026-07-04T05:04:28.012978+00:00,145.6,10,bid,Xuanyu Liu,Richard Zhang,6596324
2026-07-04T05:04:28.528535,2026-07-04T05:04:28.540397+00:00,145.7,41,bid,CostlyCorianders,EarnestEspressos,6596328
2026-07-04T05:04:28.672033,2026-07-04T05:04:28.687974+00:00,145.7,1,bid,Xuanyu Liu,EarnestEspressos,6596331
2026-07-04T05:04:29.331886,2026-07-04T05:04:29.342775+00:00,145.7,11,bid,Xuanyu Liu,EarnestEspressos,6596347
2026-07-04T05:04:30.023982,2026-07-04T05:04:30.032420+00:00,145.6,10,bid,Xuanyu Liu,Richard Zhang,6596364
2026-07-04T05:04:31.065938,2026-07-04T05:04:31.077718+00:00,145.9,100,bid,EarnestEspressos,DiligentDonuts,6596375
2026-07-04T05:04:31.130792,2026-07-04T05:04:31.164745+00:00,145.9,10,ask,EarnestEspressos,Xuanyu Liu,6596377
2026-07-04T05:04:31.311755,2026-07-04T05:04:31.318754+00:00,145.9,11,ask,EarnestEspressos,Xuanyu Liu,6596390
2026-07-04T05:04:31.588583,2026-07-04T05:04:31.600392+00:00,145.9,29,ask,EarnestEspressos,FlawlessFlatbreads,6596394
2026-07-04T05:04:31.588583,2026-07-04T05:04:31.600392+00:00,145.9,21,ask,DiligentDonuts,FlawlessFlatbreads,6596395
2026-07-04T05:04:32.042432,2026-07-04T05:04:32.051335+00:00,146.0,10,ask,Richard Zhang,Xuanyu Liu,6596404
2026-07-04T05:04:33.645705,2026-07-04T05:04:33.658589+00:00,146.3,10,bid,FlawlessFlatbreads,Richard Zhang,6596430
2026-07-04T05:04:33.645705,2026-07-04T05:04:33.658589+00:00,146.4,40,bid,FlawlessFlatbreads,EarnestEspressos,6596431
2026-07-04T05:04:34.071729,2026-07-04T05:04:34.080457+00:00,146.0,1,ask,Richard Zhang,Xuanyu Liu,6596434
2026-07-04T05:04:34.279645,2026-07-04T05:04:34.288844+00:00,146.0,9,ask,Richard Zhang,EarnestEspressos,6596446
2026-07-04T05:04:34.877314,2026-07-04T05:04:34.884824+00:00,146.0,46,bid,CostlyCorianders,EarnestEspressos,6596457
2026-07-04T05:04:35.756846,2026-07-04T05:04:35.764276+00:00,146.0,50,bid,FlawlessFlatbreads,EarnestEspressos,6596465
2026-07-04T05:04:37.863605,2026-07-04T05:04:37.874797+00:00,146.0,10,bid,FlawlessFlatbreads,Richard Zhang,6596490
2026-07-04T05:04:37.863605,2026-07-04T05:04:37.874797+00:00,146.4,40,bid,FlawlessFlatbreads,EarnestEspressos,6596491
2026-07-04T05:04:37.970607,2026-07-04T05:04:37.982555+00:00,145.9,42,ask,EarnestEspressos,CostlyCorianders,6596494
2026-07-04T05:04:38.108928,2026-07-04T05:04:38.118097+00:00,145.9,1,ask,EarnestEspressos,Richard Zhang,6596498
2026-07-04T05:04:38.134513,2026-07-04T05:04:38.143244+00:00,146.0,10,ask,Richard Zhang,Xuanyu Liu,6596499
2026-07-04T05:04:38.555916,2026-07-04T05:04:38.567605+00:00,146.2,10,bid,CostlyCorianders,Richard Zhang,6596508
2026-07-04T05:04:38.610708,2026-07-04T05:04:38.622497+00:00,145.9,41,ask,EarnestEspressos,CostlyCorianders,6596509
2026-07-04T05:04:40.021881,2026-07-04T05:04:40.029994+00:00,145.9,50,ask,EarnestEspressos,FlawlessFlatbreads,6596527
2026-07-04T05:04:40.159439,2026-07-04T05:04:40.168247+00:00,146.0,2,ask,Richard Zhang,Xuanyu Liu,6596532
2026-07-04T05:04:40.499519,2026-07-04T05:04:40.507420+00:00,146.0,8,ask,Richard Zhang,Xuanyu Liu,6596543
2026-07-04T05:04:40.604456,2026-07-04T05:04:40.625663+00:00,145.8,100,ask,DiligentDonuts,EarnestEspressos,6596547
2026-07-04T05:04:40.617008,2026-07-04T05:04:40.625663+00:00,145.7,8,bid,Xuanyu Liu,EarnestEspressos,6596548
2026-07-04T05:04:40.733133,2026-07-04T05:04:40.744832+00:00,145.7,42,bid,CostlyCorianders,EarnestEspressos,6596550
2026-07-04T05:04:40.733133,2026-07-04T05:04:40.744832+00:00,146.2,5,bid,CostlyCorianders,Richard Zhang,6596551
2026-07-04T05:04:41.747576,2026-07-04T05:04:41.758613+00:00,145.3,47,ask,EarnestEspressos,CostlyCorianders,6596564
2026-07-04T05:04:42.071032,2026-07-04T05:04:42.080410+00:00,145.8,12,bid,Xuanyu Liu,DiligentDonuts,6596579
2026-07-04T05:04:42.079484,2026-07-04T05:04:42.095624+00:00,145.8,50,bid,FlawlessFlatbreads,DiligentDonuts,6596581
2026-07-04T05:04:42.187950,2026-07-04T05:04:42.195805+00:00,145.7,10,bid,Xuanyu Liu,Richard Zhang,6596583
2026-07-04T05:04:43.713761,2026-07-04T05:04:43.725459+00:00,145.8,38,bid,EarnestEspressos,DiligentDonuts,6596608
2026-07-04T05:04:44.199267,2026-07-04T05:04:44.209924+00:00,145.9,10,ask,EarnestEspressos,Xuanyu Liu,6596614
2026-07-04T05:04:44.502492,2026-07-04T05:04:44.510766+00:00,146.0,10,ask,Richard Zhang,Xuanyu Liu,6596620
2026-07-04T05:04:45.742789,2026-07-04T05:04:45.751865+00:00,145.9,2,ask,EarnestEspressos,Xuanyu Liu,6596639
2026-07-04T05:04:46.243045,2026-07-04T05:04:46.251270+00:00,146.0,10,ask,Richard Zhang,Xuanyu Liu,6596642
2026-07-04T05:04:46.291898,2026-07-04T05:04:46.303468+00:00,146.1,10,bid,FlawlessFlatbreads,Richard Zhang,6596644
2026-07-04T05:04:46.291898,2026-07-04T05:04:46.303468+00:00,146.2,40,bid,FlawlessFlatbreads,DiligentDonuts,6596645
2026-07-04T05:04:46.940824,2026-07-04T05:04:46.950455+00:00,145.8,47,ask,DiligentDonuts,CostlyCorianders,6596654
2026-07-04T05:04:48.449797,2026-07-04T05:04:48.458587+00:00,145.7,10,ask,Richard Zhang,FlawlessFlatbreads,6596681
2026-07-04T05:04:48.449797,2026-07-04T05:04:48.458587+00:00,145.6,40,ask,DiligentDonuts,FlawlessFlatbreads,6596682
2026-07-04T05:04:48.483656,2026-07-04T05:04:48.495100+00:00,145.9,10,bid,CostlyCorianders,Richard Zhang,6596683
2026-07-04T05:04:48.483656,2026-07-04T05:04:48.495100+00:00,146.0,36,bid,CostlyCorianders,EarnestEspressos,6596684
2026-07-04T05:04:49.595370,2026-07-04T05:04:49.607353+00:00,146.0,41,bid,CostlyCorianders,EarnestEspressos,6596694
2026-07-04T05:04:52.685374,2026-07-04T05:04:52.691861+00:00,145.8,50,ask,EarnestEspressos,FlawlessFlatbreads,6596729
2026-07-04T05:04:52.837791,2026-07-04T05:04:52.844483+00:00,145.8,47,ask,EarnestEspressos,CostlyCorianders,6596732
2026-07-04T05:04:52.972214,2026-07-04T05:04:52.979609+00:00,145.9,10,bid,Xuanyu Liu,DiligentDonuts,6596736
2026-07-04T05:04:54.181753,2026-07-04T05:04:54.190395+00:00,145.9,10,bid,Xuanyu Liu,Richard Zhang,6596756
2026-07-04T05:04:54.376347,2026-07-04T05:04:54.386259+00:00,145.9,2,bid,Xuanyu Liu,Richard Zhang,6596759
2026-07-04T05:04:54.449639,2026-07-04T05:04:54.458016+00:00,145.9,8,bid,CostlyCorianders,Richard Zhang,6596762
2026-07-04T05:04:54.449639,2026-07-04T05:04:54.458016+00:00,146.0,36,bid,CostlyCorianders,EarnestEspressos,6596763
2026-07-04T05:04:54.796726,2026-07-04T05:04:54.811093+00:00,145.7,10,ask,Richard Zhang,FlawlessFlatbreads,6596772
2026-07-04T05:04:54.796726,2026-07-04T05:04:54.811093+00:00,145.6,40,ask,DiligentDonuts,FlawlessFlatbreads,6596773
2026-07-04T05:04:54.932373,2026-07-04T05:04:54.943804+00:00,146.0,41,bid,CostlyCorianders,EarnestEspressos,6596781
2026-07-04T05:04:56.575833,2026-07-04T05:04:56.584887+00:00,145.9,43,ask,EarnestEspressos,CostlyCorianders,6596799
2026-07-04T05:04:56.905435,2026-07-04T05:04:56.913959+00:00,145.9,50,ask,EarnestEspressos,FlawlessFlatbreads,6596804
2026-07-04T05:04:58.549565,2026-07-04T05:04:58.551030+00:00,146.0,42,bid,CostlyCorianders,DiligentDonuts,6596827
2026-07-04T05:04:59.038063,2026-07-04T05:04:59.058563+00:00,145.9,50,ask,EarnestEspressos,FlawlessFlatbreads,6596831
2026-07-04T05:04:59.163810,2026-07-04T05:04:59.175601+00:00,145.9,7,ask,EarnestEspressos,CostlyCorianders,6596833
2026-07-04T05:04:59.163810,2026-07-04T05:04:59.175601+00:00,145.9,10,ask,Richard Zhang,CostlyCorianders,6596834
2026-07-04T05:04:59.163810,2026-07-04T05:04:59.175601+00:00,145.5,23,ask,DiligentDonuts,CostlyCorianders,6596835
2026-07-04T05:04:59.601456,2026-07-04T05:04:59.609126+00:00,145.9,10,bid,Xuanyu Liu,EarnestEspressos,6596845
2026-07-04T05:05:00.753190,2026-07-04T05:05:00.765199+00:00,145.7,42,ask,DiligentDonuts,CostlyCorianders,6596855
2026-07-04T05:05:01.144122,2026-07-04T05:05:01.155780+00:00,145.7,50,ask,DiligentDonuts,FlawlessFlatbreads,6596863
2026-07-04T05:05:01.281556,2026-07-04T05:05:01.293407+00:00,145.9,49,bid,CostlyCorianders,EarnestEspressos,6596864
2026-07-04T05:05:01.795875,2026-07-04T05:05:01.807698+00:00,145.9,44,bid,CostlyCorianders,EarnestEspressos,6596878
2026-07-04T05:05:03.253017,2026-07-04T05:05:03.258583+00:00,145.8,50,ask,EarnestEspressos,FlawlessFlatbreads,6596900
2026-07-04T05:05:03.258257,2026-07-04T05:05:03.269529+00:00,145.8,100,ask,EarnestEspressos,DiligentDonuts,6596901
2026-07-04T05:05:05.360696,2026-07-04T05:05:05.372979+00:00,145.5,10,ask,Richard Zhang,FlawlessFlatbreads,6596920
2026-07-04T05:05:05.360696,2026-07-04T05:05:05.372979+00:00,145.4,40,ask,DiligentDonuts,FlawlessFlatbreads,6596921
2026-07-04T05:05:05.926038,2026-07-04T05:05:05.934193+00:00,145.6,12,bid,Xuanyu Liu,EarnestEspressos,6596933
2026-07-04T05:05:06.526864,2026-07-04T05:05:06.535680+00:00,145.6,20,bid,Richard Zhang,EarnestEspressos,6596948
2026-07-04T05:05:06.720222,2026-07-04T05:05:06.729080+00:00,145.6,12,bid,Xuanyu Liu,EarnestEspressos,6596956
2026-07-04T05:05:06.995911,2026-07-04T05:05:07.007573+00:00,145.4,47,ask,DiligentDonuts,CostlyCorianders,6596963
2026-07-04T05:05:07.480221,2026-07-04T05:05:07.491341+00:00,145.4,50,ask,DiligentDonuts,FlawlessFlatbreads,6596971
2026-07-04T05:05:08.036461,2026-07-04T05:05:08.044577+00:00,145.6,11,bid,Xuanyu Liu,EarnestEspressos,6596991
2026-07-04T05:05:08.565594,2026-07-04T05:05:08.574211+00:00,145.6,15,bid,Richard Zhang,EarnestEspressos,6597000
2026-07-04T05:05:09.021922,2026-07-04T05:05:09.033744+00:00,145.6,10,bid,EarnestEspressos,Richard Zhang,6597008
2026-07-04T05:05:09.587181,2026-07-04T05:05:09.596210+00:00,145.6,50,ask,EarnestEspressos,FlawlessFlatbreads,6597015
2026-07-04T05:05:12.123474,2026-07-04T05:05:12.163711+00:00,145.6,46,ask,EarnestEspressos,CostlyCorianders,6597053
2026-07-04T05:05:12.240157,2026-07-04T05:05:12.249114+00:00,145.6,10,ask,Richard Zhang,EarnestEspressos,6597055
2026-07-04T05:05:13.760378,2026-07-04T05:05:13.769273+00:00,145.6,50,bid,FlawlessFlatbreads,EarnestEspressos,6597074
2026-07-04T05:05:14.599403,2026-07-04T05:05:14.607467+00:00,145.6,6,bid,Xuanyu Liu,EarnestEspressos,6597087
2026-07-04T05:05:15.859924,2026-07-04T05:05:15.869169+00:00,145.6,10,bid,DiligentDonuts,Richard Zhang,6597105
2026-07-04T05:05:15.865492,2026-07-04T05:05:15.874407+00:00,146.0,50,bid,FlawlessFlatbreads,EarnestEspressos,6597106
2026-07-04T05:05:17.223735,2026-07-04T05:05:17.232034+00:00,145.7,6,ask,Richard Zhang,Xuanyu Liu,6597119
2026-07-04T05:05:19.848608,2026-07-04T05:05:19.856688+00:00,145.9,11,ask,EarnestEspressos,Xuanyu Liu,6597155
2026-07-04T05:05:21.208886,2026-07-04T05:05:21.220448+00:00,146.1,40,bid,CostlyCorianders,DiligentDonuts,6597189
2026-07-04T05:05:21.670380,2026-07-04T05:05:21.684683+00:00,146.1,60,bid,EarnestEspressos,DiligentDonuts,6597194
2026-07-04T05:05:21.670380,2026-07-04T05:05:21.684683+00:00,146.1,10,bid,EarnestEspressos,Richard Zhang,6597195
2026-07-04T05:05:22.203471,2026-07-04T05:05:22.215127+00:00,146.6,50,bid,FlawlessFlatbreads,EarnestEspressos,6597205
2026-07-04T05:05:24.360084,2026-07-04T05:05:24.372102+00:00,146.2,10,ask,Richard Zhang,FlawlessFlatbreads,6597231
2026-07-04T05:05:24.360084,2026-07-04T05:05:24.372102+00:00,146.1,40,ask,EarnestEspressos,FlawlessFlatbreads,6597232
2026-07-04T05:05:26.028458,2026-07-04T05:05:26.040296+00:00,146.2,10,ask,Richard Zhang,CostlyCorianders,6597258
2026-07-04T05:05:26.028458,2026-07-04T05:05:26.040296+00:00,146.2,38,ask,DiligentDonuts,CostlyCorianders,6597259
2026-07-04T05:05:26.469844,2026-07-04T05:05:26.481608+00:00,146.2,50,ask,DiligentDonuts,FlawlessFlatbreads,6597265
2026-07-04T05:05:27.712564,2026-07-04T05:05:27.722158+00:00,146.4,17,bid,Xuanyu Liu,EarnestEspressos,6597285
2026-07-04T05:05:27.992191,2026-07-04T05:05:28.000531+00:00,146.4,10,bid,EarnestEspressos,Richard Zhang,6597288
2026-07-04T05:05:28.578107,2026-07-04T05:05:28.589831+00:00,146.5,50,ask,EarnestEspressos,FlawlessFlatbreads,6597296
2026-07-04T05:05:29.027689,2026-07-04T05:05:29.036069+00:00,146.6,10,ask,Richard Zhang,Xuanyu Liu,6597303
2026-07-04T05:05:29.037173,2026-07-04T05:05:29.045235+00:00,146.5,7,ask,EarnestEspressos,Xuanyu Liu,6597305
2026-07-04T05:05:30.516584,2026-07-04T05:05:30.523170+00:00,146.5,48,ask,EarnestEspressos,CostlyCorianders,6597333
2026-07-04T05:05:30.684053,2026-07-04T05:05:30.691422+00:00,146.5,35,ask,EarnestEspressos,FlawlessFlatbreads,6597334
2026-07-04T05:05:30.684053,2026-07-04T05:05:30.696449+00:00,146.4,15,ask,DiligentDonuts,FlawlessFlatbreads,6597335
2026-07-04T05:05:31.207541,2026-07-04T05:05:31.228286+00:00,146.5,10,ask,Richard Zhang,EarnestEspressos,6597346
2026-07-04T05:05:31.207541,2026-07-04T05:05:31.228286+00:00,146.4,85,ask,DiligentDonuts,EarnestEspressos,6597347
2026-07-04T05:05:31.220098,2026-07-04T05:05:31.228286+00:00,146.2,17,bid,Xuanyu Liu,EarnestEspressos,6597348
2026-07-04T05:05:32.725626,2026-07-04T05:05:32.734756+00:00,146.2,38,bid,CostlyCorianders,EarnestEspressos,6597374
2026-07-04T05:05:32.725626,2026-07-04T05:05:32.734756+00:00,146.4,4,bid,CostlyCorianders,DiligentDonuts,6597375
2026-07-04T05:05:32.741168,2026-07-04T05:05:32.752531+00:00,146.4,50,bid,FlawlessFlatbreads,DiligentDonuts,6597376
2026-07-04T05:05:34.320081,2026-07-04T05:05:34.331677+00:00,146.3,10,bid,EarnestEspressos,Richard Zhang,6597404
2026-07-04T05:05:34.320081,2026-07-04T05:05:34.331677+00:00,146.4,46,bid,EarnestEspressos,DiligentDonuts,6597405
2026-07-04T05:05:34.869785,2026-07-04T05:05:34.877614+00:00,146.7,6,ask,Richard Zhang,Xuanyu Liu,6597409
2026-07-04T05:05:34.899095,2026-07-04T05:05:34.910890+00:00,146.7,4,ask,Richard Zhang,FlawlessFlatbreads,6597411
2026-07-04T05:05:34.899095,2026-07-04T05:05:34.910890+00:00,146.6,46,ask,EarnestEspressos,FlawlessFlatbreads,6597412
2026-07-04T05:05:37.539436,2026-07-04T05:05:37.551188+00:00,146.7,10,ask,Richard Zhang,EarnestEspressos,6597448
2026-07-04T05:05:37.985629,2026-07-04T05:05:37.994964+00:00,146.6,100,bid,DiligentDonuts,EarnestEspressos,6597461
2026-07-04T05:05:38.905007,2026-07-04T05:05:38.912753+00:00,146.5,6,bid,Xuanyu Liu,Richard Zhang,6597472
2026-07-04T05:05:38.954254,2026-07-04T05:05:38.964974+00:00,146.5,4,bid,CostlyCorianders,Richard Zhang,6597474
2026-07-04T05:05:38.954254,2026-07-04T05:05:38.964974+00:00,146.6,38,bid,CostlyCorianders,EarnestEspressos,6597475
2026-07-04T05:05:39.066849,2026-07-04T05:05:39.078729+00:00,146.6,2,bid,FlawlessFlatbreads,EarnestEspressos,6597477
2026-07-04T05:05:39.066849,2026-07-04T05:05:39.078729+00:00,147.1,48,bid,FlawlessFlatbreads,DiligentDonuts,6597478
2026-07-04T05:05:40.660981,2026-07-04T05:05:40.671565+00:00,146.8,6,ask,EarnestEspressos,Xuanyu Liu,6597510
2026-07-04T05:05:41.174271,2026-07-04T05:05:41.186230+00:00,147.1,10,bid,FlawlessFlatbreads,Richard Zhang,6597527
2026-07-04T05:05:41.174271,2026-07-04T05:05:41.186230+00:00,147.3,40,bid,FlawlessFlatbreads,EarnestEspressos,6597528
2026-07-04T05:05:42.136074,2026-07-04T05:05:42.143998+00:00,146.8,11,ask,EarnestEspressos,Xuanyu Liu,6597547
2026-07-04T05:05:42.511037,2026-07-04T05:05:42.519649+00:00,146.8,42,ask,EarnestEspressos,CostlyCorianders,6597549
2026-07-04T05:05:43.282827,2026-07-04T05:05:43.294770+00:00,147.0,50,bid,FlawlessFlatbreads,DiligentDonuts,6597560
2026-07-04T05:05:44.904215,2026-07-04T05:05:44.912163+00:00,147.0,10,bid,CostlyCorianders,Richard Zhang,6597592
2026-07-04T05:05:44.904215,2026-07-04T05:05:44.912163+00:00,147.1,32,bid,CostlyCorianders,EarnestEspressos,6597593
2026-07-04T05:05:45.391147,2026-07-04T05:05:45.398103+00:00,147.0,10,bid,FlawlessFlatbreads,Richard Zhang,6597598
2026-07-04T05:05:45.391147,2026-07-04T05:05:45.403149+00:00,147.1,40,bid,FlawlessFlatbreads,EarnestEspressos,6597599
2026-07-04T05:05:46.382247,2026-07-04T05:05:46.394054+00:00,147.1,41,bid,CostlyCorianders,EarnestEspressos,6597617
2026-07-04T05:05:46.983460,2026-07-04T05:05:46.997824+00:00,147.1,10,ask,EarnestEspressos,Richard Zhang,6597629
2026-07-04T05:05:46.988103,2026-07-04T05:05:46.997824+00:00,147.1,23,ask,EarnestEspressos,Xuanyu Liu,6597630
2026-07-04T05:05:47.501168,2026-07-04T05:05:47.512918+00:00,147.6,50,bid,FlawlessFlatbreads,EarnestEspressos,6597642
2026-07-04T05:05:47.538260,2026-07-04T05:05:47.547166+00:00,147.1,100,ask,EarnestEspressos,DiligentDonuts,6597644
2026-07-04T05:05:48.436659,2026-07-04T05:05:48.458596+00:00,147.1,17,ask,EarnestEspressos,CostlyCorianders,6597658
2026-07-04T05:05:48.436659,2026-07-04T05:05:48.458596+00:00,146.8,10,ask,Richard Zhang,CostlyCorianders,6597659
2026-07-04T05:05:48.436659,2026-07-04T05:05:48.458596+00:00,146.6,20,ask,DiligentDonuts,CostlyCorianders,6597660
2026-07-04T05:05:48.917572,2026-07-04T05:05:48.929139+00:00,146.6,41,ask,DiligentDonuts,CostlyCorianders,6597664
2026-07-04T05:05:49.609650,2026-07-04T05:05:49.621575+00:00,147.5,10,bid,FlawlessFlatbreads,Richard Zhang,6597675
2026-07-04T05:05:49.609650,2026-07-04T05:05:49.621575+00:00,147.6,40,bid,FlawlessFlatbreads,EarnestEspressos,6597676
2026-07-04T05:05:51.306684,2026-07-04T05:05:51.313979+00:00,147.0,10,ask,Richard Zhang,Xuanyu Liu,6597703
2026-07-04T05:05:51.716655,2026-07-04T05:05:51.728369+00:00,147.2,10,bid,FlawlessFlatbreads,Richard Zhang,6597709
2026-07-04T05:05:51.716655,2026-07-04T05:05:51.728369+00:00,147.3,40,bid,FlawlessFlatbreads,DiligentDonuts,6597710
2026-07-04T05:05:52.100850,2026-07-04T05:05:52.112438+00:00,147.3,44,bid,CostlyCorianders,DiligentDonuts,6597714
2026-07-04T05:05:53.825180,2026-07-04T05:05:53.837028+00:00,147.2,10,bid,FlawlessFlatbreads,Richard Zhang,6597745
2026-07-04T05:05:53.825180,2026-07-04T05:05:53.837028+00:00,147.4,40,bid,FlawlessFlatbreads,EarnestEspressos,6597746
2026-07-04T05:05:54.029830,2026-07-04T05:05:54.041671+00:00,147.0,10,ask,Richard Zhang,CostlyCorianders,6597752
2026-07-04T05:05:54.029830,2026-07-04T05:05:54.041671+00:00,147.0,31,ask,DiligentDonuts,CostlyCorianders,6597753
2026-07-04T05:05:54.554371,2026-07-04T05:05:54.558581+00:00,147.0,49,ask,DiligentDonuts,CostlyCorianders,6597766
2026-07-04T05:05:55.941071,2026-07-04T05:05:55.949363+00:00,147.3,10,bid,FlawlessFlatbreads,Richard Zhang,6597789
2026-07-04T05:05:55.941071,2026-07-04T05:05:55.949363+00:00,147.4,40,bid,FlawlessFlatbreads,EarnestEspressos,6597790
2026-07-04T05:05:56.477058,2026-07-04T05:05:56.485835+00:00,147.4,1,ask,EarnestEspressos,Xuanyu Liu,6597796
2026-07-04T05:05:58.051651,2026-07-04T05:05:58.058168+00:00,147.6,50,bid,FlawlessFlatbreads,DiligentDonuts,6597821
2026-07-04T05:05:59.154040,2026-07-04T05:05:59.151820+00:00,147.6,40,bid,CostlyCorianders,DiligentDonuts,6597838
2026-07-04T05:05:59.699835,2026-07-04T05:05:59.706689+00:00,147.5,42,ask,EarnestEspressos,CostlyCorianders,6597849
2026-07-04T05:06:00.159961,2026-07-04T05:06:00.168967+00:00,147.6,10,bid,FlawlessFlatbreads,Richard Zhang,6597860
2026-07-04T05:06:00.159961,2026-07-04T05:06:00.168967+00:00,148.0,40,bid,FlawlessFlatbreads,EarnestEspressos,6597861
2026-07-04T05:06:00.623704,2026-07-04T05:06:00.633004+00:00,147.8,43,bid,CostlyCorianders,DiligentDonuts,6597870
2026-07-04T05:06:00.784978,2026-07-04T05:06:00.792947+00:00,147.5,12,ask,EarnestEspressos,Xuanyu Liu,6597873
2026-07-04T05:06:01.180627,2026-07-04T05:06:01.187795+00:00,147.5,15,ask,EarnestEspressos,Richard Zhang,6597883
2026-07-04T05:06:01.204283,2026-07-04T05:06:01.212251+00:00,147.6,10,ask,Richard Zhang,Xuanyu Liu,6597884
2026-07-04T05:06:02.268669,2026-07-04T05:06:02.280482+00:00,147.7,10,bid,FlawlessFlatbreads,Richard Zhang,6597895
2026-07-04T05:06:02.268669,2026-07-04T05:06:02.280482+00:00,147.8,40,bid,FlawlessFlatbreads,DiligentDonuts,6597896
2026-07-04T05:06:04.432522,2026-07-04T05:06:04.438899+00:00,147.5,50,ask,DiligentDonuts,FlawlessFlatbreads,6597917
2026-07-04T05:06:05.259750,2026-07-04T05:06:05.269279+00:00,147.6,1,ask,Richard Zhang,Xuanyu Liu,6597931
2026-07-04T05:06:06.539379,2026-07-04T05:06:06.551116+00:00,147.6,9,ask,Richard Zhang,FlawlessFlatbreads,6597957
2026-07-04T05:06:06.539379,2026-07-04T05:06:06.551116+00:00,147.4,41,ask,DiligentDonuts,FlawlessFlatbreads,6597958
2026-07-04T05:06:08.026295,2026-07-04T05:06:08.034231+00:00,147.5,10,ask,Richard Zhang,Xuanyu Liu,6597986
2026-07-04T05:06:08.595022,2026-07-04T05:06:08.606494+00:00,147.7,10,bid,FlawlessFlatbreads,Richard Zhang,6597997
2026-07-04T05:06:08.595022,2026-07-04T05:06:08.606494+00:00,147.8,40,bid,FlawlessFlatbreads,EarnestEspressos,6597998
2026-07-04T05:06:09.236917,2026-07-04T05:06:09.249383+00:00,147.4,2,ask,DiligentDonuts,Xuanyu Liu,6598012
2026-07-04T05:06:09.299162,2026-07-04T05:06:09.309006+00:00,147.4,5,ask,DiligentDonuts,Richard Zhang,6598023
2026-07-04T05:06:09.320513,2026-07-04T05:06:09.327561+00:00,147.5,10,ask,Richard Zhang,Xuanyu Liu,6598024
2026-07-04T05:06:10.702097,2026-07-04T05:06:10.713781+00:00,147.4,50,bid,FlawlessFlatbreads,DiligentDonuts,6598042
2026-07-04T05:06:10.975596,2026-07-04T05:06:10.983320+00:00,147.4,10,bid,Xuanyu Liu,DiligentDonuts,6598046
2026-07-04T05:06:12.810263,2026-07-04T05:06:12.821789+00:00,147.4,10,bid,FlawlessFlatbreads,Richard Zhang,6598064
2026-07-04T05:06:12.810263,2026-07-04T05:06:12.821789+00:00,147.6,40,bid,FlawlessFlatbreads,EarnestEspressos,6598065
2026-07-04T05:06:14.916882,2026-07-04T05:06:14.922030+00:00,147.4,10,bid,FlawlessFlatbreads,Richard Zhang,6598095
2026-07-04T05:06:14.916882,2026-07-04T05:06:14.922030+00:00,147.5,40,bid,FlawlessFlatbreads,DiligentDonuts,6598096
2026-07-04T05:06:15.886235,2026-07-04T05:06:15.895268+00:00,147.2,10,ask,Richard Zhang,Xuanyu Liu,6598113
2026-07-04T05:06:15.886235,2026-07-04T05:06:15.895268+00:00,147.2,1,ask,EarnestEspressos,Xuanyu Liu,6598114
2026-07-04T05:06:17.023525,2026-07-04T05:06:17.035227+00:00,147.4,10,bid,FlawlessFlatbreads,Richard Zhang,6598133
2026-07-04T05:06:17.023525,2026-07-04T05:06:17.035227+00:00,147.4,40,bid,FlawlessFlatbreads,DiligentDonuts,6598134
2026-07-04T05:06:17.113657,2026-07-04T05:06:17.122651+00:00,147.2,48,ask,EarnestEspressos,CostlyCorianders,6598138
2026-07-04T05:06:17.540298,2026-07-04T05:06:17.548240+00:00,147.2,6,ask,EarnestEspressos,Xuanyu Liu,6598148
2026-07-04T05:06:18.686368,2026-07-04T05:06:18.697894+00:00,147.2,10,ask,Richard Zhang,EarnestEspressos,6598169
2026-07-04T05:06:18.686368,2026-07-04T05:06:18.697894+00:00,146.9,100,ask,DiligentDonuts,EarnestEspressos,6598170
2026-07-04T05:06:18.699144,2026-07-04T05:06:18.706392+00:00,146.9,3,bid,Xuanyu Liu,EarnestEspressos,6598171
2026-07-04T05:06:20.181700,2026-07-04T05:06:20.190562+00:00,146.8,3,bid,Xuanyu Liu,Richard Zhang,6598191
2026-07-04T05:06:21.242442,2026-07-04T05:06:21.263648+00:00,146.8,7,bid,FlawlessFlatbreads,Richard Zhang,6598207
2026-07-04T05:06:21.480566,2026-07-04T05:06:21.486011+00:00,146.8,10,bid,Xuanyu Liu,Richard Zhang,6598211
2026-07-04T05:06:21.807086,2026-07-04T05:06:21.819581+00:00,146.8,10,ask,EarnestEspressos,Xuanyu Liu,6598219
2026-07-04T05:06:22.334664,2026-07-04T05:06:22.341933+00:00,146.8,100,ask,EarnestEspressos,DiligentDonuts,6598229
2026-07-04T05:06:22.696668,2026-07-04T05:06:22.706685+00:00,147.3,43,bid,CostlyCorianders,EarnestEspressos,6598234
2026-07-04T05:06:23.349480,2026-07-04T05:06:23.358572+00:00,147.3,50,bid,FlawlessFlatbreads,EarnestEspressos,6598249
2026-07-04T05:06:24.115564,2026-07-04T05:06:24.123455+00:00,146.9,3,ask,Richard Zhang,Xuanyu Liu,6598258
2026-07-04T05:06:24.944606,2026-07-04T05:06:24.953665+00:00,146.9,7,ask,Richard Zhang,CostlyCorianders,6598264
2026-07-04T05:06:24.944606,2026-07-04T05:06:24.953665+00:00,146.3,42,ask,DiligentDonuts,CostlyCorianders,6598265
2026-07-04T05:06:25.457928,2026-07-04T05:06:25.469386+00:00,147.2,10,bid,FlawlessFlatbreads,Richard Zhang,6598275
2026-07-04T05:06:25.509676,2026-07-04T05:06:25.516337+00:00,146.8,20,ask,EarnestEspressos,Richard Zhang,6598279
2026-07-04T05:06:26.431457,2026-07-04T05:06:26.443072+00:00,146.9,41,bid,CostlyCorianders,DiligentDonuts,6598295
2026-07-04T05:06:27.052572,2026-07-04T05:06:27.063879+00:00,146.8,43,ask,EarnestEspressos,CostlyCorianders,6598302
2026-07-04T05:06:27.564764,2026-07-04T05:06:27.576350+00:00,146.9,50,bid,FlawlessFlatbreads,DiligentDonuts,6598305
2026-07-04T05:06:28.089339,2026-07-04T05:06:28.100812+00:00,146.9,9,bid,CostlyCorianders,DiligentDonuts,6598315
2026-07-04T05:06:28.089339,2026-07-04T05:06:28.100812+00:00,146.9,10,bid,CostlyCorianders,Richard Zhang,6598316
2026-07-04T05:06:28.144836,2026-07-04T05:06:28.156349+00:00,146.8,10,ask,Richard Zhang,CostlyCorianders,6598317
2026-07-04T05:06:29.724843,2026-07-04T05:06:29.736321+00:00,146.8,50,ask,DiligentDonuts,FlawlessFlatbreads,6598330
2026-07-04T05:06:31.833353,2026-07-04T05:06:31.845197+00:00,146.9,10,ask,Richard Zhang,FlawlessFlatbreads,6598355
2026-07-04T05:06:31.833353,2026-07-04T05:06:31.845197+00:00,146.9,40,ask,DiligentDonuts,FlawlessFlatbreads,6598356
2026-07-04T05:06:33.941507,2026-07-04T05:06:33.953201+00:00,147.0,10,ask,Richard Zhang,FlawlessFlatbreads,6598386
2026-07-04T05:06:33.941507,2026-07-04T05:06:33.953201+00:00,146.9,40,ask,DiligentDonuts,FlawlessFlatbreads,6598387
2026-07-04T05:06:36.050172,2026-07-04T05:06:36.056579+00:00,146.7,50,ask,DiligentDonuts,FlawlessFlatbreads,6598423
2026-07-04T05:06:36.301399,2026-07-04T05:06:36.313269+00:00,147.0,44,bid,CostlyCorianders,EarnestEspressos,6598426
2026-07-04T05:06:37.937687,2026-07-04T05:06:37.949470+00:00,146.9,10,ask,Richard Zhang,CostlyCorianders,6598442
2026-07-04T05:06:37.937687,2026-07-04T05:06:37.949470+00:00,146.8,31,ask,EarnestEspressos,CostlyCorianders,6598443
2026-07-04T05:06:38.141280,2026-07-04T05:06:38.148658+00:00,146.8,100,ask,EarnestEspressos,DiligentDonuts,6598446
2026-07-04T05:06:38.159583,2026-07-04T05:06:38.169413+00:00,146.8,19,ask,EarnestEspressos,FlawlessFlatbreads,6598447
2026-07-04T05:06:38.159583,2026-07-04T05:06:38.169413+00:00,146.3,31,ask,DiligentDonuts,FlawlessFlatbreads,6598448
2026-07-04T05:06:39.701905,2026-07-04T05:06:39.713890+00:00,147.1,10,bid,CostlyCorianders,Richard Zhang,6598468
2026-07-04T05:06:39.701905,2026-07-04T05:06:39.713890+00:00,147.3,35,bid,CostlyCorianders,EarnestEspressos,6598469
2026-07-04T05:06:40.267491,2026-07-04T05:06:40.279127+00:00,146.4,10,ask,Richard Zhang,FlawlessFlatbreads,6598474
2026-07-04T05:06:40.267491,2026-07-04T05:06:40.279127+00:00,146.3,40,ask,DiligentDonuts,FlawlessFlatbreads,6598475
2026-07-04T05:06:40.829530,2026-07-04T05:06:40.838766+00:00,146.6,3,bid,Xuanyu Liu,EarnestEspressos,6598487
2026-07-04T05:06:41.213434,2026-07-04T05:06:41.223197+00:00,146.1,41,ask,EarnestEspressos,CostlyCorianders,6598489
2026-07-04T05:06:41.768232,2026-07-04T05:06:41.779346+00:00,146.6,25,bid,Richard Zhang,EarnestEspressos,6598499
2026-07-04T05:06:42.307781,2026-07-04T05:06:42.319243+00:00,146.6,44,bid,CostlyCorianders,EarnestEspressos,6598504
2026-07-04T05:06:42.325089,2026-07-04T05:06:42.336803+00:00,146.6,50,bid,FlawlessFlatbreads,EarnestEspressos,6598505
2026-07-04T05:06:43.937686,2026-07-04T05:06:43.949396+00:00,146.6,10,bid,CostlyCorianders,Richard Zhang,6598522
2026-07-04T05:06:43.991421,2026-07-04T05:06:44.002886+00:00,146.4,44,ask,EarnestEspressos,CostlyCorianders,6598523
2026-07-04T05:06:44.483769,2026-07-04T05:06:44.495019+00:00,146.4,50,ask,EarnestEspressos,FlawlessFlatbreads,6598528
2026-07-04T05:06:45.444757,2026-07-04T05:06:45.463920+00:00,146.4,47,ask,EarnestEspressos,CostlyCorianders,6598539
2026-07-04T05:06:46.589783,2026-07-04T05:06:46.601533+00:00,146.5,10,ask,Richard Zhang,FlawlessFlatbreads,6598566
2026-07-04T05:06:46.589783,2026-07-04T05:06:46.601533+00:00,146.4,9,ask,EarnestEspressos,FlawlessFlatbreads,6598567
2026-07-04T05:06:46.589783,2026-07-04T05:06:46.601533+00:00,146.2,31,ask,DiligentDonuts,FlawlessFlatbreads,6598568
2026-07-04T05:06:47.148228,2026-07-04T05:06:47.155994+00:00,146.4,23,bid,Xuanyu Liu,EarnestEspressos,6598575
2026-07-04T05:06:47.856013,2026-07-04T05:06:47.854459+00:00,146.4,10,bid,Richard Zhang,EarnestEspressos,6598581
2026-07-04T05:06:48.637374,2026-07-04T05:06:48.649278+00:00,146.4,43,bid,CostlyCorianders,EarnestEspressos,6598591
2026-07-04T05:06:48.700061,2026-07-04T05:06:48.710324+00:00,146.2,50,ask,DiligentDonuts,FlawlessFlatbreads,6598592
2026-07-04T05:06:49.229654,2026-07-04T05:06:49.240289+00:00,146.4,44,bid,CostlyCorianders,EarnestEspressos,6598598
2026-07-04T05:06:49.789674,2026-07-04T05:06:49.801472+00:00,146.4,30,bid,CostlyCorianders,EarnestEspressos,6598602
2026-07-04T05:06:49.789674,2026-07-04T05:06:49.801472+00:00,146.4,10,bid,CostlyCorianders,Richard Zhang,6598603
2026-07-04T05:06:50.447727,2026-07-04T05:06:50.465694+00:00,146.5,12,ask,EarnestEspressos,Xuanyu Liu,6598613
2026-07-04T05:06:50.755616,2026-07-04T05:06:50.765143+00:00,146.6,10,bid,FlawlessFlatbreads,Richard Zhang,6598619
2026-07-04T05:06:50.755616,2026-07-04T05:06:50.765143+00:00,147.0,40,bid,FlawlessFlatbreads,EarnestEspressos,6598620
2026-07-04T05:06:50.812331,2026-07-04T05:06:50.823732+00:00,146.5,100,ask,EarnestEspressos,DiligentDonuts,6598621
2026-07-04T05:06:52.739993,2026-07-04T05:06:52.751541+00:00,146.6,10,ask,Richard Zhang,CostlyCorianders,6598641
2026-07-04T05:06:52.739993,2026-07-04T05:06:52.751541+00:00,146.5,34,ask,EarnestEspressos,CostlyCorianders,6598642
2026-07-04T05:06:52.864772,2026-07-04T05:06:52.875319+00:00,146.9,10,bid,FlawlessFlatbreads,Richard Zhang,6598646
2026-07-04T05:06:52.864772,2026-07-04T05:06:52.875319+00:00,147.0,40,bid,FlawlessFlatbreads,EarnestEspressos,6598647
2026-07-04T05:06:54.980190,2026-07-04T05:06:54.992467+00:00,146.6,10,bid,FlawlessFlatbreads,Richard Zhang,6598670
2026-07-04T05:06:54.980190,2026-07-04T05:06:54.992467+00:00,146.7,40,bid,FlawlessFlatbreads,EarnestEspressos,6598671
2026-07-04T05:06:56.451296,2026-07-04T05:06:56.464213+00:00,146.6,10,bid,CostlyCorianders,Richard Zhang,6598693
2026-07-04T05:06:56.451296,2026-07-04T05:06:56.464213+00:00,146.7,37,bid,CostlyCorianders,EarnestEspressos,6598694
2026-07-04T05:06:57.141743,2026-07-04T05:06:57.149817+00:00,146.6,50,ask,EarnestEspressos,FlawlessFlatbreads,6598704
2026-07-04T05:06:59.248401,2026-07-04T05:06:59.255879+00:00,146.7,10,ask,Richard Zhang,FlawlessFlatbreads,6598727
2026-07-04T05:06:59.248401,2026-07-04T05:06:59.261139+00:00,146.6,40,ask,EarnestEspressos,FlawlessFlatbreads,6598728
2026-07-04T05:07:00.986326,2026-07-04T05:07:00.997861+00:00,146.5,10,ask,Richard Zhang,CostlyCorianders,6598750
2026-07-04T05:07:00.986326,2026-07-04T05:07:00.997861+00:00,146.5,36,ask,DiligentDonuts,CostlyCorianders,6598751
2026-07-04T05:07:01.350595,2026-07-04T05:07:01.358607+00:00,146.7,10,bid,Xuanyu Liu,Richard Zhang,6598756
2026-07-04T05:07:01.357647,2026-07-04T05:07:01.374128+00:00,146.5,50,ask,DiligentDonuts,FlawlessFlatbreads,6598758
2026-07-04T05:07:01.527663,2026-07-04T05:07:01.539286+00:00,146.8,48,bid,CostlyCorianders,EarnestEspressos,6598759
2026-07-04T05:07:01.583403,2026-07-04T05:07:01.595393+00:00,146.5,14,ask,DiligentDonuts,CostlyCorianders,6598760
2026-07-04T05:07:01.583403,2026-07-04T05:07:01.595393+00:00,146.4,35,ask,EarnestEspressos,CostlyCorianders,6598761
2026-07-04T05:07:02.061365,2026-07-04T05:07:02.069309+00:00,146.7,2,bid,Xuanyu Liu,Richard Zhang,6598773
2026-07-04T05:07:02.208942,2026-07-04T05:07:02.218671+00:00,146.5,10,ask,Richard Zhang,CostlyCorianders,6598782
2026-07-04T05:07:02.208942,2026-07-04T05:07:02.218671+00:00,146.4,36,ask,EarnestEspressos,CostlyCorianders,6598783
2026-07-04T05:07:03.412936,2026-07-04T05:07:03.422771+00:00,146.7,8,bid,FlawlessFlatbreads,Richard Zhang,6598794
2026-07-04T05:07:03.412936,2026-07-04T05:07:03.422771+00:00,146.9,42,bid,FlawlessFlatbreads,EarnestEspressos,6598795
2026-07-04T05:07:04.058567,2026-07-04T05:07:04.070231+00:00,146.8,5,bid,Richard Zhang,DiligentDonuts,6598803
2026-07-04T05:07:04.086767,2026-07-04T05:07:04.094047+00:00,146.7,10,bid,Xuanyu Liu,Richard Zhang,6598804
2026-07-04T05:07:05.521778,2026-07-04T05:07:05.534736+00:00,146.8,50,bid,FlawlessFlatbreads,DiligentDonuts,6598828
2026-07-04T05:07:07.634583,2026-07-04T05:07:07.646447+00:00,146.8,10,bid,FlawlessFlatbreads,Richard Zhang,6598858
2026-07-04T05:07:07.634583,2026-07-04T05:07:07.646447+00:00,147.1,40,bid,FlawlessFlatbreads,DiligentDonuts,6598859
2026-07-04T05:07:08.963934,2026-07-04T05:07:08.974467+00:00,147.0,10,bid,CostlyCorianders,Richard Zhang,6598875
2026-07-04T05:07:08.963934,2026-07-04T05:07:08.974467+00:00,147.1,39,bid,CostlyCorianders,DiligentDonuts,6598876
2026-07-04T05:07:09.743752,2026-07-04T05:07:09.758559+00:00,147.2,50,bid,FlawlessFlatbreads,EarnestEspressos,6598888
2026-07-04T05:07:10.176287,2026-07-04T05:07:10.184559+00:00,146.9,10,ask,Richard Zhang,Xuanyu Liu,6598896
2026-07-04T05:07:11.854493,2026-07-04T05:07:11.856095+00:00,147.1,10,bid,FlawlessFlatbreads,Richard Zhang,6598917
2026-07-04T05:07:11.854493,2026-07-04T05:07:11.856095+00:00,147.2,40,bid,FlawlessFlatbreads,EarnestEspressos,6598918
2026-07-04T05:07:12.405358,2026-07-04T05:07:12.412625+00:00,147.0,12,ask,EarnestEspressos,Xuanyu Liu,6598925
2026-07-04T05:07:12.612741,2026-07-04T05:07:12.629640+00:00,147.0,11,ask,EarnestEspressos,Xuanyu Liu,6598929
2026-07-04T05:07:12.992091,2026-07-04T05:07:13.003472+00:00,147.0,49,ask,EarnestEspressos,CostlyCorianders,6598937
2026-07-04T05:07:13.540725,2026-07-04T05:07:13.543844+00:00,147.1,10,bid,CostlyCorianders,Richard Zhang,6598943
2026-07-04T05:07:13.540725,2026-07-04T05:07:13.554648+00:00,147.2,30,bid,CostlyCorianders,DiligentDonuts,6598944
2026-07-04T05:07:13.961813,2026-07-04T05:07:13.973612+00:00,147.2,50,bid,FlawlessFlatbreads,DiligentDonuts,6598952
2026-07-04T05:07:15.240750,2026-07-04T05:07:15.248822+00:00,147.0,3,ask,EarnestEspressos,Xuanyu Liu,6598972
2026-07-04T05:07:15.606324,2026-07-04T05:07:15.618172+00:00,147.0,10,ask,Richard Zhang,EarnestEspressos,6598974
2026-07-04T05:07:16.120640,2026-07-04T05:07:16.129776+00:00,146.9,50,ask,DiligentDonuts,FlawlessFlatbreads,6598989
2026-07-04T05:07:16.341343,2026-07-04T05:07:16.350374+00:00,146.9,49,ask,DiligentDonuts,CostlyCorianders,6598992
2026-07-04T05:07:17.365854,2026-07-04T05:07:17.374049+00:00,146.9,1,ask,DiligentDonuts,CostlyCorianders,6599006
2026-07-04T05:07:17.365854,2026-07-04T05:07:17.374049+00:00,146.9,10,ask,Richard Zhang,CostlyCorianders,6599007
2026-07-04T05:07:18.175969,2026-07-04T05:07:18.188086+00:00,147.0,50,bid,FlawlessFlatbreads,EarnestEspressos,6599017
2026-07-04T05:07:18.283922,2026-07-04T05:07:18.292535+00:00,147.0,3,bid,Xuanyu Liu,EarnestEspressos,6599020
2026-07-04T05:07:18.308906,2026-07-04T05:07:18.318151+00:00,146.9,10,bid,Xuanyu Liu,Richard Zhang,6599022
2026-07-04T05:07:20.295629,2026-07-04T05:07:20.307277+00:00,147.3,50,bid,FlawlessFlatbreads,DiligentDonuts,6599054
2026-07-04T05:07:20.318556,2026-07-04T05:07:20.328280+00:00,147.0,20,ask,EarnestEspressos,Richard Zhang,6599056
2026-07-04T05:07:20.339879,2026-07-04T05:07:20.347314+00:00,147.1,10,ask,Richard Zhang,Xuanyu Liu,6599057
2026-07-04T05:07:22.403213,2026-07-04T05:07:22.414843+00:00,147.3,10,bid,FlawlessFlatbreads,Richard Zhang,6599081
2026-07-04T05:07:24.534549,2026-07-04T05:07:24.546504+00:00,147.3,10,bid,FlawlessFlatbreads,Richard Zhang,6599112
2026-07-04T05:07:24.534549,2026-07-04T05:07:24.546504+00:00,147.4,40,bid,FlawlessFlatbreads,EarnestEspressos,6599113
2026-07-04T05:07:25.503662,2026-07-04T05:07:25.513629+00:00,147.7,41,bid,CostlyCorianders,EarnestEspressos,6599126
2026-07-04T05:07:26.406946,2026-07-04T05:07:26.415376+00:00,147.2,10,ask,EarnestEspressos,Richard Zhang,6599133
2026-07-04T05:07:26.644181,2026-07-04T05:07:26.658622+00:00,147.5,50,bid,FlawlessFlatbreads,DiligentDonuts,6599137
2026-07-04T05:07:27.129596,2026-07-04T05:07:27.141021+00:00,147.2,49,ask,EarnestEspressos,CostlyCorianders,6599146
2026-07-04T05:07:28.715479,2026-07-04T05:07:28.723576+00:00,147.4,10,bid,DiligentDonuts,Richard Zhang,6599170
2026-07-04T05:07:28.752221,2026-07-04T05:07:28.763938+00:00,147.6,50,bid,FlawlessFlatbreads,EarnestEspressos,6599171
2026-07-04T05:07:30.472438,2026-07-04T05:07:30.478958+00:00,147.4,20,ask,DiligentDonuts,Richard Zhang,6599189
2026-07-04T05:07:30.859242,2026-07-04T05:07:30.870746+00:00,147.6,50,bid,FlawlessFlatbreads,EarnestEspressos,6599194
2026-07-04T05:07:31.360959,2026-07-04T05:07:31.372645+00:00,147.6,10,bid,EarnestEspressos,Richard Zhang,6599201
2026-07-04T05:07:31.373816,2026-07-04T05:07:31.382094+00:00,147.7,3,ask,EarnestEspressos,Xuanyu Liu,6599202
2026-07-04T05:07:31.422219,2026-07-04T05:07:31.428842+00:00,147.7,41,ask,EarnestEspressos,CostlyCorianders,6599205
2026-07-04T05:07:32.165031,2026-07-04T05:07:32.173892+00:00,147.7,3,ask,EarnestEspressos,Xuanyu Liu,6599217
2026-07-04T05:07:32.507345,2026-07-04T05:07:32.515742+00:00,147.7,40,ask,EarnestEspressos,Richard Zhang,6599229
2026-07-04T05:07:33.002843,2026-07-04T05:07:33.012390+00:00,147.8,47,bid,CostlyCorianders,DiligentDonuts,6599235
2026-07-04T05:07:33.618790,2026-07-04T05:07:33.627352+00:00,147.7,46,ask,EarnestEspressos,CostlyCorianders,6599244
2026-07-04T05:07:34.598503,2026-07-04T05:07:34.606150+00:00,147.7,10,ask,Richard Zhang,EarnestEspressos,6599254
2026-07-04T05:07:34.613823,2026-07-04T05:07:34.628798+00:00,147.5,3,bid,Xuanyu Liu,EarnestEspressos,6599256
2026-07-04T05:07:35.044374,2026-07-04T05:07:35.055921+00:00,147.5,100,bid,DiligentDonuts,EarnestEspressos,6599268
2026-07-04T05:07:35.070300,2026-07-04T05:07:35.081704+00:00,147.5,37,bid,FlawlessFlatbreads,EarnestEspressos,6599269
2026-07-04T05:07:37.085711,2026-07-04T05:07:37.097151+00:00,148.0,40,bid,CostlyCorianders,DiligentDonuts,6599304
2026-07-04T05:07:38.266133,2026-07-04T05:07:38.277798+00:00,147.7,100,ask,EarnestEspressos,DiligentDonuts,6599323
2026-07-04T05:07:38.886372,2026-07-04T05:07:38.894544+00:00,147.7,3,ask,EarnestEspressos,Xuanyu Liu,6599330
2026-07-04T05:07:39.337585,2026-07-04T05:07:39.349143+00:00,147.7,47,ask,EarnestEspressos,FlawlessFlatbreads,6599343
2026-07-04T05:07:39.337585,2026-07-04T05:07:39.349143+00:00,147.2,3,ask,DiligentDonuts,FlawlessFlatbreads,6599344
2026-07-04T05:07:41.447388,2026-07-04T05:07:41.468971+00:00,147.4,50,ask,DiligentDonuts,FlawlessFlatbreads,6599373
2026-07-04T05:07:41.492021,2026-07-04T05:07:41.500136+00:00,147.6,3,bid,Xuanyu Liu,EarnestEspressos,6599375
2026-07-04T05:07:42.143418,2026-07-04T05:07:42.158604+00:00,147.6,44,bid,CostlyCorianders,EarnestEspressos,6599384
2026-07-04T05:07:43.553514,2026-07-04T05:07:43.559942+00:00,147.4,50,ask,DiligentDonuts,FlawlessFlatbreads,6599396
2026-07-04T05:07:46.381729,2026-07-04T05:07:46.393510+00:00,147.4,47,bid,CostlyCorianders,DiligentDonuts,6599441
2026-07-04T05:07:48.008055,2026-07-04T05:07:48.015701+00:00,147.2,47,ask,DiligentDonuts,CostlyCorianders,6599462
2026-07-04T05:07:49.817077,2026-07-04T05:07:49.828742+00:00,147.6,50,bid,FlawlessFlatbreads,EarnestEspressos,6599486
2026-07-04T05:07:51.977901,2026-07-04T05:07:51.988840+00:00,147.2,50,ask,EarnestEspressos,FlawlessFlatbreads,6599523
2026-07-04T05:07:53.481343,2026-07-04T05:07:53.493149+00:00,146.8,42,ask,DiligentDonuts,CostlyCorianders,6599545
2026-07-04T05:07:54.085134,2026-07-04T05:07:54.094890+00:00,146.9,50,ask,EarnestEspressos,FlawlessFlatbreads,6599554
2026-07-04T05:07:54.586479,2026-07-04T05:07:54.597899+00:00,147.2,45,bid,CostlyCorianders,DiligentDonuts,6599558
2026-07-04T05:07:55.239678,2026-07-04T05:07:55.251260+00:00,146.9,42,ask,EarnestEspressos,CostlyCorianders,6599566
2026-07-04T05:07:56.191451,2026-07-04T05:07:56.198687+00:00,146.9,50,ask,EarnestEspressos,FlawlessFlatbreads,6599587
2026-07-04T05:07:56.729841,2026-07-04T05:07:56.748057+00:00,146.7,100,ask,DiligentDonuts,EarnestEspressos,6599593
2026-07-04T05:07:56.740501,2026-07-04T05:07:56.748057+00:00,146.7,3,bid,Xuanyu Liu,EarnestEspressos,6599594
2026-07-04T05:07:58.247256,2026-07-04T05:07:58.254512+00:00,146.7,47,bid,FlawlessFlatbreads,EarnestEspressos,6599622
2026-07-04T05:07:58.247256,2026-07-04T05:07:58.254512+00:00,146.8,3,bid,FlawlessFlatbreads,DiligentDonuts,6599623
2026-07-04T05:08:00.405323,2026-07-04T05:08:00.413516+00:00,146.6,50,ask,EarnestEspressos,FlawlessFlatbreads,6599651
2026-07-04T05:08:02.513357,2026-07-04T05:08:02.524900+00:00,146.6,50,ask,EarnestEspressos,FlawlessFlatbreads,6599673
2026-07-04T05:08:04.618903,2026-07-04T05:08:04.630645+00:00,146.2,50,ask,DiligentDonuts,FlawlessFlatbreads,6599702
2026-07-04T05:08:04.762228,2026-07-04T05:08:04.768990+00:00,146.6,41,bid,CostlyCorianders,EarnestEspressos,6599703
2026-07-04T05:08:06.079590,2026-07-04T05:08:06.093083+00:00,146.6,11,bid,Xuanyu Liu,EarnestEspressos,6599721
2026-07-04T05:08:06.750226,2026-07-04T05:08:06.756575+00:00,146.6,50,ask,EarnestEspressos,FlawlessFlatbreads,6599734
2026-07-04T05:08:07.370388,2026-07-04T05:08:07.382413+00:00,146.7,41,bid,CostlyCorianders,DiligentDonuts,6599745
2026-07-04T05:08:08.858469,2026-07-04T05:08:08.870031+00:00,146.6,50,ask,EarnestEspressos,FlawlessFlatbreads,6599758
2026-07-04T05:08:08.904241,2026-07-04T05:08:08.916098+00:00,146.6,43,ask,EarnestEspressos,CostlyCorianders,6599760
2026-07-04T05:08:09.400841,2026-07-04T05:08:09.408638+00:00,146.3,12,bid,Xuanyu Liu,EarnestEspressos,6599767
2026-07-04T05:08:10.315416,2026-07-04T05:08:10.323604+00:00,146.3,11,bid,Xuanyu Liu,EarnestEspressos,6599781
2026-07-04T05:08:10.965666,2026-07-04T05:08:10.977025+00:00,146.2,50,ask,DiligentDonuts,FlawlessFlatbreads,6599790
2026-07-04T05:08:12.021483,2026-07-04T05:08:12.069123+00:00,146.3,41,bid,CostlyCorianders,EarnestEspressos,6599804
2026-07-04T05:08:15.130297,2026-07-04T05:08:15.142133+00:00,146.7,50,bid,FlawlessFlatbreads,EarnestEspressos,6599851
2026-07-04T05:08:15.659693,2026-07-04T05:08:15.671678+00:00,146.7,100,bid,EarnestEspressos,DiligentDonuts,6599859
2026-07-04T05:08:17.237772,2026-07-04T05:08:17.258864+00:00,147.2,50,bid,FlawlessFlatbreads,EarnestEspressos,6599883
2026-07-04T05:08:18.506965,2026-07-04T05:08:18.518878+00:00,146.8,48,ask,DiligentDonuts,CostlyCorianders,6599905
2026-07-04T05:08:19.346158,2026-07-04T05:08:19.352772+00:00,147.0,50,bid,FlawlessFlatbreads,EarnestEspressos,6599914
2026-07-04T05:08:19.609110,2026-07-04T05:08:19.620918+00:00,147.0,41,bid,CostlyCorianders,EarnestEspressos,6599923
2026-07-04T05:08:21.504472,2026-07-04T05:08:21.516335+00:00,146.6,50,ask,DiligentDonuts,FlawlessFlatbreads,6599943
2026-07-04T05:08:22.009004,2026-07-04T05:08:22.017362+00:00,146.7,11,ask,EarnestEspressos,Xuanyu Liu,6599948
2026-07-04T05:08:22.607074,2026-07-04T05:08:22.615579+00:00,146.7,40,ask,EarnestEspressos,CostlyCorianders,6599959
2026-07-04T05:08:24.332671,2026-07-04T05:08:24.344437+00:00,146.7,44,ask,EarnestEspressos,CostlyCorianders,6599982
2026-07-04T05:08:27.360267,2026-07-04T05:08:27.372066+00:00,146.8,49,bid,CostlyCorianders,EarnestEspressos,6600018
2026-07-04T05:08:27.838100,2026-07-04T05:08:27.849749+00:00,146.3,50,ask,EarnestEspressos,FlawlessFlatbreads,6600022
2026-07-04T05:08:29.895501,2026-07-04T05:08:29.907499+00:00,146.7,50,bid,FlawlessFlatbreads,EarnestEspressos,6600049
2026-07-04T05:08:29.978551,2026-07-04T05:08:29.990105+00:00,146.7,48,bid,CostlyCorianders,EarnestEspressos,6600051
2026-07-04T05:08:31.494618,2026-07-04T05:08:31.503724+00:00,146.7,100,bid,EarnestEspressos,DiligentDonuts,6600071
2026-07-04T05:08:32.053796,2026-07-04T05:08:32.064061+00:00,146.8,50,ask,EarnestEspressos,FlawlessFlatbreads,6600079
2026-07-04T05:08:34.064676,2026-07-04T05:08:34.076472+00:00,146.7,43,ask,DiligentDonuts,CostlyCorianders,6600107
2026-07-04T05:08:34.160653,2026-07-04T05:08:34.169066+00:00,146.7,50,ask,DiligentDonuts,FlawlessFlatbreads,6600109
2026-07-04T05:08:34.711450,2026-07-04T05:08:34.723283+00:00,146.7,7,ask,DiligentDonuts,EarnestEspressos,6600118
2026-07-04T05:08:35.792658,2026-07-04T05:08:35.800732+00:00,146.7,11,bid,Xuanyu Liu,EarnestEspressos,6600139
2026-07-04T05:08:36.266936,2026-07-04T05:08:36.278661+00:00,146.3,50,ask,DiligentDonuts,FlawlessFlatbreads,6600149
2026-07-04T05:08:38.321933,2026-07-04T05:08:38.333625+00:00,146.9,50,bid,FlawlessFlatbreads,EarnestEspressos,6600181
2026-07-04T05:08:41.133144,2026-07-04T05:08:41.141097+00:00,146.8,40,bid,CostlyCorianders,DiligentDonuts,6600233
2026-07-04T05:08:42.761447,2026-07-04T05:08:42.773073+00:00,146.9,42,bid,CostlyCorianders,DiligentDonuts,6600256
2026-07-04T05:08:44.354961,2026-07-04T05:08:44.358563+00:00,146.6,49,ask,EarnestEspressos,CostlyCorianders,6600273
2026-07-04T05:08:44.692788,2026-07-04T05:08:44.699703+00:00,146.6,50,ask,EarnestEspressos,FlawlessFlatbreads,6600284
2026-07-04T05:08:45.476747,2026-07-04T05:08:45.488370+00:00,147.0,49,bid,CostlyCorianders,DiligentDonuts,6600298
2026-07-04T05:08:46.798237,2026-07-04T05:08:46.808371+00:00,146.6,50,ask,EarnestEspressos,FlawlessFlatbreads,6600312
2026-07-04T05:08:47.382440,2026-07-04T05:08:47.404324+00:00,146.5,100,ask,DiligentDonuts,EarnestEspressos,6600323
2026-07-04T05:08:47.394939,2026-07-04T05:08:47.404324+00:00,146.4,23,bid,Xuanyu Liu,EarnestEspressos,6600324
2026-07-04T05:08:47.795101,2026-07-04T05:08:47.803871+00:00,146.4,27,bid,DiligentDonuts,EarnestEspressos,6600330
2026-07-04T05:08:48.922208,2026-07-04T05:08:48.929151+00:00,146.4,50,ask,DiligentDonuts,FlawlessFlatbreads,6600340
2026-07-04T05:08:51.037831,2026-07-04T05:08:51.049299+00:00,146.5,50,ask,EarnestEspressos,FlawlessFlatbreads,6600366
2026-07-04T05:08:51.500436,2026-07-04T05:08:51.510373+00:00,146.5,46,ask,EarnestEspressos,CostlyCorianders,6600376
2026-07-04T05:08:51.537347,2026-07-04T05:08:51.545274+00:00,146.5,11,ask,EarnestEspressos,Xuanyu Liu,6600379
2026-07-04T05:08:52.100411,2026-07-04T05:08:52.118667+00:00,146.6,11,bid,Xuanyu Liu,DiligentDonuts,6600391
2026-07-04T05:08:52.303402,2026-07-04T05:08:52.312199+00:00,146.6,11,bid,Xuanyu Liu,DiligentDonuts,6600394
2026-07-04T05:08:53.037282,2026-07-04T05:08:53.050074+00:00,146.6,46,bid,CostlyCorianders,DiligentDonuts,6600405
2026-07-04T05:08:53.094025,2026-07-04T05:08:53.102709+00:00,146.6,32,bid,FlawlessFlatbreads,DiligentDonuts,6600408
2026-07-04T05:08:53.094025,2026-07-04T05:08:53.102709+00:00,147.0,18,bid,FlawlessFlatbreads,EarnestEspressos,6600409
2026-07-04T05:08:54.119321,2026-07-04T05:08:54.131279+00:00,146.5,49,ask,EarnestEspressos,CostlyCorianders,6600423
2026-07-04T05:08:55.224952,2026-07-04T05:08:55.236459+00:00,147.0,41,bid,CostlyCorianders,EarnestEspressos,6600436
2026-07-04T05:08:55.262225,2026-07-04T05:08:55.274109+00:00,146.6,50,ask,DiligentDonuts,FlawlessFlatbreads,6600437
2026-07-04T05:08:56.239975,2026-07-04T05:08:56.250098+00:00,146.6,48,ask,DiligentDonuts,CostlyCorianders,6600447
2026-07-04T05:08:57.369831,2026-07-04T05:08:57.381328+00:00,146.7,50,ask,EarnestEspressos,FlawlessFlatbreads,6600463
2026-07-04T05:08:58.172877,2026-07-04T05:08:58.179236+00:00,147.2,46,bid,CostlyCorianders,EarnestEspressos,6600472
2026-07-04T05:08:59.426325,2026-07-04T05:08:59.437668+00:00,147.2,50,bid,FlawlessFlatbreads,EarnestEspressos,6600488
2026-07-04T05:09:01.532762,2026-07-04T05:09:01.539366+00:00,147.2,50,bid,FlawlessFlatbreads,EarnestEspressos,6600523
2026-07-04T05:09:02.728483,2026-07-04T05:09:02.736254+00:00,146.7,42,ask,EarnestEspressos,CostlyCorianders,6600535
2026-07-04T05:09:03.639183,2026-07-04T05:09:03.645740+00:00,147.2,50,bid,FlawlessFlatbreads,EarnestEspressos,6600547
2026-07-04T05:09:05.383528,2026-07-04T05:09:05.394986+00:00,147.0,49,bid,CostlyCorianders,DiligentDonuts,6600563
2026-07-04T05:09:05.744631,2026-07-04T05:09:05.758545+00:00,147.0,50,bid,FlawlessFlatbreads,DiligentDonuts,6600573
2026-07-04T05:09:06.360235,2026-07-04T05:09:06.369439+00:00,146.9,11,ask,EarnestEspressos,Xuanyu Liu,6600586
2026-07-04T05:09:07.851094,2026-07-04T05:09:07.857473+00:00,147.3,50,bid,FlawlessFlatbreads,DiligentDonuts,6600609
2026-07-04T05:09:09.527054,2026-07-04T05:09:09.538782+00:00,146.9,40,ask,EarnestEspressos,CostlyCorianders,6600627
2026-07-04T05:09:09.957178,2026-07-04T05:09:09.968704+00:00,147.4,50,bid,FlawlessFlatbreads,EarnestEspressos,6600636
2026-07-04T05:09:10.585187,2026-07-04T05:09:10.597017+00:00,146.9,40,ask,EarnestEspressos,CostlyCorianders,6600648
2026-07-04T05:09:12.071161,2026-07-04T05:09:12.079557+00:00,147.4,50,bid,FlawlessFlatbreads,EarnestEspressos,6600665
2026-07-04T05:09:14.176588,2026-07-04T05:09:14.188382+00:00,147.5,50,bid,FlawlessFlatbreads,EarnestEspressos,6600707
2026-07-04T05:09:14.661936,2026-07-04T05:09:14.673407+00:00,147.5,42,bid,CostlyCorianders,EarnestEspressos,6600716
2026-07-04T05:09:15.859478,2026-07-04T05:09:15.866828+00:00,147.4,46,ask,EarnestEspressos,Xuanyu Liu,6600731
2026-07-04T05:09:15.968869,2026-07-04T05:09:15.977013+00:00,147.5,12,bid,Xuanyu Liu,DiligentDonuts,6600733
2026-07-04T05:09:18.392748,2026-07-04T05:09:18.403820+00:00,147.9,50,bid,FlawlessFlatbreads,EarnestEspressos,6600770
2026-07-04T05:09:19.018218,2026-07-04T05:09:19.027259+00:00,147.8,12,ask,EarnestEspressos,Xuanyu Liu,6600776
2026-07-04T05:09:20.498404,2026-07-04T05:09:20.507603+00:00,148.1,50,bid,FlawlessFlatbreads,DiligentDonuts,6600794
2026-07-04T05:09:22.658395,2026-07-04T05:09:22.670004+00:00,147.9,50,ask,EarnestEspressos,FlawlessFlatbreads,6600823
2026-07-04T05:09:23.657930,2026-07-04T05:09:23.666144+00:00,147.9,40,ask,EarnestEspressos,CostlyCorianders,6600838
2026-07-04T05:09:24.646419,2026-07-04T05:09:24.652966+00:00,147.9,49,ask,EarnestEspressos,CostlyCorianders,6600848
2026-07-04T05:09:24.784252,2026-07-04T05:09:24.794277+00:00,147.9,11,ask,EarnestEspressos,FlawlessFlatbreads,6600851
2026-07-04T05:09:24.784252,2026-07-04T05:09:24.794277+00:00,147.7,39,ask,DiligentDonuts,FlawlessFlatbreads,6600852
2026-07-04T05:09:25.996047,2026-07-04T05:09:26.004325+00:00,147.8,12,bid,Xuanyu Liu,EarnestEspressos,6600866
2026-07-04T05:09:26.891118,2026-07-04T05:09:26.902657+00:00,147.6,50,ask,DiligentDonuts,FlawlessFlatbreads,6600878
2026-07-04T05:09:28.661789,2026-07-04T05:09:28.668946+00:00,147.8,49,bid,CostlyCorianders,EarnestEspressos,6600904
2026-07-04T05:09:28.948225,2026-07-04T05:09:28.954604+00:00,147.8,50,bid,FlawlessFlatbreads,EarnestEspressos,6600909
2026-07-04T05:09:29.779098,2026-07-04T05:09:29.790523+00:00,147.8,44,bid,CostlyCorianders,EarnestEspressos,6600920
2026-07-04T05:09:31.085742,2026-07-04T05:09:31.097182+00:00,147.8,7,bid,FlawlessFlatbreads,EarnestEspressos,6600937
2026-07-04T05:09:31.085742,2026-07-04T05:09:31.097182+00:00,148.0,43,bid,FlawlessFlatbreads,DiligentDonuts,6600938
2026-07-04T05:09:31.668628,2026-07-04T05:09:31.677081+00:00,147.9,12,ask,EarnestEspressos,Xuanyu Liu,6600948
2026-07-04T05:09:34.818441,2026-07-04T05:09:34.830325+00:00,148.2,100,bid,EarnestEspressos,DiligentDonuts,6600980
2026-07-04T05:09:35.355354,2026-07-04T05:09:35.368905+00:00,148.2,50,ask,EarnestEspressos,FlawlessFlatbreads,6600988
2026-07-04T05:09:37.461005,2026-07-04T05:09:37.472872+00:00,148.2,50,ask,DiligentDonuts,FlawlessFlatbreads,6601011
2026-07-04T05:09:38.032516,2026-07-04T05:09:38.042234+00:00,148.2,50,ask,DiligentDonuts,EarnestEspressos,6601020
2026-07-04T05:09:39.225058,2026-07-04T05:09:39.236492+00:00,148.2,45,bid,CostlyCorianders,EarnestEspressos,6601032
2026-07-04T05:09:39.569622,2026-07-04T05:09:39.580983+00:00,148.0,50,ask,DiligentDonuts,FlawlessFlatbreads,6601037
2026-07-04T05:09:39.691505,2026-07-04T05:09:39.703071+00:00,148.0,42,ask,DiligentDonuts,CostlyCorianders,6601040
2026-07-04T05:09:41.676391,2026-07-04T05:09:41.687228+00:00,148.1,50,ask,EarnestEspressos,FlawlessFlatbreads,6601061
2026-07-04T05:09:41.800325,2026-07-04T05:09:41.812021+00:00,148.1,43,ask,EarnestEspressos,CostlyCorianders,6601064
2026-07-04T05:09:43.284045,2026-07-04T05:09:43.296011+00:00,148.2,40,bid,CostlyCorianders,DiligentDonuts,6601071
2026-07-04T05:09:44.907635,2026-07-04T05:09:44.914945+00:00,147.9,46,ask,DiligentDonuts,CostlyCorianders,6601086
2026-07-04T05:09:45.836659,2026-07-04T05:09:45.848538+00:00,148.2,50,bid,FlawlessFlatbreads,EarnestEspressos,6601097
2026-07-04T05:09:47.406712,2026-07-04T05:09:47.416687+00:00,148.2,41,bid,CostlyCorianders,EarnestEspressos,6601122
2026-07-04T05:09:47.889995,2026-07-04T05:09:47.901938+00:00,147.9,47,ask,EarnestEspressos,CostlyCorianders,6601131
2026-07-04T05:09:47.943026,2026-07-04T05:09:47.963586+00:00,148.2,50,bid,FlawlessFlatbreads,DiligentDonuts,6601132
2026-07-04T05:09:49.359841,2026-07-04T05:09:49.371739+00:00,148.2,49,bid,CostlyCorianders,DiligentDonuts,6601148
2026-07-04T05:09:50.054841,2026-07-04T05:09:50.058560+00:00,148.2,1,bid,FlawlessFlatbreads,DiligentDonuts,6601160
2026-07-04T05:09:50.054841,2026-07-04T05:09:50.058560+00:00,148.4,49,bid,FlawlessFlatbreads,EarnestEspressos,6601161
2026-07-04T05:09:52.162831,2026-07-04T05:09:52.175039+00:00,148.4,50,bid,FlawlessFlatbreads,EarnestEspressos,6601193
2026-07-04T05:09:52.644466,2026-07-04T05:09:52.654669+00:00,148.1,49,ask,DiligentDonuts,CostlyCorianders,6601197
2026-07-04T05:09:56.372638,2026-07-04T05:09:56.384293+00:00,148.4,50,bid,FlawlessFlatbreads,DiligentDonuts,6601240
2026-07-04T05:09:57.864301,2026-07-04T05:09:57.876147+00:00,148.5,44,bid,CostlyCorianders,DiligentDonuts,6601252
2026-07-04T05:09:58.531676,2026-07-04T05:09:58.543521+00:00,148.1,50,ask,EarnestEspressos,FlawlessFlatbreads,6601265
2026-07-04T05:09:59.338643,2026-07-04T05:09:59.346431+00:00,148.1,11,ask,EarnestEspressos,Xuanyu Liu,6601279
2026-07-04T05:10:00.168130,2026-07-04T05:10:00.179728+00:00,148.0,100,ask,DiligentDonuts,EarnestEspressos,6601288
2026-07-04T05:10:00.387919,2026-07-04T05:10:00.399889+00:00,148.0,41,bid,CostlyCorianders,EarnestEspressos,6601292
2026-07-04T05:10:00.639454,2026-07-04T05:10:00.651006+00:00,147.5,50,ask,EarnestEspressos,FlawlessFlatbreads,6601294
2026-07-04T05:10:02.008552,2026-07-04T05:10:02.020439+00:00,148.0,9,bid,CostlyCorianders,EarnestEspressos,6601313
2026-07-04T05:10:02.008552,2026-07-04T05:10:02.020439+00:00,148.0,38,bid,CostlyCorianders,DiligentDonuts,6601314
2026-07-04T05:10:02.747489,2026-07-04T05:10:02.753841+00:00,147.5,50,ask,EarnestEspressos,FlawlessFlatbreads,6601321
2026-07-04T05:10:04.857299,2026-07-04T05:10:04.868966+00:00,147.8,50,ask,EarnestEspressos,FlawlessFlatbreads,6601347
2026-07-04T05:10:05.056592,2026-07-04T05:10:05.063626+00:00,147.8,44,ask,EarnestEspressos,CostlyCorianders,6601349
2026-07-04T05:10:06.161189,2026-07-04T05:10:06.172796+00:00,147.8,42,ask,EarnestEspressos,CostlyCorianders,6601360
2026-07-04T05:10:06.490554,2026-07-04T05:10:06.510769+00:00,147.7,100,ask,DiligentDonuts,EarnestEspressos,6601366
2026-07-04T05:10:06.502963,2026-07-04T05:10:06.510769+00:00,147.6,34,bid,Xuanyu Liu,EarnestEspressos,6601367
2026-07-04T05:10:06.912279,2026-07-04T05:10:06.924335+00:00,147.6,16,bid,FlawlessFlatbreads,EarnestEspressos,6601373
2026-07-04T05:10:06.912279,2026-07-04T05:10:06.924335+00:00,147.7,34,bid,FlawlessFlatbreads,DiligentDonuts,6601374
2026-07-04T05:10:07.216880,2026-07-04T05:10:07.227670+00:00,147.7,47,bid,CostlyCorianders,DiligentDonuts,6601381
2026-07-04T05:10:08.440337,2026-07-04T05:10:08.458574+00:00,147.3,47,ask,DiligentDonuts,CostlyCorianders,6601394
2026-07-04T05:10:09.022471,2026-07-04T05:10:09.033973+00:00,147.7,19,bid,FlawlessFlatbreads,DiligentDonuts,6601403
2026-07-04T05:10:11.180357,2026-07-04T05:10:11.189957+00:00,147.5,50,ask,EarnestEspressos,FlawlessFlatbreads,6601428
2026-07-04T05:10:12.108686,2026-07-04T05:10:12.164197+00:00,147.5,44,ask,EarnestEspressos,CostlyCorianders,6601437
2026-07-04T05:10:13.285758,2026-07-04T05:10:13.292408+00:00,147.3,50,ask,DiligentDonuts,FlawlessFlatbreads,6601455
2026-07-04T05:10:15.392743,2026-07-04T05:10:15.399743+00:00,147.3,50,ask,DiligentDonuts,FlawlessFlatbreads,6601491
2026-07-04T05:10:15.645114,2026-07-04T05:10:15.658577+00:00,147.7,44,bid,CostlyCorianders,EarnestEspressos,6601492
2026-07-04T05:10:16.696876,2026-07-04T05:10:16.708831+00:00,147.4,42,ask,EarnestEspressos,CostlyCorianders,6601508
2026-07-04T05:10:17.508948,2026-07-04T05:10:17.518555+00:00,147.4,50,ask,EarnestEspressos,FlawlessFlatbreads,6601515
2026-07-04T05:10:19.309099,2026-07-04T05:10:19.320808+00:00,147.5,44,bid,CostlyCorianders,DiligentDonuts,6601540
2026-07-04T05:10:19.615967,2026-07-04T05:10:19.623073+00:00,147.1,50,ask,DiligentDonuts,FlawlessFlatbreads,6601550
2026-07-04T05:10:21.731075,2026-07-04T05:10:21.743124+00:00,147.1,50,ask,DiligentDonuts,FlawlessFlatbreads,6601575
2026-07-04T05:10:22.725688,2026-07-04T05:10:22.733919+00:00,147.3,12,bid,Xuanyu Liu,DiligentDonuts,6601585
2026-07-04T05:10:23.841335,2026-07-04T05:10:23.858590+00:00,146.9,50,ask,EarnestEspressos,FlawlessFlatbreads,6601597
2026-07-04T05:10:24.236300,2026-07-04T05:10:24.244566+00:00,147.3,22,bid,Xuanyu Liu,DiligentDonuts,6601606
2026-07-04T05:10:24.306656,2026-07-04T05:10:24.318153+00:00,147.3,44,bid,CostlyCorianders,DiligentDonuts,6601608
2026-07-04T05:10:25.913461,2026-07-04T05:10:25.926558+00:00,147.5,50,bid,FlawlessFlatbreads,EarnestEspressos,6601623
2026-07-04T05:10:28.073181,2026-07-04T05:10:28.084951+00:00,147.0,50,ask,EarnestEspressos,FlawlessFlatbreads,6601653
2026-07-04T05:10:30.179525,2026-07-04T05:10:30.191223+00:00,146.9,50,ask,DiligentDonuts,FlawlessFlatbreads,6601680
2026-07-04T05:10:30.761961,2026-07-04T05:10:30.770051+00:00,147.1,29,bid,Xuanyu Liu,EarnestEspressos,6601691
2026-07-04T05:10:31.783146,2026-07-04T05:10:31.794870+00:00,147.4,100,bid,EarnestEspressos,DiligentDonuts,6601709
2026-07-04T05:10:31.997212,2026-07-04T05:10:32.006398+00:00,147.6,40,ask,EarnestEspressos,Xuanyu Liu,6601712
2026-07-04T05:10:32.293066,2026-07-04T05:10:32.301932+00:00,147.6,10,ask,EarnestEspressos,FlawlessFlatbreads,6601715
2026-07-04T05:10:32.744071,2026-07-04T05:10:32.755565+00:00,147.9,47,bid,CostlyCorianders,DiligentDonuts,6601726
2026-07-04T05:10:33.956448,2026-07-04T05:10:33.964820+00:00,147.4,40,ask,DiligentDonuts,CostlyCorianders,6601743
2026-07-04T05:10:34.402189,2026-07-04T05:10:34.413195+00:00,147.4,50,ask,DiligentDonuts,FlawlessFlatbreads,6601747
2026-07-04T05:10:35.006299,2026-07-04T05:10:35.017668+00:00,147.4,10,ask,DiligentDonuts,EarnestEspressos,6601762
2026-07-04T05:10:35.019166,2026-07-04T05:10:35.028994+00:00,147.1,40,bid,Xuanyu Liu,EarnestEspressos,6601764
2026-07-04T05:10:35.296232,2026-07-04T05:10:35.305333+00:00,147.1,100,bid,DiligentDonuts,EarnestEspressos,6601773
2026-07-04T05:10:36.559492,2026-07-04T05:10:36.569132+00:00,147.8,49,bid,CostlyCorianders,DiligentDonuts,6601784
2026-07-04T05:10:37.176048,2026-07-04T05:10:37.187781+00:00,146.6,43,ask,EarnestEspressos,CostlyCorianders,6601793
2026-07-04T05:10:39.699824,2026-07-04T05:10:39.711487+00:00,147.4,42,bid,CostlyCorianders,EarnestEspressos,6601830
2026-07-04T05:10:40.672036,2026-07-04T05:10:40.682302+00:00,147.4,50,bid,FlawlessFlatbreads,EarnestEspressos,6601848
2026-07-04T05:10:41.697015,2026-07-04T05:10:41.706013+00:00,147.3,6,ask,EarnestEspressos,Xuanyu Liu,6601860
2026-07-04T05:10:42.828398,2026-07-04T05:10:42.835346+00:00,147.3,50,ask,EarnestEspressos,FlawlessFlatbreads,6601869
2026-07-04T05:10:44.934726,2026-07-04T05:10:44.941409+00:00,147.1,50,ask,EarnestEspressos,FlawlessFlatbreads,6601902
2026-07-04T05:10:49.097788,2026-07-04T05:10:49.109723+00:00,147.3,50,bid,FlawlessFlatbreads,EarnestEspressos,6601954
2026-07-04T05:10:49.916749,2026-07-04T05:10:49.928659+00:00,147.0,49,ask,DiligentDonuts,CostlyCorianders,6601965
2026-07-04T05:10:51.206036,2026-07-04T05:10:51.217643+00:00,147.2,50,bid,FlawlessFlatbreads,DiligentDonuts,6601985
2026-07-04T05:10:51.638169,2026-07-04T05:10:51.646747+00:00,147.2,42,bid,CostlyCorianders,DiligentDonuts,6601991
2026-07-04T05:10:51.692263,2026-07-04T05:10:51.703758+00:00,146.9,49,ask,EarnestEspressos,CostlyCorianders,6601992
2026-07-04T05:10:53.312068,2026-07-04T05:10:53.324001+00:00,147.2,8,bid,FlawlessFlatbreads,DiligentDonuts,6602013
2026-07-04T05:10:53.312068,2026-07-04T05:10:53.324001+00:00,147.4,42,bid,FlawlessFlatbreads,EarnestEspressos,6602014
2026-07-04T05:10:53.664142,2026-07-04T05:10:53.675744+00:00,146.9,47,ask,EarnestEspressos,CostlyCorianders,6602016
2026-07-04T05:10:55.420146,2026-07-04T05:10:55.432019+00:00,147.1,50,bid,FlawlessFlatbreads,EarnestEspressos,6602039
2026-07-04T05:10:56.892307,2026-07-04T05:10:56.904696+00:00,147.1,43,bid,CostlyCorianders,EarnestEspressos,6602061
2026-07-04T05:10:57.039972,2026-07-04T05:10:57.048255+00:00,147.1,6,bid,Xuanyu Liu,EarnestEspressos,6602063
2026-07-04T05:10:57.527636,2026-07-04T05:10:57.536174+00:00,147.9,50,bid,FlawlessFlatbreads,EarnestEspressos,6602075
2026-07-04T05:10:57.813733,2026-07-04T05:10:57.821551+00:00,147.9,47,bid,CostlyCorianders,EarnestEspressos,6602084
2026-07-04T05:10:58.368675,2026-07-04T05:10:58.376734+00:00,147.4,17,ask,EarnestEspressos,Xuanyu Liu,6602092
2026-07-04T05:10:59.356758,2026-07-04T05:10:59.358556+00:00,147.4,43,ask,EarnestEspressos,CostlyCorianders,6602100
2026-07-04T05:11:01.763113,2026-07-04T05:11:01.774840+00:00,147.2,41,ask,EarnestEspressos,CostlyCorianders,6602130
2026-07-04T05:11:01.797208,2026-07-04T05:11:01.809286+00:00,147.2,50,ask,EarnestEspressos,FlawlessFlatbreads,6602131
2026-07-04T05:11:03.903328,2026-07-04T05:11:03.914858+00:00,147.3,50,ask,DiligentDonuts,FlawlessFlatbreads,6602161
2026-07-04T05:11:05.820537,2026-07-04T05:11:05.832032+00:00,147.4,48,bid,CostlyCorianders,EarnestEspressos,6602178
2026-07-04T05:11:05.960307,2026-07-04T05:11:05.972157+00:00,147.4,50,bid,FlawlessFlatbreads,EarnestEspressos,6602179
2026-07-04T05:11:07.505488,2026-07-04T05:11:07.517037+00:00,147.7,43,bid,CostlyCorianders,DiligentDonuts,6602196
2026-07-04T05:11:07.539294,2026-07-04T05:11:07.547439+00:00,147.4,12,ask,EarnestEspressos,Xuanyu Liu,6602199
2026-07-04T05:11:08.066650,2026-07-04T05:11:08.075732+00:00,147.7,50,bid,FlawlessFlatbreads,DiligentDonuts,6602207
2026-07-04T05:11:10.172480,2026-07-04T05:11:10.183851+00:00,147.9,50,bid,FlawlessFlatbreads,EarnestEspressos,6602237
2026-07-04T05:11:12.278242,2026-07-04T05:11:12.289792+00:00,147.9,50,bid,FlawlessFlatbreads,EarnestEspressos,6602253
2026-07-04T05:11:12.939528,2026-07-04T05:11:12.949029+00:00,147.8,11,ask,EarnestEspressos,Xuanyu Liu,6602261
2026-07-04T05:11:13.068336,2026-07-04T05:11:13.079927+00:00,147.8,43,ask,EarnestEspressos,CostlyCorianders,6602263
2026-07-04T05:11:13.699091,2026-07-04T05:11:13.706816+00:00,147.8,41,ask,EarnestEspressos,CostlyCorianders,6602276
2026-07-04T05:11:14.384054,2026-07-04T05:11:14.390933+00:00,148.2,50,bid,FlawlessFlatbreads,DiligentDonuts,6602284
2026-07-04T05:11:15.337234,2026-07-04T05:11:15.349126+00:00,148.2,42,bid,CostlyCorianders,DiligentDonuts,6602302
2026-07-04T05:11:15.826487,2026-07-04T05:11:15.838239+00:00,147.8,41,ask,EarnestEspressos,CostlyCorianders,6602312
2026-07-04T05:11:16.419325,2026-07-04T05:11:16.431031+00:00,148.2,100,bid,DiligentDonuts,EarnestEspressos,6602321
2026-07-04T05:11:16.491391,2026-07-04T05:11:16.500921+00:00,148.2,50,bid,FlawlessFlatbreads,EarnestEspressos,6602322
2026-07-04T05:11:19.274205,2026-07-04T05:11:19.281216+00:00,148.2,11,ask,EarnestEspressos,Xuanyu Liu,6602356
2026-07-04T05:11:20.566275,2026-07-04T05:11:20.577658+00:00,148.4,40,bid,CostlyCorianders,DiligentDonuts,6602367
2026-07-04T05:11:20.755764,2026-07-04T05:11:20.767573+00:00,148.2,50,ask,EarnestEspressos,FlawlessFlatbreads,6602372
2026-07-04T05:11:22.876266,2026-07-04T05:11:22.883899+00:00,148.1,10,ask,Richard Zhang,FlawlessFlatbreads,6602402
2026-07-04T05:11:22.876266,2026-07-04T05:11:22.888865+00:00,148.0,40,ask,EarnestEspressos,FlawlessFlatbreads,6602403
2026-07-04T05:11:24.599185,2026-07-04T05:11:24.610502+00:00,148.0,45,ask,EarnestEspressos,CostlyCorianders,6602430
2026-07-04T05:11:24.987395,2026-07-04T05:11:24.998778+00:00,148.1,10,ask,Richard Zhang,FlawlessFlatbreads,6602442
2026-07-04T05:11:24.987395,2026-07-04T05:11:24.998778+00:00,148.0,40,ask,EarnestEspressos,FlawlessFlatbreads,6602443
2026-07-04T05:11:25.633852,2026-07-04T05:11:25.645471+00:00,148.0,100,ask,DiligentDonuts,EarnestEspressos,6602449
2026-07-04T05:11:25.646671,2026-07-04T05:11:25.655672+00:00,148.0,11,bid,Xuanyu Liu,EarnestEspressos,6602450
2026-07-04T05:11:25.836609,2026-07-04T05:11:25.844612+00:00,148.0,34,bid,Xuanyu Liu,EarnestEspressos,6602457
2026-07-04T05:11:25.927069,2026-07-04T05:11:25.949380+00:00,148.0,5,bid,DiligentDonuts,EarnestEspressos,6602463
2026-07-04T05:11:25.939640,2026-07-04T05:11:25.949380+00:00,148.3,34,ask,DiligentDonuts,Xuanyu Liu,6602464
