timestamp,recv_time,price,volume,aggressor_side,buyer,seller,trade_id
2026-07-09T08:00:00.219607,2026-07-09T08:00:00.248700+00:00,123.1,17,ask,EarnestEspressos,YUNSHEN JI,13297443
2026-07-09T08:00:00.500225,2026-07-09T08:00:00.509608+00:00,123.6,44,bid,CostlyCorianders,EarnestEspressos,13297448
2026-07-09T08:00:00.733083,2026-07-09T08:00:00.740752+00:00,123.1,7,ask,EarnestEspressos,YUNSHEN JI,13297458
2026-07-09T08:00:01.248143,2026-07-09T08:00:01.258840+00:00,123.3,28,ask,EarnestEspressos,YUNSHEN JI,13297470
2026-07-09T08:00:03.742071,2026-07-09T08:00:03.749377+00:00,123.8,50,bid,FlawlessFlatbreads,EarnestEspressos,13297509
2026-07-09T08:00:04.288332,2026-07-09T08:00:04.299488+00:00,123.8,30,bid,YUNSHEN JI,DiligentDonuts,13297515
2026-07-09T08:00:04.813103,2026-07-09T08:00:04.823352+00:00,123.6,30,ask,DiligentDonuts,YUNSHEN JI,13297525
2026-07-09T08:00:05.329672,2026-07-09T08:00:05.340841+00:00,123.6,13,ask,DiligentDonuts,YUNSHEN JI,13297532
2026-07-09T08:00:05.796569,2026-07-09T08:00:05.807964+00:00,124.0,3,bid,Xuanyu Liu,EarnestEspressos,13297538
2026-07-09T08:00:05.846472,2026-07-09T08:00:05.854988+00:00,124.0,30,bid,YUNSHEN JI,EarnestEspressos,13297541
2026-07-09T08:00:05.894973,2026-07-09T08:00:05.907087+00:00,124.0,50,bid,FlawlessFlatbreads,EarnestEspressos,13297546
2026-07-09T08:00:06.361960,2026-07-09T08:00:06.373371+00:00,124.0,30,bid,YUNSHEN JI,EarnestEspressos,13297566
2026-07-09T08:00:06.887475,2026-07-09T08:00:06.896935+00:00,123.6,5,ask,DiligentDonuts,YUNSHEN JI,13297571
2026-07-09T08:00:07.165325,2026-07-09T08:00:07.177428+00:00,124.1,100,bid,EarnestEspressos,DiligentDonuts,13297575
2026-07-09T08:00:07.234773,2026-07-09T08:00:07.245179+00:00,124.2,3,ask,EarnestEspressos,Xuanyu Liu,13297576
2026-07-09T08:00:07.401912,2026-07-09T08:00:07.413294+00:00,124.2,30,ask,EarnestEspressos,YUNSHEN JI,13297584
2026-07-09T08:00:07.916506,2026-07-09T08:00:07.928066+00:00,124.2,17,ask,EarnestEspressos,YUNSHEN JI,13297592
2026-07-09T08:00:08.443531,2026-07-09T08:00:08.451442+00:00,124.1,19,ask,DiligentDonuts,YUNSHEN JI,13297605
2026-07-09T08:00:08.964309,2026-07-09T08:00:08.975041+00:00,124.1,5,ask,DiligentDonuts,YUNSHEN JI,13297613
2026-07-09T08:00:09.482448,2026-07-09T08:00:09.489672+00:00,124.1,6,ask,DiligentDonuts,YUNSHEN JI,13297623
2026-07-09T08:00:10.139807,2026-07-09T08:00:10.146808+00:00,124.6,50,bid,FlawlessFlatbreads,DiligentDonuts,13297643
2026-07-09T08:00:11.050595,2026-07-09T08:00:11.058605+00:00,124.2,1,ask,DiligentDonuts,YUNSHEN JI,13297667
2026-07-09T08:00:11.581728,2026-07-09T08:00:11.592732+00:00,124.2,8,ask,DiligentDonuts,YUNSHEN JI,13297679
2026-07-09T08:00:12.098666,2026-07-09T08:00:12.105817+00:00,124.2,1,ask,DiligentDonuts,YUNSHEN JI,13297684
2026-07-09T08:00:12.248185,2026-07-09T08:00:12.258560+00:00,124.3,50,bid,FlawlessFlatbreads,EarnestEspressos,13297687
2026-07-09T08:00:12.615292,2026-07-09T08:00:12.624395+00:00,124.3,30,bid,YUNSHEN JI,EarnestEspressos,13297699
2026-07-09T08:00:13.129574,2026-07-09T08:00:13.139136+00:00,124.2,12,ask,DiligentDonuts,YUNSHEN JI,13297707
2026-07-09T08:00:13.645017,2026-07-09T08:00:13.658630+00:00,124.2,1,ask,DiligentDonuts,YUNSHEN JI,13297713
2026-07-09T08:00:14.164345,2026-07-09T08:00:14.175366+00:00,124.2,7,ask,EarnestEspressos,YUNSHEN JI,13297731
2026-07-09T08:00:14.390149,2026-07-09T08:00:14.402845+00:00,124.7,50,bid,FlawlessFlatbreads,EarnestEspressos,13297732
2026-07-09T08:00:14.677317,2026-07-09T08:00:14.684328+00:00,124.2,1,ask,EarnestEspressos,YUNSHEN JI,13297738
2026-07-09T08:00:15.982517,2026-07-09T08:00:15.989445+00:00,124.2,48,ask,EarnestEspressos,CostlyCorianders,13297762
2026-07-09T08:00:16.499735,2026-07-09T08:00:16.510016+00:00,124.7,50,bid,FlawlessFlatbreads,EarnestEspressos,13297767
2026-07-09T08:00:16.703036,2026-07-09T08:00:16.713859+00:00,124.2,8,ask,DiligentDonuts,YUNSHEN JI,13297777
2026-07-09T08:00:17.756880,2026-07-09T08:00:17.773958+00:00,124.1,48,ask,EarnestEspressos,CostlyCorianders,13297795
2026-07-09T08:00:18.312076,2026-07-09T08:00:18.320590+00:00,124.5,44,bid,CostlyCorianders,DiligentDonuts,13297806
2026-07-09T08:00:18.658678,2026-07-09T08:00:18.670966+00:00,124.1,50,ask,EarnestEspressos,FlawlessFlatbreads,13297809
2026-07-09T08:00:21.265239,2026-07-09T08:00:21.273017+00:00,124.3,1,ask,DiligentDonuts,YUNSHEN JI,13297861
2026-07-09T08:00:21.784594,2026-07-09T08:00:21.794766+00:00,124.3,1,ask,DiligentDonuts,YUNSHEN JI,13297869
2026-07-09T08:00:22.819655,2026-07-09T08:00:22.831712+00:00,124.4,50,bid,FlawlessFlatbreads,EarnestEspressos,13297881
2026-07-09T08:00:24.979899,2026-07-09T08:00:24.990584+00:00,124.3,50,ask,DiligentDonuts,FlawlessFlatbreads,13297915
2026-07-09T08:00:25.854063,2026-07-09T08:00:25.858562+00:00,124.3,8,ask,DiligentDonuts,YUNSHEN JI,13297930
2026-07-09T08:00:26.369497,2026-07-09T08:00:26.380210+00:00,124.3,1,ask,DiligentDonuts,YUNSHEN JI,13297934
2026-07-09T08:00:27.088701,2026-07-09T08:00:27.098129+00:00,124.0,50,ask,EarnestEspressos,FlawlessFlatbreads,13297945
2026-07-09T08:00:29.197215,2026-07-09T08:00:29.209419+00:00,124.0,50,ask,EarnestEspressos,FlawlessFlatbreads,13297974
2026-07-09T08:00:29.397943,2026-07-09T08:00:29.407391+00:00,124.0,100,ask,DiligentDonuts,EarnestEspressos,13297976
2026-07-09T08:00:29.414209,2026-07-09T08:00:29.423093+00:00,124.0,14,bid,YUNSHEN JI,EarnestEspressos,13297979
2026-07-09T08:00:29.929865,2026-07-09T08:00:29.938266+00:00,124.0,1,bid,YUNSHEN JI,EarnestEspressos,13297997
2026-07-09T08:00:30.443134,2026-07-09T08:00:30.451529+00:00,124.0,30,bid,YUNSHEN JI,EarnestEspressos,13298001
2026-07-09T08:00:30.515265,2026-07-09T08:00:30.525160+00:00,124.0,3,bid,Xuanyu Liu,EarnestEspressos,13298004
2026-07-09T08:00:30.781295,2026-07-09T08:00:30.792730+00:00,124.0,2,bid,Xuanyu Liu,EarnestEspressos,13298009
2026-07-09T08:00:30.959377,2026-07-09T08:00:30.968964+00:00,124.2,30,bid,YUNSHEN JI,DiligentDonuts,13298013
2026-07-09T08:00:31.018398,2026-07-09T08:00:31.031006+00:00,124.2,41,bid,CostlyCorianders,DiligentDonuts,13298015
2026-07-09T08:00:31.305686,2026-07-09T08:00:31.317727+00:00,123.7,50,ask,DiligentDonuts,FlawlessFlatbreads,13298018
2026-07-09T08:00:31.474884,2026-07-09T08:00:31.485991+00:00,124.2,29,bid,YUNSHEN JI,DiligentDonuts,13298022
2026-07-09T08:00:32.576114,2026-07-09T08:00:32.588377+00:00,124.3,5,ask,EarnestEspressos,Xuanyu Liu,13298054
2026-07-09T08:00:33.004210,2026-07-09T08:00:33.011010+00:00,124.3,30,ask,EarnestEspressos,YUNSHEN JI,13298061
2026-07-09T08:00:33.414289,2026-07-09T08:00:33.425398+00:00,124.3,50,ask,EarnestEspressos,FlawlessFlatbreads,13298065
2026-07-09T08:00:33.556841,2026-07-09T08:00:33.564438+00:00,124.3,30,ask,EarnestEspressos,YUNSHEN JI,13298067
2026-07-09T08:00:34.072661,2026-07-09T08:00:34.083994+00:00,124.3,30,ask,EarnestEspressos,YUNSHEN JI,13298077
2026-07-09T08:00:34.132038,2026-07-09T08:00:34.139998+00:00,124.3,5,ask,EarnestEspressos,CostlyCorianders,13298079
2026-07-09T08:00:34.132038,2026-07-09T08:00:34.145262+00:00,124.0,40,ask,DiligentDonuts,CostlyCorianders,13298080
2026-07-09T08:00:35.521427,2026-07-09T08:00:35.533180+00:00,124.0,50,ask,DiligentDonuts,FlawlessFlatbreads,13298093
2026-07-09T08:00:36.602425,2026-07-09T08:00:36.609159+00:00,124.3,30,bid,YUNSHEN JI,DiligentDonuts,13298118
2026-07-09T08:00:37.116665,2026-07-09T08:00:37.128106+00:00,124.3,30,bid,YUNSHEN JI,DiligentDonuts,13298123
2026-07-09T08:00:37.636898,2026-07-09T08:00:37.648202+00:00,123.9,50,ask,EarnestEspressos,FlawlessFlatbreads,13298127
2026-07-09T08:00:37.648391,2026-07-09T08:00:37.653225+00:00,123.9,5,ask,EarnestEspressos,YUNSHEN JI,13298129
2026-07-09T08:00:38.165370,2026-07-09T08:00:38.174199+00:00,123.9,1,ask,EarnestEspressos,YUNSHEN JI,13298134
2026-07-09T08:00:38.896447,2026-07-09T08:00:38.906468+00:00,124.0,3,bid,Xuanyu Liu,EarnestEspressos,13298148
2026-07-09T08:00:39.189633,2026-07-09T08:00:39.200973+00:00,124.0,30,bid,YUNSHEN JI,EarnestEspressos,13298157
2026-07-09T08:00:39.704415,2026-07-09T08:00:39.715426+00:00,123.8,29,ask,DiligentDonuts,YUNSHEN JI,13298162
2026-07-09T08:00:39.744617,2026-07-09T08:00:39.758601+00:00,123.8,50,ask,DiligentDonuts,FlawlessFlatbreads,13298163
2026-07-09T08:00:39.992539,2026-07-09T08:00:40.002432+00:00,124.0,11,bid,Xuanyu Liu,EarnestEspressos,13298169
2026-07-09T08:00:40.219939,2026-07-09T08:00:40.230900+00:00,124.0,30,bid,YUNSHEN JI,EarnestEspressos,13298177
2026-07-09T08:00:40.737386,2026-07-09T08:00:40.747186+00:00,123.8,17,ask,DiligentDonuts,YUNSHEN JI,13298183
2026-07-09T08:00:40.902470,2026-07-09T08:00:40.909868+00:00,124.0,43,bid,CostlyCorianders,EarnestEspressos,13298186
2026-07-09T08:00:41.257023,2026-07-09T08:00:41.268787+00:00,123.8,1,ask,DiligentDonuts,YUNSHEN JI,13298195
2026-07-09T08:00:41.786347,2026-07-09T08:00:41.793480+00:00,124.0,30,bid,YUNSHEN JI,EarnestEspressos,13298210
2026-07-09T08:00:41.853878,2026-07-09T08:00:41.866222+00:00,123.8,3,ask,DiligentDonuts,FlawlessFlatbreads,13298211
2026-07-09T08:00:41.853878,2026-07-09T08:00:41.866222+00:00,123.5,47,ask,EarnestEspressos,FlawlessFlatbreads,13298212
2026-07-09T08:00:42.302212,2026-07-09T08:00:42.312676+00:00,124.0,30,ask,EarnestEspressos,YUNSHEN JI,13298216
2026-07-09T08:00:42.499791,2026-07-09T08:00:42.509771+00:00,124.0,46,ask,EarnestEspressos,CostlyCorianders,13298219
2026-07-09T08:00:42.671919,2026-07-09T08:00:42.685574+00:00,124.1,12,bid,Xuanyu Liu,DiligentDonuts,13298224
2026-07-09T08:00:42.820031,2026-07-09T08:00:42.833135+00:00,124.1,30,bid,YUNSHEN JI,DiligentDonuts,13298228
2026-07-09T08:00:43.078964,2026-07-09T08:00:43.090669+00:00,124.1,44,bid,CostlyCorianders,DiligentDonuts,13298235
2026-07-09T08:00:43.335174,2026-07-09T08:00:43.344516+00:00,124.0,21,ask,EarnestEspressos,YUNSHEN JI,13298246
2026-07-09T08:00:43.721533,2026-07-09T08:00:43.768722+00:00,124.1,14,bid,CostlyCorianders,DiligentDonuts,13298252
2026-07-09T08:00:43.721533,2026-07-09T08:00:43.768722+00:00,124.5,32,bid,CostlyCorianders,EarnestEspressos,13298253
2026-07-09T08:00:43.851161,2026-07-09T08:00:43.870258+00:00,124.0,1,ask,EarnestEspressos,YUNSHEN JI,13298256
2026-07-09T08:00:43.964556,2026-07-09T08:00:43.976487+00:00,124.0,50,ask,EarnestEspressos,FlawlessFlatbreads,13298259
2026-07-09T08:00:44.204006,2026-07-09T08:00:44.221034+00:00,124.0,2,ask,EarnestEspressos,CostlyCorianders,13298269
2026-07-09T08:00:44.204006,2026-07-09T08:00:44.221034+00:00,123.6,46,ask,DiligentDonuts,CostlyCorianders,13298270
2026-07-09T08:00:45.373592,2026-07-09T08:00:45.382962+00:00,124.1,29,bid,YUNSHEN JI,EarnestEspressos,13298289
2026-07-09T08:00:45.891277,2026-07-09T08:00:45.899997+00:00,123.9,30,ask,DiligentDonuts,YUNSHEN JI,13298303
2026-07-09T08:00:46.077534,2026-07-09T08:00:46.085205+00:00,123.9,50,ask,DiligentDonuts,FlawlessFlatbreads,13298308
2026-07-09T08:00:46.407174,2026-07-09T08:00:46.417563+00:00,123.9,5,ask,DiligentDonuts,YUNSHEN JI,13298321
2026-07-09T08:00:46.922281,2026-07-09T08:00:46.933636+00:00,124.1,30,bid,YUNSHEN JI,EarnestEspressos,13298330
2026-07-09T08:00:47.485142,2026-07-09T08:00:47.495244+00:00,123.9,15,ask,DiligentDonuts,YUNSHEN JI,13298337
2026-07-09T08:00:48.002465,2026-07-09T08:00:48.011971+00:00,124.1,20,bid,YUNSHEN JI,EarnestEspressos,13298352
2026-07-09T08:00:48.132410,2026-07-09T08:00:48.144286+00:00,124.1,50,bid,FlawlessFlatbreads,EarnestEspressos,13298356
2026-07-09T08:00:48.517720,2026-07-09T08:00:48.528218+00:00,124.2,30,ask,EarnestEspressos,YUNSHEN JI,13298361
2026-07-09T08:00:49.031897,2026-07-09T08:00:49.038768+00:00,124.2,19,ask,EarnestEspressos,YUNSHEN JI,13298375
2026-07-09T08:00:49.551192,2026-07-09T08:00:49.562394+00:00,124.3,30,bid,YUNSHEN JI,DiligentDonuts,13298396
2026-07-09T08:00:50.071159,2026-07-09T08:00:50.079860+00:00,124.3,19,bid,YUNSHEN JI,DiligentDonuts,13298407
2026-07-09T08:00:50.239409,2026-07-09T08:00:50.251461+00:00,124.3,50,bid,FlawlessFlatbreads,DiligentDonuts,13298410
2026-07-09T08:00:50.522291,2026-07-09T08:00:50.533639+00:00,124.3,1,bid,Xuanyu Liu,DiligentDonuts,13298417
2026-07-09T08:00:50.692769,2026-07-09T08:00:50.701338+00:00,124.7,41,bid,CostlyCorianders,EarnestEspressos,13298424
2026-07-09T08:00:50.747909,2026-07-09T08:00:50.752561+00:00,124.2,43,ask,EarnestEspressos,CostlyCorianders,13298425
2026-07-09T08:00:51.623094,2026-07-09T08:00:51.634890+00:00,124.4,11,ask,EarnestEspressos,YUNSHEN JI,13298437
2026-07-09T08:00:51.853379,2026-07-09T08:00:51.864194+00:00,124.4,1,ask,EarnestEspressos,Xuanyu Liu,13298446
2026-07-09T08:00:52.144548,2026-07-09T08:00:52.152777+00:00,124.4,30,ask,EarnestEspressos,YUNSHEN JI,13298451
2026-07-09T08:00:52.347373,2026-07-09T08:00:52.358599+00:00,124.6,50,bid,FlawlessFlatbreads,DiligentDonuts,13298454
2026-07-09T08:00:52.667686,2026-07-09T08:00:52.675430+00:00,124.4,9,ask,EarnestEspressos,YUNSHEN JI,13298464
2026-07-09T08:00:53.192567,2026-07-09T08:00:53.200985+00:00,124.4,2,ask,EarnestEspressos,YUNSHEN JI,13298478
2026-07-09T08:00:53.360817,2026-07-09T08:00:53.372894+00:00,124.4,49,ask,EarnestEspressos,CostlyCorianders,13298481
2026-07-09T08:00:53.737514,2026-07-09T08:00:53.744579+00:00,124.4,2,ask,EarnestEspressos,YUNSHEN JI,13298490
2026-07-09T08:00:54.260418,2026-07-09T08:00:54.269000+00:00,124.4,2,ask,EarnestEspressos,YUNSHEN JI,13298497
2026-07-09T08:00:54.454342,2026-07-09T08:00:54.466765+00:00,124.6,50,bid,FlawlessFlatbreads,DiligentDonuts,13298501
2026-07-09T08:00:54.488867,2026-07-09T08:00:54.498832+00:00,124.4,12,ask,EarnestEspressos,Xuanyu Liu,13298506
2026-07-09T08:00:54.762543,2026-07-09T08:00:54.774730+00:00,124.1,100,ask,DiligentDonuts,EarnestEspressos,13298515
2026-07-09T08:00:54.793028,2026-07-09T08:00:54.807584+00:00,124.1,12,bid,Xuanyu Liu,EarnestEspressos,13298517
2026-07-09T08:00:54.806872,2026-07-09T08:00:54.823322+00:00,124.1,30,bid,YUNSHEN JI,EarnestEspressos,13298520
2026-07-09T08:00:55.362453,2026-07-09T08:00:55.374756+00:00,124.1,8,bid,YUNSHEN JI,EarnestEspressos,13298543
2026-07-09T08:00:55.368144,2026-07-09T08:00:55.379770+00:00,124.5,2,bid,YUNSHEN JI,DiligentDonuts,13298544
2026-07-09T08:00:55.887849,2026-07-09T08:00:55.896391+00:00,124.0,4,ask,DiligentDonuts,YUNSHEN JI,13298558
2026-07-09T08:00:55.892515,2026-07-09T08:00:55.901723+00:00,124.5,2,bid,YUNSHEN JI,DiligentDonuts,13298559
2026-07-09T08:00:56.408820,2026-07-09T08:00:56.419303+00:00,124.0,2,ask,DiligentDonuts,YUNSHEN JI,13298563
2026-07-09T08:00:56.419132,2026-07-09T08:00:56.429893+00:00,124.5,2,bid,YUNSHEN JI,DiligentDonuts,13298565
2026-07-09T08:00:56.566164,2026-07-09T08:00:56.577251+00:00,124.5,50,bid,FlawlessFlatbreads,DiligentDonuts,13298568
2026-07-09T08:00:56.770455,2026-07-09T08:00:56.777485+00:00,124.5,42,bid,CostlyCorianders,DiligentDonuts,13298571
2026-07-09T08:00:56.935797,2026-07-09T08:00:56.944997+00:00,124.0,2,ask,DiligentDonuts,YUNSHEN JI,13298574
2026-07-09T08:00:56.941374,2026-07-09T08:00:56.950261+00:00,124.5,2,bid,YUNSHEN JI,DiligentDonuts,13298575
2026-07-09T08:00:57.962756,2026-07-09T08:00:57.974593+00:00,124.3,30,ask,EarnestEspressos,YUNSHEN JI,13298593
2026-07-09T08:00:57.971629,2026-07-09T08:00:57.979839+00:00,124.8,2,bid,YUNSHEN JI,EarnestEspressos,13298595
2026-07-09T08:00:58.430612,2026-07-09T08:00:58.440715+00:00,124.5,12,ask,DiligentDonuts,Xuanyu Liu,13298604
2026-07-09T08:00:58.498233,2026-07-09T08:00:58.508165+00:00,124.5,30,ask,DiligentDonuts,YUNSHEN JI,13298610
2026-07-09T08:00:58.502913,2026-07-09T08:00:58.513513+00:00,124.8,2,bid,YUNSHEN JI,EarnestEspressos,13298611
2026-07-09T08:00:58.680305,2026-07-09T08:00:58.689998+00:00,124.8,50,bid,FlawlessFlatbreads,EarnestEspressos,13298619
2026-07-09T08:00:59.028478,2026-07-09T08:00:59.040523+00:00,124.5,2,ask,DiligentDonuts,YUNSHEN JI,13298626
2026-07-09T08:00:59.034401,2026-07-09T08:00:59.045564+00:00,124.8,2,bid,YUNSHEN JI,EarnestEspressos,13298627
2026-07-09T08:00:59.577372,2026-07-09T08:00:59.585518+00:00,124.5,2,ask,DiligentDonuts,YUNSHEN JI,13298634
2026-07-09T08:00:59.581867,2026-07-09T08:00:59.590834+00:00,124.8,1,bid,YUNSHEN JI,EarnestEspressos,13298635
2026-07-09T08:01:00.097492,2026-07-09T08:01:00.106933+00:00,124.8,30,bid,YUNSHEN JI,EarnestEspressos,13298644
2026-07-09T08:01:00.416691,2026-07-09T08:01:00.426665+00:00,124.5,48,ask,DiligentDonuts,CostlyCorianders,13298647
2026-07-09T08:01:00.610731,2026-07-09T08:01:00.617878+00:00,124.5,6,ask,DiligentDonuts,YUNSHEN JI,13298651
2026-07-09T08:01:00.811741,2026-07-09T08:01:00.822872+00:00,124.8,50,bid,FlawlessFlatbreads,EarnestEspressos,13298656
2026-07-09T08:01:01.044757,2026-07-09T08:01:01.055073+00:00,124.9,14,ask,EarnestEspressos,Xuanyu Liu,13298659
2026-07-09T08:01:01.640050,2026-07-09T08:01:01.658617+00:00,124.9,100,ask,EarnestEspressos,DiligentDonuts,13298671
2026-07-09T08:01:05.029747,2026-07-09T08:01:05.049138+00:00,125.0,50,bid,FlawlessFlatbreads,EarnestEspressos,13298720
2026-07-09T08:01:05.549347,2026-07-09T08:01:05.558546+00:00,125.0,44,bid,CostlyCorianders,EarnestEspressos,13298734
2026-07-09T08:01:07.245025,2026-07-09T08:01:07.258583+00:00,125.0,48,bid,CostlyCorianders,EarnestEspressos,13298764
2026-07-09T08:01:07.300242,2026-07-09T08:01:07.307233+00:00,124.6,46,ask,DiligentDonuts,CostlyCorianders,13298765
2026-07-09T08:01:07.368990,2026-07-09T08:01:07.377541+00:00,125.1,100,bid,EarnestEspressos,DiligentDonuts,13298767
2026-07-09T08:01:09.329220,2026-07-09T08:01:09.336696+00:00,125.2,50,ask,EarnestEspressos,FlawlessFlatbreads,13298798
2026-07-09T08:01:09.504732,2026-07-09T08:01:09.517228+00:00,124.9,40,ask,DiligentDonuts,CostlyCorianders,13298801
2026-07-09T08:01:13.210599,2026-07-09T08:01:13.220929+00:00,124.9,41,ask,DiligentDonuts,CostlyCorianders,13298862
2026-07-09T08:01:13.538549,2026-07-09T08:01:13.546167+00:00,124.9,50,ask,DiligentDonuts,FlawlessFlatbreads,13298869
2026-07-09T08:01:13.847403,2026-07-09T08:01:13.859261+00:00,125.1,49,bid,CostlyCorianders,EarnestEspressos,13298871
2026-07-09T08:01:15.598913,2026-07-09T08:01:15.610940+00:00,125.1,50,bid,FlawlessFlatbreads,EarnestEspressos,13298899
2026-07-09T08:01:17.466125,2026-07-09T08:01:17.478274+00:00,125.0,100,ask,EarnestEspressos,DiligentDonuts,13298926
2026-07-09T08:01:18.256794,2026-07-09T08:01:18.264349+00:00,125.0,45,ask,EarnestEspressos,CostlyCorianders,13298948
2026-07-09T08:01:19.825535,2026-07-09T08:01:19.833259+00:00,125.5,50,bid,FlawlessFlatbreads,EarnestEspressos,13298972
2026-07-09T08:01:21.998153,2026-07-09T08:01:22.014808+00:00,124.7,50,ask,DiligentDonuts,FlawlessFlatbreads,13298996
2026-07-09T08:01:23.607990,2026-07-09T08:01:23.615900+00:00,124.9,49,bid,CostlyCorianders,EarnestEspressos,13299027
2026-07-09T08:01:24.104505,2026-07-09T08:01:24.116369+00:00,124.5,50,ask,DiligentDonuts,FlawlessFlatbreads,13299032
2026-07-09T08:01:24.314141,2026-07-09T08:01:24.326088+00:00,124.9,48,bid,CostlyCorianders,EarnestEspressos,13299035
2026-07-09T08:01:25.285227,2026-07-09T08:01:25.295662+00:00,124.5,45,ask,DiligentDonuts,CostlyCorianders,13299052
2026-07-09T08:01:26.161222,2026-07-09T08:01:26.173533+00:00,124.9,50,bid,FlawlessFlatbreads,EarnestEspressos,13299064
2026-07-09T08:01:26.385342,2026-07-09T08:01:26.396390+00:00,125.0,100,bid,EarnestEspressos,DiligentDonuts,13299065
2026-07-09T08:01:26.962258,2026-07-09T08:01:26.970031+00:00,125.2,50,ask,EarnestEspressos,DiligentDonuts,13299072
2026-07-09T08:01:26.980372,2026-07-09T08:01:26.992222+00:00,125.2,44,bid,CostlyCorianders,DiligentDonuts,13299073
2026-07-09T08:01:28.309720,2026-07-09T08:01:28.321731+00:00,125.2,6,bid,FlawlessFlatbreads,DiligentDonuts,13299097
2026-07-09T08:01:28.309720,2026-07-09T08:01:28.321731+00:00,125.7,44,bid,FlawlessFlatbreads,EarnestEspressos,13299098
2026-07-09T08:01:30.420304,2026-07-09T08:01:30.432222+00:00,125.3,50,bid,FlawlessFlatbreads,EarnestEspressos,13299137
2026-07-09T08:01:32.233553,2026-07-09T08:01:32.240055+00:00,125.0,47,ask,DiligentDonuts,CostlyCorianders,13299159
2026-07-09T08:01:32.534406,2026-07-09T08:01:32.543980+00:00,125.3,50,bid,FlawlessFlatbreads,EarnestEspressos,13299161
2026-07-09T08:01:32.804400,2026-07-09T08:01:32.815746+00:00,125.2,40,ask,EarnestEspressos,CostlyCorianders,13299171
2026-07-09T08:01:33.267848,2026-07-09T08:01:33.281668+00:00,125.7,40,bid,CostlyCorianders,EarnestEspressos,13299177
2026-07-09T08:01:33.586497,2026-07-09T08:01:33.602130+00:00,125.2,20,ask,EarnestEspressos,Heero Sipayung,13299183
2026-07-09T08:01:33.591436,2026-07-09T08:01:33.602130+00:00,125.2,3,ask,EarnestEspressos,Xuanyu Liu,13299184
2026-07-09T08:01:33.650325,2026-07-09T08:01:33.655195+00:00,125.2,20,ask,EarnestEspressos,Heero Sipayung,13299187
2026-07-09T08:01:33.677536,2026-07-09T08:01:33.687495+00:00,125.2,20,ask,EarnestEspressos,Heero Sipayung,13299190
2026-07-09T08:01:33.701280,2026-07-09T08:01:33.712950+00:00,125.2,20,ask,EarnestEspressos,Heero Sipayung,13299192
2026-07-09T08:01:33.745101,2026-07-09T08:01:33.754367+00:00,125.2,20,ask,EarnestEspressos,Heero Sipayung,13299194
2026-07-09T08:01:33.770913,2026-07-09T08:01:33.782885+00:00,125.2,7,ask,EarnestEspressos,Heero Sipayung,13299196
2026-07-09T08:01:36.305624,2026-07-09T08:01:36.318163+00:00,125.1,45,bid,CostlyCorianders,EarnestEspressos,13299232
2026-07-09T08:01:36.675725,2026-07-09T08:01:36.686639+00:00,125.1,3,bid,Xuanyu Liu,EarnestEspressos,13299239
2026-07-09T08:01:37.299705,2026-07-09T08:01:37.311789+00:00,124.7,42,ask,DiligentDonuts,CostlyCorianders,13299255
2026-07-09T08:01:40.945831,2026-07-09T08:01:40.958565+00:00,125.2,40,bid,CostlyCorianders,DiligentDonuts,13299305
2026-07-09T08:01:40.980225,2026-07-09T08:01:40.992112+00:00,125.2,50,bid,FlawlessFlatbreads,DiligentDonuts,13299306
2026-07-09T08:01:41.004491,2026-07-09T08:01:41.012285+00:00,124.9,45,ask,EarnestEspressos,CostlyCorianders,13299307
2026-07-09T08:01:41.978540,2026-07-09T08:01:41.988179+00:00,125.2,10,bid,CostlyCorianders,DiligentDonuts,13299332
2026-07-09T08:01:41.978540,2026-07-09T08:01:41.993445+00:00,125.4,36,bid,CostlyCorianders,EarnestEspressos,13299333
2026-07-09T08:01:42.066121,2026-07-09T08:01:42.074754+00:00,125.4,20,bid,Heero Sipayung,EarnestEspressos,13299338
2026-07-09T08:01:43.140077,2026-07-09T08:01:43.150578+00:00,125.3,50,ask,DiligentDonuts,FlawlessFlatbreads,13299347
2026-07-09T08:01:45.247030,2026-07-09T08:01:45.253951+00:00,125.3,50,ask,DiligentDonuts,FlawlessFlatbreads,13299373
2026-07-09T08:01:49.409158,2026-07-09T08:01:49.421102+00:00,125.4,50,bid,FlawlessFlatbreads,DiligentDonuts,13299450
2026-07-09T08:01:51.570601,2026-07-09T08:01:51.582524+00:00,125.1,50,ask,EarnestEspressos,FlawlessFlatbreads,13299494
2026-07-09T08:01:53.679705,2026-07-09T08:01:53.691544+00:00,124.8,50,ask,DiligentDonuts,FlawlessFlatbreads,13299512
2026-07-09T08:01:55.787376,2026-07-09T08:01:55.797828+00:00,124.8,50,ask,EarnestEspressos,FlawlessFlatbreads,13299550
2026-07-09T08:01:57.896202,2026-07-09T08:01:57.908249+00:00,124.8,50,ask,EarnestEspressos,FlawlessFlatbreads,13299579
2026-07-09T08:01:58.183664,2026-07-09T08:01:58.193478+00:00,124.9,20,bid,Heero Sipayung,EarnestEspressos,13299588
2026-07-09T08:01:58.214812,2026-07-09T08:01:58.222252+00:00,124.9,20,bid,Heero Sipayung,EarnestEspressos,13299590
2026-07-09T08:01:58.249701,2026-07-09T08:01:58.253397+00:00,124.9,20,bid,Heero Sipayung,EarnestEspressos,13299592
2026-07-09T08:01:58.278117,2026-07-09T08:01:58.288706+00:00,124.9,20,bid,Heero Sipayung,EarnestEspressos,13299594
2026-07-09T08:01:58.347578,2026-07-09T08:01:58.354144+00:00,124.9,7,bid,Heero Sipayung,EarnestEspressos,13299597
2026-07-09T08:01:59.075583,2026-07-09T08:01:59.086609+00:00,124.9,3,bid,Xuanyu Liu,EarnestEspressos,13299611
2026-07-09T08:01:59.280848,2026-07-09T08:01:59.292891+00:00,124.9,49,bid,CostlyCorianders,EarnestEspressos,13299613
2026-07-09T08:02:00.004943,2026-07-09T08:02:00.016765+00:00,124.7,50,ask,DiligentDonuts,FlawlessFlatbreads,13299620
2026-07-09T08:02:00.446830,2026-07-09T08:02:00.458556+00:00,124.7,47,ask,DiligentDonuts,CostlyCorianders,13299630
2026-07-09T08:02:00.976101,2026-07-09T08:02:00.988186+00:00,124.9,11,bid,CostlyCorianders,EarnestEspressos,13299638
2026-07-09T08:02:01.237509,2026-07-09T08:02:01.248712+00:00,125.1,3,ask,EarnestEspressos,Xuanyu Liu,13299640
2026-07-09T08:02:01.775870,2026-07-09T08:02:01.785982+00:00,125.1,100,ask,EarnestEspressos,DiligentDonuts,13299651
2026-07-09T08:02:02.028447,2026-07-09T08:02:02.040663+00:00,125.1,47,ask,EarnestEspressos,CostlyCorianders,13299657
2026-07-09T08:02:02.114354,2026-07-09T08:02:02.122055+00:00,124.5,50,ask,DiligentDonuts,FlawlessFlatbreads,13299658
2026-07-09T08:02:04.224863,2026-07-09T08:02:04.236776+00:00,124.5,50,ask,DiligentDonuts,FlawlessFlatbreads,13299690
2026-07-09T08:02:05.659622,2026-07-09T08:02:05.671021+00:00,125.1,14,bid,Xuanyu Liu,EarnestEspressos,13299715
2026-07-09T08:02:06.281326,2026-07-09T08:02:06.293023+00:00,125.1,50,bid,FlawlessFlatbreads,EarnestEspressos,13299720
2026-07-09T08:02:07.102656,2026-07-09T08:02:07.114574+00:00,125.1,48,bid,CostlyCorianders,EarnestEspressos,13299738
2026-07-09T08:02:07.547966,2026-07-09T08:02:07.558582+00:00,125.2,100,bid,EarnestEspressos,DiligentDonuts,13299740
2026-07-09T08:02:08.393218,2026-07-09T08:02:08.400971+00:00,125.7,50,bid,FlawlessFlatbreads,EarnestEspressos,13299750
2026-07-09T08:02:09.126766,2026-07-09T08:02:09.134157+00:00,125.2,47,ask,EarnestEspressos,CostlyCorianders,13299756
2026-07-09T08:02:10.552355,2026-07-09T08:02:10.564336+00:00,125.2,3,ask,EarnestEspressos,FlawlessFlatbreads,13299778
2026-07-09T08:02:10.552355,2026-07-09T08:02:10.564336+00:00,125.2,47,ask,DiligentDonuts,FlawlessFlatbreads,13299779
2026-07-09T08:02:11.142020,2026-07-09T08:02:11.152436+00:00,125.2,11,ask,DiligentDonuts,Xuanyu Liu,13299789
2026-07-09T08:02:12.611031,2026-07-09T08:02:12.623207+00:00,125.3,50,bid,FlawlessFlatbreads,EarnestEspressos,13299814
2026-07-09T08:02:15.420839,2026-07-09T08:02:15.429985+00:00,125.6,30,bid,YUNSHEN JI,EarnestEspressos,13299859
2026-07-09T08:02:15.970780,2026-07-09T08:02:15.981997+00:00,125.6,21,bid,YUNSHEN JI,EarnestEspressos,13299866
2026-07-09T08:02:16.875023,2026-07-09T08:02:16.883795+00:00,125.1,50,ask,EarnestEspressos,FlawlessFlatbreads,13299886
2026-07-09T08:02:16.918158,2026-07-09T08:02:16.929080+00:00,125.6,47,bid,CostlyCorianders,EarnestEspressos,13299887
2026-07-09T08:02:18.856288,2026-07-09T08:02:18.866158+00:00,125.2,3,ask,EarnestEspressos,Xuanyu Liu,13299929
2026-07-09T08:02:18.980139,2026-07-09T08:02:18.992073+00:00,125.2,50,ask,EarnestEspressos,FlawlessFlatbreads,13299934
2026-07-09T08:02:20.821704,2026-07-09T08:02:20.831885+00:00,125.2,3,bid,Xuanyu Liu,EarnestEspressos,13299964
2026-07-09T08:02:21.087319,2026-07-09T08:02:21.099132+00:00,124.9,50,ask,DiligentDonuts,FlawlessFlatbreads,13299975
2026-07-09T08:02:21.097173,2026-07-09T08:02:21.104602+00:00,124.9,46,ask,DiligentDonuts,CostlyCorianders,13299976
2026-07-09T08:02:21.680256,2026-07-09T08:02:21.689047+00:00,125.2,42,bid,CostlyCorianders,EarnestEspressos,13299985
2026-07-09T08:02:22.290254,2026-07-09T08:02:22.302773+00:00,124.9,4,ask,DiligentDonuts,CostlyCorianders,13299996
2026-07-09T08:02:22.290254,2026-07-09T08:02:22.302773+00:00,124.7,45,ask,EarnestEspressos,CostlyCorianders,13299997
2026-07-09T08:02:23.211236,2026-07-09T08:02:23.222296+00:00,124.7,50,ask,EarnestEspressos,FlawlessFlatbreads,13300018
2026-07-09T08:02:23.347315,2026-07-09T08:02:23.359175+00:00,125.4,49,bid,CostlyCorianders,DiligentDonuts,13300020
2026-07-09T08:02:25.318213,2026-07-09T08:02:25.330279+00:00,124.8,50,ask,EarnestEspressos,FlawlessFlatbreads,13300044
2026-07-09T08:02:26.597480,2026-07-09T08:02:26.607576+00:00,125.0,11,bid,Xuanyu Liu,EarnestEspressos,13300068
2026-07-09T08:02:27.445694,2026-07-09T08:02:27.452275+00:00,124.6,50,ask,DiligentDonuts,FlawlessFlatbreads,13300081
2026-07-09T08:02:29.553903,2026-07-09T08:02:29.563696+00:00,124.6,50,ask,DiligentDonuts,FlawlessFlatbreads,13300124
2026-07-09T08:02:30.290700,2026-07-09T08:02:30.304392+00:00,124.6,12,bid,Xuanyu Liu,DiligentDonuts,13300134
2026-07-09T08:02:30.706720,2026-07-09T08:02:30.717908+00:00,124.6,11,bid,Xuanyu Liu,DiligentDonuts,13300145
2026-07-09T08:02:31.712994,2026-07-09T08:02:31.724869+00:00,124.6,12,bid,Xuanyu Liu,DiligentDonuts,13300157
2026-07-09T08:02:32.692862,2026-07-09T08:02:32.700108+00:00,124.6,49,bid,CostlyCorianders,DiligentDonuts,13300174
2026-07-09T08:02:33.766756,2026-07-09T08:02:33.778730+00:00,124.6,50,ask,DiligentDonuts,FlawlessFlatbreads,13300186
2026-07-09T08:02:34.296470,2026-07-09T08:02:34.308691+00:00,124.6,44,ask,DiligentDonuts,CostlyCorianders,13300196
2026-07-09T08:02:35.453012,2026-07-09T08:02:35.465009+00:00,124.9,43,bid,CostlyCorianders,EarnestEspressos,13300221
2026-07-09T08:02:35.879341,2026-07-09T08:02:35.890525+00:00,124.6,6,ask,DiligentDonuts,FlawlessFlatbreads,13300225
2026-07-09T08:02:35.879341,2026-07-09T08:02:35.890525+00:00,124.4,44,ask,EarnestEspressos,FlawlessFlatbreads,13300226
2026-07-09T08:02:36.482708,2026-07-09T08:02:36.491687+00:00,124.5,49,ask,EarnestEspressos,CostlyCorianders,13300238
2026-07-09T08:02:40.715391,2026-07-09T08:02:40.724970+00:00,124.3,42,ask,EarnestEspressos,CostlyCorianders,13300298
2026-07-09T08:02:42.238079,2026-07-09T08:02:42.249798+00:00,124.3,50,ask,EarnestEspressos,FlawlessFlatbreads,13300317
2026-07-09T08:02:42.415998,2026-07-09T08:02:42.426592+00:00,124.3,100,ask,DiligentDonuts,EarnestEspressos,13300320
2026-07-09T08:02:42.427808,2026-07-09T08:02:42.437738+00:00,124.3,22,bid,Xuanyu Liu,EarnestEspressos,13300321
2026-07-09T08:02:42.553525,2026-07-09T08:02:42.564885+00:00,124.3,12,bid,Xuanyu Liu,EarnestEspressos,13300326
2026-07-09T08:02:43.044228,2026-07-09T08:02:43.053772+00:00,124.3,16,bid,CostlyCorianders,EarnestEspressos,13300337
2026-07-09T08:02:43.044228,2026-07-09T08:02:43.053772+00:00,124.5,28,bid,CostlyCorianders,DiligentDonuts,13300338
2026-07-09T08:02:44.371197,2026-07-09T08:02:44.384862+00:00,124.0,50,ask,DiligentDonuts,FlawlessFlatbreads,13300358
2026-07-09T08:02:46.107466,2026-07-09T08:02:46.120137+00:00,124.2,100,ask,EarnestEspressos,DiligentDonuts,13300383
2026-07-09T08:02:46.292353,2026-07-09T08:02:46.302979+00:00,124.2,12,ask,EarnestEspressos,Xuanyu Liu,13300386
2026-07-09T08:02:46.487733,2026-07-09T08:02:46.498346+00:00,124.2,38,ask,EarnestEspressos,FlawlessFlatbreads,13300395
2026-07-09T08:02:46.487733,2026-07-09T08:02:46.498346+00:00,123.7,12,ask,DiligentDonuts,FlawlessFlatbreads,13300396
2026-07-09T08:02:47.611372,2026-07-09T08:02:47.623660+00:00,124.7,40,bid,CostlyCorianders,EarnestEspressos,13300412
2026-07-09T08:02:48.601545,2026-07-09T08:02:48.613547+00:00,123.7,50,ask,DiligentDonuts,FlawlessFlatbreads,13300431
2026-07-09T08:02:50.709843,2026-07-09T08:02:50.722005+00:00,123.7,50,ask,EarnestEspressos,FlawlessFlatbreads,13300455
2026-07-09T08:02:52.304467,2026-07-09T08:02:52.311834+00:00,124.0,44,bid,CostlyCorianders,EarnestEspressos,13300476
2026-07-09T08:02:52.845646,2026-07-09T08:02:52.852622+00:00,123.7,50,ask,DiligentDonuts,FlawlessFlatbreads,13300482
2026-07-09T08:02:54.953262,2026-07-09T08:02:54.965402+00:00,123.7,50,ask,DiligentDonuts,FlawlessFlatbreads,13300508
2026-07-09T08:02:55.610780,2026-07-09T08:02:55.622445+00:00,123.7,12,bid,Xuanyu Liu,DiligentDonuts,13300513
2026-07-09T08:02:55.722285,2026-07-09T08:02:55.732210+00:00,123.7,17,bid,Xuanyu Liu,DiligentDonuts,13300520
2026-07-09T08:02:55.877174,2026-07-09T08:02:55.887919+00:00,123.4,48,ask,EarnestEspressos,CostlyCorianders,13300525
2026-07-09T08:02:57.015966,2026-07-09T08:02:57.025803+00:00,123.7,50,bid,FlawlessFlatbreads,DiligentDonuts,13300544
2026-07-09T08:02:58.128625,2026-07-09T08:02:58.141093+00:00,123.7,21,bid,CostlyCorianders,DiligentDonuts,13300557
2026-07-09T08:02:58.128625,2026-07-09T08:02:58.141093+00:00,123.9,28,bid,CostlyCorianders,EarnestEspressos,13300558
2026-07-09T08:02:59.142541,2026-07-09T08:02:59.158564+00:00,124.1,50,bid,FlawlessFlatbreads,EarnestEspressos,13300580
2026-07-09T08:02:59.243194,2026-07-09T08:02:59.255076+00:00,123.8,40,ask,DiligentDonuts,CostlyCorianders,13300584
2026-07-09T08:03:00.848000,2026-07-09T08:03:00.852633+00:00,124.1,49,bid,CostlyCorianders,EarnestEspressos,13300611
2026-07-09T08:03:01.249877,2026-07-09T08:03:01.256536+00:00,124.1,50,bid,FlawlessFlatbreads,EarnestEspressos,13300627
2026-07-09T08:03:01.370296,2026-07-09T08:03:01.381579+00:00,124.1,29,ask,EarnestEspressos,Xuanyu Liu,13300628
2026-07-09T08:03:01.934350,2026-07-09T08:03:01.944407+00:00,124.1,100,ask,EarnestEspressos,DiligentDonuts,13300640
2026-07-09T08:03:03.360306,2026-07-09T08:03:03.372893+00:00,124.6,50,bid,FlawlessFlatbreads,EarnestEspressos,13300665
2026-07-09T08:03:03.631556,2026-07-09T08:03:03.641946+00:00,124.1,11,ask,EarnestEspressos,Xuanyu Liu,13300666
2026-07-09T08:03:05.396215,2026-07-09T08:03:05.408371+00:00,123.7,46,ask,DiligentDonuts,CostlyCorianders,13300688
2026-07-09T08:03:05.470024,2026-07-09T08:03:05.482300+00:00,124.1,50,bid,FlawlessFlatbreads,EarnestEspressos,13300689
2026-07-09T08:03:07.600832,2026-07-09T08:03:07.608792+00:00,124.1,50,bid,FlawlessFlatbreads,EarnestEspressos,13300721
2026-07-09T08:03:07.987613,2026-07-09T08:03:08.001587+00:00,124.1,43,ask,EarnestEspressos,CostlyCorianders,13300729
2026-07-09T08:03:08.501254,2026-07-09T08:03:08.509735+00:00,124.2,48,bid,CostlyCorianders,DiligentDonuts,13300737
2026-07-09T08:03:09.710451,2026-07-09T08:03:09.718254+00:00,124.2,50,bid,FlawlessFlatbreads,DiligentDonuts,13300753
2026-07-09T08:03:10.238647,2026-07-09T08:03:10.250128+00:00,124.1,11,ask,EarnestEspressos,Xuanyu Liu,13300767
2026-07-09T08:03:11.570471,2026-07-09T08:03:11.587645+00:00,124.2,22,bid,Xuanyu Liu,EarnestEspressos,13300798
2026-07-09T08:03:11.700462,2026-07-09T08:03:11.708183+00:00,124.2,40,bid,CostlyCorianders,EarnestEspressos,13300803
2026-07-09T08:03:11.847316,2026-07-09T08:03:11.854928+00:00,124.2,50,bid,FlawlessFlatbreads,EarnestEspressos,13300811
2026-07-09T08:03:12.813031,2026-07-09T08:03:12.822216+00:00,123.7,49,ask,EarnestEspressos,CostlyCorianders,13300834
2026-07-09T08:03:13.939106,2026-07-09T08:03:13.949644+00:00,124.2,38,bid,CostlyCorianders,EarnestEspressos,13300845
2026-07-09T08:03:13.939106,2026-07-09T08:03:13.949644+00:00,124.2,8,bid,CostlyCorianders,DiligentDonuts,13300846
2026-07-09T08:03:13.955798,2026-07-09T08:03:13.954683+00:00,124.2,50,bid,FlawlessFlatbreads,DiligentDonuts,13300847
2026-07-09T08:03:13.998026,2026-07-09T08:03:14.010053+00:00,123.7,47,ask,DiligentDonuts,CostlyCorianders,13300848
2026-07-09T08:03:14.042206,2026-07-09T08:03:14.051680+00:00,124.2,42,bid,EarnestEspressos,DiligentDonuts,13300849
2026-07-09T08:03:14.054291,2026-07-09T08:03:14.066648+00:00,124.5,11,ask,EarnestEspressos,Xuanyu Liu,13300850
2026-07-09T08:03:14.193597,2026-07-09T08:03:14.202751+00:00,124.5,23,ask,EarnestEspressos,Xuanyu Liu,13300854
2026-07-09T08:03:15.038948,2026-07-09T08:03:15.048306+00:00,124.5,47,ask,EarnestEspressos,CostlyCorianders,13300869
2026-07-09T08:03:15.503120,2026-07-09T08:03:15.515051+00:00,124.7,41,bid,CostlyCorianders,DiligentDonuts,13300873
2026-07-09T08:03:16.097379,2026-07-09T08:03:16.114511+00:00,124.7,50,bid,FlawlessFlatbreads,DiligentDonuts,13300879
2026-07-09T08:03:16.541799,2026-07-09T08:03:16.551436+00:00,124.5,27,ask,EarnestEspressos,CostlyCorianders,13300891
2026-07-09T08:03:16.541799,2026-07-09T08:03:16.551436+00:00,124.2,15,ask,DiligentDonuts,CostlyCorianders,13300892
2026-07-09T08:03:17.484755,2026-07-09T08:03:17.497005+00:00,124.3,49,bid,CostlyCorianders,EarnestEspressos,13300915
2026-07-09T08:03:17.659061,2026-07-09T08:03:17.674746+00:00,124.3,12,bid,Xuanyu Liu,EarnestEspressos,13300917
2026-07-09T08:03:17.717207,2026-07-09T08:03:17.727028+00:00,124.3,89,bid,DiligentDonuts,EarnestEspressos,13300920
2026-07-09T08:03:18.207169,2026-07-09T08:03:18.218844+00:00,124.9,50,bid,FlawlessFlatbreads,DiligentDonuts,13300929
2026-07-09T08:03:19.484523,2026-07-09T08:03:19.495666+00:00,124.4,11,ask,DiligentDonuts,CostlyCorianders,13300951
2026-07-09T08:03:19.484523,2026-07-09T08:03:19.495666+00:00,123.8,30,ask,EarnestEspressos,CostlyCorianders,13300952
2026-07-09T08:03:20.316939,2026-07-09T08:03:20.324081+00:00,124.9,50,bid,FlawlessFlatbreads,DiligentDonuts,13300968
2026-07-09T08:03:21.395890,2026-07-09T08:03:21.406646+00:00,124.6,12,ask,DiligentDonuts,Xuanyu Liu,13300984
2026-07-09T08:03:21.489937,2026-07-09T08:03:21.501746+00:00,124.6,42,ask,DiligentDonuts,CostlyCorianders,13300988
2026-07-09T08:03:22.425806,2026-07-09T08:03:22.435483+00:00,124.9,50,bid,FlawlessFlatbreads,EarnestEspressos,13301003
2026-07-09T08:03:22.645757,2026-07-09T08:03:22.658590+00:00,124.6,41,ask,DiligentDonuts,CostlyCorianders,13301006
2026-07-09T08:03:24.406457,2026-07-09T08:03:24.418538+00:00,124.8,42,bid,CostlyCorianders,DiligentDonuts,13301024
2026-07-09T08:03:24.535769,2026-07-09T08:03:24.547775+00:00,124.8,50,bid,FlawlessFlatbreads,DiligentDonuts,13301026
2026-07-09T08:03:24.751807,2026-07-09T08:03:24.761602+00:00,124.7,11,ask,EarnestEspressos,Xuanyu Liu,13301030
2026-07-09T08:03:25.879306,2026-07-09T08:03:25.888566+00:00,124.8,8,bid,CostlyCorianders,DiligentDonuts,13301050
2026-07-09T08:03:25.879306,2026-07-09T08:03:25.888566+00:00,125.2,35,bid,CostlyCorianders,EarnestEspressos,13301051
2026-07-09T08:03:26.647155,2026-07-09T08:03:26.654890+00:00,125.8,5,bid,FlawlessFlatbreads,YUNSHEN JI,13301068
2026-07-09T08:03:27.116194,2026-07-09T08:03:27.126542+00:00,125.2,5,ask,YUNSHEN JI,Xuanyu Liu,13301070
2026-07-09T08:03:27.402865,2026-07-09T08:03:27.412659+00:00,125.0,7,ask,EarnestEspressos,Xuanyu Liu,13301080
2026-07-09T08:03:28.722389,2026-07-09T08:03:28.730650+00:00,125.4,46,bid,CostlyCorianders,DiligentDonuts,13301093
2026-07-09T08:03:28.755464,2026-07-09T08:03:28.764342+00:00,125.4,50,bid,FlawlessFlatbreads,DiligentDonuts,13301094
2026-07-09T08:03:28.780583,2026-07-09T08:03:28.788768+00:00,125.0,48,ask,EarnestEspressos,CostlyCorianders,13301095
2026-07-09T08:03:30.862348,2026-07-09T08:03:30.871022+00:00,125.7,50,bid,FlawlessFlatbreads,EarnestEspressos,13301123
2026-07-09T08:03:31.335000,2026-07-09T08:03:31.346339+00:00,125.4,14,ask,DiligentDonuts,Xuanyu Liu,13301135
2026-07-09T08:03:31.781287,2026-07-09T08:03:31.791648+00:00,125.4,43,ask,DiligentDonuts,CostlyCorianders,13301139
2026-07-09T08:03:32.432206,2026-07-09T08:03:32.440237+00:00,125.4,43,ask,DiligentDonuts,CostlyCorianders,13301145
2026-07-09T08:03:32.432206,2026-07-09T08:03:32.445508+00:00,125.2,5,ask,EarnestEspressos,CostlyCorianders,13301146
2026-07-09T08:03:32.971508,2026-07-09T08:03:32.983201+00:00,125.7,50,bid,FlawlessFlatbreads,EarnestEspressos,13301152
2026-07-09T08:03:35.078870,2026-07-09T08:03:35.090936+00:00,125.3,50,bid,FlawlessFlatbreads,DiligentDonuts,13301179
2026-07-09T08:03:35.274631,2026-07-09T08:03:35.283857+00:00,125.3,49,bid,Xuanyu Liu,DiligentDonuts,13301186
2026-07-09T08:03:36.193923,2026-07-09T08:03:36.221402+00:00,125.3,1,bid,EarnestEspressos,DiligentDonuts,13301210
2026-07-09T08:03:36.207513,2026-07-09T08:03:36.221402+00:00,125.8,35,ask,EarnestEspressos,Xuanyu Liu,13301211
2026-07-09T08:03:36.591954,2026-07-09T08:03:36.605659+00:00,125.8,14,ask,EarnestEspressos,Xuanyu Liu,13301220
2026-07-09T08:03:37.068835,2026-07-09T08:03:37.080779+00:00,126.0,41,bid,CostlyCorianders,DiligentDonuts,13301231
2026-07-09T08:03:37.124125,2026-07-09T08:03:37.131729+00:00,125.8,46,ask,EarnestEspressos,CostlyCorianders,13301233
2026-07-09T08:03:37.190686,2026-07-09T08:03:37.199940+00:00,126.0,50,bid,FlawlessFlatbreads,DiligentDonuts,13301235
2026-07-09T08:03:37.582162,2026-07-09T08:03:37.592507+00:00,125.8,45,ask,EarnestEspressos,CostlyCorianders,13301237
2026-07-09T08:03:39.296970,2026-07-09T08:03:39.305532+00:00,126.0,9,bid,FlawlessFlatbreads,DiligentDonuts,13301257
2026-07-09T08:03:39.296970,2026-07-09T08:03:39.310708+00:00,126.2,5,bid,FlawlessFlatbreads,YUNSHEN JI,13301258
2026-07-09T08:03:39.296970,2026-07-09T08:03:39.310708+00:00,126.3,36,bid,FlawlessFlatbreads,EarnestEspressos,13301259
2026-07-09T08:03:39.419171,2026-07-09T08:03:39.428597+00:00,125.5,100,ask,DiligentDonuts,EarnestEspressos,13301260
2026-07-09T08:03:39.562323,2026-07-09T08:03:39.570946+00:00,125.5,2,bid,YUNSHEN JI,EarnestEspressos,13301263
2026-07-09T08:03:40.091894,2026-07-09T08:03:40.100399+00:00,125.5,2,bid,YUNSHEN JI,EarnestEspressos,13301272
2026-07-09T08:03:40.615160,2026-07-09T08:03:40.624560+00:00,125.5,1,bid,YUNSHEN JI,EarnestEspressos,13301279
2026-07-09T08:03:40.774379,2026-07-09T08:03:40.783997+00:00,125.5,3,bid,Xuanyu Liu,EarnestEspressos,13301285
2026-07-09T08:03:41.409900,2026-07-09T08:03:41.421617+00:00,125.5,42,bid,FlawlessFlatbreads,EarnestEspressos,13301289
2026-07-09T08:03:41.409900,2026-07-09T08:03:41.421617+00:00,125.9,8,bid,FlawlessFlatbreads,DiligentDonuts,13301290
2026-07-09T08:03:42.539761,2026-07-09T08:03:42.551467+00:00,125.9,92,bid,EarnestEspressos,DiligentDonuts,13301306
2026-07-09T08:03:42.552819,2026-07-09T08:03:42.564037+00:00,125.9,3,ask,EarnestEspressos,Xuanyu Liu,13301307
2026-07-09T08:03:42.913230,2026-07-09T08:03:42.923740+00:00,126.3,5,bid,CostlyCorianders,YUNSHEN JI,13301319
2026-07-09T08:03:42.913230,2026-07-09T08:03:42.923740+00:00,126.4,37,bid,CostlyCorianders,EarnestEspressos,13301320
2026-07-09T08:03:43.196037,2026-07-09T08:03:43.207288+00:00,126.0,3,ask,DiligentDonuts,Xuanyu Liu,13301326
2026-07-09T08:03:43.277272,2026-07-09T08:03:43.286484+00:00,126.0,20,ask,DiligentDonuts,Heero Sipayung,13301329
2026-07-09T08:03:43.300777,2026-07-09T08:03:43.312521+00:00,126.0,20,ask,DiligentDonuts,Heero Sipayung,13301331
2026-07-09T08:03:43.349685,2026-07-09T08:03:43.356356+00:00,126.0,20,ask,DiligentDonuts,Heero Sipayung,13301335
2026-07-09T08:03:43.372539,2026-07-09T08:03:43.379950+00:00,126.0,20,ask,DiligentDonuts,Heero Sipayung,13301337
2026-07-09T08:03:43.403534,2026-07-09T08:03:43.415455+00:00,126.0,17,ask,DiligentDonuts,Heero Sipayung,13301339
2026-07-09T08:03:43.426276,2026-07-09T08:03:43.437961+00:00,125.9,3,ask,EarnestEspressos,Heero Sipayung,13301341
2026-07-09T08:03:43.519143,2026-07-09T08:03:43.530851+00:00,126.4,50,bid,FlawlessFlatbreads,EarnestEspressos,13301343
2026-07-09T08:03:44.286018,2026-07-09T08:03:44.297651+00:00,125.9,2,ask,EarnestEspressos,YUNSHEN JI,13301356
2026-07-09T08:03:44.884159,2026-07-09T08:03:44.891554+00:00,125.9,6,ask,EarnestEspressos,YUNSHEN JI,13301367
2026-07-09T08:03:45.464481,2026-07-09T08:03:45.476104+00:00,125.9,13,ask,EarnestEspressos,YUNSHEN JI,13301375
2026-07-09T08:03:45.627743,2026-07-09T08:03:45.639703+00:00,126.3,5,bid,FlawlessFlatbreads,YUNSHEN JI,13301377
2026-07-09T08:03:45.627743,2026-07-09T08:03:45.639703+00:00,126.4,45,bid,FlawlessFlatbreads,EarnestEspressos,13301378
2026-07-09T08:03:45.996585,2026-07-09T08:03:46.005592+00:00,125.9,25,ask,EarnestEspressos,YUNSHEN JI,13301388
2026-07-09T08:03:46.536722,2026-07-09T08:03:46.546939+00:00,125.9,25,ask,EarnestEspressos,YUNSHEN JI,13301397
2026-07-09T08:03:47.078848,2026-07-09T08:03:47.086937+00:00,125.9,18,ask,EarnestEspressos,YUNSHEN JI,13301411
2026-07-09T08:03:47.630921,2026-07-09T08:03:47.641111+00:00,125.9,1,ask,EarnestEspressos,YUNSHEN JI,13301419
2026-07-09T08:03:47.739013,2026-07-09T08:03:47.751126+00:00,126.1,50,bid,FlawlessFlatbreads,DiligentDonuts,13301421
2026-07-09T08:03:48.169709,2026-07-09T08:03:48.179826+00:00,125.9,20,ask,EarnestEspressos,YUNSHEN JI,13301427
2026-07-09T08:03:48.422760,2026-07-09T08:03:48.436925+00:00,125.9,46,ask,EarnestEspressos,CostlyCorianders,13301440
2026-07-09T08:03:48.427085,2026-07-09T08:03:48.436925+00:00,126.1,3,bid,Xuanyu Liu,DiligentDonuts,13301441
2026-07-09T08:03:48.706263,2026-07-09T08:03:48.712868+00:00,126.1,25,bid,YUNSHEN JI,DiligentDonuts,13301446
2026-07-09T08:03:49.249863,2026-07-09T08:03:49.257273+00:00,126.1,22,bid,FlawlessFlatbreads,EarnestEspressos,13301455
2026-07-09T08:03:49.249863,2026-07-09T08:03:49.257273+00:00,126.1,3,bid,YUNSHEN JI,EarnestEspressos,13301456
2026-07-09T08:03:49.368610,2026-07-09T08:03:49.380722+00:00,126.1,100,bid,DiligentDonuts,EarnestEspressos,13301460
2026-07-09T08:03:49.799682,2026-07-09T08:03:49.807350+00:00,126.1,25,bid,YUNSHEN JI,EarnestEspressos,13301467
2026-07-09T08:03:49.846729,2026-07-09T08:03:49.859073+00:00,126.1,22,bid,YUNSHEN JI,DiligentDonuts,13301468
2026-07-09T08:03:49.846729,2026-07-09T08:03:49.859073+00:00,126.2,5,bid,FlawlessFlatbreads,YUNSHEN JI,13301469
2026-07-09T08:03:49.846729,2026-07-09T08:03:49.859073+00:00,126.6,23,bid,FlawlessFlatbreads,DiligentDonuts,13301470
2026-07-09T08:03:50.333244,2026-07-09T08:03:50.341211+00:00,125.6,10,ask,EarnestEspressos,YUNSHEN JI,13301478
2026-07-09T08:03:50.909359,2026-07-09T08:03:50.918700+00:00,125.6,1,ask,EarnestEspressos,YUNSHEN JI,13301488
2026-07-09T08:03:51.453689,2026-07-09T08:03:51.458612+00:00,126.6,25,bid,YUNSHEN JI,DiligentDonuts,13301503
2026-07-09T08:03:51.966956,2026-07-09T08:03:51.979146+00:00,126.3,5,bid,FlawlessFlatbreads,YUNSHEN JI,13301509
2026-07-09T08:03:51.966956,2026-07-09T08:03:51.979146+00:00,126.6,45,bid,FlawlessFlatbreads,DiligentDonuts,13301510
2026-07-09T08:03:52.514920,2026-07-09T08:03:52.524772+00:00,126.0,25,ask,EarnestEspressos,YUNSHEN JI,13301526
2026-07-09T08:03:53.057489,2026-07-09T08:03:53.069132+00:00,126.2,25,ask,DiligentDonuts,YUNSHEN JI,13301536
2026-07-09T08:03:53.595452,2026-07-09T08:03:53.605420+00:00,126.2,25,ask,DiligentDonuts,YUNSHEN JI,13301542
2026-07-09T08:03:53.711618,2026-07-09T08:03:53.721300+00:00,126.2,3,ask,DiligentDonuts,Xuanyu Liu,13301544
2026-07-09T08:03:53.767996,2026-07-09T08:03:53.774932+00:00,126.2,20,ask,DiligentDonuts,Heero Sipayung,13301546
2026-07-09T08:03:53.805362,2026-07-09T08:03:53.812634+00:00,126.2,20,ask,DiligentDonuts,Heero Sipayung,13301548
2026-07-09T08:03:53.862400,2026-07-09T08:03:53.874061+00:00,126.2,7,ask,DiligentDonuts,Heero Sipayung,13301553
2026-07-09T08:03:53.899405,2026-07-09T08:03:53.908199+00:00,126.0,13,ask,EarnestEspressos,Heero Sipayung,13301555
2026-07-09T08:03:54.081723,2026-07-09T08:03:54.091825+00:00,126.4,5,bid,CostlyCorianders,YUNSHEN JI,13301561
2026-07-09T08:03:54.081723,2026-07-09T08:03:54.091825+00:00,126.5,45,bid,FlawlessFlatbreads,EarnestEspressos,13301562
2026-07-09T08:03:54.133972,2026-07-09T08:03:54.143680+00:00,126.0,3,ask,EarnestEspressos,YUNSHEN JI,13301564
2026-07-09T08:03:54.262452,2026-07-09T08:03:54.270052+00:00,126.4,5,bid,FlawlessFlatbreads,YUNSHEN JI,13301566
2026-07-09T08:03:54.262452,2026-07-09T08:03:54.275293+00:00,126.5,44,bid,CostlyCorianders,EarnestEspressos,13301567
2026-07-09T08:03:54.674708,2026-07-09T08:03:54.685438+00:00,126.5,25,bid,YUNSHEN JI,EarnestEspressos,13301574
2026-07-09T08:03:55.218969,2026-07-09T08:03:55.229519+00:00,126.3,11,ask,EarnestEspressos,Xuanyu Liu,13301581
2026-07-09T08:03:55.228463,2026-07-09T08:03:55.244749+00:00,126.3,25,ask,EarnestEspressos,YUNSHEN JI,13301584
2026-07-09T08:03:55.233465,2026-07-09T08:03:55.244749+00:00,126.3,25,ask,EarnestEspressos,YUNSHEN JI,13301585
2026-07-09T08:03:55.285277,2026-07-09T08:03:55.296935+00:00,126.3,20,ask,EarnestEspressos,Heero Sipayung,13301589
2026-07-09T08:03:55.289586,2026-07-09T08:03:55.296935+00:00,126.3,40,ask,EarnestEspressos,CostlyCorianders,13301590
2026-07-09T08:03:55.381771,2026-07-09T08:03:55.393698+00:00,126.3,20,ask,EarnestEspressos,Heero Sipayung,13301592
2026-07-09T08:03:55.465786,2026-07-09T08:03:55.477690+00:00,126.3,4,ask,EarnestEspressos,Aaron Tian,13301594
2026-07-09T08:03:55.755428,2026-07-09T08:03:55.767284+00:00,126.3,5,ask,EarnestEspressos,DiligentDonuts,13301595
2026-07-09T08:03:55.807985,2026-07-09T08:03:55.819493+00:00,126.2,25,bid,YUNSHEN JI,DiligentDonuts,13301598
2026-07-09T08:03:56.249303,2026-07-09T08:03:56.254891+00:00,125.8,5,ask,YUNSHEN JI,FlawlessFlatbreads,13301609
2026-07-09T08:03:56.249303,2026-07-09T08:03:56.254891+00:00,125.7,45,ask,DiligentDonuts,FlawlessFlatbreads,13301610
2026-07-09T08:03:56.340221,2026-07-09T08:03:56.351365+00:00,126.2,25,bid,YUNSHEN JI,DiligentDonuts,13301613
2026-07-09T08:03:56.883192,2026-07-09T08:03:56.893800+00:00,126.2,25,bid,YUNSHEN JI,DiligentDonuts,13301623
2026-07-09T08:03:57.426174,2026-07-09T08:03:57.433490+00:00,126.2,20,bid,YUNSHEN JI,DiligentDonuts,13301632
2026-07-09T08:03:57.967321,2026-07-09T08:03:57.974222+00:00,125.7,5,ask,DiligentDonuts,YUNSHEN JI,13301641
2026-07-09T08:03:58.307959,2026-07-09T08:03:58.320046+00:00,126.4,5,bid,FlawlessFlatbreads,YUNSHEN JI,13301648
2026-07-09T08:03:58.307959,2026-07-09T08:03:58.320046+00:00,126.8,45,bid,FlawlessFlatbreads,EarnestEspressos,13301649
2026-07-09T08:03:58.507102,2026-07-09T08:03:58.513734+00:00,125.9,25,ask,EarnestEspressos,YUNSHEN JI,13301651
2026-07-09T08:03:59.050081,2026-07-09T08:03:59.058544+00:00,125.9,1,ask,EarnestEspressos,YUNSHEN JI,13301665
2026-07-09T08:03:59.591634,2026-07-09T08:03:59.602981+00:00,125.9,1,ask,EarnestEspressos,YUNSHEN JI,13301672
2026-07-09T08:04:00.135940,2026-07-09T08:04:00.146292+00:00,126.4,25,bid,YUNSHEN JI,EarnestEspressos,13301684
2026-07-09T08:04:00.418101,2026-07-09T08:04:00.430166+00:00,126.4,50,bid,FlawlessFlatbreads,EarnestEspressos,13301688
2026-07-09T08:04:00.683994,2026-07-09T08:04:00.691761+00:00,125.9,24,ask,EarnestEspressos,YUNSHEN JI,13301693
2026-07-09T08:04:01.220175,2026-07-09T08:04:01.229214+00:00,125.9,1,ask,EarnestEspressos,YUNSHEN JI,13301698
2026-07-09T08:04:01.795702,2026-07-09T08:04:01.807148+00:00,125.9,8,ask,DiligentDonuts,YUNSHEN JI,13301712
2026-07-09T08:04:02.253825,2026-07-09T08:04:02.263904+00:00,126.3,45,bid,CostlyCorianders,EarnestEspressos,13301715
2026-07-09T08:04:02.336272,2026-07-09T08:04:02.346889+00:00,125.9,1,ask,DiligentDonuts,YUNSHEN JI,13301719
2026-07-09T08:04:02.873059,2026-07-09T08:04:02.880496+00:00,126.3,25,bid,YUNSHEN JI,EarnestEspressos,13301730
2026-07-09T08:04:03.405804,2026-07-09T08:04:03.414296+00:00,125.9,25,ask,DiligentDonuts,YUNSHEN JI,13301745
2026-07-09T08:04:03.696349,2026-07-09T08:04:03.713172+00:00,126.2,5,bid,CostlyCorianders,YUNSHEN JI,13301749
2026-07-09T08:04:03.696349,2026-07-09T08:04:03.713172+00:00,126.3,41,bid,CostlyCorianders,EarnestEspressos,13301750
2026-07-09T08:04:03.941998,2026-07-09T08:04:03.951179+00:00,125.9,20,ask,DiligentDonuts,YUNSHEN JI,13301762
2026-07-09T08:04:04.482024,2026-07-09T08:04:04.493882+00:00,125.9,25,ask,DiligentDonuts,YUNSHEN JI,13301780
2026-07-09T08:04:04.689224,2026-07-09T08:04:04.701486+00:00,125.9,29,ask,DiligentDonuts,FlawlessFlatbreads,13301782
2026-07-09T08:04:04.689224,2026-07-09T08:04:04.701486+00:00,125.6,5,ask,YUNSHEN JI,FlawlessFlatbreads,13301783
2026-07-09T08:04:04.701562,2026-07-09T08:04:04.711929+00:00,126.2,5,bid,EarnestEspressos,YUNSHEN JI,13301784
2026-07-09T08:04:04.713159,2026-07-09T08:04:04.724023+00:00,126.2,12,ask,EarnestEspressos,Xuanyu Liu,13301785
2026-07-09T08:04:05.016540,2026-07-09T08:04:05.027846+00:00,126.2,25,ask,EarnestEspressos,YUNSHEN JI,13301791
2026-07-09T08:04:05.021451,2026-07-09T08:04:05.033096+00:00,126.2,4,ask,EarnestEspressos,Aaron Tian,13301792
2026-07-09T08:04:05.241973,2026-07-09T08:04:05.263888+00:00,126.2,100,ask,EarnestEspressos,DiligentDonuts,13301794
2026-07-09T08:04:05.808150,2026-07-09T08:04:05.816712+00:00,126.2,4,ask,EarnestEspressos,Aaron Tian,13301808
2026-07-09T08:04:06.812438,2026-07-09T08:04:06.824543+00:00,125.5,50,ask,DiligentDonuts,FlawlessFlatbreads,13301822
2026-07-09T08:04:07.085029,2026-07-09T08:04:07.097245+00:00,125.5,40,ask,DiligentDonuts,CostlyCorianders,13301830
2026-07-09T08:04:08.417175,2026-07-09T08:04:08.428597+00:00,125.9,23,bid,Xuanyu Liu,DiligentDonuts,13301855
2026-07-09T08:04:08.648858,2026-07-09T08:04:08.665650+00:00,125.9,3,bid,Xuanyu Liu,DiligentDonuts,13301860
2026-07-09T08:04:08.920671,2026-07-09T08:04:08.930444+00:00,125.6,50,ask,EarnestEspressos,FlawlessFlatbreads,13301864
2026-07-09T08:04:10.268717,2026-07-09T08:04:10.279370+00:00,125.6,49,ask,EarnestEspressos,CostlyCorianders,13301889
2026-07-09T08:04:11.027985,2026-07-09T08:04:11.037936+00:00,125.4,50,ask,DiligentDonuts,FlawlessFlatbreads,13301901
2026-07-09T08:04:11.378727,2026-07-09T08:04:11.387854+00:00,125.7,44,bid,CostlyCorianders,EarnestEspressos,13301906
2026-07-09T08:04:13.137721,2026-07-09T08:04:13.148402+00:00,125.3,50,ask,DiligentDonuts,FlawlessFlatbreads,13301937
2026-07-09T08:04:14.517931,2026-07-09T08:04:14.525724+00:00,125.8,46,bid,CostlyCorianders,DiligentDonuts,13301956
2026-07-09T08:04:14.780516,2026-07-09T08:04:14.788481+00:00,125.7,20,bid,Heero Sipayung,DiligentDonuts,13301962
2026-07-09T08:04:14.805546,2026-07-09T08:04:14.816038+00:00,125.7,20,bid,Heero Sipayung,DiligentDonuts,13301964
2026-07-09T08:04:14.852463,2026-07-09T08:04:14.859902+00:00,125.7,20,bid,Heero Sipayung,DiligentDonuts,13301968
2026-07-09T08:04:14.878759,2026-07-09T08:04:14.890086+00:00,125.7,20,bid,Heero Sipayung,DiligentDonuts,13301970
2026-07-09T08:04:14.913253,2026-07-09T08:04:14.924088+00:00,125.7,20,bid,Heero Sipayung,DiligentDonuts,13301972
2026-07-09T08:04:15.260195,2026-07-09T08:04:15.282413+00:00,125.3,50,ask,EarnestEspressos,FlawlessFlatbreads,13301973
2026-07-09T08:04:16.856151,2026-07-09T08:04:16.863751+00:00,125.8,49,bid,CostlyCorianders,EarnestEspressos,13301993
2026-07-09T08:04:17.385347,2026-07-09T08:04:17.397907+00:00,125.3,50,ask,EarnestEspressos,FlawlessFlatbreads,13302003
2026-07-09T08:04:18.745420,2026-07-09T08:04:18.758567+00:00,125.8,20,bid,Heero Sipayung,EarnestEspressos,13302028
2026-07-09T08:04:18.768192,2026-07-09T08:04:18.779311+00:00,125.8,20,bid,Heero Sipayung,EarnestEspressos,13302030
2026-07-09T08:04:18.847649,2026-07-09T08:04:18.859748+00:00,125.8,20,bid,Heero Sipayung,EarnestEspressos,13302034
2026-07-09T08:04:18.890580,2026-07-09T08:04:18.901521+00:00,125.8,20,bid,Heero Sipayung,EarnestEspressos,13302036
2026-07-09T08:04:18.951630,2026-07-09T08:04:18.958994+00:00,125.8,20,bid,Heero Sipayung,EarnestEspressos,13302039
2026-07-09T08:04:19.492383,2026-07-09T08:04:19.499979+00:00,125.5,50,ask,DiligentDonuts,FlawlessFlatbreads,13302042
2026-07-09T08:04:21.600154,2026-07-09T08:04:21.612167+00:00,125.3,50,ask,EarnestEspressos,FlawlessFlatbreads,13302072
2026-07-09T08:04:21.940419,2026-07-09T08:04:21.951818+00:00,125.3,49,ask,EarnestEspressos,CostlyCorianders,13302076
2026-07-09T08:04:22.858795,2026-07-09T08:04:22.871038+00:00,125.3,48,ask,EarnestEspressos,CostlyCorianders,13302094
2026-07-09T08:04:23.729815,2026-07-09T08:04:23.741635+00:00,125.2,50,ask,DiligentDonuts,FlawlessFlatbreads,13302103
2026-07-09T08:04:23.759621,2026-07-09T08:04:23.772636+00:00,125.3,3,bid,Xuanyu Liu,EarnestEspressos,13302104
2026-07-09T08:04:23.960371,2026-07-09T08:04:23.984513+00:00,125.3,11,bid,Xuanyu Liu,EarnestEspressos,13302115
2026-07-09T08:04:24.090771,2026-07-09T08:04:24.102445+00:00,125.3,4,bid,Aaron Tian,EarnestEspressos,13302120
2026-07-09T08:04:24.189461,2026-07-09T08:04:24.201378+00:00,125.3,100,bid,DiligentDonuts,EarnestEspressos,13302123
2026-07-09T08:04:24.895524,2026-07-09T08:04:24.905918+00:00,125.3,4,bid,Aaron Tian,EarnestEspressos,13302130
2026-07-09T08:04:24.998300,2026-07-09T08:04:25.008485+00:00,125.3,28,bid,CostlyCorianders,EarnestEspressos,13302132
2026-07-09T08:04:24.998300,2026-07-09T08:04:25.008485+00:00,125.7,20,bid,CostlyCorianders,DiligentDonuts,13302133
2026-07-09T08:04:25.838896,2026-07-09T08:04:25.850885+00:00,124.8,50,ask,EarnestEspressos,FlawlessFlatbreads,13302145
2026-07-09T08:04:26.974639,2026-07-09T08:04:26.984357+00:00,125.7,40,bid,CostlyCorianders,DiligentDonuts,13302162
2026-07-09T08:04:27.973302,2026-07-09T08:04:27.982739+00:00,125.2,50,ask,EarnestEspressos,FlawlessFlatbreads,13302181
2026-07-09T08:04:28.078122,2026-07-09T08:04:28.090208+00:00,125.2,43,ask,EarnestEspressos,CostlyCorianders,13302183
2026-07-09T08:04:29.743580,2026-07-09T08:04:29.758588+00:00,125.4,4,bid,Aaron Tian,DiligentDonuts,13302215
2026-07-09T08:04:30.079921,2026-07-09T08:04:30.092041+00:00,124.9,50,ask,DiligentDonuts,FlawlessFlatbreads,13302220
2026-07-09T08:04:30.671686,2026-07-09T08:04:30.681533+00:00,125.3,44,bid,CostlyCorianders,EarnestEspressos,13302232
2026-07-09T08:04:31.889992,2026-07-09T08:04:31.905676+00:00,125.3,12,bid,Xuanyu Liu,EarnestEspressos,13302258
2026-07-09T08:04:33.175126,2026-07-09T08:04:33.182875+00:00,125.3,100,bid,EarnestEspressos,DiligentDonuts,13302283
2026-07-09T08:04:33.323194,2026-07-09T08:04:33.330514+00:00,125.3,43,ask,EarnestEspressos,CostlyCorianders,13302286
2026-07-09T08:04:33.905912,2026-07-09T08:04:33.912971+00:00,125.8,46,bid,CostlyCorianders,EarnestEspressos,13302288
2026-07-09T08:04:34.303215,2026-07-09T08:04:34.312595+00:00,125.4,50,ask,DiligentDonuts,FlawlessFlatbreads,13302295
2026-07-09T08:04:36.410403,2026-07-09T08:04:36.422306+00:00,125.4,50,ask,DiligentDonuts,FlawlessFlatbreads,13302335
2026-07-09T08:04:36.902632,2026-07-09T08:04:36.912410+00:00,125.5,40,bid,CostlyCorianders,EarnestEspressos,13302338
2026-07-09T08:04:38.516940,2026-07-09T08:04:38.526363+00:00,125.1,50,ask,DiligentDonuts,FlawlessFlatbreads,13302371
2026-07-09T08:04:40.496051,2026-07-09T08:04:40.507953+00:00,125.0,48,ask,EarnestEspressos,CostlyCorianders,13302397
2026-07-09T08:04:40.574520,2026-07-09T08:04:40.586181+00:00,125.5,50,bid,FlawlessFlatbreads,EarnestEspressos,13302402
2026-07-09T08:04:42.694238,2026-07-09T08:04:42.706225+00:00,125.5,50,bid,FlawlessFlatbreads,DiligentDonuts,13302438
2026-07-09T08:04:43.100209,2026-07-09T08:04:43.108996+00:00,125.5,46,bid,CostlyCorianders,DiligentDonuts,13302444
2026-07-09T08:04:44.802167,2026-07-09T08:04:44.814417+00:00,125.6,50,bid,FlawlessFlatbreads,EarnestEspressos,13302463
2026-07-09T08:04:45.252034,2026-07-09T08:04:45.255407+00:00,125.2,43,ask,DiligentDonuts,CostlyCorianders,13302474
2026-07-09T08:04:45.899147,2026-07-09T08:04:45.912678+00:00,125.2,44,ask,DiligentDonuts,CostlyCorianders,13302484
2026-07-09T08:04:46.516771,2026-07-09T08:04:46.528105+00:00,125.4,49,bid,CostlyCorianders,DiligentDonuts,13302498
2026-07-09T08:04:46.916474,2026-07-09T08:04:46.928329+00:00,125.4,50,bid,FlawlessFlatbreads,DiligentDonuts,13302504
2026-07-09T08:04:47.191124,2026-07-09T08:04:47.203054+00:00,125.2,49,ask,EarnestEspressos,CostlyCorianders,13302507
2026-07-09T08:04:48.156616,2026-07-09T08:04:48.168756+00:00,125.4,1,bid,CostlyCorianders,DiligentDonuts,13302529
2026-07-09T08:04:48.156616,2026-07-09T08:04:48.168756+00:00,125.7,46,bid,CostlyCorianders,EarnestEspressos,13302530
2026-07-09T08:04:50.613052,2026-07-09T08:04:50.623802+00:00,125.3,49,ask,DiligentDonuts,CostlyCorianders,13302559
2026-07-09T08:04:51.168143,2026-07-09T08:04:51.180015+00:00,125.7,50,bid,FlawlessFlatbreads,EarnestEspressos,13302565
2026-07-09T08:04:53.275840,2026-07-09T08:04:53.287879+00:00,125.5,50,bid,FlawlessFlatbreads,DiligentDonuts,13302596
2026-07-09T08:04:53.647410,2026-07-09T08:04:53.663828+00:00,125.5,48,bid,CostlyCorianders,DiligentDonuts,13302601
2026-07-09T08:04:53.701874,2026-07-09T08:04:53.712689+00:00,125.4,45,ask,EarnestEspressos,CostlyCorianders,13302603
2026-07-09T08:04:55.182792,2026-07-09T08:04:55.191329+00:00,125.4,43,ask,EarnestEspressos,CostlyCorianders,13302626
2026-07-09T08:04:55.413705,2026-07-09T08:04:55.423779+00:00,125.5,2,bid,FlawlessFlatbreads,DiligentDonuts,13302628
2026-07-09T08:04:55.413705,2026-07-09T08:04:55.423779+00:00,125.5,48,bid,FlawlessFlatbreads,EarnestEspressos,13302629
2026-07-09T08:04:57.523552,2026-07-09T08:04:57.534384+00:00,125.5,50,bid,FlawlessFlatbreads,EarnestEspressos,13302657
2026-07-09T08:04:58.512576,2026-07-09T08:04:58.522251+00:00,125.5,12,ask,EarnestEspressos,Xuanyu Liu,13302673
2026-07-09T08:04:59.660095,2026-07-09T08:04:59.669790+00:00,125.9,50,bid,FlawlessFlatbreads,DiligentDonuts,13302687
2026-07-09T08:05:01.767275,2026-07-09T08:05:01.775004+00:00,125.9,50,bid,FlawlessFlatbreads,DiligentDonuts,13302710
2026-07-09T08:05:02.203211,2026-07-09T08:05:02.214415+00:00,125.7,11,ask,DiligentDonuts,Xuanyu Liu,13302723
2026-07-09T08:05:03.268068,2026-07-09T08:05:03.277830+00:00,125.9,49,bid,CostlyCorianders,EarnestEspressos,13302736
2026-07-09T08:05:03.882187,2026-07-09T08:05:03.891074+00:00,125.9,50,bid,FlawlessFlatbreads,EarnestEspressos,13302746
2026-07-09T08:05:04.284261,2026-07-09T08:05:04.295352+00:00,125.7,42,ask,DiligentDonuts,CostlyCorianders,13302752
2026-07-09T08:05:04.875467,2026-07-09T08:05:04.888138+00:00,125.9,3,ask,EarnestEspressos,Xuanyu Liu,13302764
2026-07-09T08:05:05.989833,2026-07-09T08:05:06.001723+00:00,126.1,50,bid,FlawlessFlatbreads,DiligentDonuts,13302774
2026-07-09T08:05:06.391513,2026-07-09T08:05:06.403757+00:00,125.9,45,ask,EarnestEspressos,CostlyCorianders,13302780
2026-07-09T08:05:08.101740,2026-07-09T08:05:08.111193+00:00,126.1,50,bid,FlawlessFlatbreads,DiligentDonuts,13302807
2026-07-09T08:05:08.742990,2026-07-09T08:05:08.765997+00:00,126.1,14,ask,DiligentDonuts,Xuanyu Liu,13302822
2026-07-09T08:05:08.757837,2026-07-09T08:05:08.765997+00:00,126.1,20,ask,DiligentDonuts,Heero Sipayung,13302827
2026-07-09T08:05:08.789236,2026-07-09T08:05:08.801348+00:00,126.1,20,ask,DiligentDonuts,Heero Sipayung,13302831
2026-07-09T08:05:08.871341,2026-07-09T08:05:08.883828+00:00,126.1,20,ask,DiligentDonuts,Heero Sipayung,13302834
2026-07-09T08:05:08.892397,2026-07-09T08:05:08.899433+00:00,126.1,4,ask,DiligentDonuts,Aaron Tian,13302836
2026-07-09T08:05:08.911345,2026-07-09T08:05:08.920050+00:00,126.1,20,ask,DiligentDonuts,Heero Sipayung,13302837
2026-07-09T08:05:08.968509,2026-07-09T08:05:08.980720+00:00,126.1,2,ask,DiligentDonuts,Heero Sipayung,13302840
2026-07-09T08:05:09.000411,2026-07-09T08:05:09.012565+00:00,125.8,18,ask,EarnestEspressos,Heero Sipayung,13302842
2026-07-09T08:05:10.208998,2026-07-09T08:05:10.221094+00:00,126.3,50,bid,FlawlessFlatbreads,EarnestEspressos,13302868
2026-07-09T08:05:10.671248,2026-07-09T08:05:10.678393+00:00,126.3,40,bid,CostlyCorianders,EarnestEspressos,13302881
2026-07-09T08:05:11.282030,2026-07-09T08:05:11.294284+00:00,126.6,43,bid,CostlyCorianders,DiligentDonuts,13302888
2026-07-09T08:05:12.368799,2026-07-09T08:05:12.380852+00:00,126.1,50,ask,EarnestEspressos,FlawlessFlatbreads,13302908
2026-07-09T08:05:13.478781,2026-07-09T08:05:13.490968+00:00,126.1,48,ask,EarnestEspressos,CostlyCorianders,13302925
2026-07-09T08:05:14.424552,2026-07-09T08:05:14.436594+00:00,126.2,50,bid,FlawlessFlatbreads,EarnestEspressos,13302952
2026-07-09T08:05:16.587332,2026-07-09T08:05:16.599629+00:00,125.7,50,ask,EarnestEspressos,FlawlessFlatbreads,13302992
2026-07-09T08:05:17.674253,2026-07-09T08:05:17.685037+00:00,126.1,40,bid,CostlyCorianders,EarnestEspressos,13303009
2026-07-09T08:05:17.940136,2026-07-09T08:05:17.951483+00:00,126.1,11,bid,Xuanyu Liu,EarnestEspressos,13303019
2026-07-09T08:05:18.136017,2026-07-09T08:05:18.147874+00:00,125.8,43,ask,DiligentDonuts,CostlyCorianders,13303023
2026-07-09T08:05:18.694867,2026-07-09T08:05:18.707055+00:00,125.8,50,ask,DiligentDonuts,FlawlessFlatbreads,13303032
2026-07-09T08:05:19.244051,2026-07-09T08:05:19.252406+00:00,126.1,48,bid,CostlyCorianders,EarnestEspressos,13303048
2026-07-09T08:05:20.802773,2026-07-09T08:05:20.811750+00:00,125.9,50,ask,EarnestEspressos,FlawlessFlatbreads,13303074
2026-07-09T08:05:21.288005,2026-07-09T08:05:21.296305+00:00,125.9,100,ask,EarnestEspressos,DiligentDonuts,13303084
2026-07-09T08:05:22.910582,2026-07-09T08:05:22.920006+00:00,125.4,50,ask,DiligentDonuts,FlawlessFlatbreads,13303114
2026-07-09T08:05:23.898541,2026-07-09T08:05:23.907861+00:00,125.7,3,bid,Xuanyu Liu,EarnestEspressos,13303138
2026-07-09T08:05:24.082194,2026-07-09T08:05:24.089908+00:00,125.4,45,ask,DiligentDonuts,CostlyCorianders,13303142
2026-07-09T08:05:25.023306,2026-07-09T08:05:25.032818+00:00,125.2,50,ask,EarnestEspressos,FlawlessFlatbreads,13303153
2026-07-09T08:05:27.091622,2026-07-09T08:05:27.101989+00:00,125.4,20,bid,Heero Sipayung,EarnestEspressos,13303194
2026-07-09T08:05:27.113561,2026-07-09T08:05:27.124224+00:00,125.4,3,bid,Xuanyu Liu,EarnestEspressos,13303196
2026-07-09T08:05:27.129783,2026-07-09T08:05:27.139954+00:00,125.2,50,ask,DiligentDonuts,FlawlessFlatbreads,13303198
2026-07-09T08:05:27.156248,2026-07-09T08:05:27.167478+00:00,125.4,20,bid,Heero Sipayung,EarnestEspressos,13303201
2026-07-09T08:05:27.178211,2026-07-09T08:05:27.188116+00:00,125.4,20,bid,Heero Sipayung,EarnestEspressos,13303203
2026-07-09T08:05:27.216624,2026-07-09T08:05:27.225758+00:00,125.4,20,bid,Heero Sipayung,EarnestEspressos,13303206
2026-07-09T08:05:27.296077,2026-07-09T08:05:27.305912+00:00,125.4,20,bid,Heero Sipayung,EarnestEspressos,13303209
2026-07-09T08:05:27.299235,2026-07-09T08:05:27.305912+00:00,125.4,4,bid,Aaron Tian,EarnestEspressos,13303210
2026-07-09T08:05:28.693705,2026-07-09T08:05:28.701792+00:00,125.4,43,bid,CostlyCorianders,EarnestEspressos,13303229
2026-07-09T08:05:29.238676,2026-07-09T08:05:29.250418+00:00,125.0,50,ask,DiligentDonuts,FlawlessFlatbreads,13303231
2026-07-09T08:05:30.161262,2026-07-09T08:05:30.169034+00:00,125.5,40,bid,CostlyCorianders,DiligentDonuts,13303253
2026-07-09T08:05:30.175452,2026-07-09T08:05:30.184329+00:00,125.3,3,ask,EarnestEspressos,Xuanyu Liu,13303254
2026-07-09T08:05:30.777421,2026-07-09T08:05:30.784133+00:00,125.3,100,ask,EarnestEspressos,DiligentDonuts,13303260
2026-07-09T08:05:31.295558,2026-07-09T08:05:31.306579+00:00,125.8,50,bid,FlawlessFlatbreads,EarnestEspressos,13303273
2026-07-09T08:05:32.329185,2026-07-09T08:05:32.339803+00:00,125.3,40,ask,EarnestEspressos,CostlyCorianders,13303296
2026-07-09T08:05:34.963538,2026-07-09T08:05:34.973911+00:00,124.9,41,ask,EarnestEspressos,CostlyCorianders,13303337
2026-07-09T08:05:35.506331,2026-07-09T08:05:35.518369+00:00,125.4,50,bid,FlawlessFlatbreads,EarnestEspressos,13303346
2026-07-09T08:05:39.776023,2026-07-09T08:05:39.786513+00:00,124.9,50,ask,DiligentDonuts,FlawlessFlatbreads,13303407
2026-07-09T08:05:40.197655,2026-07-09T08:05:40.208399+00:00,125.4,47,bid,CostlyCorianders,EarnestEspressos,13303416
2026-07-09T08:05:40.750743,2026-07-09T08:05:40.757420+00:00,125.3,49,bid,CostlyCorianders,DiligentDonuts,13303432
2026-07-09T08:05:40.805809,2026-07-09T08:05:40.817987+00:00,124.9,44,ask,EarnestEspressos,CostlyCorianders,13303433
2026-07-09T08:05:41.890755,2026-07-09T08:05:41.900820+00:00,124.9,50,ask,EarnestEspressos,FlawlessFlatbreads,13303450
2026-07-09T08:05:43.386411,2026-07-09T08:05:43.398486+00:00,125.3,44,bid,CostlyCorianders,EarnestEspressos,13303477
2026-07-09T08:05:44.008522,2026-07-09T08:05:44.020404+00:00,124.9,50,ask,DiligentDonuts,FlawlessFlatbreads,13303485
2026-07-09T08:05:46.092739,2026-07-09T08:05:46.104709+00:00,124.9,46,ask,DiligentDonuts,CostlyCorianders,13303521
2026-07-09T08:05:46.124325,2026-07-09T08:05:46.140084+00:00,124.9,4,ask,DiligentDonuts,FlawlessFlatbreads,13303526
2026-07-09T08:05:46.124325,2026-07-09T08:05:46.140084+00:00,124.6,46,ask,EarnestEspressos,FlawlessFlatbreads,13303527
2026-07-09T08:05:46.827381,2026-07-09T08:05:46.835957+00:00,124.9,3,bid,Xuanyu Liu,DiligentDonuts,13303542
2026-07-09T08:05:48.182663,2026-07-09T08:05:48.194621+00:00,124.9,50,bid,FlawlessFlatbreads,DiligentDonuts,13303567
2026-07-09T08:05:48.542193,2026-07-09T08:05:48.558617+00:00,124.6,47,ask,EarnestEspressos,CostlyCorianders,13303574
2026-07-09T08:05:49.151950,2026-07-09T08:05:49.156443+00:00,124.9,44,bid,CostlyCorianders,DiligentDonuts,13303588
2026-07-09T08:05:50.346477,2026-07-09T08:05:50.353482+00:00,124.8,50,ask,DiligentDonuts,FlawlessFlatbreads,13303608
2026-07-09T08:05:50.635427,2026-07-09T08:05:50.647678+00:00,124.9,45,bid,CostlyCorianders,EarnestEspressos,13303612
2026-07-09T08:05:52.455019,2026-07-09T08:05:52.472243+00:00,124.8,50,ask,DiligentDonuts,FlawlessFlatbreads,13303636
2026-07-09T08:05:54.592059,2026-07-09T08:05:54.603198+00:00,124.6,50,ask,EarnestEspressos,FlawlessFlatbreads,13303663
2026-07-09T08:05:56.700147,2026-07-09T08:05:56.712390+00:00,124.4,50,ask,DiligentDonuts,FlawlessFlatbreads,13303693
2026-07-09T08:05:58.180745,2026-07-09T08:05:58.191072+00:00,124.7,11,bid,Xuanyu Liu,EarnestEspressos,13303713
2026-07-09T08:05:58.834090,2026-07-09T08:05:58.843332+00:00,124.4,50,ask,DiligentDonuts,FlawlessFlatbreads,13303726
2026-07-09T08:05:59.993988,2026-07-09T08:06:00.027773+00:00,124.7,12,bid,Xuanyu Liu,DiligentDonuts,13303740
2026-07-09T08:06:00.623936,2026-07-09T08:06:00.632185+00:00,124.7,48,bid,CostlyCorianders,DiligentDonuts,13303754
2026-07-09T08:06:00.678527,2026-07-09T08:06:00.690414+00:00,124.4,41,ask,EarnestEspressos,CostlyCorianders,13303755
2026-07-09T08:06:00.941945,2026-07-09T08:06:00.958865+00:00,124.4,50,ask,EarnestEspressos,FlawlessFlatbreads,13303756
2026-07-09T08:06:01.193126,2026-07-09T08:06:01.200932+00:00,124.4,46,ask,EarnestEspressos,CostlyCorianders,13303764
2026-07-09T08:06:01.923407,2026-07-09T08:06:01.933266+00:00,124.4,34,bid,Xuanyu Liu,EarnestEspressos,13303780
2026-07-09T08:06:02.398582,2026-07-09T08:06:02.412611+00:00,124.4,100,bid,DiligentDonuts,EarnestEspressos,13303785
2026-07-09T08:06:03.057785,2026-07-09T08:06:03.069175+00:00,123.9,50,ask,EarnestEspressos,FlawlessFlatbreads,13303800
2026-07-09T08:06:04.417430,2026-07-09T08:06:04.424770+00:00,124.4,16,bid,CostlyCorianders,EarnestEspressos,13303822
2026-07-09T08:06:04.417430,2026-07-09T08:06:04.430127+00:00,125.0,28,bid,CostlyCorianders,DiligentDonuts,13303823
2026-07-09T08:06:05.113115,2026-07-09T08:06:05.124960+00:00,124.7,50,bid,FlawlessFlatbreads,EarnestEspressos,13303835
2026-07-09T08:06:07.272184,2026-07-09T08:06:07.280252+00:00,124.4,50,ask,DiligentDonuts,FlawlessFlatbreads,13303856
2026-07-09T08:06:08.574082,2026-07-09T08:06:08.585679+00:00,124.6,42,ask,EarnestEspressos,CostlyCorianders,13303882
2026-07-09T08:06:09.153981,2026-07-09T08:06:09.164297+00:00,124.6,11,ask,EarnestEspressos,Xuanyu Liu,13303894
2026-07-09T08:06:10.087924,2026-07-09T08:06:10.096995+00:00,124.6,44,ask,EarnestEspressos,CostlyCorianders,13303914
2026-07-09T08:06:10.987947,2026-07-09T08:06:10.995838+00:00,124.7,5,bid,YUNSHEN JI,DiligentDonuts,13303921
2026-07-09T08:06:10.993608,2026-07-09T08:06:11.001026+00:00,124.7,1,bid,YUNSHEN JI,DiligentDonuts,13303922
2026-07-09T08:06:11.007844,2026-07-09T08:06:11.016927+00:00,124.7,5,bid,YUNSHEN JI,DiligentDonuts,13303924
2026-07-09T08:06:11.432552,2026-07-09T08:06:11.444359+00:00,124.7,50,bid,FlawlessFlatbreads,DiligentDonuts,13303929
2026-07-09T08:06:13.568775,2026-07-09T08:06:13.580818+00:00,124.7,50,bid,FlawlessFlatbreads,EarnestEspressos,13303957
2026-07-09T08:06:15.676193,2026-07-09T08:06:15.684042+00:00,124.7,49,bid,CostlyCorianders,DiligentDonuts,13303985
2026-07-09T08:06:15.679499,2026-07-09T08:06:15.689575+00:00,124.7,50,bid,FlawlessFlatbreads,DiligentDonuts,13303986
2026-07-09T08:06:17.700701,2026-07-09T08:06:17.710818+00:00,124.7,1,bid,CostlyCorianders,DiligentDonuts,13304019
2026-07-09T08:06:17.809165,2026-07-09T08:06:17.821099+00:00,124.8,50,bid,FlawlessFlatbreads,EarnestEspressos,13304020
2026-07-09T08:06:18.735996,2026-07-09T08:06:18.745845+00:00,124.8,42,bid,CostlyCorianders,EarnestEspressos,13304041
2026-07-09T08:06:19.337693,2026-07-09T08:06:19.349670+00:00,124.5,48,ask,DiligentDonuts,CostlyCorianders,13304056
2026-07-09T08:06:19.835158,2026-07-09T08:06:19.847089+00:00,124.8,49,bid,CostlyCorianders,EarnestEspressos,13304060
2026-07-09T08:06:19.919959,2026-07-09T08:06:19.928681+00:00,124.8,9,bid,FlawlessFlatbreads,EarnestEspressos,13304065
2026-07-09T08:06:19.919959,2026-07-09T08:06:19.928681+00:00,125.0,41,bid,FlawlessFlatbreads,DiligentDonuts,13304066
2026-07-09T08:06:20.698930,2026-07-09T08:06:20.708774+00:00,124.5,12,ask,DiligentDonuts,Xuanyu Liu,13304075
2026-07-09T08:06:20.861792,2026-07-09T08:06:20.871017+00:00,124.7,23,ask,EarnestEspressos,Xuanyu Liu,13304077
2026-07-09T08:06:22.069555,2026-07-09T08:06:22.079362+00:00,124.8,50,bid,FlawlessFlatbreads,DiligentDonuts,13304098
2026-07-09T08:06:23.539712,2026-07-09T08:06:23.548496+00:00,124.7,49,ask,EarnestEspressos,CostlyCorianders,13304116
2026-07-09T08:06:24.177240,2026-07-09T08:06:24.185950+00:00,124.8,50,bid,FlawlessFlatbreads,DiligentDonuts,13304125
2026-07-09T08:06:25.551590,2026-07-09T08:06:25.558608+00:00,124.7,43,ask,DiligentDonuts,CostlyCorianders,13304152
2026-07-09T08:06:26.302101,2026-07-09T08:06:26.313807+00:00,125.0,50,bid,FlawlessFlatbreads,EarnestEspressos,13304167
2026-07-09T08:06:28.408265,2026-07-09T08:06:28.420189+00:00,125.2,50,bid,FlawlessFlatbreads,EarnestEspressos,13304189
2026-07-09T08:06:29.198894,2026-07-09T08:06:29.208864+00:00,125.2,45,bid,CostlyCorianders,EarnestEspressos,13304210
2026-07-09T08:06:30.284207,2026-07-09T08:06:30.292180+00:00,124.7,47,ask,EarnestEspressos,CostlyCorianders,13304222
2026-07-09T08:06:30.362780,2026-07-09T08:06:30.379064+00:00,125.1,11,ask,EarnestEspressos,Xuanyu Liu,13304230
2026-07-09T08:06:30.532345,2026-07-09T08:06:30.543094+00:00,125.2,50,bid,FlawlessFlatbreads,DiligentDonuts,13304232
2026-07-09T08:06:30.838739,2026-07-09T08:06:30.846541+00:00,125.1,43,ask,EarnestEspressos,CostlyCorianders,13304237
2026-07-09T08:06:31.431100,2026-07-09T08:06:31.442517+00:00,125.4,45,bid,CostlyCorianders,DiligentDonuts,13304252
2026-07-09T08:06:31.492460,2026-07-09T08:06:31.502199+00:00,125.1,3,ask,EarnestEspressos,Xuanyu Liu,13304254
2026-07-09T08:06:32.570648,2026-07-09T08:06:32.579824+00:00,125.4,43,bid,CostlyCorianders,DiligentDonuts,13304266
2026-07-09T08:06:32.640500,2026-07-09T08:06:32.658741+00:00,125.4,12,bid,FlawlessFlatbreads,DiligentDonuts,13304268
2026-07-09T08:06:32.640500,2026-07-09T08:06:32.658741+00:00,125.6,38,bid,FlawlessFlatbreads,EarnestEspressos,13304269
2026-07-09T08:06:33.059865,2026-07-09T08:06:33.071849+00:00,125.1,43,ask,EarnestEspressos,CostlyCorianders,13304281
2026-07-09T08:06:33.523948,2026-07-09T08:06:33.535673+00:00,124.9,47,ask,DiligentDonuts,CostlyCorianders,13304286
2026-07-09T08:06:34.123348,2026-07-09T08:06:34.158815+00:00,125.1,42,bid,CostlyCorianders,EarnestEspressos,13304294
2026-07-09T08:06:34.682256,2026-07-09T08:06:34.691475+00:00,125.1,43,bid,CostlyCorianders,EarnestEspressos,13304299
2026-07-09T08:06:34.738322,2026-07-09T08:06:34.764047+00:00,124.8,43,ask,DiligentDonuts,CostlyCorianders,13304301
2026-07-09T08:06:34.753357,2026-07-09T08:06:34.764047+00:00,125.1,50,bid,FlawlessFlatbreads,EarnestEspressos,13304302
2026-07-09T08:06:35.735752,2026-07-09T08:06:35.758609+00:00,124.8,44,ask,DiligentDonuts,CostlyCorianders,13304321
2026-07-09T08:06:36.860930,2026-07-09T08:06:36.868710+00:00,125.3,50,bid,FlawlessFlatbreads,DiligentDonuts,13304332
2026-07-09T08:06:38.993195,2026-07-09T08:06:39.005067+00:00,125.1,50,bid,FlawlessFlatbreads,DiligentDonuts,13304371
2026-07-09T08:06:40.592633,2026-07-09T08:06:40.603489+00:00,125.0,3,ask,EarnestEspressos,Xuanyu Liu,13304393
2026-07-09T08:06:40.602550,2026-07-09T08:06:40.618766+00:00,125.0,20,ask,EarnestEspressos,Heero Sipayung,13304395
2026-07-09T08:06:40.699891,2026-07-09T08:06:40.712195+00:00,125.2,20,bid,Heero Sipayung,DiligentDonuts,13304404
2026-07-09T08:06:40.906124,2026-07-09T08:06:40.918505+00:00,125.2,42,bid,CostlyCorianders,DiligentDonuts,13304405
2026-07-09T08:06:41.985976,2026-07-09T08:06:41.998058+00:00,125.0,11,ask,EarnestEspressos,Xuanyu Liu,13304433
2026-07-09T08:06:41.990802,2026-07-09T08:06:41.998058+00:00,125.0,20,ask,EarnestEspressos,Heero Sipayung,13304434
2026-07-09T08:06:42.073644,2026-07-09T08:06:42.083035+00:00,125.0,20,ask,EarnestEspressos,Heero Sipayung,13304437
2026-07-09T08:06:42.095752,2026-07-09T08:06:42.107658+00:00,125.0,20,ask,EarnestEspressos,Heero Sipayung,13304440
2026-07-09T08:06:42.118177,2026-07-09T08:06:42.130127+00:00,125.0,20,ask,EarnestEspressos,Heero Sipayung,13304442
2026-07-09T08:06:42.150165,2026-07-09T08:06:42.163635+00:00,125.0,20,ask,EarnestEspressos,Heero Sipayung,13304444
2026-07-09T08:06:42.183371,2026-07-09T08:06:42.194926+00:00,125.0,16,ask,EarnestEspressos,Heero Sipayung,13304446
2026-07-09T08:06:42.205700,2026-07-09T08:06:42.215760+00:00,124.7,4,ask,DiligentDonuts,Heero Sipayung,13304449
2026-07-09T08:06:43.061411,2026-07-09T08:06:43.069192+00:00,124.7,96,ask,DiligentDonuts,EarnestEspressos,13304459
2026-07-09T08:06:43.075636,2026-07-09T08:06:43.085423+00:00,124.7,11,bid,Xuanyu Liu,EarnestEspressos,13304460
2026-07-09T08:06:43.258186,2026-07-09T08:06:43.269140+00:00,124.2,50,ask,EarnestEspressos,FlawlessFlatbreads,13304467
2026-07-09T08:06:43.296570,2026-07-09T08:06:43.306862+00:00,124.7,3,bid,Xuanyu Liu,EarnestEspressos,13304469
2026-07-09T08:06:43.353429,2026-07-09T08:06:43.363788+00:00,124.7,20,bid,Heero Sipayung,EarnestEspressos,13304472
2026-07-09T08:06:43.428672,2026-07-09T08:06:43.436971+00:00,124.7,20,bid,Heero Sipayung,EarnestEspressos,13304474
2026-07-09T08:06:45.367949,2026-07-09T08:06:45.375518+00:00,124.6,50,ask,DiligentDonuts,FlawlessFlatbreads,13304495
2026-07-09T08:06:47.474821,2026-07-09T08:06:47.486797+00:00,124.6,50,ask,EarnestEspressos,FlawlessFlatbreads,13304541
2026-07-09T08:06:48.108320,2026-07-09T08:06:48.120063+00:00,124.8,43,bid,CostlyCorianders,DiligentDonuts,13304552
2026-07-09T08:06:48.625475,2026-07-09T08:06:48.658610+00:00,124.6,47,ask,EarnestEspressos,CostlyCorianders,13304561
2026-07-09T08:06:49.582343,2026-07-09T08:06:49.594440+00:00,124.3,50,ask,DiligentDonuts,FlawlessFlatbreads,13304575
2026-07-09T08:06:51.695490,2026-07-09T08:06:51.704954+00:00,124.2,50,ask,DiligentDonuts,FlawlessFlatbreads,13304609
2026-07-09T08:06:53.183076,2026-07-09T08:06:53.193172+00:00,124.5,20,bid,Heero Sipayung,DiligentDonuts,13304627
2026-07-09T08:06:53.207486,2026-07-09T08:06:53.224727+00:00,124.5,20,bid,Heero Sipayung,DiligentDonuts,13304630
2026-07-09T08:06:53.238942,2026-07-09T08:06:53.250331+00:00,124.5,20,bid,Heero Sipayung,DiligentDonuts,13304632
2026-07-09T08:06:53.260152,2026-07-09T08:06:53.270878+00:00,124.5,20,bid,FlawlessFlatbreads,DiligentDonuts,13304634
2026-07-09T08:06:53.762229,2026-07-09T08:06:53.774349+00:00,124.5,20,bid,Heero Sipayung,DiligentDonuts,13304638
2026-07-09T08:06:53.762229,2026-07-09T08:06:53.774349+00:00,124.6,30,bid,FlawlessFlatbreads,EarnestEspressos,13304639
2026-07-09T08:06:53.876468,2026-07-09T08:06:53.883817+00:00,124.6,41,bid,CostlyCorianders,EarnestEspressos,13304646
2026-07-09T08:06:54.364374,2026-07-09T08:06:54.376361+00:00,124.1,49,ask,EarnestEspressos,CostlyCorianders,13304654
2026-07-09T08:06:54.892636,2026-07-09T08:06:54.900164+00:00,124.6,44,bid,CostlyCorianders,EarnestEspressos,13304656
2026-07-09T08:06:55.412238,2026-07-09T08:06:55.421838+00:00,124.1,42,ask,EarnestEspressos,CostlyCorianders,13304670
2026-07-09T08:06:55.873839,2026-07-09T08:06:55.881610+00:00,124.7,50,bid,FlawlessFlatbreads,EarnestEspressos,13304677
2026-07-09T08:06:57.039113,2026-07-09T08:06:57.048062+00:00,124.7,46,bid,CostlyCorianders,EarnestEspressos,13304699
2026-07-09T08:06:58.031567,2026-07-09T08:06:58.043932+00:00,124.2,50,ask,EarnestEspressos,FlawlessFlatbreads,13304712
2026-07-09T08:06:58.444968,2026-07-09T08:06:58.451750+00:00,124.2,47,ask,EarnestEspressos,CostlyCorianders,13304714
2026-07-09T08:07:00.143263,2026-07-09T08:07:00.144004+00:00,124.1,50,ask,DiligentDonuts,FlawlessFlatbreads,13304737
2026-07-09T08:07:02.250318,2026-07-09T08:07:02.258627+00:00,124.1,50,ask,DiligentDonuts,FlawlessFlatbreads,13304768
2026-07-09T08:07:03.308476,2026-07-09T08:07:03.316575+00:00,124.1,49,bid,CostlyCorianders,DiligentDonuts,13304787
2026-07-09T08:07:04.362467,2026-07-09T08:07:04.374318+00:00,123.8,50,ask,EarnestEspressos,FlawlessFlatbreads,13304803
2026-07-09T08:07:04.413744,2026-07-09T08:07:04.423335+00:00,124.1,46,bid,CostlyCorianders,DiligentDonuts,13304805
2026-07-09T08:07:06.469634,2026-07-09T08:07:06.479553+00:00,123.8,50,ask,DiligentDonuts,FlawlessFlatbreads,13304837
2026-07-09T08:07:08.525261,2026-07-09T08:07:08.563690+00:00,123.9,50,bid,FlawlessFlatbreads,EarnestEspressos,13304863
2026-07-09T08:07:08.698700,2026-07-09T08:07:08.711051+00:00,123.8,41,ask,DiligentDonuts,CostlyCorianders,13304864
2026-07-09T08:07:09.685577,2026-07-09T08:07:09.700543+00:00,123.9,46,bid,CostlyCorianders,EarnestEspressos,13304882
2026-07-09T08:07:10.686518,2026-07-09T08:07:10.699021+00:00,123.4,50,ask,EarnestEspressos,FlawlessFlatbreads,13304898
2026-07-09T08:07:12.747165,2026-07-09T08:07:12.749144+00:00,123.8,50,bid,FlawlessFlatbreads,DiligentDonuts,13304932
2026-07-09T08:07:14.855924,2026-07-09T08:07:14.814279+00:00,123.8,50,bid,FlawlessFlatbreads,DiligentDonuts,13304972
2026-07-09T08:07:16.965805,2026-07-09T08:07:16.976205+00:00,124.1,50,bid,FlawlessFlatbreads,EarnestEspressos,13305015
2026-07-09T08:07:18.973363,2026-07-09T08:07:18.981836+00:00,123.8,46,ask,EarnestEspressos,CostlyCorianders,13305054
2026-07-09T08:07:19.529711,2026-07-09T08:07:19.564297+00:00,124.3,45,bid,CostlyCorianders,EarnestEspressos,13305058
2026-07-09T08:07:21.238462,2026-07-09T08:07:21.264235+00:00,123.9,50,ask,EarnestEspressos,FlawlessFlatbreads,13305080
2026-07-09T08:07:22.851337,2026-07-09T08:07:22.863672+00:00,123.9,46,ask,EarnestEspressos,CostlyCorianders,13305106
2026-07-09T08:07:23.345937,2026-07-09T08:07:23.363680+00:00,123.9,50,ask,EarnestEspressos,FlawlessFlatbreads,13305114
2026-07-09T08:07:24.208533,2026-07-09T08:07:24.275289+00:00,123.8,100,ask,DiligentDonuts,EarnestEspressos,13305130
2026-07-09T08:07:24.265332,2026-07-09T08:07:24.275289+00:00,123.7,14,bid,Xuanyu Liu,EarnestEspressos,13305132
2026-07-09T08:07:25.402991,2026-07-09T08:07:25.474144+00:00,123.7,36,bid,FlawlessFlatbreads,EarnestEspressos,13305146
2026-07-09T08:07:25.402991,2026-07-09T08:07:25.474144+00:00,124.0,14,bid,FlawlessFlatbreads,DiligentDonuts,13305147
2026-07-09T08:07:26.851719,2026-07-09T08:07:26.863654+00:00,124.0,47,bid,CostlyCorianders,DiligentDonuts,13305161
2026-07-09T08:07:27.511923,2026-07-09T08:07:27.558656+00:00,124.0,39,bid,FlawlessFlatbreads,DiligentDonuts,13305177
2026-07-09T08:07:27.511923,2026-07-09T08:07:27.558656+00:00,124.4,11,bid,FlawlessFlatbreads,EarnestEspressos,13305178
2026-07-09T08:07:29.515387,2026-07-09T08:07:29.563679+00:00,123.9,40,ask,EarnestEspressos,CostlyCorianders,13305203
2026-07-09T08:07:29.649779,2026-07-09T08:07:29.663673+00:00,124.3,50,bid,FlawlessFlatbreads,DiligentDonuts,13305209
2026-07-09T08:07:30.146848,2026-07-09T08:07:30.101630+00:00,123.9,42,ask,EarnestEspressos,CostlyCorianders,13305215
2026-07-09T08:07:31.072862,2026-07-09T08:07:31.083466+00:00,124.3,100,bid,DiligentDonuts,EarnestEspressos,13305239
2026-07-09T08:07:31.760721,2026-07-09T08:07:31.772823+00:00,124.3,50,bid,FlawlessFlatbreads,EarnestEspressos,13305245
2026-07-09T08:07:33.670206,2026-07-09T08:07:33.679836+00:00,124.3,14,ask,EarnestEspressos,Xuanyu Liu,13305274
2026-07-09T08:07:33.754776,2026-07-09T08:07:33.768779+00:00,124.3,49,ask,EarnestEspressos,CostlyCorianders,13305278
2026-07-09T08:07:33.928288,2026-07-09T08:07:33.963699+00:00,124.3,50,ask,EarnestEspressos,FlawlessFlatbreads,13305280
2026-07-09T08:07:34.288327,2026-07-09T08:07:34.295166+00:00,124.3,37,ask,EarnestEspressos,DiligentDonuts,13305284
2026-07-09T08:07:42.331112,2026-07-09T08:07:42.364413+00:00,124.2,50,bid,FlawlessFlatbreads,EarnestEspressos,13305377
2026-07-09T08:07:42.682621,2026-07-09T08:07:42.765063+00:00,124.2,43,bid,CostlyCorianders,EarnestEspressos,13305384
2026-07-09T08:07:43.160789,2026-07-09T08:07:43.169387+00:00,124.0,49,ask,EarnestEspressos,CostlyCorianders,13305392
2026-07-09T08:07:44.490117,2026-07-09T08:07:44.564160+00:00,124.0,50,ask,EarnestEspressos,FlawlessFlatbreads,13305410
2026-07-09T08:07:46.625247,2026-07-09T08:07:46.638403+00:00,123.8,50,ask,DiligentDonuts,FlawlessFlatbreads,13305425
2026-07-09T08:07:48.736612,2026-07-09T08:07:48.748467+00:00,123.6,50,ask,EarnestEspressos,FlawlessFlatbreads,13305448
2026-07-09T08:07:49.053388,2026-07-09T08:07:49.063625+00:00,124.0,42,bid,CostlyCorianders,DiligentDonuts,13305456
2026-07-09T08:07:50.851999,2026-07-09T08:07:50.869075+00:00,123.7,50,ask,DiligentDonuts,FlawlessFlatbreads,13305500
2026-07-09T08:07:51.081470,2026-07-09T08:07:51.093129+00:00,123.8,47,bid,CostlyCorianders,EarnestEspressos,13305503
2026-07-09T08:07:52.220184,2026-07-09T08:07:52.232191+00:00,123.8,44,bid,CostlyCorianders,EarnestEspressos,13305529
2026-07-09T08:07:52.959472,2026-07-09T08:07:52.968970+00:00,124.0,50,ask,EarnestEspressos,FlawlessFlatbreads,13305541
2026-07-09T08:07:53.311147,2026-07-09T08:07:53.322966+00:00,124.0,41,ask,EarnestEspressos,CostlyCorianders,13305548
2026-07-09T08:07:54.352832,2026-07-09T08:07:54.363783+00:00,124.0,42,ask,EarnestEspressos,CostlyCorianders,13305566
2026-07-09T08:07:55.091197,2026-07-09T08:07:55.109275+00:00,124.0,17,ask,EarnestEspressos,FlawlessFlatbreads,13305572
2026-07-09T08:07:55.091197,2026-07-09T08:07:55.109275+00:00,123.7,33,ask,DiligentDonuts,FlawlessFlatbreads,13305573
2026-07-09T08:07:55.849438,2026-07-09T08:07:55.874679+00:00,123.7,67,ask,DiligentDonuts,EarnestEspressos,13305585
2026-07-09T08:07:55.864930,2026-07-09T08:07:55.874679+00:00,123.7,14,bid,Xuanyu Liu,EarnestEspressos,13305586
2026-07-09T08:07:57.201756,2026-07-09T08:07:57.213645+00:00,123.4,50,ask,DiligentDonuts,FlawlessFlatbreads,13305605
2026-07-09T08:07:57.620648,2026-07-09T08:07:57.632138+00:00,123.7,12,bid,Xuanyu Liu,EarnestEspressos,13305613
2026-07-09T08:07:59.331680,2026-07-09T08:07:59.335758+00:00,123.5,50,ask,EarnestEspressos,FlawlessFlatbreads,13305643
2026-07-09T08:07:59.622436,2026-07-09T08:07:59.632359+00:00,123.7,11,bid,Xuanyu Liu,DiligentDonuts,13305656
2026-07-09T08:08:01.190761,2026-07-09T08:08:01.197786+00:00,123.7,48,bid,CostlyCorianders,DiligentDonuts,13305680
2026-07-09T08:08:01.827674,2026-07-09T08:08:01.839382+00:00,123.5,40,ask,EarnestEspressos,CostlyCorianders,13305688
2026-07-09T08:08:04.889012,2026-07-09T08:08:04.901566+00:00,123.7,23,bid,Xuanyu Liu,EarnestEspressos,13305729
2026-07-09T08:08:06.220186,2026-07-09T08:08:06.228064+00:00,123.8,41,bid,CostlyCorianders,EarnestEspressos,13305740
2026-07-09T08:08:07.794783,2026-07-09T08:08:07.803631+00:00,123.4,50,ask,DiligentDonuts,FlawlessFlatbreads,13305764
2026-07-09T08:08:08.875108,2026-07-09T08:08:08.886773+00:00,123.9,46,bid,CostlyCorianders,DiligentDonuts,13305782
2026-07-09T08:08:08.929170,2026-07-09T08:08:08.958661+00:00,123.7,40,ask,EarnestEspressos,CostlyCorianders,13305783
2026-07-09T08:08:09.469763,2026-07-09T08:08:09.480129+00:00,123.7,41,ask,EarnestEspressos,CostlyCorianders,13305798
2026-07-09T08:08:11.957665,2026-07-09T08:08:11.969713+00:00,123.8,50,bid,FlawlessFlatbreads,EarnestEspressos,13305838
2026-07-09T08:08:13.132774,2026-07-09T08:08:13.158617+00:00,123.8,40,bid,CostlyCorianders,EarnestEspressos,13305859
2026-07-09T08:08:14.158337,2026-07-09T08:08:14.170342+00:00,123.5,50,ask,DiligentDonuts,FlawlessFlatbreads,13305872
2026-07-09T08:08:14.920446,2026-07-09T08:08:14.898068+00:00,124.0,43,bid,CostlyCorianders,DiligentDonuts,13305886
2026-07-09T08:08:14.974774,2026-07-09T08:08:14.986853+00:00,123.7,45,ask,EarnestEspressos,CostlyCorianders,13305887
2026-07-09T08:08:16.051511,2026-07-09T08:08:16.063669+00:00,124.1,49,bid,CostlyCorianders,DiligentDonuts,13305900
2026-07-09T08:08:16.107224,2026-07-09T08:08:16.127547+00:00,123.7,41,ask,EarnestEspressos,CostlyCorianders,13305901
2026-07-09T08:08:16.215150,2026-07-09T08:08:16.224561+00:00,124.1,50,bid,FlawlessFlatbreads,DiligentDonuts,13305903
2026-07-09T08:08:17.357056,2026-07-09T08:08:17.368918+00:00,123.7,40,ask,EarnestEspressos,CostlyCorianders,13305923
2026-07-09T08:08:18.330797,2026-07-09T08:08:18.340105+00:00,123.8,50,bid,FlawlessFlatbreads,EarnestEspressos,13305941
2026-07-09T08:08:18.554015,2026-07-09T08:08:18.558626+00:00,123.8,100,bid,DiligentDonuts,EarnestEspressos,13305944
2026-07-09T08:08:20.277030,2026-07-09T08:08:20.284411+00:00,124.3,46,bid,CostlyCorianders,DiligentDonuts,13305962
2026-07-09T08:08:20.440337,2026-07-09T08:08:20.446683+00:00,124.3,50,bid,FlawlessFlatbreads,DiligentDonuts,13305969
2026-07-09T08:08:21.992536,2026-07-09T08:08:21.996703+00:00,123.8,23,ask,EarnestEspressos,Xuanyu Liu,13305995
2026-07-09T08:08:22.272635,2026-07-09T08:08:22.285301+00:00,123.8,41,ask,EarnestEspressos,CostlyCorianders,13306000
2026-07-09T08:08:22.573013,2026-07-09T08:08:22.584628+00:00,124.3,50,bid,FlawlessFlatbreads,EarnestEspressos,13306004
2026-07-09T08:08:24.764541,2026-07-09T08:08:24.774130+00:00,123.9,50,ask,EarnestEspressos,FlawlessFlatbreads,13306047
2026-07-09T08:08:25.776438,2026-07-09T08:08:25.786460+00:00,124.4,49,bid,CostlyCorianders,EarnestEspressos,13306064
2026-07-09T08:08:26.820923,2026-07-09T08:08:26.832821+00:00,124.4,50,bid,FlawlessFlatbreads,EarnestEspressos,13306072
2026-07-09T08:08:27.465006,2026-07-09T08:08:27.477240+00:00,124.0,11,ask,EarnestEspressos,Xuanyu Liu,13306088
2026-07-09T08:08:27.989596,2026-07-09T08:08:28.001573+00:00,124.0,46,ask,EarnestEspressos,CostlyCorianders,13306097
2026-07-09T08:08:28.563160,2026-07-09T08:08:28.580004+00:00,124.0,49,ask,EarnestEspressos,CostlyCorianders,13306105
2026-07-09T08:08:28.570068,2026-07-09T08:08:28.580004+00:00,124.0,12,ask,EarnestEspressos,Xuanyu Liu,13306106
2026-07-09T08:08:29.003789,2026-07-09T08:08:29.013229+00:00,124.0,32,ask,EarnestEspressos,FlawlessFlatbreads,13306110
2026-07-09T08:08:29.003789,2026-07-09T08:08:29.013229+00:00,123.9,18,ask,DiligentDonuts,FlawlessFlatbreads,13306111
2026-07-09T08:08:29.673322,2026-07-09T08:08:29.684331+00:00,124.4,47,bid,CostlyCorianders,DiligentDonuts,13306119
2026-07-09T08:08:30.664738,2026-07-09T08:08:30.671993+00:00,123.9,82,ask,DiligentDonuts,EarnestEspressos,13306132
2026-07-09T08:08:30.681517,2026-07-09T08:08:30.694501+00:00,123.8,12,bid,Xuanyu Liu,EarnestEspressos,13306134
2026-07-09T08:08:31.062099,2026-07-09T08:08:31.070447+00:00,123.8,50,bid,FlawlessFlatbreads,EarnestEspressos,13306139
2026-07-09T08:08:33.169234,2026-07-09T08:08:33.182002+00:00,123.8,6,bid,FlawlessFlatbreads,EarnestEspressos,13306180
2026-07-09T08:08:33.169234,2026-07-09T08:08:33.182002+00:00,124.1,44,bid,FlawlessFlatbreads,DiligentDonuts,13306181
2026-07-09T08:08:34.803680,2026-07-09T08:08:34.863651+00:00,124.2,47,bid,CostlyCorianders,DiligentDonuts,13306199
2026-07-09T08:08:35.065498,2026-07-09T08:08:35.074764+00:00,123.9,12,ask,EarnestEspressos,Xuanyu Liu,13306206
2026-07-09T08:08:35.281821,2026-07-09T08:08:35.291073+00:00,124.2,50,bid,FlawlessFlatbreads,DiligentDonuts,13306214
2026-07-09T08:08:36.328791,2026-07-09T08:08:36.337110+00:00,123.9,48,ask,EarnestEspressos,CostlyCorianders,13306226
2026-07-09T08:08:37.570033,2026-07-09T08:08:37.580284+00:00,123.9,11,ask,DiligentDonuts,Xuanyu Liu,13306249
2026-07-09T08:08:38.344934,2026-07-09T08:08:38.363914+00:00,124.0,46,bid,CostlyCorianders,EarnestEspressos,13306259
2026-07-09T08:08:38.892063,2026-07-09T08:08:38.904275+00:00,123.9,45,ask,DiligentDonuts,CostlyCorianders,13306274
2026-07-09T08:08:39.528549,2026-07-09T08:08:39.540275+00:00,124.0,50,bid,FlawlessFlatbreads,EarnestEspressos,13306279
2026-07-09T08:08:39.534521,2026-07-09T08:08:39.545527+00:00,123.9,44,ask,DiligentDonuts,CostlyCorianders,13306280
2026-07-09T08:08:41.636314,2026-07-09T08:08:41.646089+00:00,124.2,50,bid,FlawlessFlatbreads,DiligentDonuts,13306320
2026-07-09T08:08:41.759856,2026-07-09T08:08:41.770511+00:00,123.9,3,ask,EarnestEspressos,Xuanyu Liu,13306325
2026-07-09T08:08:43.780362,2026-07-09T08:08:43.858642+00:00,124.1,50,bid,FlawlessFlatbreads,EarnestEspressos,13306371
2026-07-09T08:08:45.203915,2026-07-09T08:08:45.216401+00:00,124.0,45,bid,CostlyCorianders,DiligentDonuts,13306392
2026-07-09T08:08:45.887115,2026-07-09T08:08:45.894701+00:00,124.0,50,bid,FlawlessFlatbreads,DiligentDonuts,13306404
2026-07-09T08:08:46.333918,2026-07-09T08:08:46.340987+00:00,124.0,5,bid,CostlyCorianders,DiligentDonuts,13306419
2026-07-09T08:08:46.333918,2026-07-09T08:08:46.346174+00:00,124.1,41,bid,CostlyCorianders,EarnestEspressos,13306420
2026-07-09T08:08:47.950334,2026-07-09T08:08:47.957085+00:00,123.8,41,ask,EarnestEspressos,CostlyCorianders,13306445
2026-07-09T08:08:48.052306,2026-07-09T08:08:48.053422+00:00,123.8,50,ask,EarnestEspressos,FlawlessFlatbreads,13306446
2026-07-09T08:08:50.194519,2026-07-09T08:08:50.201873+00:00,123.7,50,ask,EarnestEspressos,FlawlessFlatbreads,13306471
2026-07-09T08:08:52.311729,2026-07-09T08:08:52.320958+00:00,123.9,50,ask,DiligentDonuts,FlawlessFlatbreads,13306502
2026-07-09T08:08:52.520851,2026-07-09T08:08:52.532939+00:00,123.9,41,ask,DiligentDonuts,CostlyCorianders,13306509
2026-07-09T08:08:54.432020,2026-07-09T08:08:54.444042+00:00,123.6,50,ask,DiligentDonuts,FlawlessFlatbreads,13306535
2026-07-09T08:08:55.029690,2026-07-09T08:08:55.043660+00:00,124.0,47,bid,CostlyCorianders,EarnestEspressos,13306549
2026-07-09T08:08:55.982348,2026-07-09T08:08:55.990992+00:00,123.8,46,ask,EarnestEspressos,CostlyCorianders,13306562
2026-07-09T08:08:56.538313,2026-07-09T08:08:56.547162+00:00,123.8,50,ask,EarnestEspressos,FlawlessFlatbreads,13306575
2026-07-09T08:08:57.935509,2026-07-09T08:08:57.943235+00:00,124.1,40,bid,CostlyCorianders,DiligentDonuts,13306590
2026-07-09T08:08:58.649393,2026-07-09T08:08:58.658562+00:00,123.8,50,ask,EarnestEspressos,FlawlessFlatbreads,13306594
2026-07-09T08:08:59.186728,2026-07-09T08:08:59.197795+00:00,123.6,100,ask,DiligentDonuts,EarnestEspressos,13306603
2026-07-09T08:08:59.199128,2026-07-09T08:08:59.208048+00:00,123.6,14,bid,Xuanyu Liu,EarnestEspressos,13306604
2026-07-09T08:09:02.892705,2026-07-09T08:09:02.905825+00:00,123.6,50,ask,EarnestEspressos,FlawlessFlatbreads,13306655
2026-07-09T08:09:04.886522,2026-07-09T08:09:04.898373+00:00,123.6,40,ask,EarnestEspressos,CostlyCorianders,13306681
2026-07-09T08:09:05.001981,2026-07-09T08:09:05.013897+00:00,123.6,50,ask,EarnestEspressos,FlawlessFlatbreads,13306685
2026-07-09T08:09:05.344593,2026-07-09T08:09:05.352423+00:00,123.7,48,bid,CostlyCorianders,DiligentDonuts,13306690
2026-07-09T08:09:05.522545,2026-07-09T08:09:05.532118+00:00,123.5,12,bid,Xuanyu Liu,EarnestEspressos,13306692
2026-07-09T08:09:06.554746,2026-07-09T08:09:06.566657+00:00,123.5,42,bid,CostlyCorianders,EarnestEspressos,13306706
2026-07-09T08:09:06.689229,2026-07-09T08:09:06.700666+00:00,123.5,11,bid,Xuanyu Liu,EarnestEspressos,13306713
2026-07-09T08:09:06.701827,2026-07-09T08:09:06.706367+00:00,123.4,11,ask,DiligentDonuts,Xuanyu Liu,13306714
2026-07-09T08:09:07.138682,2026-07-09T08:09:07.147842+00:00,123.4,50,ask,DiligentDonuts,FlawlessFlatbreads,13306725
2026-07-09T08:09:09.246166,2026-07-09T08:09:09.258611+00:00,123.1,50,ask,EarnestEspressos,FlawlessFlatbreads,13306761
2026-07-09T08:09:11.301881,2026-07-09T08:09:11.314112+00:00,123.5,50,bid,FlawlessFlatbreads,DiligentDonuts,13306797
2026-07-09T08:09:11.958859,2026-07-09T08:09:12.030139+00:00,123.4,46,bid,CostlyCorianders,EarnestEspressos,13306810
2026-07-09T08:09:12.001626,2026-07-09T08:09:12.030139+00:00,123.4,11,bid,Xuanyu Liu,EarnestEspressos,13306811
2026-07-09T08:09:12.406903,2026-07-09T08:09:12.414762+00:00,123.4,93,bid,DiligentDonuts,EarnestEspressos,13306822
2026-07-09T08:09:12.935091,2026-07-09T08:09:12.947775+00:00,123.5,7,ask,DiligentDonuts,CostlyCorianders,13306825
2026-07-09T08:09:12.935091,2026-07-09T08:09:12.947775+00:00,122.9,36,ask,EarnestEspressos,CostlyCorianders,13306826
2026-07-09T08:09:13.411550,2026-07-09T08:09:13.423345+00:00,124.0,50,bid,FlawlessFlatbreads,DiligentDonuts,13306836
2026-07-09T08:09:15.521168,2026-07-09T08:09:15.529934+00:00,124.0,50,bid,FlawlessFlatbreads,EarnestEspressos,13306865
2026-07-09T08:09:15.954763,2026-07-09T08:09:15.965036+00:00,123.5,41,ask,EarnestEspressos,CostlyCorianders,13306870
2026-07-09T08:09:16.965889,2026-07-09T08:09:16.977611+00:00,123.7,48,bid,CostlyCorianders,DiligentDonuts,13306892
2026-07-09T08:09:17.680844,2026-07-09T08:09:17.692609+00:00,123.5,50,ask,EarnestEspressos,FlawlessFlatbreads,13306908
2026-07-09T08:09:19.788995,2026-07-09T08:09:19.796622+00:00,123.5,50,ask,DiligentDonuts,FlawlessFlatbreads,13306953
2026-07-09T08:09:21.135149,2026-07-09T08:09:21.147100+00:00,123.5,46,ask,DiligentDonuts,CostlyCorianders,13306980
2026-07-09T08:09:21.895862,2026-07-09T08:09:21.905064+00:00,123.5,50,ask,EarnestEspressos,FlawlessFlatbreads,13306989
2026-07-09T08:09:22.151621,2026-07-09T08:09:22.158962+00:00,123.5,43,ask,EarnestEspressos,CostlyCorianders,13306991
2026-07-09T08:09:23.951441,2026-07-09T08:09:23.945313+00:00,123.7,50,bid,FlawlessFlatbreads,DiligentDonuts,13307018
2026-07-09T08:09:24.270070,2026-07-09T08:09:24.281609+00:00,123.7,41,bid,CostlyCorianders,DiligentDonuts,13307024
2026-07-09T08:09:25.075567,2026-07-09T08:09:25.086115+00:00,123.6,11,ask,DiligentDonuts,Xuanyu Liu,13307033
2026-07-09T08:09:25.741689,2026-07-09T08:09:25.751312+00:00,123.6,41,ask,DiligentDonuts,CostlyCorianders,13307042
2026-07-09T08:09:26.059388,2026-07-09T08:09:26.074073+00:00,123.8,50,bid,FlawlessFlatbreads,EarnestEspressos,13307050
2026-07-09T08:09:26.384338,2026-07-09T08:09:26.392994+00:00,123.6,23,ask,DiligentDonuts,Xuanyu Liu,13307060
2026-07-09T08:09:27.677434,2026-07-09T08:09:27.685605+00:00,123.6,25,ask,DiligentDonuts,EarnestEspressos,13307086
2026-07-09T08:09:27.733716,2026-07-09T08:09:27.744118+00:00,123.5,11,bid,Xuanyu Liu,EarnestEspressos,13307088
2026-07-09T08:09:27.874110,2026-07-09T08:09:27.883321+00:00,123.5,44,bid,CostlyCorianders,EarnestEspressos,13307091
2026-07-09T08:09:28.219053,2026-07-09T08:09:28.227679+00:00,123.0,50,ask,EarnestEspressos,FlawlessFlatbreads,13307098
2026-07-09T08:09:30.332773,2026-07-09T08:09:30.346641+00:00,123.0,50,ask,EarnestEspressos,FlawlessFlatbreads,13307136
2026-07-09T08:09:30.363818,2026-07-09T08:09:30.375403+00:00,123.5,12,bid,Xuanyu Liu,EarnestEspressos,13307140
2026-07-09T08:09:30.447969,2026-07-09T08:09:30.455175+00:00,123.5,44,bid,CostlyCorianders,EarnestEspressos,13307144
2026-07-09T08:09:31.001306,2026-07-09T08:09:31.009074+00:00,123.4,42,ask,EarnestEspressos,CostlyCorianders,13307154
2026-07-09T08:09:31.622621,2026-07-09T08:09:31.634907+00:00,123.6,44,bid,CostlyCorianders,DiligentDonuts,13307159
2026-07-09T08:09:31.678612,2026-07-09T08:09:31.685779+00:00,123.4,47,ask,EarnestEspressos,CostlyCorianders,13307166
2026-07-09T08:09:32.443496,2026-07-09T08:09:32.452220+00:00,123.4,50,ask,EarnestEspressos,FlawlessFlatbreads,13307177
2026-07-09T08:09:34.025647,2026-07-09T08:09:34.049849+00:00,123.1,100,ask,DiligentDonuts,EarnestEspressos,13307205
2026-07-09T08:09:34.038864,2026-07-09T08:09:34.049849+00:00,123.1,23,bid,Xuanyu Liu,EarnestEspressos,13307206
2026-07-09T08:09:34.494436,2026-07-09T08:09:34.503689+00:00,123.1,11,bid,Xuanyu Liu,EarnestEspressos,13307212
2026-07-09T08:09:35.250829,2026-07-09T08:09:35.258590+00:00,123.1,16,bid,CostlyCorianders,EarnestEspressos,13307231
2026-07-09T08:09:35.250829,2026-07-09T08:09:35.258590+00:00,123.3,30,bid,CostlyCorianders,DiligentDonuts,13307232
2026-07-09T08:09:37.136347,2026-07-09T08:09:37.148434+00:00,123.3,70,bid,EarnestEspressos,DiligentDonuts,13307256
2026-07-09T08:09:37.206062,2026-07-09T08:09:37.217370+00:00,123.3,11,ask,EarnestEspressos,Xuanyu Liu,13307257
2026-07-09T08:09:37.245685,2026-07-09T08:09:37.257633+00:00,123.3,47,ask,EarnestEspressos,CostlyCorianders,13307260
2026-07-09T08:09:38.295612,2026-07-09T08:09:38.311312+00:00,123.3,22,ask,EarnestEspressos,Xuanyu Liu,13307289
2026-07-09T08:09:39.866991,2026-07-09T08:09:39.879043+00:00,123.6,48,bid,CostlyCorianders,DiligentDonuts,13307318
2026-07-09T08:09:40.356905,2026-07-09T08:09:40.380430+00:00,123.1,100,ask,DiligentDonuts,EarnestEspressos,13307330
2026-07-09T08:09:40.371214,2026-07-09T08:09:40.380430+00:00,123.0,22,bid,Xuanyu Liu,EarnestEspressos,13307331
2026-07-09T08:09:40.813441,2026-07-09T08:09:40.821701+00:00,123.0,28,bid,FlawlessFlatbreads,EarnestEspressos,13307335
2026-07-09T08:09:41.592062,2026-07-09T08:09:41.604133+00:00,122.8,47,ask,DiligentDonuts,CostlyCorianders,13307355
2026-07-09T08:09:42.978295,2026-07-09T08:09:42.987434+00:00,122.8,50,ask,DiligentDonuts,FlawlessFlatbreads,13307387
2026-07-09T08:09:43.548566,2026-07-09T08:09:43.558712+00:00,123.2,12,ask,EarnestEspressos,Xuanyu Liu,13307394
2026-07-09T08:09:44.079350,2026-07-09T08:09:44.089479+00:00,123.2,100,ask,EarnestEspressos,DiligentDonuts,13307404
2026-07-09T08:09:45.035454,2026-07-09T08:09:45.045379+00:00,123.7,50,bid,FlawlessFlatbreads,EarnestEspressos,13307417
2026-07-09T08:09:46.188018,2026-07-09T08:09:46.200078+00:00,123.2,38,ask,EarnestEspressos,CostlyCorianders,13307429
2026-07-09T08:09:47.085558,2026-07-09T08:09:47.101356+00:00,123.2,12,bid,Xuanyu Liu,EarnestEspressos,13307444
2026-07-09T08:09:47.143470,2026-07-09T08:09:47.151669+00:00,123.2,50,bid,FlawlessFlatbreads,EarnestEspressos,13307446
2026-07-09T08:09:47.187750,2026-07-09T08:09:47.199966+00:00,123.2,88,bid,DiligentDonuts,EarnestEspressos,13307447
2026-07-09T08:09:49.302706,2026-07-09T08:09:49.312060+00:00,123.3,12,ask,DiligentDonuts,FlawlessFlatbreads,13307474
2026-07-09T08:09:49.810819,2026-07-09T08:09:49.826538+00:00,123.6,12,ask,EarnestEspressos,Xuanyu Liu,13307477
