timestamp,recv_time,price,volume,aggressor_side,buyer,seller,trade_id
2026-07-03T02:00:00.179659,2026-07-03T02:00:00.132534+00:00,114.9,50,bid,FlawlessFlatbreads,DiligentDonuts,5143136
2026-07-03T02:00:00.548301,2026-07-03T02:00:00.478983+00:00,114.5,42,ask,EarnestEspressos,CostlyCorianders,5143143
2026-07-03T02:00:02.338006,2026-07-03T02:00:02.349651+00:00,114.4,50,ask,DiligentDonuts,FlawlessFlatbreads,5143162
2026-07-03T02:00:04.468117,2026-07-03T02:00:04.479447+00:00,114.4,50,ask,DiligentDonuts,FlawlessFlatbreads,5143183
2026-07-03T02:00:06.522830,2026-07-03T02:00:06.534316+00:00,114.8,50,bid,FlawlessFlatbreads,DiligentDonuts,5143212
2026-07-03T02:00:10.784912,2026-07-03T02:00:10.796252+00:00,114.6,50,ask,DiligentDonuts,FlawlessFlatbreads,5143263
2026-07-03T02:00:12.893308,2026-07-03T02:00:12.904616+00:00,114.5,50,ask,DiligentDonuts,FlawlessFlatbreads,5143288
2026-07-03T02:00:13.421154,2026-07-03T02:00:13.430026+00:00,114.9,42,bid,CostlyCorianders,EarnestEspressos,5143299
2026-07-03T02:00:14.886223,2026-07-03T02:00:14.897045+00:00,114.6,47,ask,EarnestEspressos,CostlyCorianders,5143321
2026-07-03T02:00:14.947792,2026-07-03T02:00:14.958589+00:00,115.0,50,bid,FlawlessFlatbreads,DiligentDonuts,5143322
2026-07-03T02:00:17.054551,2026-07-03T02:00:17.066266+00:00,114.7,50,bid,FlawlessFlatbreads,DiligentDonuts,5143340
2026-07-03T02:00:19.162252,2026-07-03T02:00:19.173612+00:00,114.8,50,bid,FlawlessFlatbreads,EarnestEspressos,5143374
2026-07-03T02:00:21.269496,2026-07-03T02:00:21.276570+00:00,114.8,50,bid,FlawlessFlatbreads,DiligentDonuts,5143406
2026-07-03T02:00:23.374610,2026-07-03T02:00:23.381108+00:00,115.0,50,bid,FlawlessFlatbreads,EarnestEspressos,5143434
2026-07-03T02:00:26.759586,2026-07-03T02:00:26.768942+00:00,114.8,3,ask,EarnestEspressos,Xuanyu Liu,5143472
2026-07-03T02:00:26.769435,2026-07-03T02:00:26.784591+00:00,114.8,25,ask,EarnestEspressos,Alice Feng,5143474
2026-07-03T02:00:27.636402,2026-07-03T02:00:27.643644+00:00,114.8,50,ask,EarnestEspressos,FlawlessFlatbreads,5143492
2026-07-03T02:00:29.330432,2026-07-03T02:00:29.338968+00:00,114.8,23,ask,EarnestEspressos,Xuanyu Liu,5143516
2026-07-03T02:00:29.381966,2026-07-03T02:00:29.393364+00:00,114.8,25,ask,EarnestEspressos,Alice Feng,5143519
2026-07-03T02:00:29.591384,2026-07-03T02:00:29.602874+00:00,114.8,24,ask,EarnestEspressos,Alice Feng,5143523
2026-07-03T02:00:29.602045,2026-07-03T02:00:29.613305+00:00,114.6,1,ask,DiligentDonuts,Alice Feng,5143525
2026-07-03T02:00:29.744519,2026-07-03T02:00:29.750839+00:00,114.6,50,ask,DiligentDonuts,FlawlessFlatbreads,5143528
2026-07-03T02:00:29.806974,2026-07-03T02:00:29.817487+00:00,114.6,25,ask,DiligentDonuts,Alice Feng,5143529
2026-07-03T02:00:29.958399,2026-07-03T02:00:29.969913+00:00,114.6,24,ask,DiligentDonuts,EarnestEspressos,5143533
2026-07-03T02:00:30.259501,2026-07-03T02:00:30.268144+00:00,114.6,12,bid,Xuanyu Liu,EarnestEspressos,5143538
2026-07-03T02:00:30.865299,2026-07-03T02:00:30.874526+00:00,114.6,47,bid,CostlyCorianders,EarnestEspressos,5143552
2026-07-03T02:00:31.850981,2026-07-03T02:00:31.863860+00:00,114.1,50,ask,EarnestEspressos,FlawlessFlatbreads,5143568
2026-07-03T02:00:31.866614,2026-07-03T02:00:31.878173+00:00,114.6,48,bid,CostlyCorianders,EarnestEspressos,5143569
2026-07-03T02:00:33.959096,2026-07-03T02:00:33.970461+00:00,114.1,50,ask,DiligentDonuts,FlawlessFlatbreads,5143602
2026-07-03T02:00:34.397173,2026-07-03T02:00:34.408873+00:00,114.1,100,ask,EarnestEspressos,DiligentDonuts,5143612
2026-07-03T02:00:36.067151,2026-07-03T02:00:36.078770+00:00,114.1,50,ask,EarnestEspressos,FlawlessFlatbreads,5143627
2026-07-03T02:00:36.296055,2026-07-03T02:00:36.304402+00:00,113.8,14,bid,Xuanyu Liu,EarnestEspressos,5143631
2026-07-03T02:00:36.327869,2026-07-03T02:00:36.339095+00:00,113.8,25,bid,Alice Feng,EarnestEspressos,5143634
2026-07-03T02:00:36.518893,2026-07-03T02:00:36.530603+00:00,113.6,45,ask,DiligentDonuts,CostlyCorianders,5143636
2026-07-03T02:00:36.563963,2026-07-03T02:00:36.575036+00:00,113.8,25,bid,Alice Feng,EarnestEspressos,5143640
2026-07-03T02:00:36.772739,2026-07-03T02:00:36.779781+00:00,113.8,25,bid,Alice Feng,EarnestEspressos,5143645
2026-07-03T02:00:36.812178,2026-07-03T02:00:36.820378+00:00,113.8,3,bid,Xuanyu Liu,EarnestEspressos,5143650
2026-07-03T02:00:36.981335,2026-07-03T02:00:36.988502+00:00,113.8,25,bid,Alice Feng,EarnestEspressos,5143655
2026-07-03T02:00:37.163470,2026-07-03T02:00:37.170044+00:00,113.8,33,bid,CostlyCorianders,EarnestEspressos,5143656
2026-07-03T02:00:38.122630,2026-07-03T02:00:38.130697+00:00,114.3,50,bid,FlawlessFlatbreads,DiligentDonuts,5143666
2026-07-03T02:00:38.286258,2026-07-03T02:00:38.296061+00:00,114.3,42,bid,CostlyCorianders,DiligentDonuts,5143671
2026-07-03T02:00:38.356737,2026-07-03T02:00:38.369067+00:00,113.8,41,ask,DiligentDonuts,CostlyCorianders,5143672
2026-07-03T02:00:39.403359,2026-07-03T02:00:39.411880+00:00,114.0,3,ask,EarnestEspressos,Xuanyu Liu,5143691
2026-07-03T02:00:39.428943,2026-07-03T02:00:39.438015+00:00,114.3,8,bid,CostlyCorianders,DiligentDonuts,5143695
2026-07-03T02:00:40.109973,2026-07-03T02:00:40.121452+00:00,114.0,42,ask,EarnestEspressos,CostlyCorianders,5143704
2026-07-03T02:00:41.028952,2026-07-03T02:00:41.039992+00:00,114.5,45,bid,CostlyCorianders,EarnestEspressos,5143720
2026-07-03T02:00:42.339821,2026-07-03T02:00:42.347257+00:00,114.5,50,bid,FlawlessFlatbreads,EarnestEspressos,5143731
2026-07-03T02:00:43.409869,2026-07-03T02:00:43.421425+00:00,114.3,40,ask,EarnestEspressos,CostlyCorianders,5143750
2026-07-03T02:00:43.902873,2026-07-03T02:00:43.910309+00:00,114.3,45,ask,EarnestEspressos,CostlyCorianders,5143757
2026-07-03T02:00:44.447594,2026-07-03T02:00:44.457835+00:00,114.5,50,bid,FlawlessFlatbreads,DiligentDonuts,5143764
2026-07-03T02:00:44.676005,2026-07-03T02:00:44.684462+00:00,114.3,3,ask,EarnestEspressos,Xuanyu Liu,5143766
2026-07-03T02:00:44.800217,2026-07-03T02:00:44.811546+00:00,114.3,25,ask,EarnestEspressos,Alice Feng,5143769
2026-07-03T02:00:45.036972,2026-07-03T02:00:45.047301+00:00,114.3,25,ask,EarnestEspressos,Alice Feng,5143773
2026-07-03T02:00:45.245900,2026-07-03T02:00:45.258593+00:00,114.3,12,ask,EarnestEspressos,Alice Feng,5143783
2026-07-03T02:00:45.784342,2026-07-03T02:00:45.795870+00:00,114.0,100,ask,DiligentDonuts,EarnestEspressos,5143800
2026-07-03T02:00:45.796907,2026-07-03T02:00:45.806798+00:00,114.0,3,bid,Xuanyu Liu,EarnestEspressos,5143801
2026-07-03T02:00:46.080891,2026-07-03T02:00:46.090873+00:00,114.0,25,bid,Alice Feng,EarnestEspressos,5143809
2026-07-03T02:00:46.298023,2026-07-03T02:00:46.308465+00:00,114.0,22,bid,Alice Feng,EarnestEspressos,5143818
2026-07-03T02:00:48.707935,2026-07-03T02:00:48.719251+00:00,113.5,50,ask,EarnestEspressos,FlawlessFlatbreads,5143859
2026-07-03T02:00:50.813997,2026-07-03T02:00:50.821947+00:00,113.7,50,ask,EarnestEspressos,FlawlessFlatbreads,5143889
2026-07-03T02:00:52.921229,2026-07-03T02:00:52.932266+00:00,113.7,50,ask,DiligentDonuts,FlawlessFlatbreads,5143921
2026-07-03T02:00:53.661427,2026-07-03T02:00:53.672935+00:00,114.0,43,bid,CostlyCorianders,DiligentDonuts,5143934
2026-07-03T02:00:55.030139,2026-07-03T02:00:55.041840+00:00,113.6,50,ask,EarnestEspressos,FlawlessFlatbreads,5143961
2026-07-03T02:00:55.799026,2026-07-03T02:00:55.806797+00:00,113.8,40,bid,CostlyCorianders,EarnestEspressos,5143973
2026-07-03T02:00:56.548162,2026-07-03T02:00:56.558450+00:00,113.8,15,bid,Alice Feng,EarnestEspressos,5143988
2026-07-03T02:00:57.159453,2026-07-03T02:00:57.169140+00:00,113.6,50,ask,DiligentDonuts,FlawlessFlatbreads,5143993
2026-07-03T02:00:59.265894,2026-07-03T02:00:59.277318+00:00,113.6,50,ask,DiligentDonuts,FlawlessFlatbreads,5144024
2026-07-03T02:00:59.700655,2026-07-03T02:00:59.712495+00:00,113.6,100,ask,EarnestEspressos,DiligentDonuts,5144034
2026-07-03T02:01:01.379242,2026-07-03T02:01:01.389785+00:00,113.6,41,ask,EarnestEspressos,CostlyCorianders,5144062
2026-07-03T02:01:01.379484,2026-07-03T02:01:01.395300+00:00,113.6,9,ask,EarnestEspressos,FlawlessFlatbreads,5144063
2026-07-03T02:01:01.379484,2026-07-03T02:01:01.395300+00:00,113.0,41,ask,DiligentDonuts,FlawlessFlatbreads,5144064
2026-07-03T02:01:01.718387,2026-07-03T02:01:01.726896+00:00,113.1,3,bid,Xuanyu Liu,EarnestEspressos,5144068
2026-07-03T02:01:02.305945,2026-07-03T02:01:02.318502+00:00,113.1,48,bid,CostlyCorianders,EarnestEspressos,5144096
2026-07-03T02:01:02.810489,2026-07-03T02:01:02.821840+00:00,113.1,99,bid,DiligentDonuts,EarnestEspressos,5144104
2026-07-03T02:01:03.207827,2026-07-03T02:01:03.222671+00:00,113.6,40,bid,CostlyCorianders,DiligentDonuts,5144114
2026-07-03T02:01:03.890058,2026-07-03T02:01:03.898740+00:00,113.1,1,ask,DiligentDonuts,CostlyCorianders,5144123
2026-07-03T02:01:03.890058,2026-07-03T02:01:03.898740+00:00,112.6,45,ask,EarnestEspressos,CostlyCorianders,5144124
2026-07-03T02:01:05.544804,2026-07-03T02:01:05.558621+00:00,113.6,50,bid,FlawlessFlatbreads,DiligentDonuts,5144146
2026-07-03T02:01:07.091447,2026-07-03T02:01:07.102730+00:00,113.6,44,bid,CostlyCorianders,EarnestEspressos,5144170
2026-07-03T02:01:07.676427,2026-07-03T02:01:07.687825+00:00,113.6,50,bid,FlawlessFlatbreads,EarnestEspressos,5144178
2026-07-03T02:01:07.879669,2026-07-03T02:01:07.888928+00:00,113.5,3,ask,EarnestEspressos,Xuanyu Liu,5144180
2026-07-03T02:01:09.834132,2026-07-03T02:01:09.845760+00:00,113.5,50,ask,EarnestEspressos,FlawlessFlatbreads,5144215
2026-07-03T02:01:13.995431,2026-07-03T02:01:14.006776+00:00,113.4,50,bid,FlawlessFlatbreads,DiligentDonuts,5144279
2026-07-03T02:01:14.367965,2026-07-03T02:01:14.375752+00:00,113.0,43,ask,EarnestEspressos,CostlyCorianders,5144285
2026-07-03T02:01:15.327028,2026-07-03T02:01:15.335947+00:00,113.4,47,bid,CostlyCorianders,DiligentDonuts,5144295
2026-07-03T02:01:16.101087,2026-07-03T02:01:16.112660+00:00,113.5,50,bid,FlawlessFlatbreads,EarnestEspressos,5144307
2026-07-03T02:01:16.408005,2026-07-03T02:01:16.415230+00:00,113.2,40,ask,DiligentDonuts,CostlyCorianders,5144314
2026-07-03T02:01:18.260274,2026-07-03T02:01:18.271949+00:00,113.2,50,ask,DiligentDonuts,FlawlessFlatbreads,5144341
2026-07-03T02:01:19.937658,2026-07-03T02:01:19.949083+00:00,113.1,47,ask,EarnestEspressos,CostlyCorianders,5144356
2026-07-03T02:01:20.316388,2026-07-03T02:01:20.327448+00:00,113.5,50,bid,FlawlessFlatbreads,DiligentDonuts,5144366
2026-07-03T02:01:20.477441,2026-07-03T02:01:20.488708+00:00,113.5,47,bid,CostlyCorianders,DiligentDonuts,5144369
2026-07-03T02:01:21.108104,2026-07-03T02:01:21.119379+00:00,113.4,47,bid,CostlyCorianders,EarnestEspressos,5144381
2026-07-03T02:01:21.586545,2026-07-03T02:01:21.596089+00:00,113.0,41,ask,DiligentDonuts,CostlyCorianders,5144391
2026-07-03T02:01:22.739513,2026-07-03T02:01:22.749154+00:00,113.2,41,ask,DiligentDonuts,CostlyCorianders,5144404
2026-07-03T02:01:23.713107,2026-07-03T02:01:23.720869+00:00,113.7,42,bid,CostlyCorianders,DiligentDonuts,5144421
2026-07-03T02:01:24.577925,2026-07-03T02:01:24.589295+00:00,113.2,50,ask,DiligentDonuts,FlawlessFlatbreads,5144430
2026-07-03T02:01:26.690533,2026-07-03T02:01:26.702187+00:00,113.2,50,ask,EarnestEspressos,FlawlessFlatbreads,5144451
2026-07-03T02:01:28.746266,2026-07-03T02:01:28.758544+00:00,113.6,50,bid,FlawlessFlatbreads,EarnestEspressos,5144478
2026-07-03T02:01:30.695912,2026-07-03T02:01:30.707557+00:00,113.7,47,bid,CostlyCorianders,EarnestEspressos,5144503
2026-07-03T02:01:30.853951,2026-07-03T02:01:30.865380+00:00,113.7,50,bid,FlawlessFlatbreads,EarnestEspressos,5144505
2026-07-03T02:01:31.732970,2026-07-03T02:01:31.743221+00:00,113.5,48,ask,DiligentDonuts,CostlyCorianders,5144515
2026-07-03T02:01:34.485597,2026-07-03T02:01:34.497044+00:00,113.7,100,ask,EarnestEspressos,DiligentDonuts,5144546
2026-07-03T02:01:37.224271,2026-07-03T02:01:37.234840+00:00,113.6,50,ask,EarnestEspressos,FlawlessFlatbreads,5144601
2026-07-03T02:01:38.737610,2026-07-03T02:01:38.744520+00:00,113.6,44,ask,EarnestEspressos,CostlyCorianders,5144621
2026-07-03T02:01:41.274738,2026-07-03T02:01:41.282562+00:00,113.5,43,ask,DiligentDonuts,CostlyCorianders,5144658
2026-07-03T02:01:41.434414,2026-07-03T02:01:41.446172+00:00,113.5,50,ask,DiligentDonuts,FlawlessFlatbreads,5144662
2026-07-03T02:01:43.253702,2026-07-03T02:01:43.265364+00:00,113.6,44,bid,CostlyCorianders,EarnestEspressos,5144700
2026-07-03T02:01:43.543269,2026-07-03T02:01:43.549721+00:00,113.5,7,ask,DiligentDonuts,FlawlessFlatbreads,5144706
2026-07-03T02:01:43.543269,2026-07-03T02:01:43.549721+00:00,113.1,43,ask,EarnestEspressos,FlawlessFlatbreads,5144707
2026-07-03T02:01:45.656300,2026-07-03T02:01:45.658599+00:00,113.3,50,ask,DiligentDonuts,FlawlessFlatbreads,5144738
2026-07-03T02:01:47.552793,2026-07-03T02:01:47.564451+00:00,113.6,48,bid,CostlyCorianders,DiligentDonuts,5144767
2026-07-03T02:01:47.630801,2026-07-03T02:01:47.640511+00:00,113.6,3,bid,Xuanyu Liu,DiligentDonuts,5144768
2026-07-03T02:01:47.710513,2026-07-03T02:01:47.721971+00:00,113.6,49,bid,FlawlessFlatbreads,DiligentDonuts,5144770
2026-07-03T02:01:48.047906,2026-07-03T02:01:48.063761+00:00,113.2,41,ask,EarnestEspressos,CostlyCorianders,5144773
2026-07-03T02:01:48.695413,2026-07-03T02:01:48.706781+00:00,113.7,41,bid,CostlyCorianders,EarnestEspressos,5144784
2026-07-03T02:01:50.499605,2026-07-03T02:01:50.508851+00:00,113.3,47,ask,DiligentDonuts,CostlyCorianders,5144808
2026-07-03T02:01:51.977241,2026-07-03T02:01:51.988839+00:00,113.3,50,ask,DiligentDonuts,FlawlessFlatbreads,5144826
2026-07-03T02:01:54.102284,2026-07-03T02:01:54.113839+00:00,113.1,50,ask,DiligentDonuts,FlawlessFlatbreads,5144852
2026-07-03T02:01:55.955054,2026-07-03T02:01:55.958565+00:00,113.1,40,ask,DiligentDonuts,CostlyCorianders,5144873
2026-07-03T02:01:56.642863,2026-07-03T02:01:56.652035+00:00,113.0,11,bid,Xuanyu Liu,DiligentDonuts,5144885
2026-07-03T02:01:56.951048,2026-07-03T02:01:56.957253+00:00,113.0,41,bid,CostlyCorianders,DiligentDonuts,5144889
2026-07-03T02:01:58.317410,2026-07-03T02:01:58.325372+00:00,112.8,50,ask,EarnestEspressos,FlawlessFlatbreads,5144909
2026-07-03T02:01:59.083109,2026-07-03T02:01:59.090782+00:00,113.0,45,bid,CostlyCorianders,DiligentDonuts,5144915
2026-07-03T02:02:00.373481,2026-07-03T02:02:00.384896+00:00,113.0,50,bid,FlawlessFlatbreads,EarnestEspressos,5144930
2026-07-03T02:02:00.616624,2026-07-03T02:02:00.627961+00:00,112.8,43,ask,DiligentDonuts,CostlyCorianders,5144933
2026-07-03T02:02:00.716910,2026-07-03T02:02:00.740340+00:00,113.0,12,bid,Xuanyu Liu,EarnestEspressos,5144936
2026-07-03T02:02:00.775021,2026-07-03T02:02:00.785787+00:00,113.0,11,bid,Xuanyu Liu,EarnestEspressos,5144943
2026-07-03T02:02:01.680066,2026-07-03T02:02:01.691395+00:00,113.3,45,bid,CostlyCorianders,DiligentDonuts,5144952
2026-07-03T02:02:02.481148,2026-07-03T02:02:02.488006+00:00,113.3,50,bid,FlawlessFlatbreads,DiligentDonuts,5144964
2026-07-03T02:02:02.816975,2026-07-03T02:02:02.828829+00:00,113.3,5,bid,CostlyCorianders,DiligentDonuts,5144967
2026-07-03T02:02:02.816975,2026-07-03T02:02:02.828829+00:00,113.6,44,bid,CostlyCorianders,EarnestEspressos,5144968
2026-07-03T02:02:03.840788,2026-07-03T02:02:03.852112+00:00,113.2,48,ask,DiligentDonuts,CostlyCorianders,5144980
2026-07-03T02:02:04.587579,2026-07-03T02:02:04.599197+00:00,113.6,50,bid,FlawlessFlatbreads,EarnestEspressos,5144988
2026-07-03T02:02:04.875252,2026-07-03T02:02:04.885191+00:00,113.6,34,ask,EarnestEspressos,Xuanyu Liu,5144993
2026-07-03T02:02:05.317536,2026-07-03T02:02:05.329180+00:00,113.7,40,bid,CostlyCorianders,DiligentDonuts,5144999
2026-07-03T02:02:06.696557,2026-07-03T02:02:06.704320+00:00,113.9,50,bid,FlawlessFlatbreads,DiligentDonuts,5145015
2026-07-03T02:02:08.817778,2026-07-03T02:02:08.829174+00:00,113.9,50,bid,FlawlessFlatbreads,DiligentDonuts,5145036
2026-07-03T02:02:10.925333,2026-07-03T02:02:10.934648+00:00,114.0,50,bid,FlawlessFlatbreads,DiligentDonuts,5145066
2026-07-03T02:02:12.412229,2026-07-03T02:02:12.421989+00:00,113.8,3,ask,DiligentDonuts,Xuanyu Liu,5145082
2026-07-03T02:02:12.570378,2026-07-03T02:02:12.581287+00:00,113.8,49,ask,DiligentDonuts,CostlyCorianders,5145088
2026-07-03T02:02:13.059235,2026-07-03T02:02:13.070797+00:00,114.1,50,bid,FlawlessFlatbreads,EarnestEspressos,5145096
2026-07-03T02:02:13.694237,2026-07-03T02:02:13.704308+00:00,113.8,40,ask,DiligentDonuts,CostlyCorianders,5145099
2026-07-03T02:02:15.167244,2026-07-03T02:02:15.174020+00:00,114.2,50,bid,FlawlessFlatbreads,EarnestEspressos,5145119
2026-07-03T02:02:16.662740,2026-07-03T02:02:16.674242+00:00,113.7,46,ask,EarnestEspressos,CostlyCorianders,5145138
2026-07-03T02:02:17.276963,2026-07-03T02:02:17.275413+00:00,113.8,50,bid,FlawlessFlatbreads,DiligentDonuts,5145145
2026-07-03T02:02:19.383188,2026-07-03T02:02:19.394959+00:00,114.0,50,bid,FlawlessFlatbreads,EarnestEspressos,5145177
2026-07-03T02:02:21.489747,2026-07-03T02:02:21.501224+00:00,114.0,50,bid,FlawlessFlatbreads,EarnestEspressos,5145206
2026-07-03T02:02:23.598313,2026-07-03T02:02:23.609644+00:00,114.0,50,bid,FlawlessFlatbreads,EarnestEspressos,5145234
2026-07-03T02:02:23.866305,2026-07-03T02:02:23.878878+00:00,114.0,37,ask,EarnestEspressos,Xuanyu Liu,5145241
2026-07-03T02:02:23.879331,2026-07-03T02:02:23.894414+00:00,114.0,22,ask,EarnestEspressos,Zihao Wu,5145244
2026-07-03T02:02:23.974931,2026-07-03T02:02:23.985578+00:00,114.0,25,ask,EarnestEspressos,Alice Feng,5145246
2026-07-03T02:02:24.000922,2026-07-03T02:02:24.012419+00:00,114.0,43,ask,EarnestEspressos,CostlyCorianders,5145248
2026-07-03T02:02:24.185864,2026-07-03T02:02:24.194988+00:00,114.0,23,ask,EarnestEspressos,Alice Feng,5145251
2026-07-03T02:02:24.195291,2026-07-03T02:02:24.205578+00:00,113.6,2,ask,DiligentDonuts,Alice Feng,5145253
2026-07-03T02:02:25.659432,2026-07-03T02:02:25.666770+00:00,114.0,11,bid,Xuanyu Liu,DiligentDonuts,5145283
2026-07-03T02:02:25.755710,2026-07-03T02:02:25.764868+00:00,113.5,50,ask,DiligentDonuts,FlawlessFlatbreads,5145288
2026-07-03T02:02:27.861782,2026-07-03T02:02:27.873323+00:00,113.6,50,ask,EarnestEspressos,FlawlessFlatbreads,5145311
2026-07-03T02:02:28.288574,2026-07-03T02:02:28.296495+00:00,113.8,26,bid,Xuanyu Liu,DiligentDonuts,5145321
2026-07-03T02:02:29.613968,2026-07-03T02:02:29.620652+00:00,113.8,25,bid,Alice Feng,DiligentDonuts,5145340
2026-07-03T02:02:29.826697,2026-07-03T02:02:29.834476+00:00,113.8,25,bid,Alice Feng,DiligentDonuts,5145342
2026-07-03T02:02:29.969017,2026-07-03T02:02:29.980648+00:00,113.6,50,ask,EarnestEspressos,FlawlessFlatbreads,5145346
2026-07-03T02:02:32.076450,2026-07-03T02:02:32.087783+00:00,113.8,50,ask,DiligentDonuts,FlawlessFlatbreads,5145376
2026-07-03T02:02:33.392835,2026-07-03T02:02:33.400323+00:00,113.8,50,ask,DiligentDonuts,EarnestEspressos,5145403
2026-07-03T02:02:34.132149,2026-07-03T02:02:34.141932+00:00,113.6,50,bid,FlawlessFlatbreads,EarnestEspressos,5145413
2026-07-03T02:02:34.552194,2026-07-03T02:02:34.563966+00:00,113.6,42,bid,CostlyCorianders,EarnestEspressos,5145417
2026-07-03T02:02:36.237827,2026-07-03T02:02:36.246858+00:00,113.6,8,bid,FlawlessFlatbreads,EarnestEspressos,5145447
2026-07-03T02:02:36.237827,2026-07-03T02:02:36.246858+00:00,113.9,42,bid,FlawlessFlatbreads,DiligentDonuts,5145448
2026-07-03T02:02:36.644418,2026-07-03T02:02:36.655826+00:00,113.9,48,bid,CostlyCorianders,DiligentDonuts,5145453
2026-07-03T02:02:37.709793,2026-07-03T02:02:37.721417+00:00,114.1,46,bid,CostlyCorianders,EarnestEspressos,5145467
2026-07-03T02:02:38.345779,2026-07-03T02:02:38.358585+00:00,114.1,50,bid,FlawlessFlatbreads,EarnestEspressos,5145477
2026-07-03T02:02:39.661436,2026-07-03T02:02:39.671025+00:00,114.1,100,bid,EarnestEspressos,DiligentDonuts,5145497
2026-07-03T02:02:39.728575,2026-07-03T02:02:39.738013+00:00,114.1,26,ask,EarnestEspressos,Xuanyu Liu,5145499
2026-07-03T02:02:39.849108,2026-07-03T02:02:39.858592+00:00,114.1,24,ask,EarnestEspressos,Alice Feng,5145503
2026-07-03T02:02:40.451916,2026-07-03T02:02:40.458149+00:00,114.6,50,bid,FlawlessFlatbreads,EarnestEspressos,5145514
2026-07-03T02:02:41.571848,2026-07-03T02:02:41.579482+00:00,113.8,40,ask,DiligentDonuts,CostlyCorianders,5145533
2026-07-03T02:02:42.601694,2026-07-03T02:02:42.609775+00:00,113.8,45,ask,DiligentDonuts,CostlyCorianders,5145549
2026-07-03T02:02:42.609820,2026-07-03T02:02:42.621035+00:00,113.8,15,ask,DiligentDonuts,FlawlessFlatbreads,5145550
2026-07-03T02:02:43.968228,2026-07-03T02:02:43.975271+00:00,114.3,22,bid,Zihao Wu,DiligentDonuts,5145573
2026-07-03T02:02:44.718855,2026-07-03T02:02:44.729239+00:00,113.8,50,ask,EarnestEspressos,FlawlessFlatbreads,5145587
2026-07-03T02:02:44.825079,2026-07-03T02:02:44.833626+00:00,114.1,48,bid,CostlyCorianders,DiligentDonuts,5145588
2026-07-03T02:02:46.659506,2026-07-03T02:02:46.669764+00:00,114.1,12,bid,Xuanyu Liu,DiligentDonuts,5145621
2026-07-03T02:02:46.825654,2026-07-03T02:02:46.837425+00:00,113.6,50,ask,DiligentDonuts,FlawlessFlatbreads,5145626
2026-07-03T02:02:48.934361,2026-07-03T02:02:48.945879+00:00,113.9,50,ask,DiligentDonuts,FlawlessFlatbreads,5145651
2026-07-03T02:02:49.796915,2026-07-03T02:02:49.805246+00:00,114.1,43,bid,CostlyCorianders,EarnestEspressos,5145664
2026-07-03T02:02:51.052256,2026-07-03T02:02:51.046025+00:00,113.6,50,ask,EarnestEspressos,FlawlessFlatbreads,5145676
2026-07-03T02:02:52.971145,2026-07-03T02:02:52.982772+00:00,113.6,47,ask,DiligentDonuts,CostlyCorianders,5145696
2026-07-03T02:02:53.159890,2026-07-03T02:02:53.171327+00:00,113.6,50,ask,DiligentDonuts,FlawlessFlatbreads,5145700
2026-07-03T02:02:53.616877,2026-07-03T02:02:53.624984+00:00,113.7,14,bid,Xuanyu Liu,DiligentDonuts,5145716
2026-07-03T02:02:54.537210,2026-07-03T02:02:54.548498+00:00,113.7,44,bid,CostlyCorianders,DiligentDonuts,5145730
2026-07-03T02:02:54.694525,2026-07-03T02:02:54.703997+00:00,113.7,24,bid,Alice Feng,DiligentDonuts,5145736
2026-07-03T02:02:55.266545,2026-07-03T02:02:55.277825+00:00,113.5,50,ask,EarnestEspressos,FlawlessFlatbreads,5145743
2026-07-03T02:02:57.372751,2026-07-03T02:02:57.384155+00:00,113.6,50,ask,DiligentDonuts,FlawlessFlatbreads,5145780
2026-07-03T02:02:59.492945,2026-07-03T02:02:59.504459+00:00,113.6,50,ask,DiligentDonuts,FlawlessFlatbreads,5145807
2026-07-03T02:03:00.566122,2026-07-03T02:03:00.577849+00:00,113.4,46,ask,EarnestEspressos,CostlyCorianders,5145822
2026-07-03T02:03:01.599980,2026-07-03T02:03:01.611218+00:00,113.4,50,ask,EarnestEspressos,FlawlessFlatbreads,5145828
2026-07-03T02:03:03.051274,2026-07-03T02:03:03.063775+00:00,113.6,100,bid,DiligentDonuts,EarnestEspressos,5145854
2026-07-03T02:03:03.700537,2026-07-03T02:03:03.710127+00:00,113.6,3,bid,Xuanyu Liu,EarnestEspressos,5145867
2026-07-03T02:03:03.710304,2026-07-03T02:03:03.725542+00:00,113.1,50,ask,EarnestEspressos,FlawlessFlatbreads,5145869
2026-07-03T02:03:03.737030,2026-07-03T02:03:03.743454+00:00,113.6,41,bid,CostlyCorianders,EarnestEspressos,5145870
2026-07-03T02:03:05.527815,2026-07-03T02:03:05.542453+00:00,113.6,41,ask,EarnestEspressos,CostlyCorianders,5145892
2026-07-03T02:03:05.534129,2026-07-03T02:03:05.542453+00:00,113.6,3,ask,EarnestEspressos,Xuanyu Liu,5145893
2026-07-03T02:03:05.816237,2026-07-03T02:03:05.826332+00:00,113.6,50,ask,EarnestEspressos,FlawlessFlatbreads,5145896
2026-07-03T02:03:06.266692,2026-07-03T02:03:06.274044+00:00,113.6,56,ask,EarnestEspressos,DiligentDonuts,5145901
2026-07-03T02:03:06.280100,2026-07-03T02:03:06.288233+00:00,113.4,3,bid,Xuanyu Liu,DiligentDonuts,5145902
2026-07-03T02:03:07.922464,2026-07-03T02:03:07.929918+00:00,112.9,50,ask,DiligentDonuts,FlawlessFlatbreads,5145918
2026-07-03T02:03:08.185094,2026-07-03T02:03:08.193833+00:00,113.2,11,bid,Xuanyu Liu,EarnestEspressos,5145919
2026-07-03T02:03:09.893316,2026-07-03T02:03:09.903267+00:00,113.2,48,bid,CostlyCorianders,EarnestEspressos,5145947
2026-07-03T02:03:09.978292,2026-07-03T02:03:09.989767+00:00,113.2,50,bid,FlawlessFlatbreads,EarnestEspressos,5145949
2026-07-03T02:03:11.092583,2026-07-03T02:03:11.104084+00:00,113.2,41,bid,CostlyCorianders,EarnestEspressos,5145963
2026-07-03T02:03:11.092583,2026-07-03T02:03:11.104084+00:00,113.3,3,bid,CostlyCorianders,DiligentDonuts,5145964
2026-07-03T02:03:11.281077,2026-07-03T02:03:11.289452+00:00,113.3,97,bid,EarnestEspressos,DiligentDonuts,5145971
2026-07-03T02:03:12.084219,2026-07-03T02:03:12.093638+00:00,113.8,50,bid,FlawlessFlatbreads,EarnestEspressos,5145982
2026-07-03T02:03:12.873419,2026-07-03T02:03:12.881311+00:00,113.3,14,ask,EarnestEspressos,Xuanyu Liu,5146003
2026-07-03T02:03:16.346423,2026-07-03T02:03:16.357766+00:00,113.1,50,ask,EarnestEspressos,FlawlessFlatbreads,5146060
2026-07-03T02:03:17.671619,2026-07-03T02:03:17.680438+00:00,113.4,3,bid,Xuanyu Liu,EarnestEspressos,5146078
2026-07-03T02:03:18.402541,2026-07-03T02:03:18.414088+00:00,113.4,50,bid,FlawlessFlatbreads,EarnestEspressos,5146086
2026-07-03T02:03:19.720019,2026-07-03T02:03:19.731544+00:00,113.2,45,ask,DiligentDonuts,CostlyCorianders,5146100
2026-07-03T02:03:20.509348,2026-07-03T02:03:20.520573+00:00,113.4,50,bid,FlawlessFlatbreads,EarnestEspressos,5146106
2026-07-03T02:03:20.712886,2026-07-03T02:03:20.720448+00:00,113.2,42,ask,DiligentDonuts,CostlyCorianders,5146109
2026-07-03T02:03:22.613726,2026-07-03T02:03:22.625203+00:00,113.5,50,bid,FlawlessFlatbreads,DiligentDonuts,5146133
2026-07-03T02:03:24.722060,2026-07-03T02:03:24.733430+00:00,113.5,50,bid,FlawlessFlatbreads,DiligentDonuts,5146157
2026-07-03T02:03:26.828628,2026-07-03T02:03:26.840160+00:00,113.7,50,bid,FlawlessFlatbreads,EarnestEspressos,5146194
2026-07-03T02:03:27.321917,2026-07-03T02:03:27.330868+00:00,113.4,3,ask,EarnestEspressos,Xuanyu Liu,5146202
2026-07-03T02:03:27.795195,2026-07-03T02:03:27.805609+00:00,113.4,48,ask,EarnestEspressos,CostlyCorianders,5146211
2026-07-03T02:03:28.934284,2026-07-03T02:03:28.945776+00:00,113.9,50,bid,FlawlessFlatbreads,EarnestEspressos,5146235
2026-07-03T02:03:31.040347,2026-07-03T02:03:31.058571+00:00,114.0,50,bid,FlawlessFlatbreads,EarnestEspressos,5146266
2026-07-03T02:03:32.198694,2026-07-03T02:03:32.210098+00:00,113.8,49,bid,CostlyCorianders,DiligentDonuts,5146276
2026-07-03T02:03:32.806532,2026-07-03T02:03:32.818124+00:00,113.8,41,bid,CostlyCorianders,DiligentDonuts,5146290
2026-07-03T02:03:33.148508,2026-07-03T02:03:33.158577+00:00,113.8,10,bid,FlawlessFlatbreads,DiligentDonuts,5146297
2026-07-03T02:03:33.148508,2026-07-03T02:03:33.158577+00:00,114.0,40,bid,FlawlessFlatbreads,EarnestEspressos,5146298
2026-07-03T02:03:33.859632,2026-07-03T02:03:33.867304+00:00,114.2,3,ask,EarnestEspressos,Xuanyu Liu,5146310
2026-07-03T02:03:33.993975,2026-07-03T02:03:34.003312+00:00,114.2,25,ask,EarnestEspressos,Alice Feng,5146313
2026-07-03T02:03:34.202808,2026-07-03T02:03:34.214351+00:00,114.2,25,ask,EarnestEspressos,Alice Feng,5146317
2026-07-03T02:03:34.412765,2026-07-03T02:03:34.424019+00:00,114.2,25,ask,EarnestEspressos,Alice Feng,5146321
2026-07-03T02:03:34.620253,2026-07-03T02:03:34.628978+00:00,114.2,25,ask,EarnestEspressos,Alice Feng,5146325
2026-07-03T02:03:34.828365,2026-07-03T02:03:34.835996+00:00,114.2,25,ask,EarnestEspressos,Alice Feng,5146332
2026-07-03T02:03:35.040210,2026-07-03T02:03:35.058752+00:00,114.2,22,ask,EarnestEspressos,Alice Feng,5146338
2026-07-03T02:03:35.961776,2026-07-03T02:03:35.973423+00:00,113.8,49,ask,DiligentDonuts,CostlyCorianders,5146352
2026-07-03T02:03:36.542320,2026-07-03T02:03:36.553565+00:00,114.3,48,bid,CostlyCorianders,DiligentDonuts,5146362
2026-07-03T02:03:36.962618,2026-07-03T02:03:36.972611+00:00,114.0,3,bid,Xuanyu Liu,EarnestEspressos,5146365
2026-07-03T02:03:37.214008,2026-07-03T02:03:37.225305+00:00,113.8,42,ask,DiligentDonuts,CostlyCorianders,5146372
2026-07-03T02:03:38.856068,2026-07-03T02:03:38.867586+00:00,113.7,40,ask,DiligentDonuts,CostlyCorianders,5146402
2026-07-03T02:03:41.203767,2026-07-03T02:03:41.213949+00:00,113.9,49,bid,CostlyCorianders,EarnestEspressos,5146428
2026-07-03T02:03:43.079382,2026-07-03T02:03:43.086473+00:00,114.1,25,bid,Alice Feng,DiligentDonuts,5146455
2026-07-03T02:03:43.289012,2026-07-03T02:03:43.300428+00:00,114.1,25,bid,Alice Feng,EarnestEspressos,5146458
2026-07-03T02:03:43.497783,2026-07-03T02:03:43.506555+00:00,114.1,25,bid,Alice Feng,DiligentDonuts,5146461
2026-07-03T02:03:43.678239,2026-07-03T02:03:43.690023+00:00,114.1,25,bid,FlawlessFlatbreads,DiligentDonuts,5146464
2026-07-03T02:03:43.678239,2026-07-03T02:03:43.690023+00:00,114.1,25,bid,Alice Feng,EarnestEspressos,5146465
2026-07-03T02:03:43.706973,2026-07-03T02:03:43.713360+00:00,114.1,25,bid,FlawlessFlatbreads,EarnestEspressos,5146467
2026-07-03T02:03:43.916592,2026-07-03T02:03:43.923118+00:00,114.1,25,bid,Alice Feng,DiligentDonuts,5146470
2026-07-03T02:03:44.138266,2026-07-03T02:03:44.148965+00:00,114.1,22,bid,Alice Feng,EarnestEspressos,5146477
2026-07-03T02:03:44.163436,2026-07-03T02:03:44.174812+00:00,114.1,53,bid,DiligentDonuts,EarnestEspressos,5146478
2026-07-03T02:03:44.380813,2026-07-03T02:03:44.389684+00:00,114.2,3,ask,DiligentDonuts,Xuanyu Liu,5146484
2026-07-03T02:03:44.544008,2026-07-03T02:03:44.551240+00:00,114.2,25,ask,DiligentDonuts,Alice Feng,5146488
2026-07-03T02:03:44.754506,2026-07-03T02:03:44.755186+00:00,114.2,19,ask,DiligentDonuts,Alice Feng,5146491
2026-07-03T02:03:45.691088,2026-07-03T02:03:45.697971+00:00,114.7,22,bid,Zihao Wu,DiligentDonuts,5146506
2026-07-03T02:03:45.838988,2026-07-03T02:03:45.850590+00:00,113.6,50,ask,EarnestEspressos,FlawlessFlatbreads,5146510
2026-07-03T02:03:47.390980,2026-07-03T02:03:47.399964+00:00,114.3,100,ask,EarnestEspressos,DiligentDonuts,5146537
2026-07-03T02:03:47.633149,2026-07-03T02:03:47.641624+00:00,114.3,42,ask,EarnestEspressos,CostlyCorianders,5146541
2026-07-03T02:03:47.946581,2026-07-03T02:03:47.957935+00:00,114.3,8,ask,EarnestEspressos,FlawlessFlatbreads,5146546
2026-07-03T02:03:47.946581,2026-07-03T02:03:47.957935+00:00,113.8,42,ask,DiligentDonuts,FlawlessFlatbreads,5146547
2026-07-03T02:03:48.116968,2026-07-03T02:03:48.128220+00:00,114.8,44,bid,CostlyCorianders,EarnestEspressos,5146548
2026-07-03T02:03:49.292915,2026-07-03T02:03:49.304875+00:00,113.9,41,ask,EarnestEspressos,CostlyCorianders,5146572
2026-07-03T02:03:49.831482,2026-07-03T02:03:49.843155+00:00,114.4,40,bid,CostlyCorianders,EarnestEspressos,5146578
2026-07-03T02:03:50.054665,2026-07-03T02:03:50.050894+00:00,113.9,50,ask,EarnestEspressos,FlawlessFlatbreads,5146580
2026-07-03T02:03:51.387450,2026-07-03T02:03:51.398840+00:00,114.1,41,ask,DiligentDonuts,CostlyCorianders,5146597
2026-07-03T02:03:52.161900,2026-07-03T02:03:52.173140+00:00,114.1,50,ask,DiligentDonuts,FlawlessFlatbreads,5146617
2026-07-03T02:03:52.471723,2026-07-03T02:03:52.480004+00:00,114.2,3,bid,Xuanyu Liu,EarnestEspressos,5146623
2026-07-03T02:03:53.596921,2026-07-03T02:03:53.603509+00:00,114.2,25,bid,Alice Feng,EarnestEspressos,5146640
2026-07-03T02:03:53.806859,2026-07-03T02:03:53.813290+00:00,114.2,19,bid,Alice Feng,EarnestEspressos,5146648
2026-07-03T02:03:54.267743,2026-07-03T02:03:54.279117+00:00,113.9,50,ask,DiligentDonuts,FlawlessFlatbreads,5146656
2026-07-03T02:03:54.595119,2026-07-03T02:03:54.606648+00:00,114.2,45,bid,CostlyCorianders,EarnestEspressos,5146659
2026-07-03T02:03:55.569362,2026-07-03T02:03:55.580735+00:00,114.4,100,bid,EarnestEspressos,DiligentDonuts,5146673
2026-07-03T02:03:56.378276,2026-07-03T02:03:56.385257+00:00,114.4,50,ask,EarnestEspressos,FlawlessFlatbreads,5146688
2026-07-03T02:03:57.267297,2026-07-03T02:03:57.275258+00:00,114.6,48,bid,CostlyCorianders,DiligentDonuts,5146699
2026-07-03T02:03:58.497660,2026-07-03T02:03:58.504360+00:00,114.1,50,ask,DiligentDonuts,FlawlessFlatbreads,5146713
2026-07-03T02:04:00.612613,2026-07-03T02:04:00.621685+00:00,114.1,50,ask,DiligentDonuts,FlawlessFlatbreads,5146741
2026-07-03T02:04:01.211207,2026-07-03T02:04:01.219871+00:00,114.2,3,bid,Xuanyu Liu,EarnestEspressos,5146753
2026-07-03T02:04:01.956357,2026-07-03T02:04:01.967706+00:00,114.1,50,ask,DiligentDonuts,EarnestEspressos,5146763
2026-07-03T02:04:02.666592,2026-07-03T02:04:02.676154+00:00,114.1,50,bid,FlawlessFlatbreads,EarnestEspressos,5146766
2026-07-03T02:04:03.954162,2026-07-03T02:04:03.965580+00:00,113.8,45,ask,DiligentDonuts,CostlyCorianders,5146786
2026-07-03T02:04:04.810292,2026-07-03T02:04:04.820482+00:00,114.1,50,bid,FlawlessFlatbreads,EarnestEspressos,5146797
2026-07-03T02:04:04.994755,2026-07-03T02:04:05.001880+00:00,114.3,46,bid,CostlyCorianders,DiligentDonuts,5146801
2026-07-03T02:04:05.066348,2026-07-03T02:04:05.074093+00:00,114.3,54,bid,EarnestEspressos,DiligentDonuts,5146806
2026-07-03T02:04:05.132962,2026-07-03T02:04:05.141613+00:00,114.4,3,ask,EarnestEspressos,Xuanyu Liu,5146807
2026-07-03T02:04:05.715849,2026-07-03T02:04:05.725936+00:00,114.4,22,ask,EarnestEspressos,Zihao Wu,5146814
2026-07-03T02:04:06.918196,2026-07-03T02:04:06.929860+00:00,114.5,50,bid,FlawlessFlatbreads,DiligentDonuts,5146827
2026-07-03T02:04:07.037554,2026-07-03T02:04:07.048973+00:00,114.5,47,bid,CostlyCorianders,DiligentDonuts,5146829
2026-07-03T02:04:09.024151,2026-07-03T02:04:09.032716+00:00,114.4,50,bid,FlawlessFlatbreads,EarnestEspressos,5146854
2026-07-03T02:04:10.361902,2026-07-03T02:04:10.373368+00:00,114.2,44,ask,DiligentDonuts,CostlyCorianders,5146874
2026-07-03T02:04:11.131263,2026-07-03T02:04:11.142536+00:00,114.4,50,bid,FlawlessFlatbreads,EarnestEspressos,5146883
2026-07-03T02:04:13.296441,2026-07-03T02:04:13.306816+00:00,114.2,50,ask,EarnestEspressos,FlawlessFlatbreads,5146903
2026-07-03T02:04:14.263077,2026-07-03T02:04:14.274644+00:00,114.5,43,bid,CostlyCorianders,DiligentDonuts,5146908
2026-07-03T02:04:15.406585,2026-07-03T02:04:15.416283+00:00,114.0,50,ask,DiligentDonuts,FlawlessFlatbreads,5146923
2026-07-03T02:04:15.917287,2026-07-03T02:04:15.925656+00:00,114.0,47,ask,EarnestEspressos,CostlyCorianders,5146931
2026-07-03T02:04:19.616932,2026-07-03T02:04:19.628278+00:00,114.1,50,ask,DiligentDonuts,FlawlessFlatbreads,5146973
2026-07-03T02:04:22.420944,2026-07-03T02:04:22.464355+00:00,114.3,44,bid,CostlyCorianders,EarnestEspressos,5147002
2026-07-03T02:04:22.879753,2026-07-03T02:04:22.888928+00:00,114.0,40,ask,DiligentDonuts,CostlyCorianders,5147009
2026-07-03T02:04:24.112347,2026-07-03T02:04:24.121972+00:00,114.0,44,ask,DiligentDonuts,CostlyCorianders,5147024
2026-07-03T02:04:25.887378,2026-07-03T02:04:25.900293+00:00,114.1,50,bid,FlawlessFlatbreads,DiligentDonuts,5147038
2026-07-03T02:04:27.993871,2026-07-03T02:04:28.005662+00:00,114.1,50,bid,FlawlessFlatbreads,DiligentDonuts,5147072
2026-07-03T02:04:30.890493,2026-07-03T02:04:30.897593+00:00,114.2,42,bid,CostlyCorianders,DiligentDonuts,5147113
2026-07-03T02:04:31.961578,2026-07-03T02:04:31.968828+00:00,114.3,45,bid,CostlyCorianders,EarnestEspressos,5147129
2026-07-03T02:04:32.255584,2026-07-03T02:04:32.263762+00:00,113.8,50,ask,EarnestEspressos,FlawlessFlatbreads,5147134
2026-07-03T02:04:34.703804,2026-07-03T02:04:34.715230+00:00,113.8,44,ask,DiligentDonuts,CostlyCorianders,5147172
2026-07-03T02:04:36.464502,2026-07-03T02:04:36.476145+00:00,113.7,50,ask,DiligentDonuts,FlawlessFlatbreads,5147196
2026-07-03T02:04:37.374834,2026-07-03T02:04:37.386533+00:00,113.8,46,bid,CostlyCorianders,EarnestEspressos,5147209
2026-07-03T02:04:37.429937,2026-07-03T02:04:37.441571+00:00,113.7,48,ask,DiligentDonuts,CostlyCorianders,5147210
2026-07-03T02:04:38.519827,2026-07-03T02:04:38.531281+00:00,113.6,50,bid,FlawlessFlatbreads,DiligentDonuts,5147227
2026-07-03T02:04:39.400449,2026-07-03T02:04:39.409932+00:00,113.3,44,ask,EarnestEspressos,CostlyCorianders,5147236
2026-07-03T02:04:42.059476,2026-07-03T02:04:42.069748+00:00,113.7,3,bid,Xuanyu Liu,DiligentDonuts,5147270
2026-07-03T02:04:42.163046,2026-07-03T02:04:42.174503+00:00,113.7,41,bid,CostlyCorianders,DiligentDonuts,5147275
2026-07-03T02:04:42.780356,2026-07-03T02:04:42.791687+00:00,113.4,50,ask,EarnestEspressos,FlawlessFlatbreads,5147283
2026-07-03T02:04:44.886816,2026-07-03T02:04:44.898104+00:00,113.5,50,ask,EarnestEspressos,FlawlessFlatbreads,5147314
2026-07-03T02:04:46.993345,2026-07-03T02:04:47.001224+00:00,113.5,50,ask,DiligentDonuts,FlawlessFlatbreads,5147335
2026-07-03T02:04:49.099366,2026-07-03T02:04:49.111043+00:00,113.4,50,ask,DiligentDonuts,FlawlessFlatbreads,5147356
2026-07-03T02:04:51.222647,2026-07-03T02:04:51.232474+00:00,113.3,50,ask,DiligentDonuts,FlawlessFlatbreads,5147374
2026-07-03T02:04:53.329388,2026-07-03T02:04:53.340760+00:00,113.3,50,ask,DiligentDonuts,FlawlessFlatbreads,5147401
2026-07-03T02:04:53.800035,2026-07-03T02:04:53.807527+00:00,113.5,11,bid,Xuanyu Liu,DiligentDonuts,5147404
2026-07-03T02:04:55.044091,2026-07-03T02:04:55.052379+00:00,113.5,12,bid,Xuanyu Liu,DiligentDonuts,5147425
2026-07-03T02:04:55.436587,2026-07-03T02:04:55.448261+00:00,113.1,50,ask,EarnestEspressos,FlawlessFlatbreads,5147431
2026-07-03T02:04:55.664066,2026-07-03T02:04:55.675069+00:00,113.5,47,bid,CostlyCorianders,DiligentDonuts,5147433
2026-07-03T02:04:56.727250,2026-07-03T02:04:56.738619+00:00,113.5,30,bid,CostlyCorianders,DiligentDonuts,5147456
2026-07-03T02:04:56.727250,2026-07-03T02:04:56.738619+00:00,113.8,18,bid,CostlyCorianders,EarnestEspressos,5147457
2026-07-03T02:04:57.491677,2026-07-03T02:04:57.500512+00:00,113.8,50,bid,FlawlessFlatbreads,EarnestEspressos,5147466
2026-07-03T02:05:02.564565,2026-07-03T02:05:02.576243+00:00,113.8,41,bid,CostlyCorianders,DiligentDonuts,5147542
2026-07-03T02:05:03.866178,2026-07-03T02:05:03.877712+00:00,113.4,50,ask,EarnestEspressos,FlawlessFlatbreads,5147561
2026-07-03T02:05:05.922713,2026-07-03T02:05:05.934263+00:00,113.6,50,bid,FlawlessFlatbreads,EarnestEspressos,5147591
2026-07-03T02:05:10.136141,2026-07-03T02:05:10.147372+00:00,113.8,50,bid,FlawlessFlatbreads,EarnestEspressos,5147647
2026-07-03T02:05:11.321748,2026-07-03T02:05:11.333091+00:00,113.4,47,ask,DiligentDonuts,CostlyCorianders,5147669
2026-07-03T02:05:12.242303,2026-07-03T02:05:12.249016+00:00,113.9,50,bid,FlawlessFlatbreads,DiligentDonuts,5147676
2026-07-03T02:05:12.883761,2026-07-03T02:05:12.895295+00:00,113.5,43,ask,EarnestEspressos,CostlyCorianders,5147687
2026-07-03T02:05:14.350857,2026-07-03T02:05:14.358551+00:00,113.8,50,bid,FlawlessFlatbreads,DiligentDonuts,5147699
2026-07-03T02:05:14.473532,2026-07-03T02:05:14.484954+00:00,113.5,47,ask,EarnestEspressos,CostlyCorianders,5147702
2026-07-03T02:05:16.093743,2026-07-03T02:05:16.105039+00:00,113.5,43,bid,CostlyCorianders,EarnestEspressos,5147730
2026-07-03T02:05:16.481909,2026-07-03T02:05:16.493303+00:00,113.5,50,bid,FlawlessFlatbreads,EarnestEspressos,5147736
2026-07-03T02:05:17.245681,2026-07-03T02:05:17.257121+00:00,113.5,49,bid,CostlyCorianders,EarnestEspressos,5147741
2026-07-03T02:05:17.298633,2026-07-03T02:05:17.305960+00:00,113.3,47,ask,DiligentDonuts,CostlyCorianders,5147742
2026-07-03T02:05:17.864733,2026-07-03T02:05:17.872429+00:00,113.4,12,ask,EarnestEspressos,Xuanyu Liu,5147755
2026-07-03T02:05:18.641287,2026-07-03T02:05:18.652607+00:00,113.4,50,ask,EarnestEspressos,FlawlessFlatbreads,5147761
2026-07-03T02:05:20.746877,2026-07-03T02:05:20.763840+00:00,113.4,50,ask,EarnestEspressos,FlawlessFlatbreads,5147784
2026-07-03T02:05:22.853973,2026-07-03T02:05:22.865655+00:00,113.1,50,ask,DiligentDonuts,FlawlessFlatbreads,5147813
2026-07-03T02:05:23.143460,2026-07-03T02:05:23.154796+00:00,113.5,41,bid,CostlyCorianders,EarnestEspressos,5147819
2026-07-03T02:05:24.909995,2026-07-03T02:05:24.921487+00:00,113.6,50,bid,FlawlessFlatbreads,DiligentDonuts,5147836
2026-07-03T02:05:25.611453,2026-07-03T02:05:25.622800+00:00,113.4,44,bid,CostlyCorianders,DiligentDonuts,5147845
2026-07-03T02:05:27.017361,2026-07-03T02:05:27.029028+00:00,113.4,50,bid,FlawlessFlatbreads,DiligentDonuts,5147865
2026-07-03T02:05:27.022389,2026-07-03T02:05:27.029028+00:00,113.1,41,ask,EarnestEspressos,CostlyCorianders,5147866
2026-07-03T02:05:27.483739,2026-07-03T02:05:27.495298+00:00,113.3,46,bid,CostlyCorianders,EarnestEspressos,5147871
2026-07-03T02:05:29.179336,2026-07-03T02:05:29.190658+00:00,113.2,50,ask,DiligentDonuts,FlawlessFlatbreads,5147897
2026-07-03T02:05:29.794031,2026-07-03T02:05:29.803995+00:00,113.2,40,ask,DiligentDonuts,CostlyCorianders,5147911
2026-07-03T02:05:31.290469,2026-07-03T02:05:31.301958+00:00,113.2,10,ask,DiligentDonuts,FlawlessFlatbreads,5147930
2026-07-03T02:05:31.290469,2026-07-03T02:05:31.301958+00:00,113.1,40,ask,EarnestEspressos,FlawlessFlatbreads,5147931
2026-07-03T02:05:31.517727,2026-07-03T02:05:31.527345+00:00,113.1,42,ask,EarnestEspressos,CostlyCorianders,5147934
2026-07-03T02:05:32.145478,2026-07-03T02:05:32.156868+00:00,113.4,45,bid,CostlyCorianders,DiligentDonuts,5147945
2026-07-03T02:05:33.349782,2026-07-03T02:05:33.358651+00:00,113.4,50,bid,FlawlessFlatbreads,DiligentDonuts,5147958
2026-07-03T02:05:35.114711,2026-07-03T02:05:35.121457+00:00,113.1,49,ask,DiligentDonuts,CostlyCorianders,5147986
2026-07-03T02:05:35.456012,2026-07-03T02:05:35.467553+00:00,113.2,50,bid,FlawlessFlatbreads,EarnestEspressos,5147990
2026-07-03T02:05:38.622029,2026-07-03T02:05:38.633467+00:00,113.3,46,bid,CostlyCorianders,EarnestEspressos,5148039
2026-07-03T02:05:39.566853,2026-07-03T02:05:39.578480+00:00,113.3,42,bid,CostlyCorianders,EarnestEspressos,5148054
2026-07-03T02:05:39.665914,2026-07-03T02:05:39.677335+00:00,113.3,50,bid,FlawlessFlatbreads,EarnestEspressos,5148055
2026-07-03T02:05:40.026082,2026-07-03T02:05:40.033288+00:00,113.4,11,ask,EarnestEspressos,Xuanyu Liu,5148064
2026-07-03T02:05:40.680340,2026-07-03T02:05:40.691744+00:00,113.4,47,ask,EarnestEspressos,CostlyCorianders,5148077
2026-07-03T02:05:41.165372,2026-07-03T02:05:41.176593+00:00,113.4,47,ask,EarnestEspressos,CostlyCorianders,5148086
2026-07-03T02:05:41.774248,2026-07-03T02:05:41.783362+00:00,113.7,50,bid,FlawlessFlatbreads,DiligentDonuts,5148094
2026-07-03T02:05:42.087376,2026-07-03T02:05:42.095725+00:00,113.7,45,bid,CostlyCorianders,DiligentDonuts,5148097
2026-07-03T02:05:42.141107,2026-07-03T02:05:42.149504+00:00,113.4,41,ask,EarnestEspressos,CostlyCorianders,5148099
2026-07-03T02:05:42.757509,2026-07-03T02:05:42.769026+00:00,113.4,4,ask,EarnestEspressos,CostlyCorianders,5148106
2026-07-03T02:05:42.757509,2026-07-03T02:05:42.769026+00:00,113.2,37,ask,DiligentDonuts,CostlyCorianders,5148107
2026-07-03T02:05:43.746434,2026-07-03T02:05:43.754926+00:00,113.3,11,bid,Xuanyu Liu,EarnestEspressos,5148119
2026-07-03T02:05:43.880687,2026-07-03T02:05:43.892115+00:00,113.3,50,bid,FlawlessFlatbreads,EarnestEspressos,5148122
2026-07-03T02:05:44.154298,2026-07-03T02:05:44.161872+00:00,113.3,12,bid,Xuanyu Liu,EarnestEspressos,5148128
2026-07-03T02:05:44.364327,2026-07-03T02:05:44.375622+00:00,113.3,77,bid,DiligentDonuts,EarnestEspressos,5148134
2026-07-03T02:05:45.059760,2026-07-03T02:05:45.067823+00:00,113.4,23,ask,DiligentDonuts,Xuanyu Liu,5148140
2026-07-03T02:05:45.103756,2026-07-03T02:05:45.115163+00:00,113.9,49,bid,CostlyCorianders,DiligentDonuts,5148142
2026-07-03T02:05:45.125910,2026-07-03T02:05:45.132906+00:00,113.9,45,bid,Zihao Wu,DiligentDonuts,5148144
2026-07-03T02:05:47.020658,2026-07-03T02:05:47.032083+00:00,113.4,49,ask,EarnestEspressos,CostlyCorianders,5148182
2026-07-03T02:05:48.149246,2026-07-03T02:05:48.157000+00:00,113.4,50,ask,EarnestEspressos,FlawlessFlatbreads,5148201
2026-07-03T02:05:48.529112,2026-07-03T02:05:48.540425+00:00,113.7,43,bid,CostlyCorianders,DiligentDonuts,5148207
2026-07-03T02:05:51.165378,2026-07-03T02:05:51.176933+00:00,113.6,40,bid,CostlyCorianders,EarnestEspressos,5148255
2026-07-03T02:05:52.307038,2026-07-03T02:05:52.316652+00:00,113.6,50,bid,FlawlessFlatbreads,EarnestEspressos,5148279
2026-07-03T02:05:56.859401,2026-07-03T02:05:56.867723+00:00,113.3,3,ask,DiligentDonuts,Xuanyu Liu,5148366
2026-07-03T02:05:57.840534,2026-07-03T02:05:57.850449+00:00,113.3,47,ask,EarnestEspressos,CostlyCorianders,5148379
2026-07-03T02:05:59.199813,2026-07-03T02:05:59.210293+00:00,113.0,45,ask,EarnestEspressos,CostlyCorianders,5148393
2026-07-03T02:05:59.729594,2026-07-03T02:05:59.737813+00:00,113.4,40,bid,CostlyCorianders,DiligentDonuts,5148405
2026-07-03T02:06:00.200158,2026-07-03T02:06:00.208042+00:00,113.5,100,bid,DiligentDonuts,EarnestEspressos,5148412
2026-07-03T02:06:00.734752,2026-07-03T02:06:00.742111+00:00,113.5,50,bid,FlawlessFlatbreads,EarnestEspressos,5148421
2026-07-03T02:06:02.839675,2026-07-03T02:06:02.851526+00:00,114.0,50,bid,FlawlessFlatbreads,DiligentDonuts,5148447
2026-07-03T02:06:03.501775,2026-07-03T02:06:03.509851+00:00,113.6,3,ask,EarnestEspressos,Xuanyu Liu,5148461
2026-07-03T02:06:03.656670,2026-07-03T02:06:03.668242+00:00,113.6,25,ask,EarnestEspressos,Alice Feng,5148465
2026-07-03T02:06:03.785263,2026-07-03T02:06:03.791787+00:00,113.6,48,ask,EarnestEspressos,CostlyCorianders,5148470
2026-07-03T02:06:03.864742,2026-07-03T02:06:03.876073+00:00,113.6,25,ask,EarnestEspressos,Alice Feng,5148474
2026-07-03T02:06:04.082452,2026-07-03T02:06:04.090183+00:00,113.6,25,ask,EarnestEspressos,Alice Feng,5148478
2026-07-03T02:06:04.291628,2026-07-03T02:06:04.302991+00:00,113.6,24,ask,EarnestEspressos,Alice Feng,5148481
2026-07-03T02:06:04.948675,2026-07-03T02:06:04.954883+00:00,113.8,50,bid,FlawlessFlatbreads,DiligentDonuts,5148495
2026-07-03T02:06:05.148339,2026-07-03T02:06:05.154924+00:00,113.3,45,ask,DiligentDonuts,Zihao Wu,5148501
2026-07-03T02:06:05.289660,2026-07-03T02:06:05.298410+00:00,113.8,43,bid,CostlyCorianders,DiligentDonuts,5148503
2026-07-03T02:06:05.373766,2026-07-03T02:06:05.382637+00:00,113.4,3,bid,Xuanyu Liu,EarnestEspressos,5148506
2026-07-03T02:06:07.055766,2026-07-03T02:06:07.063797+00:00,113.4,50,bid,FlawlessFlatbreads,EarnestEspressos,5148528
2026-07-03T02:06:07.391773,2026-07-03T02:06:07.403080+00:00,113.2,42,ask,DiligentDonuts,CostlyCorianders,5148545
2026-07-03T02:06:09.181228,2026-07-03T02:06:09.192508+00:00,113.5,50,bid,FlawlessFlatbreads,EarnestEspressos,5148575
2026-07-03T02:06:11.285784,2026-07-03T02:06:11.297221+00:00,113.5,50,bid,FlawlessFlatbreads,EarnestEspressos,5148612
2026-07-03T02:06:11.780917,2026-07-03T02:06:11.792312+00:00,113.6,47,bid,CostlyCorianders,DiligentDonuts,5148618
2026-07-03T02:06:12.369836,2026-07-03T02:06:12.380626+00:00,113.3,44,ask,EarnestEspressos,CostlyCorianders,5148627
2026-07-03T02:06:13.397760,2026-07-03T02:06:13.404547+00:00,113.8,50,bid,FlawlessFlatbreads,EarnestEspressos,5148641
2026-07-03T02:06:13.934318,2026-07-03T02:06:13.948312+00:00,113.3,26,ask,EarnestEspressos,Xuanyu Liu,5148646
2026-07-03T02:06:13.937700,2026-07-03T02:06:13.948312+00:00,113.3,25,ask,EarnestEspressos,Alice Feng,5148647
2026-07-03T02:06:14.149195,2026-07-03T02:06:14.155517+00:00,113.3,25,ask,EarnestEspressos,Alice Feng,5148655
2026-07-03T02:06:14.375682,2026-07-03T02:06:14.385329+00:00,113.3,25,ask,EarnestEspressos,Alice Feng,5148663
2026-07-03T02:06:14.585164,2026-07-03T02:06:14.592929+00:00,113.3,5,ask,EarnestEspressos,Alice Feng,5148668
2026-07-03T02:06:14.585164,2026-07-03T02:06:14.592929+00:00,113.3,20,ask,DiligentDonuts,Alice Feng,5148669
2026-07-03T02:06:14.795554,2026-07-03T02:06:14.804656+00:00,113.3,1,ask,DiligentDonuts,Alice Feng,5148673
2026-07-03T02:06:14.851431,2026-07-03T02:06:14.852701+00:00,113.3,79,ask,DiligentDonuts,EarnestEspressos,5148675
2026-07-03T02:06:14.869896,2026-07-03T02:06:14.878716+00:00,113.0,12,bid,Xuanyu Liu,EarnestEspressos,5148678
2026-07-03T02:06:15.243792,2026-07-03T02:06:15.251959+00:00,113.0,11,bid,Xuanyu Liu,EarnestEspressos,5148690
2026-07-03T02:06:15.504384,2026-07-03T02:06:15.516052+00:00,113.0,48,bid,FlawlessFlatbreads,EarnestEspressos,5148698
2026-07-03T02:06:15.504384,2026-07-03T02:06:15.516052+00:00,113.8,2,bid,FlawlessFlatbreads,DiligentDonuts,5148699
2026-07-03T02:06:16.594256,2026-07-03T02:06:16.605909+00:00,113.2,43,bid,CostlyCorianders,DiligentDonuts,5148712
2026-07-03T02:06:16.834462,2026-07-03T02:06:16.842800+00:00,113.2,3,bid,Xuanyu Liu,DiligentDonuts,5148716
2026-07-03T02:06:17.648173,2026-07-03T02:06:17.663882+00:00,113.2,50,bid,FlawlessFlatbreads,DiligentDonuts,5148727
2026-07-03T02:06:17.960063,2026-07-03T02:06:17.967252+00:00,113.2,4,bid,EarnestEspressos,DiligentDonuts,5148735
2026-07-03T02:06:18.040252,2026-07-03T02:06:18.046632+00:00,113.6,14,ask,EarnestEspressos,Xuanyu Liu,5148741
2026-07-03T02:06:19.756613,2026-07-03T02:06:19.768386+00:00,113.8,50,bid,FlawlessFlatbreads,DiligentDonuts,5148769
2026-07-03T02:06:21.806461,2026-07-03T02:06:21.814811+00:00,113.5,12,ask,EarnestEspressos,Xuanyu Liu,5148806
2026-07-03T02:06:21.881625,2026-07-03T02:06:21.892436+00:00,113.8,50,bid,FlawlessFlatbreads,DiligentDonuts,5148809
2026-07-03T02:06:23.122373,2026-07-03T02:06:23.130716+00:00,113.5,11,ask,EarnestEspressos,Xuanyu Liu,5148833
2026-07-03T02:06:23.858534,2026-07-03T02:06:23.870296+00:00,113.5,46,ask,EarnestEspressos,CostlyCorianders,5148845
2026-07-03T02:06:23.988645,2026-07-03T02:06:24.000088+00:00,113.8,50,bid,FlawlessFlatbreads,DiligentDonuts,5148848
2026-07-03T02:06:24.430924,2026-07-03T02:06:24.439080+00:00,113.4,11,bid,Xuanyu Liu,EarnestEspressos,5148856
2026-07-03T02:06:25.494132,2026-07-03T02:06:25.501002+00:00,113.4,100,bid,DiligentDonuts,EarnestEspressos,5148872
2026-07-03T02:06:25.745348,2026-07-03T02:06:25.753537+00:00,113.4,12,bid,Xuanyu Liu,EarnestEspressos,5148879
2026-07-03T02:06:26.125416,2026-07-03T02:06:26.136819+00:00,113.4,27,bid,FlawlessFlatbreads,EarnestEspressos,5148887
2026-07-03T02:06:26.125416,2026-07-03T02:06:26.136819+00:00,114.0,23,bid,FlawlessFlatbreads,DiligentDonuts,5148888
2026-07-03T02:06:27.469052,2026-07-03T02:06:27.477569+00:00,113.5,23,ask,EarnestEspressos,Xuanyu Liu,5148900
2026-07-03T02:06:30.729500,2026-07-03T02:06:30.738399+00:00,113.8,41,bid,CostlyCorianders,DiligentDonuts,5148938
2026-07-03T02:06:31.328676,2026-07-03T02:06:31.337528+00:00,113.6,12,ask,EarnestEspressos,Xuanyu Liu,5148949
2026-07-03T02:06:32.497321,2026-07-03T02:06:32.508779+00:00,113.6,50,ask,EarnestEspressos,FlawlessFlatbreads,5148965
2026-07-03T02:06:34.604245,2026-07-03T02:06:34.615700+00:00,113.5,50,ask,DiligentDonuts,FlawlessFlatbreads,5148996
2026-07-03T02:06:36.710642,2026-07-03T02:06:36.722111+00:00,113.1,50,ask,EarnestEspressos,FlawlessFlatbreads,5149027
2026-07-03T02:06:38.817149,2026-07-03T02:06:38.828472+00:00,113.1,50,ask,DiligentDonuts,FlawlessFlatbreads,5149054
2026-07-03T02:06:40.923131,2026-07-03T02:06:40.934508+00:00,113.1,50,ask,DiligentDonuts,FlawlessFlatbreads,5149081
2026-07-03T02:06:41.389939,2026-07-03T02:06:41.398450+00:00,113.1,12,bid,Xuanyu Liu,DiligentDonuts,5149094
2026-07-03T02:06:42.980773,2026-07-03T02:06:42.992375+00:00,113.1,50,bid,FlawlessFlatbreads,DiligentDonuts,5149124
2026-07-03T02:06:44.990251,2026-07-03T02:06:44.997872+00:00,113.1,48,bid,CostlyCorianders,EarnestEspressos,5149140
2026-07-03T02:06:45.086069,2026-07-03T02:06:45.097528+00:00,113.1,50,bid,FlawlessFlatbreads,EarnestEspressos,5149142
2026-07-03T02:06:45.252615,2026-07-03T02:06:45.278751+00:00,113.1,11,bid,Xuanyu Liu,EarnestEspressos,5149146
2026-07-03T02:06:47.192543,2026-07-03T02:06:47.204283+00:00,113.3,50,bid,FlawlessFlatbreads,DiligentDonuts,5149174
2026-07-03T02:06:48.676506,2026-07-03T02:06:48.688207+00:00,113.2,44,ask,EarnestEspressos,CostlyCorianders,5149192
2026-07-03T02:06:49.300167,2026-07-03T02:06:49.307472+00:00,113.7,50,bid,FlawlessFlatbreads,EarnestEspressos,5149209
2026-07-03T02:06:51.407030,2026-07-03T02:06:51.418661+00:00,113.6,50,bid,FlawlessFlatbreads,DiligentDonuts,5149242
2026-07-03T02:06:51.939985,2026-07-03T02:06:51.948910+00:00,113.3,11,ask,EarnestEspressos,Xuanyu Liu,5149251
2026-07-03T02:06:53.569387,2026-07-03T02:06:53.580875+00:00,113.2,44,ask,EarnestEspressos,CostlyCorianders,5149276
2026-07-03T02:06:54.619712,2026-07-03T02:06:54.630199+00:00,113.3,41,ask,DiligentDonuts,CostlyCorianders,5149290
2026-07-03T02:06:55.668495,2026-07-03T02:06:55.674947+00:00,113.3,50,ask,DiligentDonuts,FlawlessFlatbreads,5149306
2026-07-03T02:06:55.744227,2026-07-03T02:06:55.753001+00:00,113.7,45,bid,CostlyCorianders,EarnestEspressos,5149307
2026-07-03T02:06:56.205136,2026-07-03T02:06:56.211696+00:00,113.5,42,ask,EarnestEspressos,CostlyCorianders,5149321
2026-07-03T02:06:56.713532,2026-07-03T02:06:56.724822+00:00,113.8,42,bid,CostlyCorianders,DiligentDonuts,5149325
2026-07-03T02:06:57.774892,2026-07-03T02:06:57.786399+00:00,113.5,50,ask,EarnestEspressos,FlawlessFlatbreads,5149339
2026-07-03T02:06:59.928301,2026-07-03T02:06:59.939702+00:00,113.4,41,ask,DiligentDonuts,CostlyCorianders,5149374
2026-07-03T02:07:01.574539,2026-07-03T02:07:01.585887+00:00,113.7,48,bid,CostlyCorianders,EarnestEspressos,5149395
2026-07-03T02:07:01.990953,2026-07-03T02:07:02.002293+00:00,113.2,50,ask,EarnestEspressos,FlawlessFlatbreads,5149398
2026-07-03T02:07:04.099367,2026-07-03T02:07:04.110843+00:00,113.3,50,ask,DiligentDonuts,FlawlessFlatbreads,5149431
2026-07-03T02:07:05.090099,2026-07-03T02:07:05.101325+00:00,113.7,43,bid,CostlyCorianders,EarnestEspressos,5149440
2026-07-03T02:07:06.206434,2026-07-03T02:07:06.217674+00:00,113.4,50,ask,EarnestEspressos,FlawlessFlatbreads,5149455
2026-07-03T02:07:09.760964,2026-07-03T02:07:09.767354+00:00,113.2,48,ask,EarnestEspressos,CostlyCorianders,5149510
2026-07-03T02:07:11.694399,2026-07-03T02:07:11.702484+00:00,113.7,11,bid,Xuanyu Liu,EarnestEspressos,5149542
2026-07-03T02:07:12.512413,2026-07-03T02:07:12.522255+00:00,113.7,50,bid,FlawlessFlatbreads,DiligentDonuts,5149550
2026-07-03T02:07:14.618666,2026-07-03T02:07:14.630053+00:00,113.8,50,bid,FlawlessFlatbreads,EarnestEspressos,5149581
2026-07-03T02:07:16.253220,2026-07-03T02:07:16.264492+00:00,113.8,44,bid,CostlyCorianders,EarnestEspressos,5149601
2026-07-03T02:07:20.367093,2026-07-03T02:07:20.376380+00:00,113.8,44,bid,CostlyCorianders,DiligentDonuts,5149653
2026-07-03T02:07:21.028401,2026-07-03T02:07:21.035529+00:00,113.5,50,ask,EarnestEspressos,FlawlessFlatbreads,5149668
2026-07-03T02:07:22.545750,2026-07-03T02:07:22.558586+00:00,113.5,44,ask,DiligentDonuts,CostlyCorianders,5149689
2026-07-03T02:07:23.134023,2026-07-03T02:07:23.145587+00:00,113.5,50,ask,DiligentDonuts,FlawlessFlatbreads,5149699
2026-07-03T02:07:23.645929,2026-07-03T02:07:23.657432+00:00,113.5,6,ask,DiligentDonuts,CostlyCorianders,5149704
2026-07-03T02:07:23.645929,2026-07-03T02:07:23.657432+00:00,113.3,37,ask,EarnestEspressos,CostlyCorianders,5149705
2026-07-03T02:07:25.242603,2026-07-03T02:07:25.251988+00:00,113.2,50,ask,EarnestEspressos,FlawlessFlatbreads,5149731
2026-07-03T02:07:27.351445,2026-07-03T02:07:27.357774+00:00,113.6,50,ask,DiligentDonuts,EarnestEspressos,5149758
2026-07-03T02:07:27.634557,2026-07-03T02:07:27.641579+00:00,113.6,50,ask,DiligentDonuts,FlawlessFlatbreads,5149767
2026-07-03T02:07:27.647561,2026-07-03T02:07:27.656166+00:00,113.6,12,bid,Xuanyu Liu,EarnestEspressos,5149768
2026-07-03T02:07:28.274253,2026-07-03T02:07:28.285222+00:00,113.6,40,bid,CostlyCorianders,EarnestEspressos,5149774
2026-07-03T02:07:28.751415,2026-07-03T02:07:28.754761+00:00,113.6,47,bid,CostlyCorianders,EarnestEspressos,5149783
2026-07-03T02:07:29.488786,2026-07-03T02:07:29.501036+00:00,113.5,11,bid,Xuanyu Liu,DiligentDonuts,5149793
2026-07-03T02:07:30.755665,2026-07-03T02:07:30.764927+00:00,113.5,89,bid,EarnestEspressos,DiligentDonuts,5149809
2026-07-03T02:07:31.514988,2026-07-03T02:07:31.526602+00:00,114.2,50,bid,FlawlessFlatbreads,EarnestEspressos,5149822
2026-07-03T02:07:33.620764,2026-07-03T02:07:33.627972+00:00,113.9,50,bid,FlawlessFlatbreads,DiligentDonuts,5149850
2026-07-03T02:07:34.678750,2026-07-03T02:07:34.688070+00:00,113.6,49,ask,EarnestEspressos,CostlyCorianders,5149863
2026-07-03T02:07:35.740577,2026-07-03T02:07:35.758565+00:00,114.0,50,bid,FlawlessFlatbreads,DiligentDonuts,5149879
2026-07-03T02:07:37.200735,2026-07-03T02:07:37.212133+00:00,113.9,47,bid,CostlyCorianders,EarnestEspressos,5149895
2026-07-03T02:07:37.849198,2026-07-03T02:07:37.855396+00:00,113.9,50,bid,FlawlessFlatbreads,EarnestEspressos,5149902
2026-07-03T02:07:38.719402,2026-07-03T02:07:38.726204+00:00,113.5,48,ask,DiligentDonuts,CostlyCorianders,5149911
2026-07-03T02:07:40.394698,2026-07-03T02:07:40.403016+00:00,113.8,11,ask,EarnestEspressos,Xuanyu Liu,5149935
2026-07-03T02:07:42.085519,2026-07-03T02:07:42.096943+00:00,114.2,50,bid,FlawlessFlatbreads,DiligentDonuts,5149958
2026-07-03T02:07:44.199532,2026-07-03T02:07:44.210977+00:00,114.2,50,bid,FlawlessFlatbreads,DiligentDonuts,5149989
2026-07-03T02:07:44.608071,2026-07-03T02:07:44.616297+00:00,114.2,35,ask,DiligentDonuts,Xuanyu Liu,5149997
2026-07-03T02:07:46.306743,2026-07-03T02:07:46.316461+00:00,114.3,50,bid,FlawlessFlatbreads,EarnestEspressos,5150026
2026-07-03T02:07:48.412813,2026-07-03T02:07:48.420304+00:00,114.3,50,bid,FlawlessFlatbreads,DiligentDonuts,5150046
2026-07-03T02:07:49.678262,2026-07-03T02:07:49.689593+00:00,114.1,40,ask,EarnestEspressos,CostlyCorianders,5150070
2026-07-03T02:07:50.568703,2026-07-03T02:07:50.580090+00:00,113.8,50,ask,DiligentDonuts,FlawlessFlatbreads,5150081
2026-07-03T02:07:50.824919,2026-07-03T02:07:50.834573+00:00,114.3,49,bid,CostlyCorianders,DiligentDonuts,5150090
2026-07-03T02:07:52.674836,2026-07-03T02:07:52.686247+00:00,114.0,50,ask,DiligentDonuts,FlawlessFlatbreads,5150119
2026-07-03T02:07:53.313676,2026-07-03T02:07:53.321381+00:00,114.0,40,ask,DiligentDonuts,CostlyCorianders,5150131
2026-07-03T02:07:54.784766,2026-07-03T02:07:54.796297+00:00,113.9,50,ask,EarnestEspressos,FlawlessFlatbreads,5150147
2026-07-03T02:07:55.811001,2026-07-03T02:07:55.819758+00:00,113.9,46,ask,EarnestEspressos,CostlyCorianders,5150162
2026-07-03T02:07:56.328550,2026-07-03T02:07:56.336651+00:00,113.9,12,bid,Xuanyu Liu,EarnestEspressos,5150170
2026-07-03T02:07:56.890848,2026-07-03T02:07:56.902555+00:00,113.7,50,ask,DiligentDonuts,FlawlessFlatbreads,5150185
2026-07-03T02:07:58.952646,2026-07-03T02:07:58.963119+00:00,113.9,11,bid,Xuanyu Liu,EarnestEspressos,5150207
2026-07-03T02:07:58.998361,2026-07-03T02:07:59.009985+00:00,113.5,50,ask,DiligentDonuts,FlawlessFlatbreads,5150209
2026-07-03T02:08:03.157791,2026-07-03T02:08:03.166980+00:00,113.9,50,bid,FlawlessFlatbreads,DiligentDonuts,5150264
2026-07-03T02:08:04.993352,2026-07-03T02:08:05.004681+00:00,113.9,47,bid,CostlyCorianders,DiligentDonuts,5150284
2026-07-03T02:08:05.262388,2026-07-03T02:08:05.273623+00:00,113.9,50,bid,FlawlessFlatbreads,DiligentDonuts,5150288
2026-07-03T02:08:05.976105,2026-07-03T02:08:05.987746+00:00,113.4,42,ask,DiligentDonuts,CostlyCorianders,5150297
2026-07-03T02:08:09.036828,2026-07-03T02:08:09.058568+00:00,113.6,43,bid,CostlyCorianders,EarnestEspressos,5150341
2026-07-03T02:08:09.448021,2026-07-03T02:08:09.456272+00:00,113.6,12,bid,Xuanyu Liu,EarnestEspressos,5150354
2026-07-03T02:08:09.473725,2026-07-03T02:08:09.481846+00:00,113.6,50,bid,FlawlessFlatbreads,EarnestEspressos,5150356
2026-07-03T02:08:09.891138,2026-07-03T02:08:09.899396+00:00,113.6,45,bid,DiligentDonuts,EarnestEspressos,5150360
2026-07-03T02:08:11.579571,2026-07-03T02:08:11.591318+00:00,114.1,50,bid,FlawlessFlatbreads,DiligentDonuts,5150377
2026-07-03T02:08:11.914054,2026-07-03T02:08:11.923599+00:00,114.0,35,ask,EarnestEspressos,Xuanyu Liu,5150382
2026-07-03T02:08:12.075302,2026-07-03T02:08:12.084874+00:00,114.0,11,ask,EarnestEspressos,Xuanyu Liu,5150387
2026-07-03T02:08:13.113340,2026-07-03T02:08:13.121081+00:00,114.0,100,ask,EarnestEspressos,DiligentDonuts,5150400
2026-07-03T02:08:13.737462,2026-07-03T02:08:13.749026+00:00,114.0,4,ask,EarnestEspressos,FlawlessFlatbreads,5150408
2026-07-03T02:08:15.125555,2026-07-03T02:08:15.134443+00:00,113.9,11,bid,Xuanyu Liu,EarnestEspressos,5150430
2026-07-03T02:08:15.792742,2026-07-03T02:08:15.804307+00:00,113.9,50,bid,FlawlessFlatbreads,EarnestEspressos,5150444
2026-07-03T02:08:16.221382,2026-07-03T02:08:16.228962+00:00,113.9,89,bid,DiligentDonuts,EarnestEspressos,5150456
2026-07-03T02:08:16.691840,2026-07-03T02:08:16.703156+00:00,113.9,11,ask,DiligentDonuts,CostlyCorianders,5150463
2026-07-03T02:08:19.096452,2026-07-03T02:08:19.105094+00:00,114.0,11,ask,EarnestEspressos,Xuanyu Liu,5150493
2026-07-03T02:08:19.434079,2026-07-03T02:08:19.444103+00:00,114.0,100,ask,EarnestEspressos,DiligentDonuts,5150499
2026-07-03T02:08:20.005028,2026-07-03T02:08:20.016322+00:00,114.5,50,bid,FlawlessFlatbreads,EarnestEspressos,5150507
2026-07-03T02:08:23.030532,2026-07-03T02:08:23.042079+00:00,114.2,45,bid,CostlyCorianders,EarnestEspressos,5150550
2026-07-03T02:08:28.498219,2026-07-03T02:08:28.509857+00:00,113.9,50,ask,EarnestEspressos,FlawlessFlatbreads,5150621
2026-07-03T02:08:28.567197,2026-07-03T02:08:28.578460+00:00,113.9,44,ask,EarnestEspressos,CostlyCorianders,5150623
2026-07-03T02:08:30.617937,2026-07-03T02:08:30.627718+00:00,113.9,50,ask,EarnestEspressos,FlawlessFlatbreads,5150653
2026-07-03T02:08:30.928022,2026-07-03T02:08:30.940769+00:00,113.7,100,ask,DiligentDonuts,EarnestEspressos,5150657
2026-07-03T02:08:30.933229,2026-07-03T02:08:30.940769+00:00,113.7,11,bid,Xuanyu Liu,EarnestEspressos,5150658
2026-07-03T02:08:31.983953,2026-07-03T02:08:31.995428+00:00,113.7,39,bid,CostlyCorianders,EarnestEspressos,5150676
2026-07-03T02:08:32.038090,2026-07-03T02:08:32.049492+00:00,113.4,47,ask,DiligentDonuts,CostlyCorianders,5150677
2026-07-03T02:08:32.732979,2026-07-03T02:08:32.744528+00:00,113.4,50,ask,DiligentDonuts,FlawlessFlatbreads,5150686
2026-07-03T02:08:34.856824,2026-07-03T02:08:34.865346+00:00,113.8,50,ask,EarnestEspressos,FlawlessFlatbreads,5150715
2026-07-03T02:08:35.237612,2026-07-03T02:08:35.244698+00:00,113.8,100,ask,EarnestEspressos,DiligentDonuts,5150719
2026-07-03T02:08:36.962202,2026-07-03T02:08:36.972755+00:00,113.1,50,ask,DiligentDonuts,FlawlessFlatbreads,5150741
2026-07-03T02:08:37.476799,2026-07-03T02:08:37.486999+00:00,113.7,40,bid,CostlyCorianders,EarnestEspressos,5150751
2026-07-03T02:08:39.068343,2026-07-03T02:08:39.079726+00:00,113.2,50,ask,EarnestEspressos,FlawlessFlatbreads,5150771
2026-07-03T02:08:39.618097,2026-07-03T02:08:39.653378+00:00,113.7,23,bid,Xuanyu Liu,EarnestEspressos,5150783
2026-07-03T02:08:40.448747,2026-07-03T02:08:40.460318+00:00,113.5,46,ask,EarnestEspressos,CostlyCorianders,5150791
2026-07-03T02:08:40.925538,2026-07-03T02:08:40.933802+00:00,113.5,11,ask,EarnestEspressos,Xuanyu Liu,5150800
2026-07-03T02:08:41.176583,2026-07-03T02:08:41.188021+00:00,113.5,50,ask,EarnestEspressos,FlawlessFlatbreads,5150802
2026-07-03T02:08:41.558522,2026-07-03T02:08:41.565421+00:00,113.5,43,ask,EarnestEspressos,DiligentDonuts,5150806
2026-07-03T02:08:42.230695,2026-07-03T02:08:42.238234+00:00,113.5,11,bid,Xuanyu Liu,DiligentDonuts,5150821
2026-07-03T02:08:43.293833,2026-07-03T02:08:43.305690+00:00,113.0,50,ask,DiligentDonuts,FlawlessFlatbreads,5150833
2026-07-03T02:08:43.599688,2026-07-03T02:08:43.608875+00:00,113.1,26,bid,Xuanyu Liu,EarnestEspressos,5150841
2026-07-03T02:08:44.666120,2026-07-03T02:08:44.675063+00:00,113.1,100,bid,DiligentDonuts,EarnestEspressos,5150864
2026-07-03T02:08:45.400924,2026-07-03T02:08:45.412299+00:00,112.6,50,ask,EarnestEspressos,FlawlessFlatbreads,5150872
2026-07-03T02:08:47.513470,2026-07-03T02:08:47.526305+00:00,112.8,50,ask,EarnestEspressos,FlawlessFlatbreads,5150897
2026-07-03T02:08:48.966142,2026-07-03T02:08:48.977730+00:00,113.3,41,bid,CostlyCorianders,EarnestEspressos,5150928
2026-07-03T02:08:49.620368,2026-07-03T02:08:49.627689+00:00,112.9,50,ask,DiligentDonuts,FlawlessFlatbreads,5150936
2026-07-03T02:08:51.067508,2026-07-03T02:08:51.075510+00:00,113.3,43,bid,CostlyCorianders,DiligentDonuts,5150958
2026-07-03T02:08:51.749288,2026-07-03T02:08:51.756802+00:00,112.9,50,ask,EarnestEspressos,FlawlessFlatbreads,5150969
2026-07-03T02:08:52.099890,2026-07-03T02:08:52.118033+00:00,113.3,40,bid,CostlyCorianders,DiligentDonuts,5150975
2026-07-03T02:08:53.696679,2026-07-03T02:08:53.703233+00:00,113.3,17,bid,Alice Feng,DiligentDonuts,5150997
2026-07-03T02:08:53.696679,2026-07-03T02:08:53.708460+00:00,113.3,8,bid,Alice Feng,EarnestEspressos,5150998
2026-07-03T02:08:53.860432,2026-07-03T02:08:53.868408+00:00,112.8,50,ask,DiligentDonuts,FlawlessFlatbreads,5151001
2026-07-03T02:08:53.907515,2026-07-03T02:08:53.914197+00:00,113.3,25,bid,Alice Feng,EarnestEspressos,5151003
2026-07-03T02:08:54.318323,2026-07-03T02:08:54.329408+00:00,113.3,25,bid,Alice Feng,EarnestEspressos,5151011
2026-07-03T02:08:54.528169,2026-07-03T02:08:54.535237+00:00,113.3,25,bid,Alice Feng,EarnestEspressos,5151015
2026-07-03T02:08:54.736977,2026-07-03T02:08:54.744241+00:00,113.3,25,bid,Alice Feng,EarnestEspressos,5151026
2026-07-03T02:08:54.767814,2026-07-03T02:08:54.779392+00:00,113.3,3,bid,Xuanyu Liu,EarnestEspressos,5151027
2026-07-03T02:08:54.944952,2026-07-03T02:08:54.952952+00:00,113.3,25,bid,Alice Feng,EarnestEspressos,5151032
2026-07-03T02:08:55.156713,2026-07-03T02:08:55.165432+00:00,113.3,14,bid,Alice Feng,EarnestEspressos,5151035
2026-07-03T02:08:55.161121,2026-07-03T02:08:55.170657+00:00,113.4,2,bid,Alice Feng,DiligentDonuts,5151036
2026-07-03T02:08:55.389462,2026-07-03T02:08:55.398952+00:00,113.4,25,bid,Alice Feng,DiligentDonuts,5151044
2026-07-03T02:08:55.603756,2026-07-03T02:08:55.613845+00:00,113.4,9,bid,Alice Feng,DiligentDonuts,5151050
2026-07-03T02:08:55.969624,2026-07-03T02:08:55.976390+00:00,112.9,50,ask,DiligentDonuts,FlawlessFlatbreads,5151056
2026-07-03T02:08:56.176426,2026-07-03T02:08:56.187775+00:00,113.4,64,bid,EarnestEspressos,DiligentDonuts,5151061
2026-07-03T02:08:56.226240,2026-07-03T02:08:56.237654+00:00,113.6,2,ask,EarnestEspressos,Alice Feng,5151062
2026-07-03T02:08:56.243950,2026-07-03T02:08:56.252986+00:00,113.6,3,ask,EarnestEspressos,Xuanyu Liu,5151063
2026-07-03T02:08:56.342350,2026-07-03T02:08:56.354065+00:00,113.6,49,ask,EarnestEspressos,CostlyCorianders,5151065
2026-07-03T02:08:56.437783,2026-07-03T02:08:56.448994+00:00,113.6,2,ask,EarnestEspressos,Alice Feng,5151069
2026-07-03T02:08:56.642183,2026-07-03T02:08:56.658573+00:00,113.6,2,ask,EarnestEspressos,Alice Feng,5151072
2026-07-03T02:08:56.670880,2026-07-03T02:08:56.679164+00:00,113.6,3,ask,EarnestEspressos,Xuanyu Liu,5151076
2026-07-03T02:08:56.847220,2026-07-03T02:08:56.853624+00:00,113.6,25,ask,EarnestEspressos,Alice Feng,5151079
2026-07-03T02:08:56.961569,2026-07-03T02:08:56.973017+00:00,112.9,48,ask,DiligentDonuts,CostlyCorianders,5151082
2026-07-03T02:08:57.432653,2026-07-03T02:08:57.443981+00:00,114.1,44,bid,CostlyCorianders,EarnestEspressos,5151088
2026-07-03T02:08:58.076409,2026-07-03T02:08:58.087740+00:00,113.6,50,ask,DiligentDonuts,FlawlessFlatbreads,5151106
2026-07-03T02:09:00.187040,2026-07-03T02:09:00.194950+00:00,113.6,50,ask,DiligentDonuts,FlawlessFlatbreads,5151141
2026-07-03T02:09:00.550300,2026-07-03T02:09:00.555897+00:00,113.6,3,bid,Xuanyu Liu,DiligentDonuts,5151152
2026-07-03T02:09:02.293691,2026-07-03T02:09:02.301405+00:00,113.2,50,ask,EarnestEspressos,FlawlessFlatbreads,5151170
2026-07-03T02:09:02.810717,2026-07-03T02:09:02.822159+00:00,113.6,42,bid,CostlyCorianders,DiligentDonuts,5151182
2026-07-03T02:09:03.942611,2026-07-03T02:09:03.950798+00:00,113.4,46,ask,DiligentDonuts,CostlyCorianders,5151194
2026-07-03T02:09:04.398719,2026-07-03T02:09:04.405952+00:00,113.4,50,ask,DiligentDonuts,FlawlessFlatbreads,5151204
2026-07-03T02:09:04.478159,2026-07-03T02:09:04.484570+00:00,113.6,25,bid,Alice Feng,EarnestEspressos,5151207
2026-07-03T02:09:04.687144,2026-07-03T02:09:04.698666+00:00,113.6,6,bid,Alice Feng,EarnestEspressos,5151209
2026-07-03T02:09:05.525648,2026-07-03T02:09:05.536630+00:00,113.4,4,ask,DiligentDonuts,CostlyCorianders,5151222
2026-07-03T02:09:07.141329,2026-07-03T02:09:07.149570+00:00,113.8,3,bid,Xuanyu Liu,EarnestEspressos,5151250
2026-07-03T02:09:10.673460,2026-07-03T02:09:10.684786+00:00,114.0,50,bid,FlawlessFlatbreads,DiligentDonuts,5151296
2026-07-03T02:09:10.928759,2026-07-03T02:09:10.937118+00:00,114.0,45,bid,CostlyCorianders,DiligentDonuts,5151298
2026-07-03T02:09:12.780495,2026-07-03T02:09:12.790025+00:00,114.0,5,bid,FlawlessFlatbreads,DiligentDonuts,5151327
2026-07-03T02:09:12.780495,2026-07-03T02:09:12.790025+00:00,114.1,45,bid,FlawlessFlatbreads,EarnestEspressos,5151328
2026-07-03T02:09:15.177537,2026-07-03T02:09:15.186139+00:00,113.8,3,ask,EarnestEspressos,Xuanyu Liu,5151354
2026-07-03T02:09:16.996881,2026-07-03T02:09:17.008168+00:00,113.9,50,bid,FlawlessFlatbreads,DiligentDonuts,5151383
2026-07-03T02:09:17.696374,2026-07-03T02:09:17.764278+00:00,113.8,46,ask,EarnestEspressos,CostlyCorianders,5151389
2026-07-03T02:09:19.102418,2026-07-03T02:09:19.109869+00:00,113.9,50,bid,FlawlessFlatbreads,DiligentDonuts,5151408
2026-07-03T02:09:21.209187,2026-07-03T02:09:21.220519+00:00,114.2,50,bid,FlawlessFlatbreads,EarnestEspressos,5151424
2026-07-03T02:09:21.640656,2026-07-03T02:09:21.652064+00:00,114.2,41,bid,CostlyCorianders,DiligentDonuts,5151439
2026-07-03T02:09:22.224528,2026-07-03T02:09:22.236151+00:00,113.8,42,ask,EarnestEspressos,CostlyCorianders,5151441
2026-07-03T02:09:23.316786,2026-07-03T02:09:23.328270+00:00,114.3,50,bid,FlawlessFlatbreads,EarnestEspressos,5151461
2026-07-03T02:09:25.475159,2026-07-03T02:09:25.486764+00:00,114.2,50,ask,EarnestEspressos,FlawlessFlatbreads,5151484
2026-07-03T02:09:26.818334,2026-07-03T02:09:26.826889+00:00,114.3,14,ask,DiligentDonuts,Xuanyu Liu,5151508
2026-07-03T02:09:26.979646,2026-07-03T02:09:26.990887+00:00,114.3,25,ask,DiligentDonuts,Alice Feng,5151513
2026-07-03T02:09:27.188533,2026-07-03T02:09:27.196091+00:00,114.3,25,ask,DiligentDonuts,Alice Feng,5151516
2026-07-03T02:09:27.397567,2026-07-03T02:09:27.404417+00:00,114.3,25,ask,DiligentDonuts,Alice Feng,5151519
2026-07-03T02:09:27.582001,2026-07-03T02:09:27.590013+00:00,114.3,11,ask,DiligentDonuts,FlawlessFlatbreads,5151524
2026-07-03T02:09:27.582001,2026-07-03T02:09:27.595224+00:00,114.2,39,ask,EarnestEspressos,FlawlessFlatbreads,5151525
2026-07-03T02:09:27.606869,2026-07-03T02:09:27.618442+00:00,114.2,25,ask,EarnestEspressos,Alice Feng,5151526
2026-07-03T02:09:27.874138,2026-07-03T02:09:27.882407+00:00,114.0,14,bid,Xuanyu Liu,EarnestEspressos,5151534
2026-07-03T02:09:28.039625,2026-07-03T02:09:28.048468+00:00,114.0,45,bid,CostlyCorianders,EarnestEspressos,5151537
2026-07-03T02:09:28.220577,2026-07-03T02:09:28.229004+00:00,114.0,25,bid,Alice Feng,EarnestEspressos,5151543
2026-07-03T02:09:28.430799,2026-07-03T02:09:28.437393+00:00,114.0,25,bid,Alice Feng,EarnestEspressos,5151549
2026-07-03T02:09:28.640242,2026-07-03T02:09:28.646630+00:00,114.0,25,bid,Alice Feng,EarnestEspressos,5151551
2026-07-03T02:09:28.848743,2026-07-03T02:09:28.854351+00:00,114.0,16,bid,Alice Feng,EarnestEspressos,5151559
2026-07-03T02:09:29.691340,2026-07-03T02:09:29.699180+00:00,113.8,50,ask,DiligentDonuts,FlawlessFlatbreads,5151573
2026-07-03T02:09:30.968701,2026-07-03T02:09:30.976201+00:00,114.3,100,bid,EarnestEspressos,DiligentDonuts,5151591
2026-07-03T02:09:31.798253,2026-07-03T02:09:31.809727+00:00,114.4,50,ask,EarnestEspressos,FlawlessFlatbreads,5151599
2026-07-03T02:09:33.853130,2026-07-03T02:09:33.864806+00:00,114.6,50,bid,FlawlessFlatbreads,DiligentDonuts,5151633
2026-07-03T02:09:36.011048,2026-07-03T02:09:36.022382+00:00,114.0,50,ask,DiligentDonuts,FlawlessFlatbreads,5151657
2026-07-03T02:09:37.196864,2026-07-03T02:09:37.208099+00:00,114.0,49,ask,DiligentDonuts,CostlyCorianders,5151681
2026-07-03T02:09:37.507324,2026-07-03T02:09:37.513931+00:00,114.1,9,bid,Alice Feng,EarnestEspressos,5151688
2026-07-03T02:09:38.066502,2026-07-03T02:09:38.078095+00:00,114.1,50,bid,FlawlessFlatbreads,EarnestEspressos,5151698
2026-07-03T02:09:38.208890,2026-07-03T02:09:38.216255+00:00,114.0,1,ask,DiligentDonuts,CostlyCorianders,5151700
2026-07-03T02:09:39.917991,2026-07-03T02:09:39.931102+00:00,114.1,3,bid,Xuanyu Liu,EarnestEspressos,5151726
2026-07-03T02:09:40.173889,2026-07-03T02:09:40.184921+00:00,114.1,50,bid,FlawlessFlatbreads,EarnestEspressos,5151733
2026-07-03T02:09:40.467814,2026-07-03T02:09:40.475860+00:00,114.4,3,ask,EarnestEspressos,Xuanyu Liu,5151736
2026-07-03T02:09:41.353369,2026-07-03T02:09:41.355053+00:00,114.4,41,ask,EarnestEspressos,CostlyCorianders,5151750
2026-07-03T02:09:43.768907,2026-07-03T02:09:43.780317+00:00,114.6,40,bid,CostlyCorianders,DiligentDonuts,5151786
2026-07-03T02:09:44.332485,2026-07-03T02:09:44.343854+00:00,114.6,41,bid,CostlyCorianders,DiligentDonuts,5151792
2026-07-03T02:09:44.438002,2026-07-03T02:09:44.447411+00:00,114.1,50,ask,DiligentDonuts,FlawlessFlatbreads,5151797
2026-07-03T02:09:48.154703,2026-07-03T02:09:48.162831+00:00,114.2,47,ask,EarnestEspressos,CostlyCorianders,5151851
2026-07-03T02:09:50.701728,2026-07-03T02:09:50.713192+00:00,114.7,50,bid,FlawlessFlatbreads,DiligentDonuts,5151888
2026-07-03T02:09:52.809189,2026-07-03T02:09:52.817194+00:00,114.7,50,bid,FlawlessFlatbreads,EarnestEspressos,5151912
2026-07-03T02:09:53.611841,2026-07-03T02:09:53.623343+00:00,114.6,44,ask,DiligentDonuts,CostlyCorianders,5151923
2026-07-03T02:09:54.990467,2026-07-03T02:09:55.001903+00:00,114.6,50,ask,EarnestEspressos,FlawlessFlatbreads,5151948
2026-07-03T02:09:57.126801,2026-07-03T02:09:57.134613+00:00,114.5,50,ask,DiligentDonuts,FlawlessFlatbreads,5151968
2026-07-03T02:09:59.232429,2026-07-03T02:09:59.243915+00:00,114.3,50,ask,EarnestEspressos,FlawlessFlatbreads,5151992
2026-07-03T02:09:59.837409,2026-07-03T02:09:59.849178+00:00,114.5,43,bid,CostlyCorianders,EarnestEspressos,5151999
2026-07-03T02:10:01.352978,2026-07-03T02:10:01.363609+00:00,114.3,50,ask,DiligentDonuts,FlawlessFlatbreads,5152017
2026-07-03T02:10:03.056084,2026-07-03T02:10:03.065487+00:00,114.6,48,bid,CostlyCorianders,EarnestEspressos,5152038
2026-07-03T02:10:03.461261,2026-07-03T02:10:03.472485+00:00,114.3,50,ask,DiligentDonuts,FlawlessFlatbreads,5152049
2026-07-03T02:10:04.165019,2026-07-03T02:10:04.176313+00:00,114.4,49,bid,CostlyCorianders,DiligentDonuts,5152058
2026-07-03T02:10:04.218906,2026-07-03T02:10:04.230588+00:00,114.1,49,ask,EarnestEspressos,CostlyCorianders,5152059
2026-07-03T02:10:04.731764,2026-07-03T02:10:04.739891+00:00,114.4,41,bid,CostlyCorianders,DiligentDonuts,5152068
2026-07-03T02:10:05.300279,2026-07-03T02:10:05.311839+00:00,114.1,41,ask,EarnestEspressos,CostlyCorianders,5152076
2026-07-03T02:10:05.516674,2026-07-03T02:10:05.528250+00:00,114.4,10,bid,FlawlessFlatbreads,DiligentDonuts,5152082
2026-07-03T02:10:05.516674,2026-07-03T02:10:05.528250+00:00,114.6,40,bid,FlawlessFlatbreads,EarnestEspressos,5152083
2026-07-03T02:10:05.860945,2026-07-03T02:10:05.872344+00:00,114.2,48,ask,EarnestEspressos,CostlyCorianders,5152091
2026-07-03T02:10:06.869013,2026-07-03T02:10:06.880424+00:00,114.7,47,bid,CostlyCorianders,EarnestEspressos,5152105
2026-07-03T02:10:07.701338,2026-07-03T02:10:07.712806+00:00,114.3,50,ask,DiligentDonuts,FlawlessFlatbreads,5152115
2026-07-03T02:10:09.760526,2026-07-03T02:10:09.767598+00:00,114.8,50,bid,FlawlessFlatbreads,DiligentDonuts,5152141
2026-07-03T02:10:10.078628,2026-07-03T02:10:10.090012+00:00,114.8,49,bid,CostlyCorianders,EarnestEspressos,5152149
2026-07-03T02:10:10.719351,2026-07-03T02:10:10.730730+00:00,114.4,42,ask,DiligentDonuts,CostlyCorianders,5152164
2026-07-03T02:10:11.314403,2026-07-03T02:10:11.324339+00:00,114.4,42,ask,DiligentDonuts,CostlyCorianders,5152169
2026-07-03T02:10:11.950207,2026-07-03T02:10:11.951595+00:00,114.4,16,ask,DiligentDonuts,FlawlessFlatbreads,5152176
2026-07-03T02:10:11.950207,2026-07-03T02:10:11.951595+00:00,114.3,34,ask,EarnestEspressos,FlawlessFlatbreads,5152177
2026-07-03T02:10:13.264198,2026-07-03T02:10:13.275466+00:00,114.3,100,ask,EarnestEspressos,DiligentDonuts,5152195
2026-07-03T02:10:14.034445,2026-07-03T02:10:14.045627+00:00,114.3,42,ask,EarnestEspressos,CostlyCorianders,5152203
2026-07-03T02:10:14.081374,2026-07-03T02:10:14.092562+00:00,114.3,8,ask,EarnestEspressos,FlawlessFlatbreads,5152207
2026-07-03T02:10:14.081374,2026-07-03T02:10:14.092562+00:00,113.8,42,ask,DiligentDonuts,FlawlessFlatbreads,5152208
2026-07-03T02:10:15.299406,2026-07-03T02:10:15.308545+00:00,114.1,14,bid,Xuanyu Liu,EarnestEspressos,5152235
2026-07-03T02:10:16.190206,2026-07-03T02:10:16.196420+00:00,113.8,50,ask,DiligentDonuts,FlawlessFlatbreads,5152248
2026-07-03T02:10:16.634869,2026-07-03T02:10:16.642772+00:00,114.1,12,bid,Xuanyu Liu,EarnestEspressos,5152254
2026-07-03T02:10:18.305170,2026-07-03T02:10:18.317613+00:00,113.8,50,ask,DiligentDonuts,FlawlessFlatbreads,5152271
2026-07-03T02:10:20.414124,2026-07-03T02:10:20.422952+00:00,114.0,50,ask,DiligentDonuts,FlawlessFlatbreads,5152301
2026-07-03T02:10:22.543150,2026-07-03T02:10:22.551677+00:00,114.0,50,ask,DiligentDonuts,FlawlessFlatbreads,5152335
2026-07-03T02:10:22.941800,2026-07-03T02:10:22.949049+00:00,114.0,45,bid,CostlyCorianders,DiligentDonuts,5152339
2026-07-03T02:10:24.649698,2026-07-03T02:10:24.655870+00:00,113.7,50,ask,EarnestEspressos,FlawlessFlatbreads,5152358
2026-07-03T02:10:25.019470,2026-07-03T02:10:25.027967+00:00,113.9,11,bid,Xuanyu Liu,EarnestEspressos,5152361
2026-07-03T02:10:26.184033,2026-07-03T02:10:26.192560+00:00,113.9,48,bid,CostlyCorianders,EarnestEspressos,5152379
2026-07-03T02:10:27.126051,2026-07-03T02:10:27.136684+00:00,113.9,44,bid,CostlyCorianders,EarnestEspressos,5152401
2026-07-03T02:10:28.848497,2026-07-03T02:10:28.858568+00:00,114.1,50,bid,FlawlessFlatbreads,DiligentDonuts,5152425
2026-07-03T02:10:30.554552,2026-07-03T02:10:30.566279+00:00,113.9,45,ask,EarnestEspressos,CostlyCorianders,5152439
2026-07-03T02:10:30.954734,2026-07-03T02:10:30.954582+00:00,114.4,50,bid,FlawlessFlatbreads,EarnestEspressos,5152448
2026-07-03T02:10:32.111742,2026-07-03T02:10:32.120742+00:00,114.4,44,bid,CostlyCorianders,DiligentDonuts,5152462
2026-07-03T02:10:33.065444,2026-07-03T02:10:33.076839+00:00,114.4,50,bid,FlawlessFlatbreads,EarnestEspressos,5152478
2026-07-03T02:10:34.694991,2026-07-03T02:10:34.705577+00:00,114.4,11,ask,EarnestEspressos,Xuanyu Liu,5152501
2026-07-03T02:10:35.172367,2026-07-03T02:10:35.183879+00:00,114.6,50,bid,FlawlessFlatbreads,DiligentDonuts,5152510
2026-07-03T02:10:37.280158,2026-07-03T02:10:37.291868+00:00,114.9,50,bid,FlawlessFlatbreads,EarnestEspressos,5152538
2026-07-03T02:10:37.396636,2026-07-03T02:10:37.405368+00:00,114.7,12,ask,EarnestEspressos,Xuanyu Liu,5152539
2026-07-03T02:10:37.633951,2026-07-03T02:10:37.645723+00:00,114.7,40,ask,EarnestEspressos,CostlyCorianders,5152545
2026-07-03T02:10:39.132370,2026-07-03T02:10:39.143955+00:00,114.7,40,ask,EarnestEspressos,CostlyCorianders,5152566
2026-07-03T02:10:39.387226,2026-07-03T02:10:39.398793+00:00,115.1,50,bid,FlawlessFlatbreads,DiligentDonuts,5152574
2026-07-03T02:10:41.111803,2026-07-03T02:10:41.120685+00:00,114.8,42,bid,CostlyCorianders,EarnestEspressos,5152603
2026-07-03T02:10:43.050720,2026-07-03T02:10:43.047588+00:00,114.5,46,ask,DiligentDonuts,CostlyCorianders,5152636
2026-07-03T02:10:44.175611,2026-07-03T02:10:44.184506+00:00,114.5,11,ask,DiligentDonuts,Xuanyu Liu,5152653
2026-07-03T02:10:45.760103,2026-07-03T02:10:45.770638+00:00,114.3,50,ask,EarnestEspressos,FlawlessFlatbreads,5152681
2026-07-03T02:10:46.366115,2026-07-03T02:10:46.377549+00:00,114.3,45,ask,EarnestEspressos,CostlyCorianders,5152689
2026-07-03T02:10:47.866853,2026-07-03T02:10:47.876188+00:00,114.2,50,ask,DiligentDonuts,FlawlessFlatbreads,5152712
2026-07-03T02:10:49.043125,2026-07-03T02:10:49.063831+00:00,114.4,41,bid,CostlyCorianders,EarnestEspressos,5152727
2026-07-03T02:10:49.974844,2026-07-03T02:10:49.986210+00:00,114.0,50,ask,DiligentDonuts,FlawlessFlatbreads,5152748
2026-07-03T02:10:50.122498,2026-07-03T02:10:50.134650+00:00,114.5,48,bid,CostlyCorianders,DiligentDonuts,5152752
2026-07-03T02:10:51.881605,2026-07-03T02:10:51.888172+00:00,114.0,43,ask,EarnestEspressos,CostlyCorianders,5152772
2026-07-03T02:10:52.030476,2026-07-03T02:10:52.041258+00:00,114.5,50,bid,FlawlessFlatbreads,EarnestEspressos,5152774
2026-07-03T02:10:52.527477,2026-07-03T02:10:52.538736+00:00,114.5,44,bid,CostlyCorianders,EarnestEspressos,5152781
2026-07-03T02:10:54.186278,2026-07-03T02:10:54.197843+00:00,114.2,50,ask,EarnestEspressos,FlawlessFlatbreads,5152797
2026-07-03T02:10:56.292371,2026-07-03T02:10:56.303954+00:00,114.2,50,ask,EarnestEspressos,FlawlessFlatbreads,5152824
2026-07-03T02:10:56.491276,2026-07-03T02:10:56.500311+00:00,114.4,11,bid,Xuanyu Liu,EarnestEspressos,5152830
2026-07-03T02:10:56.736345,2026-07-03T02:10:56.747704+00:00,114.1,42,ask,DiligentDonuts,CostlyCorianders,5152837
2026-07-03T02:10:57.315448,2026-07-03T02:10:57.327267+00:00,114.4,42,bid,CostlyCorianders,EarnestEspressos,5152844
2026-07-03T02:10:57.882849,2026-07-03T02:10:57.894273+00:00,113.9,41,ask,EarnestEspressos,CostlyCorianders,5152850
2026-07-03T02:10:58.400132,2026-07-03T02:10:58.407212+00:00,113.9,50,ask,EarnestEspressos,FlawlessFlatbreads,5152858
2026-07-03T02:10:59.647379,2026-07-03T02:10:59.656172+00:00,114.1,12,bid,Xuanyu Liu,EarnestEspressos,5152878
2026-07-03T02:11:00.506912,2026-07-03T02:11:00.518455+00:00,113.8,50,ask,DiligentDonuts,FlawlessFlatbreads,5152899
2026-07-03T02:11:01.265041,2026-07-03T02:11:01.301725+00:00,114.1,11,bid,Xuanyu Liu,EarnestEspressos,5152914
2026-07-03T02:11:02.829118,2026-07-03T02:11:02.840435+00:00,114.2,41,bid,CostlyCorianders,DiligentDonuts,5152935
2026-07-03T02:11:03.313364,2026-07-03T02:11:03.319911+00:00,113.7,44,ask,DiligentDonuts,CostlyCorianders,5152939
2026-07-03T02:11:06.742951,2026-07-03T02:11:06.752605+00:00,114.1,43,bid,CostlyCorianders,DiligentDonuts,5152984
2026-07-03T02:11:06.771971,2026-07-03T02:11:06.778558+00:00,114.1,50,bid,FlawlessFlatbreads,DiligentDonuts,5152986
2026-07-03T02:11:07.205008,2026-07-03T02:11:07.216594+00:00,113.8,49,ask,DiligentDonuts,CostlyCorianders,5152993
2026-07-03T02:11:08.879098,2026-07-03T02:11:08.886662+00:00,114.1,50,bid,FlawlessFlatbreads,EarnestEspressos,5153032
2026-07-03T02:11:10.381246,2026-07-03T02:11:10.392214+00:00,114.0,44,bid,CostlyCorianders,DiligentDonuts,5153054
2026-07-03T02:11:10.985662,2026-07-03T02:11:10.993106+00:00,114.0,50,bid,FlawlessFlatbreads,DiligentDonuts,5153061
2026-07-03T02:11:11.387385,2026-07-03T02:11:11.398743+00:00,114.0,6,bid,CostlyCorianders,DiligentDonuts,5153067
2026-07-03T02:11:13.091300,2026-07-03T02:11:13.102678+00:00,114.0,50,bid,FlawlessFlatbreads,EarnestEspressos,5153093
2026-07-03T02:11:13.143903,2026-07-03T02:11:13.155379+00:00,113.5,41,ask,DiligentDonuts,CostlyCorianders,5153094
2026-07-03T02:11:13.742187,2026-07-03T02:11:13.753509+00:00,114.0,45,bid,CostlyCorianders,EarnestEspressos,5153102
2026-07-03T02:11:15.224847,2026-07-03T02:11:15.233738+00:00,114.0,50,bid,FlawlessFlatbreads,EarnestEspressos,5153117
2026-07-03T02:11:15.408580,2026-07-03T02:11:15.417287+00:00,114.1,100,bid,EarnestEspressos,DiligentDonuts,5153119
2026-07-03T02:11:15.471409,2026-07-03T02:11:15.479920+00:00,114.2,37,ask,EarnestEspressos,Xuanyu Liu,5153122
2026-07-03T02:11:17.330962,2026-07-03T02:11:17.337248+00:00,114.6,50,bid,FlawlessFlatbreads,DiligentDonuts,5153145
2026-07-03T02:11:19.445739,2026-07-03T02:11:19.456856+00:00,114.3,50,bid,FlawlessFlatbreads,EarnestEspressos,5153171
2026-07-03T02:11:19.647612,2026-07-03T02:11:19.663680+00:00,114.3,100,bid,DiligentDonuts,EarnestEspressos,5153177
2026-07-03T02:11:21.553338,2026-07-03T02:11:21.564810+00:00,114.9,50,bid,FlawlessFlatbreads,DiligentDonuts,5153209
2026-07-03T02:11:22.256902,2026-07-03T02:11:22.268123+00:00,114.4,40,ask,EarnestEspressos,CostlyCorianders,5153220
2026-07-03T02:11:23.663505,2026-07-03T02:11:23.670960+00:00,114.6,50,bid,FlawlessFlatbreads,DiligentDonuts,5153230
2026-07-03T02:11:24.985920,2026-07-03T02:11:24.994060+00:00,114.6,45,bid,CostlyCorianders,DiligentDonuts,5153254
2026-07-03T02:11:25.770546,2026-07-03T02:11:25.779149+00:00,114.6,5,bid,FlawlessFlatbreads,DiligentDonuts,5153264
2026-07-03T02:11:25.770546,2026-07-03T02:11:25.779149+00:00,114.6,45,bid,FlawlessFlatbreads,EarnestEspressos,5153265
2026-07-03T02:11:27.099647,2026-07-03T02:11:27.120027+00:00,114.5,44,ask,DiligentDonuts,CostlyCorianders,5153286
2026-07-03T02:11:27.879549,2026-07-03T02:11:27.890924+00:00,114.6,50,bid,FlawlessFlatbreads,EarnestEspressos,5153298
2026-07-03T02:11:29.989875,2026-07-03T02:11:30.001285+00:00,114.7,50,bid,FlawlessFlatbreads,DiligentDonuts,5153326
2026-07-03T02:11:30.355692,2026-07-03T02:11:30.365018+00:00,114.5,43,ask,EarnestEspressos,CostlyCorianders,5153332
2026-07-03T02:11:31.474660,2026-07-03T02:11:31.482376+00:00,114.7,45,bid,CostlyCorianders,DiligentDonuts,5153350
2026-07-03T02:11:31.572006,2026-07-03T02:11:31.581232+00:00,114.5,41,ask,EarnestEspressos,CostlyCorianders,5153352
2026-07-03T02:11:32.099334,2026-07-03T02:11:32.104985+00:00,114.7,5,bid,FlawlessFlatbreads,DiligentDonuts,5153354
2026-07-03T02:11:32.099334,2026-07-03T02:11:32.104985+00:00,115.0,45,bid,FlawlessFlatbreads,EarnestEspressos,5153355
2026-07-03T02:11:33.719284,2026-07-03T02:11:33.730514+00:00,114.6,48,ask,DiligentDonuts,CostlyCorianders,5153381
2026-07-03T02:11:34.263877,2026-07-03T02:11:34.272253+00:00,114.6,50,ask,DiligentDonuts,FlawlessFlatbreads,5153391
2026-07-03T02:11:36.163342,2026-07-03T02:11:36.174915+00:00,115.0,46,bid,CostlyCorianders,DiligentDonuts,5153414
2026-07-03T02:11:36.318998,2026-07-03T02:11:36.330293+00:00,115.0,50,bid,FlawlessFlatbreads,DiligentDonuts,5153418
2026-07-03T02:11:37.651094,2026-07-03T02:11:37.658565+00:00,114.7,49,ask,EarnestEspressos,CostlyCorianders,5153429
2026-07-03T02:11:38.479646,2026-07-03T02:11:38.486227+00:00,114.7,50,ask,EarnestEspressos,FlawlessFlatbreads,5153440
2026-07-03T02:11:39.317448,2026-07-03T02:11:39.325805+00:00,115.0,3,ask,DiligentDonuts,Xuanyu Liu,5153450
2026-07-03T02:11:39.401885,2026-07-03T02:11:39.411129+00:00,115.0,25,ask,DiligentDonuts,Alice Feng,5153452
2026-07-03T02:11:39.610870,2026-07-03T02:11:39.622487+00:00,115.0,25,ask,DiligentDonuts,Alice Feng,5153459
2026-07-03T02:11:39.819253,2026-07-03T02:11:39.830604+00:00,115.0,25,ask,DiligentDonuts,Alice Feng,5153461
2026-07-03T02:11:40.059526,2026-07-03T02:11:40.068798+00:00,115.0,22,ask,DiligentDonuts,Alice Feng,5153464
2026-07-03T02:11:41.740122,2026-07-03T02:11:41.748811+00:00,114.9,47,bid,CostlyCorianders,EarnestEspressos,5153484
2026-07-03T02:11:41.948288,2026-07-03T02:11:41.956124+00:00,114.7,11,ask,DiligentDonuts,Xuanyu Liu,5153491
2026-07-03T02:11:42.083627,2026-07-03T02:11:42.093754+00:00,114.7,25,ask,DiligentDonuts,Alice Feng,5153493
2026-07-03T02:11:42.293364,2026-07-03T02:11:42.300083+00:00,114.7,25,ask,DiligentDonuts,Alice Feng,5153499
2026-07-03T02:11:42.503278,2026-07-03T02:11:42.510080+00:00,114.7,25,ask,DiligentDonuts,Alice Feng,5153506
2026-07-03T02:11:42.692503,2026-07-03T02:11:42.701682+00:00,114.7,14,ask,DiligentDonuts,FlawlessFlatbreads,5153509
2026-07-03T02:11:42.692503,2026-07-03T02:11:42.701682+00:00,114.4,36,ask,EarnestEspressos,FlawlessFlatbreads,5153510
2026-07-03T02:11:44.560362,2026-07-03T02:11:44.568928+00:00,114.8,45,bid,CostlyCorianders,EarnestEspressos,5153529
2026-07-03T02:11:44.748564,2026-07-03T02:11:44.758552+00:00,114.8,50,bid,FlawlessFlatbreads,EarnestEspressos,5153532
2026-07-03T02:11:45.031497,2026-07-03T02:11:45.040863+00:00,114.7,11,bid,Xuanyu Liu,DiligentDonuts,5153537
2026-07-03T02:11:46.409965,2026-07-03T02:11:46.421568+00:00,114.3,43,ask,EarnestEspressos,CostlyCorianders,5153561
2026-07-03T02:11:47.941002,2026-07-03T02:11:47.949155+00:00,114.5,41,ask,EarnestEspressos,CostlyCorianders,5153587
2026-07-03T02:11:49.006413,2026-07-03T02:11:49.013885+00:00,114.6,46,bid,CostlyCorianders,DiligentDonuts,5153602
2026-07-03T02:11:49.011774,2026-07-03T02:11:49.019029+00:00,114.5,50,ask,EarnestEspressos,FlawlessFlatbreads,5153603
2026-07-03T02:11:49.568578,2026-07-03T02:11:49.580173+00:00,114.5,47,ask,EarnestEspressos,CostlyCorianders,5153622
2026-07-03T02:11:49.810955,2026-07-03T02:11:49.818425+00:00,114.6,3,bid,Xuanyu Liu,DiligentDonuts,5153626
2026-07-03T02:11:50.335738,2026-07-03T02:11:50.345065+00:00,114.4,25,bid,Alice Feng,EarnestEspressos,5153631
2026-07-03T02:11:50.544831,2026-07-03T02:11:50.551434+00:00,114.4,25,bid,Alice Feng,EarnestEspressos,5153637
2026-07-03T02:11:50.754179,2026-07-03T02:11:50.755366+00:00,114.4,25,bid,Alice Feng,EarnestEspressos,5153639
2026-07-03T02:11:50.968529,2026-07-03T02:11:50.970056+00:00,114.4,25,bid,Alice Feng,EarnestEspressos,5153643
2026-07-03T02:11:51.118721,2026-07-03T02:11:51.131449+00:00,114.1,50,ask,DiligentDonuts,FlawlessFlatbreads,5153650
2026-07-03T02:11:51.181538,2026-07-03T02:11:51.190037+00:00,114.4,25,bid,Alice Feng,EarnestEspressos,5153653
2026-07-03T02:11:51.392056,2026-07-03T02:11:51.403298+00:00,114.4,25,bid,Alice Feng,EarnestEspressos,5153657
2026-07-03T02:11:53.224287,2026-07-03T02:11:53.236071+00:00,114.1,50,ask,DiligentDonuts,FlawlessFlatbreads,5153690
2026-07-03T02:11:53.803996,2026-07-03T02:11:53.811765+00:00,114.6,22,bid,Alice Feng,DiligentDonuts,5153696
2026-07-03T02:11:55.281097,2026-07-03T02:11:55.292802+00:00,114.7,50,bid,FlawlessFlatbreads,DiligentDonuts,5153715
2026-07-03T02:11:57.389800,2026-07-03T02:11:57.398963+00:00,114.7,50,bid,FlawlessFlatbreads,DiligentDonuts,5153749
2026-07-03T02:11:58.158157,2026-07-03T02:11:58.165900+00:00,114.8,42,bid,CostlyCorianders,DiligentDonuts,5153763
2026-07-03T02:11:59.309400,2026-07-03T02:11:59.320526+00:00,114.8,40,bid,CostlyCorianders,DiligentDonuts,5153773
2026-07-03T02:11:59.786505,2026-07-03T02:11:59.795152+00:00,114.4,47,ask,EarnestEspressos,CostlyCorianders,5153781
2026-07-03T02:12:01.482818,2026-07-03T02:12:01.494319+00:00,114.7,49,ask,DiligentDonuts,CostlyCorianders,5153801
2026-07-03T02:12:01.654144,2026-07-03T02:12:01.658540+00:00,114.7,50,ask,DiligentDonuts,FlawlessFlatbreads,5153809
2026-07-03T02:12:03.760808,2026-07-03T02:12:03.772511+00:00,114.7,1,ask,DiligentDonuts,FlawlessFlatbreads,5153836
2026-07-03T02:12:03.760808,2026-07-03T02:12:03.772511+00:00,114.4,49,ask,EarnestEspressos,FlawlessFlatbreads,5153837
2026-07-03T02:12:05.870384,2026-07-03T02:12:05.881727+00:00,114.4,50,ask,EarnestEspressos,FlawlessFlatbreads,5153867
2026-07-03T02:12:07.219869,2026-07-03T02:12:07.227999+00:00,114.6,41,bid,CostlyCorianders,EarnestEspressos,5153896
2026-07-03T02:12:07.978770,2026-07-03T02:12:07.986816+00:00,114.4,50,ask,DiligentDonuts,FlawlessFlatbreads,5153906
2026-07-03T02:12:08.211446,2026-07-03T02:12:08.220760+00:00,114.6,3,bid,Xuanyu Liu,EarnestEspressos,5153910
2026-07-03T02:12:10.084528,2026-07-03T02:12:10.096054+00:00,114.4,50,ask,DiligentDonuts,FlawlessFlatbreads,5153944
2026-07-03T02:12:11.559353,2026-07-03T02:12:11.567332+00:00,114.5,11,bid,Xuanyu Liu,DiligentDonuts,5153976
2026-07-03T02:12:12.189953,2026-07-03T02:12:12.196670+00:00,114.4,50,ask,EarnestEspressos,FlawlessFlatbreads,5153984
2026-07-03T02:12:13.956170,2026-07-03T02:12:13.943729+00:00,114.5,45,bid,CostlyCorianders,EarnestEspressos,5154017
2026-07-03T02:12:14.245328,2026-07-03T02:12:14.258589+00:00,114.5,50,bid,FlawlessFlatbreads,EarnestEspressos,5154022
2026-07-03T02:12:14.478373,2026-07-03T02:12:14.489783+00:00,114.5,40,bid,CostlyCorianders,EarnestEspressos,5154026
2026-07-03T02:12:15.500570,2026-07-03T02:12:15.512072+00:00,114.8,100,bid,EarnestEspressos,DiligentDonuts,5154040
2026-07-03T02:12:15.566880,2026-07-03T02:12:15.576452+00:00,114.8,11,ask,EarnestEspressos,Xuanyu Liu,5154043
2026-07-03T02:12:16.078844,2026-07-03T02:12:16.090290+00:00,114.8,39,ask,EarnestEspressos,CostlyCorianders,5154055
2026-07-03T02:12:16.078844,2026-07-03T02:12:16.090290+00:00,114.3,2,ask,DiligentDonuts,CostlyCorianders,5154056
2026-07-03T02:12:16.372836,2026-07-03T02:12:16.384275+00:00,115.3,50,bid,FlawlessFlatbreads,EarnestEspressos,5154060
2026-07-03T02:12:17.576217,2026-07-03T02:12:17.585040+00:00,115.2,40,bid,CostlyCorianders,DiligentDonuts,5154076
2026-07-03T02:12:18.565403,2026-07-03T02:12:18.573812+00:00,114.7,41,ask,DiligentDonuts,CostlyCorianders,5154093
2026-07-03T02:12:20.643559,2026-07-03T02:12:20.650673+00:00,114.7,50,ask,DiligentDonuts,FlawlessFlatbreads,5154124
2026-07-03T02:12:21.310074,2026-07-03T02:12:21.319131+00:00,114.7,3,ask,DiligentDonuts,Xuanyu Liu,5154135
2026-07-03T02:12:21.549442,2026-07-03T02:12:21.563921+00:00,114.7,47,ask,DiligentDonuts,CostlyCorianders,5154141
2026-07-03T02:12:21.549442,2026-07-03T02:12:21.563921+00:00,114.4,1,ask,EarnestEspressos,CostlyCorianders,5154142
2026-07-03T02:12:22.613969,2026-07-03T02:12:22.622412+00:00,114.7,26,bid,Xuanyu Liu,EarnestEspressos,5154150
2026-07-03T02:12:22.636920,2026-07-03T02:12:22.644808+00:00,114.7,41,bid,CostlyCorianders,EarnestEspressos,5154152
2026-07-03T02:12:22.749337,2026-07-03T02:12:22.757611+00:00,114.2,50,ask,EarnestEspressos,FlawlessFlatbreads,5154156
2026-07-03T02:12:22.914749,2026-07-03T02:12:22.926073+00:00,114.7,83,bid,DiligentDonuts,EarnestEspressos,5154160
2026-07-03T02:12:24.744730,2026-07-03T02:12:24.753868+00:00,115.2,41,bid,CostlyCorianders,DiligentDonuts,5154200
2026-07-03T02:12:24.855652,2026-07-03T02:12:24.856432+00:00,114.7,17,ask,DiligentDonuts,FlawlessFlatbreads,5154206
2026-07-03T02:12:24.855652,2026-07-03T02:12:24.856432+00:00,114.2,33,ask,EarnestEspressos,FlawlessFlatbreads,5154207
2026-07-03T02:12:26.542067,2026-07-03T02:12:26.551869+00:00,114.8,12,ask,EarnestEspressos,Xuanyu Liu,5154236
2026-07-03T02:12:26.963373,2026-07-03T02:12:26.975075+00:00,114.8,50,ask,EarnestEspressos,FlawlessFlatbreads,5154242
2026-07-03T02:12:27.412642,2026-07-03T02:12:27.423738+00:00,114.9,41,bid,CostlyCorianders,DiligentDonuts,5154245
2026-07-03T02:12:27.868670,2026-07-03T02:12:27.877633+00:00,114.8,11,ask,EarnestEspressos,Xuanyu Liu,5154251
2026-07-03T02:12:31.189585,2026-07-03T02:12:31.201173+00:00,114.4,50,ask,EarnestEspressos,FlawlessFlatbreads,5154291
2026-07-03T02:12:33.320240,2026-07-03T02:12:33.334840+00:00,114.2,50,ask,DiligentDonuts,FlawlessFlatbreads,5154312
2026-07-03T02:12:33.774637,2026-07-03T02:12:33.785912+00:00,114.2,44,ask,DiligentDonuts,CostlyCorianders,5154321
2026-07-03T02:12:34.355776,2026-07-03T02:12:34.364024+00:00,114.6,47,bid,CostlyCorianders,EarnestEspressos,5154329
2026-07-03T02:12:34.394165,2026-07-03T02:12:34.402268+00:00,114.6,23,bid,Xuanyu Liu,EarnestEspressos,5154332
2026-07-03T02:12:35.427980,2026-07-03T02:12:35.440266+00:00,114.6,50,ask,EarnestEspressos,FlawlessFlatbreads,5154358
2026-07-03T02:12:37.046640,2026-07-03T02:12:37.063899+00:00,114.6,43,ask,EarnestEspressos,CostlyCorianders,5154379
2026-07-03T02:12:38.762579,2026-07-03T02:12:38.774157+00:00,114.6,41,bid,CostlyCorianders,EarnestEspressos,5154413
2026-07-03T02:12:39.926856,2026-07-03T02:12:39.938409+00:00,114.1,47,ask,EarnestEspressos,CostlyCorianders,5154431
2026-07-03T02:12:43.796854,2026-07-03T02:12:43.808242+00:00,114.5,50,bid,FlawlessFlatbreads,EarnestEspressos,5154499
2026-07-03T02:12:45.955209,2026-07-03T02:12:45.966432+00:00,114.1,50,ask,EarnestEspressos,FlawlessFlatbreads,5154534
2026-07-03T02:12:45.964675,2026-07-03T02:12:45.971607+00:00,114.5,40,bid,CostlyCorianders,DiligentDonuts,5154535
2026-07-03T02:12:48.061778,2026-07-03T02:12:48.068979+00:00,114.0,50,ask,DiligentDonuts,FlawlessFlatbreads,5154555
2026-07-03T02:12:50.167500,2026-07-03T02:12:50.179160+00:00,113.9,50,ask,EarnestEspressos,FlawlessFlatbreads,5154588
2026-07-03T02:12:50.336365,2026-07-03T02:12:50.345685+00:00,114.3,11,bid,Xuanyu Liu,EarnestEspressos,5154591
2026-07-03T02:12:50.691505,2026-07-03T02:12:50.702833+00:00,113.9,49,ask,DiligentDonuts,CostlyCorianders,5154600
2026-07-03T02:12:52.223996,2026-07-03T02:12:52.235392+00:00,114.3,50,bid,FlawlessFlatbreads,EarnestEspressos,5154613
2026-07-03T02:12:54.332655,2026-07-03T02:12:54.343924+00:00,114.4,50,bid,FlawlessFlatbreads,DiligentDonuts,5154648
2026-07-03T02:12:59.032792,2026-07-03T02:12:59.043950+00:00,114.6,46,bid,CostlyCorianders,DiligentDonuts,5154722
2026-07-03T02:13:00.059402,2026-07-03T02:13:00.067668+00:00,114.3,48,ask,EarnestEspressos,CostlyCorianders,5154744
2026-07-03T02:13:00.693801,2026-07-03T02:13:00.705063+00:00,114.3,50,ask,EarnestEspressos,FlawlessFlatbreads,5154757
2026-07-03T02:13:02.215644,2026-07-03T02:13:02.227291+00:00,114.4,43,ask,DiligentDonuts,CostlyCorianders,5154779
2026-07-03T02:13:02.749291,2026-07-03T02:13:02.753531+00:00,114.8,50,bid,FlawlessFlatbreads,EarnestEspressos,5154784
2026-07-03T02:13:03.322802,2026-07-03T02:13:03.334184+00:00,114.5,44,bid,CostlyCorianders,EarnestEspressos,5154803
2026-07-03T02:13:04.910330,2026-07-03T02:13:04.917442+00:00,114.2,50,ask,DiligentDonuts,FlawlessFlatbreads,5154829
2026-07-03T02:13:05.820175,2026-07-03T02:13:05.828559+00:00,114.5,12,bid,Xuanyu Liu,EarnestEspressos,5154837
2026-07-03T02:13:06.036726,2026-07-03T02:13:06.045631+00:00,114.7,43,bid,CostlyCorianders,DiligentDonuts,5154841
2026-07-03T02:13:09.069278,2026-07-03T02:13:09.080751+00:00,114.8,50,bid,FlawlessFlatbreads,EarnestEspressos,5154886
2026-07-03T02:13:11.174864,2026-07-03T02:13:11.186377+00:00,114.8,50,bid,FlawlessFlatbreads,DiligentDonuts,5154921
2026-07-03T02:13:11.562808,2026-07-03T02:13:11.573843+00:00,114.5,43,ask,EarnestEspressos,CostlyCorianders,5154928
2026-07-03T02:13:12.704300,2026-07-03T02:13:12.712961+00:00,114.8,47,bid,CostlyCorianders,DiligentDonuts,5154945
2026-07-03T02:13:13.282068,2026-07-03T02:13:13.290452+00:00,114.8,3,bid,FlawlessFlatbreads,DiligentDonuts,5154956
2026-07-03T02:13:13.282068,2026-07-03T02:13:13.290452+00:00,114.9,47,bid,FlawlessFlatbreads,EarnestEspressos,5154957
2026-07-03T02:13:13.675964,2026-07-03T02:13:13.684379+00:00,114.7,12,ask,DiligentDonuts,Xuanyu Liu,5154963
2026-07-03T02:13:15.388695,2026-07-03T02:13:15.400307+00:00,114.9,50,bid,FlawlessFlatbreads,EarnestEspressos,5154985
2026-07-03T02:13:15.702427,2026-07-03T02:13:15.710909+00:00,114.8,11,ask,EarnestEspressos,Xuanyu Liu,5154987
2026-07-03T02:13:17.517344,2026-07-03T02:13:17.541433+00:00,115.0,50,bid,FlawlessFlatbreads,DiligentDonuts,5155012
2026-07-03T02:13:17.527429,2026-07-03T02:13:17.541433+00:00,114.8,12,ask,EarnestEspressos,Xuanyu Liu,5155013
2026-07-03T02:13:19.624041,2026-07-03T02:13:19.635636+00:00,115.0,50,bid,FlawlessFlatbreads,DiligentDonuts,5155033
2026-07-03T02:13:20.074449,2026-07-03T02:13:20.085798+00:00,114.8,43,ask,DiligentDonuts,CostlyCorianders,5155044
2026-07-03T02:13:21.073833,2026-07-03T02:13:21.085061+00:00,115.1,47,bid,CostlyCorianders,EarnestEspressos,5155065
2026-07-03T02:13:21.575355,2026-07-03T02:13:21.584515+00:00,114.8,11,ask,DiligentDonuts,Xuanyu Liu,5155071
2026-07-03T02:13:21.760405,2026-07-03T02:13:21.769539+00:00,115.1,50,bid,FlawlessFlatbreads,EarnestEspressos,5155074
2026-07-03T02:13:22.882230,2026-07-03T02:13:22.891214+00:00,114.8,3,ask,DiligentDonuts,Xuanyu Liu,5155090
2026-07-03T02:13:23.868294,2026-07-03T02:13:23.879634+00:00,114.9,50,bid,FlawlessFlatbreads,DiligentDonuts,5155105
2026-07-03T02:13:25.983090,2026-07-03T02:13:25.987413+00:00,114.9,50,bid,FlawlessFlatbreads,DiligentDonuts,5155130
2026-07-03T02:13:28.139106,2026-07-03T02:13:28.158602+00:00,114.7,50,ask,EarnestEspressos,FlawlessFlatbreads,5155160
2026-07-03T02:13:31.314582,2026-07-03T02:13:31.326095+00:00,114.6,48,ask,DiligentDonuts,CostlyCorianders,5155215
2026-07-03T02:13:34.561303,2026-07-03T02:13:34.572786+00:00,114.8,40,ask,DiligentDonuts,CostlyCorianders,5155268
2026-07-03T02:13:35.083123,2026-07-03T02:13:35.089581+00:00,115.3,47,bid,CostlyCorianders,DiligentDonuts,5155279
2026-07-03T02:13:36.525723,2026-07-03T02:13:36.537259+00:00,115.2,50,bid,FlawlessFlatbreads,DiligentDonuts,5155295
2026-07-03T02:13:38.633195,2026-07-03T02:13:38.644660+00:00,114.9,50,bid,FlawlessFlatbreads,EarnestEspressos,5155326
2026-07-03T02:13:38.719298,2026-07-03T02:13:38.728453+00:00,114.7,47,ask,DiligentDonuts,CostlyCorianders,5155328
2026-07-03T02:13:40.742027,2026-07-03T02:13:40.749685+00:00,114.9,50,bid,FlawlessFlatbreads,EarnestEspressos,5155361
2026-07-03T02:13:42.805224,2026-07-03T02:13:42.816995+00:00,115.0,43,ask,EarnestEspressos,CostlyCorianders,5155387
2026-07-03T02:13:42.847838,2026-07-03T02:13:42.858581+00:00,115.1,50,bid,FlawlessFlatbreads,DiligentDonuts,5155388
2026-07-03T02:13:43.823073,2026-07-03T02:13:43.834659+00:00,115.1,47,bid,CostlyCorianders,DiligentDonuts,5155403
2026-07-03T02:13:44.475797,2026-07-03T02:13:44.484918+00:00,115.1,3,bid,CostlyCorianders,DiligentDonuts,5155414
2026-07-03T02:13:44.475797,2026-07-03T02:13:44.490283+00:00,115.3,46,bid,CostlyCorianders,EarnestEspressos,5155415
2026-07-03T02:13:45.036421,2026-07-03T02:13:45.048009+00:00,114.8,50,ask,EarnestEspressos,FlawlessFlatbreads,5155427
2026-07-03T02:13:47.863215,2026-07-03T02:13:47.874883+00:00,115.1,42,ask,DiligentDonuts,CostlyCorianders,5155466
2026-07-03T02:13:48.379246,2026-07-03T02:13:48.390738+00:00,115.5,43,bid,CostlyCorianders,EarnestEspressos,5155476
2026-07-03T02:13:49.273512,2026-07-03T02:13:49.280854+00:00,115.0,50,ask,EarnestEspressos,FlawlessFlatbreads,5155495
2026-07-03T02:13:50.704739,2026-07-03T02:13:50.716525+00:00,115.1,43,ask,EarnestEspressos,CostlyCorianders,5155504
