timestamp,recv_time,price,volume,aggressor_side,buyer,seller,trade_id
2026-06-30T23:00:01.018662,2026-06-30T23:00:01.029232+00:00,71.7,50,bid,FlawlessFlatbreads,DiligentDonuts,1255338
2026-06-30T23:00:03.135101,2026-06-30T23:00:03.138329+00:00,71.7,50,bid,FlawlessFlatbreads,EarnestEspressos,1255373
2026-06-30T23:00:05.240396,2026-06-30T23:00:05.244840+00:00,71.8,50,bid,FlawlessFlatbreads,DiligentDonuts,1255405
2026-06-30T23:00:06.369967,2026-06-30T23:00:06.373107+00:00,71.8,11,bid,Xuanyu Liu,DiligentDonuts,1255420
2026-06-30T23:00:07.263534,2026-06-30T23:00:07.275301+00:00,71.7,46,ask,EarnestEspressos,CostlyCorianders,1255432
2026-06-30T23:00:07.345873,2026-06-30T23:00:07.347581+00:00,71.8,39,bid,FlawlessFlatbreads,DiligentDonuts,1255433
2026-06-30T23:00:07.345873,2026-06-30T23:00:07.357880+00:00,72.2,11,bid,FlawlessFlatbreads,EarnestEspressos,1255434
2026-06-30T23:00:08.989679,2026-06-30T23:00:08.992836+00:00,71.9,11,ask,DiligentDonuts,Xuanyu Liu,1255468
2026-06-30T23:00:09.211475,2026-06-30T23:00:09.219329+00:00,72.2,42,bid,CostlyCorianders,EarnestEspressos,1255472
2026-06-30T23:00:09.452985,2026-06-30T23:00:09.454833+00:00,72.2,50,bid,FlawlessFlatbreads,EarnestEspressos,1255475
2026-06-30T23:00:10.194376,2026-06-30T23:00:10.205781+00:00,72.2,44,bid,CostlyCorianders,EarnestEspressos,1255486
2026-06-30T23:00:10.247866,2026-06-30T23:00:10.257330+00:00,71.9,43,ask,DiligentDonuts,CostlyCorianders,1255487
2026-06-30T23:00:10.305896,2026-06-30T23:00:10.310548+00:00,71.9,23,ask,DiligentDonuts,Xuanyu Liu,1255490
2026-06-30T23:00:11.560331,2026-06-30T23:00:11.570918+00:00,71.9,50,bid,FlawlessFlatbreads,DiligentDonuts,1255506
2026-06-30T23:00:11.609498,2026-06-30T23:00:11.613218+00:00,71.9,11,bid,Xuanyu Liu,DiligentDonuts,1255508
2026-06-30T23:00:12.119845,2026-06-30T23:00:12.127315+00:00,71.9,39,bid,CostlyCorianders,DiligentDonuts,1255517
2026-06-30T23:00:12.119845,2026-06-30T23:00:12.127315+00:00,71.9,6,bid,CostlyCorianders,Zijun Feng,1255518
2026-06-30T23:00:13.685332,2026-06-30T23:00:13.695226+00:00,72.2,10,bid,FlawlessFlatbreads,Zijun Feng,1255544
2026-06-30T23:00:13.685332,2026-06-30T23:00:13.695226+00:00,72.4,40,bid,FlawlessFlatbreads,EarnestEspressos,1255545
2026-06-30T23:00:15.791764,2026-06-30T23:00:15.794831+00:00,72.3,4,bid,FlawlessFlatbreads,Zijun Feng,1255589
2026-06-30T23:00:15.791764,2026-06-30T23:00:15.805053+00:00,72.4,46,bid,FlawlessFlatbreads,EarnestEspressos,1255590
2026-06-30T23:00:16.220625,2026-06-30T23:00:16.225235+00:00,71.9,48,ask,EarnestEspressos,CostlyCorianders,1255604
2026-06-30T23:00:16.713411,2026-06-30T23:00:16.717302+00:00,72.1,11,ask,EarnestEspressos,Xuanyu Liu,1255608
2026-06-30T23:00:17.915584,2026-06-30T23:00:17.927339+00:00,72.5,50,bid,FlawlessFlatbreads,DiligentDonuts,1255631
2026-06-30T23:00:18.081030,2026-06-30T23:00:18.092571+00:00,72.1,48,ask,EarnestEspressos,CostlyCorianders,1255636
2026-06-30T23:00:18.150043,2026-06-30T23:00:18.153888+00:00,72.1,3,ask,EarnestEspressos,Xuanyu Liu,1255640
2026-06-30T23:00:19.706391,2026-06-30T23:00:19.716929+00:00,72.4,10,bid,CostlyCorianders,Zijun Feng,1255675
2026-06-30T23:00:19.706391,2026-06-30T23:00:19.716929+00:00,72.5,39,bid,CostlyCorianders,DiligentDonuts,1255676
2026-06-30T23:00:20.020481,2026-06-30T23:00:20.025752+00:00,72.3,50,bid,FlawlessFlatbreads,EarnestEspressos,1255683
2026-06-30T23:00:20.195555,2026-06-30T23:00:20.200851+00:00,72.3,41,bid,CostlyCorianders,EarnestEspressos,1255687
2026-06-30T23:00:22.127350,2026-06-30T23:00:22.134812+00:00,72.3,50,bid,FlawlessFlatbreads,EarnestEspressos,1255716
2026-06-30T23:00:22.134193,2026-06-30T23:00:22.145176+00:00,72.1,42,ask,DiligentDonuts,CostlyCorianders,1255717
2026-06-30T23:00:23.025418,2026-06-30T23:00:23.027659+00:00,72.5,10,bid,EarnestEspressos,Zijun Feng,1255721
2026-06-30T23:00:23.025418,2026-06-30T23:00:23.038080+00:00,72.6,100,bid,EarnestEspressos,DiligentDonuts,1255722
2026-06-30T23:00:23.095981,2026-06-30T23:00:23.099698+00:00,72.6,3,ask,EarnestEspressos,Xuanyu Liu,1255725
2026-06-30T23:00:24.182219,2026-06-30T23:00:24.193190+00:00,72.6,37,ask,EarnestEspressos,CostlyCorianders,1255745
2026-06-30T23:00:24.182219,2026-06-30T23:00:24.193190+00:00,72.5,5,ask,DiligentDonuts,CostlyCorianders,1255746
2026-06-30T23:00:24.695621,2026-06-30T23:00:24.699608+00:00,72.5,23,ask,DiligentDonuts,Xuanyu Liu,1255756
2026-06-30T23:00:26.241693,2026-06-30T23:00:26.254496+00:00,72.5,72,ask,DiligentDonuts,EarnestEspressos,1255787
2026-06-30T23:00:26.250498,2026-06-30T23:00:26.254496+00:00,72.3,23,bid,Xuanyu Liu,EarnestEspressos,1255789
2026-06-30T23:00:26.338543,2026-06-30T23:00:26.347249+00:00,72.3,50,bid,FlawlessFlatbreads,EarnestEspressos,1255794
2026-06-30T23:00:26.602839,2026-06-30T23:00:26.614371+00:00,72.3,5,bid,CostlyCorianders,EarnestEspressos,1255796
2026-06-30T23:00:26.602839,2026-06-30T23:00:26.614371+00:00,72.3,10,bid,CostlyCorianders,Zijun Feng,1255797
2026-06-30T23:00:26.602839,2026-06-30T23:00:26.614371+00:00,72.5,34,bid,CostlyCorianders,DiligentDonuts,1255798
2026-06-30T23:00:28.496514,2026-06-30T23:00:28.502515+00:00,72.0,50,ask,DiligentDonuts,FlawlessFlatbreads,1255817
2026-06-30T23:00:29.731352,2026-06-30T23:00:29.737355+00:00,72.4,100,ask,EarnestEspressos,DiligentDonuts,1255838
2026-06-30T23:00:30.603992,2026-06-30T23:00:30.612907+00:00,72.4,50,ask,EarnestEspressos,FlawlessFlatbreads,1255854
2026-06-30T23:00:31.237325,2026-06-30T23:00:31.239617+00:00,71.9,47,ask,DiligentDonuts,CostlyCorianders,1255862
2026-06-30T23:00:32.712522,2026-06-30T23:00:32.722416+00:00,71.9,50,ask,DiligentDonuts,FlawlessFlatbreads,1255893
2026-06-30T23:00:33.144946,2026-06-30T23:00:33.154493+00:00,72.4,41,bid,CostlyCorianders,EarnestEspressos,1255904
2026-06-30T23:00:34.114689,2026-06-30T23:00:34.126218+00:00,72.0,41,ask,DiligentDonuts,CostlyCorianders,1255918
2026-06-30T23:00:34.818963,2026-06-30T23:00:34.825016+00:00,72.0,50,ask,DiligentDonuts,FlawlessFlatbreads,1255926
2026-06-30T23:00:35.229494,2026-06-30T23:00:35.236486+00:00,72.4,46,bid,CostlyCorianders,EarnestEspressos,1255929
2026-06-30T23:00:36.052335,2026-06-30T23:00:36.061198+00:00,72.2,100,ask,EarnestEspressos,DiligentDonuts,1255941
2026-06-30T23:00:36.925745,2026-06-30T23:00:36.937175+00:00,72.2,50,ask,EarnestEspressos,FlawlessFlatbreads,1255962
2026-06-30T23:00:38.962698,2026-06-30T23:00:38.966854+00:00,72.2,3,bid,Xuanyu Liu,EarnestEspressos,1255989
2026-06-30T23:00:39.167208,2026-06-30T23:00:39.172782+00:00,72.2,100,bid,DiligentDonuts,EarnestEspressos,1255994
2026-06-30T23:00:41.082194,2026-06-30T23:00:41.084932+00:00,72.2,47,bid,FlawlessFlatbreads,EarnestEspressos,1256028
2026-06-30T23:00:42.383014,2026-06-30T23:00:42.389373+00:00,72.3,100,ask,EarnestEspressos,DiligentDonuts,1256043
2026-06-30T23:00:43.241786,2026-06-30T23:00:43.248027+00:00,72.3,50,ask,EarnestEspressos,FlawlessFlatbreads,1256057
2026-06-30T23:00:43.738518,2026-06-30T23:00:43.741398+00:00,71.8,44,ask,DiligentDonuts,CostlyCorianders,1256064
2026-06-30T23:00:45.346871,2026-06-30T23:00:45.351355+00:00,71.9,10,ask,Zijun Feng,FlawlessFlatbreads,1256078
2026-06-30T23:00:45.346871,2026-06-30T23:00:45.351355+00:00,71.8,40,ask,DiligentDonuts,FlawlessFlatbreads,1256079
2026-06-30T23:00:46.233999,2026-06-30T23:00:46.238029+00:00,72.1,3,bid,Xuanyu Liu,EarnestEspressos,1256090
2026-06-30T23:00:47.454501,2026-06-30T23:00:47.463499+00:00,71.9,10,ask,Zijun Feng,FlawlessFlatbreads,1256117
2026-06-30T23:00:47.454501,2026-06-30T23:00:47.463499+00:00,71.8,40,ask,DiligentDonuts,FlawlessFlatbreads,1256118
2026-06-30T23:00:49.562515,2026-06-30T23:00:49.573766+00:00,71.8,10,ask,Zijun Feng,FlawlessFlatbreads,1256152
2026-06-30T23:00:49.562515,2026-06-30T23:00:49.573766+00:00,71.7,40,ask,EarnestEspressos,FlawlessFlatbreads,1256153
2026-06-30T23:00:51.603786,2026-06-30T23:00:51.606903+00:00,72.1,11,bid,Xuanyu Liu,EarnestEspressos,1256193
2026-06-30T23:00:51.670897,2026-06-30T23:00:51.679399+00:00,71.8,10,ask,Zijun Feng,FlawlessFlatbreads,1256195
2026-06-30T23:00:51.670897,2026-06-30T23:00:51.679399+00:00,71.7,40,ask,DiligentDonuts,FlawlessFlatbreads,1256196
2026-06-30T23:00:52.842953,2026-06-30T23:00:52.846648+00:00,72.1,12,bid,Xuanyu Liu,EarnestEspressos,1256210
2026-06-30T23:00:53.528421,2026-06-30T23:00:53.532481+00:00,72.1,11,bid,Xuanyu Liu,EarnestEspressos,1256224
2026-06-30T23:00:53.776680,2026-06-30T23:00:53.778726+00:00,71.9,10,ask,Zijun Feng,FlawlessFlatbreads,1256231
2026-06-30T23:00:53.776680,2026-06-30T23:00:53.788970+00:00,71.8,40,ask,DiligentDonuts,FlawlessFlatbreads,1256232
2026-06-30T23:00:54.333530,2026-06-30T23:00:54.341826+00:00,72.1,49,bid,CostlyCorianders,EarnestEspressos,1256243
2026-06-30T23:00:55.903583,2026-06-30T23:00:55.911918+00:00,72.2,50,ask,EarnestEspressos,FlawlessFlatbreads,1256266
2026-06-30T23:00:56.358385,2026-06-30T23:00:56.363874+00:00,72.3,46,bid,CostlyCorianders,DiligentDonuts,1256273
2026-06-30T23:00:57.892995,2026-06-30T23:00:57.897730+00:00,72.3,47,bid,CostlyCorianders,DiligentDonuts,1256310
2026-06-30T23:00:58.013282,2026-06-30T23:00:58.021638+00:00,72.1,50,ask,EarnestEspressos,FlawlessFlatbreads,1256313
2026-06-30T23:01:00.091496,2026-06-30T23:01:00.094793+00:00,72.4,10,ask,Zijun Feng,Xuanyu Liu,1256352
2026-06-30T23:01:00.119996,2026-06-30T23:01:00.126141+00:00,72.3,50,ask,DiligentDonuts,FlawlessFlatbreads,1256354
2026-06-30T23:01:01.369980,2026-06-30T23:01:01.374797+00:00,72.4,10,bid,Xuanyu Liu,EarnestEspressos,1256381
2026-06-30T23:01:02.225133,2026-06-30T23:01:02.228291+00:00,72.1,50,ask,DiligentDonuts,FlawlessFlatbreads,1256388
2026-06-30T23:01:03.714139,2026-06-30T23:01:03.718689+00:00,72.1,48,ask,DiligentDonuts,CostlyCorianders,1256418
2026-06-30T23:01:04.332972,2026-06-30T23:01:04.357300+00:00,72.2,10,ask,Zijun Feng,FlawlessFlatbreads,1256430
2026-06-30T23:01:04.332972,2026-06-30T23:01:04.357300+00:00,72.1,2,ask,DiligentDonuts,FlawlessFlatbreads,1256431
2026-06-30T23:01:04.332972,2026-06-30T23:01:04.357300+00:00,72.0,38,ask,EarnestEspressos,FlawlessFlatbreads,1256432
2026-06-30T23:01:04.648922,2026-06-30T23:01:04.655807+00:00,72.4,46,bid,CostlyCorianders,DiligentDonuts,1256439
2026-06-30T23:01:05.787644,2026-06-30T23:01:05.795870+00:00,72.0,44,ask,EarnestEspressos,CostlyCorianders,1256456
2026-06-30T23:01:06.448239,2026-06-30T23:01:06.451836+00:00,72.0,50,ask,EarnestEspressos,FlawlessFlatbreads,1256460
2026-06-30T23:01:07.373591,2026-06-30T23:01:07.377008+00:00,72.0,34,bid,Xuanyu Liu,EarnestEspressos,1256473
2026-06-30T23:01:07.618648,2026-06-30T23:01:07.624314+00:00,72.0,100,bid,DiligentDonuts,EarnestEspressos,1256478
2026-06-30T23:01:08.562371,2026-06-30T23:01:08.573996+00:00,71.6,10,ask,Zijun Feng,FlawlessFlatbreads,1256501
2026-06-30T23:01:08.562371,2026-06-30T23:01:08.573996+00:00,71.5,40,ask,EarnestEspressos,FlawlessFlatbreads,1256502
2026-06-30T23:01:10.670142,2026-06-30T23:01:10.678403+00:00,71.9,50,ask,EarnestEspressos,FlawlessFlatbreads,1256526
2026-06-30T23:01:10.846261,2026-06-30T23:01:10.852409+00:00,71.9,45,ask,EarnestEspressos,CostlyCorianders,1256531
2026-06-30T23:01:12.726167,2026-06-30T23:01:12.735094+00:00,72.3,50,bid,FlawlessFlatbreads,DiligentDonuts,1256559
2026-06-30T23:01:14.452891,2026-06-30T23:01:14.456534+00:00,72.1,29,bid,Xuanyu Liu,EarnestEspressos,1256592
2026-06-30T23:01:14.862176,2026-06-30T23:01:14.869590+00:00,72.1,50,bid,FlawlessFlatbreads,EarnestEspressos,1256601
2026-06-30T23:01:15.319519,2026-06-30T23:01:15.323227+00:00,72.0,6,ask,DiligentDonuts,Xuanyu Liu,1256614
2026-06-30T23:01:17.024193,2026-06-30T23:01:17.032705+00:00,72.0,50,ask,DiligentDonuts,FlawlessFlatbreads,1256633
2026-06-30T23:01:17.081848,2026-06-30T23:01:17.085519+00:00,72.0,11,ask,EarnestEspressos,Xuanyu Liu,1256641
2026-06-30T23:01:17.878402,2026-06-30T23:01:17.880210+00:00,72.2,46,bid,CostlyCorianders,DiligentDonuts,1256653
2026-06-30T23:01:18.479875,2026-06-30T23:01:18.490087+00:00,72.0,40,ask,EarnestEspressos,CostlyCorianders,1256665
2026-06-30T23:01:21.182298,2026-06-30T23:01:21.189405+00:00,72.2,50,bid,FlawlessFlatbreads,EarnestEspressos,1256704
2026-06-30T23:01:25.390927,2026-06-30T23:01:25.400621+00:00,72.2,50,bid,FlawlessFlatbreads,EarnestEspressos,1256795
2026-06-30T23:01:25.655139,2026-06-30T23:01:25.656964+00:00,72.2,41,bid,CostlyCorianders,EarnestEspressos,1256797
2026-06-30T23:01:26.290901,2026-06-30T23:01:26.294767+00:00,72.4,34,ask,EarnestEspressos,Xuanyu Liu,1256807
2026-06-30T23:01:26.294885,2026-06-30T23:01:26.305225+00:00,72.4,44,ask,EarnestEspressos,CostlyCorianders,1256808
2026-06-30T23:01:26.655105,2026-06-30T23:01:26.664085+00:00,72.4,72,ask,EarnestEspressos,DiligentDonuts,1256819
2026-06-30T23:01:26.822244,2026-06-30T23:01:26.827957+00:00,72.4,28,bid,CostlyCorianders,DiligentDonuts,1256822
2026-06-30T23:01:26.822244,2026-06-30T23:01:26.827957+00:00,72.5,10,bid,CostlyCorianders,Zijun Feng,1256823
2026-06-30T23:01:27.496561,2026-06-30T23:01:27.504580+00:00,72.9,50,bid,FlawlessFlatbreads,EarnestEspressos,1256833
2026-06-30T23:01:29.603988,2026-06-30T23:01:29.605957+00:00,72.2,50,bid,FlawlessFlatbreads,EarnestEspressos,1256857
2026-06-30T23:01:30.200461,2026-06-30T23:01:30.211534+00:00,72.1,48,ask,DiligentDonuts,CostlyCorianders,1256866
2026-06-30T23:01:31.711327,2026-06-30T23:01:31.719297+00:00,72.2,50,bid,FlawlessFlatbreads,EarnestEspressos,1256888
2026-06-30T23:01:32.597415,2026-06-30T23:01:32.600644+00:00,72.2,10,bid,EarnestEspressos,Zijun Feng,1256909
2026-06-30T23:01:33.146277,2026-06-30T23:01:33.153592+00:00,72.5,48,bid,CostlyCorianders,DiligentDonuts,1256923
2026-06-30T23:01:33.870091,2026-06-30T23:01:33.873551+00:00,72.2,50,ask,EarnestEspressos,FlawlessFlatbreads,1256929
2026-06-30T23:01:35.212368,2026-06-30T23:01:35.219831+00:00,72.2,40,ask,EarnestEspressos,CostlyCorianders,1256941
2026-06-30T23:01:35.976120,2026-06-30T23:01:35.978818+00:00,72.2,10,ask,Zijun Feng,FlawlessFlatbreads,1256953
2026-06-30T23:01:35.976120,2026-06-30T23:01:35.978818+00:00,72.0,40,ask,DiligentDonuts,FlawlessFlatbreads,1256954
2026-06-30T23:01:36.489552,2026-06-30T23:01:36.491566+00:00,72.5,49,bid,CostlyCorianders,EarnestEspressos,1256960
2026-06-30T23:01:38.081705,2026-06-30T23:01:38.092612+00:00,72.3,50,ask,DiligentDonuts,FlawlessFlatbreads,1256979
2026-06-30T23:01:40.188865,2026-06-30T23:01:40.192891+00:00,72.2,50,ask,EarnestEspressos,FlawlessFlatbreads,1257015
2026-06-30T23:01:41.476802,2026-06-30T23:01:41.482975+00:00,72.6,47,bid,CostlyCorianders,DiligentDonuts,1257029
2026-06-30T23:01:42.302352,2026-06-30T23:01:42.313604+00:00,72.2,10,ask,Zijun Feng,FlawlessFlatbreads,1257039
2026-06-30T23:01:42.302352,2026-06-30T23:01:42.313604+00:00,72.1,40,ask,DiligentDonuts,FlawlessFlatbreads,1257040
2026-06-30T23:01:42.949383,2026-06-30T23:01:42.959332+00:00,72.1,47,ask,DiligentDonuts,CostlyCorianders,1257054
2026-06-30T23:01:43.529797,2026-06-30T23:01:43.535577+00:00,72.1,45,ask,DiligentDonuts,CostlyCorianders,1257065
2026-06-30T23:01:44.410382,2026-06-30T23:01:44.414128+00:00,72.1,8,ask,DiligentDonuts,FlawlessFlatbreads,1257075
2026-06-30T23:01:44.410382,2026-06-30T23:01:44.414128+00:00,72.0,42,ask,EarnestEspressos,FlawlessFlatbreads,1257076
2026-06-30T23:01:45.154119,2026-06-30T23:01:45.160065+00:00,72.5,44,bid,CostlyCorianders,EarnestEspressos,1257080
2026-06-30T23:01:45.648871,2026-06-30T23:01:45.653192+00:00,72.3,11,bid,Xuanyu Liu,DiligentDonuts,1257087
2026-06-30T23:01:46.518854,2026-06-30T23:01:46.523312+00:00,72.0,50,ask,EarnestEspressos,FlawlessFlatbreads,1257094
2026-06-30T23:01:46.667881,2026-06-30T23:01:46.676562+00:00,72.0,44,ask,EarnestEspressos,CostlyCorianders,1257095
2026-06-30T23:01:48.481334,2026-06-30T23:01:48.485141+00:00,72.1,23,bid,Xuanyu Liu,EarnestEspressos,1257122
2026-06-30T23:01:48.576005,2026-06-30T23:01:48.579436+00:00,72.1,50,bid,FlawlessFlatbreads,EarnestEspressos,1257123
2026-06-30T23:01:49.826574,2026-06-30T23:01:49.830796+00:00,72.1,11,bid,Xuanyu Liu,EarnestEspressos,1257136
2026-06-30T23:01:49.854751,2026-06-30T23:01:49.861528+00:00,72.1,48,bid,CostlyCorianders,EarnestEspressos,1257138
2026-06-30T23:01:50.682236,2026-06-30T23:01:50.690218+00:00,72.1,18,bid,FlawlessFlatbreads,EarnestEspressos,1257153
2026-06-30T23:01:50.682236,2026-06-30T23:01:50.690218+00:00,72.2,32,bid,FlawlessFlatbreads,DiligentDonuts,1257154
2026-06-30T23:01:51.486499,2026-06-30T23:01:51.497699+00:00,72.2,41,bid,CostlyCorianders,DiligentDonuts,1257165
2026-06-30T23:01:51.549558,2026-06-30T23:01:51.559312+00:00,71.7,49,ask,DiligentDonuts,CostlyCorianders,1257167
2026-06-30T23:01:52.163058,2026-06-30T23:01:52.166642+00:00,72.0,23,ask,EarnestEspressos,Xuanyu Liu,1257177
2026-06-30T23:01:52.441043,2026-06-30T23:01:52.444765+00:00,72.0,22,ask,EarnestEspressos,Xuanyu Liu,1257184
2026-06-30T23:01:52.794246,2026-06-30T23:01:52.803762+00:00,72.3,50,bid,FlawlessFlatbreads,DiligentDonuts,1257193
2026-06-30T23:01:54.900777,2026-06-30T23:01:54.902824+00:00,72.2,50,bid,FlawlessFlatbreads,EarnestEspressos,1257229
2026-06-30T23:01:57.008046,2026-06-30T23:01:57.014836+00:00,72.2,50,bid,FlawlessFlatbreads,EarnestEspressos,1257261
2026-06-30T23:01:58.938882,2026-06-30T23:01:58.946806+00:00,72.1,40,bid,CostlyCorianders,DiligentDonuts,1257277
2026-06-30T23:01:59.113014,2026-06-30T23:01:59.121796+00:00,72.1,50,bid,FlawlessFlatbreads,DiligentDonuts,1257279
2026-06-30T23:01:59.471871,2026-06-30T23:01:59.482557+00:00,72.0,40,ask,EarnestEspressos,CostlyCorianders,1257289
2026-06-30T23:02:01.219404,2026-06-30T23:02:01.226820+00:00,72.1,10,bid,FlawlessFlatbreads,DiligentDonuts,1257306
2026-06-30T23:02:01.219404,2026-06-30T23:02:01.226820+00:00,72.1,10,bid,FlawlessFlatbreads,Zijun Feng,1257307
2026-06-30T23:02:01.219404,2026-06-30T23:02:01.226820+00:00,72.3,30,bid,FlawlessFlatbreads,EarnestEspressos,1257308
2026-06-30T23:02:01.501791,2026-06-30T23:02:01.504961+00:00,71.9,40,ask,DiligentDonuts,CostlyCorianders,1257314
2026-06-30T23:02:02.613527,2026-06-30T23:02:02.620895+00:00,71.9,41,ask,DiligentDonuts,CostlyCorianders,1257332
2026-06-30T23:02:03.330032,2026-06-30T23:02:03.339206+00:00,72.3,50,bid,FlawlessFlatbreads,EarnestEspressos,1257337
2026-06-30T23:02:03.749465,2026-06-30T23:02:03.760589+00:00,72.3,46,bid,CostlyCorianders,EarnestEspressos,1257348
2026-06-30T23:02:04.226881,2026-06-30T23:02:04.231129+00:00,72.4,100,bid,EarnestEspressos,DiligentDonuts,1257357
2026-06-30T23:02:04.301270,2026-06-30T23:02:04.305371+00:00,72.5,23,ask,EarnestEspressos,Xuanyu Liu,1257362
2026-06-30T23:02:04.773399,2026-06-30T23:02:04.775825+00:00,72.5,27,ask,EarnestEspressos,CostlyCorianders,1257366
2026-06-30T23:02:04.773399,2026-06-30T23:02:04.786068+00:00,72.2,14,ask,DiligentDonuts,CostlyCorianders,1257367
2026-06-30T23:02:05.435681,2026-06-30T23:02:05.440590+00:00,72.6,10,bid,FlawlessFlatbreads,Zijun Feng,1257374
2026-06-30T23:02:05.435681,2026-06-30T23:02:05.440590+00:00,72.7,40,bid,FlawlessFlatbreads,DiligentDonuts,1257375
2026-06-30T23:02:06.487382,2026-06-30T23:02:06.493460+00:00,72.6,10,bid,CostlyCorianders,Zijun Feng,1257392
2026-06-30T23:02:06.487382,2026-06-30T23:02:06.493460+00:00,72.7,32,bid,CostlyCorianders,DiligentDonuts,1257393
2026-06-30T23:02:07.555803,2026-06-30T23:02:07.558111+00:00,72.4,50,bid,FlawlessFlatbreads,EarnestEspressos,1257412
2026-06-30T23:02:07.715586,2026-06-30T23:02:07.721525+00:00,72.4,45,bid,CostlyCorianders,EarnestEspressos,1257413
2026-06-30T23:02:08.356925,2026-06-30T23:02:08.365897+00:00,72.3,47,ask,DiligentDonuts,CostlyCorianders,1257417
2026-06-30T23:02:08.892902,2026-06-30T23:02:08.897690+00:00,72.4,46,bid,CostlyCorianders,EarnestEspressos,1257427
2026-06-30T23:02:09.522140,2026-06-30T23:02:09.531325+00:00,72.3,46,ask,DiligentDonuts,CostlyCorianders,1257434
2026-06-30T23:02:09.661777,2026-06-30T23:02:09.664375+00:00,72.4,9,bid,FlawlessFlatbreads,EarnestEspressos,1257436
2026-06-30T23:02:09.661777,2026-06-30T23:02:09.674640+00:00,72.4,10,bid,FlawlessFlatbreads,Zijun Feng,1257437
2026-06-30T23:02:09.661777,2026-06-30T23:02:09.674640+00:00,72.8,31,bid,FlawlessFlatbreads,DiligentDonuts,1257438
2026-06-30T23:02:11.769449,2026-06-30T23:02:11.772749+00:00,72.5,50,bid,FlawlessFlatbreads,DiligentDonuts,1257476
2026-06-30T23:02:13.041142,2026-06-30T23:02:13.051110+00:00,72.4,43,ask,EarnestEspressos,CostlyCorianders,1257490
2026-06-30T23:02:13.623335,2026-06-30T23:02:13.625650+00:00,72.5,49,bid,CostlyCorianders,DiligentDonuts,1257497
2026-06-30T23:02:13.876025,2026-06-30T23:02:13.882204+00:00,72.5,1,bid,FlawlessFlatbreads,DiligentDonuts,1257504
2026-06-30T23:02:13.876025,2026-06-30T23:02:13.882204+00:00,72.5,10,bid,FlawlessFlatbreads,Zijun Feng,1257505
2026-06-30T23:02:13.876025,2026-06-30T23:02:13.882204+00:00,72.9,39,bid,FlawlessFlatbreads,EarnestEspressos,1257506
2026-06-30T23:02:15.984230,2026-06-30T23:02:15.994674+00:00,72.9,50,bid,FlawlessFlatbreads,EarnestEspressos,1257542
2026-06-30T23:02:16.033720,2026-06-30T23:02:16.037569+00:00,72.6,10,ask,Zijun Feng,Xuanyu Liu,1257548
2026-06-30T23:02:16.053838,2026-06-30T23:02:16.057650+00:00,72.5,2,ask,DiligentDonuts,Xuanyu Liu,1257551
2026-06-30T23:02:16.755246,2026-06-30T23:02:16.763266+00:00,72.5,40,ask,DiligentDonuts,CostlyCorianders,1257561
2026-06-30T23:02:16.881827,2026-06-30T23:02:16.885475+00:00,72.6,11,ask,EarnestEspressos,Xuanyu Liu,1257563
2026-06-30T23:02:17.213407,2026-06-30T23:02:17.224040+00:00,73.0,10,bid,CostlyCorianders,Zijun Feng,1257568
2026-06-30T23:02:18.093286,2026-06-30T23:02:18.096065+00:00,72.7,50,bid,FlawlessFlatbreads,DiligentDonuts,1257597
2026-06-30T23:02:18.532921,2026-06-30T23:02:18.539031+00:00,72.7,43,bid,CostlyCorianders,DiligentDonuts,1257604
2026-06-30T23:02:19.024765,2026-06-30T23:02:19.031383+00:00,72.6,48,ask,EarnestEspressos,CostlyCorianders,1257611
2026-06-30T23:02:19.892429,2026-06-30T23:02:19.900082+00:00,72.6,43,ask,EarnestEspressos,CostlyCorianders,1257618
2026-06-30T23:02:20.198062,2026-06-30T23:02:20.207748+00:00,72.7,7,bid,FlawlessFlatbreads,DiligentDonuts,1257626
2026-06-30T23:02:20.198062,2026-06-30T23:02:20.207748+00:00,72.7,10,bid,FlawlessFlatbreads,Zijun Feng,1257627
2026-06-30T23:02:20.198062,2026-06-30T23:02:20.207748+00:00,72.8,33,bid,FlawlessFlatbreads,EarnestEspressos,1257628
2026-06-30T23:02:22.304737,2026-06-30T23:02:22.311425+00:00,72.8,50,bid,FlawlessFlatbreads,EarnestEspressos,1257651
2026-06-30T23:02:23.030176,2026-06-30T23:02:23.040854+00:00,72.8,43,bid,CostlyCorianders,EarnestEspressos,1257659
2026-06-30T23:02:23.212447,2026-06-30T23:02:23.216269+00:00,72.7,3,ask,EarnestEspressos,Xuanyu Liu,1257665
2026-06-30T23:02:24.409718,2026-06-30T23:02:24.419006+00:00,73.0,50,bid,FlawlessFlatbreads,DiligentDonuts,1257678
2026-06-30T23:02:24.715428,2026-06-30T23:02:24.717129+00:00,72.7,40,ask,EarnestEspressos,CostlyCorianders,1257687
2026-06-30T23:02:26.117147,2026-06-30T23:02:26.120935+00:00,73.0,40,bid,CostlyCorianders,DiligentDonuts,1257701
2026-06-30T23:02:26.516406,2026-06-30T23:02:26.519849+00:00,72.9,10,bid,FlawlessFlatbreads,Zijun Feng,1257704
2026-06-30T23:02:26.516406,2026-06-30T23:02:26.519849+00:00,73.0,10,bid,FlawlessFlatbreads,DiligentDonuts,1257705
2026-06-30T23:02:26.516406,2026-06-30T23:02:26.530110+00:00,73.0,30,bid,FlawlessFlatbreads,EarnestEspressos,1257706
2026-06-30T23:02:28.623621,2026-06-30T23:02:28.625866+00:00,73.0,50,bid,FlawlessFlatbreads,EarnestEspressos,1257739
2026-06-30T23:02:29.518154,2026-06-30T23:02:29.527213+00:00,73.0,10,bid,EarnestEspressos,Zijun Feng,1257755
2026-06-30T23:02:30.730672,2026-06-30T23:02:30.734345+00:00,73.3,10,bid,FlawlessFlatbreads,Zijun Feng,1257769
2026-06-30T23:02:30.730672,2026-06-30T23:02:30.734345+00:00,73.4,40,bid,FlawlessFlatbreads,DiligentDonuts,1257770
2026-06-30T23:02:31.017939,2026-06-30T23:02:31.020587+00:00,73.0,44,ask,EarnestEspressos,CostlyCorianders,1257773
2026-06-30T23:02:31.588755,2026-06-30T23:02:31.592762+00:00,73.0,3,ask,EarnestEspressos,Xuanyu Liu,1257786
2026-06-30T23:02:32.171076,2026-06-30T23:02:32.176609+00:00,73.3,10,bid,CostlyCorianders,Zijun Feng,1257801
2026-06-30T23:02:32.171076,2026-06-30T23:02:32.176609+00:00,73.4,38,bid,CostlyCorianders,DiligentDonuts,1257802
2026-06-30T23:02:32.840258,2026-06-30T23:02:32.850361+00:00,73.1,50,bid,FlawlessFlatbreads,EarnestEspressos,1257812
2026-06-30T23:02:33.050101,2026-06-30T23:02:33.053735+00:00,73.0,34,ask,DiligentDonuts,Xuanyu Liu,1257815
2026-06-30T23:02:33.984674,2026-06-30T23:02:33.988153+00:00,73.1,11,bid,Xuanyu Liu,EarnestEspressos,1257826
2026-06-30T23:02:34.948285,2026-06-30T23:02:34.960131+00:00,73.1,50,bid,FlawlessFlatbreads,EarnestEspressos,1257839
2026-06-30T23:02:37.054101,2026-06-30T23:02:37.063986+00:00,73.3,50,bid,FlawlessFlatbreads,DiligentDonuts,1257874
2026-06-30T23:02:37.383554,2026-06-30T23:02:37.391963+00:00,73.0,46,ask,EarnestEspressos,CostlyCorianders,1257877
2026-06-30T23:02:37.992403,2026-06-30T23:02:37.995667+00:00,73.3,42,bid,CostlyCorianders,DiligentDonuts,1257888
2026-06-30T23:02:38.603813,2026-06-30T23:02:38.613452+00:00,73.0,40,ask,EarnestEspressos,CostlyCorianders,1257906
2026-06-30T23:02:39.161658,2026-06-30T23:02:39.166947+00:00,73.3,8,bid,FlawlessFlatbreads,DiligentDonuts,1257916
2026-06-30T23:02:39.161658,2026-06-30T23:02:39.166947+00:00,73.3,42,bid,FlawlessFlatbreads,EarnestEspressos,1257917
2026-06-30T23:02:39.320152,2026-06-30T23:02:39.330587+00:00,73.3,100,bid,DiligentDonuts,EarnestEspressos,1257918
2026-06-30T23:02:39.625087,2026-06-30T23:02:39.627737+00:00,72.8,40,ask,EarnestEspressos,CostlyCorianders,1257925
2026-06-30T23:02:41.270083,2026-06-30T23:02:41.277106+00:00,73.3,8,bid,FlawlessFlatbreads,EarnestEspressos,1257951
2026-06-30T23:02:41.270083,2026-06-30T23:02:41.277106+00:00,73.8,42,bid,FlawlessFlatbreads,DiligentDonuts,1257952
2026-06-30T23:02:42.373911,2026-06-30T23:02:42.382714+00:00,73.7,47,bid,CostlyCorianders,EarnestEspressos,1257971
2026-06-30T23:02:43.378224,2026-06-30T23:02:43.385916+00:00,73.6,10,bid,FlawlessFlatbreads,Zijun Feng,1257986
2026-06-30T23:02:43.378224,2026-06-30T23:02:43.385916+00:00,73.7,40,bid,FlawlessFlatbreads,EarnestEspressos,1257987
2026-06-30T23:02:45.338881,2026-06-30T23:02:45.358323+00:00,73.6,10,bid,EarnestEspressos,Zijun Feng,1258011
2026-06-30T23:02:45.354789,2026-06-30T23:02:45.358323+00:00,73.6,34,ask,EarnestEspressos,Xuanyu Liu,1258013
2026-06-30T23:02:45.538629,2026-06-30T23:02:45.543545+00:00,73.6,50,ask,EarnestEspressos,FlawlessFlatbreads,1258019
2026-06-30T23:02:46.109390,2026-06-30T23:02:46.113299+00:00,73.6,11,ask,EarnestEspressos,Xuanyu Liu,1258032
2026-06-30T23:02:46.150543,2026-06-30T23:02:46.154178+00:00,73.6,12,ask,EarnestEspressos,Xuanyu Liu,1258039
2026-06-30T23:02:47.303485,2026-06-30T23:02:47.314077+00:00,73.6,33,ask,EarnestEspressos,CostlyCorianders,1258055
2026-06-30T23:02:47.303485,2026-06-30T23:02:47.314077+00:00,73.2,10,ask,DiligentDonuts,CostlyCorianders,1258056
2026-06-30T23:02:47.643683,2026-06-30T23:02:47.652398+00:00,73.2,50,ask,DiligentDonuts,FlawlessFlatbreads,1258063
2026-06-30T23:02:48.578297,2026-06-30T23:02:48.581968+00:00,73.3,12,bid,Xuanyu Liu,EarnestEspressos,1258078
2026-06-30T23:02:48.763092,2026-06-30T23:02:48.766611+00:00,73.3,11,bid,Xuanyu Liu,EarnestEspressos,1258087
2026-06-30T23:02:50.961896,2026-06-30T23:02:50.963557+00:00,73.3,41,bid,CostlyCorianders,EarnestEspressos,1258114
2026-06-30T23:02:51.550708,2026-06-30T23:02:51.558506+00:00,72.8,48,ask,EarnestEspressos,CostlyCorianders,1258117
2026-06-30T23:02:51.818932,2026-06-30T23:02:51.825654+00:00,73.3,50,bid,FlawlessFlatbreads,DiligentDonuts,1258118
2026-06-30T23:02:51.842594,2026-06-30T23:02:51.846652+00:00,73.2,10,bid,Xuanyu Liu,Zijun Feng,1258120
2026-06-30T23:02:53.926930,2026-06-30T23:02:53.935938+00:00,73.3,10,bid,FlawlessFlatbreads,Zijun Feng,1258144
2026-06-30T23:02:53.926930,2026-06-30T23:02:53.935938+00:00,73.4,40,bid,FlawlessFlatbreads,EarnestEspressos,1258145
2026-06-30T23:02:54.664365,2026-06-30T23:02:54.667212+00:00,73.3,10,bid,CostlyCorianders,Zijun Feng,1258159
2026-06-30T23:02:54.664365,2026-06-30T23:02:54.677524+00:00,73.4,30,bid,CostlyCorianders,EarnestEspressos,1258160
2026-06-30T23:02:54.719765,2026-06-30T23:02:54.728702+00:00,73.0,45,ask,DiligentDonuts,CostlyCorianders,1258161
2026-06-30T23:02:55.310455,2026-06-30T23:02:55.313617+00:00,73.3,1,bid,Xuanyu Liu,DiligentDonuts,1258179
2026-06-30T23:02:56.043088,2026-06-30T23:02:56.051050+00:00,73.3,50,bid,FlawlessFlatbreads,DiligentDonuts,1258190
2026-06-30T23:02:57.211026,2026-06-30T23:02:57.217153+00:00,73.3,43,bid,CostlyCorianders,DiligentDonuts,1258214
2026-06-30T23:02:58.202982,2026-06-30T23:02:58.210602+00:00,73.2,50,ask,EarnestEspressos,FlawlessFlatbreads,1258222
2026-06-30T23:03:01.282836,2026-06-30T23:03:01.294535+00:00,73.2,43,ask,DiligentDonuts,CostlyCorianders,1258275
2026-06-30T23:03:02.430088,2026-06-30T23:03:02.441020+00:00,73.1,50,ask,EarnestEspressos,FlawlessFlatbreads,1258292
2026-06-30T23:03:04.509018,2026-06-30T23:03:04.513390+00:00,73.3,12,bid,Xuanyu Liu,EarnestEspressos,1258320
2026-06-30T23:03:04.544220,2026-06-30T23:03:04.554395+00:00,73.1,50,ask,DiligentDonuts,FlawlessFlatbreads,1258321
2026-06-30T23:03:05.925066,2026-06-30T23:03:05.927210+00:00,73.3,41,bid,CostlyCorianders,EarnestEspressos,1258334
2026-06-30T23:03:06.417694,2026-06-30T23:03:06.419306+00:00,73.3,40,bid,CostlyCorianders,EarnestEspressos,1258345
2026-06-30T23:03:06.672208,2026-06-30T23:03:06.675407+00:00,73.1,50,ask,DiligentDonuts,FlawlessFlatbreads,1258352
2026-06-30T23:03:07.876939,2026-06-30T23:03:07.882078+00:00,73.1,100,ask,EarnestEspressos,DiligentDonuts,1258371
2026-06-30T23:03:09.086597,2026-06-30T23:03:09.088577+00:00,73.1,47,ask,EarnestEspressos,CostlyCorianders,1258381
2026-06-30T23:03:10.891217,2026-06-30T23:03:10.902761+00:00,72.6,50,ask,DiligentDonuts,FlawlessFlatbreads,1258395
2026-06-30T23:03:11.218514,2026-06-30T23:03:11.230406+00:00,72.9,44,ask,DiligentDonuts,CostlyCorianders,1258400
2026-06-30T23:03:12.997644,2026-06-30T23:03:13.000930+00:00,72.9,50,ask,DiligentDonuts,FlawlessFlatbreads,1258415
2026-06-30T23:03:15.104330,2026-06-30T23:03:15.110800+00:00,72.6,50,ask,EarnestEspressos,FlawlessFlatbreads,1258440
2026-06-30T23:03:16.306656,2026-06-30T23:03:16.309577+00:00,73.1,49,bid,CostlyCorianders,EarnestEspressos,1258454
2026-06-30T23:03:17.211172,2026-06-30T23:03:17.213025+00:00,72.6,50,ask,DiligentDonuts,FlawlessFlatbreads,1258475
2026-06-30T23:03:17.395348,2026-06-30T23:03:17.398813+00:00,73.0,11,bid,Xuanyu Liu,DiligentDonuts,1258479
2026-06-30T23:03:17.617776,2026-06-30T23:03:17.621356+00:00,73.0,12,bid,Xuanyu Liu,DiligentDonuts,1258489
2026-06-30T23:03:18.931908,2026-06-30T23:03:18.935076+00:00,73.0,14,bid,Xuanyu Liu,DiligentDonuts,1258516
2026-06-30T23:03:19.317522,2026-06-30T23:03:19.323741+00:00,72.7,10,ask,Zijun Feng,FlawlessFlatbreads,1258520
2026-06-30T23:03:19.317522,2026-06-30T23:03:19.323741+00:00,72.6,40,ask,EarnestEspressos,FlawlessFlatbreads,1258521
2026-06-30T23:03:21.426594,2026-06-30T23:03:21.436111+00:00,72.6,50,ask,EarnestEspressos,FlawlessFlatbreads,1258562
2026-06-30T23:03:23.534354,2026-06-30T23:03:23.541302+00:00,72.7,10,ask,Zijun Feng,FlawlessFlatbreads,1258588
2026-06-30T23:03:23.534354,2026-06-30T23:03:23.541302+00:00,72.5,40,ask,DiligentDonuts,FlawlessFlatbreads,1258589
2026-06-30T23:03:24.681111,2026-06-30T23:03:24.690873+00:00,72.6,40,ask,DiligentDonuts,CostlyCorianders,1258613
2026-06-30T23:03:25.648759,2026-06-30T23:03:25.652785+00:00,72.6,50,ask,DiligentDonuts,FlawlessFlatbreads,1258631
2026-06-30T23:03:27.704607,2026-06-30T23:03:27.709298+00:00,72.8,50,bid,FlawlessFlatbreads,DiligentDonuts,1258674
2026-06-30T23:03:28.946816,2026-06-30T23:03:28.949141+00:00,72.8,41,bid,CostlyCorianders,DiligentDonuts,1258692
2026-06-30T23:03:29.861604,2026-06-30T23:03:29.870675+00:00,72.5,10,ask,Zijun Feng,FlawlessFlatbreads,1258707
2026-06-30T23:03:30.000272,2026-06-30T23:03:30.003600+00:00,72.7,44,bid,CostlyCorianders,EarnestEspressos,1258709
2026-06-30T23:03:31.916619,2026-06-30T23:03:31.926957+00:00,72.7,50,bid,FlawlessFlatbreads,EarnestEspressos,1258727
2026-06-30T23:03:32.591050,2026-06-30T23:03:32.602542+00:00,72.7,43,bid,CostlyCorianders,EarnestEspressos,1258735
2026-06-30T23:03:32.833320,2026-06-30T23:03:32.838068+00:00,72.9,100,bid,EarnestEspressos,DiligentDonuts,1258737
2026-06-30T23:03:33.234900,2026-06-30T23:03:33.246672+00:00,72.9,40,ask,EarnestEspressos,CostlyCorianders,1258740
2026-06-30T23:03:35.910642,2026-06-30T23:03:35.918719+00:00,72.9,10,ask,EarnestEspressos,CostlyCorianders,1258777
2026-06-30T23:03:35.910642,2026-06-30T23:03:35.918719+00:00,72.8,34,ask,DiligentDonuts,CostlyCorianders,1258778
2026-06-30T23:03:36.050824,2026-06-30T23:03:36.062073+00:00,72.8,66,ask,DiligentDonuts,EarnestEspressos,1258781
2026-06-30T23:03:36.128307,2026-06-30T23:03:36.133686+00:00,72.7,50,bid,FlawlessFlatbreads,EarnestEspressos,1258785
2026-06-30T23:03:38.687145,2026-06-30T23:03:38.689814+00:00,72.7,34,bid,CostlyCorianders,EarnestEspressos,1258831
2026-06-30T23:03:38.687145,2026-06-30T23:03:38.700071+00:00,73.0,13,bid,CostlyCorianders,DiligentDonuts,1258832
2026-06-30T23:03:40.336981,2026-06-30T23:03:40.340159+00:00,72.9,50,bid,FlawlessFlatbreads,DiligentDonuts,1258854
2026-06-30T23:03:42.494717,2026-06-30T23:03:42.500872+00:00,72.8,50,ask,EarnestEspressos,FlawlessFlatbreads,1258878
2026-06-30T23:03:42.517676,2026-06-30T23:03:42.521210+00:00,72.8,3,ask,EarnestEspressos,Xuanyu Liu,1258883
2026-06-30T23:03:43.405949,2026-06-30T23:03:43.411938+00:00,72.8,41,ask,EarnestEspressos,CostlyCorianders,1258892
2026-06-30T23:03:44.390456,2026-06-30T23:03:44.393584+00:00,72.8,41,ask,EarnestEspressos,CostlyCorianders,1258906
2026-06-30T23:03:44.601113,2026-06-30T23:03:44.608341+00:00,72.8,15,ask,EarnestEspressos,FlawlessFlatbreads,1258911
2026-06-30T23:03:44.601113,2026-06-30T23:03:44.608341+00:00,72.4,35,ask,DiligentDonuts,FlawlessFlatbreads,1258912
2026-06-30T23:03:45.537080,2026-06-30T23:03:45.541763+00:00,72.6,49,bid,CostlyCorianders,EarnestEspressos,1258928
2026-06-30T23:03:46.667234,2026-06-30T23:03:46.670702+00:00,72.6,3,bid,Xuanyu Liu,EarnestEspressos,1258948
2026-06-30T23:03:47.150093,2026-06-30T23:03:47.161657+00:00,72.4,10,ask,Zijun Feng,CostlyCorianders,1258950
2026-06-30T23:03:50.878900,2026-06-30T23:03:50.883079+00:00,72.8,50,bid,FlawlessFlatbreads,EarnestEspressos,1259000
2026-06-30T23:03:51.016851,2026-06-30T23:03:51.026857+00:00,72.8,48,bid,CostlyCorianders,EarnestEspressos,1259003
2026-06-30T23:03:53.034486,2026-06-30T23:03:53.044553+00:00,72.5,50,ask,EarnestEspressos,FlawlessFlatbreads,1259034
2026-06-30T23:03:53.106259,2026-06-30T23:03:53.116793+00:00,72.5,43,ask,EarnestEspressos,CostlyCorianders,1259035
2026-06-30T23:03:55.143626,2026-06-30T23:03:55.148361+00:00,72.3,50,ask,EarnestEspressos,FlawlessFlatbreads,1259058
2026-06-30T23:03:56.545144,2026-06-30T23:03:56.551548+00:00,72.4,45,ask,DiligentDonuts,CostlyCorianders,1259074
2026-06-30T23:03:57.249501,2026-06-30T23:03:57.257852+00:00,72.4,50,ask,DiligentDonuts,FlawlessFlatbreads,1259082
2026-06-30T23:04:01.188952,2026-06-30T23:04:01.195534+00:00,72.6,41,bid,CostlyCorianders,EarnestEspressos,1259137
2026-06-30T23:04:01.463724,2026-06-30T23:04:01.473638+00:00,72.3,10,ask,Zijun Feng,FlawlessFlatbreads,1259144
2026-06-30T23:04:01.463724,2026-06-30T23:04:01.473638+00:00,72.2,40,ask,DiligentDonuts,FlawlessFlatbreads,1259145
2026-06-30T23:04:03.184864,2026-06-30T23:04:03.196171+00:00,72.4,42,bid,CostlyCorianders,DiligentDonuts,1259178
2026-06-30T23:04:03.519587,2026-06-30T23:04:03.525761+00:00,72.4,50,bid,FlawlessFlatbreads,DiligentDonuts,1259180
2026-06-30T23:04:03.805598,2026-06-30T23:04:03.813981+00:00,72.2,40,ask,EarnestEspressos,CostlyCorianders,1259184
2026-06-30T23:04:04.328336,2026-06-30T23:04:04.335465+00:00,72.4,8,bid,CostlyCorianders,DiligentDonuts,1259188
2026-06-30T23:04:04.328336,2026-06-30T23:04:04.335465+00:00,72.7,41,bid,CostlyCorianders,EarnestEspressos,1259189
2026-06-30T23:04:07.092649,2026-06-30T23:04:07.100062+00:00,72.3,49,ask,EarnestEspressos,CostlyCorianders,1259224
2026-06-30T23:04:07.750939,2026-06-30T23:04:07.758457+00:00,72.6,50,bid,FlawlessFlatbreads,EarnestEspressos,1259238
2026-06-30T23:04:08.191358,2026-06-30T23:04:08.199684+00:00,72.6,47,bid,CostlyCorianders,EarnestEspressos,1259239
2026-06-30T23:04:09.842505,2026-06-30T23:04:09.848882+00:00,72.4,10,ask,Zijun Feng,CostlyCorianders,1259271
2026-06-30T23:04:09.842505,2026-06-30T23:04:09.848882+00:00,72.3,32,ask,DiligentDonuts,CostlyCorianders,1259272
2026-06-30T23:04:09.860377,2026-06-30T23:04:09.869721+00:00,72.6,50,bid,FlawlessFlatbreads,EarnestEspressos,1259274
2026-06-30T23:04:11.966734,2026-06-30T23:04:11.977675+00:00,72.8,50,bid,FlawlessFlatbreads,DiligentDonuts,1259308
2026-06-30T23:04:12.529559,2026-06-30T23:04:12.531725+00:00,72.7,49,ask,EarnestEspressos,CostlyCorianders,1259316
2026-06-30T23:04:13.655299,2026-06-30T23:04:13.666589+00:00,72.8,47,bid,CostlyCorianders,DiligentDonuts,1259338
2026-06-30T23:04:14.072599,2026-06-30T23:04:14.077602+00:00,72.8,3,bid,FlawlessFlatbreads,DiligentDonuts,1259351
2026-06-30T23:04:14.072599,2026-06-30T23:04:14.077602+00:00,73.0,47,bid,FlawlessFlatbreads,EarnestEspressos,1259352
2026-06-30T23:04:14.168605,2026-06-30T23:04:14.179995+00:00,73.0,48,bid,CostlyCorianders,EarnestEspressos,1259357
2026-06-30T23:04:16.182225,2026-06-30T23:04:16.189618+00:00,72.9,50,bid,FlawlessFlatbreads,DiligentDonuts,1259382
2026-06-30T23:04:17.125360,2026-06-30T23:04:17.134102+00:00,72.9,50,bid,EarnestEspressos,DiligentDonuts,1259403
2026-06-30T23:04:17.194278,2026-06-30T23:04:17.197891+00:00,72.9,3,ask,EarnestEspressos,Xuanyu Liu,1259405
2026-06-30T23:04:18.307629,2026-06-30T23:04:18.316015+00:00,72.9,42,ask,EarnestEspressos,CostlyCorianders,1259421
2026-06-30T23:04:19.275926,2026-06-30T23:04:19.280178+00:00,72.9,23,ask,EarnestEspressos,Xuanyu Liu,1259432
2026-06-30T23:04:20.341653,2026-06-30T23:04:20.348315+00:00,72.9,100,ask,DiligentDonuts,EarnestEspressos,1259451
2026-06-30T23:04:20.585999,2026-06-30T23:04:20.589891+00:00,72.7,23,bid,Xuanyu Liu,EarnestEspressos,1259457
2026-06-30T23:04:22.495918,2026-06-30T23:04:22.503185+00:00,72.7,27,bid,FlawlessFlatbreads,EarnestEspressos,1259477
2026-06-30T23:04:22.495918,2026-06-30T23:04:22.503185+00:00,72.7,10,bid,FlawlessFlatbreads,Zijun Feng,1259478
2026-06-30T23:04:22.495918,2026-06-30T23:04:22.503185+00:00,73.0,13,bid,FlawlessFlatbreads,DiligentDonuts,1259479
2026-06-30T23:04:23.451018,2026-06-30T23:04:23.465751+00:00,72.9,10,bid,EarnestEspressos,Zijun Feng,1259502
2026-06-30T23:04:23.462012,2026-06-30T23:04:23.465751+00:00,72.9,23,ask,EarnestEspressos,Xuanyu Liu,1259504
2026-06-30T23:04:23.852221,2026-06-30T23:04:23.856410+00:00,72.9,100,ask,EarnestEspressos,DiligentDonuts,1259510
2026-06-30T23:04:24.607805,2026-06-30T23:04:24.618501+00:00,73.3,10,bid,FlawlessFlatbreads,Zijun Feng,1259518
2026-06-30T23:04:24.607805,2026-06-30T23:04:24.618501+00:00,73.4,40,bid,FlawlessFlatbreads,EarnestEspressos,1259519
2026-06-30T23:04:25.463258,2026-06-30T23:04:25.469094+00:00,72.9,17,ask,EarnestEspressos,CostlyCorianders,1259525
2026-06-30T23:04:25.463258,2026-06-30T23:04:25.469094+00:00,72.4,27,ask,DiligentDonuts,CostlyCorianders,1259526
2026-06-30T23:04:26.490983,2026-06-30T23:04:26.497196+00:00,73.4,45,bid,CostlyCorianders,EarnestEspressos,1259543
2026-06-30T23:04:26.715539,2026-06-30T23:04:26.723913+00:00,73.2,50,bid,FlawlessFlatbreads,EarnestEspressos,1259547
2026-06-30T23:04:27.957596,2026-06-30T23:04:27.969036+00:00,72.7,47,ask,EarnestEspressos,CostlyCorianders,1259566
2026-06-30T23:04:28.550749,2026-06-30T23:04:28.553981+00:00,73.2,43,bid,CostlyCorianders,EarnestEspressos,1259577
2026-06-30T23:04:28.823688,2026-06-30T23:04:28.830905+00:00,73.2,50,bid,FlawlessFlatbreads,EarnestEspressos,1259578
2026-06-30T23:04:30.252023,2026-06-30T23:04:30.256857+00:00,73.1,11,ask,EarnestEspressos,Xuanyu Liu,1259593
2026-06-30T23:04:30.931141,2026-06-30T23:04:30.938500+00:00,73.3,50,bid,FlawlessFlatbreads,DiligentDonuts,1259602
2026-06-30T23:04:31.066912,2026-06-30T23:04:31.071664+00:00,73.1,48,ask,EarnestEspressos,CostlyCorianders,1259605
2026-06-30T23:04:31.088496,2026-06-30T23:04:31.092250+00:00,73.1,23,ask,EarnestEspressos,Xuanyu Liu,1259608
2026-06-30T23:04:33.022826,2026-06-30T23:04:33.028957+00:00,73.3,47,bid,CostlyCorianders,DiligentDonuts,1259632
2026-06-30T23:04:35.203979,2026-06-30T23:04:35.209966+00:00,73.0,50,ask,DiligentDonuts,FlawlessFlatbreads,1259676
2026-06-30T23:04:36.270218,2026-06-30T23:04:36.279500+00:00,73.0,46,ask,DiligentDonuts,CostlyCorianders,1259689
2026-06-30T23:04:37.259897,2026-06-30T23:04:37.267972+00:00,73.1,50,bid,FlawlessFlatbreads,EarnestEspressos,1259718
2026-06-30T23:04:37.883166,2026-06-30T23:04:37.892493+00:00,73.0,10,bid,CostlyCorianders,Zijun Feng,1259736
2026-06-30T23:04:37.883166,2026-06-30T23:04:37.892493+00:00,73.1,30,bid,CostlyCorianders,EarnestEspressos,1259737
2026-06-30T23:04:39.419278,2026-06-30T23:04:39.421123+00:00,72.7,50,ask,EarnestEspressos,FlawlessFlatbreads,1259753
2026-06-30T23:04:40.730167,2026-06-30T23:04:40.741771+00:00,72.7,44,ask,EarnestEspressos,CostlyCorianders,1259772
2026-06-30T23:04:41.475687,2026-06-30T23:04:41.482946+00:00,72.9,50,bid,FlawlessFlatbreads,DiligentDonuts,1259790
2026-06-30T23:04:42.868385,2026-06-30T23:04:42.871709+00:00,72.6,23,bid,Xuanyu Liu,EarnestEspressos,1259815
2026-06-30T23:04:43.292269,2026-06-30T23:04:43.303850+00:00,72.6,40,bid,CostlyCorianders,EarnestEspressos,1259825
2026-06-30T23:04:44.730359,2026-06-30T23:04:44.741675+00:00,72.5,10,bid,CostlyCorianders,Zijun Feng,1259843
2026-06-30T23:04:44.785302,2026-06-30T23:04:44.792986+00:00,72.3,47,ask,DiligentDonuts,CostlyCorianders,1259844
2026-06-30T23:04:45.755196,2026-06-30T23:04:45.763193+00:00,72.4,50,ask,EarnestEspressos,FlawlessFlatbreads,1259860
2026-06-30T23:04:46.237552,2026-06-30T23:04:46.246739+00:00,72.4,45,ask,EarnestEspressos,CostlyCorianders,1259870
2026-06-30T23:04:47.889993,2026-06-30T23:04:47.896473+00:00,72.4,50,ask,EarnestEspressos,FlawlessFlatbreads,1259895
2026-06-30T23:04:48.851029,2026-06-30T23:04:48.855651+00:00,72.3,11,bid,Xuanyu Liu,EarnestEspressos,1259911
2026-06-30T23:04:49.365229,2026-06-30T23:04:49.370164+00:00,72.3,48,bid,CostlyCorianders,EarnestEspressos,1259917
2026-06-30T23:04:49.411825,2026-06-30T23:04:49.415258+00:00,72.3,23,bid,Xuanyu Liu,EarnestEspressos,1259919
2026-06-30T23:04:49.996066,2026-06-30T23:04:50.000749+00:00,72.2,50,ask,DiligentDonuts,FlawlessFlatbreads,1259927
2026-06-30T23:04:50.559766,2026-06-30T23:04:50.565110+00:00,72.3,49,bid,CostlyCorianders,EarnestEspressos,1259934
2026-06-30T23:04:51.965348,2026-06-30T23:04:51.969386+00:00,72.5,11,ask,EarnestEspressos,Xuanyu Liu,1259966
2026-06-30T23:04:52.028045,2026-06-30T23:04:52.031749+00:00,72.5,35,ask,EarnestEspressos,Xuanyu Liu,1259969
2026-06-30T23:04:52.051731,2026-06-30T23:04:52.062695+00:00,72.7,50,bid,FlawlessFlatbreads,DiligentDonuts,1259970
2026-06-30T23:04:52.332438,2026-06-30T23:04:52.340388+00:00,72.5,100,ask,EarnestEspressos,DiligentDonuts,1259974
2026-06-30T23:04:54.161391,2026-06-30T23:04:54.165557+00:00,72.9,10,bid,FlawlessFlatbreads,Zijun Feng,1260009
2026-06-30T23:04:54.161391,2026-06-30T23:04:54.165557+00:00,73.0,40,bid,FlawlessFlatbreads,EarnestEspressos,1260010
2026-06-30T23:04:55.197353,2026-06-30T23:04:55.201119+00:00,72.2,12,bid,Xuanyu Liu,EarnestEspressos,1260036
2026-06-30T23:04:55.444560,2026-06-30T23:04:55.446519+00:00,72.2,100,bid,DiligentDonuts,EarnestEspressos,1260038
2026-06-30T23:04:55.955192,2026-06-30T23:04:55.958330+00:00,72.2,23,bid,Xuanyu Liu,EarnestEspressos,1260049
2026-06-30T23:04:56.269421,2026-06-30T23:04:56.276114+00:00,72.2,15,bid,FlawlessFlatbreads,EarnestEspressos,1260053
2026-06-30T23:04:56.269421,2026-06-30T23:04:56.276114+00:00,72.8,35,bid,FlawlessFlatbreads,DiligentDonuts,1260054
2026-06-30T23:04:58.297011,2026-06-30T23:04:58.300194+00:00,72.4,12,ask,EarnestEspressos,Xuanyu Liu,1260086
2026-06-30T23:04:58.438461,2026-06-30T23:04:58.444573+00:00,72.4,50,ask,EarnestEspressos,FlawlessFlatbreads,1260087
2026-06-30T23:05:00.127883,2026-06-30T23:05:00.129959+00:00,72.4,47,ask,EarnestEspressos,CostlyCorianders,1260111
2026-06-30T23:05:01.278977,2026-06-30T23:05:01.281284+00:00,72.4,41,ask,EarnestEspressos,CostlyCorianders,1260124
2026-06-30T23:05:02.605077,2026-06-30T23:05:02.606714+00:00,72.4,50,bid,FlawlessFlatbreads,EarnestEspressos,1260147
2026-06-30T23:05:04.765669,2026-06-30T23:05:04.772042+00:00,72.3,50,ask,DiligentDonuts,FlawlessFlatbreads,1260171
2026-06-30T23:05:05.179912,2026-06-30T23:05:05.183387+00:00,72.7,44,bid,CostlyCorianders,EarnestEspressos,1260179
2026-06-30T23:05:05.794203,2026-06-30T23:05:05.799138+00:00,72.7,40,bid,CostlyCorianders,EarnestEspressos,1260191
2026-06-30T23:05:07.511175,2026-06-30T23:05:07.520089+00:00,72.2,48,ask,EarnestEspressos,CostlyCorianders,1260212
2026-06-30T23:05:08.975404,2026-06-30T23:05:08.978901+00:00,72.2,50,ask,EarnestEspressos,FlawlessFlatbreads,1260238
2026-06-30T23:05:11.084441,2026-06-30T23:05:11.088809+00:00,72.2,50,ask,DiligentDonuts,FlawlessFlatbreads,1260271
2026-06-30T23:05:13.140881,2026-06-30T23:05:13.152594+00:00,72.5,50,bid,FlawlessFlatbreads,EarnestEspressos,1260298
2026-06-30T23:05:14.339761,2026-06-30T23:05:14.343900+00:00,72.4,11,ask,EarnestEspressos,Xuanyu Liu,1260315
2026-06-30T23:05:14.435082,2026-06-30T23:05:14.446849+00:00,72.8,10,bid,CostlyCorianders,Zijun Feng,1260317
2026-06-30T23:05:14.435082,2026-06-30T23:05:14.446849+00:00,72.9,30,bid,CostlyCorianders,EarnestEspressos,1260318
2026-06-30T23:05:14.485054,2026-06-30T23:05:14.487849+00:00,72.4,100,ask,EarnestEspressos,DiligentDonuts,1260319
2026-06-30T23:05:15.019935,2026-06-30T23:05:15.021527+00:00,72.4,39,ask,EarnestEspressos,CostlyCorianders,1260324
2026-06-30T23:05:15.299351,2026-06-30T23:05:15.308684+00:00,71.8,50,ask,DiligentDonuts,FlawlessFlatbreads,1260330
2026-06-30T23:05:17.331567,2026-06-30T23:05:17.335902+00:00,72.4,11,bid,Xuanyu Liu,EarnestEspressos,1260353
2026-06-30T23:05:17.405687,2026-06-30T23:05:17.407640+00:00,71.9,50,ask,EarnestEspressos,FlawlessFlatbreads,1260356
2026-06-30T23:05:18.263483,2026-06-30T23:05:18.267185+00:00,72.4,12,bid,Xuanyu Liu,EarnestEspressos,1260365
2026-06-30T23:05:19.321762,2026-06-30T23:05:19.324635+00:00,72.4,44,bid,CostlyCorianders,EarnestEspressos,1260379
2026-06-30T23:05:19.512184,2026-06-30T23:05:19.518971+00:00,72.3,50,ask,DiligentDonuts,FlawlessFlatbreads,1260380
2026-06-30T23:05:19.824108,2026-06-30T23:05:19.835648+00:00,72.4,49,bid,CostlyCorianders,EarnestEspressos,1260386
2026-06-30T23:05:19.877942,2026-06-30T23:05:19.886715+00:00,72.3,45,ask,DiligentDonuts,CostlyCorianders,1260387
2026-06-30T23:05:20.433573,2026-06-30T23:05:20.438771+00:00,72.3,5,ask,DiligentDonuts,CostlyCorianders,1260391
2026-06-30T23:05:20.433573,2026-06-30T23:05:20.449067+00:00,72.3,10,ask,Zijun Feng,CostlyCorianders,1260392
2026-06-30T23:05:20.433573,2026-06-30T23:05:20.449067+00:00,72.3,33,ask,EarnestEspressos,CostlyCorianders,1260393
2026-06-30T23:05:21.619331,2026-06-30T23:05:21.630328+00:00,72.3,50,ask,EarnestEspressos,FlawlessFlatbreads,1260410
2026-06-30T23:05:23.726741,2026-06-30T23:05:23.731837+00:00,72.1,50,ask,DiligentDonuts,FlawlessFlatbreads,1260445
2026-06-30T23:05:24.690376,2026-06-30T23:05:24.696275+00:00,72.3,44,bid,CostlyCorianders,EarnestEspressos,1260451
2026-06-30T23:05:25.832319,2026-06-30T23:05:25.843039+00:00,71.9,10,ask,Zijun Feng,FlawlessFlatbreads,1260468
2026-06-30T23:05:25.832319,2026-06-30T23:05:25.843039+00:00,71.8,40,ask,EarnestEspressos,FlawlessFlatbreads,1260469
2026-06-30T23:05:26.126881,2026-06-30T23:05:26.130548+00:00,72.3,11,bid,Xuanyu Liu,EarnestEspressos,1260483
2026-06-30T23:05:27.286135,2026-06-30T23:05:27.288077+00:00,72.4,46,bid,CostlyCorianders,DiligentDonuts,1260500
2026-06-30T23:05:27.777525,2026-06-30T23:05:27.789235+00:00,72.0,40,ask,EarnestEspressos,CostlyCorianders,1260506
2026-06-30T23:05:29.265588,2026-06-30T23:05:29.275635+00:00,72.1,10,ask,Zijun Feng,CostlyCorianders,1260529
2026-06-30T23:05:29.265588,2026-06-30T23:05:29.275635+00:00,72.0,33,ask,EarnestEspressos,CostlyCorianders,1260530
2026-06-30T23:05:29.989216,2026-06-30T23:05:29.992882+00:00,72.1,3,bid,Xuanyu Liu,EarnestEspressos,1260550
2026-06-30T23:05:30.262882,2026-06-30T23:05:30.269431+00:00,72.1,100,bid,DiligentDonuts,EarnestEspressos,1260556
2026-06-30T23:05:32.105881,2026-06-30T23:05:32.110172+00:00,72.1,47,bid,FlawlessFlatbreads,EarnestEspressos,1260580
2026-06-30T23:05:32.105881,2026-06-30T23:05:32.110172+00:00,72.6,3,bid,FlawlessFlatbreads,DiligentDonuts,1260581
2026-06-30T23:05:35.982198,2026-06-30T23:05:35.987129+00:00,72.3,43,bid,CostlyCorianders,DiligentDonuts,1260637
2026-06-30T23:05:36.375929,2026-06-30T23:05:36.386509+00:00,72.1,50,ask,EarnestEspressos,FlawlessFlatbreads,1260640
2026-06-30T23:05:36.527113,2026-06-30T23:05:36.529646+00:00,72.3,45,bid,CostlyCorianders,DiligentDonuts,1260643
2026-06-30T23:05:38.431044,2026-06-30T23:05:38.433371+00:00,72.3,50,bid,FlawlessFlatbreads,DiligentDonuts,1260676
2026-06-30T23:05:39.209645,2026-06-30T23:05:39.212353+00:00,72.1,46,ask,EarnestEspressos,CostlyCorianders,1260681
2026-06-30T23:05:40.549847,2026-06-30T23:05:40.557973+00:00,72.4,50,bid,FlawlessFlatbreads,EarnestEspressos,1260713
2026-06-30T23:05:41.440885,2026-06-30T23:05:41.451831+00:00,72.2,40,ask,DiligentDonuts,CostlyCorianders,1260724
2026-06-30T23:05:41.914939,2026-06-30T23:05:41.924809+00:00,72.4,47,bid,CostlyCorianders,EarnestEspressos,1260732
2026-06-30T23:05:42.663857,2026-06-30T23:05:42.676282+00:00,72.6,50,bid,FlawlessFlatbreads,EarnestEspressos,1260747
2026-06-30T23:05:43.678503,2026-06-30T23:05:43.687450+00:00,72.4,48,bid,CostlyCorianders,DiligentDonuts,1260763
2026-06-30T23:05:45.736299,2026-06-30T23:05:45.742563+00:00,72.4,52,bid,EarnestEspressos,DiligentDonuts,1260790
2026-06-30T23:05:45.809755,2026-06-30T23:05:45.813010+00:00,72.5,3,ask,EarnestEspressos,Xuanyu Liu,1260793
2026-06-30T23:05:46.925437,2026-06-30T23:05:46.941683+00:00,72.5,50,ask,EarnestEspressos,FlawlessFlatbreads,1260823
2026-06-30T23:05:48.443982,2026-06-30T23:05:48.453747+00:00,72.5,45,ask,EarnestEspressos,CostlyCorianders,1260845
2026-06-30T23:05:48.961026,2026-06-30T23:05:48.967190+00:00,72.4,100,ask,DiligentDonuts,EarnestEspressos,1260849
2026-06-30T23:05:49.034555,2026-06-30T23:05:49.039968+00:00,71.9,50,ask,EarnestEspressos,FlawlessFlatbreads,1260855
2026-06-30T23:05:50.084133,2026-06-30T23:05:50.089784+00:00,72.4,46,bid,CostlyCorianders,EarnestEspressos,1260867
2026-06-30T23:05:51.142572,2026-06-30T23:05:51.148325+00:00,72.1,50,ask,DiligentDonuts,FlawlessFlatbreads,1260884
2026-06-30T23:05:51.517587,2026-06-30T23:05:51.521759+00:00,72.4,3,bid,Xuanyu Liu,EarnestEspressos,1260899
2026-06-30T23:05:53.250002,2026-06-30T23:05:53.256497+00:00,72.4,50,ask,EarnestEspressos,FlawlessFlatbreads,1260914
2026-06-30T23:05:53.337892,2026-06-30T23:05:53.348779+00:00,72.4,49,ask,EarnestEspressos,CostlyCorianders,1260915
2026-06-30T23:05:55.358994,2026-06-30T23:05:55.365890+00:00,72.1,50,ask,DiligentDonuts,FlawlessFlatbreads,1260951
2026-06-30T23:05:56.773167,2026-06-30T23:05:56.778096+00:00,72.1,10,ask,Zijun Feng,CostlyCorianders,1260967
2026-06-30T23:05:57.469496,2026-06-30T23:05:57.473640+00:00,72.0,50,ask,EarnestEspressos,FlawlessFlatbreads,1260988
2026-06-30T23:05:58.799352,2026-06-30T23:05:58.804977+00:00,72.2,41,bid,CostlyCorianders,EarnestEspressos,1261008
2026-06-30T23:05:59.761150,2026-06-30T23:05:59.765454+00:00,72.2,44,bid,CostlyCorianders,EarnestEspressos,1261022
2026-06-30T23:06:00.901675,2026-06-30T23:06:00.913426+00:00,71.9,10,ask,Zijun Feng,CostlyCorianders,1261034
2026-06-30T23:06:00.901675,2026-06-30T23:06:00.913426+00:00,71.8,35,ask,DiligentDonuts,CostlyCorianders,1261035
2026-06-30T23:06:01.679574,2026-06-30T23:06:01.690513+00:00,72.0,50,ask,EarnestEspressos,FlawlessFlatbreads,1261062
2026-06-30T23:06:01.950655,2026-06-30T23:06:01.956622+00:00,72.0,100,ask,EarnestEspressos,DiligentDonuts,1261067
2026-06-30T23:06:03.734602,2026-06-30T23:06:03.738714+00:00,72.5,50,bid,FlawlessFlatbreads,EarnestEspressos,1261095
2026-06-30T23:06:05.060046,2026-06-30T23:06:05.067634+00:00,71.9,41,ask,DiligentDonuts,CostlyCorianders,1261115
2026-06-30T23:06:05.842380,2026-06-30T23:06:05.849937+00:00,72.1,50,bid,FlawlessFlatbreads,EarnestEspressos,1261128
2026-06-30T23:06:07.509196,2026-06-30T23:06:07.519759+00:00,71.9,45,ask,DiligentDonuts,CostlyCorianders,1261145
2026-06-30T23:06:07.951567,2026-06-30T23:06:07.963151+00:00,72.4,50,bid,FlawlessFlatbreads,DiligentDonuts,1261154
2026-06-30T23:06:09.780931,2026-06-30T23:06:09.786069+00:00,72.2,47,bid,CostlyCorianders,EarnestEspressos,1261182
2026-06-30T23:06:10.060569,2026-06-30T23:06:10.072148+00:00,72.2,50,bid,FlawlessFlatbreads,EarnestEspressos,1261187
2026-06-30T23:06:10.421427,2026-06-30T23:06:10.430473+00:00,72.2,44,bid,CostlyCorianders,EarnestEspressos,1261191
2026-06-30T23:06:11.064023,2026-06-30T23:06:11.066676+00:00,72.2,100,bid,EarnestEspressos,DiligentDonuts,1261203
2026-06-30T23:06:11.464954,2026-06-30T23:06:11.477086+00:00,72.3,43,ask,EarnestEspressos,CostlyCorianders,1261211
2026-06-30T23:06:12.091107,2026-06-30T23:06:12.095166+00:00,72.3,7,ask,EarnestEspressos,Xuanyu Liu,1261229
2026-06-30T23:06:12.168468,2026-06-30T23:06:12.178074+00:00,72.5,50,bid,FlawlessFlatbreads,DiligentDonuts,1261232
2026-06-30T23:06:12.579854,2026-06-30T23:06:12.587839+00:00,72.5,44,bid,CostlyCorianders,DiligentDonuts,1261235
2026-06-30T23:06:12.634686,2026-06-30T23:06:12.639289+00:00,72.0,46,ask,DiligentDonuts,CostlyCorianders,1261237
2026-06-30T23:06:13.175424,2026-06-30T23:06:13.181399+00:00,72.5,6,bid,CostlyCorianders,DiligentDonuts,1261241
2026-06-30T23:06:14.294919,2026-06-30T23:06:14.298627+00:00,72.1,7,bid,Xuanyu Liu,EarnestEspressos,1261255
2026-06-30T23:06:14.549087,2026-06-30T23:06:14.555307+00:00,72.1,100,bid,DiligentDonuts,EarnestEspressos,1261265
2026-06-30T23:06:16.378650,2026-06-30T23:06:16.381089+00:00,72.1,43,bid,FlawlessFlatbreads,EarnestEspressos,1261287
2026-06-30T23:06:16.378650,2026-06-30T23:06:16.391370+00:00,72.6,7,bid,FlawlessFlatbreads,DiligentDonuts,1261288
2026-06-30T23:06:17.707747,2026-06-30T23:06:17.712634+00:00,72.1,40,ask,EarnestEspressos,CostlyCorianders,1261304
2026-06-30T23:06:18.538677,2026-06-30T23:06:18.548281+00:00,72.1,50,ask,EarnestEspressos,FlawlessFlatbreads,1261312
2026-06-30T23:06:20.593204,2026-06-30T23:06:20.599252+00:00,72.3,50,bid,FlawlessFlatbreads,DiligentDonuts,1261335
2026-06-30T23:06:22.752527,2026-06-30T23:06:22.761289+00:00,71.9,50,ask,DiligentDonuts,FlawlessFlatbreads,1261360
2026-06-30T23:06:24.290689,2026-06-30T23:06:24.298531+00:00,72.3,46,bid,CostlyCorianders,EarnestEspressos,1261396
2026-06-30T23:06:26.858206,2026-06-30T23:06:26.863757+00:00,72.3,47,bid,CostlyCorianders,DiligentDonuts,1261440
2026-06-30T23:06:26.962682,2026-06-30T23:06:26.966654+00:00,72.0,50,ask,EarnestEspressos,FlawlessFlatbreads,1261442
2026-06-30T23:06:29.070044,2026-06-30T23:06:29.071874+00:00,72.0,50,ask,EarnestEspressos,FlawlessFlatbreads,1261483
2026-06-30T23:06:29.974842,2026-06-30T23:06:29.982850+00:00,72.1,10,ask,Zijun Feng,CostlyCorianders,1261490
2026-06-30T23:06:29.974842,2026-06-30T23:06:29.982850+00:00,72.0,30,ask,EarnestEspressos,CostlyCorianders,1261491
2026-06-30T23:06:31.123887,2026-06-30T23:06:31.131217+00:00,72.3,50,bid,FlawlessFlatbreads,EarnestEspressos,1261503
2026-06-30T23:06:33.264062,2026-06-30T23:06:33.276732+00:00,72.1,100,ask,DiligentDonuts,EarnestEspressos,1261547
2026-06-30T23:06:33.280891,2026-06-30T23:06:33.287017+00:00,71.6,50,ask,EarnestEspressos,FlawlessFlatbreads,1261548
2026-06-30T23:06:35.385516,2026-06-30T23:06:35.390082+00:00,71.6,50,ask,EarnestEspressos,FlawlessFlatbreads,1261572
2026-06-30T23:06:37.441525,2026-06-30T23:06:37.451515+00:00,72.3,50,bid,FlawlessFlatbreads,EarnestEspressos,1261606
2026-06-30T23:06:38.860498,2026-06-30T23:06:38.866420+00:00,71.8,48,ask,EarnestEspressos,CostlyCorianders,1261625
2026-06-30T23:06:39.548795,2026-06-30T23:06:39.554683+00:00,72.3,50,bid,FlawlessFlatbreads,DiligentDonuts,1261645
2026-06-30T23:06:39.777388,2026-06-30T23:06:39.780035+00:00,72.1,49,bid,CostlyCorianders,EarnestEspressos,1261653
2026-06-30T23:06:40.260920,2026-06-30T23:06:40.263647+00:00,71.8,49,ask,DiligentDonuts,CostlyCorianders,1261659
2026-06-30T23:06:41.653740,2026-06-30T23:06:41.655779+00:00,72.1,50,bid,FlawlessFlatbreads,EarnestEspressos,1261674
2026-06-30T23:06:43.760517,2026-06-30T23:06:43.768136+00:00,72.1,50,bid,FlawlessFlatbreads,DiligentDonuts,1261716
2026-06-30T23:06:45.863612,2026-06-30T23:06:45.866603+00:00,72.1,50,bid,EarnestEspressos,DiligentDonuts,1261735
2026-06-30T23:06:45.920681,2026-06-30T23:06:45.927883+00:00,72.3,50,ask,EarnestEspressos,FlawlessFlatbreads,1261738
2026-06-30T23:06:46.531477,2026-06-30T23:06:46.533427+00:00,72.8,42,bid,CostlyCorianders,EarnestEspressos,1261755
2026-06-30T23:06:47.453086,2026-06-30T23:06:47.456880+00:00,72.3,3,ask,EarnestEspressos,Xuanyu Liu,1261769
2026-06-30T23:06:48.026984,2026-06-30T23:06:48.029958+00:00,72.3,47,ask,EarnestEspressos,FlawlessFlatbreads,1261774
2026-06-30T23:06:48.026984,2026-06-30T23:06:48.040212+00:00,72.3,3,ask,DiligentDonuts,FlawlessFlatbreads,1261775
2026-06-30T23:06:49.078613,2026-06-30T23:06:49.085779+00:00,72.3,97,ask,DiligentDonuts,EarnestEspressos,1261786
2026-06-30T23:06:49.165020,2026-06-30T23:06:49.168046+00:00,71.8,40,ask,EarnestEspressos,CostlyCorianders,1261787
2026-06-30T23:06:50.139497,2026-06-30T23:06:50.145638+00:00,71.8,50,ask,EarnestEspressos,FlawlessFlatbreads,1261805
2026-06-30T23:06:51.800775,2026-06-30T23:06:51.806039+00:00,72.3,42,bid,CostlyCorianders,EarnestEspressos,1261829
2026-06-30T23:06:52.245673,2026-06-30T23:06:52.258589+00:00,71.8,50,ask,DiligentDonuts,FlawlessFlatbreads,1261843
2026-06-30T23:06:52.594743,2026-06-30T23:06:52.598490+00:00,72.0,3,bid,Xuanyu Liu,DiligentDonuts,1261847
2026-06-30T23:06:52.803870,2026-06-30T23:06:52.814346+00:00,71.8,47,ask,EarnestEspressos,CostlyCorianders,1261851
2026-06-30T23:06:53.938263,2026-06-30T23:06:53.942765+00:00,72.0,42,bid,CostlyCorianders,DiligentDonuts,1261875
2026-06-30T23:06:53.990062,2026-06-30T23:06:53.994147+00:00,72.0,3,bid,Xuanyu Liu,DiligentDonuts,1261878
2026-06-30T23:06:54.301712,2026-06-30T23:06:54.312237+00:00,72.0,50,bid,FlawlessFlatbreads,DiligentDonuts,1261893
2026-06-30T23:06:55.576502,2026-06-30T23:06:55.579797+00:00,72.0,2,bid,CostlyCorianders,DiligentDonuts,1261904
2026-06-30T23:06:55.576502,2026-06-30T23:06:55.590050+00:00,72.3,44,bid,CostlyCorianders,EarnestEspressos,1261905
2026-06-30T23:06:56.409024,2026-06-30T23:06:56.420091+00:00,72.3,50,bid,FlawlessFlatbreads,EarnestEspressos,1261914
2026-06-30T23:06:57.674008,2026-06-30T23:06:57.681680+00:00,71.9,45,ask,DiligentDonuts,CostlyCorianders,1261946
2026-06-30T23:06:58.515333,2026-06-30T23:06:58.522188+00:00,72.4,50,bid,FlawlessFlatbreads,DiligentDonuts,1261960
2026-06-30T23:06:58.519641,2026-06-30T23:06:58.522188+00:00,72.4,50,bid,EarnestEspressos,DiligentDonuts,1261961
2026-06-30T23:06:58.591554,2026-06-30T23:06:58.595794+00:00,72.4,3,ask,EarnestEspressos,Xuanyu Liu,1261964
2026-06-30T23:06:59.239280,2026-06-30T23:06:59.243312+00:00,72.4,14,ask,EarnestEspressos,Xuanyu Liu,1261975
2026-06-30T23:06:59.389338,2026-06-30T23:06:59.397537+00:00,72.4,42,ask,EarnestEspressos,CostlyCorianders,1261979
2026-06-30T23:07:00.624616,2026-06-30T23:07:00.637938+00:00,72.8,50,bid,FlawlessFlatbreads,DiligentDonuts,1262009
2026-06-30T23:07:00.929467,2026-06-30T23:07:00.933901+00:00,72.8,44,bid,CostlyCorianders,DiligentDonuts,1262011
2026-06-30T23:07:01.772500,2026-06-30T23:07:01.776583+00:00,72.4,11,bid,Xuanyu Liu,EarnestEspressos,1262029
2026-06-30T23:07:02.055928,2026-06-30T23:07:02.064069+00:00,72.3,41,ask,DiligentDonuts,CostlyCorianders,1262034
2026-06-30T23:07:02.541757,2026-06-30T23:07:02.545611+00:00,72.4,45,bid,CostlyCorianders,EarnestEspressos,1262037
2026-06-30T23:07:02.732265,2026-06-30T23:07:02.740546+00:00,72.4,50,bid,FlawlessFlatbreads,EarnestEspressos,1262039
2026-06-30T23:07:03.681337,2026-06-30T23:07:03.685299+00:00,72.4,41,bid,CostlyCorianders,EarnestEspressos,1262054
2026-06-30T23:07:06.996228,2026-06-30T23:07:07.006769+00:00,72.4,50,ask,EarnestEspressos,FlawlessFlatbreads,1262100
2026-06-30T23:07:07.084780,2026-06-30T23:07:07.088714+00:00,72.4,11,ask,EarnestEspressos,Xuanyu Liu,1262104
2026-06-30T23:07:09.102992,2026-06-30T23:07:09.110477+00:00,72.2,50,ask,DiligentDonuts,FlawlessFlatbreads,1262136
2026-06-30T23:07:10.900837,2026-06-30T23:07:10.903822+00:00,72.2,44,ask,DiligentDonuts,CostlyCorianders,1262160
2026-06-30T23:07:11.209273,2026-06-30T23:07:11.211273+00:00,72.2,6,ask,DiligentDonuts,FlawlessFlatbreads,1262162
2026-06-30T23:07:11.209273,2026-06-30T23:07:11.221546+00:00,72.2,44,ask,EarnestEspressos,FlawlessFlatbreads,1262163
2026-06-30T23:07:12.610071,2026-06-30T23:07:12.616076+00:00,72.5,45,bid,CostlyCorianders,DiligentDonuts,1262174
2026-06-30T23:07:13.316965,2026-06-30T23:07:13.323276+00:00,72.2,50,ask,EarnestEspressos,FlawlessFlatbreads,1262181
2026-06-30T23:07:14.396561,2026-06-30T23:07:14.400678+00:00,72.2,14,bid,Xuanyu Liu,EarnestEspressos,1262193
2026-06-30T23:07:15.373467,2026-06-30T23:07:15.384097+00:00,72.2,50,bid,FlawlessFlatbreads,EarnestEspressos,1262212
2026-06-30T23:07:17.552763,2026-06-30T23:07:17.564191+00:00,72.1,50,ask,DiligentDonuts,FlawlessFlatbreads,1262242
2026-06-30T23:07:19.659147,2026-06-30T23:07:19.662817+00:00,71.8,50,ask,EarnestEspressos,FlawlessFlatbreads,1262271
2026-06-30T23:07:21.766771,2026-06-30T23:07:21.768567+00:00,72.0,50,ask,DiligentDonuts,FlawlessFlatbreads,1262319
2026-06-30T23:07:23.874256,2026-06-30T23:07:23.876796+00:00,72.0,50,ask,DiligentDonuts,FlawlessFlatbreads,1262339
2026-06-30T23:07:25.981473,2026-06-30T23:07:25.990742+00:00,71.8,10,ask,Zijun Feng,FlawlessFlatbreads,1262377
2026-06-30T23:07:25.981473,2026-06-30T23:07:25.990742+00:00,71.7,40,ask,EarnestEspressos,FlawlessFlatbreads,1262378
2026-06-30T23:07:26.006069,2026-06-30T23:07:26.011428+00:00,71.7,47,ask,EarnestEspressos,CostlyCorianders,1262381
2026-06-30T23:07:27.043165,2026-06-30T23:07:27.046903+00:00,71.7,3,bid,Xuanyu Liu,EarnestEspressos,1262400
2026-06-30T23:07:27.814768,2026-06-30T23:07:27.818626+00:00,71.7,11,bid,Xuanyu Liu,EarnestEspressos,1262413
2026-06-30T23:07:28.033439,2026-06-30T23:07:28.037073+00:00,71.7,23,bid,Xuanyu Liu,EarnestEspressos,1262422
2026-06-30T23:07:28.091198,2026-06-30T23:07:28.098569+00:00,71.5,50,ask,DiligentDonuts,FlawlessFlatbreads,1262423
2026-06-30T23:07:30.215271,2026-06-30T23:07:30.228452+00:00,71.7,50,ask,EarnestEspressos,FlawlessFlatbreads,1262462
2026-06-30T23:07:30.666944,2026-06-30T23:07:30.670984+00:00,71.8,10,ask,Zijun Feng,Xuanyu Liu,1262468
2026-06-30T23:07:30.995217,2026-06-30T23:07:30.998582+00:00,71.8,1,ask,Zijun Feng,Xuanyu Liu,1262475
2026-06-30T23:07:32.090194,2026-06-30T23:07:32.096095+00:00,72.1,40,bid,CostlyCorianders,DiligentDonuts,1262490
2026-06-30T23:07:32.320484,2026-06-30T23:07:32.332330+00:00,71.8,10,ask,Zijun Feng,FlawlessFlatbreads,1262496
2026-06-30T23:07:32.320484,2026-06-30T23:07:32.332330+00:00,71.7,40,ask,EarnestEspressos,FlawlessFlatbreads,1262497
2026-06-30T23:07:32.590987,2026-06-30T23:07:32.598350+00:00,72.1,44,bid,CostlyCorianders,DiligentDonuts,1262500
2026-06-30T23:07:33.154095,2026-06-30T23:07:33.161545+00:00,71.8,10,ask,Zijun Feng,CostlyCorianders,1262503
2026-06-30T23:07:33.154095,2026-06-30T23:07:33.161545+00:00,71.7,37,ask,EarnestEspressos,CostlyCorianders,1262504
2026-06-30T23:07:33.395504,2026-06-30T23:07:33.399721+00:00,71.7,23,bid,Xuanyu Liu,EarnestEspressos,1262511
2026-06-30T23:07:33.608111,2026-06-30T23:07:33.615139+00:00,71.7,100,bid,DiligentDonuts,EarnestEspressos,1262522
2026-06-30T23:07:33.639495,2026-06-30T23:07:33.645924+00:00,71.7,27,bid,CostlyCorianders,EarnestEspressos,1262523
2026-06-30T23:07:36.502644,2026-06-30T23:07:36.505963+00:00,71.6,12,ask,EarnestEspressos,Xuanyu Liu,1262559
2026-06-30T23:07:37.776664,2026-06-30T23:07:37.788557+00:00,71.9,42,bid,CostlyCorianders,DiligentDonuts,1262574
2026-06-30T23:07:38.584552,2026-06-30T23:07:38.587530+00:00,71.9,50,bid,FlawlessFlatbreads,DiligentDonuts,1262592
2026-06-30T23:07:39.828442,2026-06-30T23:07:39.837851+00:00,71.6,44,ask,EarnestEspressos,CostlyCorianders,1262605
2026-06-30T23:07:40.162538,2026-06-30T23:07:40.166305+00:00,71.9,9,ask,Zijun Feng,Xuanyu Liu,1262612
2026-06-30T23:07:40.367017,2026-06-30T23:07:40.371985+00:00,71.8,40,ask,DiligentDonuts,CostlyCorianders,1262615
2026-06-30T23:07:40.743209,2026-06-30T23:07:40.751432+00:00,71.8,50,ask,DiligentDonuts,FlawlessFlatbreads,1262621
2026-06-30T23:07:41.176465,2026-06-30T23:07:41.179945+00:00,71.8,2,ask,DiligentDonuts,Xuanyu Liu,1262626
2026-06-30T23:07:41.952725,2026-06-30T23:07:41.960134+00:00,72.0,10,bid,CostlyCorianders,Zijun Feng,1262636
2026-06-30T23:07:41.952725,2026-06-30T23:07:41.960134+00:00,72.1,32,bid,CostlyCorianders,EarnestEspressos,1262637
2026-06-30T23:07:42.850783,2026-06-30T23:07:42.852867+00:00,71.9,10,ask,Zijun Feng,FlawlessFlatbreads,1262648
2026-06-30T23:07:42.850783,2026-06-30T23:07:42.863193+00:00,71.8,8,ask,DiligentDonuts,FlawlessFlatbreads,1262649
2026-06-30T23:07:42.850783,2026-06-30T23:07:42.863193+00:00,71.8,32,ask,EarnestEspressos,FlawlessFlatbreads,1262650
2026-06-30T23:07:44.908285,2026-06-30T23:07:44.911981+00:00,72.2,50,bid,FlawlessFlatbreads,DiligentDonuts,1262678
2026-06-30T23:07:45.606443,2026-06-30T23:07:45.611286+00:00,72.2,41,bid,CostlyCorianders,DiligentDonuts,1262697
2026-06-30T23:07:46.408489,2026-06-30T23:07:46.412150+00:00,72.1,12,ask,DiligentDonuts,Xuanyu Liu,1262707
2026-06-30T23:07:46.642712,2026-06-30T23:07:46.648752+00:00,72.1,44,ask,DiligentDonuts,CostlyCorianders,1262719
2026-06-30T23:07:47.014868,2026-06-30T23:07:47.017427+00:00,72.4,50,bid,FlawlessFlatbreads,EarnestEspressos,1262725
2026-06-30T23:07:47.720028,2026-06-30T23:07:47.723950+00:00,72.1,14,ask,DiligentDonuts,Xuanyu Liu,1262735
2026-06-30T23:07:49.122155,2026-06-30T23:07:49.132055+00:00,72.4,10,bid,FlawlessFlatbreads,Zijun Feng,1262756
2026-06-30T23:07:49.122155,2026-06-30T23:07:49.132055+00:00,72.6,40,bid,FlawlessFlatbreads,DiligentDonuts,1262757
2026-06-30T23:07:51.280795,2026-06-30T23:07:51.283567+00:00,72.0,10,ask,Zijun Feng,FlawlessFlatbreads,1262788
2026-06-30T23:07:51.280795,2026-06-30T23:07:51.293785+00:00,71.9,40,ask,EarnestEspressos,FlawlessFlatbreads,1262789
2026-06-30T23:07:53.390172,2026-06-30T23:07:53.391861+00:00,71.9,50,ask,DiligentDonuts,FlawlessFlatbreads,1262820
2026-06-30T23:07:55.447346,2026-06-30T23:07:55.453359+00:00,72.4,50,bid,FlawlessFlatbreads,DiligentDonuts,1262846
2026-06-30T23:07:55.494321,2026-06-30T23:07:55.504544+00:00,71.9,40,ask,DiligentDonuts,CostlyCorianders,1262847
2026-06-30T23:07:55.571923,2026-06-30T23:07:55.575451+00:00,72.2,3,bid,Xuanyu Liu,EarnestEspressos,1262851
2026-06-30T23:07:57.553183,2026-06-30T23:07:57.564920+00:00,72.1,50,bid,FlawlessFlatbreads,DiligentDonuts,1262886
2026-06-30T23:07:59.469301,2026-06-30T23:07:59.473817+00:00,71.7,42,ask,DiligentDonuts,CostlyCorianders,1262906
2026-06-30T23:07:59.710235,2026-06-30T23:07:59.719631+00:00,71.7,50,ask,DiligentDonuts,FlawlessFlatbreads,1262913
2026-06-30T23:08:00.544206,2026-06-30T23:08:00.548372+00:00,71.9,40,bid,CostlyCorianders,EarnestEspressos,1262920
2026-06-30T23:08:01.817433,2026-06-30T23:08:01.826912+00:00,71.7,8,ask,DiligentDonuts,FlawlessFlatbreads,1262938
2026-06-30T23:08:01.817433,2026-06-30T23:08:01.826912+00:00,71.7,10,ask,Zijun Feng,FlawlessFlatbreads,1262939
2026-06-30T23:08:01.817433,2026-06-30T23:08:01.826912+00:00,71.7,32,ask,EarnestEspressos,FlawlessFlatbreads,1262940
2026-06-30T23:08:02.131883,2026-06-30T23:08:02.135641+00:00,71.9,11,bid,Xuanyu Liu,DiligentDonuts,1262946
2026-06-30T23:08:03.928103,2026-06-30T23:08:03.931727+00:00,71.7,50,ask,EarnestEspressos,FlawlessFlatbreads,1262971
2026-06-30T23:08:04.655865,2026-06-30T23:08:04.660935+00:00,71.7,42,ask,EarnestEspressos,CostlyCorianders,1262977
2026-06-30T23:08:05.010520,2026-06-30T23:08:05.014503+00:00,71.8,12,bid,Xuanyu Liu,EarnestEspressos,1262992
2026-06-30T23:08:05.127177,2026-06-30T23:08:05.137796+00:00,71.8,40,bid,CostlyCorianders,EarnestEspressos,1262993
2026-06-30T23:08:08.087692,2026-06-30T23:08:08.099609+00:00,72.0,50,bid,FlawlessFlatbreads,DiligentDonuts,1263032
2026-06-30T23:08:10.211820,2026-06-30T23:08:10.225110+00:00,71.9,50,bid,FlawlessFlatbreads,EarnestEspressos,1263064
2026-06-30T23:08:12.321264,2026-06-30T23:08:12.330557+00:00,72.2,50,bid,FlawlessFlatbreads,EarnestEspressos,1263095
2026-06-30T23:08:14.432433,2026-06-30T23:08:14.436554+00:00,72.2,50,bid,FlawlessFlatbreads,DiligentDonuts,1263114
2026-06-30T23:08:16.502879,2026-06-30T23:08:16.506729+00:00,71.9,12,ask,EarnestEspressos,Xuanyu Liu,1263138
2026-06-30T23:08:16.543279,2026-06-30T23:08:16.547799+00:00,72.2,10,bid,FlawlessFlatbreads,Zijun Feng,1263139
2026-06-30T23:08:16.543279,2026-06-30T23:08:16.547799+00:00,72.3,40,bid,FlawlessFlatbreads,DiligentDonuts,1263140
2026-06-30T23:08:18.525187,2026-06-30T23:08:18.530350+00:00,72.2,41,bid,CostlyCorianders,EarnestEspressos,1263171
2026-06-30T23:08:18.655296,2026-06-30T23:08:18.663482+00:00,72.2,50,bid,FlawlessFlatbreads,EarnestEspressos,1263174
2026-06-30T23:08:20.013535,2026-06-30T23:08:20.017545+00:00,71.7,48,ask,EarnestEspressos,CostlyCorianders,1263188
2026-06-30T23:08:20.762445,2026-06-30T23:08:20.768008+00:00,72.2,50,bid,FlawlessFlatbreads,DiligentDonuts,1263212
2026-06-30T23:08:21.139256,2026-06-30T23:08:21.146944+00:00,72.1,49,ask,EarnestEspressos,CostlyCorianders,1263216
2026-06-30T23:08:22.867239,2026-06-30T23:08:22.875854+00:00,72.5,10,bid,FlawlessFlatbreads,Zijun Feng,1263231
2026-06-30T23:08:22.867239,2026-06-30T23:08:22.875854+00:00,72.6,40,bid,FlawlessFlatbreads,EarnestEspressos,1263232
2026-06-30T23:08:24.367552,2026-06-30T23:08:24.371403+00:00,72.3,14,ask,DiligentDonuts,Xuanyu Liu,1263267
2026-06-30T23:08:24.974356,2026-06-30T23:08:24.976277+00:00,72.6,10,bid,FlawlessFlatbreads,Zijun Feng,1263276
2026-06-30T23:08:24.974356,2026-06-30T23:08:24.986545+00:00,72.7,40,bid,FlawlessFlatbreads,EarnestEspressos,1263277
2026-06-30T23:08:27.084959,2026-06-30T23:08:27.096164+00:00,72.6,10,bid,FlawlessFlatbreads,Zijun Feng,1263311
2026-06-30T23:08:27.084959,2026-06-30T23:08:27.096164+00:00,72.8,40,bid,FlawlessFlatbreads,DiligentDonuts,1263312
2026-06-30T23:08:28.934299,2026-06-30T23:08:28.945117+00:00,72.7,44,bid,CostlyCorianders,EarnestEspressos,1263345
2026-06-30T23:08:29.219246,2026-06-30T23:08:29.222567+00:00,72.7,50,bid,FlawlessFlatbreads,EarnestEspressos,1263350
2026-06-30T23:08:29.426957,2026-06-30T23:08:29.438006+00:00,72.7,42,bid,CostlyCorianders,EarnestEspressos,1263358
2026-06-30T23:08:29.973225,2026-06-30T23:08:29.981810+00:00,72.2,42,ask,EarnestEspressos,CostlyCorianders,1263368
2026-06-30T23:08:30.256176,2026-06-30T23:08:30.260013+00:00,72.5,3,ask,EarnestEspressos,Xuanyu Liu,1263372
2026-06-30T23:08:31.328862,2026-06-30T23:08:31.342081+00:00,72.6,50,bid,FlawlessFlatbreads,DiligentDonuts,1263386
2026-06-30T23:08:32.415345,2026-06-30T23:08:32.420249+00:00,72.6,43,bid,CostlyCorianders,DiligentDonuts,1263399
2026-06-30T23:08:33.406152,2026-06-30T23:08:33.411774+00:00,72.6,7,bid,EarnestEspressos,DiligentDonuts,1263412
2026-06-30T23:08:33.406152,2026-06-30T23:08:33.411774+00:00,72.6,10,bid,EarnestEspressos,Zijun Feng,1263413
2026-06-30T23:08:33.511886,2026-06-30T23:08:33.513814+00:00,72.6,50,ask,EarnestEspressos,FlawlessFlatbreads,1263417
2026-06-30T23:08:33.604104,2026-06-30T23:08:33.605814+00:00,72.6,48,ask,EarnestEspressos,CostlyCorianders,1263419
2026-06-30T23:08:34.628533,2026-06-30T23:08:34.640124+00:00,72.6,35,ask,EarnestEspressos,CostlyCorianders,1263446
2026-06-30T23:08:34.628533,2026-06-30T23:08:34.640124+00:00,72.5,12,ask,DiligentDonuts,CostlyCorianders,1263447
2026-06-30T23:08:35.641509,2026-06-30T23:08:35.643256+00:00,72.5,50,ask,DiligentDonuts,FlawlessFlatbreads,1263463
2026-06-30T23:08:36.623662,2026-06-30T23:08:36.625642+00:00,72.5,38,ask,DiligentDonuts,EarnestEspressos,1263482
2026-06-30T23:08:37.468575,2026-06-30T23:08:37.472153+00:00,72.3,3,bid,Xuanyu Liu,EarnestEspressos,1263495
2026-06-30T23:08:37.696414,2026-06-30T23:08:37.698163+00:00,72.3,50,bid,FlawlessFlatbreads,EarnestEspressos,1263500
2026-06-30T23:08:39.802678,2026-06-30T23:08:39.809192+00:00,72.6,50,bid,FlawlessFlatbreads,DiligentDonuts,1263536
2026-06-30T23:08:42.898293,2026-06-30T23:08:42.900245+00:00,72.8,41,bid,CostlyCorianders,DiligentDonuts,1263590
2026-06-30T23:08:43.523965,2026-06-30T23:08:43.527062+00:00,72.6,10,bid,CostlyCorianders,Zijun Feng,1263604
2026-06-30T23:08:43.523965,2026-06-30T23:08:43.527062+00:00,72.7,31,bid,CostlyCorianders,EarnestEspressos,1263605
2026-06-30T23:08:44.067484,2026-06-30T23:08:44.070153+00:00,72.4,50,ask,DiligentDonuts,FlawlessFlatbreads,1263612
2026-06-30T23:08:46.173483,2026-06-30T23:08:46.184309+00:00,72.4,50,ask,DiligentDonuts,FlawlessFlatbreads,1263654
2026-06-30T23:08:46.631462,2026-06-30T23:08:46.635124+00:00,72.4,3,ask,EarnestEspressos,Xuanyu Liu,1263663
2026-06-30T23:08:47.239388,2026-06-30T23:08:47.243566+00:00,72.4,11,ask,EarnestEspressos,Xuanyu Liu,1263673
2026-06-30T23:08:48.281300,2026-06-30T23:08:48.290411+00:00,72.4,50,ask,EarnestEspressos,FlawlessFlatbreads,1263699
2026-06-30T23:08:50.393439,2026-06-30T23:08:50.405224+00:00,72.3,50,ask,EarnestEspressos,FlawlessFlatbreads,1263750
2026-06-30T23:08:52.454006,2026-06-30T23:08:52.457878+00:00,72.4,11,bid,Xuanyu Liu,EarnestEspressos,1263785
2026-06-30T23:08:52.499435,2026-06-30T23:08:52.509153+00:00,72.2,50,ask,DiligentDonuts,FlawlessFlatbreads,1263786
2026-06-30T23:08:52.896384,2026-06-30T23:08:52.898538+00:00,72.0,49,ask,DiligentDonuts,CostlyCorianders,1263787
2026-06-30T23:08:53.950745,2026-06-30T23:08:53.955831+00:00,72.0,49,ask,DiligentDonuts,CostlyCorianders,1263802
2026-06-30T23:08:54.604756,2026-06-30T23:08:54.612090+00:00,72.0,2,ask,DiligentDonuts,FlawlessFlatbreads,1263813
2026-06-30T23:08:54.604756,2026-06-30T23:08:54.612090+00:00,71.9,48,ask,EarnestEspressos,FlawlessFlatbreads,1263814
2026-06-30T23:08:54.922563,2026-06-30T23:08:54.929871+00:00,72.4,42,bid,CostlyCorianders,EarnestEspressos,1263820
2026-06-30T23:08:55.910690,2026-06-30T23:08:55.914370+00:00,72.1,3,bid,Xuanyu Liu,DiligentDonuts,1263839
2026-06-30T23:08:56.713367,2026-06-30T23:08:56.717008+00:00,72.0,50,ask,EarnestEspressos,FlawlessFlatbreads,1263850
2026-06-30T23:08:57.515912,2026-06-30T23:08:57.519821+00:00,72.1,45,bid,CostlyCorianders,DiligentDonuts,1263864
2026-06-30T23:08:58.419522,2026-06-30T23:08:58.423841+00:00,72.1,3,bid,Xuanyu Liu,DiligentDonuts,1263884
2026-06-30T23:08:58.820883,2026-06-30T23:08:58.826464+00:00,71.9,10,ask,Zijun Feng,FlawlessFlatbreads,1263889
2026-06-30T23:08:58.820883,2026-06-30T23:08:58.826464+00:00,71.8,40,ask,EarnestEspressos,FlawlessFlatbreads,1263890
2026-06-30T23:08:59.348220,2026-06-30T23:08:59.351810+00:00,72.3,47,bid,CostlyCorianders,EarnestEspressos,1263906
2026-06-30T23:09:00.928203,2026-06-30T23:09:00.933843+00:00,71.9,50,ask,DiligentDonuts,FlawlessFlatbreads,1263931
2026-06-30T23:09:03.035005,2026-06-30T23:09:03.043823+00:00,71.9,10,ask,Zijun Feng,FlawlessFlatbreads,1263958
2026-06-30T23:09:03.035005,2026-06-30T23:09:03.043823+00:00,71.8,40,ask,EarnestEspressos,FlawlessFlatbreads,1263959
2026-06-30T23:09:07.198148,2026-06-30T23:09:07.206527+00:00,72.0,50,bid,FlawlessFlatbreads,EarnestEspressos,1264019
2026-06-30T23:09:09.207596,2026-06-30T23:09:09.214373+00:00,71.7,10,ask,Zijun Feng,CostlyCorianders,1264054
2026-06-30T23:09:09.207596,2026-06-30T23:09:09.214373+00:00,71.6,30,ask,EarnestEspressos,CostlyCorianders,1264055
2026-06-30T23:09:09.303270,2026-06-30T23:09:09.306454+00:00,72.0,50,bid,FlawlessFlatbreads,DiligentDonuts,1264058
2026-06-30T23:09:11.803955,2026-06-30T23:09:11.815673+00:00,72.0,49,bid,CostlyCorianders,DiligentDonuts,1264089
2026-06-30T23:09:13.563488,2026-06-30T23:09:13.566775+00:00,71.7,10,ask,Zijun Feng,FlawlessFlatbreads,1264113
2026-06-30T23:09:13.563488,2026-06-30T23:09:13.566775+00:00,71.6,40,ask,EarnestEspressos,FlawlessFlatbreads,1264114
2026-06-30T23:09:13.908929,2026-06-30T23:09:13.916806+00:00,71.6,48,ask,EarnestEspressos,CostlyCorianders,1264121
2026-06-30T23:09:14.608742,2026-06-30T23:09:14.625148+00:00,71.6,10,ask,Zijun Feng,EarnestEspressos,1264135
2026-06-30T23:09:14.620857,2026-06-30T23:09:14.625148+00:00,71.6,23,bid,Xuanyu Liu,EarnestEspressos,1264137
2026-06-30T23:09:14.811954,2026-06-30T23:09:14.819900+00:00,71.6,100,bid,DiligentDonuts,EarnestEspressos,1264138
2026-06-30T23:09:15.473845,2026-06-30T23:09:15.477766+00:00,71.6,11,bid,Xuanyu Liu,EarnestEspressos,1264150
2026-06-30T23:09:15.680789,2026-06-30T23:09:15.694869+00:00,71.2,10,ask,Zijun Feng,FlawlessFlatbreads,1264158
2026-06-30T23:09:15.680789,2026-06-30T23:09:15.694869+00:00,71.1,40,ask,EarnestEspressos,FlawlessFlatbreads,1264159
2026-06-30T23:09:16.493953,2026-06-30T23:09:16.495728+00:00,71.6,6,bid,CostlyCorianders,EarnestEspressos,1264175
2026-06-30T23:09:17.737276,2026-06-30T23:09:17.743911+00:00,72.3,50,bid,FlawlessFlatbreads,DiligentDonuts,1264188
2026-06-30T23:09:19.393874,2026-06-30T23:09:19.397525+00:00,71.7,11,ask,EarnestEspressos,Xuanyu Liu,1264217
2026-06-30T23:09:19.849888,2026-06-30T23:09:19.859228+00:00,72.1,10,bid,FlawlessFlatbreads,Zijun Feng,1264230
2026-06-30T23:09:19.849888,2026-06-30T23:09:19.859228+00:00,72.2,40,bid,FlawlessFlatbreads,EarnestEspressos,1264231
2026-06-30T23:09:20.703751,2026-06-30T23:09:20.711604+00:00,72.1,10,bid,CostlyCorianders,Zijun Feng,1264249
2026-06-30T23:09:20.703751,2026-06-30T23:09:20.711604+00:00,72.2,38,bid,CostlyCorianders,EarnestEspressos,1264250
2026-06-30T23:09:20.891777,2026-06-30T23:09:20.895583+00:00,72.0,12,ask,EarnestEspressos,Xuanyu Liu,1264253
2026-06-30T23:09:21.958502,2026-06-30T23:09:21.961807+00:00,72.3,50,bid,FlawlessFlatbreads,DiligentDonuts,1264266
2026-06-30T23:09:22.346820,2026-06-30T23:09:22.351610+00:00,72.0,46,ask,EarnestEspressos,CostlyCorianders,1264270
2026-06-30T23:09:26.223431,2026-06-30T23:09:26.233810+00:00,72.0,50,ask,DiligentDonuts,FlawlessFlatbreads,1264330
2026-06-30T23:09:29.358207,2026-06-30T23:09:29.362540+00:00,71.8,41,ask,EarnestEspressos,CostlyCorianders,1264374
2026-06-30T23:09:29.869248,2026-06-30T23:09:29.873858+00:00,72.3,46,bid,CostlyCorianders,EarnestEspressos,1264388
2026-06-30T23:09:30.401220,2026-06-30T23:09:30.407343+00:00,72.3,50,bid,FlawlessFlatbreads,DiligentDonuts,1264403
2026-06-30T23:09:31.160348,2026-06-30T23:09:31.163721+00:00,71.9,10,ask,Zijun Feng,Xuanyu Liu,1264421
2026-06-30T23:09:31.179519,2026-06-30T23:09:31.182798+00:00,71.8,1,ask,DiligentDonuts,Xuanyu Liu,1264423
2026-06-30T23:09:31.320310,2026-06-30T23:09:31.326269+00:00,71.8,45,ask,DiligentDonuts,CostlyCorianders,1264427
2026-06-30T23:09:33.027127,2026-06-30T23:09:33.034626+00:00,71.8,42,ask,DiligentDonuts,CostlyCorianders,1264451
2026-06-30T23:09:34.620843,2026-06-30T23:09:34.622631+00:00,71.9,50,bid,FlawlessFlatbreads,DiligentDonuts,1264486
2026-06-30T23:09:34.690410,2026-06-30T23:09:34.694191+00:00,71.9,40,bid,CostlyCorianders,DiligentDonuts,1264487
2026-06-30T23:09:35.160239,2026-06-30T23:09:35.163892+00:00,71.9,10,bid,CostlyCorianders,DiligentDonuts,1264494
2026-06-30T23:09:35.160239,2026-06-30T23:09:35.163892+00:00,72.0,34,bid,CostlyCorianders,EarnestEspressos,1264495
2026-06-30T23:09:36.779242,2026-06-30T23:09:36.786293+00:00,71.8,50,ask,EarnestEspressos,FlawlessFlatbreads,1264514
2026-06-30T23:09:37.714447,2026-06-30T23:09:37.718129+00:00,71.9,3,ask,DiligentDonuts,Xuanyu Liu,1264539
2026-06-30T23:09:39.676847,2026-06-30T23:09:39.685600+00:00,71.9,46,ask,DiligentDonuts,CostlyCorianders,1264569
2026-06-30T23:09:40.994707,2026-06-30T23:09:40.999585+00:00,71.6,10,ask,Zijun Feng,FlawlessFlatbreads,1264589
2026-06-30T23:09:40.994707,2026-06-30T23:09:40.999585+00:00,71.5,40,ask,EarnestEspressos,FlawlessFlatbreads,1264590
2026-06-30T23:09:43.105629,2026-06-30T23:09:43.115052+00:00,71.6,50,ask,EarnestEspressos,FlawlessFlatbreads,1264618
2026-06-30T23:09:44.309204,2026-06-30T23:09:44.313050+00:00,72.0,3,bid,Xuanyu Liu,DiligentDonuts,1264634
2026-06-30T23:09:45.212612,2026-06-30T23:09:45.223970+00:00,71.7,10,ask,Zijun Feng,FlawlessFlatbreads,1264642
2026-06-30T23:09:45.212612,2026-06-30T23:09:45.223970+00:00,71.6,40,ask,EarnestEspressos,FlawlessFlatbreads,1264643
2026-06-30T23:09:46.265085,2026-06-30T23:09:46.269064+00:00,71.7,23,bid,Xuanyu Liu,EarnestEspressos,1264665
2026-06-30T23:09:46.448210,2026-06-30T23:09:46.452921+00:00,71.7,100,bid,DiligentDonuts,EarnestEspressos,1264667
2026-06-30T23:09:47.321798,2026-06-30T23:09:47.333111+00:00,71.3,10,ask,Zijun Feng,FlawlessFlatbreads,1264675
2026-06-30T23:09:47.321798,2026-06-30T23:09:47.333111+00:00,71.2,40,ask,EarnestEspressos,FlawlessFlatbreads,1264676
2026-06-30T23:09:50.268955,2026-06-30T23:09:50.279756+00:00,71.9,43,bid,CostlyCorianders,EarnestEspressos,1264724
2026-06-30T23:09:50.886991,2026-06-30T23:09:50.892772+00:00,71.9,46,bid,CostlyCorianders,EarnestEspressos,1264729
2026-06-30T23:09:52.535530,2026-06-30T23:09:52.541626+00:00,71.9,100,bid,EarnestEspressos,DiligentDonuts,1264749
2026-06-30T23:09:52.941973,2026-06-30T23:09:52.952148+00:00,71.9,40,ask,EarnestEspressos,CostlyCorianders,1264753
2026-06-30T23:09:53.905970,2026-06-30T23:09:53.916965+00:00,71.9,10,ask,EarnestEspressos,CostlyCorianders,1264763
2026-06-30T23:09:53.905970,2026-06-30T23:09:53.916965+00:00,71.9,37,ask,DiligentDonuts,CostlyCorianders,1264764
2026-06-30T23:09:54.792729,2026-06-30T23:09:54.796461+00:00,71.9,12,ask,DiligentDonuts,Xuanyu Liu,1264774
2026-06-30T23:09:55.691149,2026-06-30T23:09:55.695842+00:00,72.3,10,bid,FlawlessFlatbreads,Zijun Feng,1264795
2026-06-30T23:09:55.691149,2026-06-30T23:09:55.695842+00:00,72.4,40,bid,FlawlessFlatbreads,DiligentDonuts,1264796
2026-06-30T23:09:55.767123,2026-06-30T23:09:55.777940+00:00,71.9,51,ask,DiligentDonuts,EarnestEspressos,1264799
2026-06-30T23:09:57.411922,2026-06-30T23:09:57.415372+00:00,71.7,12,bid,Xuanyu Liu,EarnestEspressos,1264822
2026-06-30T23:09:57.798407,2026-06-30T23:09:57.804480+00:00,71.7,50,bid,FlawlessFlatbreads,EarnestEspressos,1264833
2026-06-30T23:09:57.872268,2026-06-30T23:09:57.876011+00:00,71.7,37,bid,CostlyCorianders,EarnestEspressos,1264834
2026-06-30T23:09:57.872268,2026-06-30T23:09:57.876011+00:00,72.0,6,bid,CostlyCorianders,DiligentDonuts,1264835
2026-06-30T23:09:59.344152,2026-06-30T23:09:59.354583+00:00,72.0,48,bid,CostlyCorianders,DiligentDonuts,1264864
2026-06-30T23:10:00.037697,2026-06-30T23:10:00.041712+00:00,71.7,12,ask,EarnestEspressos,Xuanyu Liu,1264881
2026-06-30T23:10:02.064509,2026-06-30T23:10:02.072949+00:00,71.6,50,ask,EarnestEspressos,FlawlessFlatbreads,1264917
2026-06-30T23:10:04.173759,2026-06-30T23:10:04.183708+00:00,71.6,50,ask,EarnestEspressos,FlawlessFlatbreads,1264946
2026-06-30T23:10:04.227489,2026-06-30T23:10:04.234887+00:00,71.6,45,ask,EarnestEspressos,CostlyCorianders,1264948
2026-06-30T23:10:05.250794,2026-06-30T23:10:05.265586+00:00,71.6,100,ask,DiligentDonuts,EarnestEspressos,1264967
2026-06-30T23:10:05.262359,2026-06-30T23:10:05.265586+00:00,71.5,12,bid,Xuanyu Liu,EarnestEspressos,1264969
2026-06-30T23:10:05.974346,2026-06-30T23:10:05.978066+00:00,71.5,11,bid,Xuanyu Liu,EarnestEspressos,1264989
2026-06-30T23:10:06.228197,2026-06-30T23:10:06.233676+00:00,71.5,27,bid,FlawlessFlatbreads,EarnestEspressos,1264992
2026-06-30T23:10:06.228197,2026-06-30T23:10:06.233676+00:00,71.8,23,bid,FlawlessFlatbreads,DiligentDonuts,1264993
2026-06-30T23:10:07.372697,2026-06-30T23:10:07.377525+00:00,71.8,44,bid,CostlyCorianders,DiligentDonuts,1265007
2026-06-30T23:10:08.339302,2026-06-30T23:10:08.349889+00:00,71.8,33,bid,FlawlessFlatbreads,DiligentDonuts,1265027
2026-06-30T23:10:08.448469,2026-06-30T23:10:08.452315+00:00,71.8,23,ask,EarnestEspressos,Xuanyu Liu,1265031
2026-06-30T23:10:09.197042,2026-06-30T23:10:09.200877+00:00,71.8,14,ask,EarnestEspressos,Xuanyu Liu,1265041
2026-06-30T23:10:10.448100,2026-06-30T23:10:10.459591+00:00,72.1,10,bid,FlawlessFlatbreads,Zijun Feng,1265063
2026-06-30T23:10:10.448100,2026-06-30T23:10:10.459591+00:00,72.2,40,bid,FlawlessFlatbreads,DiligentDonuts,1265064
2026-06-30T23:10:10.949960,2026-06-30T23:10:10.960980+00:00,71.8,43,ask,EarnestEspressos,CostlyCorianders,1265070
2026-06-30T23:10:11.599817,2026-06-30T23:10:11.604900+00:00,71.7,100,ask,DiligentDonuts,EarnestEspressos,1265083
2026-06-30T23:10:12.558491,2026-06-30T23:10:12.565583+00:00,71.6,10,bid,FlawlessFlatbreads,Zijun Feng,1265094
2026-06-30T23:10:12.558491,2026-06-30T23:10:12.565583+00:00,71.7,40,bid,FlawlessFlatbreads,EarnestEspressos,1265095
2026-06-30T23:10:14.664913,2026-06-30T23:10:14.673483+00:00,71.8,50,bid,EarnestEspressos,DiligentDonuts,1265130
2026-06-30T23:10:14.713241,2026-06-30T23:10:14.724594+00:00,71.8,50,bid,FlawlessFlatbreads,DiligentDonuts,1265131
2026-06-30T23:10:16.770286,2026-06-30T23:10:16.780772+00:00,72.0,10,bid,FlawlessFlatbreads,Zijun Feng,1265165
2026-06-30T23:10:16.770286,2026-06-30T23:10:16.780772+00:00,72.1,40,bid,FlawlessFlatbreads,DiligentDonuts,1265166
2026-06-30T23:10:16.934484,2026-06-30T23:10:16.945079+00:00,71.8,42,ask,EarnestEspressos,CostlyCorianders,1265169
2026-06-30T23:10:20.783997,2026-06-30T23:10:20.791361+00:00,71.8,46,ask,DiligentDonuts,CostlyCorianders,1265222
2026-06-30T23:10:23.090313,2026-06-30T23:10:23.093649+00:00,72.0,10,bid,FlawlessFlatbreads,Zijun Feng,1265265
2026-06-30T23:10:23.090313,2026-06-30T23:10:23.103879+00:00,72.1,40,bid,FlawlessFlatbreads,EarnestEspressos,1265266
2026-06-30T23:10:24.252766,2026-06-30T23:10:24.259889+00:00,71.8,100,ask,DiligentDonuts,EarnestEspressos,1265285
2026-06-30T23:10:24.673447,2026-06-30T23:10:24.678555+00:00,71.6,47,bid,CostlyCorianders,DiligentDonuts,1265288
2026-06-30T23:10:24.909701,2026-06-30T23:10:24.913533+00:00,71.6,3,bid,Xuanyu Liu,DiligentDonuts,1265292
2026-06-30T23:10:25.198849,2026-06-30T23:10:25.210253+00:00,71.6,50,bid,FlawlessFlatbreads,DiligentDonuts,1265302
2026-06-30T23:10:27.426129,2026-06-30T23:10:27.429767+00:00,72.0,3,ask,EarnestEspressos,Xuanyu Liu,1265346
2026-06-30T23:10:28.049074,2026-06-30T23:10:28.053646+00:00,72.2,49,bid,CostlyCorianders,DiligentDonuts,1265359
2026-06-30T23:10:28.331274,2026-06-30T23:10:28.335070+00:00,72.0,3,ask,EarnestEspressos,Xuanyu Liu,1265365
2026-06-30T23:10:29.437725,2026-06-30T23:10:29.441022+00:00,72.2,50,bid,FlawlessFlatbreads,DiligentDonuts,1265384
2026-06-30T23:10:31.336678,2026-06-30T23:10:31.341175+00:00,71.8,48,ask,EarnestEspressos,CostlyCorianders,1265418
2026-06-30T23:10:31.596999,2026-06-30T23:10:31.607699+00:00,71.8,50,ask,EarnestEspressos,FlawlessFlatbreads,1265420
2026-06-30T23:10:31.877407,2026-06-30T23:10:31.883772+00:00,71.8,49,ask,EarnestEspressos,CostlyCorianders,1265422
2026-06-30T23:10:33.703918,2026-06-30T23:10:33.706824+00:00,71.7,50,ask,DiligentDonuts,EarnestEspressos,1265464
2026-06-30T23:10:33.743773,2026-06-30T23:10:33.772220+00:00,71.7,50,ask,DiligentDonuts,FlawlessFlatbreads,1265465
2026-06-30T23:10:33.768070,2026-06-30T23:10:33.772220+00:00,71.5,3,bid,Xuanyu Liu,EarnestEspressos,1265467
2026-06-30T23:10:33.796004,2026-06-30T23:10:33.799848+00:00,71.5,14,bid,Xuanyu Liu,EarnestEspressos,1265470
2026-06-30T23:10:33.890164,2026-06-30T23:10:33.892075+00:00,71.5,83,bid,DiligentDonuts,EarnestEspressos,1265472
2026-06-30T23:10:34.094696,2026-06-30T23:10:34.099132+00:00,71.6,14,ask,DiligentDonuts,Xuanyu Liu,1265478
2026-06-30T23:10:35.810639,2026-06-30T23:10:35.822246+00:00,71.6,3,ask,DiligentDonuts,FlawlessFlatbreads,1265518
2026-06-30T23:10:35.810639,2026-06-30T23:10:35.822246+00:00,71.0,47,ask,EarnestEspressos,FlawlessFlatbreads,1265519
2026-06-30T23:10:37.104090,2026-06-30T23:10:37.109644+00:00,71.5,100,ask,EarnestEspressos,DiligentDonuts,1265553
2026-06-30T23:10:37.918731,2026-06-30T23:10:37.923042+00:00,71.5,50,ask,EarnestEspressos,FlawlessFlatbreads,1265562
2026-06-30T23:10:38.937183,2026-06-30T23:10:38.940371+00:00,72.0,45,bid,CostlyCorianders,EarnestEspressos,1265570
2026-06-30T23:10:40.026953,2026-06-30T23:10:40.032541+00:00,71.0,50,ask,DiligentDonuts,FlawlessFlatbreads,1265588
2026-06-30T23:10:41.809881,2026-06-30T23:10:41.814088+00:00,71.5,45,bid,CostlyCorianders,EarnestEspressos,1265610
2026-06-30T23:10:42.132655,2026-06-30T23:10:42.140876+00:00,71.1,10,ask,Zijun Feng,FlawlessFlatbreads,1265613
2026-06-30T23:10:42.132655,2026-06-30T23:10:42.140876+00:00,71.0,40,ask,EarnestEspressos,FlawlessFlatbreads,1265614
2026-06-30T23:10:44.241077,2026-06-30T23:10:44.251026+00:00,71.1,50,ask,EarnestEspressos,FlawlessFlatbreads,1265646
2026-06-30T23:10:46.295924,2026-06-30T23:10:46.305208+00:00,71.5,50,bid,FlawlessFlatbreads,DiligentDonuts,1265673
2026-06-30T23:10:46.413994,2026-06-30T23:10:46.417502+00:00,71.3,3,bid,Xuanyu Liu,EarnestEspressos,1265677
2026-06-30T23:10:46.471151,2026-06-30T23:10:46.478971+00:00,71.2,10,ask,Zijun Feng,CostlyCorianders,1265679
2026-06-30T23:10:46.471151,2026-06-30T23:10:46.478971+00:00,71.0,30,ask,DiligentDonuts,CostlyCorianders,1265680
2026-06-30T23:10:46.959849,2026-06-30T23:10:46.970797+00:00,71.3,45,bid,CostlyCorianders,EarnestEspressos,1265688
2026-06-30T23:10:48.402073,2026-06-30T23:10:48.404373+00:00,71.3,50,bid,FlawlessFlatbreads,EarnestEspressos,1265706
2026-06-30T23:10:48.446181,2026-06-30T23:10:48.455659+00:00,71.2,41,ask,DiligentDonuts,CostlyCorianders,1265708
2026-06-30T23:10:50.560660,2026-06-30T23:10:50.567077+00:00,71.1,50,ask,EarnestEspressos,FlawlessFlatbreads,1265740
2026-06-30T23:10:52.615463,2026-06-30T23:10:52.621097+00:00,71.4,50,bid,FlawlessFlatbreads,DiligentDonuts,1265770
2026-06-30T23:10:52.791286,2026-06-30T23:10:52.794804+00:00,71.4,45,bid,CostlyCorianders,DiligentDonuts,1265772
2026-06-30T23:10:54.722406,2026-06-30T23:10:54.729241+00:00,71.4,50,bid,FlawlessFlatbreads,EarnestEspressos,1265809
2026-06-30T23:10:55.205133,2026-06-30T23:10:55.210156+00:00,71.2,48,ask,DiligentDonuts,CostlyCorianders,1265815
2026-06-30T23:10:55.666164,2026-06-30T23:10:55.670475+00:00,71.4,46,bid,CostlyCorianders,EarnestEspressos,1265827
2026-06-30T23:10:56.830067,2026-06-30T23:10:56.838032+00:00,71.8,50,bid,FlawlessFlatbreads,DiligentDonuts,1265843
2026-06-30T23:10:58.935709,2026-06-30T23:10:58.946708+00:00,71.8,50,bid,FlawlessFlatbreads,DiligentDonuts,1265879
2026-06-30T23:11:00.294314,2026-06-30T23:11:00.297717+00:00,71.5,3,ask,EarnestEspressos,Xuanyu Liu,1265897
2026-06-30T23:11:01.042643,2026-06-30T23:11:01.045489+00:00,71.9,10,bid,FlawlessFlatbreads,Zijun Feng,1265919
2026-06-30T23:11:01.042643,2026-06-30T23:11:01.045489+00:00,72.0,40,bid,FlawlessFlatbreads,EarnestEspressos,1265920
2026-06-30T23:11:03.149104,2026-06-30T23:11:03.155129+00:00,72.0,10,bid,FlawlessFlatbreads,Zijun Feng,1265952
2026-06-30T23:11:04.486281,2026-06-30T23:11:04.495519+00:00,71.7,45,ask,EarnestEspressos,CostlyCorianders,1265970
2026-06-30T23:11:04.978782,2026-06-30T23:11:04.987505+00:00,72.0,10,bid,CostlyCorianders,Zijun Feng,1265973
2026-06-30T23:11:04.978782,2026-06-30T23:11:04.987505+00:00,72.1,34,bid,CostlyCorianders,DiligentDonuts,1265974
2026-06-30T23:11:05.034995,2026-06-30T23:11:05.038979+00:00,71.7,41,ask,EarnestEspressos,CostlyCorianders,1265976
2026-06-30T23:11:06.149657,2026-06-30T23:11:06.158092+00:00,71.8,48,ask,DiligentDonuts,CostlyCorianders,1265992
2026-06-30T23:11:07.416598,2026-06-30T23:11:07.427399+00:00,71.8,50,ask,DiligentDonuts,FlawlessFlatbreads,1266015
2026-06-30T23:11:07.739252,2026-06-30T23:11:07.745209+00:00,71.8,2,ask,DiligentDonuts,CostlyCorianders,1266027
2026-06-30T23:11:09.523073,2026-06-30T23:11:09.527303+00:00,71.4,50,ask,DiligentDonuts,FlawlessFlatbreads,1266068
2026-06-30T23:11:11.495693,2026-06-30T23:11:11.505648+00:00,71.8,41,bid,CostlyCorianders,EarnestEspressos,1266102
2026-06-30T23:11:11.578685,2026-06-30T23:11:11.587373+00:00,71.8,50,bid,FlawlessFlatbreads,EarnestEspressos,1266103
2026-06-30T23:11:12.076717,2026-06-30T23:11:12.081095+00:00,71.8,3,ask,EarnestEspressos,Xuanyu Liu,1266114
2026-06-30T23:11:12.446859,2026-06-30T23:11:12.449745+00:00,71.8,40,ask,EarnestEspressos,CostlyCorianders,1266117
2026-06-30T23:11:13.686012,2026-06-30T23:11:13.688530+00:00,71.9,50,bid,FlawlessFlatbreads,DiligentDonuts,1266132
2026-06-30T23:11:15.811490,2026-06-30T23:11:15.820206+00:00,71.8,50,bid,FlawlessFlatbreads,DiligentDonuts,1266181
2026-06-30T23:11:16.010340,2026-06-30T23:11:16.014405+00:00,71.8,3,bid,Xuanyu Liu,DiligentDonuts,1266186
2026-06-30T23:11:17.111092,2026-06-30T23:11:17.119096+00:00,71.8,44,bid,CostlyCorianders,DiligentDonuts,1266209
2026-06-30T23:11:17.917775,2026-06-30T23:11:17.927104+00:00,71.8,3,bid,FlawlessFlatbreads,DiligentDonuts,1266224
2026-06-30T23:11:17.917775,2026-06-30T23:11:17.927104+00:00,71.9,47,bid,FlawlessFlatbreads,EarnestEspressos,1266225
2026-06-30T23:11:20.102923,2026-06-30T23:11:20.107536+00:00,71.8,50,ask,EarnestEspressos,FlawlessFlatbreads,1266258
2026-06-30T23:11:21.250876,2026-06-30T23:11:21.254276+00:00,71.8,3,ask,DiligentDonuts,Xuanyu Liu,1266271
2026-06-30T23:11:22.217581,2026-06-30T23:11:22.226843+00:00,71.6,50,ask,DiligentDonuts,FlawlessFlatbreads,1266282
2026-06-30T23:11:23.868613,2026-06-30T23:11:23.872241+00:00,71.9,3,bid,Xuanyu Liu,Zijun Feng,1266306
2026-06-30T23:11:23.885086,2026-06-30T23:11:23.892722+00:00,71.6,46,ask,DiligentDonuts,CostlyCorianders,1266307
2026-06-30T23:11:24.274967,2026-06-30T23:11:24.281674+00:00,71.9,7,bid,FlawlessFlatbreads,Zijun Feng,1266317
2026-06-30T23:11:24.274967,2026-06-30T23:11:24.281674+00:00,72.1,43,bid,FlawlessFlatbreads,DiligentDonuts,1266318
2026-06-30T23:11:26.384413,2026-06-30T23:11:26.393430+00:00,72.2,10,bid,FlawlessFlatbreads,Zijun Feng,1266358
2026-06-30T23:11:26.384413,2026-06-30T23:11:26.393430+00:00,72.3,40,bid,FlawlessFlatbreads,EarnestEspressos,1266359
2026-06-30T23:11:28.495290,2026-06-30T23:11:28.501083+00:00,72.2,50,bid,FlawlessFlatbreads,DiligentDonuts,1266389
2026-06-30T23:11:30.600101,2026-06-30T23:11:30.606089+00:00,72.2,50,bid,FlawlessFlatbreads,DiligentDonuts,1266430
2026-06-30T23:11:31.422215,2026-06-30T23:11:31.428442+00:00,72.2,47,ask,DiligentDonuts,CostlyCorianders,1266443
2026-06-30T23:11:31.722592,2026-06-30T23:11:31.725822+00:00,72.2,3,ask,DiligentDonuts,Xuanyu Liu,1266447
2026-06-30T23:11:32.756002,2026-06-30T23:11:32.764417+00:00,72.2,50,ask,DiligentDonuts,FlawlessFlatbreads,1266460
2026-06-30T23:11:35.095643,2026-06-30T23:11:35.098318+00:00,72.3,43,bid,CostlyCorianders,DiligentDonuts,1266493
2026-06-30T23:11:36.922434,2026-06-30T23:11:36.925237+00:00,72.3,50,bid,FlawlessFlatbreads,DiligentDonuts,1266520
2026-06-30T23:11:39.082368,2026-06-30T23:11:39.089938+00:00,72.2,50,ask,EarnestEspressos,FlawlessFlatbreads,1266559
2026-06-30T23:11:41.188523,2026-06-30T23:11:41.190673+00:00,72.7,48,bid,CostlyCorianders,EarnestEspressos,1266591
2026-06-30T23:11:41.191702,2026-06-30T23:11:41.200987+00:00,72.5,50,ask,DiligentDonuts,FlawlessFlatbreads,1266592
2026-06-30T23:11:41.242554,2026-06-30T23:11:41.252592+00:00,72.5,45,ask,DiligentDonuts,CostlyCorianders,1266596
2026-06-30T23:11:42.754097,2026-06-30T23:11:42.757058+00:00,72.5,5,ask,DiligentDonuts,CostlyCorianders,1266609
2026-06-30T23:11:45.140183,2026-06-30T23:11:45.143662+00:00,72.6,47,bid,CostlyCorianders,DiligentDonuts,1266643
2026-06-30T23:11:45.401129,2026-06-30T23:11:45.410620+00:00,72.3,50,ask,EarnestEspressos,FlawlessFlatbreads,1266648
2026-06-30T23:11:45.789516,2026-06-30T23:11:45.799428+00:00,72.6,47,bid,CostlyCorianders,DiligentDonuts,1266650
2026-06-30T23:11:47.275157,2026-06-30T23:11:47.277209+00:00,72.6,49,ask,DiligentDonuts,CostlyCorianders,1266669
2026-06-30T23:11:47.509081,2026-06-30T23:11:47.513277+00:00,72.6,50,ask,DiligentDonuts,FlawlessFlatbreads,1266673
2026-06-30T23:11:48.291557,2026-06-30T23:11:48.302202+00:00,72.6,1,ask,DiligentDonuts,CostlyCorianders,1266678
2026-06-30T23:11:48.291557,2026-06-30T23:11:48.302202+00:00,72.3,43,ask,EarnestEspressos,CostlyCorianders,1266679
2026-06-30T23:11:51.722197,2026-06-30T23:11:51.727007+00:00,72.3,50,ask,DiligentDonuts,FlawlessFlatbreads,1266717
2026-06-30T23:11:53.829086,2026-06-30T23:11:53.839718+00:00,72.1,50,ask,DiligentDonuts,FlawlessFlatbreads,1266746
2026-06-30T23:11:53.840443,2026-06-30T23:11:53.850082+00:00,72.5,44,bid,CostlyCorianders,EarnestEspressos,1266748
2026-06-30T23:11:55.936498,2026-06-30T23:11:55.942815+00:00,72.1,50,ask,DiligentDonuts,FlawlessFlatbreads,1266769
2026-06-30T23:11:56.157533,2026-06-30T23:11:56.169250+00:00,72.1,100,ask,EarnestEspressos,DiligentDonuts,1266772
2026-06-30T23:11:56.264118,2026-06-30T23:11:56.271652+00:00,72.1,49,ask,EarnestEspressos,CostlyCorianders,1266776
2026-06-30T23:11:56.797053,2026-06-30T23:11:56.804493+00:00,72.6,42,bid,CostlyCorianders,EarnestEspressos,1266782
2026-06-30T23:11:57.747388,2026-06-30T23:11:57.758839+00:00,72.6,45,bid,CostlyCorianders,EarnestEspressos,1266791
2026-06-30T23:11:58.042857,2026-06-30T23:11:58.045858+00:00,72.1,1,ask,EarnestEspressos,FlawlessFlatbreads,1266797
2026-06-30T23:11:58.042857,2026-06-30T23:11:58.056145+00:00,71.6,49,ask,DiligentDonuts,FlawlessFlatbreads,1266798
2026-06-30T23:11:59.329668,2026-06-30T23:11:59.333094+00:00,72.2,3,bid,Xuanyu Liu,DiligentDonuts,1266815
2026-06-30T23:12:02.204901,2026-06-30T23:12:02.214476+00:00,72.2,50,bid,FlawlessFlatbreads,DiligentDonuts,1266855
2026-06-30T23:12:04.311870,2026-06-30T23:12:04.315656+00:00,72.2,50,bid,FlawlessFlatbreads,EarnestEspressos,1266886
2026-06-30T23:12:06.425558,2026-06-30T23:12:06.431529+00:00,72.4,50,bid,FlawlessFlatbreads,DiligentDonuts,1266913
2026-06-30T23:12:08.532396,2026-06-30T23:12:08.541254+00:00,72.4,50,bid,FlawlessFlatbreads,DiligentDonuts,1266949
2026-06-30T23:12:10.638336,2026-06-30T23:12:10.645768+00:00,72.4,50,bid,FlawlessFlatbreads,EarnestEspressos,1266970
2026-06-30T23:12:12.744586,2026-06-30T23:12:12.756288+00:00,72.6,50,bid,FlawlessFlatbreads,EarnestEspressos,1266997
2026-06-30T23:12:14.851774,2026-06-30T23:12:14.856577+00:00,72.6,50,bid,FlawlessFlatbreads,EarnestEspressos,1267037
2026-06-30T23:12:14.986320,2026-06-30T23:12:14.990595+00:00,72.4,3,ask,EarnestEspressos,Xuanyu Liu,1267044
2026-06-30T23:12:15.218146,2026-06-30T23:12:15.226076+00:00,72.4,42,ask,EarnestEspressos,CostlyCorianders,1267048
2026-06-30T23:12:15.839121,2026-06-30T23:12:15.850014+00:00,72.4,44,ask,EarnestEspressos,CostlyCorianders,1267059
2026-06-30T23:12:16.246766,2026-06-30T23:12:16.250424+00:00,72.4,11,ask,EarnestEspressos,Xuanyu Liu,1267067
2026-06-30T23:12:16.969255,2026-06-30T23:12:16.978607+00:00,72.6,50,bid,FlawlessFlatbreads,DiligentDonuts,1267081
2026-06-30T23:12:19.077315,2026-06-30T23:12:19.088763+00:00,72.6,50,bid,FlawlessFlatbreads,EarnestEspressos,1267104
2026-06-30T23:12:20.448070,2026-06-30T23:12:20.451683+00:00,72.2,47,ask,DiligentDonuts,CostlyCorianders,1267125
2026-06-30T23:12:21.238383,2026-06-30T23:12:21.242245+00:00,72.2,50,ask,DiligentDonuts,FlawlessFlatbreads,1267137
2026-06-30T23:12:22.803913,2026-06-30T23:12:22.807517+00:00,72.3,11,bid,Xuanyu Liu,DiligentDonuts,1267161
2026-06-30T23:12:23.344329,2026-06-30T23:12:23.351731+00:00,72.1,50,ask,EarnestEspressos,FlawlessFlatbreads,1267172
2026-06-30T23:12:24.145891,2026-06-30T23:12:24.151880+00:00,72.3,46,bid,CostlyCorianders,DiligentDonuts,1267182
2026-06-30T23:12:24.729114,2026-06-30T23:12:24.735604+00:00,72.4,43,bid,CostlyCorianders,EarnestEspressos,1267195
2026-06-30T23:12:25.451256,2026-06-30T23:12:25.454645+00:00,72.0,50,ask,DiligentDonuts,FlawlessFlatbreads,1267210
2026-06-30T23:12:25.651629,2026-06-30T23:12:25.659352+00:00,72.0,47,ask,DiligentDonuts,CostlyCorianders,1267211
2026-06-30T23:12:27.560383,2026-06-30T23:12:27.568931+00:00,72.0,3,ask,DiligentDonuts,FlawlessFlatbreads,1267233
2026-06-30T23:12:27.560383,2026-06-30T23:12:27.568931+00:00,71.9,47,ask,EarnestEspressos,FlawlessFlatbreads,1267234
2026-06-30T23:12:27.730564,2026-06-30T23:12:27.734398+00:00,72.7,44,bid,CostlyCorianders,EarnestEspressos,1267241
2026-06-30T23:12:28.809699,2026-06-30T23:12:28.814991+00:00,72.3,48,bid,CostlyCorianders,DiligentDonuts,1267258
2026-06-30T23:12:29.667824,2026-06-30T23:12:29.675603+00:00,72.2,50,ask,EarnestEspressos,FlawlessFlatbreads,1267267
2026-06-30T23:12:30.647544,2026-06-30T23:12:30.651812+00:00,72.2,11,ask,EarnestEspressos,Xuanyu Liu,1267291
2026-06-30T23:12:31.722787,2026-06-30T23:12:31.727691+00:00,72.2,50,bid,FlawlessFlatbreads,EarnestEspressos,1267304
2026-06-30T23:12:31.961150,2026-06-30T23:12:31.964790+00:00,72.2,11,bid,Xuanyu Liu,EarnestEspressos,1267316
