timestamp,recv_time,price,volume,aggressor_side,buyer,seller,trade_id
2026-07-16T02:15:39.091380,2026-07-16T02:15:39.095078+00:00,65.6,20,ask,,,5813038
2026-07-16T02:15:39.091380,2026-07-16T02:15:39.095078+00:00,65.6,30,ask,,,5813039
2026-07-16T02:15:39.382640,2026-07-16T02:15:39.386844+00:00,65.5,6,ask,,,5813048
2026-07-16T02:15:39.382640,2026-07-16T02:15:39.386844+00:00,65.5,14,ask,,,5813049
2026-07-16T02:15:39.388429,2026-07-16T02:15:39.397193+00:00,65.5,32,ask,,,5813050
2026-07-16T02:15:39.392436,2026-07-16T02:15:39.397193+00:00,65.5,4,ask,,,5813051
2026-07-16T02:15:39.421321,2026-07-16T02:15:39.428203+00:00,65.4,11,ask,,,5813055
2026-07-16T02:15:39.827739,2026-07-16T02:15:39.830827+00:00,65.5,5,ask,,,5813066
2026-07-16T02:15:39.988920,2026-07-16T02:15:39.995578+00:00,65.6,48,bid,,,5813069
2026-07-16T02:15:40.693046,2026-07-16T02:15:40.695961+00:00,65.6,99,bid,,,5813079
2026-07-16T02:15:40.704507,2026-07-16T02:15:40.706290+00:00,65.6,3,bid,,,5813081
2026-07-16T02:15:40.704507,2026-07-16T02:15:40.706290+00:00,65.6,12,bid,,,5813082
2026-07-16T02:15:40.704507,2026-07-16T02:15:40.706290+00:00,65.6,15,bid,,,5813083
2026-07-16T02:15:40.726678,2026-07-16T02:15:40.738038+00:00,65.6,35,bid,,,5813085
2026-07-16T02:15:40.746874,2026-07-16T02:15:40.748368+00:00,65.7,30,bid,,,5813087
2026-07-16T02:15:40.774990,2026-07-16T02:15:40.779253+00:00,65.7,15,bid,,,5813089
2026-07-16T02:15:40.787520,2026-07-16T02:15:40.789616+00:00,65.7,55,bid,,,5813090
2026-07-16T02:15:41.038635,2026-07-16T02:15:41.040647+00:00,65.7,23,bid,,,5813099
2026-07-16T02:15:41.152155,2026-07-16T02:15:41.164872+00:00,65.7,21,bid,,,5813103
2026-07-16T02:15:41.152155,2026-07-16T02:15:41.164872+00:00,65.7,14,bid,,,5813104
2026-07-16T02:15:41.152155,2026-07-16T02:15:41.164872+00:00,65.7,15,bid,,,5813105
2026-07-16T02:15:42.112018,2026-07-16T02:15:42.119995+00:00,65.6,38,ask,,,5813127
2026-07-16T02:15:42.701193,2026-07-16T02:15:42.709598+00:00,65.7,13,bid,,,5813141
2026-07-16T02:15:43.063815,2026-07-16T02:15:43.073340+00:00,65.8,20,bid,,,5813147
2026-07-16T02:15:43.063815,2026-07-16T02:15:43.073340+00:00,65.8,20,bid,,,5813148
2026-07-16T02:15:43.063815,2026-07-16T02:15:43.073340+00:00,65.9,6,bid,,,5813149
2026-07-16T02:15:43.063815,2026-07-16T02:15:43.073340+00:00,65.9,20,bid,,,5813150
2026-07-16T02:15:43.085293,2026-07-16T02:15:43.094020+00:00,65.9,25,ask,,,5813151
2026-07-16T02:15:43.090094,2026-07-16T02:15:43.094020+00:00,65.9,42,ask,,,5813152
2026-07-16T02:15:43.090586,2026-07-16T02:15:43.104409+00:00,65.9,17,ask,,,5813153
2026-07-16T02:15:43.132324,2026-07-16T02:15:43.135617+00:00,65.7,33,ask,,,5813158
2026-07-16T02:15:43.275765,2026-07-16T02:15:43.281071+00:00,66.1,10,bid,,,5813162
2026-07-16T02:15:43.275765,2026-07-16T02:15:43.281071+00:00,66.2,40,bid,,,5813163
2026-07-16T02:15:44.264359,2026-07-16T02:15:44.266901+00:00,65.7,49,ask,,,5813177
2026-07-16T02:15:45.473487,2026-07-16T02:15:45.478201+00:00,65.9,10,ask,,,5813190
2026-07-16T02:15:45.473487,2026-07-16T02:15:45.478201+00:00,65.9,40,ask,,,5813191
2026-07-16T02:15:46.286701,2026-07-16T02:15:46.297873+00:00,66.0,10,bid,,,5813202
2026-07-16T02:15:46.286701,2026-07-16T02:15:46.297873+00:00,66.0,6,bid,,,5813203
2026-07-16T02:15:46.286701,2026-07-16T02:15:46.297873+00:00,66.0,20,bid,,,5813204
2026-07-16T02:15:46.286701,2026-07-16T02:15:46.297873+00:00,66.0,11,bid,,,5813205
2026-07-16T02:15:46.906862,2026-07-16T02:15:46.922845+00:00,65.9,44,ask,,,5813216
2026-07-16T02:15:47.587546,2026-07-16T02:15:47.589789+00:00,65.9,36,ask,,,5813227
2026-07-16T02:15:47.587546,2026-07-16T02:15:47.600249+00:00,65.9,13,ask,,,5813228
2026-07-16T02:15:47.587546,2026-07-16T02:15:47.600249+00:00,65.9,1,ask,,,5813229
2026-07-16T02:15:48.659235,2026-07-16T02:15:48.661440+00:00,66.0,1,bid,,,5813246
2026-07-16T02:15:48.709789,2026-07-16T02:15:48.713681+00:00,66.0,42,bid,,,5813247
2026-07-16T02:15:49.719848,2026-07-16T02:15:49.730864+00:00,65.9,50,ask,,,5813265
2026-07-16T02:15:51.836831,2026-07-16T02:15:51.844042+00:00,65.9,30,ask,,,5813297
2026-07-16T02:15:51.836831,2026-07-16T02:15:51.844042+00:00,65.9,20,ask,,,5813298
2026-07-16T02:15:52.150759,2026-07-16T02:15:52.157359+00:00,66.1,43,bid,,,5813300
2026-07-16T02:15:52.771965,2026-07-16T02:15:52.775153+00:00,66.0,9,bid,,,5813312
2026-07-16T02:15:52.771965,2026-07-16T02:15:52.785609+00:00,66.0,30,bid,,,5813313
2026-07-16T02:15:52.771965,2026-07-16T02:15:52.785609+00:00,66.1,3,bid,,,5813314
2026-07-16T02:15:53.916813,2026-07-16T02:15:53.922138+00:00,65.9,3,ask,,,5813335
2026-07-16T02:15:53.942703,2026-07-16T02:15:53.953611+00:00,65.9,3,ask,,,5813338
2026-07-16T02:15:53.942703,2026-07-16T02:15:53.953611+00:00,65.9,42,ask,,,5813339
2026-07-16T02:15:53.957333,2026-07-16T02:15:53.964087+00:00,65.9,8,ask,,,5813340
2026-07-16T02:15:53.961581,2026-07-16T02:15:53.974584+00:00,65.8,10,ask,,,5813341
2026-07-16T02:15:53.961581,2026-07-16T02:15:53.974584+00:00,65.8,6,ask,,,5813342
2026-07-16T02:15:53.961581,2026-07-16T02:15:53.974584+00:00,65.8,34,ask,,,5813343
2026-07-16T02:15:53.971752,2026-07-16T02:15:53.974584+00:00,65.8,19,ask,,,5813344
2026-07-16T02:15:53.986432,2026-07-16T02:15:53.995925+00:00,65.8,17,ask,,,5813347
2026-07-16T02:15:54.234459,2026-07-16T02:15:54.241490+00:00,65.7,5,ask,,,5813358
2026-07-16T02:15:54.500393,2026-07-16T02:15:54.503210+00:00,65.7,45,ask,,,5813368
2026-07-16T02:15:54.500393,2026-07-16T02:15:54.513774+00:00,65.6,2,ask,,,5813369
2026-07-16T02:15:55.015090,2026-07-16T02:15:55.025697+00:00,65.9,6,bid,,,5813377
2026-07-16T02:15:55.015090,2026-07-16T02:15:55.025697+00:00,66.0,6,bid,,,5813378
2026-07-16T02:15:55.015090,2026-07-16T02:15:55.025697+00:00,66.0,36,bid,,,5813379
2026-07-16T02:15:56.072297,2026-07-16T02:15:56.074239+00:00,65.6,29,ask,,,5813403
2026-07-16T02:15:56.072297,2026-07-16T02:15:56.084701+00:00,65.6,21,ask,,,5813404
2026-07-16T02:15:56.119155,2026-07-16T02:15:56.126270+00:00,66.0,6,bid,,,5813405
2026-07-16T02:15:56.119155,2026-07-16T02:15:56.126270+00:00,66.0,41,bid,,,5813406
2026-07-16T02:15:56.827351,2026-07-16T02:15:56.829803+00:00,65.6,46,ask,,,5813420
2026-07-16T02:15:58.048823,2026-07-16T02:15:58.056570+00:00,65.8,21,ask,,,5813438
2026-07-16T02:15:58.195137,2026-07-16T02:15:58.203079+00:00,65.7,46,ask,,,5813442
2026-07-16T02:15:58.195137,2026-07-16T02:15:58.203079+00:00,65.7,4,ask,,,5813443
2026-07-16T02:15:58.782873,2026-07-16T02:15:58.789617+00:00,65.9,41,bid,,,5813451
2026-07-16T02:15:59.019579,2026-07-16T02:15:59.038600+00:00,65.7,52,ask,,,5813454
2026-07-16T02:15:59.019579,2026-07-16T02:15:59.038600+00:00,65.7,20,ask,,,5813455
2026-07-16T02:15:59.019579,2026-07-16T02:15:59.038600+00:00,65.7,3,ask,,,5813456
2026-07-16T02:15:59.019579,2026-07-16T02:15:59.038600+00:00,65.7,13,ask,,,5813457
2026-07-16T02:15:59.033607,2026-07-16T02:15:59.038600+00:00,65.7,3,bid,,,5813458
2026-07-16T02:15:59.141179,2026-07-16T02:15:59.143944+00:00,65.6,3,bid,,,5813462
2026-07-16T02:15:59.394799,2026-07-16T02:15:59.405551+00:00,65.7,25,bid,,,5813469
2026-07-16T02:15:59.422839,2026-07-16T02:15:59.426719+00:00,65.7,2,bid,,,5813472
2026-07-16T02:15:59.434651,2026-07-16T02:15:59.437213+00:00,65.7,25,bid,,,5813473
2026-07-16T02:15:59.481940,2026-07-16T02:15:59.489686+00:00,65.7,7,bid,,,5813475
2026-07-16T02:15:59.481940,2026-07-16T02:15:59.489686+00:00,65.7,11,bid,,,5813476
2026-07-16T02:15:59.737635,2026-07-16T02:15:59.743437+00:00,65.7,23,bid,,,5813483
2026-07-16T02:15:59.758582,2026-07-16T02:15:59.764494+00:00,65.7,4,bid,,,5813486
2026-07-16T02:15:59.948287,2026-07-16T02:15:59.952946+00:00,65.7,2,bid,,,5813488
2026-07-16T02:15:59.966721,2026-07-16T02:15:59.973944+00:00,65.7,21,bid,,,5813490
2026-07-16T02:15:59.985947,2026-07-16T02:15:59.995167+00:00,65.8,3,bid,,,5813491
2026-07-16T02:16:00.230784,2026-07-16T02:16:00.236655+00:00,65.5,6,ask,,,5813496
2026-07-16T02:16:00.230784,2026-07-16T02:16:00.236655+00:00,65.5,10,ask,,,5813497
2026-07-16T02:16:00.230784,2026-07-16T02:16:00.247187+00:00,65.5,31,ask,,,5813498
2026-07-16T02:16:00.307510,2026-07-16T02:16:00.310029+00:00,65.5,19,ask,,,5813499
2026-07-16T02:16:00.307510,2026-07-16T02:16:00.320503+00:00,65.4,31,ask,,,5813500
2026-07-16T02:16:02.140100,2026-07-16T02:16:02.151636+00:00,65.8,80,bid,,,5813533
2026-07-16T02:16:02.140100,2026-07-16T02:16:02.151636+00:00,65.8,20,bid,,,5813534
2026-07-16T02:16:02.140100,2026-07-16T02:16:02.151636+00:00,65.8,50,bid,,,5813535
2026-07-16T02:16:02.431280,2026-07-16T02:16:02.438111+00:00,65.6,43,ask,,,5813541
2026-07-16T02:16:02.431280,2026-07-16T02:16:02.438111+00:00,65.6,7,ask,,,5813542
2026-07-16T02:16:02.438354,2026-07-16T02:16:02.448596+00:00,65.9,41,bid,,,5813543
2026-07-16T02:16:03.596716,2026-07-16T02:16:03.604185+00:00,65.6,9,ask,,,5813563
2026-07-16T02:16:03.596716,2026-07-16T02:16:03.604185+00:00,65.6,1,ask,,,5813564
2026-07-16T02:16:03.916523,2026-07-16T02:16:03.928513+00:00,65.6,19,ask,,,5813565
2026-07-16T02:16:03.916523,2026-07-16T02:16:03.928513+00:00,65.6,22,ask,,,5813566
2026-07-16T02:16:04.541089,2026-07-16T02:16:04.550168+00:00,65.6,10,ask,,,5813569
2026-07-16T02:16:04.541089,2026-07-16T02:16:04.550168+00:00,65.6,9,ask,,,5813570
2026-07-16T02:16:04.541089,2026-07-16T02:16:04.550168+00:00,65.6,31,ask,,,5813571
2026-07-16T02:16:05.043313,2026-07-16T02:16:05.053387+00:00,65.8,10,bid,,,5813587
2026-07-16T02:16:05.043313,2026-07-16T02:16:05.053387+00:00,65.8,32,bid,,,5813588
2026-07-16T02:16:05.722887,2026-07-16T02:16:05.734413+00:00,65.7,2,bid,,,5813596
2026-07-16T02:16:05.844074,2026-07-16T02:16:05.849232+00:00,65.7,3,bid,,,5813603
2026-07-16T02:16:05.844325,2026-07-16T02:16:05.859957+00:00,65.7,40,bid,,,5813604
2026-07-16T02:16:05.866138,2026-07-16T02:16:05.870563+00:00,65.7,100,bid,,,5813607
2026-07-16T02:16:05.871919,2026-07-16T02:16:05.881145+00:00,65.7,3,bid,,,5813608
2026-07-16T02:16:05.881325,2026-07-16T02:16:05.891673+00:00,65.7,2,bid,,,5813609
2026-07-16T02:16:05.881325,2026-07-16T02:16:05.891673+00:00,65.7,28,bid,,,5813610
2026-07-16T02:16:05.889635,2026-07-16T02:16:05.891673+00:00,65.7,22,bid,,,5813611
2026-07-16T02:16:05.889635,2026-07-16T02:16:05.902189+00:00,65.7,20,bid,,,5813612
2026-07-16T02:16:05.889635,2026-07-16T02:16:05.902189+00:00,65.7,16,bid,,,5813613
2026-07-16T02:16:05.908023,2026-07-16T02:16:05.912723+00:00,65.8,57,bid,,,5813616
2026-07-16T02:16:05.931543,2026-07-16T02:16:05.944520+00:00,65.8,1,bid,,,5813619
2026-07-16T02:16:05.943135,2026-07-16T02:16:05.955165+00:00,65.8,12,bid,,,5813621
2026-07-16T02:16:06.040784,2026-07-16T02:16:06.056569+00:00,65.9,18,bid,,,5813635
2026-07-16T02:16:06.178932,2026-07-16T02:16:06.183252+00:00,66.0,49,bid,,,5813637
2026-07-16T02:16:06.674117,2026-07-16T02:16:06.685779+00:00,65.8,10,ask,,,5813640
2026-07-16T02:16:06.674117,2026-07-16T02:16:06.685779+00:00,65.8,40,ask,,,5813641
2026-07-16T02:16:06.763485,2026-07-16T02:16:06.770005+00:00,65.9,2,bid,,,5813642
2026-07-16T02:16:06.929079,2026-07-16T02:16:06.933807+00:00,65.8,3,ask,,,5813646
2026-07-16T02:16:06.962462,2026-07-16T02:16:06.965673+00:00,65.8,28,ask,,,5813650
2026-07-16T02:16:06.971804,2026-07-16T02:16:06.976202+00:00,65.8,9,ask,,,5813651
2026-07-16T02:16:06.971804,2026-07-16T02:16:06.976202+00:00,65.8,21,ask,,,5813652
2026-07-16T02:16:07.011830,2026-07-16T02:16:07.018389+00:00,65.8,29,ask,,,5813654
2026-07-16T02:16:07.011830,2026-07-16T02:16:07.018389+00:00,65.8,1,ask,,,5813655
2026-07-16T02:16:07.035997,2026-07-16T02:16:07.039490+00:00,65.8,20,ask,,,5813657
2026-07-16T02:16:08.199654,2026-07-16T02:16:08.202442+00:00,65.7,10,bid,,,5813687
2026-07-16T02:16:08.199654,2026-07-16T02:16:08.213033+00:00,65.7,19,bid,,,5813688
2026-07-16T02:16:08.304761,2026-07-16T02:16:08.307463+00:00,65.7,19,bid,,,5813691
2026-07-16T02:16:08.315700,2026-07-16T02:16:08.318077+00:00,65.8,10,bid,,,5813692
2026-07-16T02:16:08.315700,2026-07-16T02:16:08.328709+00:00,65.8,1,bid,,,5813693
2026-07-16T02:16:08.518245,2026-07-16T02:16:08.529866+00:00,65.8,49,bid,,,5813696
2026-07-16T02:16:08.518245,2026-07-16T02:16:08.529866+00:00,65.8,80,bid,,,5813697
2026-07-16T02:16:08.518245,2026-07-16T02:16:08.529866+00:00,65.9,10,bid,,,5813698
2026-07-16T02:16:08.532339,2026-07-16T02:16:08.540563+00:00,65.9,11,ask,,,5813699
2026-07-16T02:16:08.787017,2026-07-16T02:16:08.794193+00:00,65.8,10,ask,,,5813703
2026-07-16T02:16:08.787017,2026-07-16T02:16:08.794193+00:00,65.7,40,ask,,,5813704
2026-07-16T02:16:11.305568,2026-07-16T02:16:11.317526+00:00,65.8,20,ask,,,5813750
2026-07-16T02:16:11.305568,2026-07-16T02:16:11.317526+00:00,65.8,25,ask,,,5813751
2026-07-16T02:16:11.748514,2026-07-16T02:16:11.758971+00:00,65.8,15,ask,,,5813757
2026-07-16T02:16:11.748514,2026-07-16T02:16:11.758971+00:00,65.8,50,ask,,,5813758
2026-07-16T02:16:11.748514,2026-07-16T02:16:11.758971+00:00,65.8,85,ask,,,5813759
2026-07-16T02:16:12.009611,2026-07-16T02:16:12.034886+00:00,65.8,4,ask,,,5813764
2026-07-16T02:16:12.541843,2026-07-16T02:16:12.548575+00:00,65.8,11,ask,,,5813777
2026-07-16T02:16:12.541843,2026-07-16T02:16:12.548575+00:00,65.8,19,ask,,,5813778
2026-07-16T02:16:12.557210,2026-07-16T02:16:12.559090+00:00,65.8,8,ask,,,5813779
2026-07-16T02:16:12.557210,2026-07-16T02:16:12.569579+00:00,65.8,22,ask,,,5813780
2026-07-16T02:16:12.977172,2026-07-16T02:16:12.988217+00:00,65.8,10,bid,,,5813789
2026-07-16T02:16:12.977172,2026-07-16T02:16:12.988217+00:00,65.8,36,bid,,,5813790
2026-07-16T02:16:13.578312,2026-07-16T02:16:13.585873+00:00,65.7,20,ask,,,5813801
2026-07-16T02:16:13.578312,2026-07-16T02:16:13.585873+00:00,65.7,21,ask,,,5813802
2026-07-16T02:16:13.924523,2026-07-16T02:16:13.952765+00:00,65.8,30,bid,,,5813816
2026-07-16T02:16:13.978559,2026-07-16T02:16:13.984332+00:00,65.8,14,bid,,,5813820
2026-07-16T02:16:14.037594,2026-07-16T02:16:14.045283+00:00,66.1,6,bid,,,5813826
2026-07-16T02:16:14.864954,2026-07-16T02:16:14.866984+00:00,66.0,20,bid,,,5813845
2026-07-16T02:16:14.864954,2026-07-16T02:16:14.877462+00:00,66.0,50,bid,,,5813846
2026-07-16T02:16:14.864954,2026-07-16T02:16:14.877462+00:00,66.1,80,bid,,,5813847
2026-07-16T02:16:15.220676,2026-07-16T02:16:15.226877+00:00,65.9,20,ask,,,5813860
2026-07-16T02:16:15.220676,2026-07-16T02:16:15.226877+00:00,65.9,10,ask,,,5813861
2026-07-16T02:16:15.269629,2026-07-16T02:16:15.279836+00:00,65.9,6,ask,,,5813865
2026-07-16T02:16:15.336253,2026-07-16T02:16:15.343505+00:00,65.9,1,ask,,,5813868
2026-07-16T02:16:17.258892,2026-07-16T02:16:17.262779+00:00,65.8,40,ask,,,5813894
2026-07-16T02:16:17.258892,2026-07-16T02:16:17.262779+00:00,65.8,10,ask,,,5813895
2026-07-16T02:16:19.218402,2026-07-16T02:16:19.230895+00:00,65.9,10,ask,,,5813931
2026-07-16T02:16:19.954843,2026-07-16T02:16:19.965582+00:00,65.9,44,ask,,,5813948
2026-07-16T02:16:21.287934,2026-07-16T02:16:21.295364+00:00,65.9,20,ask,,,5813964
2026-07-16T02:16:21.287934,2026-07-16T02:16:21.295364+00:00,65.9,50,ask,,,5813965
2026-07-16T02:16:21.457937,2026-07-16T02:16:21.469385+00:00,65.8,49,ask,,,5813967
2026-07-16T02:16:21.487085,2026-07-16T02:16:21.490426+00:00,65.9,50,bid,,,5813968
2026-07-16T02:16:21.798061,2026-07-16T02:16:21.802802+00:00,65.8,3,bid,,,5813978
2026-07-16T02:16:21.802236,2026-07-16T02:16:21.813434+00:00,65.8,18,bid,,,5813979
2026-07-16T02:16:21.820011,2026-07-16T02:16:21.824003+00:00,65.9,3,bid,,,5813982
2026-07-16T02:16:21.852370,2026-07-16T02:16:21.855798+00:00,65.9,27,bid,,,5813986
2026-07-16T02:16:21.852370,2026-07-16T02:16:21.855798+00:00,65.9,3,bid,,,5813987
2026-07-16T02:16:21.944378,2026-07-16T02:16:21.951184+00:00,65.9,20,bid,,,5813995
2026-07-16T02:16:21.958092,2026-07-16T02:16:21.961827+00:00,65.9,27,bid,,,5813996
2026-07-16T02:16:21.958092,2026-07-16T02:16:21.961827+00:00,65.9,3,bid,,,5813997
2026-07-16T02:16:23.231223,2026-07-16T02:16:23.236690+00:00,65.9,3,ask,,,5814010
2026-07-16T02:16:23.601901,2026-07-16T02:16:23.613675+00:00,66.0,50,bid,,,5814013
2026-07-16T02:16:24.057192,2026-07-16T02:16:24.062970+00:00,66.0,30,bid,,,5814017
2026-07-16T02:16:24.057192,2026-07-16T02:16:24.062970+00:00,66.0,19,bid,,,5814018
2026-07-16T02:16:24.401988,2026-07-16T02:16:24.410936+00:00,66.0,20,bid,,,5814027
2026-07-16T02:16:24.401988,2026-07-16T02:16:24.410936+00:00,66.0,42,bid,,,5814028
2026-07-16T02:16:24.423059,2026-07-16T02:16:24.432042+00:00,66.1,80,ask,,,5814029
2026-07-16T02:16:24.448409,2026-07-16T02:16:24.463616+00:00,66.1,8,ask,,,5814034
2026-07-16T02:16:24.475022,2026-07-16T02:16:24.484816+00:00,65.9,10,ask,,,5814037
2026-07-16T02:16:24.475022,2026-07-16T02:16:24.484816+00:00,65.9,20,ask,,,5814038
2026-07-16T02:16:25.708939,2026-07-16T02:16:25.712033+00:00,66.2,6,bid,,,5814052
2026-07-16T02:16:25.708939,2026-07-16T02:16:25.722487+00:00,66.2,44,bid,,,5814053
2026-07-16T02:16:26.159056,2026-07-16T02:16:26.163850+00:00,65.9,1,ask,,,5814068
2026-07-16T02:16:26.192265,2026-07-16T02:16:26.195364+00:00,65.9,30,ask,,,5814071
2026-07-16T02:16:26.306590,2026-07-16T02:16:26.310676+00:00,66.2,48,bid,,,5814072
2026-07-16T02:16:27.630567,2026-07-16T02:16:27.641659+00:00,66.0,100,ask,,,5814103
2026-07-16T02:16:27.630567,2026-07-16T02:16:27.641659+00:00,66.0,8,ask,,,5814104
2026-07-16T02:16:27.630567,2026-07-16T02:16:27.641659+00:00,66.0,42,ask,,,5814105
2026-07-16T02:16:27.715688,2026-07-16T02:16:27.725713+00:00,66.0,1,ask,,,5814109
2026-07-16T02:16:27.837878,2026-07-16T02:16:27.841099+00:00,66.2,36,bid,,,5814111
2026-07-16T02:16:27.837878,2026-07-16T02:16:27.851578+00:00,66.2,10,bid,,,5814112
2026-07-16T02:16:27.837878,2026-07-16T02:16:27.851578+00:00,66.2,4,bid,,,5814113
2026-07-16T02:16:27.856510,2026-07-16T02:16:27.862171+00:00,66.0,7,ask,,,5814114
2026-07-16T02:16:27.856510,2026-07-16T02:16:27.862171+00:00,65.9,36,ask,,,5814115
2026-07-16T02:16:28.239629,2026-07-16T02:16:28.253012+00:00,66.1,20,ask,,,5814118
2026-07-16T02:16:29.255959,2026-07-16T02:16:29.267779+00:00,66.0,1,ask,,,5814133
2026-07-16T02:16:29.480542,2026-07-16T02:16:29.488083+00:00,66.0,2,ask,,,5814135
2026-07-16T02:16:29.845991,2026-07-16T02:16:29.855735+00:00,66.1,49,bid,,,5814140
2026-07-16T02:16:30.004007,2026-07-16T02:16:30.013199+00:00,66.0,50,ask,,,5814151
2026-07-16T02:16:30.049314,2026-07-16T02:16:30.055272+00:00,66.0,13,ask,,,5814153
2026-07-16T02:16:30.049314,2026-07-16T02:16:30.055272+00:00,66.0,17,ask,,,5814154
2026-07-16T02:16:30.059599,2026-07-16T02:16:30.065768+00:00,66.0,33,ask,,,5814155
2026-07-16T02:16:30.095778,2026-07-16T02:16:30.107984+00:00,65.9,1,ask,,,5814158
2026-07-16T02:16:30.095778,2026-07-16T02:16:30.107984+00:00,65.9,29,ask,,,5814159
2026-07-16T02:16:30.511295,2026-07-16T02:16:30.517644+00:00,65.9,2,ask,,,5814167
2026-07-16T02:16:30.744632,2026-07-16T02:16:30.747809+00:00,66.0,15,bid,,,5814170
2026-07-16T02:16:30.744632,2026-07-16T02:16:30.758284+00:00,66.0,10,bid,,,5814171
2026-07-16T02:16:30.744632,2026-07-16T02:16:30.758284+00:00,66.0,50,bid,,,5814172
2026-07-16T02:16:30.744632,2026-07-16T02:16:30.758284+00:00,66.0,65,bid,,,5814173
2026-07-16T02:16:30.767790,2026-07-16T02:16:30.779260+00:00,66.0,10,ask,,,5814174
2026-07-16T02:16:30.870431,2026-07-16T02:16:30.874037+00:00,65.9,1,ask,,,5814176
2026-07-16T02:16:32.128680,2026-07-16T02:16:32.148337+00:00,66.0,50,ask,,,5814202
2026-07-16T02:16:32.519497,2026-07-16T02:16:32.527230+00:00,66.0,1,ask,,,5814205
2026-07-16T02:16:32.572525,2026-07-16T02:16:32.579916+00:00,66.0,2,ask,,,5814206
2026-07-16T02:16:33.596933,2026-07-16T02:16:33.601456+00:00,66.0,2,ask,,,5814224
2026-07-16T02:16:33.748319,2026-07-16T02:16:33.761868+00:00,66.0,19,ask,,,5814233
2026-07-16T02:16:33.752477,2026-07-16T02:16:33.761868+00:00,66.0,2,ask,,,5814234
2026-07-16T02:16:33.756618,2026-07-16T02:16:33.761868+00:00,66.0,3,ask,,,5814235
2026-07-16T02:16:33.770789,2026-07-16T02:16:33.772455+00:00,66.0,6,ask,,,5814237
2026-07-16T02:16:33.770789,2026-07-16T02:16:33.782932+00:00,66.0,10,ask,,,5814238
2026-07-16T02:16:33.781522,2026-07-16T02:16:33.793445+00:00,65.9,1,ask,,,5814241
2026-07-16T02:16:33.797329,2026-07-16T02:16:33.803964+00:00,65.8,1,ask,,,5814243
2026-07-16T02:16:34.026794,2026-07-16T02:16:34.035626+00:00,65.8,5,ask,,,5814254
2026-07-16T02:16:34.026794,2026-07-16T02:16:34.035626+00:00,65.8,80,ask,,,5814255
2026-07-16T02:16:34.040064,2026-07-16T02:16:34.046207+00:00,65.7,1,ask,,,5814256
2026-07-16T02:16:34.252269,2026-07-16T02:16:34.260719+00:00,65.7,50,ask,,,5814260
2026-07-16T02:16:34.527976,2026-07-16T02:16:34.533115+00:00,65.7,45,ask,,,5814264
2026-07-16T02:16:34.567797,2026-07-16T02:16:34.575194+00:00,65.7,4,ask,,,5814265
2026-07-16T02:16:34.567797,2026-07-16T02:16:34.575194+00:00,65.6,1,ask,,,5814266
2026-07-16T02:16:35.018981,2026-07-16T02:16:35.025951+00:00,65.8,40,bid,,,5814271
2026-07-16T02:16:35.143230,2026-07-16T02:16:35.148612+00:00,65.7,3,bid,,,5814274
2026-07-16T02:16:36.459457,2026-07-16T02:16:36.465341+00:00,65.7,3,bid,,,5814297
2026-07-16T02:16:36.493497,2026-07-16T02:16:36.497253+00:00,65.7,4,bid,,,5814302
2026-07-16T02:16:36.493497,2026-07-16T02:16:36.507898+00:00,65.7,15,bid,,,5814303
2026-07-16T02:16:36.493497,2026-07-16T02:16:36.507898+00:00,65.7,1,bid,,,5814304
2026-07-16T02:16:36.493497,2026-07-16T02:16:36.507898+00:00,65.7,42,bid,,,5814305
2026-07-16T02:16:36.494083,2026-07-16T02:16:36.507898+00:00,65.7,8,bid,,,5814306
2026-07-16T02:16:36.494083,2026-07-16T02:16:36.507898+00:00,65.7,22,bid,,,5814307
2026-07-16T02:16:36.603157,2026-07-16T02:16:36.613345+00:00,65.8,25,bid,,,5814317
2026-07-16T02:16:36.603157,2026-07-16T02:16:36.613345+00:00,65.8,70,bid,,,5814318
2026-07-16T02:16:36.637130,2026-07-16T02:16:36.645388+00:00,65.9,30,bid,,,5814319
2026-07-16T02:16:36.658868,2026-07-16T02:16:36.666457+00:00,65.9,3,bid,,,5814320
2026-07-16T02:16:36.738289,2026-07-16T02:16:36.740016+00:00,65.9,17,bid,,,5814322
2026-07-16T02:16:36.738289,2026-07-16T02:16:36.750547+00:00,65.9,11,bid,,,5814323
2026-07-16T02:16:36.758350,2026-07-16T02:16:36.761081+00:00,65.9,30,bid,,,5814324
2026-07-16T02:16:36.768511,2026-07-16T02:16:36.771662+00:00,65.9,2,bid,,,5814326
2026-07-16T02:16:37.143584,2026-07-16T02:16:37.149280+00:00,65.9,57,bid,,,5814332
2026-07-16T02:16:37.157491,2026-07-16T02:16:37.159776+00:00,66.1,50,ask,,,5814333
2026-07-16T02:16:37.214975,2026-07-16T02:16:37.221100+00:00,66.1,3,ask,,,5814336
2026-07-16T02:16:37.215538,2026-07-16T02:16:37.231828+00:00,66.1,40,ask,,,5814337
2026-07-16T02:16:37.234612,2026-07-16T02:16:37.242443+00:00,65.7,14,ask,,,5814339
2026-07-16T02:16:37.234612,2026-07-16T02:16:37.242443+00:00,65.7,16,ask,,,5814340
2026-07-16T02:16:37.240893,2026-07-16T02:16:37.242443+00:00,65.7,3,ask,,,5814341
2026-07-16T02:16:37.240893,2026-07-16T02:16:37.252980+00:00,65.7,37,ask,,,5814342
2026-07-16T02:16:38.470795,2026-07-16T02:16:38.480808+00:00,65.9,20,ask,,,5814364
2026-07-16T02:16:38.470795,2026-07-16T02:16:38.480808+00:00,65.9,30,ask,,,5814365
2026-07-16T02:16:38.538275,2026-07-16T02:16:38.543873+00:00,65.9,20,ask,,,5814369
2026-07-16T02:16:38.580922,2026-07-16T02:16:38.586592+00:00,65.8,3,ask,,,5814372
2026-07-16T02:16:40.167632,2026-07-16T02:16:40.169100+00:00,65.9,5,bid,,,5814395
2026-07-16T02:16:40.597301,2026-07-16T02:16:40.606290+00:00,65.7,50,ask,,,5814405
2026-07-16T02:16:41.759019,2026-07-16T02:16:41.768962+00:00,65.7,1,ask,,,5814417
2026-07-16T02:16:42.704911,2026-07-16T02:16:42.713858+00:00,65.6,50,ask,,,5814436
2026-07-16T02:16:43.466179,2026-07-16T02:16:43.473328+00:00,65.6,10,ask,,,5814455
2026-07-16T02:16:43.466179,2026-07-16T02:16:43.473328+00:00,65.6,39,ask,,,5814456
2026-07-16T02:16:44.457580,2026-07-16T02:16:44.479217+00:00,65.7,41,bid,,,5814466
2026-07-16T02:16:44.457580,2026-07-16T02:16:44.489940+00:00,65.7,3,bid,,,5814467
2026-07-16T02:16:44.537333,2026-07-16T02:16:44.542776+00:00,65.7,49,bid,,,5814472
2026-07-16T02:16:44.581512,2026-07-16T02:16:44.585115+00:00,65.7,32,bid,,,5814473
2026-07-16T02:16:44.604842,2026-07-16T02:16:44.616856+00:00,65.7,20,bid,,,5814480
2026-07-16T02:16:44.620733,2026-07-16T02:16:44.627372+00:00,65.7,41,bid,,,5814481
2026-07-16T02:16:44.714263,2026-07-16T02:16:44.722265+00:00,65.7,5,bid,,,5814484
2026-07-16T02:16:44.714263,2026-07-16T02:16:44.722265+00:00,65.7,20,bid,,,5814485
2026-07-16T02:16:44.811591,2026-07-16T02:16:44.817348+00:00,65.8,30,bid,,,5814489
2026-07-16T02:16:44.991696,2026-07-16T02:16:44.996123+00:00,65.6,10,ask,,,5814494
2026-07-16T02:16:44.991696,2026-07-16T02:16:45.006582+00:00,65.6,30,ask,,,5814495
2026-07-16T02:16:45.529833,2026-07-16T02:16:45.541391+00:00,65.8,44,bid,,,5814504
2026-07-16T02:16:46.671650,2026-07-16T02:16:46.680082+00:00,65.8,73,bid,,,5814523
2026-07-16T02:16:46.671650,2026-07-16T02:16:46.680082+00:00,65.8,50,bid,,,5814524
2026-07-16T02:16:46.671650,2026-07-16T02:16:46.680082+00:00,65.8,7,bid,,,5814525
2026-07-16T02:16:46.671650,2026-07-16T02:16:46.680082+00:00,65.9,6,bid,,,5814526
2026-07-16T02:16:46.671650,2026-07-16T02:16:46.690587+00:00,65.9,14,bid,,,5814527
2026-07-16T02:16:46.893618,2026-07-16T02:16:46.900525+00:00,65.8,50,bid,,,5814528
2026-07-16T02:16:47.191510,2026-07-16T02:16:47.205750+00:00,65.8,10,bid,,,5814535
2026-07-16T02:16:47.191510,2026-07-16T02:16:47.205750+00:00,65.8,20,bid,,,5814536
2026-07-16T02:16:47.191510,2026-07-16T02:16:47.205750+00:00,65.9,13,bid,,,5814537
2026-07-16T02:16:47.252263,2026-07-16T02:16:47.258950+00:00,65.7,47,ask,,,5814543
2026-07-16T02:16:47.328506,2026-07-16T02:16:47.332853+00:00,65.8,3,ask,,,5814545
2026-07-16T02:16:48.188954,2026-07-16T02:16:48.193523+00:00,65.9,27,bid,,,5814559
2026-07-16T02:16:48.188954,2026-07-16T02:16:48.193523+00:00,65.9,16,bid,,,5814560
2026-07-16T02:16:49.003471,2026-07-16T02:16:49.015395+00:00,65.9,47,bid,,,5814568
2026-07-16T02:16:49.003471,2026-07-16T02:16:49.015395+00:00,65.9,3,bid,,,5814569
2026-07-16T02:16:49.174300,2026-07-16T02:16:49.184146+00:00,65.8,28,ask,,,5814572
2026-07-16T02:16:49.174300,2026-07-16T02:16:49.184146+00:00,65.8,21,ask,,,5814573
2026-07-16T02:16:49.651980,2026-07-16T02:16:49.654155+00:00,65.8,1,ask,,,5814579
2026-07-16T02:16:49.788343,2026-07-16T02:16:49.791041+00:00,65.8,48,ask,,,5814584
2026-07-16T02:16:49.912937,2026-07-16T02:16:49.918678+00:00,65.8,32,ask,,,5814591
2026-07-16T02:16:49.912937,2026-07-16T02:16:49.918678+00:00,65.8,50,ask,,,5814592
2026-07-16T02:16:49.912937,2026-07-16T02:16:49.918678+00:00,65.8,20,ask,,,5814593
2026-07-16T02:16:50.257002,2026-07-16T02:16:50.268231+00:00,65.8,2,bid,,,5814596
2026-07-16T02:16:51.122340,2026-07-16T02:16:51.129511+00:00,65.8,46,bid,,,5814602
2026-07-16T02:16:51.122340,2026-07-16T02:16:51.129511+00:00,65.8,4,bid,,,5814603
2026-07-16T02:16:52.373041,2026-07-16T02:16:52.376572+00:00,65.8,45,bid,,,5814621
2026-07-16T02:16:52.413108,2026-07-16T02:16:52.419155+00:00,65.8,3,bid,,,5814625
2026-07-16T02:16:52.413108,2026-07-16T02:16:52.419155+00:00,65.8,20,bid,,,5814626
2026-07-16T02:16:52.413108,2026-07-16T02:16:52.429715+00:00,65.8,7,bid,,,5814627
2026-07-16T02:16:52.458174,2026-07-16T02:16:52.461275+00:00,65.8,30,bid,,,5814630
2026-07-16T02:16:52.476085,2026-07-16T02:16:52.482211+00:00,65.8,3,bid,,,5814631
2026-07-16T02:16:52.515785,2026-07-16T02:16:52.524694+00:00,65.8,28,bid,,,5814636
2026-07-16T02:16:52.572027,2026-07-16T02:16:52.587785+00:00,66.1,1,bid,,,5814641
2026-07-16T02:16:53.043379,2026-07-16T02:16:53.049105+00:00,66.1,80,ask,,,5814648
2026-07-16T02:16:53.053488,2026-07-16T02:16:53.059607+00:00,66.1,70,ask,,,5814649
2026-07-16T02:16:53.069858,2026-07-16T02:16:53.080641+00:00,65.8,30,ask,,,5814653
2026-07-16T02:16:53.071793,2026-07-16T02:16:53.080641+00:00,65.8,30,ask,,,5814654
2026-07-16T02:16:53.368535,2026-07-16T02:16:53.375829+00:00,65.9,20,ask,,,5814658
2026-07-16T02:16:53.983319,2026-07-16T02:16:53.994424+00:00,66.1,20,bid,,,5814665
2026-07-16T02:16:53.983319,2026-07-16T02:16:53.994424+00:00,66.1,16,bid,,,5814666
2026-07-16T02:16:53.983319,2026-07-16T02:16:53.994424+00:00,66.1,10,bid,,,5814667
2026-07-16T02:16:55.105272,2026-07-16T02:16:55.109935+00:00,66.0,20,ask,,,5814683
2026-07-16T02:16:55.105272,2026-07-16T02:16:55.120463+00:00,66.0,10,ask,,,5814684
2026-07-16T02:16:55.434736,2026-07-16T02:16:55.445261+00:00,66.0,48,ask,,,5814689
2026-07-16T02:16:55.434736,2026-07-16T02:16:55.445261+00:00,66.0,2,ask,,,5814690
2026-07-16T02:16:55.683756,2026-07-16T02:16:55.687511+00:00,66.0,15,ask,,,5814694
2026-07-16T02:16:55.858079,2026-07-16T02:16:55.866621+00:00,66.0,1,ask,,,5814699
2026-07-16T02:16:56.253205,2026-07-16T02:16:56.255475+00:00,66.0,50,ask,,,5814705
2026-07-16T02:16:56.426095,2026-07-16T02:16:56.431526+00:00,65.9,3,ask,,,5814711
2026-07-16T02:16:56.433142,2026-07-16T02:16:56.452921+00:00,65.9,31,ask,,,5814714
2026-07-16T02:16:56.433142,2026-07-16T02:16:56.452921+00:00,65.9,1,ask,,,5814715
2026-07-16T02:16:56.467775,2026-07-16T02:16:56.484595+00:00,65.8,6,ask,,,5814719
2026-07-16T02:16:56.510308,2026-07-16T02:16:56.516178+00:00,65.9,14,ask,,,5814721
2026-07-16T02:16:56.514371,2026-07-16T02:16:56.516178+00:00,65.8,11,ask,,,5814722
2026-07-16T02:16:56.570742,2026-07-16T02:16:56.579193+00:00,65.8,3,ask,,,5814727
2026-07-16T02:16:56.570742,2026-07-16T02:16:56.579193+00:00,65.6,39,ask,,,5814728
2026-07-16T02:16:56.599743,2026-07-16T02:16:56.611063+00:00,65.6,3,ask,,,5814731
2026-07-16T02:16:57.564755,2026-07-16T02:16:57.577094+00:00,65.6,50,ask,,,5814748
2026-07-16T02:16:57.929785,2026-07-16T02:16:57.936032+00:00,65.8,3,bid,,,5814752
2026-07-16T02:16:58.337935,2026-07-16T02:16:58.349567+00:00,65.8,25,bid,,,5814760
2026-07-16T02:16:58.337935,2026-07-16T02:16:58.349567+00:00,65.9,15,bid,,,5814761
2026-07-16T02:16:58.939868,2026-07-16T02:16:58.950299+00:00,65.6,50,ask,,,5814768
2026-07-16T02:16:58.939868,2026-07-16T02:16:58.950299+00:00,65.6,10,ask,,,5814769
2026-07-16T02:16:58.939868,2026-07-16T02:16:58.950299+00:00,65.6,29,ask,,,5814770
2026-07-16T02:16:58.970110,2026-07-16T02:16:58.971606+00:00,65.6,11,bid,,,5814773
2026-07-16T02:16:58.979440,2026-07-16T02:16:58.982178+00:00,66.0,11,bid,,,5814774
2026-07-16T02:16:59.102269,2026-07-16T02:16:59.108554+00:00,66.0,31,bid,,,5814784
2026-07-16T02:16:59.675757,2026-07-16T02:16:59.679217+00:00,65.9,50,ask,,,5814798
2026-07-16T02:17:00.199071,2026-07-16T02:17:00.203285+00:00,65.9,10,ask,,,5814804
2026-07-16T02:17:00.447270,2026-07-16T02:17:00.455837+00:00,65.9,45,ask,,,5814809
2026-07-16T02:17:00.616527,2026-07-16T02:17:00.625566+00:00,65.9,1,ask,,,5814813
2026-07-16T02:17:01.742765,2026-07-16T02:17:01.749368+00:00,66.0,6,bid,,,5814825
2026-07-16T02:17:01.742765,2026-07-16T02:17:01.749368+00:00,66.0,14,bid,,,5814826
2026-07-16T02:17:01.742765,2026-07-16T02:17:01.759891+00:00,66.0,10,bid,,,5814827
2026-07-16T02:17:01.742765,2026-07-16T02:17:01.759891+00:00,66.0,20,bid,,,5814828
2026-07-16T02:17:01.798440,2026-07-16T02:17:01.801936+00:00,65.9,16,ask,,,5814831
2026-07-16T02:17:01.798696,2026-07-16T02:17:01.812513+00:00,65.9,28,ask,,,5814832
2026-07-16T02:17:01.798696,2026-07-16T02:17:01.812513+00:00,65.9,14,ask,,,5814833
2026-07-16T02:17:01.833037,2026-07-16T02:17:01.844253+00:00,65.9,30,ask,,,5814838
2026-07-16T02:17:01.884675,2026-07-16T02:17:01.886538+00:00,65.9,14,ask,,,5814841
2026-07-16T02:17:01.941475,2026-07-16T02:17:01.949743+00:00,65.8,1,ask,,,5814848
2026-07-16T02:17:02.610241,2026-07-16T02:17:02.636762+00:00,65.7,41,ask,,,5814858
2026-07-16T02:17:02.610241,2026-07-16T02:17:02.636762+00:00,65.6,10,ask,,,5814859
2026-07-16T02:17:02.610241,2026-07-16T02:17:02.636762+00:00,65.5,6,ask,,,5814860
2026-07-16T02:17:02.629651,2026-07-16T02:17:02.636762+00:00,65.5,3,bid,,,5814862
2026-07-16T02:17:02.630358,2026-07-16T02:17:02.647612+00:00,65.5,90,bid,,,5814864
2026-07-16T02:17:02.660602,2026-07-16T02:17:02.668958+00:00,65.8,93,bid,,,5814865
2026-07-16T02:17:02.666100,2026-07-16T02:17:02.668958+00:00,65.8,7,bid,,,5814866
2026-07-16T02:17:02.666100,2026-07-16T02:17:02.679510+00:00,65.8,23,bid,,,5814867
2026-07-16T02:17:02.735749,2026-07-16T02:17:02.743262+00:00,65.7,1,bid,,,5814870
2026-07-16T02:17:03.127697,2026-07-16T02:17:03.131725+00:00,65.7,19,bid,,,5814884
2026-07-16T02:17:03.127697,2026-07-16T02:17:03.131725+00:00,65.7,4,bid,,,5814885
2026-07-16T02:17:03.142019,2026-07-16T02:17:03.152817+00:00,65.7,30,bid,,,5814887
2026-07-16T02:17:03.165353,2026-07-16T02:17:03.173902+00:00,65.7,13,bid,,,5814890
2026-07-16T02:17:03.176340,2026-07-16T02:17:03.184495+00:00,65.7,3,bid,,,5814891
2026-07-16T02:17:03.176340,2026-07-16T02:17:03.184495+00:00,65.7,27,bid,,,5814892
2026-07-16T02:17:03.205324,2026-07-16T02:17:03.216233+00:00,65.7,35,bid,,,5814895
2026-07-16T02:17:03.211813,2026-07-16T02:17:03.226770+00:00,65.7,18,bid,,,5814897
2026-07-16T02:17:03.304217,2026-07-16T02:17:03.311795+00:00,65.8,25,bid,,,5814904
2026-07-16T02:17:03.308282,2026-07-16T02:17:03.311795+00:00,65.8,34,bid,,,5814905
2026-07-16T02:17:03.326126,2026-07-16T02:17:03.332939+00:00,65.8,11,bid,,,5814908
2026-07-16T02:17:03.343701,2026-07-16T02:17:03.353946+00:00,65.9,4,bid,,,5814909
2026-07-16T02:17:03.870606,2026-07-16T02:17:03.877892+00:00,66.1,27,bid,,,5814912
2026-07-16T02:17:03.870606,2026-07-16T02:17:03.877892+00:00,66.2,6,bid,,,5814913
2026-07-16T02:17:03.870606,2026-07-16T02:17:03.877892+00:00,66.2,17,bid,,,5814914
2026-07-16T02:17:04.494144,2026-07-16T02:17:04.556913+00:00,65.8,10,ask,,,5814930
2026-07-16T02:17:04.499937,2026-07-16T02:17:04.556913+00:00,65.8,10,ask,,,5814931
2026-07-16T02:17:04.525646,2026-07-16T02:17:04.556913+00:00,65.7,6,ask,,,5814934
2026-07-16T02:17:04.525646,2026-07-16T02:17:04.556913+00:00,65.7,24,ask,,,5814935
2026-07-16T02:17:04.549959,2026-07-16T02:17:04.567794+00:00,65.7,3,ask,,,5814938
2026-07-16T02:17:04.550280,2026-07-16T02:17:04.567794+00:00,65.7,10,ask,,,5814939
2026-07-16T02:17:04.614397,2026-07-16T02:17:04.642044+00:00,65.7,13,ask,,,5814945
2026-07-16T02:17:04.651474,2026-07-16T02:17:04.663080+00:00,65.7,13,ask,,,5814947
2026-07-16T02:17:04.702517,2026-07-16T02:17:04.705135+00:00,65.7,30,ask,,,5814950
2026-07-16T02:17:04.714625,2026-07-16T02:17:04.726327+00:00,65.7,11,ask,,,5814951
2026-07-16T02:17:04.714625,2026-07-16T02:17:04.726327+00:00,65.7,37,ask,,,5814952
2026-07-16T02:17:04.802619,2026-07-16T02:17:04.810719+00:00,65.7,5,ask,,,5814953
2026-07-16T02:17:05.014091,2026-07-16T02:17:05.020903+00:00,65.7,8,ask,,,5814960
2026-07-16T02:17:05.992879,2026-07-16T02:17:06.010139+00:00,65.9,50,bid,,,5814982
2026-07-16T02:17:08.116097,2026-07-16T02:17:08.118424+00:00,66.0,6,bid,,,5815016
2026-07-16T02:17:08.116097,2026-07-16T02:17:08.128901+00:00,66.0,44,bid,,,5815017
2026-07-16T02:17:08.470438,2026-07-16T02:17:08.475933+00:00,65.9,50,ask,,,5815028
2026-07-16T02:17:08.478860,2026-07-16T02:17:08.486481+00:00,65.9,15,ask,,,5815029
2026-07-16T02:17:08.519738,2026-07-16T02:17:08.528680+00:00,65.9,23,ask,,,5815033
2026-07-16T02:17:08.525730,2026-07-16T02:17:08.528680+00:00,65.9,12,ask,,,5815034
2026-07-16T02:17:08.536269,2026-07-16T02:17:08.549819+00:00,65.7,2,ask,,,5815035
2026-07-16T02:17:10.289656,2026-07-16T02:17:10.296806+00:00,65.7,13,ask,,,5815069
2026-07-16T02:17:10.289656,2026-07-16T02:17:10.307357+00:00,65.7,37,ask,,,5815070
2026-07-16T02:17:11.189660,2026-07-16T02:17:11.193724+00:00,65.7,7,ask,,,5815085
2026-07-16T02:17:11.518436,2026-07-16T02:17:11.520174+00:00,65.7,1,ask,,,5815091
2026-07-16T02:17:12.401431,2026-07-16T02:17:12.411413+00:00,65.7,50,ask,,,5815106
2026-07-16T02:17:12.433408,2026-07-16T02:17:12.443381+00:00,65.7,9,ask,,,5815111
2026-07-16T02:17:12.433408,2026-07-16T02:17:12.443381+00:00,65.7,10,ask,,,5815112
2026-07-16T02:17:12.433408,2026-07-16T02:17:12.443381+00:00,65.7,13,ask,,,5815113
2026-07-16T02:17:12.454133,2026-07-16T02:17:12.465029+00:00,65.6,1,ask,,,5815115
2026-07-16T02:17:12.726463,2026-07-16T02:17:12.728748+00:00,65.8,1,bid,,,5815128
2026-07-16T02:17:12.784373,2026-07-16T02:17:12.791514+00:00,65.8,32,bid,,,5815129
2026-07-16T02:17:13.244925,2026-07-16T02:17:13.253406+00:00,65.8,45,bid,,,5815140
2026-07-16T02:17:14.481266,2026-07-16T02:17:14.495812+00:00,65.8,1,bid,,,5815152
2026-07-16T02:17:14.481266,2026-07-16T02:17:14.495812+00:00,65.8,49,bid,,,5815153
2026-07-16T02:17:16.655155,2026-07-16T02:17:16.661851+00:00,65.7,8,ask,,,5815183
2026-07-16T02:17:16.655155,2026-07-16T02:17:16.661851+00:00,65.7,42,ask,,,5815184
2026-07-16T02:17:17.649458,2026-07-16T02:17:17.657291+00:00,65.8,10,bid,,,5815191
2026-07-16T02:17:17.649458,2026-07-16T02:17:17.657291+00:00,65.8,20,bid,,,5815192
2026-07-16T02:17:17.649458,2026-07-16T02:17:17.657291+00:00,65.8,13,bid,,,5815193
2026-07-16T02:17:17.719545,2026-07-16T02:17:17.731107+00:00,65.7,1,ask,,,5815195
2026-07-16T02:17:18.768452,2026-07-16T02:17:18.771410+00:00,65.8,10,ask,,,5815216
2026-07-16T02:17:18.768452,2026-07-16T02:17:18.781919+00:00,65.7,38,ask,,,5815217
2026-07-16T02:17:18.768452,2026-07-16T02:17:18.781919+00:00,65.7,2,ask,,,5815218
2026-07-16T02:17:19.315139,2026-07-16T02:17:19.318620+00:00,65.7,1,ask,,,5815236
2026-07-16T02:17:19.808430,2026-07-16T02:17:19.814684+00:00,65.7,12,ask,,,5815241
2026-07-16T02:17:19.808430,2026-07-16T02:17:19.814684+00:00,65.7,29,ask,,,5815242
2026-07-16T02:17:20.311244,2026-07-16T02:17:20.319133+00:00,65.9,30,bid,,,5815252
2026-07-16T02:17:20.311244,2026-07-16T02:17:20.319133+00:00,65.9,16,bid,,,5815253
2026-07-16T02:17:20.371211,2026-07-16T02:17:20.382300+00:00,65.6,1,ask,,,5815254
2026-07-16T02:17:20.371211,2026-07-16T02:17:20.382300+00:00,65.6,45,ask,,,5815255
2026-07-16T02:17:20.828880,2026-07-16T02:17:20.834235+00:00,65.9,2,bid,,,5815265
2026-07-16T02:17:20.828880,2026-07-16T02:17:20.834235+00:00,65.9,48,bid,,,5815266
2026-07-16T02:17:22.885470,2026-07-16T02:17:22.895210+00:00,65.6,10,ask,,,5815291
2026-07-16T02:17:22.885470,2026-07-16T02:17:22.895210+00:00,65.6,39,ask,,,5815292
2026-07-16T02:17:23.011604,2026-07-16T02:17:23.031903+00:00,65.6,50,ask,,,5815297
2026-07-16T02:17:24.020481,2026-07-16T02:17:24.030750+00:00,65.9,2,bid,,,5815311
2026-07-16T02:17:25.097913,2026-07-16T02:17:25.108736+00:00,65.8,12,ask,,,5815330
2026-07-16T02:17:25.125047,2026-07-16T02:17:25.129753+00:00,65.8,8,ask,,,5815332
2026-07-16T02:17:25.125047,2026-07-16T02:17:25.129753+00:00,65.8,42,ask,,,5815333
2026-07-16T02:17:25.827262,2026-07-16T02:17:25.832142+00:00,65.9,44,bid,,,5815346
2026-07-16T02:17:27.825082,2026-07-16T02:17:27.828439+00:00,65.7,14,ask,,,5815371
2026-07-16T02:17:27.825082,2026-07-16T02:17:27.839066+00:00,65.7,20,ask,,,5815372
2026-07-16T02:17:27.825082,2026-07-16T02:17:27.839066+00:00,65.6,10,ask,,,5815373
2026-07-16T02:17:29.305359,2026-07-16T02:17:29.309351+00:00,65.8,50,bid,,,5815402
2026-07-16T02:17:30.421328,2026-07-16T02:17:30.427521+00:00,65.8,3,bid,,,5815429
2026-07-16T02:17:30.555903,2026-07-16T02:17:30.563455+00:00,65.8,45,bid,,,5815430
2026-07-16T02:17:31.485572,2026-07-16T02:17:31.489164+00:00,65.7,10,ask,,,5815441
2026-07-16T02:17:31.485572,2026-07-16T02:17:31.499690+00:00,65.7,20,ask,,,5815442
2026-07-16T02:17:31.485572,2026-07-16T02:17:31.499690+00:00,65.7,7,ask,,,5815443
2026-07-16T02:17:31.485572,2026-07-16T02:17:31.499690+00:00,65.6,10,ask,,,5815444
2026-07-16T02:17:31.485572,2026-07-16T02:17:31.499690+00:00,65.6,3,ask,,,5815445
2026-07-16T02:17:32.297377,2026-07-16T02:17:32.303257+00:00,65.8,3,bid,,,5815463
2026-07-16T02:17:32.297795,2026-07-16T02:17:32.313995+00:00,65.8,32,bid,,,5815465
2026-07-16T02:17:32.297795,2026-07-16T02:17:32.313995+00:00,65.8,29,bid,,,5815466
2026-07-16T02:17:32.320993,2026-07-16T02:17:32.335308+00:00,65.8,21,bid,,,5815469
2026-07-16T02:17:32.365397,2026-07-16T02:17:32.377559+00:00,65.9,10,bid,,,5815473
2026-07-16T02:17:32.365397,2026-07-16T02:17:32.377559+00:00,65.9,20,bid,,,5815474
2026-07-16T02:17:32.365929,2026-07-16T02:17:32.388287+00:00,65.9,50,bid,,,5815475
2026-07-16T02:17:32.365929,2026-07-16T02:17:32.388287+00:00,65.9,20,bid,,,5815476
2026-07-16T02:17:32.660323,2026-07-16T02:17:32.662288+00:00,66.0,6,bid,,,5815483
2026-07-16T02:17:32.660323,2026-07-16T02:17:32.672811+00:00,66.0,1,bid,,,5815484
2026-07-16T02:17:32.776367,2026-07-16T02:17:32.788206+00:00,66.0,4,bid,,,5815486
2026-07-16T02:17:33.590773,2026-07-16T02:17:33.592355+00:00,66.0,40,bid,,,5815496
2026-07-16T02:17:33.608036,2026-07-16T02:17:33.613541+00:00,65.8,10,ask,,,5815497
2026-07-16T02:17:33.608036,2026-07-16T02:17:33.613541+00:00,65.8,40,ask,,,5815498
2026-07-16T02:17:33.646315,2026-07-16T02:17:33.651100+00:00,65.9,3,ask,,,5815501
2026-07-16T02:17:33.736262,2026-07-16T02:17:33.746090+00:00,65.9,7,ask,,,5815504
2026-07-16T02:17:34.082526,2026-07-16T02:17:34.092720+00:00,65.8,10,ask,,,5815511
2026-07-16T02:17:34.082526,2026-07-16T02:17:34.092720+00:00,65.8,37,ask,,,5815512
2026-07-16T02:17:35.315076,2026-07-16T02:17:35.321983+00:00,65.9,2,bid,,,5815541
2026-07-16T02:17:35.670485,2026-07-16T02:17:35.689493+00:00,65.9,50,bid,,,5815546
2026-07-16T02:17:36.066954,2026-07-16T02:17:36.078114+00:00,65.9,2,bid,,,5815552
2026-07-16T02:17:36.066954,2026-07-16T02:17:36.078114+00:00,65.9,20,bid,,,5815553
2026-07-16T02:17:36.066954,2026-07-16T02:17:36.078114+00:00,65.9,21,bid,,,5815554
2026-07-16T02:17:36.126517,2026-07-16T02:17:36.130717+00:00,65.8,43,ask,,,5815555
2026-07-16T02:17:36.340784,2026-07-16T02:17:36.351299+00:00,65.9,2,bid,,,5815562
2026-07-16T02:17:37.046845,2026-07-16T02:17:37.057134+00:00,65.9,20,ask,,,5815579
2026-07-16T02:17:37.046845,2026-07-16T02:17:37.057134+00:00,65.8,21,ask,,,5815580
2026-07-16T02:17:37.111027,2026-07-16T02:17:37.120438+00:00,65.9,7,ask,,,5815583
2026-07-16T02:17:37.632270,2026-07-16T02:17:37.635047+00:00,65.9,43,ask,,,5815591
2026-07-16T02:17:37.644694,2026-07-16T02:17:37.656267+00:00,65.8,5,ask,,,5815592
2026-07-16T02:17:37.644694,2026-07-16T02:17:37.656267+00:00,65.8,16,ask,,,5815593
2026-07-16T02:17:37.680825,2026-07-16T02:17:37.688125+00:00,66.0,20,bid,,,5815595
2026-07-16T02:17:37.680825,2026-07-16T02:17:37.688125+00:00,66.0,10,bid,,,5815596
2026-07-16T02:17:37.680825,2026-07-16T02:17:37.688125+00:00,66.1,16,bid,,,5815597
2026-07-16T02:17:37.777591,2026-07-16T02:17:37.782939+00:00,66.0,50,bid,,,5815600
2026-07-16T02:17:38.267453,2026-07-16T02:17:38.275534+00:00,66.1,40,bid,,,5815608
2026-07-16T02:17:38.552672,2026-07-16T02:17:38.559413+00:00,65.9,10,ask,,,5815611
2026-07-16T02:17:38.575734,2026-07-16T02:17:38.580470+00:00,65.8,9,ask,,,5815614
2026-07-16T02:17:39.973631,2026-07-16T02:17:39.982354+00:00,65.9,10,ask,,,5815640
2026-07-16T02:17:39.973631,2026-07-16T02:17:39.982354+00:00,65.9,40,ask,,,5815641
2026-07-16T02:17:41.395114,2026-07-16T02:17:41.401075+00:00,65.9,40,ask,,,5815653
2026-07-16T02:17:42.084604,2026-07-16T02:17:42.095348+00:00,65.9,50,ask,,,5815668
2026-07-16T02:17:42.549309,2026-07-16T02:17:42.558306+00:00,65.9,10,ask,,,5815676
2026-07-16T02:17:42.549309,2026-07-16T02:17:42.558306+00:00,65.9,29,ask,,,5815677
2026-07-16T02:17:42.549309,2026-07-16T02:17:42.558306+00:00,65.9,5,ask,,,5815678
2026-07-16T02:17:43.168613,2026-07-16T02:17:43.177139+00:00,66.0,41,bid,,,5815689
2026-07-16T02:17:43.802094,2026-07-16T02:17:43.813154+00:00,65.9,10,ask,,,5815701
2026-07-16T02:17:43.802094,2026-07-16T02:17:43.813154+00:00,65.9,20,ask,,,5815702
2026-07-16T02:17:43.802094,2026-07-16T02:17:43.813154+00:00,65.9,1,ask,,,5815703
2026-07-16T02:17:43.802094,2026-07-16T02:17:43.813154+00:00,65.9,10,ask,,,5815704
2026-07-16T02:17:43.802094,2026-07-16T02:17:43.813154+00:00,65.8,6,ask,,,5815705
2026-07-16T02:17:44.207186,2026-07-16T02:17:44.213036+00:00,65.9,50,ask,,,5815711
2026-07-16T02:17:45.619725,2026-07-16T02:17:45.632337+00:00,65.9,8,ask,,,5815738
2026-07-16T02:17:45.834154,2026-07-16T02:17:45.843277+00:00,65.9,1,ask,,,5815741
2026-07-16T02:17:45.848918,2026-07-16T02:17:45.853804+00:00,65.9,14,ask,,,5815743
2026-07-16T02:17:46.282218,2026-07-16T02:17:46.284216+00:00,66.1,41,bid,,,5815747
2026-07-16T02:17:46.328426,2026-07-16T02:17:46.336860+00:00,65.9,50,ask,,,5815750
2026-07-16T02:17:46.751976,2026-07-16T02:17:46.757826+00:00,66.0,45,bid,,,5815752
2026-07-16T02:17:47.036053,2026-07-16T02:17:47.052956+00:00,65.8,1,ask,,,5815759
2026-07-16T02:17:47.045987,2026-07-16T02:17:47.052956+00:00,65.7,3,bid,,,5815760
2026-07-16T02:17:47.059096,2026-07-16T02:17:47.063569+00:00,65.7,61,bid,,,5815762
2026-07-16T02:17:47.067333,2026-07-16T02:17:47.074121+00:00,65.7,30,bid,,,5815763
2026-07-16T02:17:47.075860,2026-07-16T02:17:47.084649+00:00,65.7,55,bid,,,5815764
2026-07-16T02:17:48.458770,2026-07-16T02:17:48.461812+00:00,65.6,6,ask,,,5815787
2026-07-16T02:17:48.458770,2026-07-16T02:17:48.472331+00:00,65.5,44,ask,,,5815788
2026-07-16T02:17:50.150821,2026-07-16T02:17:50.162413+00:00,65.7,80,bid,,,5815820
2026-07-16T02:17:50.150821,2026-07-16T02:17:50.162413+00:00,65.7,50,bid,,,5815821
2026-07-16T02:17:50.150821,2026-07-16T02:17:50.162413+00:00,65.8,20,bid,,,5815822
2026-07-16T02:17:50.429883,2026-07-16T02:17:50.438848+00:00,65.7,3,bid,,,5815832
2026-07-16T02:17:50.570893,2026-07-16T02:17:50.575937+00:00,65.7,10,ask,,,5815834
2026-07-16T02:17:50.570893,2026-07-16T02:17:50.575937+00:00,65.6,40,ask,,,5815835
2026-07-16T02:17:50.978177,2026-07-16T02:17:50.990303+00:00,65.8,30,bid,,,5815848
2026-07-16T02:17:50.984054,2026-07-16T02:17:50.990303+00:00,65.8,23,bid,,,5815849
2026-07-16T02:17:50.984054,2026-07-16T02:17:50.990303+00:00,65.8,5,bid,,,5815850
2026-07-16T02:17:51.027592,2026-07-16T02:17:51.032594+00:00,65.8,30,bid,,,5815854
2026-07-16T02:17:51.080955,2026-07-16T02:17:51.085349+00:00,65.8,10,bid,,,5815856
2026-07-16T02:17:52.716346,2026-07-16T02:17:52.724935+00:00,65.9,10,ask,,,5815883
2026-07-16T02:17:52.716346,2026-07-16T02:17:52.724935+00:00,65.9,40,ask,,,5815884
2026-07-16T02:17:52.886417,2026-07-16T02:17:52.893332+00:00,66.0,25,bid,,,5815888
2026-07-16T02:17:53.386852,2026-07-16T02:17:53.390240+00:00,65.9,80,ask,,,5815899
2026-07-16T02:17:53.386852,2026-07-16T02:17:53.400983+00:00,65.9,20,ask,,,5815900
2026-07-16T02:17:53.386852,2026-07-16T02:17:53.400983+00:00,65.9,50,ask,,,5815901
2026-07-16T02:17:53.796819,2026-07-16T02:17:53.802940+00:00,65.9,5,bid,,,5815906
2026-07-16T02:17:54.827104,2026-07-16T02:17:54.833952+00:00,65.8,38,ask,,,5815920
2026-07-16T02:17:54.827104,2026-07-16T02:17:54.833952+00:00,65.8,12,ask,,,5815921
2026-07-16T02:17:55.201798,2026-07-16T02:17:55.212050+00:00,66.0,46,bid,,,5815928
2026-07-16T02:17:56.505689,2026-07-16T02:17:56.525556+00:00,65.9,43,bid,,,5815950
2026-07-16T02:17:56.505689,2026-07-16T02:17:56.525556+00:00,65.9,50,bid,,,5815951
2026-07-16T02:17:56.520521,2026-07-16T02:17:56.525556+00:00,65.9,3,ask,,,5815952
2026-07-16T02:17:56.540637,2026-07-16T02:17:56.547123+00:00,65.9,14,ask,,,5815955
2026-07-16T02:17:56.724651,2026-07-16T02:17:56.727242+00:00,65.9,1,ask,,,5815958
2026-07-16T02:17:56.969128,2026-07-16T02:17:56.991136+00:00,65.9,39,ask,,,5815961
2026-07-16T02:17:56.969128,2026-07-16T02:17:56.991136+00:00,65.8,11,ask,,,5815962
2026-07-16T02:17:59.080934,2026-07-16T02:17:59.083282+00:00,65.9,14,ask,,,5815995
2026-07-16T02:17:59.080934,2026-07-16T02:17:59.093804+00:00,65.9,36,ask,,,5815996
2026-07-16T02:17:59.684360,2026-07-16T02:17:59.694901+00:00,66.0,5,bid,,,5816007
2026-07-16T02:17:59.991509,2026-07-16T02:18:00.000377+00:00,65.9,10,ask,,,5816010
2026-07-16T02:17:59.991509,2026-07-16T02:18:00.000377+00:00,65.9,31,ask,,,5816011
2026-07-16T02:18:01.190960,2026-07-16T02:18:01.199198+00:00,65.9,10,ask,,,5816024
2026-07-16T02:18:01.190960,2026-07-16T02:18:01.199198+00:00,65.8,10,ask,,,5816025
2026-07-16T02:18:01.190960,2026-07-16T02:18:01.199198+00:00,65.8,1,ask,,,5816026
2026-07-16T02:18:01.190960,2026-07-16T02:18:01.199198+00:00,65.7,10,ask,,,5816027
2026-07-16T02:18:01.190960,2026-07-16T02:18:01.209740+00:00,65.7,19,ask,,,5816028
2026-07-16T02:18:02.240621,2026-07-16T02:18:02.249740+00:00,65.8,11,bid,,,5816045
2026-07-16T02:18:02.914042,2026-07-16T02:18:02.922448+00:00,65.8,25,bid,,,5816054
2026-07-16T02:18:03.310059,2026-07-16T02:18:03.312690+00:00,65.6,6,ask,,,5816067
2026-07-16T02:18:03.310059,2026-07-16T02:18:03.323220+00:00,65.5,44,ask,,,5816068
2026-07-16T02:18:04.137487,2026-07-16T02:18:04.156243+00:00,65.8,2,bid,,,5816080
2026-07-16T02:18:04.137487,2026-07-16T02:18:04.156243+00:00,65.8,1,bid,,,5816081
2026-07-16T02:18:04.206282,2026-07-16T02:18:04.219483+00:00,65.8,14,bid,,,5816083
2026-07-16T02:18:04.375575,2026-07-16T02:18:04.378315+00:00,65.8,71,bid,,,5816089
2026-07-16T02:18:04.822440,2026-07-16T02:18:04.831987+00:00,65.8,50,bid,,,5816097
2026-07-16T02:18:04.894842,2026-07-16T02:18:04.905532+00:00,65.8,2,bid,,,5816100
2026-07-16T02:18:05.058707,2026-07-16T02:18:05.063246+00:00,65.8,10,bid,,,5816108
2026-07-16T02:18:05.433185,2026-07-16T02:18:05.441234+00:00,65.7,9,ask,,,5816114
2026-07-16T02:18:05.433185,2026-07-16T02:18:05.441234+00:00,65.6,9,ask,,,5816115
2026-07-16T02:18:05.433185,2026-07-16T02:18:05.441234+00:00,65.6,20,ask,,,5816116
2026-07-16T02:18:05.433185,2026-07-16T02:18:05.451773+00:00,65.5,12,ask,,,5816117
2026-07-16T02:18:05.853673,2026-07-16T02:18:05.861255+00:00,65.8,2,bid,,,5816121
2026-07-16T02:18:05.853673,2026-07-16T02:18:05.861255+00:00,65.8,20,bid,,,5816122
2026-07-16T02:18:05.853673,2026-07-16T02:18:05.861255+00:00,65.8,3,bid,,,5816123
2026-07-16T02:18:06.053701,2026-07-16T02:18:06.062147+00:00,65.9,6,bid,,,5816127
2026-07-16T02:18:06.053701,2026-07-16T02:18:06.062147+00:00,65.9,100,bid,,,5816128
2026-07-16T02:18:06.053701,2026-07-16T02:18:06.062147+00:00,65.9,44,bid,,,5816129
2026-07-16T02:18:06.282893,2026-07-16T02:18:06.293176+00:00,65.9,5,bid,,,5816132
2026-07-16T02:18:06.683557,2026-07-16T02:18:06.692736+00:00,65.9,3,bid,,,5816139
2026-07-16T02:18:07.548082,2026-07-16T02:18:07.557624+00:00,65.6,17,ask,,,5816152
2026-07-16T02:18:07.548082,2026-07-16T02:18:07.557624+00:00,65.5,6,ask,,,5816153
2026-07-16T02:18:07.548082,2026-07-16T02:18:07.557624+00:00,65.4,27,ask,,,5816154
2026-07-16T02:18:07.929769,2026-07-16T02:18:07.935479+00:00,65.9,25,bid,,,5816161
2026-07-16T02:18:08.452986,2026-07-16T02:18:08.460835+00:00,65.7,3,ask,,,5816171
2026-07-16T02:18:08.452986,2026-07-16T02:18:08.460835+00:00,65.6,20,ask,,,5816172
2026-07-16T02:18:08.452986,2026-07-16T02:18:08.460835+00:00,65.6,3,ask,,,5816173
2026-07-16T02:18:08.452986,2026-07-16T02:18:08.460835+00:00,65.4,17,ask,,,5816174
2026-07-16T02:18:08.925383,2026-07-16T02:18:08.935554+00:00,65.7,1,bid,,,5816184
2026-07-16T02:18:09.481671,2026-07-16T02:18:09.487226+00:00,65.8,47,bid,,,5816192
2026-07-16T02:18:10.533868,2026-07-16T02:18:10.543644+00:00,65.8,16,bid,,,5816210
2026-07-16T02:18:11.733733,2026-07-16T02:18:11.743415+00:00,65.8,50,bid,,,5816224
2026-07-16T02:18:12.390159,2026-07-16T02:18:12.394083+00:00,65.8,80,bid,,,5816236
2026-07-16T02:18:12.647304,2026-07-16T02:18:12.652587+00:00,65.9,3,ask,,,5816243
2026-07-16T02:18:12.691094,2026-07-16T02:18:12.694584+00:00,65.9,14,ask,,,5816247
2026-07-16T02:18:12.992160,2026-07-16T02:18:12.998122+00:00,65.9,53,ask,,,5816250
2026-07-16T02:18:12.992160,2026-07-16T02:18:12.998122+00:00,65.9,47,ask,,,5816251
2026-07-16T02:18:13.160649,2026-07-16T02:18:13.166225+00:00,65.9,20,ask,,,5816252
2026-07-16T02:18:13.160649,2026-07-16T02:18:13.166225+00:00,65.7,28,ask,,,5816253
2026-07-16T02:18:13.843896,2026-07-16T02:18:13.849383+00:00,65.9,50,bid,,,5816263
2026-07-16T02:18:15.610858,2026-07-16T02:18:15.615236+00:00,65.7,48,ask,,,5816290
2026-07-16T02:18:15.610858,2026-07-16T02:18:15.615236+00:00,65.7,10,ask,,,5816291
2026-07-16T02:18:15.610858,2026-07-16T02:18:15.632575+00:00,65.7,3,ask,,,5816292
2026-07-16T02:18:15.610858,2026-07-16T02:18:15.632575+00:00,65.6,6,ask,,,5816293
2026-07-16T02:18:15.627473,2026-07-16T02:18:15.632575+00:00,65.6,3,bid,,,5816294
2026-07-16T02:18:15.636381,2026-07-16T02:18:15.643128+00:00,65.6,5,bid,,,5816295
2026-07-16T02:18:15.805314,2026-07-16T02:18:15.812935+00:00,65.6,14,bid,,,5816300
2026-07-16T02:18:15.830302,2026-07-16T02:18:15.834038+00:00,65.6,5,bid,,,5816302
2026-07-16T02:18:15.951468,2026-07-16T02:18:15.960603+00:00,65.6,50,bid,,,5816305
2026-07-16T02:18:16.014606,2026-07-16T02:18:16.023902+00:00,65.6,6,bid,,,5816309
2026-07-16T02:18:17.087148,2026-07-16T02:18:17.096041+00:00,65.7,25,bid,,,5816324
2026-07-16T02:18:17.094760,2026-07-16T02:18:17.106625+00:00,65.7,2,bid,,,5816325
2026-07-16T02:18:17.364212,2026-07-16T02:18:17.369100+00:00,65.7,11,bid,,,5816332
2026-07-16T02:18:17.364454,2026-07-16T02:18:17.379790+00:00,65.7,13,bid,,,5816333
2026-07-16T02:18:17.373914,2026-07-16T02:18:17.379790+00:00,65.7,23,bid,,,5816334
2026-07-16T02:18:17.393479,2026-07-16T02:18:17.400959+00:00,65.9,14,bid,,,5816336
2026-07-16T02:18:18.269277,2026-07-16T02:18:18.274362+00:00,65.9,6,bid,,,5816350
2026-07-16T02:18:18.269277,2026-07-16T02:18:18.274362+00:00,65.9,20,bid,,,5816351
2026-07-16T02:18:18.269277,2026-07-16T02:18:18.284953+00:00,65.9,19,bid,,,5816352
2026-07-16T02:18:18.510995,2026-07-16T02:18:18.516305+00:00,65.9,5,bid,,,5816355
2026-07-16T02:18:18.776464,2026-07-16T02:18:18.793018+00:00,65.8,14,ask,,,5816366
2026-07-16T02:18:18.776630,2026-07-16T02:18:18.793018+00:00,65.8,74,ask,,,5816367
2026-07-16T02:18:18.812597,2026-07-16T02:18:18.814631+00:00,65.8,30,ask,,,5816369
2026-07-16T02:18:18.870133,2026-07-16T02:18:18.878590+00:00,65.8,30,ask,,,5816373
2026-07-16T02:18:18.877125,2026-07-16T02:18:18.878590+00:00,65.8,2,ask,,,5816374
2026-07-16T02:18:18.952318,2026-07-16T02:18:18.963150+00:00,65.9,49,bid,,,5816376
2026-07-16T02:18:19.725669,2026-07-16T02:18:19.729946+00:00,65.6,23,bid,,,5816387
2026-07-16T02:18:20.213574,2026-07-16T02:18:20.225213+00:00,65.7,37,bid,,,5816401
2026-07-16T02:18:20.213574,2026-07-16T02:18:20.225213+00:00,65.7,13,bid,,,5816402
2026-07-16T02:18:20.326018,2026-07-16T02:18:20.330316+00:00,65.7,3,bid,,,5816403
2026-07-16T02:18:20.551104,2026-07-16T02:18:20.561481+00:00,65.7,30,bid,,,5816405
2026-07-16T02:18:20.565464,2026-07-16T02:18:20.572004+00:00,65.7,4,bid,,,5816406
2026-07-16T02:18:20.637163,2026-07-16T02:18:20.645712+00:00,65.5,42,ask,,,5816408
2026-07-16T02:18:21.777286,2026-07-16T02:18:21.786668+00:00,65.6,47,ask,,,5816430
2026-07-16T02:18:21.989225,2026-07-16T02:18:21.996237+00:00,65.6,33,ask,,,5816431
2026-07-16T02:18:21.999812,2026-07-16T02:18:22.006799+00:00,65.5,50,bid,,,5816432
2026-07-16T02:18:22.015807,2026-07-16T02:18:22.027990+00:00,65.5,15,bid,,,5816434
2026-07-16T02:18:22.016033,2026-07-16T02:18:22.027990+00:00,65.5,25,bid,,,5816435
2026-07-16T02:18:22.028662,2026-07-16T02:18:22.038591+00:00,65.5,24,bid,,,5816436
2026-07-16T02:18:22.044885,2026-07-16T02:18:22.049190+00:00,65.5,3,bid,,,5816439
2026-07-16T02:18:22.080362,2026-07-16T02:18:22.091221+00:00,65.7,2,bid,,,5816442
2026-07-16T02:18:22.963632,2026-07-16T02:18:22.973984+00:00,65.7,25,bid,,,5816458
2026-07-16T02:18:22.992701,2026-07-16T02:18:22.995118+00:00,65.7,25,bid,,,5816460
2026-07-16T02:18:23.046857,2026-07-16T02:18:23.058556+00:00,65.7,25,bid,,,5816465
2026-07-16T02:18:23.357039,2026-07-16T02:18:23.362294+00:00,65.8,20,bid,,,5816467
2026-07-16T02:18:23.385806,2026-07-16T02:18:23.393984+00:00,65.8,6,bid,,,5816468
2026-07-16T02:18:23.926646,2026-07-16T02:18:23.931063+00:00,65.9,5,bid,,,5816476
2026-07-16T02:18:24.453420,2026-07-16T02:18:24.465651+00:00,65.8,6,bid,,,5816492
2026-07-16T02:18:24.453420,2026-07-16T02:18:24.465651+00:00,65.8,16,bid,,,5816493
2026-07-16T02:18:24.453420,2026-07-16T02:18:24.465651+00:00,65.8,28,bid,,,5816494
2026-07-16T02:18:24.929232,2026-07-16T02:18:24.939615+00:00,65.8,5,bid,,,5816497
2026-07-16T02:18:24.970684,2026-07-16T02:18:24.981466+00:00,65.7,9,ask,,,5816498
2026-07-16T02:18:25.405396,2026-07-16T02:18:25.411688+00:00,65.8,23,bid,,,5816504
2026-07-16T02:18:25.405849,2026-07-16T02:18:25.422437+00:00,65.8,27,bid,,,5816506
2026-07-16T02:18:25.405849,2026-07-16T02:18:25.422437+00:00,65.8,9,bid,,,5816507
2026-07-16T02:18:25.442599,2026-07-16T02:18:25.454110+00:00,65.9,25,bid,,,5816510
2026-07-16T02:18:25.869264,2026-07-16T02:18:25.874850+00:00,65.9,20,bid,,,5816518
2026-07-16T02:18:26.251371,2026-07-16T02:18:26.253692+00:00,65.9,25,bid,,,5816530
2026-07-16T02:18:26.386354,2026-07-16T02:18:26.389812+00:00,65.9,35,bid,,,5816531
2026-07-16T02:18:26.386354,2026-07-16T02:18:26.400299+00:00,66.0,6,bid,,,5816532
2026-07-16T02:18:26.577231,2026-07-16T02:18:26.600890+00:00,66.0,43,bid,,,5816534
2026-07-16T02:18:26.577231,2026-07-16T02:18:26.600890+00:00,66.1,7,bid,,,5816535
2026-07-16T02:18:26.645756,2026-07-16T02:18:26.654226+00:00,66.0,5,bid,,,5816536
2026-07-16T02:18:26.732235,2026-07-16T02:18:26.738218+00:00,65.9,3,ask,,,5816540
2026-07-16T02:18:26.869061,2026-07-16T02:18:26.876308+00:00,65.9,17,ask,,,5816544
2026-07-16T02:18:26.869061,2026-07-16T02:18:26.876308+00:00,65.9,11,ask,,,5816545
2026-07-16T02:18:27.297734,2026-07-16T02:18:27.308385+00:00,65.9,10,ask,,,5816557
2026-07-16T02:18:27.297734,2026-07-16T02:18:27.308385+00:00,65.9,52,ask,,,5816558
2026-07-16T02:18:27.817914,2026-07-16T02:18:27.822494+00:00,66.0,40,bid,,,5816562
2026-07-16T02:18:28.321077,2026-07-16T02:18:28.326474+00:00,65.9,10,ask,,,5816576
2026-07-16T02:18:28.321077,2026-07-16T02:18:28.326474+00:00,65.9,50,ask,,,5816577
2026-07-16T02:18:29.569327,2026-07-16T02:18:29.574319+00:00,65.9,3,bid,,,5816597
2026-07-16T02:18:29.774120,2026-07-16T02:18:29.785744+00:00,65.8,44,ask,,,5816599
2026-07-16T02:18:30.877714,2026-07-16T02:18:30.888248+00:00,65.9,10,ask,,,5816607
2026-07-16T02:18:30.877714,2026-07-16T02:18:30.888248+00:00,65.8,40,ask,,,5816608
2026-07-16T02:18:31.353231,2026-07-16T02:18:31.359642+00:00,66.0,33,bid,,,5816612
2026-07-16T02:18:31.353231,2026-07-16T02:18:31.359642+00:00,66.0,13,bid,,,5816613
2026-07-16T02:18:31.423167,2026-07-16T02:18:31.434436+00:00,65.9,9,ask,,,5816614
2026-07-16T02:18:31.423167,2026-07-16T02:18:31.434436+00:00,65.9,31,ask,,,5816615
2026-07-16T02:18:32.847697,2026-07-16T02:18:32.851707+00:00,65.9,10,ask,,,5816632
2026-07-16T02:18:32.847697,2026-07-16T02:18:32.851707+00:00,65.9,30,ask,,,5816633
2026-07-16T02:18:32.994954,2026-07-16T02:18:32.999554+00:00,65.9,50,ask,,,5816636
2026-07-16T02:18:33.347199,2026-07-16T02:18:33.359310+00:00,65.9,22,ask,,,5816651
2026-07-16T02:18:33.347199,2026-07-16T02:18:33.359310+00:00,65.9,20,ask,,,5816652
2026-07-16T02:18:33.370240,2026-07-16T02:18:33.380632+00:00,65.8,30,ask,,,5816655
2026-07-16T02:18:33.395309,2026-07-16T02:18:33.402309+00:00,65.8,61,ask,,,5816656
2026-07-16T02:18:33.410552,2026-07-16T02:18:33.413005+00:00,65.8,2,ask,,,5816658
2026-07-16T02:18:33.420460,2026-07-16T02:18:33.424019+00:00,65.8,7,ask,,,5816660
2026-07-16T02:18:33.440043,2026-07-16T02:18:33.445522+00:00,65.7,6,ask,,,5816663
2026-07-16T02:18:33.502747,2026-07-16T02:18:33.508958+00:00,66.0,7,bid,,,5816665
2026-07-16T02:18:33.502747,2026-07-16T02:18:33.508958+00:00,66.0,33,bid,,,5816666
2026-07-16T02:18:35.070216,2026-07-16T02:18:35.084063+00:00,65.6,50,bid,,,5816699
2026-07-16T02:18:35.096490,2026-07-16T02:18:35.105161+00:00,65.6,38,bid,,,5816701
2026-07-16T02:18:35.103865,2026-07-16T02:18:35.115758+00:00,65.6,12,bid,,,5816702
2026-07-16T02:18:35.103865,2026-07-16T02:18:35.115758+00:00,65.6,8,bid,,,5816703
2026-07-16T02:18:35.114787,2026-07-16T02:18:35.126398+00:00,65.6,18,bid,,,5816705
2026-07-16T02:18:35.291311,2026-07-16T02:18:35.294753+00:00,65.6,10,bid,,,5816707
2026-07-16T02:18:35.306157,2026-07-16T02:18:35.315840+00:00,65.6,14,bid,,,5816709
2026-07-16T02:18:36.171261,2026-07-16T02:18:36.179973+00:00,65.8,20,bid,,,5816731
2026-07-16T02:18:36.188983,2026-07-16T02:18:36.190686+00:00,65.8,28,bid,,,5816732
2026-07-16T02:18:36.203437,2026-07-16T02:18:36.212036+00:00,65.8,44,bid,,,5816734
2026-07-16T02:18:37.237862,2026-07-16T02:18:37.240207+00:00,65.7,9,ask,,,5816749
2026-07-16T02:18:37.237862,2026-07-16T02:18:37.250672+00:00,65.7,30,ask,,,5816750
2026-07-16T02:18:37.237862,2026-07-16T02:18:37.250672+00:00,65.6,10,ask,,,5816751
2026-07-16T02:18:37.237862,2026-07-16T02:18:37.250672+00:00,65.6,1,ask,,,5816752
2026-07-16T02:18:38.429085,2026-07-16T02:18:38.438197+00:00,65.7,42,ask,,,5816778
2026-07-16T02:18:39.031539,2026-07-16T02:18:39.038277+00:00,65.8,43,bid,,,5816792
2026-07-16T02:18:39.323350,2026-07-16T02:18:39.334532+00:00,65.8,50,bid,,,5816796
2026-07-16T02:18:39.642943,2026-07-16T02:18:39.652145+00:00,65.7,49,ask,,,5816800
2026-07-16T02:18:40.062156,2026-07-16T02:18:40.070453+00:00,65.8,20,bid,,,5816812
2026-07-16T02:18:40.132250,2026-07-16T02:18:40.143915+00:00,65.8,10,bid,,,5816815
2026-07-16T02:18:40.132250,2026-07-16T02:18:40.143915+00:00,65.9,6,bid,,,5816816
2026-07-16T02:18:40.132250,2026-07-16T02:18:40.143915+00:00,66.1,27,bid,,,5816817
2026-07-16T02:18:41.431160,2026-07-16T02:18:41.436557+00:00,65.9,50,bid,,,5816829
2026-07-16T02:18:41.975287,2026-07-16T02:18:41.985989+00:00,65.8,48,ask,,,5816836
2026-07-16T02:18:44.569682,2026-07-16T02:18:44.574992+00:00,65.8,10,ask,,,5816888
2026-07-16T02:18:44.569682,2026-07-16T02:18:44.574992+00:00,65.8,28,ask,,,5816889
2026-07-16T02:18:44.667122,2026-07-16T02:18:44.670056+00:00,65.8,14,ask,,,5816891
2026-07-16T02:18:44.676903,2026-07-16T02:18:44.680742+00:00,65.8,18,ask,,,5816893
2026-07-16T02:18:45.027464,2026-07-16T02:18:45.038790+00:00,65.8,1,ask,,,5816896
2026-07-16T02:18:45.702654,2026-07-16T02:18:45.713025+00:00,65.8,1,bid,,,5816905
2026-07-16T02:18:45.713681,2026-07-16T02:18:45.723740+00:00,65.7,50,ask,,,5816907
2026-07-16T02:18:46.727044,2026-07-16T02:18:46.735140+00:00,65.8,1,bid,,,5816923
2026-07-16T02:18:47.364625,2026-07-16T02:18:47.367866+00:00,65.8,44,bid,,,5816939
2026-07-16T02:18:47.802790,2026-07-16T02:18:47.820214+00:00,65.8,1,bid,,,5816946
2026-07-16T02:18:47.849733,2026-07-16T02:18:47.851913+00:00,65.7,20,ask,,,5816949
2026-07-16T02:18:47.849733,2026-07-16T02:18:47.862458+00:00,65.7,30,ask,,,5816950
2026-07-16T02:18:47.959141,2026-07-16T02:18:47.968164+00:00,65.7,20,ask,,,5816954
2026-07-16T02:18:48.517211,2026-07-16T02:18:48.528058+00:00,65.5,49,ask,,,5816964
2026-07-16T02:18:49.960978,2026-07-16T02:18:49.973392+00:00,65.6,9,ask,,,5816984
2026-07-16T02:18:49.960978,2026-07-16T02:18:49.973392+00:00,65.6,29,ask,,,5816985
2026-07-16T02:18:49.960978,2026-07-16T02:18:49.973392+00:00,65.6,10,ask,,,5816986
2026-07-16T02:18:49.960978,2026-07-16T02:18:49.973392+00:00,65.5,2,ask,,,5816987
2026-07-16T02:18:50.221177,2026-07-16T02:18:50.230424+00:00,65.5,20,bid,,,5816992
2026-07-16T02:18:50.221177,2026-07-16T02:18:50.230424+00:00,65.6,7,bid,,,5816993
2026-07-16T02:18:50.509553,2026-07-16T02:18:50.521038+00:00,65.7,46,bid,,,5816997
2026-07-16T02:18:50.509553,2026-07-16T02:18:50.521038+00:00,65.7,3,bid,,,5816998
2026-07-16T02:18:50.587404,2026-07-16T02:18:50.592457+00:00,65.7,3,bid,,,5817006
2026-07-16T02:18:50.591715,2026-07-16T02:18:50.603183+00:00,65.7,34,bid,,,5817007
2026-07-16T02:18:50.631100,2026-07-16T02:18:50.636763+00:00,65.7,10,bid,,,5817012
2026-07-16T02:18:50.631100,2026-07-16T02:18:50.636763+00:00,65.7,15,bid,,,5817013
2026-07-16T02:18:50.664766,2026-07-16T02:18:50.668541+00:00,65.7,13,bid,,,5817014
2026-07-16T02:18:50.808834,2026-07-16T02:18:50.816352+00:00,65.7,6,bid,,,5817017
2026-07-16T02:18:50.808834,2026-07-16T02:18:50.816352+00:00,65.7,22,bid,,,5817018
2026-07-16T02:18:50.836701,2026-07-16T02:18:50.853080+00:00,65.7,82,bid,,,5817022
2026-07-16T02:18:50.881493,2026-07-16T02:18:50.885316+00:00,65.7,46,bid,,,5817026
2026-07-16T02:18:50.948413,2026-07-16T02:18:50.960751+00:00,65.8,20,bid,,,5817029
2026-07-16T02:18:51.065037,2026-07-16T02:18:51.076661+00:00,65.8,48,bid,,,5817031
2026-07-16T02:18:51.574953,2026-07-16T02:18:51.582206+00:00,65.8,20,bid,,,5817038
2026-07-16T02:18:51.916795,2026-07-16T02:18:51.927911+00:00,65.8,12,bid,,,5817042
2026-07-16T02:18:51.916795,2026-07-16T02:18:51.927911+00:00,65.8,13,bid,,,5817043
2026-07-16T02:18:52.061388,2026-07-16T02:18:52.075979+00:00,65.9,6,bid,,,5817049
2026-07-16T02:18:52.429842,2026-07-16T02:18:52.434174+00:00,65.8,5,bid,,,5817051
2026-07-16T02:18:53.660262,2026-07-16T02:18:53.665097+00:00,65.7,43,ask,,,5817071
2026-07-16T02:18:53.733612,2026-07-16T02:18:53.738938+00:00,65.8,60,bid,,,5817072
2026-07-16T02:18:53.733612,2026-07-16T02:18:53.738938+00:00,65.8,20,bid,,,5817073
2026-07-16T02:18:53.733612,2026-07-16T02:18:53.749567+00:00,65.8,50,bid,,,5817074
2026-07-16T02:18:53.733612,2026-07-16T02:18:53.749567+00:00,65.9,6,bid,,,5817075
2026-07-16T02:18:53.733612,2026-07-16T02:18:53.749567+00:00,65.9,14,bid,,,5817076
2026-07-16T02:18:54.053330,2026-07-16T02:18:54.055898+00:00,65.8,5,bid,,,5817083
2026-07-16T02:18:54.169290,2026-07-16T02:18:54.171519+00:00,65.8,10,bid,,,5817087
2026-07-16T02:18:54.169290,2026-07-16T02:18:54.182030+00:00,65.8,40,bid,,,5817088
2026-07-16T02:18:54.295771,2026-07-16T02:18:54.297549+00:00,65.8,10,bid,,,5817091
2026-07-16T02:18:54.485785,2026-07-16T02:18:54.488085+00:00,65.8,3,bid,,,5817095
2026-07-16T02:18:54.542941,2026-07-16T02:18:54.548335+00:00,65.7,3,ask,,,5817100
2026-07-16T02:18:54.628276,2026-07-16T02:18:54.633062+00:00,65.7,14,ask,,,5817102
2026-07-16T02:18:54.994158,2026-07-16T02:18:55.002717+00:00,65.7,40,ask,,,5817107
2026-07-16T02:18:54.994158,2026-07-16T02:18:55.002717+00:00,65.7,34,ask,,,5817108
2026-07-16T02:18:54.994158,2026-07-16T02:18:55.002717+00:00,65.7,20,ask,,,5817109
2026-07-16T02:18:55.867447,2026-07-16T02:18:55.875294+00:00,65.8,1,bid,,,5817120
2026-07-16T02:18:56.281945,2026-07-16T02:18:56.289091+00:00,65.8,50,bid,,,5817125
2026-07-16T02:18:56.987433,2026-07-16T02:18:56.994496+00:00,65.7,10,ask,,,5817138
2026-07-16T02:18:56.987433,2026-07-16T02:18:56.994496+00:00,65.7,80,ask,,,5817139
2026-07-16T02:18:56.987433,2026-07-16T02:18:56.994496+00:00,65.7,50,ask,,,5817140
2026-07-16T02:18:57.411209,2026-07-16T02:18:57.415596+00:00,65.7,1,bid,,,5817150
2026-07-16T02:18:58.390534,2026-07-16T02:18:58.394902+00:00,65.7,9,bid,,,5817159
2026-07-16T02:18:58.390534,2026-07-16T02:18:58.405449+00:00,65.7,41,bid,,,5817160
2026-07-16T02:18:58.509651,2026-07-16T02:18:58.520346+00:00,65.6,10,ask,,,5817168
2026-07-16T02:18:58.509651,2026-07-16T02:18:58.520346+00:00,65.6,10,ask,,,5817169
2026-07-16T02:18:58.509651,2026-07-16T02:18:58.520346+00:00,65.6,41,ask,,,5817170
2026-07-16T02:18:58.523364,2026-07-16T02:18:58.530990+00:00,65.6,9,ask,,,5817171
2026-07-16T02:18:58.548636,2026-07-16T02:18:58.552262+00:00,65.6,6,ask,,,5817175
2026-07-16T02:18:59.835213,2026-07-16T02:18:59.841812+00:00,65.5,14,bid,,,5817197
2026-07-16T02:18:59.896607,2026-07-16T02:18:59.915786+00:00,65.5,6,bid,,,5817201
2026-07-16T02:18:59.896607,2026-07-16T02:18:59.915786+00:00,65.5,9,bid,,,5817202
2026-07-16T02:18:59.971213,2026-07-16T02:18:59.978937+00:00,65.5,28,bid,,,5817205
2026-07-16T02:18:59.980323,2026-07-16T02:19:00.000263+00:00,65.5,10,bid,,,5817206
2026-07-16T02:18:59.980783,2026-07-16T02:19:00.010826+00:00,65.5,33,bid,,,5817207
2026-07-16T02:19:00.057666,2026-07-16T02:19:00.074109+00:00,65.5,9,bid,,,5817211
2026-07-16T02:19:00.169959,2026-07-16T02:19:00.190053+00:00,65.6,100,bid,,,5817223
2026-07-16T02:19:00.169959,2026-07-16T02:19:00.190053+00:00,65.7,6,bid,,,5817224
2026-07-16T02:19:00.246347,2026-07-16T02:19:00.252053+00:00,65.9,14,ask,,,5817229
2026-07-16T02:19:00.265011,2026-07-16T02:19:00.273985+00:00,65.9,30,ask,,,5817231
2026-07-16T02:19:00.531970,2026-07-16T02:19:00.538053+00:00,66.2,45,bid,,,5817234
2026-07-16T02:19:00.531970,2026-07-16T02:19:00.538053+00:00,66.3,5,bid,,,5817235
2026-07-16T02:19:00.707013,2026-07-16T02:19:00.716925+00:00,65.9,10,ask,,,5817238
2026-07-16T02:19:00.751107,2026-07-16T02:19:00.758974+00:00,65.8,6,ask,,,5817240
2026-07-16T02:19:00.751107,2026-07-16T02:19:00.758974+00:00,65.8,22,ask,,,5817241
2026-07-16T02:19:01.024727,2026-07-16T02:19:01.031600+00:00,65.9,20,ask,,,5817244
2026-07-16T02:19:01.073693,2026-07-16T02:19:01.084210+00:00,65.9,30,ask,,,5817246
2026-07-16T02:19:01.187877,2026-07-16T02:19:01.190072+00:00,65.9,37,ask,,,5817253
2026-07-16T02:19:01.217856,2026-07-16T02:19:01.232331+00:00,65.9,30,ask,,,5817256
2026-07-16T02:19:01.227851,2026-07-16T02:19:01.232331+00:00,65.9,10,ask,,,5817257
2026-07-16T02:19:01.244268,2026-07-16T02:19:01.293212+00:00,65.9,3,ask,,,5817262
2026-07-16T02:19:01.254585,2026-07-16T02:19:01.293212+00:00,65.8,9,ask,,,5817263
2026-07-16T02:19:02.585797,2026-07-16T02:19:02.591059+00:00,65.7,3,bid,,,5817291
2026-07-16T02:19:02.586086,2026-07-16T02:19:02.601751+00:00,65.7,17,bid,,,5817292
2026-07-16T02:19:02.649940,2026-07-16T02:19:02.654531+00:00,65.8,6,bid,,,5817296
2026-07-16T02:19:02.649940,2026-07-16T02:19:02.654531+00:00,65.8,44,bid,,,5817297
2026-07-16T02:19:02.718179,2026-07-16T02:19:02.728577+00:00,65.8,10,bid,,,5817298
2026-07-16T02:19:02.718179,2026-07-16T02:19:02.728577+00:00,65.8,7,bid,,,5817299
2026-07-16T02:19:02.833547,2026-07-16T02:19:02.844502+00:00,65.7,49,ask,,,5817302
2026-07-16T02:19:03.252020,2026-07-16T02:19:03.255599+00:00,65.8,3,bid,,,5817310
2026-07-16T02:19:03.252020,2026-07-16T02:19:03.266132+00:00,65.8,2,bid,,,5817311
2026-07-16T02:19:03.359297,2026-07-16T02:19:03.360915+00:00,66.2,10,bid,,,5817315
2026-07-16T02:19:03.359297,2026-07-16T02:19:03.371470+00:00,66.2,35,bid,,,5817316
2026-07-16T02:19:03.412105,2026-07-16T02:19:03.414038+00:00,65.8,2,bid,,,5817317
2026-07-16T02:19:03.475034,2026-07-16T02:19:03.477764+00:00,65.8,4,bid,,,5817322
2026-07-16T02:19:03.919754,2026-07-16T02:19:03.952963+00:00,65.7,51,ask,,,5817340
2026-07-16T02:19:03.919754,2026-07-16T02:19:03.952963+00:00,65.7,15,ask,,,5817341
2026-07-16T02:19:03.947509,2026-07-16T02:19:03.952963+00:00,65.7,3,ask,,,5817342
2026-07-16T02:19:03.955804,2026-07-16T02:19:03.963844+00:00,65.7,30,ask,,,5817343
2026-07-16T02:19:03.989268,2026-07-16T02:19:03.996001+00:00,65.7,5,ask,,,5817346
2026-07-16T02:19:03.989268,2026-07-16T02:19:03.996001+00:00,65.7,14,ask,,,5817347
2026-07-16T02:19:04.491242,2026-07-16T02:19:04.496254+00:00,65.5,3,bid,,,5817351
2026-07-16T02:19:04.786085,2026-07-16T02:19:04.802601+00:00,65.4,3,ask,,,5817360
2026-07-16T02:19:04.786333,2026-07-16T02:19:04.802601+00:00,65.5,50,bid,,,5817361
2026-07-16T02:19:05.271950,2026-07-16T02:19:05.275196+00:00,65.5,3,bid,,,5817368
2026-07-16T02:19:05.271950,2026-07-16T02:19:05.285820+00:00,65.5,17,bid,,,5817369
2026-07-16T02:19:05.398816,2026-07-16T02:19:05.401747+00:00,65.4,10,ask,,,5817372
2026-07-16T02:19:05.398816,2026-07-16T02:19:05.412300+00:00,65.4,19,ask,,,5817373
2026-07-16T02:19:05.398816,2026-07-16T02:19:05.412300+00:00,65.3,19,ask,,,5817374
2026-07-16T02:19:05.485388,2026-07-16T02:19:05.496756+00:00,65.5,2,bid,,,5817377
2026-07-16T02:19:05.916445,2026-07-16T02:19:05.927473+00:00,65.5,3,bid,,,5817390
2026-07-16T02:19:06.523114,2026-07-16T02:19:06.534929+00:00,65.5,2,bid,,,5817399
2026-07-16T02:19:06.708153,2026-07-16T02:19:06.719712+00:00,65.5,1,bid,,,5817406
2026-07-16T02:19:06.951083,2026-07-16T02:19:06.957246+00:00,65.4,10,ask,,,5817412
2026-07-16T02:19:06.951083,2026-07-16T02:19:06.957246+00:00,65.3,10,ask,,,5817413
2026-07-16T02:19:06.951083,2026-07-16T02:19:06.957246+00:00,65.2,10,ask,,,5817414
2026-07-16T02:19:06.951083,2026-07-16T02:19:06.967982+00:00,65.2,20,ask,,,5817415
2026-07-16T02:19:07.057909,2026-07-16T02:19:07.062679+00:00,65.5,38,bid,,,5817417
2026-07-16T02:19:07.068209,2026-07-16T02:19:07.073239+00:00,65.5,12,bid,,,5817418
2026-07-16T02:19:07.068209,2026-07-16T02:19:07.073239+00:00,65.5,18,bid,,,5817419
2026-07-16T02:19:07.084547,2026-07-16T02:19:07.094380+00:00,65.5,37,bid,,,5817421
2026-07-16T02:19:07.090121,2026-07-16T02:19:07.094380+00:00,65.5,33,bid,,,5817422
2026-07-16T02:19:07.111635,2026-07-16T02:19:07.115501+00:00,65.5,31,bid,,,5817425
2026-07-16T02:19:07.124348,2026-07-16T02:19:07.126167+00:00,65.5,30,bid,,,5817427
2026-07-16T02:19:07.155320,2026-07-16T02:19:07.157983+00:00,65.5,1,bid,,,5817430
2026-07-16T02:19:07.155320,2026-07-16T02:19:07.168630+00:00,65.5,32,bid,,,5817431
2026-07-16T02:19:07.214944,2026-07-16T02:19:07.221546+00:00,65.5,14,bid,,,5817432
2026-07-16T02:19:07.552350,2026-07-16T02:19:07.555387+00:00,65.5,2,bid,,,5817436
2026-07-16T02:19:07.974468,2026-07-16T02:19:07.975940+00:00,65.5,18,bid,,,5817445
2026-07-16T02:19:07.974468,2026-07-16T02:19:07.986580+00:00,65.5,15,bid,,,5817446
2026-07-16T02:19:07.983378,2026-07-16T02:19:07.986580+00:00,65.5,35,bid,,,5817447
2026-07-16T02:19:08.052303,2026-07-16T02:19:08.060266+00:00,65.6,7,bid,,,5817450
2026-07-16T02:19:08.096732,2026-07-16T02:19:08.102308+00:00,65.6,25,bid,,,5817454
2026-07-16T02:19:08.130979,2026-07-16T02:19:08.136377+00:00,65.6,1,bid,,,5817457
2026-07-16T02:19:08.320719,2026-07-16T02:19:08.331825+00:00,65.6,1,bid,,,5817463
2026-07-16T02:19:08.582340,2026-07-16T02:19:08.591180+00:00,65.6,8,bid,,,5817470
2026-07-16T02:19:08.588341,2026-07-16T02:19:08.591180+00:00,65.7,2,bid,,,5817471
2026-07-16T02:19:09.014653,2026-07-16T02:19:09.023874+00:00,65.7,50,bid,,,5817481
2026-07-16T02:19:09.653915,2026-07-16T02:19:09.657136+00:00,65.6,2,bid,,,5817497
2026-07-16T02:19:09.724788,2026-07-16T02:19:09.731771+00:00,65.6,13,bid,,,5817501
2026-07-16T02:19:09.724788,2026-07-16T02:19:09.731771+00:00,65.6,78,bid,,,5817502
2026-07-16T02:19:09.823646,2026-07-16T02:19:09.826645+00:00,65.6,41,ask,,,5817505
2026-07-16T02:19:10.584149,2026-07-16T02:19:10.594752+00:00,65.6,18,ask,,,5817517
2026-07-16T02:19:10.584149,2026-07-16T02:19:10.594752+00:00,65.6,20,ask,,,5817518
2026-07-16T02:19:10.614173,2026-07-16T02:19:10.615846+00:00,65.6,30,ask,,,5817523
2026-07-16T02:19:10.647642,2026-07-16T02:19:10.658057+00:00,65.6,30,ask,,,5817526
2026-07-16T02:19:10.676805,2026-07-16T02:19:10.679041+00:00,65.6,15,ask,,,5817529
2026-07-16T02:19:10.713649,2026-07-16T02:19:10.721267+00:00,65.6,5,ask,,,5817532
2026-07-16T02:19:10.713649,2026-07-16T02:19:10.721267+00:00,65.6,10,ask,,,5817533
2026-07-16T02:19:10.784494,2026-07-16T02:19:10.794795+00:00,65.6,5,ask,,,5817536
2026-07-16T02:19:11.125769,2026-07-16T02:19:11.131514+00:00,65.7,20,bid,,,5817539
2026-07-16T02:19:11.125769,2026-07-16T02:19:11.131514+00:00,65.7,30,bid,,,5817540
2026-07-16T02:19:11.775637,2026-07-16T02:19:11.782911+00:00,65.6,28,bid,,,5817549
2026-07-16T02:19:11.775637,2026-07-16T02:19:11.782911+00:00,65.6,12,bid,,,5817550
2026-07-16T02:19:11.899901,2026-07-16T02:19:11.915829+00:00,65.6,3,bid,,,5817559
2026-07-16T02:19:11.908129,2026-07-16T02:19:11.915829+00:00,65.6,35,bid,,,5817560
2026-07-16T02:19:11.971559,2026-07-16T02:19:11.979354+00:00,65.7,11,bid,,,5817566
2026-07-16T02:19:12.961257,2026-07-16T02:19:12.965461+00:00,65.7,20,bid,,,5817584
2026-07-16T02:19:12.965744,2026-07-16T02:19:12.976005+00:00,65.7,3,bid,,,5817585
2026-07-16T02:19:12.973123,2026-07-16T02:19:12.976005+00:00,65.7,30,bid,,,5817586
2026-07-16T02:19:13.014232,2026-07-16T02:19:13.018169+00:00,65.7,30,bid,,,5817590
2026-07-16T02:19:13.025728,2026-07-16T02:19:13.028755+00:00,65.7,40,bid,,,5817591
2026-07-16T02:19:13.151317,2026-07-16T02:19:13.154734+00:00,65.7,1,bid,,,5817595
2026-07-16T02:19:13.283958,2026-07-16T02:19:13.288830+00:00,65.6,3,ask,,,5817599
2026-07-16T02:19:13.305301,2026-07-16T02:19:13.309945+00:00,65.6,50,ask,,,5817600
2026-07-16T02:19:13.332220,2026-07-16T02:19:13.341509+00:00,65.7,26,bid,,,5817601
2026-07-16T02:19:13.332220,2026-07-16T02:19:13.341509+00:00,65.7,19,bid,,,5817602
2026-07-16T02:19:14.703154,2026-07-16T02:19:14.709854+00:00,65.7,1,bid,,,5817620
2026-07-16T02:19:15.362278,2026-07-16T02:19:15.365833+00:00,65.9,1,bid,,,5817632
2026-07-16T02:19:15.362278,2026-07-16T02:19:15.376387+00:00,66.0,6,bid,,,5817633
2026-07-16T02:19:15.362278,2026-07-16T02:19:15.376387+00:00,66.0,20,bid,,,5817634
2026-07-16T02:19:15.362278,2026-07-16T02:19:15.376387+00:00,66.1,23,bid,,,5817635
2026-07-16T02:19:15.927535,2026-07-16T02:19:15.936621+00:00,65.6,1,ask,,,5817645
2026-07-16T02:19:15.927535,2026-07-16T02:19:15.936621+00:00,65.6,10,ask,,,5817646
2026-07-16T02:19:15.996113,2026-07-16T02:19:16.000685+00:00,65.5,6,ask,,,5817654
2026-07-16T02:19:16.406307,2026-07-16T02:19:16.412612+00:00,65.5,14,ask,,,5817663
2026-07-16T02:19:16.406307,2026-07-16T02:19:16.412612+00:00,65.5,31,ask,,,5817664
2026-07-16T02:19:16.460557,2026-07-16T02:19:16.465385+00:00,65.7,6,bid,,,5817666
2026-07-16T02:19:16.460557,2026-07-16T02:19:16.465385+00:00,65.7,5,bid,,,5817667
2026-07-16T02:19:17.050651,2026-07-16T02:19:17.055859+00:00,65.7,44,bid,,,5817678
2026-07-16T02:19:17.244467,2026-07-16T02:19:17.256487+00:00,65.7,6,bid,,,5817684
2026-07-16T02:19:17.264550,2026-07-16T02:19:17.267103+00:00,65.7,4,bid,,,5817685
2026-07-16T02:19:17.335139,2026-07-16T02:19:17.340898+00:00,65.7,1,bid,,,5817687
2026-07-16T02:19:17.335139,2026-07-16T02:19:17.340898+00:00,65.7,19,bid,,,5817688
2026-07-16T02:19:17.509343,2026-07-16T02:19:17.520472+00:00,65.9,50,bid,,,5817693
2026-07-16T02:19:17.756267,2026-07-16T02:19:17.761720+00:00,65.8,1,bid,,,5817698
2026-07-16T02:19:17.920883,2026-07-16T02:19:17.929746+00:00,65.8,2,bid,,,5817700
2026-07-16T02:19:19.623145,2026-07-16T02:19:19.633920+00:00,65.8,38,bid,,,5817723
2026-07-16T02:19:19.623145,2026-07-16T02:19:19.633920+00:00,65.8,12,bid,,,5817724
2026-07-16T02:19:19.979489,2026-07-16T02:19:19.990780+00:00,65.8,2,bid,,,5817731
2026-07-16T02:19:20.851427,2026-07-16T02:19:20.859975+00:00,65.8,1,bid,,,5817742
2026-07-16T02:19:21.005117,2026-07-16T02:19:21.016405+00:00,65.8,2,bid,,,5817743
2026-07-16T02:19:21.036307,2026-07-16T02:19:21.048050+00:00,65.7,44,ask,,,5817745
2026-07-16T02:19:21.798937,2026-07-16T02:19:21.809147+00:00,65.8,27,ask,,,5817754
2026-07-16T02:19:21.798937,2026-07-16T02:19:21.809147+00:00,65.8,23,ask,,,5817755
2026-07-16T02:19:22.171161,2026-07-16T02:19:22.179209+00:00,65.9,1,bid,,,5817767
2026-07-16T02:19:22.171161,2026-07-16T02:19:22.179209+00:00,65.9,5,bid,,,5817768
2026-07-16T02:19:22.171161,2026-07-16T02:19:22.179209+00:00,65.9,39,bid,,,5817769
2026-07-16T02:19:22.231519,2026-07-16T02:19:22.243501+00:00,65.8,41,ask,,,5817770
2026-07-16T02:19:22.517165,2026-07-16T02:19:22.525433+00:00,65.8,38,ask,,,5817784
2026-07-16T02:19:22.529264,2026-07-16T02:19:22.536083+00:00,65.8,30,ask,,,5817785
2026-07-16T02:19:22.555743,2026-07-16T02:19:22.567711+00:00,65.8,30,ask,,,5817787
2026-07-16T02:19:22.611663,2026-07-16T02:19:22.620533+00:00,65.8,15,ask,,,5817790
2026-07-16T02:19:23.071878,2026-07-16T02:19:23.083597+00:00,65.8,16,ask,,,5817794
2026-07-16T02:19:23.353863,2026-07-16T02:19:23.364279+00:00,65.8,2,ask,,,5817801
2026-07-16T02:19:23.914317,2026-07-16T02:19:23.922270+00:00,65.8,19,ask,,,5817813
2026-07-16T02:19:23.914317,2026-07-16T02:19:23.922270+00:00,65.8,31,ask,,,5817814
2026-07-16T02:19:24.016230,2026-07-16T02:19:24.023537+00:00,65.9,1,bid,,,5817818
2026-07-16T02:19:24.166805,2026-07-16T02:19:24.168755+00:00,65.9,2,bid,,,5817820
2026-07-16T02:19:24.171507,2026-07-16T02:19:24.179538+00:00,65.9,3,bid,,,5817821
2026-07-16T02:19:24.609928,2026-07-16T02:19:24.614396+00:00,65.9,20,ask,,,5817830
2026-07-16T02:19:24.609928,2026-07-16T02:19:24.614396+00:00,65.9,26,ask,,,5817831
2026-07-16T02:19:25.162881,2026-07-16T02:19:25.172431+00:00,65.9,10,ask,,,5817843
2026-07-16T02:19:25.162881,2026-07-16T02:19:25.172431+00:00,65.9,28,ask,,,5817844
2026-07-16T02:19:25.172297,2026-07-16T02:19:25.182973+00:00,65.9,22,ask,,,5817845
2026-07-16T02:19:25.210397,2026-07-16T02:19:25.214833+00:00,65.8,22,ask,,,5817850
2026-07-16T02:19:25.225265,2026-07-16T02:19:25.235991+00:00,65.8,30,ask,,,5817852
2026-07-16T02:19:25.228974,2026-07-16T02:19:25.235991+00:00,65.8,2,ask,,,5817853
2026-07-16T02:19:25.638067,2026-07-16T02:19:25.645885+00:00,65.8,16,ask,,,5817860
2026-07-16T02:19:25.638067,2026-07-16T02:19:25.645885+00:00,65.7,100,ask,,,5817861
2026-07-16T02:19:25.638067,2026-07-16T02:19:25.645885+00:00,65.7,25,ask,,,5817862
2026-07-16T02:19:25.638067,2026-07-16T02:19:25.656453+00:00,65.6,6,ask,,,5817863
2026-07-16T02:19:25.662806,2026-07-16T02:19:25.667039+00:00,65.6,3,bid,,,5817865
2026-07-16T02:19:25.796013,2026-07-16T02:19:25.803769+00:00,65.7,10,bid,,,5817867
2026-07-16T02:19:26.028136,2026-07-16T02:19:26.035759+00:00,65.4,6,ask,,,5817871
2026-07-16T02:19:26.028136,2026-07-16T02:19:26.035759+00:00,65.3,10,ask,,,5817872
2026-07-16T02:19:26.062704,2026-07-16T02:19:26.067421+00:00,65.7,9,bid,,,5817873
2026-07-16T02:19:26.222688,2026-07-16T02:19:26.234666+00:00,65.7,11,bid,,,5817876
2026-07-16T02:19:26.222688,2026-07-16T02:19:26.234666+00:00,65.7,19,bid,,,5817877
2026-07-16T02:19:26.268410,2026-07-16T02:19:26.276720+00:00,65.7,2,bid,,,5817878
2026-07-16T02:19:26.488160,2026-07-16T02:19:26.493574+00:00,65.7,59,bid,,,5817885
2026-07-16T02:19:26.488160,2026-07-16T02:19:26.493574+00:00,65.7,2,bid,,,5817886
2026-07-16T02:19:26.488521,2026-07-16T02:19:26.504209+00:00,65.7,3,bid,,,5817887
2026-07-16T02:19:26.503500,2026-07-16T02:19:26.514776+00:00,65.7,30,bid,,,5817888
2026-07-16T02:19:26.508006,2026-07-16T02:19:26.514776+00:00,65.7,15,bid,,,5817889
2026-07-16T02:19:26.535620,2026-07-16T02:19:26.546462+00:00,65.8,22,bid,,,5817892
2026-07-16T02:19:26.659783,2026-07-16T02:19:26.662678+00:00,65.8,33,bid,,,5817895
2026-07-16T02:19:26.916528,2026-07-16T02:19:26.925113+00:00,65.8,6,bid,,,5817901
2026-07-16T02:19:27.013666,2026-07-16T02:19:27.019538+00:00,66.2,30,bid,,,5817905
2026-07-16T02:19:27.621234,2026-07-16T02:19:27.626425+00:00,65.9,3,ask,,,5817911
2026-07-16T02:19:27.851851,2026-07-16T02:19:27.858715+00:00,65.9,17,ask,,,5817923
2026-07-16T02:19:27.851851,2026-07-16T02:19:27.858715+00:00,65.9,10,ask,,,5817924
2026-07-16T02:19:27.851851,2026-07-16T02:19:27.858715+00:00,65.9,52,ask,,,5817925
2026-07-16T02:19:27.851851,2026-07-16T02:19:27.869199+00:00,65.9,21,ask,,,5817926
2026-07-16T02:19:27.883644,2026-07-16T02:19:27.890259+00:00,65.8,10,ask,,,5817928
2026-07-16T02:19:27.883644,2026-07-16T02:19:27.890259+00:00,65.8,20,ask,,,5817929
2026-07-16T02:19:27.949706,2026-07-16T02:19:27.953697+00:00,65.8,30,ask,,,5817934
2026-07-16T02:19:28.140331,2026-07-16T02:19:28.152727+00:00,65.7,50,ask,,,5817942
2026-07-16T02:19:30.281390,2026-07-16T02:19:30.289256+00:00,65.7,50,ask,,,5817974
2026-07-16T02:19:30.415070,2026-07-16T02:19:30.426168+00:00,65.8,2,bid,,,5817976
2026-07-16T02:19:30.812225,2026-07-16T02:19:30.822269+00:00,65.8,3,bid,,,5817988
2026-07-16T02:19:31.356828,2026-07-16T02:19:31.359374+00:00,65.8,46,bid,,,5817993
2026-07-16T02:19:31.440295,2026-07-16T02:19:31.444933+00:00,65.8,2,bid,,,5817996
2026-07-16T02:19:32.390236,2026-07-16T02:19:32.397565+00:00,65.7,10,ask,,,5818017
2026-07-16T02:19:32.390236,2026-07-16T02:19:32.397565+00:00,65.7,1,ask,,,5818018
2026-07-16T02:19:32.390236,2026-07-16T02:19:32.397565+00:00,65.7,2,ask,,,5818019
2026-07-16T02:19:32.390236,2026-07-16T02:19:32.408093+00:00,65.5,10,ask,,,5818020
2026-07-16T02:19:32.390236,2026-07-16T02:19:32.408093+00:00,65.5,6,ask,,,5818021
2026-07-16T02:19:32.390236,2026-07-16T02:19:32.408093+00:00,65.5,21,ask,,,5818022
2026-07-16T02:19:32.868354,2026-07-16T02:19:32.880194+00:00,65.8,49,bid,,,5818027
2026-07-16T02:19:34.528443,2026-07-16T02:19:34.538295+00:00,65.6,50,ask,,,5818050
2026-07-16T02:19:34.937209,2026-07-16T02:19:34.940759+00:00,65.6,1,bid,,,5818059
2026-07-16T02:19:35.546858,2026-07-16T02:19:35.561012+00:00,65.5,2,bid,,,5818069
2026-07-16T02:19:35.830368,2026-07-16T02:19:35.835262+00:00,65.4,20,ask,,,5818075
2026-07-16T02:19:35.830368,2026-07-16T02:19:35.835262+00:00,65.4,10,ask,,,5818076
2026-07-16T02:19:35.830368,2026-07-16T02:19:35.845841+00:00,65.3,6,ask,,,5818077
2026-07-16T02:19:35.830368,2026-07-16T02:19:35.845841+00:00,65.3,11,ask,,,5818078
2026-07-16T02:19:36.302322,2026-07-16T02:19:36.315296+00:00,65.5,18,bid,,,5818091
2026-07-16T02:19:36.302322,2026-07-16T02:19:36.315296+00:00,65.5,12,bid,,,5818092
2026-07-16T02:19:36.331068,2026-07-16T02:19:36.336513+00:00,65.5,9,bid,,,5818095
2026-07-16T02:19:36.355035,2026-07-16T02:19:36.357774+00:00,65.5,29,bid,,,5818098
2026-07-16T02:19:36.374879,2026-07-16T02:19:36.389788+00:00,65.6,10,bid,,,5818103
2026-07-16T02:19:36.374879,2026-07-16T02:19:36.389788+00:00,65.6,29,bid,,,5818104
2026-07-16T02:19:36.407379,2026-07-16T02:19:36.411084+00:00,65.6,30,bid,,,5818105
2026-07-16T02:19:36.506397,2026-07-16T02:19:36.516638+00:00,65.6,1,bid,,,5818108
2026-07-16T02:19:36.577503,2026-07-16T02:19:36.579870+00:00,65.6,2,bid,,,5818109
2026-07-16T02:19:36.588259,2026-07-16T02:19:36.590393+00:00,65.6,50,bid,,,5818111
2026-07-16T02:19:36.643339,2026-07-16T02:19:36.653576+00:00,65.5,6,bid,,,5818114
2026-07-16T02:19:36.907956,2026-07-16T02:19:36.917652+00:00,65.6,3,bid,,,5818118
2026-07-16T02:19:36.907956,2026-07-16T02:19:36.917652+00:00,65.6,23,bid,,,5818119
2026-07-16T02:19:36.913878,2026-07-16T02:19:36.917652+00:00,65.6,10,bid,,,5818120
2026-07-16T02:19:36.921049,2026-07-16T02:19:36.928182+00:00,65.6,15,bid,,,5818121
2026-07-16T02:19:37.141021,2026-07-16T02:19:37.145808+00:00,65.6,2,bid,,,5818124
2026-07-16T02:19:37.172277,2026-07-16T02:19:37.177893+00:00,65.7,20,bid,,,5818128
2026-07-16T02:19:37.229226,2026-07-16T02:19:37.241483+00:00,65.7,80,bid,,,5818131
2026-07-16T02:19:37.229226,2026-07-16T02:19:37.241483+00:00,65.7,1,bid,,,5818132
2026-07-16T02:19:37.612557,2026-07-16T02:19:37.621649+00:00,65.8,2,bid,,,5818137
2026-07-16T02:19:38.106372,2026-07-16T02:19:38.115426+00:00,65.8,1,bid,,,5818142
2026-07-16T02:19:38.464394,2026-07-16T02:19:38.470026+00:00,65.7,2,ask,,,5818150
2026-07-16T02:19:38.705563,2026-07-16T02:19:38.712513+00:00,65.9,6,bid,,,5818159
2026-07-16T02:19:38.705563,2026-07-16T02:19:38.723167+00:00,65.9,20,bid,,,5818160
2026-07-16T02:19:38.705563,2026-07-16T02:19:38.723167+00:00,65.9,1,bid,,,5818161
2026-07-16T02:19:38.705563,2026-07-16T02:19:38.723167+00:00,66.0,23,bid,,,5818162
2026-07-16T02:19:39.778853,2026-07-16T02:19:39.786175+00:00,65.7,61,ask,,,5818178
2026-07-16T02:19:39.785306,2026-07-16T02:19:39.796836+00:00,65.7,30,ask,,,5818179
2026-07-16T02:19:39.826179,2026-07-16T02:19:39.828535+00:00,65.7,7,ask,,,5818181
2026-07-16T02:19:39.826179,2026-07-16T02:19:39.839028+00:00,65.7,23,ask,,,5818182
2026-07-16T02:19:39.860253,2026-07-16T02:19:39.870544+00:00,65.7,10,ask,,,5818184
2026-07-16T02:19:39.860253,2026-07-16T02:19:39.870544+00:00,65.7,5,ask,,,5818185
2026-07-16T02:19:40.803131,2026-07-16T02:19:40.808914+00:00,65.9,10,bid,,,5818195
2026-07-16T02:19:40.803131,2026-07-16T02:19:40.808914+00:00,65.9,36,bid,,,5818196
2026-07-16T02:19:40.923633,2026-07-16T02:19:40.935771+00:00,65.7,7,ask,,,5818198
2026-07-16T02:19:40.923633,2026-07-16T02:19:40.935771+00:00,65.7,1,ask,,,5818199
2026-07-16T02:19:40.923633,2026-07-16T02:19:40.935771+00:00,65.7,36,ask,,,5818200
2026-07-16T02:19:40.932510,2026-07-16T02:19:40.935771+00:00,65.7,50,bid,,,5818201
2026-07-16T02:19:41.781074,2026-07-16T02:19:41.789478+00:00,65.7,2,bid,,,5818216
2026-07-16T02:19:41.811894,2026-07-16T02:19:41.821499+00:00,65.5,44,ask,,,5818218
2026-07-16T02:19:42.798579,2026-07-16T02:19:42.810513+00:00,65.5,40,ask,,,5818227
2026-07-16T02:19:42.933035,2026-07-16T02:19:42.936979+00:00,65.7,4,bid,,,5818229
2026-07-16T02:19:42.933035,2026-07-16T02:19:42.936979+00:00,65.7,46,bid,,,5818230
2026-07-16T02:19:43.313117,2026-07-16T02:19:43.315122+00:00,65.7,34,bid,,,5818232
2026-07-16T02:19:43.313117,2026-07-16T02:19:43.325601+00:00,65.7,13,bid,,,5818233
2026-07-16T02:19:43.690274,2026-07-16T02:19:43.692990+00:00,65.7,20,bid,,,5818238
2026-07-16T02:19:43.690274,2026-07-16T02:19:43.703499+00:00,65.7,10,bid,,,5818239
2026-07-16T02:19:43.699405,2026-07-16T02:19:43.703499+00:00,65.7,40,bid,,,5818240
2026-07-16T02:19:43.759892,2026-07-16T02:19:43.766830+00:00,65.8,10,bid,,,5818248
2026-07-16T02:19:43.759892,2026-07-16T02:19:43.766830+00:00,65.8,12,bid,,,5818249
2026-07-16T02:19:44.323503,2026-07-16T02:19:44.334711+00:00,66.0,3,bid,,,5818261
2026-07-16T02:19:45.068790,2026-07-16T02:19:45.079792+00:00,65.8,22,ask,,,5818274
2026-07-16T02:19:45.079510,2026-07-16T02:19:45.090378+00:00,65.8,30,ask,,,5818275
2026-07-16T02:19:45.916613,2026-07-16T02:19:45.920817+00:00,65.8,14,ask,,,5818292
2026-07-16T02:19:46.455432,2026-07-16T02:19:46.457887+00:00,65.8,2,ask,,,5818303
2026-07-16T02:19:47.038781,2026-07-16T02:19:47.047300+00:00,65.8,32,ask,,,5818308
2026-07-16T02:19:47.038781,2026-07-16T02:19:47.047300+00:00,65.8,13,ask,,,5818309
2026-07-16T02:19:47.197571,2026-07-16T02:19:47.205507+00:00,65.9,50,bid,,,5818311
2026-07-16T02:19:48.081163,2026-07-16T02:19:48.086440+00:00,65.8,2,ask,,,5818331
2026-07-16T02:19:48.081163,2026-07-16T02:19:48.086440+00:00,65.8,38,ask,,,5818332
2026-07-16T02:19:48.554036,2026-07-16T02:19:48.559126+00:00,65.9,38,bid,,,5818334
2026-07-16T02:19:48.554036,2026-07-16T02:19:48.559126+00:00,65.9,5,bid,,,5818335
2026-07-16T02:19:49.114295,2026-07-16T02:19:49.120683+00:00,65.8,28,bid,,,5818346
2026-07-16T02:19:49.114295,2026-07-16T02:19:49.120683+00:00,65.8,17,bid,,,5818347
2026-07-16T02:19:49.313432,2026-07-16T02:19:49.321787+00:00,65.8,38,bid,,,5818349
2026-07-16T02:19:50.345518,2026-07-16T02:19:50.350798+00:00,65.7,80,ask,,,5818366
2026-07-16T02:19:50.345518,2026-07-16T02:19:50.350798+00:00,65.7,19,ask,,,5818367
2026-07-16T02:19:50.367949,2026-07-16T02:19:50.371929+00:00,65.7,1,ask,,,5818371
2026-07-16T02:19:50.367949,2026-07-16T02:19:50.371929+00:00,65.7,41,ask,,,5818372
2026-07-16T02:19:50.378727,2026-07-16T02:19:50.382553+00:00,65.7,9,ask,,,5818374
2026-07-16T02:19:50.411387,2026-07-16T02:19:50.414185+00:00,65.6,6,ask,,,5818376
2026-07-16T02:19:50.411387,2026-07-16T02:19:50.424893+00:00,65.6,24,ask,,,5818377
2026-07-16T02:19:50.479297,2026-07-16T02:19:50.488459+00:00,65.6,1,ask,,,5818383
2026-07-16T02:19:50.498143,2026-07-16T02:19:50.509630+00:00,65.6,45,ask,,,5818384
2026-07-16T02:19:50.498143,2026-07-16T02:19:50.509630+00:00,65.6,44,ask,,,5818385
2026-07-16T02:19:50.831530,2026-07-16T02:19:50.836441+00:00,65.6,11,bid,,,5818392
2026-07-16T02:19:50.831530,2026-07-16T02:19:50.836441+00:00,65.6,19,bid,,,5818393
2026-07-16T02:19:50.910771,2026-07-16T02:19:50.921373+00:00,65.6,31,bid,,,5818396
2026-07-16T02:19:50.910771,2026-07-16T02:19:50.921373+00:00,65.6,11,bid,,,5818397
2026-07-16T02:19:50.966642,2026-07-16T02:19:50.975121+00:00,65.7,30,bid,,,5818402
2026-07-16T02:19:51.169248,2026-07-16T02:19:51.175295+00:00,65.5,14,ask,,,5818406
2026-07-16T02:19:51.169248,2026-07-16T02:19:51.175295+00:00,65.5,2,ask,,,5818407
2026-07-16T02:19:51.169248,2026-07-16T02:19:51.185807+00:00,65.5,1,ask,,,5818408
2026-07-16T02:19:51.169248,2026-07-16T02:19:51.185807+00:00,65.5,10,ask,,,5818409
2026-07-16T02:19:51.169248,2026-07-16T02:19:51.185807+00:00,65.4,12,ask,,,5818410
2026-07-16T02:19:51.169248,2026-07-16T02:19:51.185807+00:00,65.4,4,ask,,,5818411
2026-07-16T02:19:52.564863,2026-07-16T02:19:52.575027+00:00,65.7,2,bid,,,5818441
2026-07-16T02:19:52.564863,2026-07-16T02:19:52.575027+00:00,65.7,39,bid,,,5818442
2026-07-16T02:19:53.123420,2026-07-16T02:19:53.132699+00:00,65.6,10,ask,,,5818452
2026-07-16T02:19:53.578300,2026-07-16T02:19:53.585666+00:00,65.6,50,ask,,,5818461
2026-07-16T02:19:54.947142,2026-07-16T02:19:54.958337+00:00,65.7,41,bid,,,5818473
2026-07-16T02:19:55.002895,2026-07-16T02:19:55.011056+00:00,65.6,10,ask,,,5818476
2026-07-16T02:19:55.002895,2026-07-16T02:19:55.011056+00:00,65.6,30,ask,,,5818477
2026-07-16T02:19:55.002895,2026-07-16T02:19:55.021694+00:00,65.6,2,ask,,,5818478
2026-07-16T02:19:55.542848,2026-07-16T02:19:55.548760+00:00,65.7,47,bid,,,5818486
2026-07-16T02:19:55.656601,2026-07-16T02:19:55.664860+00:00,65.7,2,bid,,,5818487
2026-07-16T02:19:55.656601,2026-07-16T02:19:55.675473+00:00,65.7,48,bid,,,5818488
2026-07-16T02:19:56.747501,2026-07-16T02:19:56.760654+00:00,65.6,9,ask,,,5818504
2026-07-16T02:19:57.220153,2026-07-16T02:19:57.224055+00:00,65.6,46,ask,,,5818510
2026-07-16T02:19:57.766975,2026-07-16T02:19:57.770413+00:00,65.7,20,bid,,,5818521
2026-07-16T02:19:57.766975,2026-07-16T02:19:57.780890+00:00,65.7,30,bid,,,5818522
2026-07-16T02:19:58.124923,2026-07-16T02:19:58.127533+00:00,65.7,3,bid,,,5818525
2026-07-16T02:19:59.839967,2026-07-16T02:19:59.841834+00:00,65.7,1,bid,,,5818543
2026-07-16T02:19:59.897393,2026-07-16T02:19:59.905573+00:00,65.7,37,bid,,,5818545
2026-07-16T02:19:59.897393,2026-07-16T02:19:59.905573+00:00,65.8,13,bid,,,5818546
2026-07-16T02:20:00.759932,2026-07-16T02:20:00.769743+00:00,65.8,1,bid,,,5818553
2026-07-16T02:20:00.759932,2026-07-16T02:20:00.769743+00:00,65.8,45,bid,,,5818554
2026-07-16T02:20:01.366562,2026-07-16T02:20:01.369570+00:00,65.8,1,bid,,,5818562
2026-07-16T02:20:01.836707,2026-07-16T02:20:01.842401+00:00,65.7,10,ask,,,5818572
2026-07-16T02:20:01.836707,2026-07-16T02:20:01.842401+00:00,65.7,39,ask,,,5818573
2026-07-16T02:20:02.009060,2026-07-16T02:20:02.021194+00:00,65.8,50,bid,,,5818575
2026-07-16T02:20:02.238984,2026-07-16T02:20:02.242926+00:00,65.7,1,ask,,,5818581
2026-07-16T02:20:02.238984,2026-07-16T02:20:02.242926+00:00,65.7,10,ask,,,5818582
2026-07-16T02:20:02.238984,2026-07-16T02:20:02.253478+00:00,65.7,19,ask,,,5818583
2026-07-16T02:20:03.683040,2026-07-16T02:20:03.687424+00:00,65.7,29,bid,,,5818600
2026-07-16T02:20:03.683040,2026-07-16T02:20:03.687424+00:00,65.7,50,bid,,,5818601
2026-07-16T02:20:03.683040,2026-07-16T02:20:03.697963+00:00,65.7,51,bid,,,5818602
2026-07-16T02:20:04.143142,2026-07-16T02:20:04.151222+00:00,65.8,1,bid,,,5818607
2026-07-16T02:20:04.143142,2026-07-16T02:20:04.151222+00:00,65.8,29,bid,,,5818608
2026-07-16T02:20:04.143142,2026-07-16T02:20:04.161831+00:00,65.8,20,bid,,,5818609
2026-07-16T02:20:04.947922,2026-07-16T02:20:04.962476+00:00,65.7,20,ask,,,5818621
2026-07-16T02:20:04.947922,2026-07-16T02:20:04.962476+00:00,65.7,22,ask,,,5818622
2026-07-16T02:20:04.960249,2026-07-16T02:20:04.962476+00:00,65.7,50,ask,,,5818623
2026-07-16T02:20:04.967465,2026-07-16T02:20:04.973012+00:00,65.7,8,ask,,,5818624
2026-07-16T02:20:04.967465,2026-07-16T02:20:04.973012+00:00,65.7,22,ask,,,5818625
2026-07-16T02:20:04.981716,2026-07-16T02:20:04.983559+00:00,65.7,28,ask,,,5818628
2026-07-16T02:20:06.262699,2026-07-16T02:20:06.267745+00:00,65.7,14,bid,,,5818650
2026-07-16T02:20:06.262699,2026-07-16T02:20:06.267745+00:00,65.7,36,bid,,,5818651
2026-07-16T02:20:06.914787,2026-07-16T02:20:06.918467+00:00,65.6,14,ask,,,5818664
2026-07-16T02:20:06.914787,2026-07-16T02:20:06.929109+00:00,65.5,100,ask,,,5818665
2026-07-16T02:20:06.914787,2026-07-16T02:20:06.929109+00:00,65.5,36,ask,,,5818666
2026-07-16T02:20:07.631894,2026-07-16T02:20:07.637911+00:00,65.7,44,bid,,,5818673
2026-07-16T02:20:07.686198,2026-07-16T02:20:07.690603+00:00,65.6,10,ask,,,5818674
2026-07-16T02:20:07.686198,2026-07-16T02:20:07.690603+00:00,65.5,30,ask,,,5818675
2026-07-16T02:20:08.380071,2026-07-16T02:20:08.384254+00:00,65.7,36,bid,,,5818685
2026-07-16T02:20:08.380071,2026-07-16T02:20:08.395134+00:00,65.7,14,bid,,,5818686
2026-07-16T02:20:09.044671,2026-07-16T02:20:09.047960+00:00,65.7,20,bid,,,5818693
2026-07-16T02:20:09.044671,2026-07-16T02:20:09.058497+00:00,65.7,27,bid,,,5818694
2026-07-16T02:20:09.570085,2026-07-16T02:20:09.576974+00:00,65.6,80,ask,,,5818708
2026-07-16T02:20:09.570085,2026-07-16T02:20:09.576974+00:00,65.6,20,ask,,,5818709
2026-07-16T02:20:09.592170,2026-07-16T02:20:09.598217+00:00,65.6,30,ask,,,5818711
2026-07-16T02:20:09.592170,2026-07-16T02:20:09.598217+00:00,65.5,13,ask,,,5818712
2026-07-16T02:20:10.231953,2026-07-16T02:20:10.242656+00:00,65.6,10,bid,,,5818720
2026-07-16T02:20:11.765545,2026-07-16T02:20:11.767737+00:00,65.6,20,ask,,,5818737
2026-07-16T02:20:11.765545,2026-07-16T02:20:11.778254+00:00,65.6,23,ask,,,5818738
2026-07-16T02:20:12.243350,2026-07-16T02:20:12.250675+00:00,65.7,45,bid,,,5818741
2026-07-16T02:20:12.257144,2026-07-16T02:20:12.261218+00:00,65.6,1,ask,,,5818742
2026-07-16T02:20:12.620831,2026-07-16T02:20:12.629024+00:00,65.7,35,bid,,,5818745
2026-07-16T02:20:12.620831,2026-07-16T02:20:12.629024+00:00,65.7,15,bid,,,5818746
2026-07-16T02:20:13.637580,2026-07-16T02:20:13.646874+00:00,65.7,20,bid,,,5818759
2026-07-16T02:20:13.637580,2026-07-16T02:20:13.646874+00:00,65.7,22,bid,,,5818760
2026-07-16T02:20:14.737978,2026-07-16T02:20:14.742714+00:00,65.7,10,bid,,,5818773
2026-07-16T02:20:14.737978,2026-07-16T02:20:14.753231+00:00,65.8,40,bid,,,5818774
2026-07-16T02:20:16.927714,2026-07-16T02:20:16.935582+00:00,65.6,50,ask,,,5818807
2026-07-16T02:20:21.152455,2026-07-16T02:20:21.155802+00:00,65.7,50,ask,,,5818861
2026-07-16T02:20:22.554227,2026-07-16T02:20:22.562648+00:00,65.7,16,ask,,,5818874
2026-07-16T02:20:22.554227,2026-07-16T02:20:22.562648+00:00,65.7,31,ask,,,5818875
2026-07-16T02:20:23.029781,2026-07-16T02:20:23.035961+00:00,65.8,10,bid,,,5818880
2026-07-16T02:20:23.029781,2026-07-16T02:20:23.035961+00:00,65.8,10,bid,,,5818881
2026-07-16T02:20:23.029781,2026-07-16T02:20:23.035961+00:00,65.8,20,bid,,,5818882
2026-07-16T02:20:23.029781,2026-07-16T02:20:23.046517+00:00,65.8,7,bid,,,5818883
2026-07-16T02:20:23.263303,2026-07-16T02:20:23.267889+00:00,65.7,50,ask,,,5818887
2026-07-16T02:20:24.611223,2026-07-16T02:20:24.618808+00:00,65.7,20,ask,,,5818913
2026-07-16T02:20:24.611223,2026-07-16T02:20:24.618808+00:00,65.6,20,ask,,,5818914
2026-07-16T02:20:25.135252,2026-07-16T02:20:25.139496+00:00,65.7,49,bid,,,5818926
2026-07-16T02:20:25.390784,2026-07-16T02:20:25.393011+00:00,65.6,24,ask,,,5818931
2026-07-16T02:20:25.390784,2026-07-16T02:20:25.403808+00:00,65.6,26,ask,,,5818932
2026-07-16T02:20:25.714932,2026-07-16T02:20:25.720136+00:00,65.7,10,bid,,,5818938
2026-07-16T02:20:25.724549,2026-07-16T02:20:25.730725+00:00,65.6,10,ask,,,5818939
2026-07-16T02:20:25.724549,2026-07-16T02:20:25.730725+00:00,65.6,20,ask,,,5818940
2026-07-16T02:20:25.724549,2026-07-16T02:20:25.730725+00:00,65.6,14,ask,,,5818941
2026-07-16T02:20:27.333878,2026-07-16T02:20:27.342780+00:00,65.6,10,ask,,,5818960
2026-07-16T02:20:27.333878,2026-07-16T02:20:27.342780+00:00,65.5,38,ask,,,5818961
2026-07-16T02:20:27.506203,2026-07-16T02:20:27.511368+00:00,65.6,10,ask,,,5818964
2026-07-16T02:20:27.506203,2026-07-16T02:20:27.511368+00:00,65.5,40,ask,,,5818965
2026-07-16T02:20:28.248471,2026-07-16T02:20:28.260080+00:00,65.7,44,bid,,,5818979
2026-07-16T02:20:29.654232,2026-07-16T02:20:29.659850+00:00,65.6,10,ask,,,5818996
2026-07-16T02:20:29.654232,2026-07-16T02:20:29.659850+00:00,65.6,40,ask,,,5818997
2026-07-16T02:20:29.850590,2026-07-16T02:20:29.859998+00:00,65.6,10,ask,,,5819000
2026-07-16T02:20:29.850590,2026-07-16T02:20:29.859998+00:00,65.5,37,ask,,,5819001
2026-07-16T02:20:31.914830,2026-07-16T02:20:31.926282+00:00,65.6,30,bid,,,5819039
2026-07-16T02:20:31.914830,2026-07-16T02:20:31.926282+00:00,65.6,19,bid,,,5819040
2026-07-16T02:20:32.619523,2026-07-16T02:20:32.623340+00:00,65.6,1,bid,,,5819048
2026-07-16T02:20:33.467768,2026-07-16T02:20:33.476000+00:00,65.6,42,bid,,,5819059
2026-07-16T02:20:33.804588,2026-07-16T02:20:33.823046+00:00,65.6,32,bid,,,5819062
2026-07-16T02:20:33.832824,2026-07-16T02:20:33.844216+00:00,65.6,25,bid,,,5819064
2026-07-16T02:20:33.832824,2026-07-16T02:20:33.844216+00:00,65.6,5,bid,,,5819065
2026-07-16T02:20:33.895535,2026-07-16T02:20:33.907707+00:00,65.4,10,ask,,,5819067
2026-07-16T02:20:33.895535,2026-07-16T02:20:33.907707+00:00,65.4,22,ask,,,5819068
2026-07-16T02:20:33.895535,2026-07-16T02:20:33.907707+00:00,65.4,18,ask,,,5819069
2026-07-16T02:20:34.145622,2026-07-16T02:20:34.150982+00:00,65.6,1,bid,,,5819074
2026-07-16T02:20:34.671676,2026-07-16T02:20:34.680063+00:00,65.6,30,bid,,,5819084
2026-07-16T02:20:34.708444,2026-07-16T02:20:34.711739+00:00,65.6,6,bid,,,5819088
2026-07-16T02:20:34.708444,2026-07-16T02:20:34.722472+00:00,65.6,50,bid,,,5819089
2026-07-16T02:20:34.708444,2026-07-16T02:20:34.722472+00:00,65.6,22,bid,,,5819090
2026-07-16T02:20:34.719316,2026-07-16T02:20:34.722472+00:00,65.7,10,bid,,,5819091
2026-07-16T02:20:34.719316,2026-07-16T02:20:34.733033+00:00,65.7,20,bid,,,5819092
2026-07-16T02:20:35.740778,2026-07-16T02:20:35.749949+00:00,65.7,1,bid,,,5819117
2026-07-16T02:20:35.887543,2026-07-16T02:20:35.897242+00:00,65.6,10,ask,,,5819124
2026-07-16T02:20:35.893669,2026-07-16T02:20:35.897242+00:00,65.7,2,bid,,,5819125
