timestamp,recv_time,price,volume,aggressor_side,buyer,seller,trade_id
2026-07-04T20:00:00.551136,2026-07-04T20:00:00.558570+00:00,133.7,50,bid,FlawlessFlatbreads,EarnestEspressos,7426703
2026-07-04T20:00:02.507716,2026-07-04T20:00:02.519236+00:00,133.7,40,bid,CostlyCorianders,EarnestEspressos,7426733
2026-07-04T20:00:02.709780,2026-07-04T20:00:02.717162+00:00,133.2,50,ask,EarnestEspressos,FlawlessFlatbreads,7426741
2026-07-04T20:00:02.826608,2026-07-04T20:00:02.838415+00:00,133.4,3,ask,EarnestEspressos,Xuanyu Liu,7426742
2026-07-04T20:00:04.443640,2026-07-04T20:00:04.458722+00:00,133.7,48,bid,CostlyCorianders,DiligentDonuts,7426768
2026-07-04T20:00:04.834154,2026-07-04T20:00:04.841296+00:00,133.4,50,ask,EarnestEspressos,FlawlessFlatbreads,7426777
2026-07-04T20:00:05.979180,2026-07-04T20:00:05.990902+00:00,133.2,44,ask,DiligentDonuts,CostlyCorianders,7426786
2026-07-04T20:00:06.941151,2026-07-04T20:00:06.952835+00:00,133.2,50,ask,DiligentDonuts,FlawlessFlatbreads,7426796
2026-07-04T20:00:11.128985,2026-07-04T20:00:11.140711+00:00,133.5,50,bid,FlawlessFlatbreads,DiligentDonuts,7426852
2026-07-04T20:00:12.131124,2026-07-04T20:00:12.142781+00:00,133.5,48,bid,CostlyCorianders,DiligentDonuts,7426867
2026-07-04T20:00:13.235374,2026-07-04T20:00:13.246997+00:00,133.8,50,bid,FlawlessFlatbreads,EarnestEspressos,7426881
2026-07-04T20:00:15.124143,2026-07-04T20:00:15.132081+00:00,133.5,46,ask,DiligentDonuts,CostlyCorianders,7426904
2026-07-04T20:00:15.366685,2026-07-04T20:00:15.378568+00:00,133.8,50,bid,FlawlessFlatbreads,EarnestEspressos,7426912
2026-07-04T20:00:16.570052,2026-07-04T20:00:16.578213+00:00,133.6,3,ask,EarnestEspressos,Xuanyu Liu,7426923
2026-07-04T20:00:17.475895,2026-07-04T20:00:17.487729+00:00,133.7,50,bid,FlawlessFlatbreads,DiligentDonuts,7426934
2026-07-04T20:00:18.088365,2026-07-04T20:00:18.095260+00:00,133.7,40,bid,CostlyCorianders,DiligentDonuts,7426944
2026-07-04T20:00:19.227342,2026-07-04T20:00:19.239360+00:00,133.6,41,ask,EarnestEspressos,CostlyCorianders,7426972
2026-07-04T20:00:19.588355,2026-07-04T20:00:19.599845+00:00,134.1,50,bid,FlawlessFlatbreads,EarnestEspressos,7426975
2026-07-04T20:00:19.858280,2026-07-04T20:00:19.869841+00:00,133.6,49,ask,EarnestEspressos,CostlyCorianders,7426976
2026-07-04T20:00:23.852433,2026-07-04T20:00:23.864008+00:00,133.6,50,ask,EarnestEspressos,FlawlessFlatbreads,7427030
2026-07-04T20:00:25.960049,2026-07-04T20:00:25.971489+00:00,133.3,50,ask,DiligentDonuts,FlawlessFlatbreads,7427056
2026-07-04T20:00:27.472734,2026-07-04T20:00:27.484781+00:00,133.6,49,bid,CostlyCorianders,EarnestEspressos,7427078
2026-07-04T20:00:28.065362,2026-07-04T20:00:28.077492+00:00,133.3,50,ask,DiligentDonuts,FlawlessFlatbreads,7427083
2026-07-04T20:00:28.590488,2026-07-04T20:00:28.602453+00:00,133.3,42,ask,EarnestEspressos,CostlyCorianders,7427094
2026-07-04T20:00:30.172695,2026-07-04T20:00:30.182779+00:00,133.3,50,ask,EarnestEspressos,FlawlessFlatbreads,7427121
2026-07-04T20:00:30.359488,2026-07-04T20:00:30.367593+00:00,133.6,3,bid,Xuanyu Liu,DiligentDonuts,7427124
2026-07-04T20:00:31.283428,2026-07-04T20:00:31.289840+00:00,133.6,41,bid,CostlyCorianders,DiligentDonuts,7427138
2026-07-04T20:00:31.827190,2026-07-04T20:00:31.834646+00:00,133.6,45,bid,CostlyCorianders,DiligentDonuts,7427149
2026-07-04T20:00:32.282902,2026-07-04T20:00:32.289552+00:00,133.5,50,ask,DiligentDonuts,FlawlessFlatbreads,7427162
2026-07-04T20:00:34.036158,2026-07-04T20:00:34.043119+00:00,133.6,46,bid,CostlyCorianders,EarnestEspressos,7427185
2026-07-04T20:00:34.389501,2026-07-04T20:00:34.400542+00:00,133.5,50,ask,DiligentDonuts,FlawlessFlatbreads,7427191
2026-07-04T20:00:36.495265,2026-07-04T20:00:36.504037+00:00,133.3,50,ask,EarnestEspressos,FlawlessFlatbreads,7427221
2026-07-04T20:00:36.530278,2026-07-04T20:00:36.541949+00:00,133.3,48,ask,EarnestEspressos,CostlyCorianders,7427222
2026-07-04T20:00:37.663052,2026-07-04T20:00:37.674685+00:00,133.3,100,ask,DiligentDonuts,EarnestEspressos,7427234
2026-07-04T20:00:38.601957,2026-07-04T20:00:38.613520+00:00,132.8,50,ask,EarnestEspressos,FlawlessFlatbreads,7427247
2026-07-04T20:00:38.868630,2026-07-04T20:00:38.879239+00:00,133.3,42,bid,CostlyCorianders,EarnestEspressos,7427254
2026-07-04T20:00:40.711438,2026-07-04T20:00:40.719176+00:00,132.8,50,ask,EarnestEspressos,FlawlessFlatbreads,7427285
2026-07-04T20:00:42.820106,2026-07-04T20:00:42.829639+00:00,132.9,50,ask,EarnestEspressos,FlawlessFlatbreads,7427323
2026-07-04T20:00:43.883314,2026-07-04T20:00:43.890843+00:00,132.8,43,ask,DiligentDonuts,CostlyCorianders,7427332
2026-07-04T20:00:44.925897,2026-07-04T20:00:44.937723+00:00,132.6,50,ask,EarnestEspressos,FlawlessFlatbreads,7427346
2026-07-04T20:00:46.736485,2026-07-04T20:00:46.744561+00:00,133.0,3,bid,Xuanyu Liu,EarnestEspressos,7427368
2026-07-04T20:00:47.159424,2026-07-04T20:00:47.169389+00:00,132.9,11,bid,Xuanyu Liu,EarnestEspressos,7427375
2026-07-04T20:00:48.047368,2026-07-04T20:00:48.054625+00:00,132.9,12,bid,Xuanyu Liu,EarnestEspressos,7427388
2026-07-04T20:00:49.142187,2026-07-04T20:00:49.152959+00:00,132.6,50,ask,DiligentDonuts,FlawlessFlatbreads,7427404
2026-07-04T20:00:51.248623,2026-07-04T20:00:51.258617+00:00,132.6,50,ask,EarnestEspressos,FlawlessFlatbreads,7427431
2026-07-04T20:00:53.355748,2026-07-04T20:00:53.367338+00:00,132.6,50,ask,EarnestEspressos,FlawlessFlatbreads,7427465
2026-07-04T20:00:55.336587,2026-07-04T20:00:55.347869+00:00,132.8,40,bid,CostlyCorianders,EarnestEspressos,7427490
2026-07-04T20:00:55.462629,2026-07-04T20:00:55.474370+00:00,132.4,50,ask,DiligentDonuts,FlawlessFlatbreads,7427493
2026-07-04T20:00:55.919134,2026-07-04T20:00:55.929837+00:00,132.4,45,ask,DiligentDonuts,CostlyCorianders,7427497
2026-07-04T20:00:57.459730,2026-07-04T20:00:57.467523+00:00,132.2,23,bid,Xuanyu Liu,DiligentDonuts,7427519
2026-07-04T20:00:57.569481,2026-07-04T20:00:57.578031+00:00,132.1,50,ask,EarnestEspressos,FlawlessFlatbreads,7427522
2026-07-04T20:00:58.524729,2026-07-04T20:00:58.536582+00:00,132.2,45,bid,CostlyCorianders,DiligentDonuts,7427535
2026-07-04T20:00:58.553815,2026-07-04T20:00:58.563260+00:00,132.2,22,bid,Xuanyu Liu,DiligentDonuts,7427537
2026-07-04T20:00:58.568235,2026-07-04T20:00:58.578482+00:00,132.2,10,bid,Zihao Wu,DiligentDonuts,7427540
2026-07-04T20:00:59.155014,2026-07-04T20:00:59.166652+00:00,132.6,48,bid,CostlyCorianders,EarnestEspressos,7427545
2026-07-04T20:01:01.143024,2026-07-04T20:01:01.168685+00:00,131.9,49,ask,EarnestEspressos,CostlyCorianders,7427579
2026-07-04T20:01:01.617553,2026-07-04T20:01:01.629236+00:00,131.9,49,ask,EarnestEspressos,CostlyCorianders,7427589
2026-07-04T20:01:01.738294,2026-07-04T20:01:01.749237+00:00,132.4,50,bid,FlawlessFlatbreads,EarnestEspressos,7427593
2026-07-04T20:01:02.213059,2026-07-04T20:01:02.224549+00:00,132.4,44,bid,CostlyCorianders,EarnestEspressos,7427595
2026-07-04T20:01:03.847052,2026-07-04T20:01:03.858560+00:00,132.2,50,bid,FlawlessFlatbreads,DiligentDonuts,7427625
2026-07-04T20:01:06.014229,2026-07-04T20:01:06.022882+00:00,131.7,50,ask,DiligentDonuts,FlawlessFlatbreads,7427651
2026-07-04T20:01:08.070653,2026-07-04T20:01:08.082732+00:00,132.1,50,bid,FlawlessFlatbreads,DiligentDonuts,7427690
2026-07-04T20:01:09.301306,2026-07-04T20:01:09.312731+00:00,132.0,41,bid,CostlyCorianders,EarnestEspressos,7427717
2026-07-04T20:01:10.250970,2026-07-04T20:01:10.263661+00:00,131.8,50,ask,DiligentDonuts,FlawlessFlatbreads,7427731
2026-07-04T20:01:10.966920,2026-07-04T20:01:10.977884+00:00,131.8,44,ask,DiligentDonuts,CostlyCorianders,7427752
2026-07-04T20:01:12.357459,2026-07-04T20:01:12.369128+00:00,131.8,6,ask,DiligentDonuts,FlawlessFlatbreads,7427766
2026-07-04T20:01:15.652155,2026-07-04T20:01:15.659900+00:00,131.8,11,ask,EarnestEspressos,Xuanyu Liu,7427821
2026-07-04T20:01:16.469757,2026-07-04T20:01:16.480126+00:00,131.8,40,ask,EarnestEspressos,CostlyCorianders,7427836
2026-07-04T20:01:16.567486,2026-07-04T20:01:16.579539+00:00,131.8,50,ask,EarnestEspressos,FlawlessFlatbreads,7427837
2026-07-04T20:01:20.051499,2026-07-04T20:01:20.058051+00:00,131.6,46,bid,CostlyCorianders,EarnestEspressos,7427899
2026-07-04T20:01:21.175719,2026-07-04T20:01:21.183698+00:00,131.6,11,bid,Xuanyu Liu,EarnestEspressos,7427913
2026-07-04T20:01:22.888322,2026-07-04T20:01:22.900489+00:00,131.4,50,ask,EarnestEspressos,FlawlessFlatbreads,7427940
2026-07-04T20:01:23.633625,2026-07-04T20:01:23.645202+00:00,131.4,45,ask,EarnestEspressos,CostlyCorianders,7427950
2026-07-04T20:01:24.995391,2026-07-04T20:01:25.006128+00:00,131.4,50,ask,EarnestEspressos,FlawlessFlatbreads,7427978
2026-07-04T20:01:25.108846,2026-07-04T20:01:25.117801+00:00,131.4,100,ask,DiligentDonuts,EarnestEspressos,7427982
2026-07-04T20:01:25.119010,2026-07-04T20:01:25.127667+00:00,131.3,29,bid,Xuanyu Liu,EarnestEspressos,7427983
2026-07-04T20:01:28.735556,2026-07-04T20:01:28.745638+00:00,131.1,6,ask,DiligentDonuts,Xuanyu Liu,7428032
2026-07-04T20:01:29.203933,2026-07-04T20:01:29.211667+00:00,130.8,50,ask,EarnestEspressos,FlawlessFlatbreads,7428037
2026-07-04T20:01:31.259322,2026-07-04T20:01:31.270773+00:00,131.2,50,bid,FlawlessFlatbreads,DiligentDonuts,7428062
2026-07-04T20:01:33.097841,2026-07-04T20:01:33.109347+00:00,131.3,48,bid,CostlyCorianders,EarnestEspressos,7428105
2026-07-04T20:01:33.368288,2026-07-04T20:01:33.379683+00:00,131.3,50,bid,FlawlessFlatbreads,EarnestEspressos,7428108
2026-07-04T20:01:35.024946,2026-07-04T20:01:35.037657+00:00,131.3,23,ask,EarnestEspressos,Xuanyu Liu,7428140
2026-07-04T20:01:35.441573,2026-07-04T20:01:35.448076+00:00,131.3,100,ask,EarnestEspressos,DiligentDonuts,7428147
2026-07-04T20:01:35.524072,2026-07-04T20:01:35.534470+00:00,131.3,27,ask,EarnestEspressos,FlawlessFlatbreads,7428150
2026-07-04T20:01:35.524072,2026-07-04T20:01:35.534470+00:00,130.8,23,ask,DiligentDonuts,FlawlessFlatbreads,7428151
2026-07-04T20:01:37.776843,2026-07-04T20:01:37.785661+00:00,131.0,12,bid,Xuanyu Liu,EarnestEspressos,7428190
2026-07-04T20:01:37.899762,2026-07-04T20:01:37.909116+00:00,131.0,11,bid,Xuanyu Liu,EarnestEspressos,7428193
2026-07-04T20:01:38.556691,2026-07-04T20:01:38.570238+00:00,131.0,100,bid,DiligentDonuts,EarnestEspressos,7428210
2026-07-04T20:01:39.683851,2026-07-04T20:01:39.695407+00:00,131.0,27,bid,FlawlessFlatbreads,EarnestEspressos,7428229
2026-07-04T20:01:41.515929,2026-07-04T20:01:41.527524+00:00,131.4,47,bid,CostlyCorianders,EarnestEspressos,7428241
2026-07-04T20:01:41.825246,2026-07-04T20:01:41.832477+00:00,130.9,11,ask,EarnestEspressos,Xuanyu Liu,7428251
2026-07-04T20:01:43.895568,2026-07-04T20:01:43.907286+00:00,131.1,50,bid,FlawlessFlatbreads,DiligentDonuts,7428277
2026-07-04T20:01:44.131417,2026-07-04T20:01:44.140749+00:00,131.1,12,ask,EarnestEspressos,Xuanyu Liu,7428281
2026-07-04T20:01:44.444613,2026-07-04T20:01:44.456865+00:00,131.1,11,ask,EarnestEspressos,Xuanyu Liu,7428289
2026-07-04T20:01:46.002894,2026-07-04T20:01:46.014389+00:00,131.3,50,bid,FlawlessFlatbreads,DiligentDonuts,7428319
2026-07-04T20:01:47.064983,2026-07-04T20:01:47.073202+00:00,131.1,11,ask,EarnestEspressos,Xuanyu Liu,7428331
2026-07-04T20:01:48.109704,2026-07-04T20:01:48.119577+00:00,131.2,50,bid,FlawlessFlatbreads,EarnestEspressos,7428343
2026-07-04T20:01:49.887177,2026-07-04T20:01:49.898875+00:00,130.9,42,ask,DiligentDonuts,CostlyCorianders,7428359
2026-07-04T20:01:50.217823,2026-07-04T20:01:50.230230+00:00,131.2,50,bid,FlawlessFlatbreads,EarnestEspressos,7428365
2026-07-04T20:01:50.395962,2026-07-04T20:01:50.403171+00:00,131.2,12,ask,EarnestEspressos,Xuanyu Liu,7428366
2026-07-04T20:01:51.269851,2026-07-04T20:01:51.277720+00:00,131.2,100,ask,EarnestEspressos,DiligentDonuts,7428386
2026-07-04T20:01:52.330996,2026-07-04T20:01:52.342549+00:00,131.7,50,bid,FlawlessFlatbreads,EarnestEspressos,7428395
2026-07-04T20:01:53.229855,2026-07-04T20:01:53.242813+00:00,131.2,38,ask,EarnestEspressos,CostlyCorianders,7428411
2026-07-04T20:01:53.229855,2026-07-04T20:01:53.242813+00:00,130.7,3,ask,DiligentDonuts,CostlyCorianders,7428412
2026-07-04T20:01:54.438394,2026-07-04T20:01:54.446892+00:00,131.2,50,bid,FlawlessFlatbreads,EarnestEspressos,7428429
2026-07-04T20:01:56.545520,2026-07-04T20:01:56.558572+00:00,131.2,50,bid,FlawlessFlatbreads,EarnestEspressos,7428462
2026-07-04T20:01:58.072537,2026-07-04T20:01:58.085425+00:00,131.1,49,ask,EarnestEspressos,CostlyCorianders,7428483
2026-07-04T20:01:58.653435,2026-07-04T20:01:58.668873+00:00,131.4,50,bid,FlawlessFlatbreads,DiligentDonuts,7428485
2026-07-04T20:01:58.874048,2026-07-04T20:01:58.881015+00:00,131.1,10,ask,EarnestEspressos,Zihao Wu,7428487
2026-07-04T20:02:00.760728,2026-07-04T20:02:00.772002+00:00,131.3,50,bid,FlawlessFlatbreads,EarnestEspressos,7428500
2026-07-04T20:02:04.974609,2026-07-04T20:02:04.986124+00:00,131.3,50,bid,FlawlessFlatbreads,EarnestEspressos,7428556
2026-07-04T20:02:05.451634,2026-07-04T20:02:05.463902+00:00,131.3,45,bid,CostlyCorianders,EarnestEspressos,7428563
2026-07-04T20:02:06.218856,2026-07-04T20:02:06.228727+00:00,131.2,23,ask,EarnestEspressos,Xuanyu Liu,7428571
2026-07-04T20:02:07.084715,2026-07-04T20:02:07.095228+00:00,131.2,46,ask,EarnestEspressos,CostlyCorianders,7428581
2026-07-04T20:02:07.084967,2026-07-04T20:02:07.100397+00:00,131.5,50,bid,FlawlessFlatbreads,DiligentDonuts,7428582
2026-07-04T20:02:09.191542,2026-07-04T20:02:09.203104+00:00,131.5,50,bid,FlawlessFlatbreads,DiligentDonuts,7428615
2026-07-04T20:02:13.454870,2026-07-04T20:02:13.466469+00:00,131.2,50,ask,DiligentDonuts,FlawlessFlatbreads,7428668
2026-07-04T20:02:13.543869,2026-07-04T20:02:13.558553+00:00,131.5,44,bid,CostlyCorianders,EarnestEspressos,7428671
2026-07-04T20:02:14.113981,2026-07-04T20:02:14.130122+00:00,131.5,48,bid,CostlyCorianders,EarnestEspressos,7428686
2026-07-04T20:02:14.584219,2026-07-04T20:02:14.595974+00:00,131.2,14,ask,DiligentDonuts,Xuanyu Liu,7428691
2026-07-04T20:02:15.179593,2026-07-04T20:02:15.191653+00:00,131.2,36,ask,DiligentDonuts,CostlyCorianders,7428704
2026-07-04T20:02:15.179593,2026-07-04T20:02:15.191653+00:00,131.0,13,ask,EarnestEspressos,CostlyCorianders,7428705
2026-07-04T20:02:15.577520,2026-07-04T20:02:15.587069+00:00,131.0,50,ask,EarnestEspressos,FlawlessFlatbreads,7428707
2026-07-04T20:02:17.160299,2026-07-04T20:02:17.172063+00:00,130.9,42,ask,EarnestEspressos,CostlyCorianders,7428730
2026-07-04T20:02:17.683767,2026-07-04T20:02:17.695480+00:00,130.9,50,ask,EarnestEspressos,FlawlessFlatbreads,7428740
2026-07-04T20:02:17.717877,2026-07-04T20:02:17.729545+00:00,131.3,45,bid,CostlyCorianders,DiligentDonuts,7428741
2026-07-04T20:02:18.314466,2026-07-04T20:02:18.322236+00:00,131.3,48,bid,CostlyCorianders,DiligentDonuts,7428749
2026-07-04T20:02:19.301870,2026-07-04T20:02:19.311255+00:00,131.0,3,bid,Xuanyu Liu,EarnestEspressos,7428765
2026-07-04T20:02:19.571067,2026-07-04T20:02:19.583232+00:00,130.8,41,ask,DiligentDonuts,CostlyCorianders,7428770
2026-07-04T20:02:19.812611,2026-07-04T20:02:19.824079+00:00,130.9,50,ask,DiligentDonuts,FlawlessFlatbreads,7428778
2026-07-04T20:02:19.835668,2026-07-04T20:02:19.845359+00:00,131.0,11,bid,Xuanyu Liu,EarnestEspressos,7428779
2026-07-04T20:02:20.680627,2026-07-04T20:02:20.692329+00:00,130.9,46,ask,DiligentDonuts,CostlyCorianders,7428801
2026-07-04T20:02:21.152798,2026-07-04T20:02:21.158616+00:00,131.0,45,bid,CostlyCorianders,EarnestEspressos,7428810
2026-07-04T20:02:21.921854,2026-07-04T20:02:21.934843+00:00,130.9,4,ask,DiligentDonuts,FlawlessFlatbreads,7428820
2026-07-04T20:02:21.921854,2026-07-04T20:02:21.934843+00:00,130.5,46,ask,EarnestEspressos,FlawlessFlatbreads,7428821
2026-07-04T20:02:24.043738,2026-07-04T20:02:24.058607+00:00,130.7,50,ask,DiligentDonuts,FlawlessFlatbreads,7428845
2026-07-04T20:02:26.149258,2026-07-04T20:02:26.155784+00:00,130.6,50,ask,EarnestEspressos,FlawlessFlatbreads,7428877
2026-07-04T20:02:26.530230,2026-07-04T20:02:26.537484+00:00,131.0,45,bid,CostlyCorianders,DiligentDonuts,7428886
2026-07-04T20:02:26.992360,2026-07-04T20:02:27.000854+00:00,131.0,47,bid,CostlyCorianders,DiligentDonuts,7428891
2026-07-04T20:02:30.108725,2026-07-04T20:02:30.120051+00:00,130.6,44,ask,EarnestEspressos,CostlyCorianders,7428944
2026-07-04T20:02:30.309264,2026-07-04T20:02:30.321229+00:00,131.1,50,bid,FlawlessFlatbreads,EarnestEspressos,7428949
2026-07-04T20:02:32.318125,2026-07-04T20:02:32.324764+00:00,131.0,10,bid,Zihao Wu,EarnestEspressos,7428974
2026-07-04T20:02:32.417119,2026-07-04T20:02:32.425092+00:00,131.0,50,bid,FlawlessFlatbreads,EarnestEspressos,7428975
2026-07-04T20:02:34.527445,2026-07-04T20:02:34.535015+00:00,131.0,50,bid,FlawlessFlatbreads,EarnestEspressos,7429014
2026-07-04T20:02:35.295893,2026-07-04T20:02:35.307812+00:00,131.0,40,ask,EarnestEspressos,CostlyCorianders,7429024
2026-07-04T20:02:38.735298,2026-07-04T20:02:38.744080+00:00,131.3,50,bid,FlawlessFlatbreads,DiligentDonuts,7429075
2026-07-04T20:02:39.387280,2026-07-04T20:02:39.397529+00:00,131.3,45,bid,CostlyCorianders,DiligentDonuts,7429089
2026-07-04T20:02:41.060850,2026-07-04T20:02:41.069092+00:00,130.8,45,ask,DiligentDonuts,CostlyCorianders,7429116
2026-07-04T20:02:41.612100,2026-07-04T20:02:41.621698+00:00,130.8,48,ask,DiligentDonuts,CostlyCorianders,7429122
2026-07-04T20:02:42.075859,2026-07-04T20:02:42.087728+00:00,131.3,48,bid,CostlyCorianders,EarnestEspressos,7429130
2026-07-04T20:02:42.997679,2026-07-04T20:02:43.009537+00:00,130.9,50,ask,DiligentDonuts,FlawlessFlatbreads,7429135
2026-07-04T20:02:43.564482,2026-07-04T20:02:43.576125+00:00,131.3,48,bid,CostlyCorianders,EarnestEspressos,7429139
2026-07-04T20:02:44.189109,2026-07-04T20:02:44.198062+00:00,131.2,11,ask,EarnestEspressos,Xuanyu Liu,7429146
2026-07-04T20:02:44.756052,2026-07-04T20:02:44.765416+00:00,131.2,3,ask,EarnestEspressos,Xuanyu Liu,7429152
2026-07-04T20:02:45.052997,2026-07-04T20:02:45.055781+00:00,131.7,50,bid,FlawlessFlatbreads,EarnestEspressos,7429162
2026-07-04T20:02:45.056594,2026-07-04T20:02:45.069038+00:00,131.2,100,ask,EarnestEspressos,DiligentDonuts,7429164
2026-07-04T20:02:48.878157,2026-07-04T20:02:48.885231+00:00,130.9,46,ask,EarnestEspressos,CostlyCorianders,7429206
2026-07-04T20:02:50.662326,2026-07-04T20:02:50.671770+00:00,131.2,48,bid,CostlyCorianders,EarnestEspressos,7429233
2026-07-04T20:02:52.379301,2026-07-04T20:02:52.390068+00:00,131.0,10,ask,DiligentDonuts,Zihao Wu,7429267
2026-07-04T20:02:52.738456,2026-07-04T20:02:52.744890+00:00,131.0,41,ask,DiligentDonuts,CostlyCorianders,7429275
2026-07-04T20:02:55.575395,2026-07-04T20:02:55.583558+00:00,131.2,50,bid,FlawlessFlatbreads,DiligentDonuts,7429317
2026-07-04T20:02:56.495530,2026-07-04T20:02:56.507352+00:00,130.8,44,ask,EarnestEspressos,CostlyCorianders,7429331
2026-07-04T20:02:57.997596,2026-07-04T20:02:58.006180+00:00,131.1,3,bid,Xuanyu Liu,EarnestEspressos,7429345
2026-07-04T20:02:59.207597,2026-07-04T20:02:59.215925+00:00,131.1,11,bid,Xuanyu Liu,EarnestEspressos,7429363
2026-07-04T20:02:59.845207,2026-07-04T20:02:59.858526+00:00,130.9,50,ask,DiligentDonuts,FlawlessFlatbreads,7429373
2026-07-04T20:03:01.102281,2026-07-04T20:03:01.111082+00:00,131.0,42,ask,EarnestEspressos,CostlyCorianders,7429397
2026-07-04T20:03:01.899084,2026-07-04T20:03:01.910939+00:00,131.3,50,bid,FlawlessFlatbreads,DiligentDonuts,7429404
2026-07-04T20:03:03.972254,2026-07-04T20:03:03.984021+00:00,131.1,100,bid,DiligentDonuts,EarnestEspressos,7429426
2026-07-04T20:03:04.075377,2026-07-04T20:03:04.086892+00:00,130.6,50,ask,EarnestEspressos,FlawlessFlatbreads,7429427
2026-07-04T20:03:05.430321,2026-07-04T20:03:05.441804+00:00,131.1,41,bid,CostlyCorianders,EarnestEspressos,7429448
2026-07-04T20:03:06.131401,2026-07-04T20:03:06.143363+00:00,131.1,9,bid,FlawlessFlatbreads,EarnestEspressos,7429462
2026-07-04T20:03:06.131401,2026-07-04T20:03:06.143363+00:00,131.6,41,bid,CostlyCorianders,DiligentDonuts,7429463
2026-07-04T20:03:06.539629,2026-07-04T20:03:06.551266+00:00,131.6,41,bid,FlawlessFlatbreads,DiligentDonuts,7429467
2026-07-04T20:03:08.241294,2026-07-04T20:03:08.249494+00:00,131.6,50,bid,FlawlessFlatbreads,DiligentDonuts,7429487
2026-07-04T20:03:09.571880,2026-07-04T20:03:09.583645+00:00,131.5,44,ask,EarnestEspressos,CostlyCorianders,7429511
2026-07-04T20:03:09.679973,2026-07-04T20:03:09.688308+00:00,131.5,14,ask,EarnestEspressos,Xuanyu Liu,7429514
2026-07-04T20:03:10.049377,2026-07-04T20:03:10.058598+00:00,131.6,45,bid,CostlyCorianders,DiligentDonuts,7429517
2026-07-04T20:03:11.142256,2026-07-04T20:03:11.153970+00:00,131.5,43,ask,EarnestEspressos,CostlyCorianders,7429531
2026-07-04T20:03:11.758826,2026-07-04T20:03:11.769462+00:00,131.9,47,bid,CostlyCorianders,DiligentDonuts,7429536
2026-07-04T20:03:12.223359,2026-07-04T20:03:12.235090+00:00,131.5,40,ask,EarnestEspressos,CostlyCorianders,7429540
2026-07-04T20:03:12.696334,2026-07-04T20:03:12.718663+00:00,131.4,100,ask,DiligentDonuts,EarnestEspressos,7429551
2026-07-04T20:03:12.710311,2026-07-04T20:03:12.718663+00:00,131.4,14,bid,Xuanyu Liu,EarnestEspressos,7429554
2026-07-04T20:03:13.006052,2026-07-04T20:03:13.017588+00:00,131.4,10,bid,Zihao Wu,EarnestEspressos,7429560
2026-07-04T20:03:13.234452,2026-07-04T20:03:13.246550+00:00,131.4,26,bid,CostlyCorianders,EarnestEspressos,7429564
2026-07-04T20:03:13.234452,2026-07-04T20:03:13.246550+00:00,131.9,19,bid,CostlyCorianders,DiligentDonuts,7429565
2026-07-04T20:03:14.955735,2026-07-04T20:03:14.964545+00:00,131.5,11,ask,DiligentDonuts,Xuanyu Liu,7429590
2026-07-04T20:03:16.444764,2026-07-04T20:03:16.458545+00:00,131.6,49,ask,EarnestEspressos,CostlyCorianders,7429616
2026-07-04T20:03:16.657476,2026-07-04T20:03:16.668907+00:00,132.1,50,bid,FlawlessFlatbreads,EarnestEspressos,7429621
2026-07-04T20:03:17.560866,2026-07-04T20:03:17.570426+00:00,131.9,3,ask,DiligentDonuts,Xuanyu Liu,7429636
2026-07-04T20:03:18.846296,2026-07-04T20:03:18.852760+00:00,131.9,50,ask,DiligentDonuts,FlawlessFlatbreads,7429654
2026-07-04T20:03:20.626309,2026-07-04T20:03:20.637605+00:00,131.8,41,ask,EarnestEspressos,CostlyCorianders,7429682
2026-07-04T20:03:20.902021,2026-07-04T20:03:20.913470+00:00,132.1,50,bid,FlawlessFlatbreads,DiligentDonuts,7429690
2026-07-04T20:03:23.034815,2026-07-04T20:03:23.046478+00:00,132.1,50,bid,FlawlessFlatbreads,EarnestEspressos,7429725
2026-07-04T20:03:25.142684,2026-07-04T20:03:25.158562+00:00,132.1,50,bid,FlawlessFlatbreads,EarnestEspressos,7429754
2026-07-04T20:03:25.611197,2026-07-04T20:03:25.626601+00:00,132.3,48,bid,CostlyCorianders,DiligentDonuts,7429760
2026-07-04T20:03:25.665704,2026-07-04T20:03:25.677426+00:00,132.1,44,ask,EarnestEspressos,CostlyCorianders,7429765
2026-07-04T20:03:27.252067,2026-07-04T20:03:27.264022+00:00,132.4,50,bid,FlawlessFlatbreads,DiligentDonuts,7429788
2026-07-04T20:03:28.312296,2026-07-04T20:03:28.323786+00:00,132.4,43,bid,CostlyCorianders,DiligentDonuts,7429803
2026-07-04T20:03:29.234580,2026-07-04T20:03:29.258629+00:00,132.4,7,bid,CostlyCorianders,DiligentDonuts,7429807
2026-07-04T20:03:29.234580,2026-07-04T20:03:29.258629+00:00,132.4,33,bid,CostlyCorianders,EarnestEspressos,7429808
2026-07-04T20:03:29.360670,2026-07-04T20:03:29.369910+00:00,132.4,50,bid,FlawlessFlatbreads,EarnestEspressos,7429815
2026-07-04T20:03:31.294951,2026-07-04T20:03:31.306322+00:00,132.3,44,ask,DiligentDonuts,CostlyCorianders,7429847
2026-07-04T20:03:31.468282,2026-07-04T20:03:31.480194+00:00,132.4,50,bid,FlawlessFlatbreads,EarnestEspressos,7429848
2026-07-04T20:03:31.651289,2026-07-04T20:03:31.660971+00:00,132.5,14,ask,EarnestEspressos,Xuanyu Liu,7429849
2026-07-04T20:03:31.879166,2026-07-04T20:03:31.891118+00:00,132.5,45,ask,EarnestEspressos,CostlyCorianders,7429852
2026-07-04T20:03:32.430072,2026-07-04T20:03:32.441693+00:00,133.0,41,bid,CostlyCorianders,EarnestEspressos,7429857
2026-07-04T20:03:32.615929,2026-07-04T20:03:32.625791+00:00,132.5,25,ask,EarnestEspressos,Yinxuan Li,7429863
2026-07-04T20:03:33.184360,2026-07-04T20:03:33.193786+00:00,132.5,10,ask,EarnestEspressos,Zihao Wu,7429873
2026-07-04T20:03:33.293741,2026-07-04T20:03:33.303092+00:00,132.5,12,ask,EarnestEspressos,Xuanyu Liu,7429875
2026-07-04T20:03:33.575234,2026-07-04T20:03:33.586893+00:00,132.7,50,bid,FlawlessFlatbreads,DiligentDonuts,7429883
2026-07-04T20:03:35.681469,2026-07-04T20:03:35.693112+00:00,132.7,50,bid,FlawlessFlatbreads,EarnestEspressos,7429919
2026-07-04T20:03:37.629639,2026-07-04T20:03:37.641334+00:00,132.3,25,ask,DiligentDonuts,Yinxuan Li,7429948
2026-07-04T20:03:37.791017,2026-07-04T20:03:37.801102+00:00,132.7,50,bid,FlawlessFlatbreads,EarnestEspressos,7429955
2026-07-04T20:03:37.974698,2026-07-04T20:03:37.983802+00:00,132.5,11,ask,EarnestEspressos,Xuanyu Liu,7429958
2026-07-04T20:03:39.897065,2026-07-04T20:03:39.908500+00:00,132.6,50,bid,FlawlessFlatbreads,DiligentDonuts,7429977
2026-07-04T20:03:41.751915,2026-07-04T20:03:41.758665+00:00,132.5,46,ask,EarnestEspressos,CostlyCorianders,7430005
2026-07-04T20:03:42.054255,2026-07-04T20:03:42.066297+00:00,132.5,50,ask,EarnestEspressos,FlawlessFlatbreads,7430010
2026-07-04T20:03:42.459501,2026-07-04T20:03:42.471874+00:00,132.5,12,ask,EarnestEspressos,Xuanyu Liu,7430015
2026-07-04T20:03:42.645295,2026-07-04T20:03:42.657149+00:00,132.5,25,ask,EarnestEspressos,Yinxuan Li,7430022
2026-07-04T20:03:42.848766,2026-07-04T20:03:42.858576+00:00,132.5,17,ask,EarnestEspressos,CostlyCorianders,7430029
2026-07-04T20:03:42.848766,2026-07-04T20:03:42.858576+00:00,132.2,30,ask,DiligentDonuts,CostlyCorianders,7430030
2026-07-04T20:03:44.113069,2026-07-04T20:03:44.122764+00:00,132.7,50,bid,FlawlessFlatbreads,DiligentDonuts,7430044
2026-07-04T20:03:44.338365,2026-07-04T20:03:44.356414+00:00,132.2,70,ask,DiligentDonuts,EarnestEspressos,7430050
2026-07-04T20:03:44.347731,2026-07-04T20:03:44.356414+00:00,132.1,23,bid,Xuanyu Liu,EarnestEspressos,7430051
2026-07-04T20:03:44.496660,2026-07-04T20:03:44.504460+00:00,132.1,44,bid,CostlyCorianders,EarnestEspressos,7430053
2026-07-04T20:03:45.513908,2026-07-04T20:03:45.525554+00:00,131.9,48,ask,DiligentDonuts,CostlyCorianders,7430062
2026-07-04T20:03:46.222008,2026-07-04T20:03:46.233822+00:00,132.1,13,bid,FlawlessFlatbreads,EarnestEspressos,7430076
2026-07-04T20:03:46.222008,2026-07-04T20:03:46.233822+00:00,132.4,37,bid,FlawlessFlatbreads,DiligentDonuts,7430077
2026-07-04T20:03:47.448113,2026-07-04T20:03:47.450437+00:00,132.4,63,bid,EarnestEspressos,DiligentDonuts,7430095
2026-07-04T20:03:47.666293,2026-07-04T20:03:47.676961+00:00,132.6,25,ask,EarnestEspressos,Yinxuan Li,7430101
2026-07-04T20:03:48.331057,2026-07-04T20:03:48.342598+00:00,133.1,50,bid,FlawlessFlatbreads,EarnestEspressos,7430112
2026-07-04T20:03:50.439052,2026-07-04T20:03:50.458798+00:00,132.9,50,bid,FlawlessFlatbreads,DiligentDonuts,7430144
2026-07-04T20:03:51.448303,2026-07-04T20:03:51.454823+00:00,133.0,48,bid,CostlyCorianders,EarnestEspressos,7430162
2026-07-04T20:03:52.597799,2026-07-04T20:03:52.609587+00:00,132.6,50,ask,DiligentDonuts,FlawlessFlatbreads,7430174
2026-07-04T20:03:54.703455,2026-07-04T20:03:54.715012+00:00,132.8,50,ask,EarnestEspressos,FlawlessFlatbreads,7430201
2026-07-04T20:03:55.113516,2026-07-04T20:03:55.125298+00:00,133.1,46,bid,CostlyCorianders,DiligentDonuts,7430203
2026-07-04T20:03:56.811918,2026-07-04T20:03:56.823491+00:00,132.8,50,ask,EarnestEspressos,FlawlessFlatbreads,7430226
2026-07-04T20:03:57.692798,2026-07-04T20:03:57.694815+00:00,132.6,25,ask,DiligentDonuts,Yinxuan Li,7430234
2026-07-04T20:03:58.870595,2026-07-04T20:03:58.882054+00:00,132.7,42,ask,DiligentDonuts,CostlyCorianders,7430255
2026-07-04T20:03:58.919667,2026-07-04T20:03:58.931379+00:00,132.7,50,ask,DiligentDonuts,FlawlessFlatbreads,7430256
2026-07-04T20:03:59.385506,2026-07-04T20:03:59.392708+00:00,132.9,43,bid,CostlyCorianders,EarnestEspressos,7430266
2026-07-04T20:03:59.443594,2026-07-04T20:03:59.463766+00:00,132.7,8,ask,DiligentDonuts,CostlyCorianders,7430270
2026-07-04T20:04:01.114461,2026-07-04T20:04:01.124447+00:00,133.0,45,bid,CostlyCorianders,DiligentDonuts,7430290
2026-07-04T20:04:03.077900,2026-07-04T20:04:03.089393+00:00,133.0,50,bid,FlawlessFlatbreads,DiligentDonuts,7430323
2026-07-04T20:04:05.245260,2026-07-04T20:04:05.258605+00:00,132.9,50,ask,DiligentDonuts,FlawlessFlatbreads,7430364
2026-07-04T20:04:07.713520,2026-07-04T20:04:07.721429+00:00,132.8,25,ask,EarnestEspressos,Yinxuan Li,7430394
2026-07-04T20:04:08.193859,2026-07-04T20:04:08.204158+00:00,132.8,47,ask,EarnestEspressos,CostlyCorianders,7430403
2026-07-04T20:04:09.479002,2026-07-04T20:04:09.490733+00:00,132.8,50,ask,EarnestEspressos,FlawlessFlatbreads,7430424
2026-07-04T20:04:09.665597,2026-07-04T20:04:09.686669+00:00,132.7,100,ask,DiligentDonuts,EarnestEspressos,7430425
2026-07-04T20:04:09.678140,2026-07-04T20:04:09.686669+00:00,132.6,12,bid,Xuanyu Liu,EarnestEspressos,7430426
2026-07-04T20:04:11.314564,2026-07-04T20:04:11.323164+00:00,132.6,11,bid,Xuanyu Liu,EarnestEspressos,7430453
2026-07-04T20:04:11.533827,2026-07-04T20:04:11.545648+00:00,132.6,27,bid,FlawlessFlatbreads,EarnestEspressos,7430456
2026-07-04T20:04:11.533827,2026-07-04T20:04:11.545648+00:00,132.7,23,bid,FlawlessFlatbreads,DiligentDonuts,7430457
2026-07-04T20:04:12.785529,2026-07-04T20:04:12.795070+00:00,132.7,77,bid,EarnestEspressos,DiligentDonuts,7430475
2026-07-04T20:04:12.848614,2026-07-04T20:04:12.856887+00:00,132.9,11,ask,EarnestEspressos,Xuanyu Liu,7430479
2026-07-04T20:04:13.647021,2026-07-04T20:04:13.659623+00:00,133.4,50,bid,FlawlessFlatbreads,EarnestEspressos,7430487
2026-07-04T20:04:14.954911,2026-07-04T20:04:14.957338+00:00,132.9,46,ask,EarnestEspressos,CostlyCorianders,7430508
2026-07-04T20:04:15.755349,2026-07-04T20:04:15.767298+00:00,133.2,50,bid,FlawlessFlatbreads,DiligentDonuts,7430517
2026-07-04T20:04:17.728060,2026-07-04T20:04:17.739896+00:00,132.8,25,ask,DiligentDonuts,Yinxuan Li,7430540
2026-07-04T20:04:17.882815,2026-07-04T20:04:17.894234+00:00,133.1,50,bid,FlawlessFlatbreads,EarnestEspressos,7430545
2026-07-04T20:04:18.250095,2026-07-04T20:04:18.256659+00:00,133.1,49,bid,CostlyCorianders,EarnestEspressos,7430554
2026-07-04T20:04:19.128777,2026-07-04T20:04:19.138746+00:00,133.2,12,ask,EarnestEspressos,Xuanyu Liu,7430570
2026-07-04T20:04:20.040225,2026-07-04T20:04:20.058631+00:00,133.2,50,ask,EarnestEspressos,FlawlessFlatbreads,7430586
2026-07-04T20:04:20.332406,2026-07-04T20:04:20.340744+00:00,133.2,11,ask,EarnestEspressos,Xuanyu Liu,7430589
2026-07-04T20:04:20.483096,2026-07-04T20:04:20.491078+00:00,133.2,12,ask,EarnestEspressos,Xuanyu Liu,7430591
2026-07-04T20:04:22.155198,2026-07-04T20:04:22.153822+00:00,133.2,50,ask,EarnestEspressos,FlawlessFlatbreads,7430618
2026-07-04T20:04:22.331257,2026-07-04T20:04:22.342832+00:00,133.1,100,ask,DiligentDonuts,EarnestEspressos,7430619
2026-07-04T20:04:22.343976,2026-07-04T20:04:22.353532+00:00,133.0,12,bid,Xuanyu Liu,EarnestEspressos,7430620
2026-07-04T20:04:24.260366,2026-07-04T20:04:24.269357+00:00,132.5,50,ask,EarnestEspressos,FlawlessFlatbreads,7430645
2026-07-04T20:04:25.699890,2026-07-04T20:04:25.709383+00:00,132.7,48,ask,EarnestEspressos,CostlyCorianders,7430656
2026-07-04T20:04:26.283830,2026-07-04T20:04:26.294460+00:00,133.2,47,bid,CostlyCorianders,EarnestEspressos,7430661
2026-07-04T20:04:26.366314,2026-07-04T20:04:26.375930+00:00,132.7,50,ask,EarnestEspressos,FlawlessFlatbreads,7430663
2026-07-04T20:04:26.948306,2026-07-04T20:04:26.958570+00:00,133.0,42,bid,CostlyCorianders,DiligentDonuts,7430670
2026-07-04T20:04:28.033996,2026-07-04T20:04:28.045484+00:00,132.7,48,ask,EarnestEspressos,CostlyCorianders,7430689
2026-07-04T20:04:28.530344,2026-07-04T20:04:28.542291+00:00,133.0,49,bid,CostlyCorianders,DiligentDonuts,7430707
2026-07-04T20:04:28.670930,2026-07-04T20:04:28.679713+00:00,132.8,11,bid,Xuanyu Liu,EarnestEspressos,7430709
2026-07-04T20:04:30.586413,2026-07-04T20:04:30.597761+00:00,132.7,50,ask,DiligentDonuts,FlawlessFlatbreads,7430741
2026-07-04T20:04:30.953013,2026-07-04T20:04:30.962916+00:00,132.8,12,bid,Xuanyu Liu,EarnestEspressos,7430745
2026-07-04T20:04:32.693743,2026-07-04T20:04:32.705451+00:00,132.6,50,ask,DiligentDonuts,FlawlessFlatbreads,7430766
2026-07-04T20:04:34.826027,2026-07-04T20:04:34.832608+00:00,132.6,50,ask,DiligentDonuts,FlawlessFlatbreads,7430786
2026-07-04T20:04:36.931890,2026-07-04T20:04:36.943424+00:00,132.3,50,ask,EarnestEspressos,FlawlessFlatbreads,7430831
2026-07-04T20:04:38.184458,2026-07-04T20:04:38.193369+00:00,132.5,11,bid,Xuanyu Liu,EarnestEspressos,7430856
2026-07-04T20:04:38.538375,2026-07-04T20:04:38.549916+00:00,132.2,48,ask,DiligentDonuts,CostlyCorianders,7430863
2026-07-04T20:04:38.813711,2026-07-04T20:04:38.820857+00:00,132.5,3,bid,Xuanyu Liu,EarnestEspressos,7430868
2026-07-04T20:04:41.103134,2026-07-04T20:04:41.110344+00:00,132.5,50,bid,FlawlessFlatbreads,EarnestEspressos,7430902
2026-07-04T20:04:43.261706,2026-07-04T20:04:43.273620+00:00,132.2,50,ask,EarnestEspressos,FlawlessFlatbreads,7430937
2026-07-04T20:04:45.372746,2026-07-04T20:04:45.381434+00:00,132.0,50,ask,EarnestEspressos,FlawlessFlatbreads,7430974
2026-07-04T20:04:46.826177,2026-07-04T20:04:46.838161+00:00,132.5,40,bid,CostlyCorianders,EarnestEspressos,7430996
2026-07-04T20:04:47.480108,2026-07-04T20:04:47.492106+00:00,132.0,50,ask,EarnestEspressos,FlawlessFlatbreads,7431011
2026-07-04T20:04:48.347239,2026-07-04T20:04:48.358600+00:00,132.3,40,bid,CostlyCorianders,EarnestEspressos,7431032
2026-07-04T20:04:49.540328,2026-07-04T20:04:49.551837+00:00,132.3,50,bid,FlawlessFlatbreads,EarnestEspressos,7431060
2026-07-04T20:04:51.647677,2026-07-04T20:04:51.664013+00:00,132.4,50,bid,FlawlessFlatbreads,DiligentDonuts,7431094
2026-07-04T20:04:52.447423,2026-07-04T20:04:52.459167+00:00,132.1,41,ask,EarnestEspressos,CostlyCorianders,7431116
2026-07-04T20:04:53.490485,2026-07-04T20:04:53.497629+00:00,132.1,44,ask,EarnestEspressos,CostlyCorianders,7431126
2026-07-04T20:04:53.769488,2026-07-04T20:04:53.776477+00:00,132.4,50,bid,FlawlessFlatbreads,DiligentDonuts,7431130
2026-07-04T20:04:54.757713,2026-07-04T20:04:54.769570+00:00,132.2,100,bid,DiligentDonuts,EarnestEspressos,7431147
2026-07-04T20:04:55.874938,2026-07-04T20:04:55.886664+00:00,132.2,50,bid,FlawlessFlatbreads,EarnestEspressos,7431157
2026-07-04T20:04:57.979270,2026-07-04T20:04:57.986933+00:00,132.4,46,ask,EarnestEspressos,CostlyCorianders,7431178
2026-07-04T20:04:57.982583,2026-07-04T20:04:57.991944+00:00,132.6,50,bid,FlawlessFlatbreads,DiligentDonuts,7431179
2026-07-04T20:04:58.502872,2026-07-04T20:04:58.509111+00:00,132.6,49,bid,CostlyCorianders,DiligentDonuts,7431187
2026-07-04T20:05:00.088770,2026-07-04T20:05:00.100534+00:00,132.6,1,bid,FlawlessFlatbreads,DiligentDonuts,7431212
2026-07-04T20:05:00.088770,2026-07-04T20:05:00.100534+00:00,132.9,49,bid,FlawlessFlatbreads,EarnestEspressos,7431213
2026-07-04T20:05:02.248524,2026-07-04T20:05:02.258584+00:00,132.5,50,ask,EarnestEspressos,FlawlessFlatbreads,7431256
2026-07-04T20:05:02.581961,2026-07-04T20:05:02.593996+00:00,132.9,48,bid,CostlyCorianders,DiligentDonuts,7431261
2026-07-04T20:05:04.355229,2026-07-04T20:05:04.358565+00:00,132.4,50,ask,DiligentDonuts,FlawlessFlatbreads,7431288
2026-07-04T20:05:06.463595,2026-07-04T20:05:06.475285+00:00,132.4,50,ask,DiligentDonuts,FlawlessFlatbreads,7431324
2026-07-04T20:05:08.574875,2026-07-04T20:05:08.584081+00:00,132.4,50,ask,EarnestEspressos,FlawlessFlatbreads,7431354
2026-07-04T20:05:09.342301,2026-07-04T20:05:09.358546+00:00,132.4,41,ask,EarnestEspressos,CostlyCorianders,7431363
2026-07-04T20:05:10.415619,2026-07-04T20:05:10.424518+00:00,132.3,42,ask,DiligentDonuts,CostlyCorianders,7431380
2026-07-04T20:05:10.681911,2026-07-04T20:05:10.693848+00:00,132.2,50,ask,DiligentDonuts,FlawlessFlatbreads,7431385
2026-07-04T20:05:12.790162,2026-07-04T20:05:12.799624+00:00,132.2,50,ask,DiligentDonuts,FlawlessFlatbreads,7431414
2026-07-04T20:05:12.797017,2026-07-04T20:05:12.804900+00:00,132.6,25,bid,Yinxuan Li,EarnestEspressos,7431416
2026-07-04T20:05:14.255940,2026-07-04T20:05:14.263490+00:00,132.4,3,bid,Xuanyu Liu,DiligentDonuts,7431445
2026-07-04T20:05:14.897851,2026-07-04T20:05:14.909372+00:00,132.3,50,ask,EarnestEspressos,FlawlessFlatbreads,7431455
2026-07-04T20:05:15.025528,2026-07-04T20:05:15.034851+00:00,132.4,40,bid,CostlyCorianders,DiligentDonuts,7431458
2026-07-04T20:05:16.954316,2026-07-04T20:05:16.963639+00:00,132.4,50,bid,FlawlessFlatbreads,EarnestEspressos,7431487
2026-07-04T20:05:17.814776,2026-07-04T20:05:17.823577+00:00,132.4,25,bid,Yinxuan Li,EarnestEspressos,7431500
2026-07-04T20:05:19.112047,2026-07-04T20:05:19.123869+00:00,131.9,50,ask,EarnestEspressos,FlawlessFlatbreads,7431523
2026-07-04T20:05:21.218284,2026-07-04T20:05:21.230267+00:00,132.0,50,ask,EarnestEspressos,FlawlessFlatbreads,7431548
2026-07-04T20:05:22.118789,2026-07-04T20:05:22.130433+00:00,132.4,43,bid,CostlyCorianders,DiligentDonuts,7431568
2026-07-04T20:05:22.826845,2026-07-04T20:05:22.835472+00:00,132.3,25,bid,Yinxuan Li,EarnestEspressos,7431577
2026-07-04T20:05:25.381097,2026-07-04T20:05:25.390993+00:00,132.3,50,bid,FlawlessFlatbreads,EarnestEspressos,7431614
2026-07-04T20:05:27.334109,2026-07-04T20:05:27.344829+00:00,132.2,47,ask,EarnestEspressos,CostlyCorianders,7431649
2026-07-04T20:05:27.487691,2026-07-04T20:05:27.499192+00:00,132.7,50,bid,FlawlessFlatbreads,EarnestEspressos,7431654
2026-07-04T20:05:27.886557,2026-07-04T20:05:27.898396+00:00,132.7,40,bid,CostlyCorianders,EarnestEspressos,7431656
2026-07-04T20:05:29.569329,2026-07-04T20:05:29.581134+00:00,132.9,44,bid,CostlyCorianders,EarnestEspressos,7431692
2026-07-04T20:05:29.595694,2026-07-04T20:05:29.603525+00:00,132.9,50,bid,FlawlessFlatbreads,EarnestEspressos,7431694
2026-07-04T20:05:30.079795,2026-07-04T20:05:30.091415+00:00,132.4,44,ask,EarnestEspressos,CostlyCorianders,7431706
2026-07-04T20:05:31.581864,2026-07-04T20:05:31.593677+00:00,132.4,45,ask,EarnestEspressos,CostlyCorianders,7431736
2026-07-04T20:05:31.721425,2026-07-04T20:05:31.731453+00:00,132.9,50,bid,FlawlessFlatbreads,EarnestEspressos,7431737
2026-07-04T20:05:31.973056,2026-07-04T20:05:31.982313+00:00,132.8,3,ask,EarnestEspressos,Xuanyu Liu,7431739
2026-07-04T20:05:32.121169,2026-07-04T20:05:32.130329+00:00,132.8,45,ask,EarnestEspressos,CostlyCorianders,7431741
2026-07-04T20:05:33.882370,2026-07-04T20:05:33.893925+00:00,132.8,50,ask,EarnestEspressos,FlawlessFlatbreads,7431769
2026-07-04T20:05:33.937015,2026-07-04T20:05:33.948715+00:00,132.9,49,bid,CostlyCorianders,DiligentDonuts,7431770
2026-07-04T20:05:34.535966,2026-07-04T20:05:34.544473+00:00,132.9,45,bid,CostlyCorianders,DiligentDonuts,7431781
2026-07-04T20:05:35.992215,2026-07-04T20:05:36.002204+00:00,132.5,50,ask,DiligentDonuts,FlawlessFlatbreads,7431797
2026-07-04T20:05:35.998333,2026-07-04T20:05:36.007184+00:00,132.5,44,ask,DiligentDonuts,CostlyCorianders,7431798
2026-07-04T20:05:38.097126,2026-07-04T20:05:38.104178+00:00,132.5,6,ask,DiligentDonuts,FlawlessFlatbreads,7431829
2026-07-04T20:05:38.097126,2026-07-04T20:05:38.109345+00:00,132.4,44,ask,EarnestEspressos,FlawlessFlatbreads,7431830
2026-07-04T20:05:40.153473,2026-07-04T20:05:40.165209+00:00,132.6,50,bid,FlawlessFlatbreads,EarnestEspressos,7431855
2026-07-04T20:05:40.586251,2026-07-04T20:05:40.599160+00:00,132.6,3,bid,Xuanyu Liu,EarnestEspressos,7431865
2026-07-04T20:05:40.648307,2026-07-04T20:05:40.658202+00:00,132.6,10,bid,Zihao Wu,EarnestEspressos,7431870
2026-07-04T20:05:40.821750,2026-07-04T20:05:40.831066+00:00,132.6,43,bid,CostlyCorianders,EarnestEspressos,7431873
2026-07-04T20:05:41.477715,2026-07-04T20:05:41.486094+00:00,132.7,100,bid,EarnestEspressos,DiligentDonuts,7431882
2026-07-04T20:05:42.017422,2026-07-04T20:05:42.025205+00:00,132.8,47,ask,EarnestEspressos,CostlyCorianders,7431888
2026-07-04T20:05:42.261633,2026-07-04T20:05:42.271518+00:00,133.2,50,bid,FlawlessFlatbreads,DiligentDonuts,7431891
2026-07-04T20:05:42.620626,2026-07-04T20:05:42.630157+00:00,133.2,40,bid,CostlyCorianders,DiligentDonuts,7431892
2026-07-04T20:05:42.659560,2026-07-04T20:05:42.667287+00:00,132.8,3,ask,EarnestEspressos,Xuanyu Liu,7431894
2026-07-04T20:05:44.369624,2026-07-04T20:05:44.381585+00:00,133.2,10,bid,FlawlessFlatbreads,DiligentDonuts,7431921
2026-07-04T20:05:44.369624,2026-07-04T20:05:44.381585+00:00,133.3,40,bid,FlawlessFlatbreads,EarnestEspressos,7431922
2026-07-04T20:05:45.156864,2026-07-04T20:05:45.163804+00:00,132.8,40,bid,CostlyCorianders,EarnestEspressos,7431935
2026-07-04T20:05:45.357594,2026-07-04T20:05:45.369543+00:00,132.8,100,bid,DiligentDonuts,EarnestEspressos,7431937
2026-07-04T20:05:46.476907,2026-07-04T20:05:46.488740+00:00,132.8,10,bid,FlawlessFlatbreads,EarnestEspressos,7431950
2026-07-04T20:05:48.682986,2026-07-04T20:05:48.690299+00:00,132.9,50,ask,EarnestEspressos,FlawlessFlatbreads,7431979
2026-07-04T20:05:50.166188,2026-07-04T20:05:50.177998+00:00,132.9,45,ask,EarnestEspressos,CostlyCorianders,7432001
2026-07-04T20:05:52.844231,2026-07-04T20:05:52.858571+00:00,133.2,50,bid,FlawlessFlatbreads,EarnestEspressos,7432039
2026-07-04T20:05:55.016384,2026-07-04T20:05:55.026300+00:00,132.9,50,ask,EarnestEspressos,FlawlessFlatbreads,7432073
2026-07-04T20:05:55.729779,2026-07-04T20:05:55.741325+00:00,132.9,45,ask,EarnestEspressos,CostlyCorianders,7432079
2026-07-04T20:05:57.134828,2026-07-04T20:05:57.145441+00:00,132.9,50,ask,EarnestEspressos,FlawlessFlatbreads,7432095
2026-07-04T20:05:57.354320,2026-07-04T20:05:57.358593+00:00,132.9,100,ask,DiligentDonuts,EarnestEspressos,7432100
2026-07-04T20:05:58.777847,2026-07-04T20:05:58.789695+00:00,132.8,40,bid,CostlyCorianders,EarnestEspressos,7432114
2026-07-04T20:05:58.895060,2026-07-04T20:05:58.904149+00:00,132.8,10,bid,Xuanyu Liu,EarnestEspressos,7432120
2026-07-04T20:06:00.463966,2026-07-04T20:06:00.474224+00:00,132.9,100,bid,EarnestEspressos,DiligentDonuts,7432145
2026-07-04T20:06:00.470244,2026-07-04T20:06:00.479383+00:00,133.0,45,ask,EarnestEspressos,CostlyCorianders,7432146
2026-07-04T20:06:00.526018,2026-07-04T20:06:00.535025+00:00,133.0,5,ask,EarnestEspressos,Xuanyu Liu,7432149
2026-07-04T20:06:00.973470,2026-07-04T20:06:00.985021+00:00,132.4,10,ask,DiligentDonuts,Zihao Wu,7432155
2026-07-04T20:06:01.184333,2026-07-04T20:06:01.194503+00:00,133.1,2,ask,DiligentDonuts,Xuanyu Liu,7432156
2026-07-04T20:06:01.300716,2026-07-04T20:06:01.307177+00:00,133.5,50,bid,FlawlessFlatbreads,EarnestEspressos,7432161
2026-07-04T20:06:02.967450,2026-07-04T20:06:02.979126+00:00,133.5,42,bid,CostlyCorianders,EarnestEspressos,7432194
2026-07-04T20:06:03.491198,2026-07-04T20:06:03.499246+00:00,133.1,50,ask,DiligentDonuts,FlawlessFlatbreads,7432203
2026-07-04T20:06:04.175839,2026-07-04T20:06:04.185710+00:00,133.1,46,ask,DiligentDonuts,CostlyCorianders,7432213
2026-07-04T20:06:04.788573,2026-07-04T20:06:04.800259+00:00,133.4,47,bid,CostlyCorianders,EarnestEspressos,7432219
2026-07-04T20:06:05.325680,2026-07-04T20:06:05.337451+00:00,132.9,49,ask,EarnestEspressos,CostlyCorianders,7432222
2026-07-04T20:06:05.626494,2026-07-04T20:06:05.635496+00:00,132.9,50,ask,EarnestEspressos,FlawlessFlatbreads,7432228
2026-07-04T20:06:07.732362,2026-07-04T20:06:07.743982+00:00,132.8,50,ask,DiligentDonuts,FlawlessFlatbreads,7432251
2026-07-04T20:06:08.458975,2026-07-04T20:06:08.468766+00:00,133.2,46,bid,CostlyCorianders,EarnestEspressos,7432270
2026-07-04T20:06:09.862415,2026-07-04T20:06:09.874185+00:00,132.8,50,ask,DiligentDonuts,FlawlessFlatbreads,7432292
2026-07-04T20:06:11.975545,2026-07-04T20:06:11.982267+00:00,132.9,50,ask,EarnestEspressos,FlawlessFlatbreads,7432320
2026-07-04T20:06:12.890243,2026-07-04T20:06:12.901001+00:00,133.1,25,bid,Yinxuan Li,DiligentDonuts,7432335
2026-07-04T20:06:14.946903,2026-07-04T20:06:14.958580+00:00,133.2,45,bid,CostlyCorianders,DiligentDonuts,7432371
2026-07-04T20:06:15.988526,2026-07-04T20:06:15.998091+00:00,132.8,45,ask,EarnestEspressos,CostlyCorianders,7432394
2026-07-04T20:06:17.904422,2026-07-04T20:06:17.911928+00:00,133.2,25,bid,Yinxuan Li,EarnestEspressos,7432423
2026-07-04T20:06:18.257307,2026-07-04T20:06:18.269123+00:00,133.2,50,bid,FlawlessFlatbreads,EarnestEspressos,7432425
2026-07-04T20:06:19.340104,2026-07-04T20:06:19.351908+00:00,133.2,44,bid,CostlyCorianders,EarnestEspressos,7432441
2026-07-04T20:06:20.389863,2026-07-04T20:06:20.402023+00:00,133.3,50,bid,FlawlessFlatbreads,DiligentDonuts,7432463
2026-07-04T20:06:22.109448,2026-07-04T20:06:22.121053+00:00,133.1,46,ask,EarnestEspressos,CostlyCorianders,7432482
2026-07-04T20:06:22.499585,2026-07-04T20:06:22.507214+00:00,133.3,50,bid,FlawlessFlatbreads,DiligentDonuts,7432494
2026-07-04T20:06:23.270881,2026-07-04T20:06:23.277418+00:00,133.3,10,bid,Zihao Wu,EarnestEspressos,7432503
2026-07-04T20:06:23.783317,2026-07-04T20:06:23.794966+00:00,133.1,3,ask,DiligentDonuts,Xuanyu Liu,7432509
2026-07-04T20:06:24.237490,2026-07-04T20:06:24.248460+00:00,133.3,45,bid,CostlyCorianders,EarnestEspressos,7432514
2026-07-04T20:06:24.630186,2026-07-04T20:06:24.638427+00:00,133.3,50,bid,FlawlessFlatbreads,EarnestEspressos,7432517
2026-07-04T20:06:24.744824,2026-07-04T20:06:24.756513+00:00,133.1,41,ask,DiligentDonuts,CostlyCorianders,7432519
2026-07-04T20:06:26.736011,2026-07-04T20:06:26.744012+00:00,133.3,50,bid,FlawlessFlatbreads,DiligentDonuts,7432547
2026-07-04T20:06:28.902783,2026-07-04T20:06:28.914072+00:00,132.8,50,ask,DiligentDonuts,FlawlessFlatbreads,7432575
2026-07-04T20:06:34.392589,2026-07-04T20:06:34.404252+00:00,133.0,42,bid,CostlyCorianders,DiligentDonuts,7432669
2026-07-04T20:06:37.271838,2026-07-04T20:06:37.280874+00:00,133.1,50,bid,FlawlessFlatbreads,DiligentDonuts,7432707
2026-07-04T20:06:38.047873,2026-07-04T20:06:38.059869+00:00,132.8,48,ask,EarnestEspressos,CostlyCorianders,7432713
2026-07-04T20:06:39.379787,2026-07-04T20:06:39.391128+00:00,133.0,50,bid,FlawlessFlatbreads,EarnestEspressos,7432733
2026-07-04T20:06:41.486814,2026-07-04T20:06:41.498446+00:00,133.0,50,bid,FlawlessFlatbreads,EarnestEspressos,7432763
2026-07-04T20:06:43.383591,2026-07-04T20:06:43.390285+00:00,132.8,10,ask,EarnestEspressos,Zihao Wu,7432792
2026-07-04T20:06:43.595576,2026-07-04T20:06:43.603243+00:00,133.0,50,bid,FlawlessFlatbreads,DiligentDonuts,7432800
2026-07-04T20:06:45.208005,2026-07-04T20:06:45.219734+00:00,133.0,45,bid,CostlyCorianders,DiligentDonuts,7432822
2026-07-04T20:06:45.704313,2026-07-04T20:06:45.716143+00:00,133.3,50,bid,FlawlessFlatbreads,EarnestEspressos,7432834
2026-07-04T20:06:46.267884,2026-07-04T20:06:46.279025+00:00,132.8,41,ask,EarnestEspressos,CostlyCorianders,7432847
2026-07-04T20:06:46.836974,2026-07-04T20:06:46.848497+00:00,133.3,43,bid,CostlyCorianders,EarnestEspressos,7432853
2026-07-04T20:06:47.453453,2026-07-04T20:06:47.458615+00:00,132.8,40,ask,EarnestEspressos,CostlyCorianders,7432865
2026-07-04T20:06:47.812089,2026-07-04T20:06:47.823939+00:00,133.3,50,bid,FlawlessFlatbreads,EarnestEspressos,7432869
2026-07-04T20:06:47.916834,2026-07-04T20:06:47.927515+00:00,133.0,14,ask,EarnestEspressos,Xuanyu Liu,7432871
2026-07-04T20:06:47.937913,2026-07-04T20:06:47.947874+00:00,133.0,25,ask,EarnestEspressos,Yinxuan Li,7432873
2026-07-04T20:06:48.805032,2026-07-04T20:06:48.813733+00:00,133.0,12,ask,EarnestEspressos,Xuanyu Liu,7432890
2026-07-04T20:06:48.904700,2026-07-04T20:06:48.916458+00:00,133.2,44,bid,CostlyCorianders,DiligentDonuts,7432892
2026-07-04T20:06:49.918682,2026-07-04T20:06:49.928058+00:00,133.2,50,bid,FlawlessFlatbreads,DiligentDonuts,7432913
2026-07-04T20:06:52.025495,2026-07-04T20:06:52.037375+00:00,133.5,50,bid,FlawlessFlatbreads,EarnestEspressos,7432937
2026-07-04T20:06:52.952733,2026-07-04T20:06:52.957664+00:00,133.2,25,ask,DiligentDonuts,Yinxuan Li,7432957
2026-07-04T20:06:54.131993,2026-07-04T20:06:54.143792+00:00,133.5,50,bid,FlawlessFlatbreads,EarnestEspressos,7432969
2026-07-04T20:06:54.219417,2026-07-04T20:06:54.231104+00:00,133.2,45,ask,DiligentDonuts,CostlyCorianders,7432970
2026-07-04T20:06:54.237089,2026-07-04T20:06:54.246137+00:00,133.3,11,ask,EarnestEspressos,Xuanyu Liu,7432971
2026-07-04T20:06:54.816442,2026-07-04T20:06:54.827885+00:00,133.3,43,ask,EarnestEspressos,CostlyCorianders,7432984
2026-07-04T20:06:55.337425,2026-07-04T20:06:55.349297+00:00,133.5,40,bid,CostlyCorianders,DiligentDonuts,7432998
2026-07-04T20:06:55.882703,2026-07-04T20:06:55.890107+00:00,133.3,47,ask,EarnestEspressos,CostlyCorianders,7433007
2026-07-04T20:06:56.292482,2026-07-04T20:06:56.302093+00:00,133.3,49,ask,EarnestEspressos,FlawlessFlatbreads,7433012
2026-07-04T20:06:56.292482,2026-07-04T20:06:56.302093+00:00,133.0,1,ask,DiligentDonuts,FlawlessFlatbreads,7433013
2026-07-04T20:06:58.400315,2026-07-04T20:06:58.412261+00:00,133.3,50,ask,DiligentDonuts,FlawlessFlatbreads,7433053
2026-07-04T20:06:59.968908,2026-07-04T20:06:59.980297+00:00,133.6,43,bid,CostlyCorianders,EarnestEspressos,7433086
2026-07-04T20:07:00.510065,2026-07-04T20:07:00.518142+00:00,133.3,50,ask,DiligentDonuts,FlawlessFlatbreads,7433095
2026-07-04T20:07:02.504689,2026-07-04T20:07:02.514472+00:00,133.5,11,bid,Xuanyu Liu,DiligentDonuts,7433120
2026-07-04T20:07:04.720152,2026-07-04T20:07:04.728187+00:00,133.2,50,ask,EarnestEspressos,FlawlessFlatbreads,7433148
2026-07-04T20:07:06.171303,2026-07-04T20:07:06.182915+00:00,133.5,42,bid,CostlyCorianders,DiligentDonuts,7433160
2026-07-04T20:07:06.830342,2026-07-04T20:07:06.841704+00:00,133.2,50,ask,EarnestEspressos,FlawlessFlatbreads,7433177
2026-07-04T20:07:09.887280,2026-07-04T20:07:09.898729+00:00,133.2,42,ask,DiligentDonuts,CostlyCorianders,7433237
2026-07-04T20:07:10.114978,2026-07-04T20:07:10.124433+00:00,133.3,12,bid,Xuanyu Liu,EarnestEspressos,7433242
2026-07-04T20:07:10.993218,2026-07-04T20:07:11.000589+00:00,133.3,50,bid,FlawlessFlatbreads,EarnestEspressos,7433253
2026-07-04T20:07:13.102777,2026-07-04T20:07:13.110870+00:00,133.3,50,bid,FlawlessFlatbreads,EarnestEspressos,7433270
2026-07-04T20:07:14.007140,2026-07-04T20:07:14.018227+00:00,133.6,42,bid,CostlyCorianders,DiligentDonuts,7433279
2026-07-04T20:07:15.212296,2026-07-04T20:07:15.224694+00:00,133.6,50,bid,FlawlessFlatbreads,DiligentDonuts,7433291
2026-07-04T20:07:16.455552,2026-07-04T20:07:16.470466+00:00,133.6,8,bid,CostlyCorianders,DiligentDonuts,7433320
2026-07-04T20:07:17.318746,2026-07-04T20:07:17.330746+00:00,133.7,50,bid,FlawlessFlatbreads,EarnestEspressos,7433329
2026-07-04T20:07:18.097672,2026-07-04T20:07:18.104489+00:00,133.4,44,ask,DiligentDonuts,CostlyCorianders,7433347
2026-07-04T20:07:20.815188,2026-07-04T20:07:20.827037+00:00,133.8,40,bid,CostlyCorianders,DiligentDonuts,7433379
2026-07-04T20:07:21.581268,2026-07-04T20:07:21.593032+00:00,133.5,50,ask,EarnestEspressos,FlawlessFlatbreads,7433391
2026-07-04T20:07:21.721325,2026-07-04T20:07:21.732959+00:00,133.5,45,ask,EarnestEspressos,CostlyCorianders,7433396
2026-07-04T20:07:23.710939,2026-07-04T20:07:23.722705+00:00,133.7,50,ask,DiligentDonuts,FlawlessFlatbreads,7433435
2026-07-04T20:07:25.768130,2026-07-04T20:07:25.780111+00:00,133.9,50,bid,FlawlessFlatbreads,EarnestEspressos,7433466
2026-07-04T20:07:27.526365,2026-07-04T20:07:27.532930+00:00,134.1,40,bid,CostlyCorianders,DiligentDonuts,7433493
2026-07-04T20:07:29.005851,2026-07-04T20:07:29.017288+00:00,133.6,40,ask,DiligentDonuts,CostlyCorianders,7433515
2026-07-04T20:07:30.030735,2026-07-04T20:07:30.042329+00:00,133.9,50,ask,DiligentDonuts,FlawlessFlatbreads,7433541
2026-07-04T20:07:31.007340,2026-07-04T20:07:31.015740+00:00,133.9,46,ask,DiligentDonuts,CostlyCorianders,7433553
2026-07-04T20:07:32.167738,2026-07-04T20:07:32.179548+00:00,133.9,4,ask,DiligentDonuts,FlawlessFlatbreads,7433565
2026-07-04T20:07:32.665804,2026-07-04T20:07:32.677477+00:00,134.3,43,bid,CostlyCorianders,EarnestEspressos,7433572
2026-07-04T20:07:32.997892,2026-07-04T20:07:33.006879+00:00,133.8,25,ask,EarnestEspressos,Yinxuan Li,7433575
2026-07-04T20:07:34.273971,2026-07-04T20:07:34.285452+00:00,133.8,50,ask,EarnestEspressos,FlawlessFlatbreads,7433597
2026-07-04T20:07:34.686883,2026-07-04T20:07:34.698866+00:00,134.0,46,bid,CostlyCorianders,DiligentDonuts,7433603
2026-07-04T20:07:36.382335,2026-07-04T20:07:36.393783+00:00,133.7,50,ask,EarnestEspressos,FlawlessFlatbreads,7433621
2026-07-04T20:07:38.495632,2026-07-04T20:07:38.505132+00:00,133.7,50,ask,EarnestEspressos,FlawlessFlatbreads,7433656
2026-07-04T20:07:40.612225,2026-07-04T20:07:40.624182+00:00,133.6,50,ask,DiligentDonuts,FlawlessFlatbreads,7433689
2026-07-04T20:07:42.721308,2026-07-04T20:07:42.729128+00:00,133.5,50,ask,DiligentDonuts,FlawlessFlatbreads,7433721
2026-07-04T20:07:43.736867,2026-07-04T20:07:43.745694+00:00,133.9,11,bid,Xuanyu Liu,EarnestEspressos,7433736
2026-07-04T20:07:44.571583,2026-07-04T20:07:44.583107+00:00,133.5,47,ask,DiligentDonuts,CostlyCorianders,7433745
2026-07-04T20:07:44.829806,2026-07-04T20:07:44.841987+00:00,133.5,3,ask,DiligentDonuts,FlawlessFlatbreads,7433748
2026-07-04T20:07:45.573294,2026-07-04T20:07:45.582183+00:00,133.9,3,bid,Xuanyu Liu,DiligentDonuts,7433762
2026-07-04T20:07:46.935999,2026-07-04T20:07:46.947869+00:00,133.5,50,ask,EarnestEspressos,FlawlessFlatbreads,7433772
2026-07-04T20:07:49.045661,2026-07-04T20:07:49.063917+00:00,133.3,50,ask,EarnestEspressos,FlawlessFlatbreads,7433798
2026-07-04T20:07:49.423518,2026-07-04T20:07:49.435281+00:00,133.8,42,bid,CostlyCorianders,EarnestEspressos,7433803
2026-07-04T20:07:51.861663,2026-07-04T20:07:51.869949+00:00,133.5,10,bid,Zihao Wu,EarnestEspressos,7433838
2026-07-04T20:07:51.896970,2026-07-04T20:07:51.904969+00:00,133.5,3,bid,Xuanyu Liu,EarnestEspressos,7433839
2026-07-04T20:07:52.210678,2026-07-04T20:07:52.218696+00:00,133.5,11,bid,Xuanyu Liu,EarnestEspressos,7433843
2026-07-04T20:07:53.026439,2026-07-04T20:07:53.036467+00:00,133.5,25,bid,Yinxuan Li,EarnestEspressos,7433861
2026-07-04T20:07:53.259650,2026-07-04T20:07:53.271316+00:00,133.3,50,ask,EarnestEspressos,FlawlessFlatbreads,7433867
2026-07-04T20:07:55.365352,2026-07-04T20:07:55.375491+00:00,133.3,50,ask,DiligentDonuts,FlawlessFlatbreads,7433894
2026-07-04T20:07:56.923520,2026-07-04T20:07:56.931220+00:00,133.6,46,bid,CostlyCorianders,DiligentDonuts,7433913
2026-07-04T20:07:57.159491,2026-07-04T20:07:57.167935+00:00,133.6,12,bid,Xuanyu Liu,DiligentDonuts,7433918
2026-07-04T20:07:58.037997,2026-07-04T20:07:58.044437+00:00,133.6,25,bid,Yinxuan Li,DiligentDonuts,7433929
2026-07-04T20:07:59.097666,2026-07-04T20:07:59.109303+00:00,133.9,43,bid,CostlyCorianders,EarnestEspressos,7433945
2026-07-04T20:07:59.792237,2026-07-04T20:07:59.802717+00:00,133.7,12,ask,DiligentDonuts,Xuanyu Liu,7433952
2026-07-04T20:08:00.671345,2026-07-04T20:08:00.681038+00:00,133.7,11,ask,DiligentDonuts,Xuanyu Liu,7433965
2026-07-04T20:08:01.688322,2026-07-04T20:08:01.700323+00:00,133.4,50,ask,EarnestEspressos,FlawlessFlatbreads,7433974
2026-07-04T20:08:02.835602,2026-07-04T20:08:02.847245+00:00,133.4,40,ask,EarnestEspressos,CostlyCorianders,7433986
2026-07-04T20:08:03.483072,2026-07-04T20:08:03.495140+00:00,133.4,48,ask,EarnestEspressos,CostlyCorianders,7433989
2026-07-04T20:08:03.798758,2026-07-04T20:08:03.810443+00:00,133.4,12,ask,EarnestEspressos,FlawlessFlatbreads,7433999
2026-07-04T20:08:03.798758,2026-07-04T20:08:03.810443+00:00,133.4,38,ask,DiligentDonuts,FlawlessFlatbreads,7434000
2026-07-04T20:08:03.932888,2026-07-04T20:08:03.944356+00:00,133.4,62,ask,DiligentDonuts,EarnestEspressos,7434001
2026-07-04T20:08:03.945462,2026-07-04T20:08:03.953916+00:00,133.2,46,bid,Xuanyu Liu,EarnestEspressos,7434002
2026-07-04T20:08:05.908809,2026-07-04T20:08:05.920394+00:00,133.1,50,ask,DiligentDonuts,FlawlessFlatbreads,7434032
2026-07-04T20:08:07.618318,2026-07-04T20:08:07.627988+00:00,133.7,49,bid,CostlyCorianders,EarnestEspressos,7434051
2026-07-04T20:08:08.053790,2026-07-04T20:08:08.054529+00:00,133.6,25,bid,Yinxuan Li,DiligentDonuts,7434054
2026-07-04T20:08:08.711672,2026-07-04T20:08:08.723072+00:00,133.2,43,ask,EarnestEspressos,CostlyCorianders,7434063
2026-07-04T20:08:12.006746,2026-07-04T20:08:12.013082+00:00,133.6,47,bid,CostlyCorianders,EarnestEspressos,7434107
2026-07-04T20:08:12.222300,2026-07-04T20:08:12.234273+00:00,133.1,50,ask,EarnestEspressos,FlawlessFlatbreads,7434112
2026-07-04T20:08:12.558863,2026-07-04T20:08:12.570511+00:00,133.1,46,ask,EarnestEspressos,CostlyCorianders,7434117
2026-07-04T20:08:13.069373,2026-07-04T20:08:13.079777+00:00,133.6,25,bid,Yinxuan Li,EarnestEspressos,7434126
2026-07-04T20:08:14.330357,2026-07-04T20:08:14.337424+00:00,133.0,50,ask,EarnestEspressos,FlawlessFlatbreads,7434137
2026-07-04T20:08:14.737209,2026-07-04T20:08:14.748760+00:00,133.4,44,bid,CostlyCorianders,DiligentDonuts,7434141
2026-07-04T20:08:16.586483,2026-07-04T20:08:16.592944+00:00,132.9,100,ask,DiligentDonuts,EarnestEspressos,7434174
2026-07-04T20:08:16.702784,2026-07-04T20:08:16.709325+00:00,132.4,10,ask,EarnestEspressos,Zihao Wu,7434176
2026-07-04T20:08:18.084260,2026-07-04T20:08:18.092399+00:00,132.9,25,bid,Yinxuan Li,EarnestEspressos,7434184
2026-07-04T20:08:18.493131,2026-07-04T20:08:18.504946+00:00,132.9,25,bid,FlawlessFlatbreads,EarnestEspressos,7434190
2026-07-04T20:08:18.493131,2026-07-04T20:08:18.504946+00:00,133.1,25,bid,FlawlessFlatbreads,DiligentDonuts,7434191
2026-07-04T20:08:20.617349,2026-07-04T20:08:20.625541+00:00,133.2,50,bid,FlawlessFlatbreads,DiligentDonuts,7434224
2026-07-04T20:08:20.621761,2026-07-04T20:08:20.631037+00:00,133.0,43,ask,EarnestEspressos,CostlyCorianders,7434225
2026-07-04T20:08:21.149309,2026-07-04T20:08:21.155672+00:00,133.2,49,bid,CostlyCorianders,DiligentDonuts,7434237
2026-07-04T20:08:21.627022,2026-07-04T20:08:21.636029+00:00,133.2,1,bid,CostlyCorianders,DiligentDonuts,7434249
2026-07-04T20:08:21.627022,2026-07-04T20:08:21.636029+00:00,133.5,45,bid,CostlyCorianders,EarnestEspressos,7434250
2026-07-04T20:08:22.724651,2026-07-04T20:08:22.736496+00:00,133.5,50,bid,FlawlessFlatbreads,EarnestEspressos,7434267
2026-07-04T20:08:22.921201,2026-07-04T20:08:22.930328+00:00,133.3,12,ask,EarnestEspressos,Xuanyu Liu,7434270
2026-07-04T20:08:23.026271,2026-07-04T20:08:23.035531+00:00,133.3,11,ask,EarnestEspressos,Xuanyu Liu,7434273
2026-07-04T20:08:23.651860,2026-07-04T20:08:23.660001+00:00,133.3,12,ask,EarnestEspressos,Xuanyu Liu,7434282
2026-07-04T20:08:24.856528,2026-07-04T20:08:24.857615+00:00,133.4,50,bid,FlawlessFlatbreads,DiligentDonuts,7434301
2026-07-04T20:08:26.962243,2026-07-04T20:08:26.974227+00:00,133.4,50,bid,FlawlessFlatbreads,EarnestEspressos,7434324
2026-07-04T20:08:28.835705,2026-07-04T20:08:28.847316+00:00,133.1,45,ask,DiligentDonuts,CostlyCorianders,7434363
2026-07-04T20:08:29.092424,2026-07-04T20:08:29.104043+00:00,133.4,50,bid,FlawlessFlatbreads,EarnestEspressos,7434364
2026-07-04T20:08:29.188765,2026-07-04T20:08:29.200535+00:00,133.4,11,ask,EarnestEspressos,Xuanyu Liu,7434368
2026-07-04T20:08:29.959454,2026-07-04T20:08:29.968892+00:00,133.4,3,ask,EarnestEspressos,Xuanyu Liu,7434385
2026-07-04T20:08:31.203602,2026-07-04T20:08:31.215130+00:00,133.5,50,bid,FlawlessFlatbreads,DiligentDonuts,7434406
2026-07-04T20:08:33.379253,2026-07-04T20:08:33.391051+00:00,133.3,50,ask,EarnestEspressos,FlawlessFlatbreads,7434431
2026-07-04T20:08:35.486558,2026-07-04T20:08:35.495026+00:00,133.0,50,ask,DiligentDonuts,FlawlessFlatbreads,7434472
2026-07-04T20:08:37.613868,2026-07-04T20:08:37.625426+00:00,133.0,50,ask,EarnestEspressos,FlawlessFlatbreads,7434513
2026-07-04T20:08:39.129705,2026-07-04T20:08:39.137622+00:00,133.2,3,bid,Xuanyu Liu,EarnestEspressos,7434535
2026-07-04T20:08:39.169359,2026-07-04T20:08:39.175915+00:00,133.2,10,bid,Zihao Wu,EarnestEspressos,7434538
2026-07-04T20:08:39.718830,2026-07-04T20:08:39.730717+00:00,132.9,50,ask,DiligentDonuts,FlawlessFlatbreads,7434543
2026-07-04T20:08:40.798838,2026-07-04T20:08:40.810313+00:00,132.9,40,ask,DiligentDonuts,CostlyCorianders,7434555
2026-07-04T20:08:41.826479,2026-07-04T20:08:41.835532+00:00,133.0,50,ask,EarnestEspressos,FlawlessFlatbreads,7434571
2026-07-04T20:08:42.819958,2026-07-04T20:08:42.827141+00:00,133.2,48,bid,CostlyCorianders,DiligentDonuts,7434587
2026-07-04T20:08:43.880369,2026-07-04T20:08:43.891972+00:00,133.2,50,bid,FlawlessFlatbreads,DiligentDonuts,7434602
2026-07-04T20:08:45.716148,2026-07-04T20:08:45.725220+00:00,133.2,23,bid,Xuanyu Liu,EarnestEspressos,7434632
2026-07-04T20:08:48.142641,2026-07-04T20:08:48.150943+00:00,132.9,50,ask,EarnestEspressos,FlawlessFlatbreads,7434670
2026-07-04T20:08:49.607337,2026-07-04T20:08:49.619009+00:00,133.4,46,bid,CostlyCorianders,EarnestEspressos,7434695
2026-07-04T20:08:50.283232,2026-07-04T20:08:50.290285+00:00,133.1,50,ask,DiligentDonuts,FlawlessFlatbreads,7434700
2026-07-04T20:08:52.391687,2026-07-04T20:08:52.399242+00:00,133.0,50,ask,EarnestEspressos,FlawlessFlatbreads,7434749
2026-07-04T20:08:53.132796,2026-07-04T20:08:53.144784+00:00,133.0,48,ask,EarnestEspressos,CostlyCorianders,7434759
2026-07-04T20:08:54.447197,2026-07-04T20:08:54.463624+00:00,133.4,50,bid,FlawlessFlatbreads,DiligentDonuts,7434787
2026-07-04T20:08:54.527503,2026-07-04T20:08:54.537084+00:00,132.9,100,ask,DiligentDonuts,EarnestEspressos,7434789
2026-07-04T20:08:54.546387,2026-07-04T20:08:54.554273+00:00,132.8,11,bid,Xuanyu Liu,EarnestEspressos,7434792
2026-07-04T20:08:56.508670,2026-07-04T20:08:56.517371+00:00,132.8,39,bid,CostlyCorianders,EarnestEspressos,7434832
2026-07-04T20:08:56.508670,2026-07-04T20:08:56.517371+00:00,133.0,5,bid,CostlyCorianders,DiligentDonuts,7434833
2026-07-04T20:08:56.580580,2026-07-04T20:08:56.592406+00:00,133.0,50,bid,FlawlessFlatbreads,DiligentDonuts,7434834
2026-07-04T20:08:58.689838,2026-07-04T20:08:58.701697+00:00,133.1,50,bid,FlawlessFlatbreads,DiligentDonuts,7434874
2026-07-04T20:08:59.195755,2026-07-04T20:08:59.202708+00:00,132.9,10,ask,EarnestEspressos,Zihao Wu,7434889
2026-07-04T20:09:00.499002,2026-07-04T20:09:00.510786+00:00,132.9,44,ask,EarnestEspressos,CostlyCorianders,7434907
2026-07-04T20:09:00.811880,2026-07-04T20:09:00.819330+00:00,133.1,50,bid,FlawlessFlatbreads,DiligentDonuts,7434910
2026-07-04T20:09:00.982365,2026-07-04T20:09:00.994157+00:00,133.2,45,bid,CostlyCorianders,EarnestEspressos,7434915
2026-07-04T20:09:01.526092,2026-07-04T20:09:01.533397+00:00,133.0,11,ask,DiligentDonuts,Xuanyu Liu,7434918
2026-07-04T20:09:01.631660,2026-07-04T20:09:01.640305+00:00,133.0,43,ask,DiligentDonuts,CostlyCorianders,7434921
2026-07-04T20:09:02.918109,2026-07-04T20:09:02.930055+00:00,133.2,50,bid,FlawlessFlatbreads,EarnestEspressos,7434948
2026-07-04T20:09:04.809312,2026-07-04T20:09:04.817783+00:00,133.0,12,ask,EarnestEspressos,Xuanyu Liu,7434969
2026-07-04T20:09:06.081054,2026-07-04T20:09:06.090181+00:00,133.0,11,ask,EarnestEspressos,Xuanyu Liu,7434992
2026-07-04T20:09:06.610548,2026-07-04T20:09:06.619809+00:00,133.0,42,ask,EarnestEspressos,CostlyCorianders,7435001
2026-07-04T20:09:07.160698,2026-07-04T20:09:07.172317+00:00,133.2,50,bid,FlawlessFlatbreads,DiligentDonuts,7435011
2026-07-04T20:09:07.672091,2026-07-04T20:09:07.678896+00:00,133.0,46,bid,CostlyCorianders,EarnestEspressos,7435026
2026-07-04T20:09:08.761818,2026-07-04T20:09:08.773442+00:00,132.7,40,ask,DiligentDonuts,CostlyCorianders,7435036
2026-07-04T20:09:09.296424,2026-07-04T20:09:09.304721+00:00,133.0,50,bid,FlawlessFlatbreads,EarnestEspressos,7435046
2026-07-04T20:09:09.316429,2026-07-04T20:09:09.328164+00:00,133.0,41,bid,CostlyCorianders,EarnestEspressos,7435047
2026-07-04T20:09:09.815045,2026-07-04T20:09:09.826514+00:00,133.0,13,bid,CostlyCorianders,EarnestEspressos,7435055
2026-07-04T20:09:10.310078,2026-07-04T20:09:10.319398+00:00,133.2,100,bid,EarnestEspressos,DiligentDonuts,7435063
2026-07-04T20:09:10.373971,2026-07-04T20:09:10.381947+00:00,133.3,3,ask,EarnestEspressos,Xuanyu Liu,7435064
2026-07-04T20:09:11.403730,2026-07-04T20:09:11.415435+00:00,133.7,50,bid,FlawlessFlatbreads,DiligentDonuts,7435079
2026-07-04T20:09:12.824493,2026-07-04T20:09:12.835943+00:00,133.3,43,ask,EarnestEspressos,CostlyCorianders,7435108
2026-07-04T20:09:13.518503,2026-07-04T20:09:13.530290+00:00,133.7,50,bid,FlawlessFlatbreads,DiligentDonuts,7435120
2026-07-04T20:09:13.525187,2026-07-04T20:09:13.540372+00:00,133.2,100,ask,DiligentDonuts,EarnestEspressos,7435121
2026-07-04T20:09:14.075936,2026-07-04T20:09:14.086349+00:00,133.2,50,bid,DiligentDonuts,EarnestEspressos,7435124
2026-07-04T20:09:15.626428,2026-07-04T20:09:15.637599+00:00,133.7,50,bid,FlawlessFlatbreads,DiligentDonuts,7435147
2026-07-04T20:09:16.834918,2026-07-04T20:09:16.846740+00:00,133.3,43,ask,EarnestEspressos,CostlyCorianders,7435161
2026-07-04T20:09:17.764386,2026-07-04T20:09:17.776008+00:00,133.7,50,bid,FlawlessFlatbreads,DiligentDonuts,7435164
2026-07-04T20:09:18.459718,2026-07-04T20:09:18.471263+00:00,133.7,41,bid,CostlyCorianders,DiligentDonuts,7435175
2026-07-04T20:09:19.939303,2026-07-04T20:09:19.947922+00:00,133.2,50,ask,DiligentDonuts,FlawlessFlatbreads,7435200
2026-07-04T20:09:19.995402,2026-07-04T20:09:20.003582+00:00,133.2,44,ask,DiligentDonuts,CostlyCorianders,7435202
2026-07-04T20:09:21.648211,2026-07-04T20:09:21.656138+00:00,133.7,44,bid,CostlyCorianders,EarnestEspressos,7435222
2026-07-04T20:09:22.046470,2026-07-04T20:09:22.052805+00:00,133.3,50,ask,DiligentDonuts,FlawlessFlatbreads,7435228
2026-07-04T20:09:24.153416,2026-07-04T20:09:24.164010+00:00,133.3,50,ask,EarnestEspressos,FlawlessFlatbreads,7435261
2026-07-04T20:09:26.258809,2026-07-04T20:09:26.270561+00:00,133.2,50,ask,EarnestEspressos,FlawlessFlatbreads,7435304
2026-07-04T20:09:28.365561,2026-07-04T20:09:28.377310+00:00,133.2,50,ask,EarnestEspressos,FlawlessFlatbreads,7435333
2026-07-04T20:09:29.505804,2026-07-04T20:09:29.512388+00:00,133.3,42,bid,CostlyCorianders,EarnestEspressos,7435350
2026-07-04T20:09:30.005955,2026-07-04T20:09:30.017704+00:00,133.1,49,ask,DiligentDonuts,CostlyCorianders,7435359
2026-07-04T20:09:30.472774,2026-07-04T20:09:30.481392+00:00,133.1,50,ask,DiligentDonuts,FlawlessFlatbreads,7435368
2026-07-04T20:09:30.505218,2026-07-04T20:09:30.514423+00:00,133.1,1,ask,DiligentDonuts,CostlyCorianders,7435370
2026-07-04T20:09:30.635686,2026-07-04T20:09:30.647252+00:00,133.3,10,bid,Zihao Wu,EarnestEspressos,7435376
2026-07-04T20:09:32.578978,2026-07-04T20:09:32.590692+00:00,133.2,50,ask,EarnestEspressos,FlawlessFlatbreads,7435405
2026-07-04T20:09:32.975214,2026-07-04T20:09:32.982427+00:00,133.6,44,bid,CostlyCorianders,DiligentDonuts,7435410
2026-07-04T20:09:34.684826,2026-07-04T20:09:34.692453+00:00,133.2,50,ask,EarnestEspressos,FlawlessFlatbreads,7435432
2026-07-04T20:09:35.706739,2026-07-04T20:09:35.714704+00:00,133.2,3,bid,Xuanyu Liu,EarnestEspressos,7435454
2026-07-04T20:09:36.791358,2026-07-04T20:09:36.802262+00:00,133.0,50,ask,DiligentDonuts,FlawlessFlatbreads,7435462
2026-07-04T20:09:37.363816,2026-07-04T20:09:37.375362+00:00,133.0,46,ask,DiligentDonuts,CostlyCorianders,7435472
2026-07-04T20:09:37.823762,2026-07-04T20:09:37.835221+00:00,133.2,43,bid,CostlyCorianders,EarnestEspressos,7435478
2026-07-04T20:09:38.269858,2026-07-04T20:09:38.277786+00:00,133.2,23,bid,Xuanyu Liu,EarnestEspressos,7435483
2026-07-04T20:09:38.391470,2026-07-04T20:09:38.403257+00:00,133.0,4,ask,DiligentDonuts,CostlyCorianders,7435488
2026-07-04T20:09:38.391470,2026-07-04T20:09:38.403257+00:00,132.7,40,ask,EarnestEspressos,CostlyCorianders,7435489
2026-07-04T20:09:38.899259,2026-07-04T20:09:38.910852+00:00,133.1,50,ask,EarnestEspressos,FlawlessFlatbreads,7435493
2026-07-04T20:09:41.004766,2026-07-04T20:09:41.016214+00:00,133.1,50,ask,EarnestEspressos,FlawlessFlatbreads,7435515
2026-07-04T20:09:43.112190,2026-07-04T20:09:43.124048+00:00,132.8,50,ask,EarnestEspressos,FlawlessFlatbreads,7435538
2026-07-04T20:09:45.170788,2026-07-04T20:09:45.191458+00:00,132.8,100,ask,DiligentDonuts,EarnestEspressos,7435577
2026-07-04T20:09:45.183332,2026-07-04T20:09:45.191458+00:00,132.8,23,bid,Xuanyu Liu,EarnestEspressos,7435578
2026-07-04T20:09:45.219198,2026-07-04T20:09:45.231155+00:00,132.3,50,ask,EarnestEspressos,FlawlessFlatbreads,7435580
2026-07-04T20:09:46.021024,2026-07-04T20:09:46.030041+00:00,132.8,11,bid,Xuanyu Liu,EarnestEspressos,7435589
2026-07-04T20:09:47.326134,2026-07-04T20:09:47.338043+00:00,132.5,50,ask,DiligentDonuts,FlawlessFlatbreads,7435605
2026-07-04T20:09:48.197337,2026-07-04T20:09:48.209448+00:00,132.8,16,bid,CostlyCorianders,EarnestEspressos,7435620
2026-07-04T20:09:48.197337,2026-07-04T20:09:48.209448+00:00,133.0,25,bid,CostlyCorianders,DiligentDonuts,7435621
2026-07-04T20:09:49.339010,2026-07-04T20:09:49.350591+00:00,133.1,48,bid,CostlyCorianders,DiligentDonuts,7435644
2026-07-04T20:09:49.382814,2026-07-04T20:09:49.394594+00:00,133.1,50,bid,FlawlessFlatbreads,DiligentDonuts,7435645
2026-07-04T20:09:51.492085,2026-07-04T20:09:51.503768+00:00,133.1,2,bid,FlawlessFlatbreads,DiligentDonuts,7435674
2026-07-04T20:09:53.292487,2026-07-04T20:09:53.300760+00:00,132.7,11,ask,EarnestEspressos,Xuanyu Liu,7435692
2026-07-04T20:09:53.473723,2026-07-04T20:09:53.485631+00:00,132.7,10,ask,EarnestEspressos,Zihao Wu,7435697
2026-07-04T20:09:53.662142,2026-07-04T20:09:53.673774+00:00,132.7,50,ask,EarnestEspressos,FlawlessFlatbreads,7435700
2026-07-04T20:09:54.611196,2026-07-04T20:09:54.622558+00:00,132.7,43,ask,DiligentDonuts,CostlyCorianders,7435723
2026-07-04T20:09:54.664965,2026-07-04T20:09:54.676903+00:00,132.7,57,ask,DiligentDonuts,EarnestEspressos,7435724
2026-07-04T20:09:55.493208,2026-07-04T20:09:55.504594+00:00,132.3,41,ask,DiligentDonuts,CostlyCorianders,7435736
2026-07-04T20:09:55.770916,2026-07-04T20:09:55.779982+00:00,132.3,50,ask,DiligentDonuts,FlawlessFlatbreads,7435738
2026-07-04T20:09:57.877195,2026-07-04T20:09:57.889003+00:00,132.3,9,ask,DiligentDonuts,FlawlessFlatbreads,7435765
2026-07-04T20:09:57.877195,2026-07-04T20:09:57.889003+00:00,132.3,41,ask,EarnestEspressos,FlawlessFlatbreads,7435766
2026-07-04T20:09:58.415250,2026-07-04T20:09:58.425978+00:00,132.6,22,bid,Xuanyu Liu,DiligentDonuts,7435777
2026-07-04T20:09:59.983584,2026-07-04T20:09:59.992307+00:00,132.3,50,ask,EarnestEspressos,FlawlessFlatbreads,7435798
2026-07-04T20:10:00.131672,2026-07-04T20:10:00.143412+00:00,132.6,45,bid,CostlyCorianders,DiligentDonuts,7435802
2026-07-04T20:10:02.090704,2026-07-04T20:10:02.102606+00:00,132.1,50,ask,DiligentDonuts,FlawlessFlatbreads,7435830
2026-07-04T20:10:04.198982,2026-07-04T20:10:04.205271+00:00,132.2,50,ask,EarnestEspressos,FlawlessFlatbreads,7435854
2026-07-04T20:10:06.181793,2026-07-04T20:10:06.193205+00:00,132.5,43,bid,CostlyCorianders,DiligentDonuts,7435879
2026-07-04T20:10:06.303665,2026-07-04T20:10:06.315141+00:00,132.2,50,ask,EarnestEspressos,FlawlessFlatbreads,7435881
2026-07-04T20:10:07.359498,2026-07-04T20:10:07.369755+00:00,132.1,29,bid,Xuanyu Liu,EarnestEspressos,7435894
2026-07-04T20:10:09.069692,2026-07-04T20:10:09.081444+00:00,132.1,44,bid,CostlyCorianders,EarnestEspressos,7435926
2026-07-04T20:10:09.580899,2026-07-04T20:10:09.590667+00:00,132.0,43,ask,DiligentDonuts,CostlyCorianders,7435930
2026-07-04T20:10:10.479970,2026-07-04T20:10:10.491860+00:00,132.5,50,bid,FlawlessFlatbreads,DiligentDonuts,7435940
2026-07-04T20:10:10.716896,2026-07-04T20:10:10.727372+00:00,132.2,40,bid,CostlyCorianders,EarnestEspressos,7435950
2026-07-04T20:10:12.587558,2026-07-04T20:10:12.599489+00:00,132.2,50,bid,FlawlessFlatbreads,EarnestEspressos,7435990
2026-07-04T20:10:12.907797,2026-07-04T20:10:12.919537+00:00,131.9,42,ask,DiligentDonuts,CostlyCorianders,7435994
2026-07-04T20:10:13.487777,2026-07-04T20:10:13.499766+00:00,131.9,49,ask,DiligentDonuts,CostlyCorianders,7436005
2026-07-04T20:10:13.602492,2026-07-04T20:10:13.609426+00:00,132.4,10,bid,Zihao Wu,DiligentDonuts,7436007
2026-07-04T20:10:13.716774,2026-07-04T20:10:13.725829+00:00,132.2,17,ask,EarnestEspressos,Xuanyu Liu,7436012
2026-07-04T20:10:14.219113,2026-07-04T20:10:14.230702+00:00,132.2,100,ask,EarnestEspressos,DiligentDonuts,7436015
2026-07-04T20:10:21.080402,2026-07-04T20:10:21.091693+00:00,132.0,50,ask,DiligentDonuts,FlawlessFlatbreads,7436108
2026-07-04T20:10:22.013381,2026-07-04T20:10:22.022483+00:00,132.2,49,bid,CostlyCorianders,EarnestEspressos,7436125
2026-07-04T20:10:23.185671,2026-07-04T20:10:23.193094+00:00,132.0,50,ask,DiligentDonuts,FlawlessFlatbreads,7436142
2026-07-04T20:10:23.496860,2026-07-04T20:10:23.518443+00:00,131.8,42,ask,EarnestEspressos,CostlyCorianders,7436149
2026-07-04T20:10:24.731369,2026-07-04T20:10:24.744201+00:00,132.1,11,bid,Xuanyu Liu,DiligentDonuts,7436170
2026-07-04T20:10:25.338936,2026-07-04T20:10:25.347809+00:00,132.1,6,bid,Xuanyu Liu,DiligentDonuts,7436176
2026-07-04T20:10:27.393808,2026-07-04T20:10:27.405409+00:00,131.9,50,ask,EarnestEspressos,FlawlessFlatbreads,7436207
2026-07-04T20:10:27.851087,2026-07-04T20:10:27.857725+00:00,132.4,48,bid,CostlyCorianders,EarnestEspressos,7436212
2026-07-04T20:10:29.448660,2026-07-04T20:10:29.463975+00:00,132.4,50,bid,FlawlessFlatbreads,DiligentDonuts,7436235
2026-07-04T20:10:29.967593,2026-07-04T20:10:29.979388+00:00,132.3,100,bid,DiligentDonuts,EarnestEspressos,7436243
2026-07-04T20:10:31.563432,2026-07-04T20:10:31.575362+00:00,132.3,50,bid,FlawlessFlatbreads,EarnestEspressos,7436272
2026-07-04T20:10:32.659523,2026-07-04T20:10:32.667717+00:00,132.5,17,ask,EarnestEspressos,Xuanyu Liu,7436289
2026-07-04T20:10:32.828507,2026-07-04T20:10:32.838663+00:00,132.5,40,ask,EarnestEspressos,CostlyCorianders,7436294
2026-07-04T20:10:33.190217,2026-07-04T20:10:33.201466+00:00,132.5,93,ask,EarnestEspressos,DiligentDonuts,7436302
2026-07-04T20:10:33.202900,2026-07-04T20:10:33.213056+00:00,132.3,7,bid,Xuanyu Liu,DiligentDonuts,7436305
2026-07-04T20:10:33.672511,2026-07-04T20:10:33.684514+00:00,133.0,50,bid,FlawlessFlatbreads,EarnestEspressos,7436316
2026-07-04T20:10:36.037591,2026-07-04T20:10:36.048755+00:00,132.2,10,ask,EarnestEspressos,Zihao Wu,7436355
2026-07-04T20:10:36.332593,2026-07-04T20:10:36.344440+00:00,132.7,49,bid,CostlyCorianders,EarnestEspressos,7436360
2026-07-04T20:10:37.888382,2026-07-04T20:10:37.900145+00:00,132.7,50,bid,FlawlessFlatbreads,EarnestEspressos,7436389
2026-07-04T20:10:39.995278,2026-07-04T20:10:40.007288+00:00,132.7,50,bid,FlawlessFlatbreads,DiligentDonuts,7436414
2026-07-04T20:10:42.102365,2026-07-04T20:10:42.114060+00:00,132.7,50,bid,FlawlessFlatbreads,DiligentDonuts,7436452
2026-07-04T20:10:42.936517,2026-07-04T20:10:42.945920+00:00,132.5,19,ask,EarnestEspressos,Xuanyu Liu,7436467
2026-07-04T20:10:43.525745,2026-07-04T20:10:43.532670+00:00,132.5,48,ask,EarnestEspressos,CostlyCorianders,7436476
2026-07-04T20:10:44.703134,2026-07-04T20:10:44.711090+00:00,132.5,44,ask,EarnestEspressos,CostlyCorianders,7436489
2026-07-04T20:10:45.358296,2026-07-04T20:10:45.369906+00:00,132.5,100,ask,DiligentDonuts,EarnestEspressos,7436503
2026-07-04T20:10:45.665251,2026-07-04T20:10:45.677058+00:00,132.4,42,bid,CostlyCorianders,EarnestEspressos,7436504
2026-07-04T20:10:46.315513,2026-07-04T20:10:46.327243+00:00,132.4,8,bid,FlawlessFlatbreads,EarnestEspressos,7436515
2026-07-04T20:10:46.315513,2026-07-04T20:10:46.327243+00:00,132.5,42,bid,FlawlessFlatbreads,DiligentDonuts,7436516
2026-07-04T20:10:46.702388,2026-07-04T20:10:46.714156+00:00,132.5,41,bid,CostlyCorianders,DiligentDonuts,7436522
2026-07-04T20:10:48.425065,2026-07-04T20:10:48.436758+00:00,132.5,17,bid,FlawlessFlatbreads,DiligentDonuts,7436551
2026-07-04T20:10:49.340094,2026-07-04T20:10:49.358584+00:00,132.6,49,ask,EarnestEspressos,CostlyCorianders,7436555
2026-07-04T20:10:50.532646,2026-07-04T20:10:50.544493+00:00,132.9,50,bid,FlawlessFlatbreads,DiligentDonuts,7436579
2026-07-04T20:10:50.987740,2026-07-04T20:10:50.999669+00:00,132.6,43,ask,EarnestEspressos,CostlyCorianders,7436584
2026-07-04T20:10:52.639679,2026-07-04T20:10:52.646431+00:00,132.9,50,bid,FlawlessFlatbreads,EarnestEspressos,7436596
2026-07-04T20:10:53.083014,2026-07-04T20:10:53.090904+00:00,132.7,11,ask,DiligentDonuts,Xuanyu Liu,7436609
2026-07-04T20:10:53.981822,2026-07-04T20:10:53.989670+00:00,132.7,47,ask,DiligentDonuts,CostlyCorianders,7436628
2026-07-04T20:10:54.603930,2026-07-04T20:10:54.615536+00:00,132.9,46,bid,CostlyCorianders,EarnestEspressos,7436637
2026-07-04T20:10:56.849861,2026-07-04T20:10:56.861657+00:00,132.9,50,bid,FlawlessFlatbreads,DiligentDonuts,7436667
2026-07-04T20:10:59.078921,2026-07-04T20:10:59.090550+00:00,132.9,40,bid,CostlyCorianders,DiligentDonuts,7436702
2026-07-04T20:11:00.733508,2026-07-04T20:11:00.745337+00:00,132.9,43,bid,CostlyCorianders,DiligentDonuts,7436725
2026-07-04T20:11:01.059706,2026-07-04T20:11:01.071253+00:00,132.9,17,bid,FlawlessFlatbreads,DiligentDonuts,7436732
2026-07-04T20:11:01.059706,2026-07-04T20:11:01.071253+00:00,133.0,33,bid,FlawlessFlatbreads,EarnestEspressos,7436733
2026-07-04T20:11:01.598972,2026-07-04T20:11:01.606289+00:00,132.8,11,ask,DiligentDonuts,Xuanyu Liu,7436740
2026-07-04T20:11:03.168045,2026-07-04T20:11:03.180260+00:00,133.2,50,bid,FlawlessFlatbreads,EarnestEspressos,7436764
2026-07-04T20:11:03.197608,2026-07-04T20:11:03.209433+00:00,132.8,46,ask,DiligentDonuts,CostlyCorianders,7436767
2026-07-04T20:11:04.294288,2026-07-04T20:11:04.301413+00:00,133.0,23,ask,EarnestEspressos,Xuanyu Liu,7436787
2026-07-04T20:11:04.913918,2026-07-04T20:11:04.922600+00:00,133.0,45,ask,EarnestEspressos,CostlyCorianders,7436797
2026-07-04T20:11:05.282317,2026-07-04T20:11:05.295086+00:00,133.2,50,bid,FlawlessFlatbreads,DiligentDonuts,7436799
2026-07-04T20:11:05.397887,2026-07-04T20:11:05.408308+00:00,133.0,41,ask,EarnestEspressos,CostlyCorianders,7436802
2026-07-04T20:11:07.263894,2026-07-04T20:11:07.275829+00:00,133.2,45,bid,CostlyCorianders,DiligentDonuts,7436826
2026-07-04T20:11:07.393401,2026-07-04T20:11:07.400275+00:00,133.2,5,bid,FlawlessFlatbreads,DiligentDonuts,7436828
2026-07-04T20:11:08.265420,2026-07-04T20:11:08.275955+00:00,133.0,45,bid,CostlyCorianders,EarnestEspressos,7436839
2026-07-04T20:11:09.521051,2026-07-04T20:11:09.530106+00:00,132.9,40,ask,DiligentDonuts,CostlyCorianders,7436857
2026-07-04T20:11:09.521207,2026-07-04T20:11:09.535327+00:00,133.0,50,bid,FlawlessFlatbreads,EarnestEspressos,7436858
2026-07-04T20:11:10.127338,2026-07-04T20:11:10.135741+00:00,132.9,46,ask,DiligentDonuts,CostlyCorianders,7436869
2026-07-04T20:11:10.687479,2026-07-04T20:11:10.695253+00:00,133.4,42,bid,CostlyCorianders,DiligentDonuts,7436884
2026-07-04T20:11:13.056102,2026-07-04T20:11:13.067785+00:00,133.2,48,bid,CostlyCorianders,DiligentDonuts,7436911
2026-07-04T20:11:13.731213,2026-07-04T20:11:13.738407+00:00,133.2,50,bid,FlawlessFlatbreads,DiligentDonuts,7436926
2026-07-04T20:11:14.079764,2026-07-04T20:11:14.087915+00:00,132.9,12,ask,EarnestEspressos,Xuanyu Liu,7436935
2026-07-04T20:11:15.837734,2026-07-04T20:11:15.849348+00:00,133.4,50,bid,FlawlessFlatbreads,EarnestEspressos,7436969
2026-07-04T20:11:17.942527,2026-07-04T20:11:17.949451+00:00,133.4,50,bid,FlawlessFlatbreads,EarnestEspressos,7437003
2026-07-04T20:11:18.036281,2026-07-04T20:11:18.044544+00:00,133.0,11,ask,DiligentDonuts,Xuanyu Liu,7437007
2026-07-04T20:11:18.104842,2026-07-04T20:11:18.116342+00:00,133.0,40,ask,DiligentDonuts,CostlyCorianders,7437010
2026-07-04T20:11:20.048723,2026-07-04T20:11:20.055320+00:00,133.4,50,bid,FlawlessFlatbreads,EarnestEspressos,7437043
2026-07-04T20:11:20.117288,2026-07-04T20:11:20.122912+00:00,133.2,3,ask,EarnestEspressos,Xuanyu Liu,7437044
2026-07-04T20:11:21.754449,2026-07-04T20:11:21.758537+00:00,133.2,40,ask,EarnestEspressos,CostlyCorianders,7437070
2026-07-04T20:11:22.153656,2026-07-04T20:11:22.165478+00:00,133.4,50,bid,FlawlessFlatbreads,DiligentDonuts,7437074
2026-07-04T20:11:22.301636,2026-07-04T20:11:22.313184+00:00,133.4,48,bid,CostlyCorianders,DiligentDonuts,7437078
2026-07-04T20:11:24.281796,2026-07-04T20:11:24.293748+00:00,133.6,50,bid,FlawlessFlatbreads,DiligentDonuts,7437103
2026-07-04T20:11:25.868943,2026-07-04T20:11:25.882345+00:00,133.2,42,ask,EarnestEspressos,CostlyCorianders,7437123
2026-07-04T20:11:26.389691,2026-07-04T20:11:26.401568+00:00,133.6,50,bid,FlawlessFlatbreads,DiligentDonuts,7437128
2026-07-04T20:11:26.921285,2026-07-04T20:11:26.933272+00:00,133.5,100,bid,DiligentDonuts,EarnestEspressos,7437141
2026-07-04T20:11:28.526362,2026-07-04T20:11:28.538190+00:00,133.5,50,bid,FlawlessFlatbreads,EarnestEspressos,7437155
2026-07-04T20:11:29.599566,2026-07-04T20:11:29.607661+00:00,133.8,14,ask,EarnestEspressos,Xuanyu Liu,7437172
2026-07-04T20:11:29.623871,2026-07-04T20:11:29.635444+00:00,133.8,49,ask,EarnestEspressos,CostlyCorianders,7437174
2026-07-04T20:11:29.827913,2026-07-04T20:11:29.835708+00:00,133.8,12,ask,EarnestEspressos,Xuanyu Liu,7437176
2026-07-04T20:11:30.151487,2026-07-04T20:11:30.158575+00:00,133.8,75,ask,EarnestEspressos,DiligentDonuts,7437181
2026-07-04T20:11:32.528959,2026-07-04T20:11:32.539293+00:00,133.8,25,bid,CostlyCorianders,DiligentDonuts,7437212
2026-07-04T20:11:32.806068,2026-07-04T20:11:32.820571+00:00,133.3,50,ask,DiligentDonuts,FlawlessFlatbreads,7437218
2026-07-04T20:11:32.812436,2026-07-04T20:11:32.820571+00:00,133.5,12,bid,Xuanyu Liu,EarnestEspressos,7437219
2026-07-04T20:11:33.129438,2026-07-04T20:11:33.137821+00:00,133.5,11,bid,Xuanyu Liu,EarnestEspressos,7437226
2026-07-04T20:11:33.481135,2026-07-04T20:11:33.494106+00:00,133.4,48,ask,DiligentDonuts,CostlyCorianders,7437231
2026-07-04T20:11:33.749669,2026-07-04T20:11:33.767857+00:00,133.5,3,bid,Xuanyu Liu,EarnestEspressos,7437237
2026-07-04T20:11:34.940336,2026-07-04T20:11:34.950093+00:00,133.4,50,ask,DiligentDonuts,FlawlessFlatbreads,7437258
2026-07-04T20:11:37.045755,2026-07-04T20:11:37.057350+00:00,133.4,50,ask,EarnestEspressos,FlawlessFlatbreads,7437295
2026-07-04T20:11:37.556973,2026-07-04T20:11:37.568805+00:00,133.9,49,bid,CostlyCorianders,EarnestEspressos,7437303
2026-07-04T20:11:38.603909,2026-07-04T20:11:38.616321+00:00,133.9,41,bid,CostlyCorianders,EarnestEspressos,7437323
2026-07-04T20:11:39.180824,2026-07-04T20:11:39.190144+00:00,133.7,50,ask,EarnestEspressos,FlawlessFlatbreads,7437326
2026-07-04T20:11:39.180987,2026-07-04T20:11:39.195420+00:00,133.7,43,ask,EarnestEspressos,CostlyCorianders,7437327
2026-07-04T20:11:40.735705,2026-07-04T20:11:40.747568+00:00,133.7,43,ask,EarnestEspressos,CostlyCorianders,7437349
2026-07-04T20:11:41.290006,2026-07-04T20:11:41.298107+00:00,133.7,14,ask,EarnestEspressos,FlawlessFlatbreads,7437358
2026-07-04T20:11:41.290006,2026-07-04T20:11:41.303325+00:00,133.5,36,ask,DiligentDonuts,FlawlessFlatbreads,7437359
2026-07-04T20:11:41.325597,2026-07-04T20:11:41.337599+00:00,134.0,40,bid,CostlyCorianders,DiligentDonuts,7437360
2026-07-04T20:11:42.927809,2026-07-04T20:11:42.936829+00:00,133.6,3,bid,Xuanyu Liu,EarnestEspressos,7437384
2026-07-04T20:11:43.398892,2026-07-04T20:11:43.410818+00:00,133.5,50,ask,DiligentDonuts,FlawlessFlatbreads,7437390
2026-07-04T20:11:45.455550,2026-07-04T20:11:45.467198+00:00,134.0,50,bid,FlawlessFlatbreads,DiligentDonuts,7437417
2026-07-04T20:11:47.563609,2026-07-04T20:11:47.575519+00:00,133.8,50,bid,FlawlessFlatbreads,EarnestEspressos,7437447
2026-07-04T20:11:48.480619,2026-07-04T20:11:48.492383+00:00,133.8,49,bid,CostlyCorianders,EarnestEspressos,7437466
2026-07-04T20:11:49.673121,2026-07-04T20:11:49.682221+00:00,134.1,50,bid,FlawlessFlatbreads,DiligentDonuts,7437478
2026-07-04T20:11:50.563328,2026-07-04T20:11:50.575451+00:00,133.7,46,ask,EarnestEspressos,CostlyCorianders,7437493
2026-07-04T20:11:50.734956,2026-07-04T20:11:50.742799+00:00,133.7,3,ask,EarnestEspressos,Xuanyu Liu,7437496
2026-07-04T20:11:51.782178,2026-07-04T20:11:51.793877+00:00,134.1,50,bid,FlawlessFlatbreads,DiligentDonuts,7437506
2026-07-04T20:11:52.234432,2026-07-04T20:11:52.246502+00:00,133.9,100,bid,DiligentDonuts,EarnestEspressos,7437510
2026-07-04T20:11:53.889508,2026-07-04T20:11:53.901304+00:00,133.9,50,bid,FlawlessFlatbreads,EarnestEspressos,7437532
2026-07-04T20:11:54.911110,2026-07-04T20:11:54.919485+00:00,134.0,3,ask,EarnestEspressos,Xuanyu Liu,7437551
2026-07-04T20:11:55.453026,2026-07-04T20:11:55.458564+00:00,134.0,100,ask,EarnestEspressos,DiligentDonuts,7437558
2026-07-04T20:11:55.996410,2026-07-04T20:11:56.006979+00:00,134.5,50,bid,FlawlessFlatbreads,EarnestEspressos,7437568
2026-07-04T20:11:56.024258,2026-07-04T20:11:56.032634+00:00,134.0,11,ask,EarnestEspressos,Xuanyu Liu,7437570
2026-07-04T20:11:58.301089,2026-07-04T20:11:58.312810+00:00,133.6,43,ask,EarnestEspressos,CostlyCorianders,7437595
2026-07-04T20:12:00.207845,2026-07-04T20:12:00.219580+00:00,134.1,50,bid,FlawlessFlatbreads,EarnestEspressos,7437615
2026-07-04T20:12:02.367236,2026-07-04T20:12:02.379050+00:00,133.8,50,ask,DiligentDonuts,FlawlessFlatbreads,7437636
2026-07-04T20:12:03.095821,2026-07-04T20:12:03.107607+00:00,134.2,46,bid,CostlyCorianders,EarnestEspressos,7437645
2026-07-04T20:12:03.308453,2026-07-04T20:12:03.320384+00:00,133.8,25,ask,DiligentDonuts,Yinxuan Li,7437648
2026-07-04T20:12:04.113261,2026-07-04T20:12:04.125248+00:00,133.8,25,ask,DiligentDonuts,CostlyCorianders,7437668
2026-07-04T20:12:04.113261,2026-07-04T20:12:04.125248+00:00,133.7,20,ask,EarnestEspressos,CostlyCorianders,7437669
2026-07-04T20:12:04.476605,2026-07-04T20:12:04.491019+00:00,133.7,50,ask,EarnestEspressos,FlawlessFlatbreads,7437670
2026-07-04T20:12:06.135475,2026-07-04T20:12:06.146922+00:00,133.9,43,bid,CostlyCorianders,DiligentDonuts,7437693
2026-07-04T20:12:06.532010,2026-07-04T20:12:06.539674+00:00,133.9,50,bid,FlawlessFlatbreads,DiligentDonuts,7437700
2026-07-04T20:12:08.689531,2026-07-04T20:12:08.698027+00:00,133.8,50,ask,DiligentDonuts,FlawlessFlatbreads,7437728
2026-07-04T20:12:10.795402,2026-07-04T20:12:10.807326+00:00,133.8,50,ask,DiligentDonuts,FlawlessFlatbreads,7437762
2026-07-04T20:12:11.647586,2026-07-04T20:12:11.659201+00:00,133.8,47,bid,CostlyCorianders,DiligentDonuts,7437778
2026-07-04T20:12:14.956590,2026-07-04T20:12:14.968403+00:00,134.0,50,bid,FlawlessFlatbreads,EarnestEspressos,7437816
2026-07-04T20:12:15.379780,2026-07-04T20:12:15.391463+00:00,133.5,42,ask,EarnestEspressos,CostlyCorianders,7437821
2026-07-04T20:12:15.879241,2026-07-04T20:12:15.891645+00:00,134.0,47,bid,CostlyCorianders,EarnestEspressos,7437825
2026-07-04T20:12:17.063555,2026-07-04T20:12:17.075394+00:00,134.0,50,bid,FlawlessFlatbreads,DiligentDonuts,7437840
2026-07-04T20:12:18.334041,2026-07-04T20:12:18.341338+00:00,133.8,25,ask,EarnestEspressos,Yinxuan Li,7437866
2026-07-04T20:12:19.170314,2026-07-04T20:12:19.181351+00:00,134.1,50,bid,FlawlessFlatbreads,DiligentDonuts,7437881
2026-07-04T20:12:20.607267,2026-07-04T20:12:20.619008+00:00,133.6,41,ask,DiligentDonuts,CostlyCorianders,7437900
2026-07-04T20:12:22.168649,2026-07-04T20:12:22.179570+00:00,133.6,40,ask,EarnestEspressos,CostlyCorianders,7437913
2026-07-04T20:12:23.281057,2026-07-04T20:12:23.292987+00:00,134.1,44,bid,CostlyCorianders,EarnestEspressos,7437932
2026-07-04T20:12:23.431766,2026-07-04T20:12:23.443499+00:00,133.6,50,ask,DiligentDonuts,FlawlessFlatbreads,7437936
2026-07-04T20:12:23.972498,2026-07-04T20:12:23.979490+00:00,134.0,40,bid,CostlyCorianders,EarnestEspressos,7437942
2026-07-04T20:12:24.476304,2026-07-04T20:12:24.487130+00:00,133.5,45,ask,EarnestEspressos,CostlyCorianders,7437953
2026-07-04T20:12:26.609641,2026-07-04T20:12:26.617058+00:00,133.5,45,ask,DiligentDonuts,CostlyCorianders,7437987
2026-07-04T20:12:27.662971,2026-07-04T20:12:27.674718+00:00,133.5,50,ask,EarnestEspressos,FlawlessFlatbreads,7438019
2026-07-04T20:12:28.355664,2026-07-04T20:12:28.354748+00:00,133.5,25,ask,EarnestEspressos,Yinxuan Li,7438038
2026-07-04T20:12:28.686380,2026-07-04T20:12:28.698301+00:00,133.8,47,bid,CostlyCorianders,DiligentDonuts,7438040
2026-07-04T20:12:29.248937,2026-07-04T20:12:29.258553+00:00,133.8,49,bid,CostlyCorianders,DiligentDonuts,7438044
2026-07-04T20:12:29.303222,2026-07-04T20:12:29.312247+00:00,133.5,46,ask,EarnestEspressos,CostlyCorianders,7438045
2026-07-04T20:12:29.760030,2026-07-04T20:12:29.770426+00:00,133.5,14,bid,Xuanyu Liu,EarnestEspressos,7438058
2026-07-04T20:12:29.771033,2026-07-04T20:12:29.786029+00:00,133.3,50,ask,DiligentDonuts,FlawlessFlatbreads,7438061
2026-07-04T20:12:31.918533,2026-07-04T20:12:31.925737+00:00,133.4,50,ask,DiligentDonuts,FlawlessFlatbreads,7438099
2026-07-04T20:12:33.749460,2026-07-04T20:12:33.756068+00:00,133.3,43,ask,DiligentDonuts,CostlyCorianders,7438135
2026-07-04T20:12:33.974481,2026-07-04T20:12:33.986347+00:00,133.6,50,bid,FlawlessFlatbreads,EarnestEspressos,7438137
2026-07-04T20:12:36.133302,2026-07-04T20:12:36.144762+00:00,133.3,50,ask,DiligentDonuts,FlawlessFlatbreads,7438173
2026-07-04T20:12:37.680171,2026-07-04T20:12:37.690859+00:00,133.2,46,bid,CostlyCorianders,DiligentDonuts,7438186
2026-07-04T20:12:38.376334,2026-07-04T20:12:38.384241+00:00,133.2,25,bid,Yinxuan Li,DiligentDonuts,7438200
2026-07-04T20:12:39.183029,2026-07-04T20:12:39.194707+00:00,133.2,29,bid,EarnestEspressos,DiligentDonuts,7438218
2026-07-04T20:12:40.174351,2026-07-04T20:12:40.186104+00:00,133.7,42,bid,CostlyCorianders,EarnestEspressos,7438222
2026-07-04T20:12:40.371295,2026-07-04T20:12:40.383131+00:00,133.2,50,ask,EarnestEspressos,FlawlessFlatbreads,7438226
2026-07-04T20:12:42.479883,2026-07-04T20:12:42.491610+00:00,133.2,50,ask,DiligentDonuts,FlawlessFlatbreads,7438251
2026-07-04T20:12:44.589016,2026-07-04T20:12:44.598131+00:00,133.0,50,ask,EarnestEspressos,FlawlessFlatbreads,7438283
2026-07-04T20:12:45.747788,2026-07-04T20:12:45.754199+00:00,132.9,40,ask,DiligentDonuts,CostlyCorianders,7438298
2026-07-04T20:12:46.644426,2026-07-04T20:12:46.658574+00:00,133.1,50,bid,FlawlessFlatbreads,EarnestEspressos,7438315
2026-07-04T20:12:48.080076,2026-07-04T20:12:48.088063+00:00,133.1,47,bid,CostlyCorianders,EarnestEspressos,7438335
2026-07-04T20:12:48.392644,2026-07-04T20:12:48.401035+00:00,133.1,25,bid,Yinxuan Li,EarnestEspressos,7438343
2026-07-04T20:12:48.470817,2026-07-04T20:12:48.478757+00:00,133.1,28,bid,Xuanyu Liu,EarnestEspressos,7438345
2026-07-04T20:12:48.605209,2026-07-04T20:12:48.611988+00:00,133.3,10,bid,Zihao Wu,DiligentDonuts,7438350
2026-07-04T20:12:48.676316,2026-07-04T20:12:48.685641+00:00,133.3,90,bid,EarnestEspressos,DiligentDonuts,7438351
2026-07-04T20:12:48.740450,2026-07-04T20:12:48.748696+00:00,133.8,28,ask,EarnestEspressos,Xuanyu Liu,7438352
2026-07-04T20:12:48.750816,2026-07-04T20:12:48.763917+00:00,134.3,50,bid,FlawlessFlatbreads,EarnestEspressos,7438354
2026-07-04T20:12:49.780610,2026-07-04T20:12:49.787745+00:00,133.8,3,ask,EarnestEspressos,Xuanyu Liu,7438367
2026-07-04T20:12:49.816983,2026-07-04T20:12:49.828684+00:00,133.8,29,ask,EarnestEspressos,CostlyCorianders,7438369
2026-07-04T20:12:49.816983,2026-07-04T20:12:49.828684+00:00,133.5,19,ask,DiligentDonuts,CostlyCorianders,7438370
2026-07-04T20:12:52.543676,2026-07-04T20:12:52.558597+00:00,133.7,42,bid,CostlyCorianders,EarnestEspressos,7438403
2026-07-04T20:12:53.011629,2026-07-04T20:12:53.023213+00:00,133.3,50,ask,DiligentDonuts,FlawlessFlatbreads,7438411
2026-07-04T20:12:54.274086,2026-07-04T20:12:54.282878+00:00,133.7,40,bid,CostlyCorianders,EarnestEspressos,7438438
2026-07-04T20:12:55.066988,2026-07-04T20:12:55.078707+00:00,133.8,50,bid,FlawlessFlatbreads,DiligentDonuts,7438455
2026-07-04T20:12:56.662706,2026-07-04T20:12:56.674892+00:00,133.4,45,ask,EarnestEspressos,CostlyCorianders,7438483
2026-07-04T20:12:57.254457,2026-07-04T20:12:57.258560+00:00,133.4,44,ask,EarnestEspressos,CostlyCorianders,7438488
2026-07-04T20:12:58.969854,2026-07-04T20:12:58.977858+00:00,133.4,3,bid,Xuanyu Liu,EarnestEspressos,7438507
2026-07-04T20:12:59.275869,2026-07-04T20:12:59.288057+00:00,133.4,50,bid,FlawlessFlatbreads,EarnestEspressos,7438515
2026-07-04T20:13:01.320493,2026-07-04T20:13:01.332880+00:00,133.4,100,bid,EarnestEspressos,DiligentDonuts,7438549
2026-07-04T20:13:01.386287,2026-07-04T20:13:01.395383+00:00,133.9,50,bid,FlawlessFlatbreads,EarnestEspressos,7438551
2026-07-04T20:13:03.160644,2026-07-04T20:13:03.169169+00:00,133.9,47,bid,CostlyCorianders,EarnestEspressos,7438576
2026-07-04T20:13:03.797477,2026-07-04T20:13:03.807000+00:00,133.9,45,bid,CostlyCorianders,EarnestEspressos,7438591
2026-07-04T20:13:04.869650,2026-07-04T20:13:04.881181+00:00,133.5,41,ask,DiligentDonuts,CostlyCorianders,7438600
2026-07-04T20:13:05.645944,2026-07-04T20:13:05.652723+00:00,133.5,50,ask,EarnestEspressos,FlawlessFlatbreads,7438610
2026-07-04T20:13:06.814922,2026-07-04T20:13:06.823347+00:00,133.8,46,bid,CostlyCorianders,DiligentDonuts,7438631
2026-07-04T20:13:07.403768,2026-07-04T20:13:07.415619+00:00,133.5,49,ask,EarnestEspressos,CostlyCorianders,7438636
2026-07-04T20:13:07.701891,2026-07-04T20:13:07.713376+00:00,133.8,50,bid,FlawlessFlatbreads,DiligentDonuts,7438641
2026-07-04T20:13:08.187418,2026-07-04T20:13:08.195714+00:00,133.5,100,bid,DiligentDonuts,EarnestEspressos,7438651
2026-07-04T20:13:08.456730,2026-07-04T20:13:08.458587+00:00,133.5,41,bid,CostlyCorianders,EarnestEspressos,7438654
2026-07-04T20:13:08.801334,2026-07-04T20:13:08.810263+00:00,133.0,10,ask,EarnestEspressos,Zihao Wu,7438659
2026-07-04T20:13:09.807903,2026-07-04T20:13:09.819800+00:00,133.5,9,bid,FlawlessFlatbreads,EarnestEspressos,7438679
2026-07-04T20:13:09.807903,2026-07-04T20:13:09.819800+00:00,134.1,41,bid,FlawlessFlatbreads,DiligentDonuts,7438680
2026-07-04T20:13:11.523644,2026-07-04T20:13:11.531993+00:00,133.8,45,ask,EarnestEspressos,CostlyCorianders,7438707
2026-07-04T20:13:13.683716,2026-07-04T20:13:13.695478+00:00,134.1,42,bid,CostlyCorianders,DiligentDonuts,7438737
2026-07-04T20:13:14.217558,2026-07-04T20:13:14.229139+00:00,133.7,43,ask,EarnestEspressos,CostlyCorianders,7438742
2026-07-04T20:13:16.944720,2026-07-04T20:13:16.954862+00:00,134.2,48,bid,CostlyCorianders,EarnestEspressos,7438785
2026-07-04T20:13:17.312406,2026-07-04T20:13:17.320175+00:00,133.8,3,ask,DiligentDonuts,Xuanyu Liu,7438794
2026-07-04T20:13:18.282414,2026-07-04T20:13:18.293958+00:00,133.6,50,ask,EarnestEspressos,FlawlessFlatbreads,7438809
2026-07-04T20:13:19.511233,2026-07-04T20:13:19.522690+00:00,133.6,44,ask,EarnestEspressos,CostlyCorianders,7438829
2026-07-04T20:13:20.010402,2026-07-04T20:13:20.021129+00:00,133.6,41,ask,EarnestEspressos,CostlyCorianders,7438841
2026-07-04T20:13:20.354823,2026-07-04T20:13:20.366755+00:00,133.5,100,ask,DiligentDonuts,EarnestEspressos,7438842
2026-07-04T20:13:20.371827,2026-07-04T20:13:20.380287+00:00,133.4,3,bid,Xuanyu Liu,EarnestEspressos,7438843
2026-07-04T20:13:21.208503,2026-07-04T20:13:21.220625+00:00,133.4,42,bid,CostlyCorianders,EarnestEspressos,7438866
2026-07-04T20:13:22.443149,2026-07-04T20:13:22.448503+00:00,133.4,5,bid,FlawlessFlatbreads,EarnestEspressos,7438881
2026-07-04T20:13:22.443149,2026-07-04T20:13:22.468869+00:00,133.8,45,bid,FlawlessFlatbreads,DiligentDonuts,7438882
2026-07-04T20:13:23.662857,2026-07-04T20:13:23.674612+00:00,133.8,40,bid,CostlyCorianders,DiligentDonuts,7438899
2026-07-04T20:13:24.551471,2026-07-04T20:13:24.558561+00:00,134.0,50,bid,FlawlessFlatbreads,EarnestEspressos,7438917
2026-07-04T20:13:26.430739,2026-07-04T20:13:26.439612+00:00,133.7,3,ask,DiligentDonuts,Xuanyu Liu,7438943
2026-07-04T20:13:26.577628,2026-07-04T20:13:26.584553+00:00,133.7,45,ask,DiligentDonuts,CostlyCorianders,7438947
2026-07-04T20:13:26.708767,2026-07-04T20:13:26.720323+00:00,133.9,50,ask,EarnestEspressos,FlawlessFlatbreads,7438948
2026-07-04T20:13:27.825472,2026-07-04T20:13:27.834414+00:00,133.9,23,ask,EarnestEspressos,Xuanyu Liu,7438964
2026-07-04T20:13:28.433182,2026-07-04T20:13:28.443933+00:00,133.9,25,ask,EarnestEspressos,Yinxuan Li,7438971
2026-07-04T20:13:28.822758,2026-07-04T20:13:28.830505+00:00,133.9,50,ask,EarnestEspressos,FlawlessFlatbreads,7438975
2026-07-04T20:13:28.843764,2026-07-04T20:13:28.851387+00:00,134.0,46,bid,CostlyCorianders,DiligentDonuts,7438977
2026-07-04T20:13:29.136891,2026-07-04T20:13:29.145041+00:00,133.9,2,ask,EarnestEspressos,Xuanyu Liu,7438983
2026-07-04T20:13:29.366425,2026-07-04T20:13:29.374466+00:00,133.5,49,ask,DiligentDonuts,CostlyCorianders,7438988
2026-07-04T20:13:29.841230,2026-07-04T20:13:29.847966+00:00,133.5,51,ask,DiligentDonuts,EarnestEspressos,7438991
2026-07-04T20:13:29.859491,2026-07-04T20:13:29.869543+00:00,133.5,14,bid,Xuanyu Liu,EarnestEspressos,7438992
2026-07-04T20:13:30.055396,2026-07-04T20:13:30.066507+00:00,133.5,11,bid,Xuanyu Liu,EarnestEspressos,7439001
2026-07-04T20:13:32.986369,2026-07-04T20:13:32.994058+00:00,133.6,50,bid,FlawlessFlatbreads,DiligentDonuts,7439051
2026-07-04T20:13:34.527320,2026-07-04T20:13:34.539210+00:00,133.3,41,ask,EarnestEspressos,CostlyCorianders,7439073
2026-07-04T20:13:36.212799,2026-07-04T20:13:36.224543+00:00,133.6,48,bid,CostlyCorianders,DiligentDonuts,7439101
2026-07-04T20:13:37.247372,2026-07-04T20:13:37.258588+00:00,133.3,50,ask,DiligentDonuts,FlawlessFlatbreads,7439116
2026-07-04T20:13:37.736870,2026-07-04T20:13:37.746808+00:00,133.6,45,bid,CostlyCorianders,EarnestEspressos,7439124
2026-07-04T20:13:38.326324,2026-07-04T20:13:38.337904+00:00,133.3,49,ask,DiligentDonuts,CostlyCorianders,7439128
2026-07-04T20:13:39.354896,2026-07-04T20:13:39.350109+00:00,133.3,1,ask,DiligentDonuts,FlawlessFlatbreads,7439137
2026-07-04T20:13:39.354896,2026-07-04T20:13:39.350109+00:00,133.2,49,ask,EarnestEspressos,FlawlessFlatbreads,7439138
2026-07-04T20:13:39.405550,2026-07-04T20:13:39.413132+00:00,133.2,47,ask,EarnestEspressos,CostlyCorianders,7439140
2026-07-04T20:13:41.480404,2026-07-04T20:13:41.489913+00:00,133.2,50,ask,EarnestEspressos,FlawlessFlatbreads,7439159
2026-07-04T20:13:42.502925,2026-07-04T20:13:42.514341+00:00,132.9,100,ask,DiligentDonuts,EarnestEspressos,7439173
2026-07-04T20:13:42.515528,2026-07-04T20:13:42.523665+00:00,132.9,3,bid,Xuanyu Liu,EarnestEspressos,7439174
2026-07-04T20:13:43.199700,2026-07-04T20:13:43.211928+00:00,132.9,40,bid,CostlyCorianders,EarnestEspressos,7439182
2026-07-04T20:13:43.456953,2026-07-04T20:13:43.468939+00:00,132.9,7,bid,Yinxuan Li,EarnestEspressos,7439187
2026-07-04T20:13:43.456953,2026-07-04T20:13:43.468939+00:00,132.9,18,bid,Yinxuan Li,DiligentDonuts,7439188
2026-07-04T20:13:43.589245,2026-07-04T20:13:43.596719+00:00,132.4,50,ask,EarnestEspressos,FlawlessFlatbreads,7439195
2026-07-04T20:13:44.594204,2026-07-04T20:13:44.601931+00:00,132.9,3,bid,Xuanyu Liu,DiligentDonuts,7439219
2026-07-04T20:13:45.354725,2026-07-04T20:13:45.366530+00:00,132.9,48,bid,CostlyCorianders,DiligentDonuts,7439228
2026-07-04T20:13:45.610625,2026-07-04T20:13:45.622592+00:00,132.9,31,bid,EarnestEspressos,DiligentDonuts,7439230
2026-07-04T20:13:46.053010,2026-07-04T20:13:46.052177+00:00,133.0,41,ask,EarnestEspressos,CostlyCorianders,7439234
2026-07-04T20:13:47.022456,2026-07-04T20:13:47.030993+00:00,133.0,3,ask,EarnestEspressos,Xuanyu Liu,7439255
2026-07-04T20:13:48.842680,2026-07-04T20:13:48.852360+00:00,133.3,10,bid,Zihao Wu,DiligentDonuts,7439290
2026-07-04T20:13:49.571483,2026-07-04T20:13:49.581128+00:00,132.9,44,ask,DiligentDonuts,CostlyCorianders,7439298
2026-07-04T20:13:49.878644,2026-07-04T20:13:49.887733+00:00,133.2,50,bid,FlawlessFlatbreads,EarnestEspressos,7439299
2026-07-04T20:13:50.050146,2026-07-04T20:13:50.047752+00:00,133.2,40,bid,CostlyCorianders,EarnestEspressos,7439303
2026-07-04T20:13:51.949964,2026-07-04T20:13:51.958592+00:00,133.4,44,bid,CostlyCorianders,DiligentDonuts,7439335
2026-07-04T20:13:51.986814,2026-07-04T20:13:51.994988+00:00,133.4,50,bid,FlawlessFlatbreads,DiligentDonuts,7439336
2026-07-04T20:13:54.013363,2026-07-04T20:13:54.020237+00:00,133.0,43,ask,EarnestEspressos,CostlyCorianders,7439361
2026-07-04T20:13:54.095433,2026-07-04T20:13:54.107113+00:00,133.5,50,bid,FlawlessFlatbreads,EarnestEspressos,7439362
2026-07-04T20:13:54.557686,2026-07-04T20:13:54.566655+00:00,133.0,40,ask,EarnestEspressos,CostlyCorianders,7439365
2026-07-04T20:13:55.212959,2026-07-04T20:13:55.220194+00:00,133.3,40,bid,CostlyCorianders,EarnestEspressos,7439381
2026-07-04T20:13:55.881542,2026-07-04T20:13:55.888762+00:00,132.9,47,ask,EarnestEspressos,CostlyCorianders,7439393
2026-07-04T20:13:56.231687,2026-07-04T20:13:56.243232+00:00,133.3,50,bid,FlawlessFlatbreads,EarnestEspressos,7439396
2026-07-04T20:14:02.600559,2026-07-04T20:14:02.612057+00:00,132.9,50,ask,EarnestEspressos,FlawlessFlatbreads,7439484
2026-07-04T20:14:03.878927,2026-07-04T20:14:03.890347+00:00,133.3,45,bid,CostlyCorianders,DiligentDonuts,7439502
2026-07-04T20:14:04.534818,2026-07-04T20:14:04.545644+00:00,132.9,41,ask,EarnestEspressos,CostlyCorianders,7439524
2026-07-04T20:14:04.707850,2026-07-04T20:14:04.719773+00:00,132.8,50,ask,DiligentDonuts,FlawlessFlatbreads,7439526
2026-07-04T20:14:06.765405,2026-07-04T20:14:06.774678+00:00,133.0,50,bid,FlawlessFlatbreads,EarnestEspressos,7439554
2026-07-04T20:14:08.923356,2026-07-04T20:14:08.932278+00:00,132.9,50,ask,DiligentDonuts,FlawlessFlatbreads,7439577
2026-07-04T20:14:08.986963,2026-07-04T20:14:08.996384+00:00,132.9,10,ask,DiligentDonuts,Zihao Wu,7439579
2026-07-04T20:14:10.288121,2026-07-04T20:14:10.299910+00:00,133.1,49,bid,CostlyCorianders,EarnestEspressos,7439607
