timestamp,recv_time,price,volume,aggressor_side,buyer,seller,trade_id
2026-06-30T09:59:59.183762,2026-06-30T00:00:00.070761+00:00,66.0,50,ask,,,13482498
2026-06-30T09:59:59.536194,2026-06-30T00:00:00.419052+00:00,66.0,43,ask,,,13482500
2026-06-30T10:00:00.732225,2026-06-30T00:00:01.620066+00:00,66.0,40,ask,,,13482520
2026-06-30T10:00:01.295170,2026-06-30T00:00:02.185314+00:00,66.0,17,ask,,,13482536
2026-06-30T10:00:01.295170,2026-06-30T00:00:02.185314+00:00,65.9,33,ask,,,13482537
2026-06-30T10:00:03.003878,2026-06-30T00:00:03.888371+00:00,66.0,45,bid,,,13482563
2026-06-30T10:00:03.404248,2026-06-30T00:00:04.290099+00:00,65.8,50,ask,,,13482567
2026-06-30T10:00:03.522208,2026-06-30T00:00:04.409877+00:00,65.8,47,ask,,,13482569
2026-06-30T10:00:05.512351,2026-06-30T00:00:06.397870+00:00,65.5,50,ask,,,13482603
2026-06-30T10:00:07.460371,2026-06-30T00:00:08.346117+00:00,65.9,5,bid,,,13482636
2026-06-30T10:00:09.734190,2026-06-30T00:00:10.618737+00:00,65.8,5,ask,,,13482672
2026-06-30T10:00:09.734190,2026-06-30T00:00:10.618737+00:00,65.6,45,ask,,,13482673
2026-06-30T10:00:11.840924,2026-06-30T00:00:12.731030+00:00,65.6,50,ask,,,13482701
2026-06-30T10:00:13.961755,2026-06-30T00:00:14.846462+00:00,65.7,3,ask,,,13482733
2026-06-30T10:00:13.961755,2026-06-30T00:00:14.846462+00:00,65.6,47,ask,,,13482734
2026-06-30T10:00:14.989446,2026-06-30T00:00:15.878073+00:00,65.7,3,ask,,,13482746
2026-06-30T10:00:15.022301,2026-06-30T00:00:15.910794+00:00,65.6,3,bid,,,13482747
2026-06-30T10:00:16.069729,2026-06-30T00:00:16.954198+00:00,65.5,50,ask,,,13482772
2026-06-30T10:00:18.177769,2026-06-30T00:00:19.076497+00:00,65.1,50,ask,,,13482820
2026-06-30T10:00:19.846405,2026-06-30T00:00:20.727248+00:00,65.5,45,bid,,,13482846
2026-06-30T10:00:20.297823,2026-06-30T00:00:21.184323+00:00,65.1,50,ask,,,13482855
2026-06-30T10:00:20.427625,2026-06-30T00:00:21.315182+00:00,65.0,100,ask,,,13482861
2026-06-30T10:00:23.366437,2026-06-30T00:00:24.253021+00:00,65.0,49,bid,,,13482919
2026-06-30T10:00:23.536207,2026-06-30T00:00:24.417084+00:00,65.2,100,bid,,,13482921
2026-06-30T10:00:24.456848,2026-06-30T00:00:25.342361+00:00,65.6,7,bid,,,13482937
2026-06-30T10:00:24.456848,2026-06-30T00:00:25.342361+00:00,65.7,43,bid,,,13482938
2026-06-30T10:00:25.023149,2026-06-30T00:00:25.908045+00:00,65.6,44,bid,,,13482946
2026-06-30T10:00:26.564373,2026-06-30T00:00:27.452955+00:00,65.6,50,bid,,,13482967
2026-06-30T10:00:27.590773,2026-06-30T00:00:28.477817+00:00,65.4,100,bid,,,13482984
2026-06-30T10:00:28.433293,2026-06-30T00:00:29.314878+00:00,64.9,45,ask,,,13482997
2026-06-30T10:00:28.675796,2026-06-30T00:00:29.565415+00:00,65.4,50,bid,,,13482998
2026-06-30T10:00:30.192045,2026-06-30T00:00:31.079061+00:00,65.6,5,bid,,,13483021
2026-06-30T10:00:30.261111,2026-06-30T00:00:31.145475+00:00,65.3,1,ask,,,13483022
2026-06-30T10:00:30.261111,2026-06-30T00:00:31.145475+00:00,65.3,48,ask,,,13483023
2026-06-30T10:00:30.781715,2026-06-30T00:00:31.668609+00:00,65.8,50,bid,,,13483037
2026-06-30T10:00:30.829988,2026-06-30T00:00:31.712880+00:00,65.7,40,bid,,,13483038
2026-06-30T10:00:32.889543,2026-06-30T00:00:33.777565+00:00,65.7,50,bid,,,13483079
2026-06-30T10:00:34.711873,2026-06-30T00:00:35.594932+00:00,65.4,2,ask,,,13483094
2026-06-30T10:00:34.711873,2026-06-30T00:00:35.594932+00:00,65.4,43,ask,,,13483095
2026-06-30T10:00:35.047578,2026-06-30T00:00:35.931194+00:00,65.4,50,ask,,,13483101
2026-06-30T10:00:36.763205,2026-06-30T00:00:37.648203+00:00,65.7,4,bid,,,13483127
2026-06-30T10:00:36.763205,2026-06-30T00:00:37.648203+00:00,65.7,44,bid,,,13483128
2026-06-30T10:00:37.103688,2026-06-30T00:00:37.984952+00:00,65.7,50,bid,,,13483135
2026-06-30T10:00:37.317750,2026-06-30T00:00:38.202960+00:00,65.5,44,ask,,,13483140
2026-06-30T10:00:39.213132,2026-06-30T00:00:40.100168+00:00,65.7,50,bid,,,13483176
2026-06-30T10:00:41.319782,2026-06-30T00:00:42.200860+00:00,65.7,50,bid,,,13483209
2026-06-30T10:00:41.410263,2026-06-30T00:00:42.297523+00:00,65.7,49,bid,,,13483210
2026-06-30T10:00:43.427468,2026-06-30T00:00:44.311843+00:00,65.8,3,bid,,,13483259
2026-06-30T10:00:43.427468,2026-06-30T00:00:44.311843+00:00,66.0,47,bid,,,13483260
2026-06-30T10:00:44.281686,2026-06-30T00:00:45.160851+00:00,65.6,42,ask,,,13483279
2026-06-30T10:00:45.536358,2026-06-30T00:00:46.426514+00:00,66.0,50,bid,,,13483301
2026-06-30T10:00:45.768120,2026-06-30T00:00:46.653036+00:00,65.8,45,ask,,,13483302
2026-06-30T10:00:46.633507,2026-06-30T00:00:47.514180+00:00,65.8,100,ask,,,13483317
2026-06-30T10:00:47.695065,2026-06-30T00:00:48.579924+00:00,65.8,5,ask,,,13483327
2026-06-30T10:00:47.695065,2026-06-30T00:00:48.579924+00:00,65.3,45,ask,,,13483328
2026-06-30T10:00:48.359035,2026-06-30T00:00:49.242789+00:00,66.3,47,bid,,,13483348
2026-06-30T10:00:51.908189,2026-06-30T00:00:52.796500+00:00,65.6,5,ask,,,13483412
2026-06-30T10:00:53.480546,2026-06-30T00:00:54.360915+00:00,66.1,44,bid,,,13483446
2026-06-30T10:00:53.535871,2026-06-30T00:00:54.416271+00:00,65.6,46,ask,,,13483447
2026-06-30T10:00:54.013007,2026-06-30T00:00:54.895043+00:00,65.6,50,ask,,,13483452
2026-06-30T10:00:55.134074,2026-06-30T00:00:56.022898+00:00,66.1,48,bid,,,13483475
2026-06-30T10:00:55.695466,2026-06-30T00:00:56.577652+00:00,65.6,5,ask,,,13483482
2026-06-30T10:00:55.695466,2026-06-30T00:00:56.577652+00:00,65.6,39,ask,,,13483483
2026-06-30T10:00:56.119619,2026-06-30T00:00:57.002091+00:00,65.6,5,ask,,,13483497
2026-06-30T10:00:56.119619,2026-06-30T00:00:57.002091+00:00,65.5,45,ask,,,13483498
2026-06-30T10:00:58.228128,2026-06-30T00:00:59.112303+00:00,65.5,50,ask,,,13483549
2026-06-30T10:00:59.223954,2026-06-30T00:01:00.103897+00:00,65.6,100,bid,,,13483564
2026-06-30T10:01:00.283156,2026-06-30T00:01:01.169992+00:00,65.6,50,bid,,,13483587
2026-06-30T10:01:02.389364,2026-06-30T00:01:03.273040+00:00,66.1,50,bid,,,13483615
2026-06-30T10:01:04.797323,2026-06-30T00:01:05.690015+00:00,65.8,42,bid,,,13483670
2026-06-30T10:01:05.332190,2026-06-30T00:01:06.221175+00:00,65.7,46,ask,,,13483676
2026-06-30T10:01:06.469735,2026-06-30T00:01:07.350806+00:00,65.8,44,bid,,,13483698
2026-06-30T10:01:06.655696,2026-06-30T00:01:07.536559+00:00,65.7,50,ask,,,13483706
2026-06-30T10:01:06.933262,2026-06-30T00:01:07.818487+00:00,65.7,48,ask,,,13483714
2026-06-30T10:01:08.761226,2026-06-30T00:01:09.648766+00:00,65.7,50,ask,,,13483742
2026-06-30T10:01:09.586980,2026-06-30T00:01:10.475407+00:00,65.9,46,bid,,,13483763
2026-06-30T10:01:10.164642,2026-06-30T00:01:11.051232+00:00,65.7,46,ask,,,13483771
2026-06-30T10:01:10.721043,2026-06-30T00:01:11.607489+00:00,65.7,4,ask,,,13483786
2026-06-30T10:01:10.721043,2026-06-30T00:01:11.607489+00:00,65.6,5,ask,,,13483787
2026-06-30T10:01:10.866878,2026-06-30T00:01:11.749020+00:00,65.6,5,ask,,,13483789
2026-06-30T10:01:10.866878,2026-06-30T00:01:11.749020+00:00,65.4,45,ask,,,13483790
2026-06-30T10:01:12.974247,2026-06-30T00:01:13.858488+00:00,65.6,5,ask,,,13483828
2026-06-30T10:01:15.081311,2026-06-30T00:01:15.970958+00:00,65.5,4,ask,,,13483854
2026-06-30T10:01:15.081311,2026-06-30T00:01:15.970958+00:00,65.3,46,ask,,,13483855
2026-06-30T10:01:17.187975,2026-06-30T00:01:18.073083+00:00,65.5,4,ask,,,13483908
2026-06-30T10:01:17.187975,2026-06-30T00:01:18.073083+00:00,65.3,46,ask,,,13483909
2026-06-30T10:01:19.249033,2026-06-30T00:01:20.139783+00:00,65.5,50,bid,,,13483942
2026-06-30T10:01:21.376230,2026-06-30T00:01:22.259055+00:00,65.8,50,bid,,,13483992
2026-06-30T10:01:22.990354,2026-06-30T00:01:23.870847+00:00,65.8,44,bid,,,13484024
2026-06-30T10:01:23.486494,2026-06-30T00:01:24.371177+00:00,65.8,50,bid,,,13484031
2026-06-30T10:01:26.795652,2026-06-30T00:01:27.677187+00:00,66.0,100,bid,,,13484091
2026-06-30T10:01:27.782607,2026-06-30T00:01:28.676499+00:00,66.0,50,ask,,,13484109
2026-06-30T10:01:28.823400,2026-06-30T00:01:29.706406+00:00,65.9,45,ask,,,13484114
2026-06-30T10:01:29.401153,2026-06-30T00:01:30.291089+00:00,66.4,44,bid,,,13484121
2026-06-30T10:01:29.888724,2026-06-30T00:01:30.768906+00:00,65.9,50,ask,,,13484140
2026-06-30T10:01:29.908011,2026-06-30T00:01:30.802113+00:00,65.9,5,ask,,,13484141
2026-06-30T10:01:31.023628,2026-06-30T00:01:31.902981+00:00,65.6,45,ask,,,13484158
2026-06-30T10:01:31.995007,2026-06-30T00:01:32.881069+00:00,65.6,50,ask,,,13484177
2026-06-30T10:01:32.085471,2026-06-30T00:01:32.979252+00:00,65.7,41,bid,,,13484182
2026-06-30T10:01:32.581362,2026-06-30T00:01:33.469068+00:00,65.7,42,bid,,,13484189
2026-06-30T10:01:34.056620,2026-06-30T00:01:34.940718+00:00,65.8,47,ask,,,13484222
2026-06-30T10:01:34.101931,2026-06-30T00:01:34.984967+00:00,65.8,50,ask,,,13484223
2026-06-30T10:01:36.209021,2026-06-30T00:01:37.095165+00:00,65.8,50,ask,,,13484260
2026-06-30T10:01:37.120801,2026-06-30T00:01:38.008312+00:00,65.6,41,bid,,,13484282
2026-06-30T10:01:38.266324,2026-06-30T00:01:39.153048+00:00,65.6,50,bid,,,13484295
2026-06-30T10:01:38.826838,2026-06-30T00:01:39.707833+00:00,65.6,47,bid,,,13484304
2026-06-30T10:01:39.932933,2026-06-30T00:01:40.816343+00:00,65.7,44,ask,,,13484320
2026-06-30T10:01:40.373627,2026-06-30T00:01:41.262850+00:00,65.9,50,bid,,,13484327
2026-06-30T10:01:42.480783,2026-06-30T00:01:43.370134+00:00,65.9,50,bid,,,13484367
2026-06-30T10:01:44.588079,2026-06-30T00:01:45.470944+00:00,66.0,2,bid,,,13484414
2026-06-30T10:01:44.588079,2026-06-30T00:01:45.470944+00:00,66.0,48,bid,,,13484415
2026-06-30T10:01:45.192690,2026-06-30T00:01:46.079098+00:00,65.9,1,bid,,,13484426
2026-06-30T10:01:45.192690,2026-06-30T00:01:46.079098+00:00,66.0,47,bid,,,13484427
2026-06-30T10:01:46.698596,2026-06-30T00:01:47.581193+00:00,66.3,50,bid,,,13484457
2026-06-30T10:01:47.193581,2026-06-30T00:01:48.081093+00:00,66.0,1,ask,,,13484461
2026-06-30T10:01:47.286171,2026-06-30T00:01:48.178761+00:00,66.0,1,ask,,,13484464
2026-06-30T10:01:48.804066,2026-06-30T00:01:49.691912+00:00,66.3,50,bid,,,13484508
2026-06-30T10:01:49.120776,2026-06-30T00:01:50.008105+00:00,66.1,3,ask,,,13484514
2026-06-30T10:01:49.331474,2026-06-30T00:01:50.215836+00:00,66.1,3,ask,,,13484519
2026-06-30T10:01:49.916107,2026-06-30T00:01:50.803921+00:00,66.1,3,ask,,,13484524
2026-06-30T10:01:49.991975,2026-06-30T00:01:50.878955+00:00,66.1,45,ask,,,13484525
2026-06-30T10:01:50.077689,2026-06-30T00:01:50.967409+00:00,66.1,2,ask,,,13484526
2026-06-30T10:01:50.158977,2026-06-30T00:01:51.043949+00:00,66.1,2,ask,,,13484529
2026-06-30T10:01:50.909381,2026-06-30T00:01:51.797492+00:00,66.6,50,bid,,,13484543
2026-06-30T10:01:52.018353,2026-06-30T00:01:52.907418+00:00,66.1,45,ask,,,13484559
2026-06-30T10:01:53.015894,2026-06-30T00:01:53.907327+00:00,66.2,2,bid,,,13484584
2026-06-30T10:01:53.015894,2026-06-30T00:01:53.907327+00:00,66.2,48,bid,,,13484585
2026-06-30T10:01:53.667296,2026-06-30T00:01:54.547537+00:00,66.2,47,bid,,,13484591
2026-06-30T10:01:54.761997,2026-06-30T00:01:55.647339+00:00,66.1,49,ask,,,13484621
2026-06-30T10:01:55.123962,2026-06-30T00:01:56.007781+00:00,66.2,50,bid,,,13484626
2026-06-30T10:01:55.257392,2026-06-30T00:01:56.138164+00:00,66.2,1,bid,,,13484629
2026-06-30T10:01:57.230473,2026-06-30T00:01:58.117791+00:00,66.6,50,bid,,,13484658
2026-06-30T10:01:59.342401,2026-06-30T00:02:00.227972+00:00,66.8,50,bid,,,13484684
2026-06-30T10:02:01.448584,2026-06-30T00:02:02.336394+00:00,66.8,50,bid,,,13484710
2026-06-30T10:02:03.566163,2026-06-30T00:02:04.452231+00:00,66.9,50,bid,,,13484735
2026-06-30T10:02:04.649972,2026-06-30T00:02:05.539077+00:00,66.5,49,ask,,,13484747
2026-06-30T10:02:05.156200,2026-06-30T00:02:06.041070+00:00,66.5,41,ask,,,13484755
2026-06-30T10:02:05.675860,2026-06-30T00:02:06.564059+00:00,66.7,50,bid,,,13484758
2026-06-30T10:02:07.780762,2026-06-30T00:02:08.663985+00:00,66.7,50,bid,,,13484784
2026-06-30T10:02:09.484302,2026-06-30T00:02:10.371205+00:00,66.8,8,bid,,,13484812
2026-06-30T10:02:09.484302,2026-06-30T00:02:10.371205+00:00,67.0,40,bid,,,13484813
2026-06-30T10:02:09.887207,2026-06-30T00:02:10.776421+00:00,67.0,50,bid,,,13484820
2026-06-30T10:02:11.116775,2026-06-30T00:02:12.007510+00:00,66.9,6,bid,,,13484840
2026-06-30T10:02:11.999247,2026-06-30T00:02:12.889066+00:00,67.1,50,bid,,,13484869
2026-06-30T10:02:14.104948,2026-06-30T00:02:14.992210+00:00,67.1,50,bid,,,13484898
2026-06-30T10:02:15.025745,2026-06-30T00:02:15.917394+00:00,66.7,44,ask,,,13484917
2026-06-30T10:02:15.668468,2026-06-30T00:02:16.557615+00:00,66.8,41,ask,,,13484936
2026-06-30T10:02:16.277272,2026-06-30T00:02:17.166192+00:00,66.8,50,ask,,,13484949
2026-06-30T10:02:17.581207,2026-06-30T00:02:18.469907+00:00,67.0,5,bid,,,13484971
2026-06-30T10:02:17.581207,2026-06-30T00:02:18.469907+00:00,67.3,39,bid,,,13484972
2026-06-30T10:02:18.387719,2026-06-30T00:02:19.277319+00:00,66.8,50,ask,,,13484992
2026-06-30T10:02:20.514927,2026-06-30T00:02:21.398728+00:00,66.8,50,ask,,,13485042
2026-06-30T10:02:22.041890,2026-06-30T00:02:22.924369+00:00,66.8,48,bid,,,13485068
2026-06-30T10:02:22.620956,2026-06-30T00:02:23.509794+00:00,66.7,50,ask,,,13485079
2026-06-30T10:02:23.097927,2026-06-30T00:02:23.978504+00:00,66.7,40,ask,,,13485102
2026-06-30T10:02:24.730702,2026-06-30T00:02:25.610839+00:00,66.4,50,ask,,,13485130
2026-06-30T10:02:25.658909,2026-06-30T00:02:26.547611+00:00,66.7,42,bid,,,13485149
2026-06-30T10:02:26.837658,2026-06-30T00:02:27.724063+00:00,66.4,50,ask,,,13485161
2026-06-30T10:02:27.666743,2026-06-30T00:02:28.552022+00:00,66.5,1,bid,,,13485169
2026-06-30T10:02:28.110712,2026-06-30T00:02:28.999103+00:00,66.5,48,bid,,,13485181
2026-06-30T10:02:28.956865,2026-06-30T00:02:29.837701+00:00,66.4,50,ask,,,13485197
2026-06-30T10:02:29.255068,2026-06-30T00:02:30.141862+00:00,66.4,45,ask,,,13485204
2026-06-30T10:02:31.065295,2026-06-30T00:02:31.953256+00:00,66.2,50,ask,,,13485238
2026-06-30T10:02:31.682257,2026-06-30T00:02:32.562843+00:00,66.5,42,bid,,,13485258
2026-06-30T10:02:33.120009,2026-06-30T00:02:34.009180+00:00,66.5,50,bid,,,13485287
2026-06-30T10:02:34.775950,2026-06-30T00:02:35.661801+00:00,66.7,45,ask,,,13485315
2026-06-30T10:02:35.275676,2026-06-30T00:02:36.163196+00:00,66.7,50,ask,,,13485326
2026-06-30T10:02:35.852224,2026-06-30T00:02:36.737556+00:00,66.7,5,ask,,,13485333
2026-06-30T10:02:35.852224,2026-06-30T00:02:36.737556+00:00,66.5,5,ask,,,13485334
2026-06-30T10:02:35.852224,2026-06-30T00:02:36.737556+00:00,66.4,33,ask,,,13485335
2026-06-30T10:02:37.290017,2026-06-30T00:02:38.180763+00:00,66.7,49,bid,,,13485368
2026-06-30T10:02:37.386144,2026-06-30T00:02:38.267352+00:00,66.5,5,ask,,,13485369
2026-06-30T10:02:37.386144,2026-06-30T00:02:38.277931+00:00,66.5,45,ask,,,13485370
2026-06-30T10:02:39.284954,2026-06-30T00:02:40.169711+00:00,66.5,48,ask,,,13485407
2026-06-30T10:02:39.496482,2026-06-30T00:02:40.377665+00:00,66.5,7,ask,,,13485412
2026-06-30T10:02:39.496482,2026-06-30T00:02:40.387750+00:00,66.5,5,ask,,,13485413
2026-06-30T10:02:40.845223,2026-06-30T00:02:41.733084+00:00,66.6,47,bid,,,13485436
2026-06-30T10:02:42.747253,2026-06-30T00:02:43.627195+00:00,66.6,43,bid,,,13485475
2026-06-30T10:02:43.321328,2026-06-30T00:02:44.203022+00:00,66.5,5,ask,,,13485484
2026-06-30T10:02:43.321328,2026-06-30T00:02:44.203022+00:00,66.4,42,ask,,,13485485
2026-06-30T10:02:43.708614,2026-06-30T00:02:44.597149+00:00,66.4,50,ask,,,13485493
2026-06-30T10:02:43.947654,2026-06-30T00:02:44.836301+00:00,66.7,40,bid,,,13485504
2026-06-30T10:02:44.001567,2026-06-30T00:02:44.890646+00:00,66.4,42,ask,,,13485505
2026-06-30T10:02:44.573793,2026-06-30T00:02:45.457516+00:00,66.7,44,bid,,,13485512
2026-06-30T10:02:44.627419,2026-06-30T00:02:45.511904+00:00,66.4,16,ask,,,13485514
2026-06-30T10:02:45.720536,2026-06-30T00:02:46.601194+00:00,66.2,40,ask,,,13485531
2026-06-30T10:02:45.763304,2026-06-30T00:02:46.645439+00:00,66.7,16,bid,,,13485532
2026-06-30T10:02:45.763304,2026-06-30T00:02:46.645439+00:00,66.9,34,bid,,,13485533
2026-06-30T10:02:46.766741,2026-06-30T00:02:47.647627+00:00,66.3,100,bid,,,13485553
2026-06-30T10:02:47.801357,2026-06-30T00:02:48.688609+00:00,66.3,4,bid,,,13485566
2026-06-30T10:02:47.870929,2026-06-30T00:02:48.755001+00:00,66.3,46,bid,,,13485569
2026-06-30T10:02:49.977971,2026-06-30T00:02:50.867186+00:00,66.7,2,bid,,,13485608
2026-06-30T10:02:49.977971,2026-06-30T00:02:50.867186+00:00,66.9,48,bid,,,13485609
2026-06-30T10:02:51.538248,2026-06-30T00:02:52.424969+00:00,66.4,2,ask,,,13485634
2026-06-30T10:02:51.538248,2026-06-30T00:02:52.424969+00:00,66.4,41,ask,,,13485635
2026-06-30T10:02:52.086993,2026-06-30T00:02:52.968710+00:00,66.5,50,bid,,,13485648
2026-06-30T10:02:53.049432,2026-06-30T00:02:53.936170+00:00,66.9,40,bid,,,13485666
2026-06-30T10:02:54.195871,2026-06-30T00:02:55.077334+00:00,66.8,50,bid,,,13485695
2026-06-30T10:02:56.032536,2026-06-30T00:02:56.917428+00:00,66.7,7,bid,,,13485737
2026-06-30T10:02:56.032536,2026-06-30T00:02:56.917428+00:00,66.8,35,bid,,,13485738
2026-06-30T10:02:57.043396,2026-06-30T00:02:57.928757+00:00,66.5,47,ask,,,13485762
2026-06-30T10:02:59.606579,2026-06-30T00:03:00.487258+00:00,66.8,7,bid,,,13485813
2026-06-30T10:02:59.606579,2026-06-30T00:03:00.497856+00:00,66.8,40,bid,,,13485814
2026-06-30T10:03:00.557614,2026-06-30T00:03:01.444187+00:00,66.6,50,ask,,,13485828
2026-06-30T10:03:00.735447,2026-06-30T00:03:01.617832+00:00,66.6,41,ask,,,13485836
2026-06-30T10:03:02.664889,2026-06-30T00:03:03.555488+00:00,66.6,50,ask,,,13485869
2026-06-30T10:03:02.950413,2026-06-30T00:03:03.837886+00:00,66.8,7,bid,,,13485876
2026-06-30T10:03:02.950413,2026-06-30T00:03:03.837886+00:00,66.8,33,bid,,,13485877
2026-06-30T10:03:03.005867,2026-06-30T00:03:03.892297+00:00,66.6,43,ask,,,13485878
2026-06-30T10:03:04.772827,2026-06-30T00:03:05.657796+00:00,66.6,50,ask,,,13485909
2026-06-30T10:03:04.960583,2026-06-30T00:03:05.844088+00:00,66.5,1,ask,,,13485915
2026-06-30T10:03:06.435666,2026-06-30T00:03:07.323990+00:00,66.4,1,bid,,,13485944
2026-06-30T10:03:06.754601,2026-06-30T00:03:07.638253+00:00,66.3,44,ask,,,13485954
2026-06-30T10:03:06.877886,2026-06-30T00:03:07.758036+00:00,66.3,50,ask,,,13485958
2026-06-30T10:03:07.975970,2026-06-30T00:03:08.858025+00:00,66.4,43,bid,,,13485986
2026-06-30T10:03:08.993832,2026-06-30T00:03:09.884021+00:00,66.2,50,ask,,,13486013
2026-06-30T10:03:10.929770,2026-06-30T00:03:11.818410+00:00,66.4,42,bid,,,13486043
2026-06-30T10:03:11.624024,2026-06-30T00:03:12.504962+00:00,66.4,1,bid,,,13486048
2026-06-30T10:03:12.907331,2026-06-30T00:03:13.800039+00:00,66.2,40,ask,,,13486071
2026-06-30T10:03:13.153489,2026-06-30T00:03:14.039637+00:00,66.5,50,bid,,,13486078
2026-06-30T10:03:14.100395,2026-06-30T00:03:14.987966+00:00,66.5,42,bid,,,13486094
2026-06-30T10:03:17.085493,2026-06-30T00:03:17.970794+00:00,66.4,40,ask,,,13486147
2026-06-30T10:03:19.472091,2026-06-30T00:03:20.355444+00:00,66.6,50,bid,,,13486174
2026-06-30T10:03:21.630102,2026-06-30T00:03:22.519065+00:00,66.4,1,ask,,,13486223
2026-06-30T10:03:21.630102,2026-06-30T00:03:22.519065+00:00,66.2,49,ask,,,13486224
2026-06-30T10:03:22.192276,2026-06-30T00:03:23.073149+00:00,66.6,44,bid,,,13486229
2026-06-30T10:03:23.332517,2026-06-30T00:03:24.216327+00:00,66.2,41,ask,,,13486246
2026-06-30T10:03:23.686601,2026-06-30T00:03:24.575327+00:00,66.6,50,bid,,,13486249
2026-06-30T10:03:23.835075,2026-06-30T00:03:24.717275+00:00,66.6,43,bid,,,13486251
2026-06-30T10:03:24.836805,2026-06-30T00:03:25.717139+00:00,66.6,100,ask,,,13486265
2026-06-30T10:03:25.859421,2026-06-30T00:03:26.739813+00:00,66.6,50,ask,,,13486277
2026-06-30T10:03:27.434801,2026-06-30T00:03:28.318194+00:00,66.6,46,bid,,,13486293
2026-06-30T10:03:27.488424,2026-06-30T00:03:28.373036+00:00,66.1,47,ask,,,13486296
2026-06-30T10:03:27.913751,2026-06-30T00:03:28.798523+00:00,66.6,50,bid,,,13486301
2026-06-30T10:03:28.007017,2026-06-30T00:03:28.897663+00:00,66.2,46,ask,,,13486303
2026-06-30T10:03:29.427716,2026-06-30T00:03:30.312361+00:00,66.6,44,bid,,,13486324
2026-06-30T10:03:30.073054,2026-06-30T00:03:30.957198+00:00,66.2,50,ask,,,13486335
2026-06-30T10:03:31.158501,2026-06-30T00:03:32.043374+00:00,66.4,100,ask,,,13486353
2026-06-30T10:03:32.685520,2026-06-30T00:03:33.568563+00:00,66.4,47,ask,,,13486370
2026-06-30T10:03:34.232558,2026-06-30T00:03:35.117443+00:00,66.5,50,bid,,,13486398
2026-06-30T10:03:36.339704,2026-06-30T00:03:37.227393+00:00,66.5,50,bid,,,13486447
2026-06-30T10:03:38.445207,2026-06-30T00:03:39.336043+00:00,66.8,50,bid,,,13486487
2026-06-30T10:03:39.997315,2026-06-30T00:03:40.884265+00:00,66.5,46,ask,,,13486514
2026-06-30T10:03:40.552850,2026-06-30T00:03:41.437591+00:00,66.7,6,bid,,,13486538
2026-06-30T10:03:40.552850,2026-06-30T00:03:41.437591+00:00,67.0,44,bid,,,13486539
2026-06-30T10:03:41.508581,2026-06-30T00:03:42.395401+00:00,66.8,45,bid,,,13486555
2026-06-30T10:03:42.660683,2026-06-30T00:03:43.547677+00:00,66.8,50,bid,,,13486578
2026-06-30T10:03:43.013926,2026-06-30T00:03:43.897549+00:00,66.5,48,ask,,,13486588
2026-06-30T10:03:44.767192,2026-06-30T00:03:45.648834+00:00,67.0,50,bid,,,13486619
2026-06-30T10:03:46.875978,2026-06-30T00:03:47.763085+00:00,66.8,4,bid,,,13486658
2026-06-30T10:03:46.875978,2026-06-30T00:03:47.763085+00:00,67.1,46,bid,,,13486659
2026-06-30T10:03:48.982981,2026-06-30T00:03:49.865038+00:00,67.0,50,bid,,,13486701
2026-06-30T10:03:51.090166,2026-06-30T00:03:51.980885+00:00,66.9,7,bid,,,13486734
2026-06-30T10:03:51.090166,2026-06-30T00:03:51.980885+00:00,67.2,43,bid,,,13486735
2026-06-30T10:03:53.198336,2026-06-30T00:03:54.080670+00:00,67.2,50,bid,,,13486772
2026-06-30T10:03:53.362955,2026-06-30T00:03:54.245452+00:00,67.0,7,ask,,,13486774
2026-06-30T10:03:55.179318,2026-06-30T00:03:56.063184+00:00,67.5,44,bid,,,13486812
2026-06-30T10:03:55.304738,2026-06-30T00:03:56.193064+00:00,67.5,50,bid,,,13486815
2026-06-30T10:03:55.555386,2026-06-30T00:03:56.444244+00:00,67.5,100,bid,,,13486821
2026-06-30T10:03:55.833373,2026-06-30T00:03:56.716472+00:00,67.6,42,ask,,,13486823
2026-06-30T10:03:56.368437,2026-06-30T00:03:57.259668+00:00,67.6,6,ask,,,13486839
2026-06-30T10:03:56.667096,2026-06-30T00:03:57.552165+00:00,67.6,2,ask,,,13486841
2026-06-30T10:03:56.667096,2026-06-30T00:03:57.552165+00:00,67.5,4,ask,,,13486842
2026-06-30T10:03:57.411798,2026-06-30T00:03:58.300712+00:00,68.0,50,bid,,,13486857
2026-06-30T10:03:58.408741,2026-06-30T00:03:59.289835+00:00,67.5,46,ask,,,13486875
2026-06-30T10:03:58.769756,2026-06-30T00:03:59.650724+00:00,67.5,50,ask,,,13486884
2026-06-30T10:04:01.674547,2026-06-30T00:04:02.559929+00:00,67.3,50,ask,,,13486928
2026-06-30T10:04:02.318252,2026-06-30T00:04:03.202164+00:00,67.4,4,bid,,,13486941
2026-06-30T10:04:02.318252,2026-06-30T00:04:03.213227+00:00,67.7,42,bid,,,13486942
2026-06-30T10:04:02.950468,2026-06-30T00:04:03.831873+00:00,67.4,7,bid,,,13486950
2026-06-30T10:04:02.950468,2026-06-30T00:04:03.842935+00:00,67.6,37,bid,,,13486951
2026-06-30T10:04:03.596268,2026-06-30T00:04:04.485315+00:00,67.6,48,bid,,,13486966
2026-06-30T10:04:03.731637,2026-06-30T00:04:04.615227+00:00,67.6,15,bid,,,13486968
2026-06-30T10:04:03.731637,2026-06-30T00:04:04.615227+00:00,67.7,35,bid,,,13486969
2026-06-30T10:04:05.849129,2026-06-30T00:04:06.735095+00:00,67.8,50,bid,,,13487004
2026-06-30T10:04:07.719223,2026-06-30T00:04:08.608175+00:00,67.3,43,ask,,,13487036
2026-06-30T10:04:07.957399,2026-06-30T00:04:08.847284+00:00,67.8,50,bid,,,13487040
2026-06-30T10:04:10.072538,2026-06-30T00:04:10.954277+00:00,67.6,47,ask,,,13487078
2026-06-30T10:04:10.072872,2026-06-30T00:04:10.965340+00:00,67.9,50,bid,,,13487080
2026-06-30T10:04:11.652640,2026-06-30T00:04:12.541029+00:00,67.8,46,bid,,,13487106
2026-06-30T10:04:12.181444,2026-06-30T00:04:13.063106+00:00,67.8,50,bid,,,13487115
2026-06-30T10:04:13.634181,2026-06-30T00:04:14.523325+00:00,67.5,43,ask,,,13487131
2026-06-30T10:04:14.124465,2026-06-30T00:04:15.014164+00:00,67.8,43,bid,,,13487145
2026-06-30T10:04:14.338746,2026-06-30T00:04:15.229261+00:00,67.5,50,ask,,,13487147
2026-06-30T10:04:14.536135,2026-06-30T00:04:15.416490+00:00,68.0,100,bid,,,13487156
2026-06-30T10:04:15.873155,2026-06-30T00:04:16.773115+00:00,68.0,2,ask,,,13487177
2026-06-30T10:04:15.989904,2026-06-30T00:04:16.870113+00:00,68.0,2,ask,,,13487178
2026-06-30T10:04:16.372711,2026-06-30T00:04:17.261924+00:00,68.0,1,ask,,,13487184
2026-06-30T10:04:18.498436,2026-06-30T00:04:19.384196+00:00,68.1,50,bid,,,13487234
2026-06-30T10:04:22.185910,2026-06-30T00:04:23.073242+00:00,67.9,43,ask,,,13487307
2026-06-30T10:04:22.782919,2026-06-30T00:04:23.670778+00:00,67.9,50,ask,,,13487320
2026-06-30T10:04:22.815741,2026-06-30T00:04:23.703966+00:00,67.9,7,ask,,,13487322
2026-06-30T10:04:22.815741,2026-06-30T00:04:23.703966+00:00,67.7,39,ask,,,13487323
2026-06-30T10:04:23.346091,2026-06-30T00:04:24.236452+00:00,68.2,44,bid,,,13487333
2026-06-30T10:04:24.837516,2026-06-30T00:04:25.727455+00:00,68.2,50,bid,,,13487369
2026-06-30T10:04:26.130202,2026-06-30T00:04:27.015138+00:00,67.9,47,bid,,,13487395
2026-06-30T10:04:26.996576,2026-06-30T00:04:27.887322+00:00,67.7,50,ask,,,13487406
2026-06-30T10:04:28.247789,2026-06-30T00:04:29.128472+00:00,67.7,44,ask,,,13487428
2026-06-30T10:04:31.154737,2026-06-30T00:04:32.037703+00:00,67.9,50,bid,,,13487485
2026-06-30T10:04:31.922612,2026-06-30T00:04:32.811827+00:00,67.9,43,bid,,,13487495
2026-06-30T10:04:32.493202,2026-06-30T00:04:33.378618+00:00,67.8,5,ask,,,13487515
2026-06-30T10:04:32.493202,2026-06-30T00:04:33.378618+00:00,67.7,37,ask,,,13487516
2026-06-30T10:04:33.260758,2026-06-30T00:04:34.141822+00:00,67.9,50,bid,,,13487542
2026-06-30T10:04:33.440065,2026-06-30T00:04:34.327509+00:00,67.9,7,bid,,,13487544
2026-06-30T10:04:34.444483,2026-06-30T00:04:35.328831+00:00,68.0,100,ask,,,13487565
2026-06-30T10:04:35.369408,2026-06-30T00:04:36.256045+00:00,68.1,1,bid,,,13487587
2026-06-30T10:04:35.369408,2026-06-30T00:04:36.256045+00:00,68.5,49,bid,,,13487588
2026-06-30T10:04:36.184549,2026-06-30T00:04:37.070940+00:00,68.0,45,ask,,,13487603
2026-06-30T10:04:37.477654,2026-06-30T00:04:38.367603+00:00,68.0,50,bid,,,13487622
2026-06-30T10:04:38.011098,2026-06-30T00:04:38.897742+00:00,68.0,47,bid,,,13487628
2026-06-30T10:04:39.587463,2026-06-30T00:04:40.472258+00:00,68.0,50,bid,,,13487650
2026-06-30T10:04:39.846446,2026-06-30T00:04:40.733006+00:00,68.2,1,bid,,,13487655
2026-06-30T10:04:39.846446,2026-06-30T00:04:40.733006+00:00,68.3,100,bid,,,13487656
2026-06-30T10:04:40.151975,2026-06-30T00:04:41.038608+00:00,68.3,46,ask,,,13487665
2026-06-30T10:04:40.740565,2026-06-30T00:04:41.627492+00:00,68.3,3,ask,,,13487675
2026-06-30T10:04:40.740565,2026-06-30T00:04:41.627492+00:00,68.0,40,ask,,,13487676
2026-06-30T10:04:41.693272,2026-06-30T00:04:42.584358+00:00,68.5,50,bid,,,13487694
2026-06-30T10:04:42.862257,2026-06-30T00:04:43.747631+00:00,68.5,42,bid,,,13487705
2026-06-30T10:04:42.916642,2026-06-30T00:04:43.801988+00:00,68.0,42,ask,,,13487706
2026-06-30T10:04:43.060243,2026-06-30T00:04:43.943902+00:00,68.0,18,ask,,,13487707
2026-06-30T10:04:43.060243,2026-06-30T00:04:43.943902+00:00,68.0,6,ask,,,13487708
2026-06-30T10:04:43.569901,2026-06-30T00:04:44.455374+00:00,68.0,5,bid,,,13487718
2026-06-30T10:04:43.800421,2026-06-30T00:04:44.684349+00:00,68.0,50,bid,,,13487721
2026-06-30T10:04:43.873699,2026-06-30T00:04:44.759922+00:00,68.0,71,bid,,,13487723
2026-06-30T10:04:45.159930,2026-06-30T00:04:46.043157+00:00,68.5,49,bid,,,13487749
2026-06-30T10:04:45.959003,2026-06-30T00:04:46.847578+00:00,68.0,29,ask,,,13487757
2026-06-30T10:04:45.959003,2026-06-30T00:04:46.847578+00:00,67.9,5,ask,,,13487758
2026-06-30T10:04:48.065576,2026-06-30T00:04:48.947557+00:00,68.1,50,ask,,,13487798
2026-06-30T10:04:50.172141,2026-06-30T00:04:51.062204+00:00,68.0,4,ask,,,13487832
2026-06-30T10:04:52.278713,2026-06-30T00:04:53.163277+00:00,67.8,50,ask,,,13487870
2026-06-30T10:04:54.395472,2026-06-30T00:04:55.277352+00:00,68.0,5,ask,,,13487908
2026-06-30T10:04:54.395472,2026-06-30T00:04:55.287945+00:00,67.7,45,ask,,,13487909
2026-06-30T10:04:55.705937,2026-06-30T00:04:56.594239+00:00,68.0,5,ask,,,13487928
2026-06-30T10:04:55.761459,2026-06-30T00:04:56.648116+00:00,67.9,5,bid,,,13487936
2026-06-30T10:04:55.848059,2026-06-30T00:04:56.736182+00:00,67.9,5,bid,,,13487937
2026-06-30T10:04:56.504968,2026-06-30T00:04:57.387695+00:00,67.4,50,ask,,,13487948
2026-06-30T10:04:57.343316,2026-06-30T00:04:58.237370+00:00,67.9,4,bid,,,13487963
2026-06-30T10:04:57.808280,2026-06-30T00:04:58.694431+00:00,67.7,41,ask,,,13487968
2026-06-30T10:04:58.264529,2026-06-30T00:04:59.147540+00:00,67.9,47,bid,,,13487980
2026-06-30T10:04:58.610559,2026-06-30T00:04:59.496385+00:00,67.7,50,ask,,,13487988
2026-06-30T10:05:00.717375,2026-06-30T00:05:01.598643+00:00,67.6,50,ask,,,13488028
2026-06-30T10:05:01.612997,2026-06-30T00:05:02.502244+00:00,67.6,41,ask,,,13488050
2026-06-30T10:05:02.032220,2026-06-30T00:05:02.916475+00:00,67.8,4,ask,,,13488055
2026-06-30T10:05:02.079668,2026-06-30T00:05:02.968882+00:00,67.6,49,bid,,,13488056
2026-06-30T10:05:02.620032,2026-06-30T00:05:03.504008+00:00,67.5,43,ask,,,13488065
2026-06-30T10:05:02.829859,2026-06-30T00:05:03.710918+00:00,67.1,50,ask,,,13488071
2026-06-30T10:05:03.750433,2026-06-30T00:05:04.636294+00:00,67.6,41,bid,,,13488091
2026-06-30T10:05:04.340649,2026-06-30T00:05:05.221953+00:00,67.6,42,bid,,,13488102
2026-06-30T10:05:04.941587,2026-06-30T00:05:05.828673+00:00,67.4,50,ask,,,13488110
2026-06-30T10:05:06.058385,2026-06-30T00:05:06.947506+00:00,67.4,48,ask,,,13488129
2026-06-30T10:05:06.688924,2026-06-30T00:05:07.578859+00:00,67.4,49,ask,,,13488150
2026-06-30T10:05:07.047789,2026-06-30T00:05:07.938648+00:00,67.4,50,ask,,,13488154
2026-06-30T10:05:09.153711,2026-06-30T00:05:10.039784+00:00,66.9,50,ask,,,13488193
2026-06-30T10:05:09.990704,2026-06-30T00:05:10.879667+00:00,67.4,45,bid,,,13488204
2026-06-30T10:05:11.259982,2026-06-30T00:05:12.142937+00:00,67.1,50,ask,,,13488227
2026-06-30T10:05:13.365131,2026-06-30T00:05:14.256441+00:00,67.1,50,ask,,,13488258
2026-06-30T10:05:15.470954,2026-06-30T00:05:16.360667+00:00,66.8,50,ask,,,13488299
2026-06-30T10:05:17.579114,2026-06-30T00:05:18.464330+00:00,67.2,50,ask,,,13488344
2026-06-30T10:05:17.845532,2026-06-30T00:05:18.735151+00:00,67.2,50,ask,,,13488345
2026-06-30T10:05:18.386842,2026-06-30T00:05:19.268357+00:00,67.0,42,bid,,,13488359
2026-06-30T10:05:19.386713,2026-06-30T00:05:20.268198+00:00,67.0,2,bid,,,13488379
2026-06-30T10:05:19.633398,2026-06-30T00:05:20.517882+00:00,67.0,50,bid,,,13488386
2026-06-30T10:05:21.791760,2026-06-30T00:05:22.673367+00:00,67.2,50,ask,,,13488420
2026-06-30T10:05:22.010972,2026-06-30T00:05:22.901866+00:00,67.2,48,ask,,,13488430
2026-06-30T10:05:22.916746,2026-06-30T00:05:23.802885+00:00,67.3,46,bid,,,13488446
2026-06-30T10:05:23.478728,2026-06-30T00:05:24.368204+00:00,67.3,43,bid,,,13488461
2026-06-30T10:05:23.533159,2026-06-30T00:05:24.422093+00:00,67.2,44,ask,,,13488462
2026-06-30T10:05:23.847011,2026-06-30T00:05:24.738150+00:00,67.3,11,bid,,,13488470
2026-06-30T10:05:23.847011,2026-06-30T00:05:24.738150+00:00,67.6,5,bid,,,13488471
2026-06-30T10:05:23.847011,2026-06-30T00:05:24.748737+00:00,67.7,34,bid,,,13488472
2026-06-30T10:05:26.006752,2026-06-30T00:05:26.893847+00:00,67.2,2,ask,,,13488517
2026-06-30T10:05:26.006752,2026-06-30T00:05:26.893847+00:00,67.1,48,ask,,,13488518
2026-06-30T10:05:26.531738,2026-06-30T00:05:27.415353+00:00,67.1,46,ask,,,13488519
2026-06-30T10:05:27.328655,2026-06-30T00:05:28.209656+00:00,67.2,2,ask,,,13488538
2026-06-30T10:05:27.696593,2026-06-30T00:05:28.589761+00:00,67.2,1,bid,,,13488543
2026-06-30T10:05:28.113670,2026-06-30T00:05:29.004967+00:00,66.7,50,ask,,,13488561
2026-06-30T10:05:30.218978,2026-06-30T00:05:31.103774+00:00,67.1,1,ask,,,13488596
2026-06-30T10:05:30.218978,2026-06-30T00:05:31.103774+00:00,66.8,49,ask,,,13488597
2026-06-30T10:05:32.326967,2026-06-30T00:05:33.215331+00:00,66.6,50,ask,,,13488642
2026-06-30T10:05:32.423234,2026-06-30T00:05:33.313900+00:00,67.1,41,bid,,,13488645
2026-06-30T10:05:34.434343,2026-06-30T00:05:35.323283+00:00,66.6,50,ask,,,13488681
2026-06-30T10:05:34.539611,2026-06-30T00:05:35.420940+00:00,67.0,48,bid,,,13488685
2026-06-30T10:05:36.189327,2026-06-30T00:05:37.076317+00:00,67.0,1,bid,,,13488724
2026-06-30T10:05:36.489521,2026-06-30T00:05:37.379913+00:00,67.0,50,bid,,,13488730
2026-06-30T10:05:36.646031,2026-06-30T00:05:37.532923+00:00,67.0,48,bid,,,13488731
2026-06-30T10:05:36.775470,2026-06-30T00:05:37.663308+00:00,67.0,100,bid,,,13488737
2026-06-30T10:05:36.775470,2026-06-30T00:05:37.663308+00:00,67.3,6,bid,,,13488738
2026-06-30T10:05:37.071754,2026-06-30T00:05:37.957232+00:00,67.3,5,ask,,,13488740
2026-06-30T10:05:38.095900,2026-06-30T00:05:38.983237+00:00,67.3,8,ask,,,13488761
2026-06-30T10:05:38.595908,2026-06-30T00:05:39.485144+00:00,67.3,8,ask,,,13488771
2026-06-30T10:05:38.655166,2026-06-30T00:05:39.538542+00:00,67.3,23,ask,,,13488773
2026-06-30T10:05:38.655166,2026-06-30T00:05:39.538542+00:00,67.0,27,ask,,,13488774
2026-06-30T10:05:39.311622,2026-06-30T00:05:40.201983+00:00,67.0,44,ask,,,13488782
2026-06-30T10:05:39.807771,2026-06-30T00:05:40.692072+00:00,67.3,8,bid,,,13488797
2026-06-30T10:05:40.710901,2026-06-30T00:05:41.597076+00:00,67.1,50,bid,,,13488807
2026-06-30T10:05:42.872737,2026-06-30T00:05:43.755083+00:00,66.7,50,ask,,,13488843
2026-06-30T10:05:44.727304,2026-06-30T00:05:45.614387+00:00,67.0,5,bid,,,13488867
2026-06-30T10:05:44.977877,2026-06-30T00:05:45.864108+00:00,66.9,5,ask,,,13488872
2026-06-30T10:05:44.977877,2026-06-30T00:05:45.864108+00:00,66.7,45,ask,,,13488873
2026-06-30T10:05:46.039611,2026-06-30T00:05:46.929892+00:00,66.9,5,ask,,,13488893
2026-06-30T10:05:46.039611,2026-06-30T00:05:46.929892+00:00,66.7,36,ask,,,13488894
2026-06-30T10:05:46.499786,2026-06-30T00:05:47.387370+00:00,66.9,5,bid,,,13488904
2026-06-30T10:05:46.708709,2026-06-30T00:05:47.594237+00:00,66.9,5,bid,,,13488908
2026-06-30T10:05:46.787798,2026-06-30T00:05:47.670800+00:00,66.9,5,bid,,,13488911
2026-06-30T10:05:46.884167,2026-06-30T00:05:47.768968+00:00,66.9,4,bid,,,13488917
2026-06-30T10:05:47.088347,2026-06-30T00:05:47.977886+00:00,66.4,50,ask,,,13488922
2026-06-30T10:05:47.300159,2026-06-30T00:05:48.183217+00:00,66.9,4,bid,,,13488923
2026-06-30T10:05:49.194867,2026-06-30T00:05:50.084141+00:00,66.6,50,ask,,,13488970
2026-06-30T10:05:50.506326,2026-06-30T00:05:51.388474+00:00,66.8,42,bid,,,13488991
2026-06-30T10:05:50.705783,2026-06-30T00:05:51.597317+00:00,66.8,5,bid,,,13488995
2026-06-30T10:05:50.763687,2026-06-30T00:05:51.650716+00:00,66.8,5,bid,,,13488997
2026-06-30T10:05:51.254236,2026-06-30T00:05:52.142009+00:00,66.8,50,bid,,,13489008
2026-06-30T10:05:52.177959,2026-06-30T00:05:53.067185+00:00,66.8,41,bid,,,13489020
2026-06-30T10:05:52.209733,2026-06-30T00:05:53.098971+00:00,66.8,7,bid,,,13489022
2026-06-30T10:05:52.213480,2026-06-30T00:05:53.098971+00:00,67.0,2,bid,,,13489023
2026-06-30T10:05:52.595179,2026-06-30T00:05:53.481023+00:00,67.0,98,bid,,,13489037
2026-06-30T10:05:53.358823,2026-06-30T00:05:54.246209+00:00,67.7,50,bid,,,13489049
2026-06-30T10:05:55.292933,2026-06-30T00:05:56.176176+00:00,67.2,47,ask,,,13489100
2026-06-30T10:05:55.470490,2026-06-30T00:05:56.359988+00:00,67.5,50,bid,,,13489106
2026-06-30T10:05:56.391659,2026-06-30T00:05:57.275073+00:00,67.3,44,bid,,,13489117
2026-06-30T10:05:57.578544,2026-06-30T00:05:58.468715+00:00,67.3,50,bid,,,13489150
2026-06-30T10:05:58.073627,2026-06-30T00:05:58.958452+00:00,67.0,48,ask,,,13489151
2026-06-30T10:05:58.617036,2026-06-30T00:05:59.505118+00:00,67.0,49,ask,,,13489164
2026-06-30T10:05:59.698559,2026-06-30T00:06:00.582964+00:00,67.5,50,bid,,,13489185
2026-06-30T10:05:59.886342,2026-06-30T00:06:00.768214+00:00,67.3,8,ask,,,13489190
2026-06-30T10:06:00.602924,2026-06-30T00:06:01.486455+00:00,67.5,46,bid,,,13489211
2026-06-30T10:06:00.904565,2026-06-30T00:06:01.790986+00:00,67.3,9,ask,,,13489217
2026-06-30T10:06:01.216183,2026-06-30T00:06:02.107485+00:00,67.3,9,ask,,,13489224
2026-06-30T10:06:01.811610,2026-06-30T00:06:02.697481+00:00,67.5,50,bid,,,13489242
2026-06-30T10:06:01.914756,2026-06-30T00:06:02.806244+00:00,67.3,9,ask,,,13489245
2026-06-30T10:06:03.936438,2026-06-30T00:06:04.827832+00:00,67.5,50,bid,,,13489283
2026-06-30T10:06:06.044029,2026-06-30T00:06:06.927235+00:00,67.4,4,bid,,,13489314
2026-06-30T10:06:06.044029,2026-06-30T00:06:06.927235+00:00,67.6,46,bid,,,13489315
2026-06-30T10:06:07.515842,2026-06-30T00:06:08.405427+00:00,67.2,46,ask,,,13489339
2026-06-30T10:06:08.151033,2026-06-30T00:06:09.035131+00:00,67.6,50,bid,,,13489348
2026-06-30T10:06:08.548592,2026-06-30T00:06:09.437458+00:00,67.2,45,ask,,,13489355
2026-06-30T10:06:09.003479,2026-06-30T00:06:09.893048+00:00,67.6,42,bid,,,13489365
2026-06-30T10:06:10.257454,2026-06-30T00:06:11.139952+00:00,67.4,50,bid,,,13489385
2026-06-30T10:06:11.578261,2026-06-30T00:06:12.468888+00:00,67.4,50,bid,,,13489413
2026-06-30T10:06:11.598868,2026-06-30T00:06:12.479968+00:00,67.4,43,ask,,,13489414
2026-06-30T10:06:12.414784,2026-06-30T00:06:13.306343+00:00,67.4,50,ask,,,13489424
2026-06-30T10:06:13.269024,2026-06-30T00:06:14.155054+00:00,67.5,3,bid,,,13489435
2026-06-30T10:06:13.269024,2026-06-30T00:06:14.155054+00:00,67.9,46,bid,,,13489436
2026-06-30T10:06:13.852412,2026-06-30T00:06:14.742054+00:00,67.5,3,bid,,,13489442
2026-06-30T10:06:14.525159,2026-06-30T00:06:15.407575+00:00,67.4,7,ask,,,13489458
2026-06-30T10:06:14.525159,2026-06-30T00:06:15.418202+00:00,67.4,43,ask,,,13489459
2026-06-30T10:06:15.949414,2026-06-30T00:06:16.830705+00:00,67.5,48,bid,,,13489483
2026-06-30T10:06:16.651849,2026-06-30T00:06:17.537370+00:00,67.3,3,ask,,,13489494
2026-06-30T10:06:16.651849,2026-06-30T00:06:17.548000+00:00,67.2,47,ask,,,13489495
2026-06-30T10:06:18.676670,2026-06-30T00:06:19.561001+00:00,67.2,48,ask,,,13489536
2026-06-30T10:06:18.758343,2026-06-30T00:06:19.648611+00:00,67.1,50,ask,,,13489537
2026-06-30T10:06:20.866023,2026-06-30T00:06:21.748404+00:00,67.1,50,ask,,,13489571
2026-06-30T10:06:22.512759,2026-06-30T00:06:23.393906+00:00,67.5,45,bid,,,13489604
2026-06-30T10:06:22.974552,2026-06-30T00:06:23.861074+00:00,67.0,50,ask,,,13489611
2026-06-30T10:06:25.080918,2026-06-30T00:06:25.970730+00:00,67.2,1,ask,,,13489643
2026-06-30T10:06:25.080918,2026-06-30T00:06:25.970730+00:00,66.9,49,ask,,,13489644
2026-06-30T10:06:27.187859,2026-06-30T00:06:28.072337+00:00,66.9,50,ask,,,13489675
2026-06-30T10:06:27.966320,2026-06-30T00:06:28.857189+00:00,66.8,49,ask,,,13489689
2026-06-30T10:06:29.242447,2026-06-30T00:06:30.128230+00:00,66.9,50,bid,,,13489705
2026-06-30T10:06:29.257809,2026-06-30T00:06:30.149890+00:00,66.9,1,bid,,,13489706
2026-06-30T10:06:29.365702,2026-06-30T00:06:30.247761+00:00,66.9,1,bid,,,13489710
2026-06-30T10:06:30.280887,2026-06-30T00:06:31.171202+00:00,66.9,3,bid,,,13489724
2026-06-30T10:06:30.323253,2026-06-30T00:06:31.204380+00:00,66.9,3,bid,,,13489725
2026-06-30T10:06:30.356626,2026-06-30T00:06:31.247658+00:00,66.9,2,bid,,,13489726
2026-06-30T10:06:30.386181,2026-06-30T00:06:31.268354+00:00,66.9,3,bid,,,13489727
2026-06-30T10:06:30.411902,2026-06-30T00:06:31.301099+00:00,66.9,2,bid,,,13489728
2026-06-30T10:06:30.445770,2026-06-30T00:06:31.334283+00:00,66.9,2,bid,,,13489729
2026-06-30T10:06:30.475217,2026-06-30T00:06:31.356408+00:00,66.9,2,bid,,,13489730
2026-06-30T10:06:30.505245,2026-06-30T00:06:31.388172+00:00,66.9,2,bid,,,13489731
2026-06-30T10:06:31.347463,2026-06-30T00:06:32.237884+00:00,67.1,50,bid,,,13489748
2026-06-30T10:06:33.453447,2026-06-30T00:06:34.338483+00:00,67.1,50,bid,,,13489777
2026-06-30T10:06:33.735999,2026-06-30T00:06:34.620498+00:00,67.1,100,bid,,,13489783
2026-06-30T10:06:34.868847,2026-06-30T00:06:35.752280+00:00,67.3,45,ask,,,13489805
2026-06-30T10:06:35.570017,2026-06-30T00:06:36.457981+00:00,67.4,4,bid,,,13489817
2026-06-30T10:06:35.570017,2026-06-30T00:06:36.457981+00:00,67.4,46,bid,,,13489818
2026-06-30T10:06:35.758318,2026-06-30T00:06:36.643182+00:00,67.3,5,ask,,,13489819
2026-06-30T10:06:37.284236,2026-06-30T00:06:38.169090+00:00,67.1,41,bid,,,13489850
2026-06-30T10:06:37.680438,2026-06-30T00:06:38.562173+00:00,67.1,50,bid,,,13489856
2026-06-30T10:06:37.754355,2026-06-30T00:06:38.638686+00:00,67.1,59,bid,,,13489859
2026-06-30T10:06:40.498546,2026-06-30T00:06:41.388180+00:00,67.4,3,bid,,,13489899
2026-06-30T10:06:40.498546,2026-06-30T00:06:41.388180+00:00,67.7,37,bid,,,13489900
2026-06-30T10:06:41.555846,2026-06-30T00:06:42.446215+00:00,67.4,2,bid,,,13489929
2026-06-30T10:06:41.888998,2026-06-30T00:06:42.771902+00:00,67.7,50,bid,,,13489930
2026-06-30T10:06:43.223120,2026-06-30T00:06:44.118700+00:00,67.4,1,bid,,,13489957
2026-06-30T10:06:46.162208,2026-06-30T00:06:47.049016+00:00,67.4,50,ask,,,13490038
2026-06-30T10:06:47.653255,2026-06-30T00:06:48.539076+00:00,67.3,44,ask,,,13490071
2026-06-30T10:06:48.271121,2026-06-30T00:06:49.160706+00:00,67.3,50,ask,,,13490086
2026-06-30T10:06:50.383832,2026-06-30T00:06:51.272818+00:00,67.2,2,ask,,,13490121
2026-06-30T10:06:50.383832,2026-06-30T00:06:51.272818+00:00,66.9,48,ask,,,13490122
2026-06-30T10:06:52.492563,2026-06-30T00:06:53.382943+00:00,67.3,50,ask,,,13490156
2026-06-30T10:06:52.770055,2026-06-30T00:06:53.655309+00:00,67.3,50,ask,,,13490163
2026-06-30T10:06:53.559612,2026-06-30T00:06:54.447824+00:00,67.2,5,bid,,,13490178
2026-06-30T10:06:54.462628,2026-06-30T00:06:55.348990+00:00,67.2,5,bid,,,13490193
2026-06-30T10:06:54.600179,2026-06-30T00:06:55.490902+00:00,66.9,50,ask,,,13490199
2026-06-30T10:06:55.584548,2026-06-30T00:06:56.471136+00:00,67.2,5,bid,,,13490219
2026-06-30T10:06:56.711118,2026-06-30T00:06:57.603225+00:00,67.2,50,ask,,,13490245
2026-06-30T10:06:56.799973,2026-06-30T00:06:57.688886+00:00,67.2,100,ask,,,13490249
2026-06-30T10:06:58.343711,2026-06-30T00:06:59.226144+00:00,67.7,44,bid,,,13490272
2026-06-30T10:06:58.818044,2026-06-30T00:06:59.705439+00:00,67.2,4,ask,,,13490282
2026-06-30T10:06:59.837713,2026-06-30T00:07:00.728945+00:00,67.1,45,bid,,,13490311
2026-06-30T10:06:59.908345,2026-06-30T00:07:00.795347+00:00,67.1,100,bid,,,13490312
2026-06-30T10:07:00.696391,2026-06-30T00:07:01.578610+00:00,67.1,5,bid,,,13490327
2026-06-30T10:07:00.923447,2026-06-30T00:07:01.808663+00:00,66.6,50,ask,,,13490331
2026-06-30T10:07:03.030905,2026-06-30T00:07:03.919704+00:00,67.1,2,ask,,,13490361
2026-06-30T10:07:03.030905,2026-06-30T00:07:03.919704+00:00,66.9,48,ask,,,13490362
2026-06-30T10:07:03.837127,2026-06-30T00:07:04.723967+00:00,67.1,2,ask,,,13490367
2026-06-30T10:07:03.837127,2026-06-30T00:07:04.723967+00:00,66.9,46,ask,,,13490368
2026-06-30T10:07:04.833292,2026-06-30T00:07:05.715153+00:00,67.3,43,bid,,,13490386
2026-06-30T10:07:06.375418,2026-06-30T00:07:07.264151+00:00,67.0,48,ask,,,13490413
2026-06-30T10:07:06.975829,2026-06-30T00:07:07.859627+00:00,67.2,46,bid,,,13490419
2026-06-30T10:07:07.244967,2026-06-30T00:07:08.131949+00:00,67.0,50,ask,,,13490422
2026-06-30T10:07:08.902237,2026-06-30T00:07:09.785298+00:00,67.0,2,ask,,,13490440
2026-06-30T10:07:08.902237,2026-06-30T00:07:09.796346+00:00,67.0,4,ask,,,13490441
2026-06-30T10:07:08.902237,2026-06-30T00:07:09.796346+00:00,66.7,38,ask,,,13490442
2026-06-30T10:07:09.353768,2026-06-30T00:07:10.241487+00:00,67.0,4,ask,,,13490451
2026-06-30T10:07:09.353768,2026-06-30T00:07:10.241487+00:00,66.7,46,ask,,,13490452
2026-06-30T10:07:11.765174,2026-06-30T00:07:12.648363+00:00,66.8,4,bid,,,13490489
2026-06-30T10:07:12.350286,2026-06-30T00:07:13.235223+00:00,66.8,25,bid,,,13490504
2026-06-30T10:07:14.243018,2026-06-30T00:07:15.133028+00:00,66.8,45,bid,,,13490535
2026-06-30T10:07:15.620047,2026-06-30T00:07:16.506441+00:00,67.1,50,bid,,,13490554
2026-06-30T10:07:17.797030,2026-06-30T00:07:18.687987+00:00,66.7,50,ask,,,13490592
2026-06-30T10:07:19.516785,2026-06-30T00:07:20.408330+00:00,66.7,42,ask,,,13490610
2026-06-30T10:07:19.851172,2026-06-30T00:07:20.735490+00:00,67.0,50,bid,,,13490618
2026-06-30T10:07:21.958286,2026-06-30T00:07:22.841983+00:00,67.1,50,bid,,,13490642
2026-06-30T10:07:25.933764,2026-06-30T00:07:26.819786+00:00,67.2,43,ask,,,13490699
2026-06-30T10:07:26.217077,2026-06-30T00:07:27.104193+00:00,67.2,50,ask,,,13490702
2026-06-30T10:07:28.324255,2026-06-30T00:07:29.213334+00:00,66.7,50,ask,,,13490735
2026-06-30T10:07:28.494553,2026-06-30T00:07:29.377413+00:00,67.2,48,bid,,,13490739
2026-06-30T10:07:30.379432,2026-06-30T00:07:31.268303+00:00,67.2,50,bid,,,13490766
2026-06-30T10:07:32.537924,2026-06-30T00:07:33.424953+00:00,67.0,50,ask,,,13490805
2026-06-30T10:07:34.593224,2026-06-30T00:07:35.482139+00:00,66.9,50,bid,,,13490850
2026-06-30T10:07:36.759582,2026-06-30T00:07:37.645160+00:00,66.7,50,ask,,,13490886
2026-06-30T10:07:37.525289,2026-06-30T00:07:38.408393+00:00,67.2,41,bid,,,13490900
2026-06-30T10:07:40.862862,2026-06-30T00:07:41.751804+00:00,66.6,47,ask,,,13490961
2026-06-30T10:07:40.921618,2026-06-30T00:07:41.807114+00:00,67.0,50,bid,,,13490963
2026-06-30T10:07:43.079988,2026-06-30T00:07:43.962941+00:00,66.5,50,ask,,,13491002
2026-06-30T10:07:43.933363,2026-06-30T00:07:44.820778+00:00,66.8,43,bid,,,13491016
2026-06-30T10:07:45.186945,2026-06-30T00:07:46.078388+00:00,66.5,50,ask,,,13491045
2026-06-30T10:07:45.351370,2026-06-30T00:07:46.241036+00:00,66.9,45,bid,,,13491050
2026-06-30T10:07:45.984703,2026-06-30T00:07:46.871164+00:00,66.5,46,ask,,,13491054
2026-06-30T10:07:46.632709,2026-06-30T00:07:47.516457+00:00,66.8,1,ask,,,13491074
2026-06-30T10:07:46.646577,2026-06-30T00:07:47.538156+00:00,66.7,1,bid,,,13491075
2026-06-30T10:07:46.676006,2026-06-30T00:07:47.559814+00:00,66.7,1,bid,,,13491076
2026-06-30T10:07:46.712156,2026-06-30T00:07:47.604066+00:00,66.7,1,bid,,,13491078
2026-06-30T10:07:47.173819,2026-06-30T00:07:48.060702+00:00,66.7,1,bid,,,13491086
2026-06-30T10:07:47.212036,2026-06-30T00:07:48.093889+00:00,66.7,1,bid,,,13491087
2026-06-30T10:07:47.395880,2026-06-30T00:07:48.278606+00:00,66.7,25,bid,,,13491089
2026-06-30T10:07:47.943719,2026-06-30T00:07:48.832400+00:00,66.6,41,ask,,,13491099
2026-06-30T10:07:48.413031,2026-06-30T00:07:49.302044+00:00,66.7,1,bid,,,13491105
2026-06-30T10:07:48.452536,2026-06-30T00:07:49.335346+00:00,66.7,1,bid,,,13491109
2026-06-30T10:07:49.396932,2026-06-30T00:07:50.282273+00:00,66.6,50,ask,,,13491126
2026-06-30T10:07:49.455872,2026-06-30T00:07:50.337583+00:00,66.7,43,bid,,,13491127
2026-06-30T10:07:50.049337,2026-06-30T00:07:50.936040+00:00,67.0,44,bid,,,13491138
2026-06-30T10:07:50.625466,2026-06-30T00:07:51.512993+00:00,66.7,1,ask,,,13491156
2026-06-30T10:07:55.661996,2026-06-30T00:07:56.552003+00:00,66.9,50,bid,,,13491255
2026-06-30T10:07:57.773372,2026-06-30T00:07:58.659687+00:00,67.0,50,bid,,,13491288
2026-06-30T10:07:59.882252,2026-06-30T00:08:00.773052+00:00,67.0,50,bid,,,13491327
2026-06-30T10:08:00.854504,2026-06-30T00:08:01.746384+00:00,66.8,43,ask,,,13491353
2026-06-30T10:08:01.445223,2026-06-30T00:08:02.333276+00:00,66.8,47,ask,,,13491364
2026-06-30T10:08:01.993232,2026-06-30T00:08:02.877381+00:00,67.1,50,bid,,,13491368
2026-06-30T10:08:02.553044,2026-06-30T00:08:03.445239+00:00,67.1,1,ask,,,13491381
2026-06-30T10:08:02.698690,2026-06-30T00:08:03.586179+00:00,67.1,1,ask,,,13491382
2026-06-30T10:08:02.780891,2026-06-30T00:08:03.672298+00:00,67.1,1,ask,,,13491383
2026-06-30T10:08:02.840951,2026-06-30T00:08:03.727607+00:00,67.3,42,bid,,,13491389
2026-06-30T10:08:03.591699,2026-06-30T00:08:04.478174+00:00,67.1,1,ask,,,13491395
2026-06-30T10:08:03.679638,2026-06-30T00:08:04.566225+00:00,67.1,1,ask,,,13491398
2026-06-30T10:08:03.712260,2026-06-30T00:08:04.597962+00:00,67.1,1,ask,,,13491399
2026-06-30T10:08:03.799152,2026-06-30T00:08:04.686003+00:00,67.1,1,ask,,,13491401
2026-06-30T10:08:04.151057,2026-06-30T00:08:05.034939+00:00,67.1,50,ask,,,13491409
2026-06-30T10:08:06.259926,2026-06-30T00:08:07.146066+00:00,66.8,50,ask,,,13491462
2026-06-30T10:08:07.446150,2026-06-30T00:08:08.331964+00:00,67.2,44,bid,,,13491475
2026-06-30T10:08:10.418456,2026-06-30T00:08:11.310089+00:00,67.2,50,bid,,,13491528
2026-06-30T10:08:12.546610,2026-06-30T00:08:13.432956+00:00,67.1,50,bid,,,13491582
2026-06-30T10:08:13.721198,2026-06-30T00:08:14.610756+00:00,67.0,40,ask,,,13491604
2026-06-30T10:08:14.653626,2026-06-30T00:08:15.544256+00:00,67.1,50,bid,,,13491632
2026-06-30T10:08:15.862512,2026-06-30T00:08:16.753036+00:00,67.3,48,ask,,,13491650
2026-06-30T10:08:16.165103,2026-06-30T00:08:17.047604+00:00,67.3,5,ask,,,13491652
2026-06-30T10:08:16.835379,2026-06-30T00:08:17.723229+00:00,67.3,50,ask,,,13491671
2026-06-30T10:08:16.912837,2026-06-30T00:08:17.798645+00:00,67.5,49,bid,,,13491674
2026-06-30T10:08:17.041190,2026-06-30T00:08:17.928316+00:00,67.3,5,ask,,,13491675
2026-06-30T10:08:17.430049,2026-06-30T00:08:18.320813+00:00,67.3,25,ask,,,13491679
2026-06-30T10:08:18.944938,2026-06-30T00:08:19.837956+00:00,67.0,50,ask,,,13491718
2026-06-30T10:08:19.622606,2026-06-30T00:08:20.513967+00:00,66.9,1,ask,,,13491737
2026-06-30T10:08:19.622606,2026-06-30T00:08:20.513967+00:00,66.8,44,ask,,,13491738
2026-06-30T10:08:20.223674,2026-06-30T00:08:21.112043+00:00,67.2,41,bid,,,13491750
2026-06-30T10:08:20.830234,2026-06-30T00:08:21.720679+00:00,67.2,49,bid,,,13491760
2026-06-30T10:08:21.001371,2026-06-30T00:08:21.884267+00:00,67.2,50,bid,,,13491764
2026-06-30T10:08:21.350829,2026-06-30T00:08:22.243169+00:00,66.8,43,ask,,,13491773
2026-06-30T10:08:21.406628,2026-06-30T00:08:22.298058+00:00,67.3,100,bid,,,13491776
2026-06-30T10:08:22.447380,2026-06-30T00:08:23.331973+00:00,67.4,25,ask,,,13491800
2026-06-30T10:08:23.108075,2026-06-30T00:08:23.997465+00:00,67.5,50,bid,,,13491809
2026-06-30T10:08:25.214690,2026-06-30T00:08:26.121400+00:00,67.5,50,bid,,,13491846
2026-06-30T10:08:26.697558,2026-06-30T00:08:27.611133+00:00,67.4,40,ask,,,13491874
2026-06-30T10:08:27.321569,2026-06-30T00:08:28.227642+00:00,67.5,50,bid,,,13491885
2026-06-30T10:08:28.201374,2026-06-30T00:08:29.108020+00:00,67.4,47,ask,,,13491897
2026-06-30T10:08:29.430101,2026-06-30T00:08:30.347534+00:00,67.6,50,bid,,,13491911
2026-06-30T10:08:31.538527,2026-06-30T00:08:32.448462+00:00,67.6,50,bid,,,13491950
2026-06-30T10:08:33.644864,2026-06-30T00:08:34.542397+00:00,67.9,50,bid,,,13491989
2026-06-30T10:08:35.750144,2026-06-30T00:08:36.666374+00:00,67.9,50,bid,,,13492034
2026-06-30T10:08:36.137177,2026-06-30T00:08:37.047415+00:00,67.9,43,bid,,,13492041
2026-06-30T10:08:37.858162,2026-06-30T00:08:38.782071+00:00,67.9,50,bid,,,13492064
2026-06-30T10:08:38.357146,2026-06-30T00:08:39.240203+00:00,67.5,40,ask,,,13492072
2026-06-30T10:08:39.967340,2026-06-30T00:08:40.883993+00:00,67.9,50,bid,,,13492111
2026-06-30T10:08:42.124217,2026-06-30T00:08:43.028201+00:00,67.7,50,ask,,,13492143
2026-06-30T10:08:42.527519,2026-06-30T00:08:43.440926+00:00,67.7,45,ask,,,13492155
2026-06-30T10:08:43.170151,2026-06-30T00:08:44.095305+00:00,68.0,45,bid,,,13492171
2026-06-30T10:08:44.231120,2026-06-30T00:08:45.137501+00:00,67.8,50,ask,,,13492189
2026-06-30T10:08:44.390690,2026-06-30T00:08:45.288755+00:00,67.8,100,ask,,,13492197
2026-06-30T10:08:46.286477,2026-06-30T00:08:47.191883+00:00,68.3,50,bid,,,13492227
2026-06-30T10:08:48.394407,2026-06-30T00:08:49.299724+00:00,67.9,50,bid,,,13492285
2026-06-30T10:08:50.500069,2026-06-30T00:08:51.406122+00:00,67.9,50,bid,,,13492325
2026-06-30T10:08:50.797424,2026-06-30T00:08:51.699663+00:00,67.9,46,bid,,,13492327
2026-06-30T10:08:50.851956,2026-06-30T00:08:51.755007+00:00,67.8,44,ask,,,13492328
2026-06-30T10:08:52.605789,2026-06-30T00:08:53.519700+00:00,67.9,50,bid,,,13492368
2026-06-30T10:08:52.941745,2026-06-30T00:08:53.848487+00:00,67.9,4,bid,,,13492376
2026-06-30T10:08:52.941745,2026-06-30T00:08:53.848487+00:00,67.9,6,bid,,,13492377
2026-06-30T10:08:52.941745,2026-06-30T00:08:53.848487+00:00,68.3,34,bid,,,13492378
2026-06-30T10:08:53.292637,2026-06-30T00:08:54.217479+00:00,68.2,6,ask,,,13492380
2026-06-30T10:08:53.516306,2026-06-30T00:08:54.402210+00:00,68.2,47,ask,,,13492388
2026-06-30T10:08:53.874495,2026-06-30T00:08:54.806347+00:00,68.2,97,ask,,,13492395
2026-06-30T10:08:54.713323,2026-06-30T00:08:55.664357+00:00,68.2,3,bid,,,13492421
2026-06-30T10:08:54.713323,2026-06-30T00:08:55.664357+00:00,68.7,47,bid,,,13492422
2026-06-30T10:08:56.823329,2026-06-30T00:08:57.754068+00:00,68.1,6,bid,,,13492457
2026-06-30T10:08:56.823329,2026-06-30T00:08:57.754068+00:00,68.4,44,bid,,,13492458
2026-06-30T10:08:57.585863,2026-06-30T00:08:58.492294+00:00,68.1,6,ask,,,13492472
2026-06-30T10:08:57.823902,2026-06-30T00:08:58.730872+00:00,68.1,6,ask,,,13492478
2026-06-30T10:08:57.926570,2026-06-30T00:08:58.828498+00:00,68.1,6,ask,,,13492481
2026-06-30T10:08:58.016422,2026-06-30T00:08:58.927626+00:00,68.1,48,ask,,,13492485
2026-06-30T10:08:59.505191,2026-06-30T00:09:00.418328+00:00,68.5,48,bid,,,13492513
2026-06-30T10:09:00.151117,2026-06-30T00:09:01.083925+00:00,68.5,49,bid,,,13492534
2026-06-30T10:09:01.087540,2026-06-30T00:09:01.998219+00:00,68.0,50,ask,,,13492550
2026-06-30T10:09:02.568735,2026-06-30T00:09:03.467964+00:00,68.3,1,bid,,,13492566
2026-06-30T10:09:03.192445,2026-06-30T00:09:04.098747+00:00,68.3,50,ask,,,13492590
2026-06-30T10:09:05.302641,2026-06-30T00:09:06.202053+00:00,68.3,50,ask,,,13492630
2026-06-30T10:09:05.839701,2026-06-30T00:09:06.748116+00:00,68.0,49,ask,,,13492637
2026-06-30T10:09:06.952669,2026-06-30T00:09:07.857882+00:00,68.0,46,ask,,,13492661
2026-06-30T10:09:07.414469,2026-06-30T00:09:08.314448+00:00,68.0,50,ask,,,13492668
2026-06-30T10:09:08.563492,2026-06-30T00:09:09.447358+00:00,68.3,6,bid,,,13492693
2026-06-30T10:09:08.563492,2026-06-30T00:09:09.457982+00:00,68.4,39,bid,,,13492694
2026-06-30T10:09:09.058320,2026-06-30T00:09:09.947285+00:00,68.3,6,ask,,,13492710
2026-06-30T10:09:09.200456,2026-06-30T00:09:10.088316+00:00,68.5,44,bid,,,13492714
2026-06-30T10:09:09.521096,2026-06-30T00:09:10.404496+00:00,68.3,50,ask,,,13492718
2026-06-30T10:09:09.681100,2026-06-30T00:09:10.567515+00:00,68.3,94,ask,,,13492720
2026-06-30T10:09:11.653515,2026-06-30T00:09:12.546457+00:00,67.8,50,ask,,,13492782
2026-06-30T10:09:13.759179,2026-06-30T00:09:14.644161+00:00,67.9,50,ask,,,13492824
2026-06-30T10:09:15.865027,2026-06-30T00:09:16.753875+00:00,67.9,50,ask,,,13492863
2026-06-30T10:09:17.971168,2026-06-30T00:09:18.859032+00:00,67.8,50,ask,,,13492908
2026-06-30T10:09:18.397614,2026-06-30T00:09:19.282129+00:00,67.8,43,ask,,,13492913
2026-06-30T10:09:20.078986,2026-06-30T00:09:20.964380+00:00,68.0,4,ask,,,13492945
2026-06-30T10:09:20.078986,2026-06-30T00:09:20.964380+00:00,67.9,46,ask,,,13492946
2026-06-30T10:09:21.846861,2026-06-30T00:09:22.738808+00:00,68.2,41,bid,,,13492971
2026-06-30T10:09:22.188251,2026-06-30T00:09:23.077521+00:00,68.0,4,ask,,,13492985
2026-06-30T10:09:22.188251,2026-06-30T00:09:23.077521+00:00,67.7,46,ask,,,13492986
2026-06-30T10:09:24.295833,2026-06-30T00:09:25.186157+00:00,68.0,5,ask,,,13493017
2026-06-30T10:09:24.295833,2026-06-30T00:09:25.186157+00:00,67.7,45,ask,,,13493018
2026-06-30T10:09:25.734370,2026-06-30T00:09:26.621830+00:00,67.9,5,ask,,,13493043
2026-06-30T10:09:28.507986,2026-06-30T00:09:29.397743+00:00,67.9,5,ask,,,13493096
2026-06-30T10:09:31.104239,2026-06-30T00:09:31.995453+00:00,68.1,46,bid,,,13493146
2026-06-30T10:09:31.651178,2026-06-30T00:09:32.539642+00:00,67.8,5,ask,,,13493158
2026-06-30T10:09:31.651178,2026-06-30T00:09:32.539642+00:00,67.7,41,ask,,,13493159
2026-06-30T10:09:32.665928,2026-06-30T00:09:33.551923+00:00,68.2,50,bid,,,13493173
2026-06-30T10:09:34.772068,2026-06-30T00:09:35.661789+00:00,68.2,50,bid,,,13493208
2026-06-30T10:09:38.560922,2026-06-30T00:09:39.448411+00:00,68.6,44,bid,,,13493278
2026-06-30T10:09:38.614947,2026-06-30T00:09:39.503252+00:00,68.2,44,ask,,,13493279
2026-06-30T10:09:39.043103,2026-06-30T00:09:39.927593+00:00,68.2,50,ask,,,13493291
2026-06-30T10:09:41.099090,2026-06-30T00:09:41.983058+00:00,68.7,50,bid,,,13493320
2026-06-30T10:09:41.562575,2026-06-30T00:09:42.449654+00:00,68.7,43,bid,,,13493332
2026-06-30T10:09:43.204540,2026-06-30T00:09:44.095230+00:00,68.7,50,bid,,,13493367
2026-06-30T10:09:45.312843,2026-06-30T00:09:46.198033+00:00,68.4,2,bid,,,13493399
2026-06-30T10:09:45.312843,2026-06-30T00:09:46.198033+00:00,68.6,48,bid,,,13493400
2026-06-30T10:09:50.080576,2026-06-30T00:09:50.965431+00:00,68.6,7,bid,,,13493487
2026-06-30T10:09:50.194009,2026-06-30T00:09:51.084219+00:00,68.6,7,ask,,,13493488
2026-06-30T10:09:50.299730,2026-06-30T00:09:51.192948+00:00,68.6,6,ask,,,13493489
2026-06-30T10:09:50.751764,2026-06-30T00:09:51.638992+00:00,68.6,4,ask,,,13493499
2026-06-30T10:09:50.859884,2026-06-30T00:09:51.748207+00:00,68.6,4,ask,,,13493501
2026-06-30T10:09:51.683367,2026-06-30T00:09:52.576131+00:00,68.6,50,ask,,,13493515
2026-06-30T10:09:53.193806,2026-06-30T00:09:54.078948+00:00,68.4,44,ask,,,13493537
2026-06-30T10:09:53.732747,2026-06-30T00:09:54.624073+00:00,68.6,46,bid,,,13493547
2026-06-30T10:09:53.786885,2026-06-30T00:09:54.678464+00:00,68.4,43,ask,,,13493549
2026-06-30T10:09:53.792148,2026-06-30T00:09:54.678464+00:00,68.4,13,ask,,,13493551
2026-06-30T10:09:53.792148,2026-06-30T00:09:54.678464+00:00,68.1,37,ask,,,13493552
2026-06-30T10:09:55.201918,2026-06-30T00:09:56.094405+00:00,68.2,42,bid,,,13493579
2026-06-30T10:09:55.902542,2026-06-30T00:09:56.791749+00:00,68.1,50,ask,,,13493590
2026-06-30T10:09:56.292016,2026-06-30T00:09:57.182840+00:00,68.1,47,ask,,,13493600
2026-06-30T10:09:57.984756,2026-06-30T00:09:58.877597+00:00,68.2,43,ask,,,13493625
2026-06-30T10:09:58.010425,2026-06-30T00:09:58.898274+00:00,68.2,50,ask,,,13493626
2026-06-30T10:09:59.160517,2026-06-30T00:10:00.053434+00:00,68.3,41,bid,,,13493642
2026-06-30T10:09:59.776428,2026-06-30T00:10:00.663889+00:00,68.2,7,ask,,,13493654
2026-06-30T10:10:00.118366,2026-06-30T00:10:01.011760+00:00,67.8,50,ask,,,13493657
2026-06-30T10:10:01.419240,2026-06-30T00:10:02.307978+00:00,68.2,2,bid,,,13493680
2026-06-30T10:10:01.483591,2026-06-30T00:10:02.373880+00:00,68.2,49,bid,,,13493684
2026-06-30T10:10:02.876194,2026-06-30T00:10:03.768262+00:00,68.1,3,bid,,,13493705
2026-06-30T10:10:02.916843,2026-06-30T00:10:03.800978+00:00,68.1,2,bid,,,13493706
2026-06-30T10:10:02.952857,2026-06-30T00:10:03.845232+00:00,68.1,2,bid,,,13493708
2026-06-30T10:10:02.981786,2026-06-30T00:10:03.867355+00:00,68.1,2,bid,,,13493709
2026-06-30T10:10:03.117870,2026-06-30T00:10:04.008434+00:00,68.1,2,bid,,,13493713
2026-06-30T10:10:03.879591,2026-06-30T00:10:04.768682+00:00,68.1,2,bid,,,13493724
2026-06-30T10:10:04.015510,2026-06-30T00:10:04.898588+00:00,68.1,1,bid,,,13493725
2026-06-30T10:10:04.060046,2026-06-30T00:10:04.953914+00:00,68.1,1,bid,,,13493726
2026-06-30T10:10:04.083294,2026-06-30T00:10:04.976041+00:00,68.1,1,bid,,,13493727
2026-06-30T10:10:04.110974,2026-06-30T00:10:04.997190+00:00,68.1,1,bid,,,13493728
2026-06-30T10:10:04.143008,2026-06-30T00:10:05.028942+00:00,68.1,1,bid,,,13493729
2026-06-30T10:10:04.276740,2026-06-30T00:10:05.159807+00:00,68.1,50,bid,,,13493734
2026-06-30T10:10:05.061294,2026-06-30T00:10:05.954330+00:00,68.1,2,bid,,,13493752
2026-06-30T10:10:05.092536,2026-06-30T00:10:05.976482+00:00,68.1,2,bid,,,13493753
2026-06-30T10:10:05.119115,2026-06-30T00:10:06.008249+00:00,68.1,42,bid,,,13493754
2026-06-30T10:10:05.122337,2026-06-30T00:10:06.008249+00:00,68.1,2,bid,,,13493755
2026-06-30T10:10:05.150366,2026-06-30T00:10:06.040991+00:00,68.1,2,bid,,,13493757
2026-06-30T10:10:05.177949,2026-06-30T00:10:06.063114+00:00,68.1,2,bid,,,13493758
2026-06-30T10:10:06.402309,2026-06-30T00:10:07.288062+00:00,68.3,50,bid,,,13493784
2026-06-30T10:10:07.243815,2026-06-30T00:10:08.127666+00:00,68.1,48,ask,,,13493800
2026-06-30T10:10:07.808341,2026-06-30T00:10:08.693899+00:00,68.5,2,bid,,,13493807
2026-06-30T10:10:07.808341,2026-06-30T00:10:08.693899+00:00,68.5,39,bid,,,13493808
2026-06-30T10:10:08.435800,2026-06-30T00:10:09.326203+00:00,68.1,47,ask,,,13493827
2026-06-30T10:10:08.508499,2026-06-30T00:10:09.391233+00:00,68.5,50,bid,,,13493831
2026-06-30T10:10:09.077529,2026-06-30T00:10:09.968188+00:00,68.6,100,bid,,,13493838
2026-06-30T10:10:09.764063,2026-06-30T00:10:10.652835+00:00,68.6,50,ask,,,13493861
2026-06-30T10:10:10.627183,2026-06-30T00:10:11.511303+00:00,68.4,1,bid,,,13493871
2026-06-30T10:10:10.627183,2026-06-30T00:10:11.511303+00:00,68.6,49,bid,,,13493872
2026-06-30T10:10:10.710870,2026-06-30T00:10:11.598400+00:00,68.6,1,bid,,,13493873
2026-06-30T10:10:10.765983,2026-06-30T00:10:11.653243+00:00,68.1,44,ask,,,13493874
2026-06-30T10:10:11.227807,2026-06-30T00:10:12.119951+00:00,69.1,43,bid,,,13493883
2026-06-30T10:10:12.735885,2026-06-30T00:10:13.628538+00:00,68.6,50,bid,,,13493908
2026-06-30T10:10:14.861154,2026-06-30T00:10:15.748517+00:00,68.6,50,bid,,,13493958
2026-06-30T10:10:16.086587,2026-06-30T00:10:16.972132+00:00,68.5,100,ask,,,13493977
2026-06-30T10:10:16.895331,2026-06-30T00:10:17.787173+00:00,68.5,8,ask,,,13493996
2026-06-30T10:10:16.967973,2026-06-30T00:10:17.852193+00:00,69.0,50,bid,,,13493998
2026-06-30T10:10:19.075292,2026-06-30T00:10:19.962141+00:00,68.6,7,bid,,,13494046
2026-06-30T10:10:19.075292,2026-06-30T00:10:19.962141+00:00,68.9,43,bid,,,13494047
2026-06-30T10:10:21.183378,2026-06-30T00:10:22.069879+00:00,68.9,50,bid,,,13494078
2026-06-30T10:10:21.505869,2026-06-30T00:10:22.397587+00:00,68.7,5,ask,,,13494084
2026-06-30T10:10:21.680898,2026-06-30T00:10:22.581813+00:00,68.7,4,ask,,,13494086
2026-06-30T10:10:21.754551,2026-06-30T00:10:22.637120+00:00,68.8,49,ask,,,13494089
2026-06-30T10:10:23.289433,2026-06-30T00:10:24.171947+00:00,69.1,50,bid,,,13494111
2026-06-30T10:10:24.220001,2026-06-30T00:10:25.106547+00:00,68.8,44,ask,,,13494127
2026-06-30T10:10:27.763016,2026-06-30T00:10:28.647788+00:00,68.9,49,bid,,,13494191
2026-06-30T10:10:29.654451,2026-06-30T00:10:30.539616+00:00,68.7,50,ask,,,13494221
2026-06-30T10:10:29.764454,2026-06-30T00:10:30.650142+00:00,68.7,41,ask,,,13494222
2026-06-30T10:10:31.762475,2026-06-30T00:10:32.656054+00:00,68.7,9,ask,,,13494265
2026-06-30T10:10:31.762475,2026-06-30T00:10:32.656054+00:00,68.6,3,ask,,,13494266
2026-06-30T10:10:31.762475,2026-06-30T00:10:32.656054+00:00,68.5,38,ask,,,13494267
2026-06-30T10:10:32.094964,2026-06-30T00:10:32.980752+00:00,68.9,2,bid,,,13494269
2026-06-30T10:10:32.094964,2026-06-30T00:10:32.980752+00:00,68.9,41,bid,,,13494270
2026-06-30T10:10:35.982207,2026-06-30T00:10:36.873923+00:00,68.6,4,ask,,,13494338
2026-06-30T10:10:35.982207,2026-06-30T00:10:36.873923+00:00,68.6,46,ask,,,13494339
2026-06-30T10:10:36.699132,2026-06-30T00:10:37.592059+00:00,68.9,49,bid,,,13494346
2026-06-30T10:10:38.090204,2026-06-30T00:10:38.981184+00:00,68.6,50,ask,,,13494378
2026-06-30T10:10:39.747713,2026-06-30T00:10:40.638634+00:00,68.6,5,ask,,,13494404
2026-06-30T10:10:39.747713,2026-06-30T00:10:40.638634+00:00,68.6,36,ask,,,13494405
2026-06-30T10:10:40.196444,2026-06-30T00:10:41.082125+00:00,68.6,50,ask,,,13494416
2026-06-30T10:10:40.350178,2026-06-30T00:10:41.234076+00:00,68.6,48,ask,,,13494417
2026-06-30T10:10:40.787313,2026-06-30T00:10:41.670119+00:00,68.6,5,ask,,,13494433
2026-06-30T10:10:40.837038,2026-06-30T00:10:41.725423+00:00,68.6,5,bid,,,13494434
2026-06-30T10:10:41.062447,2026-06-30T00:10:41.952924+00:00,68.6,5,bid,,,13494438
2026-06-30T10:10:42.302969,2026-06-30T00:10:43.195321+00:00,68.1,50,ask,,,13494459
2026-06-30T10:10:44.409939,2026-06-30T00:10:45.295117+00:00,68.1,50,ask,,,13494501
2026-06-30T10:10:44.889618,2026-06-30T00:10:45.782873+00:00,68.2,48,bid,,,13494508
2026-06-30T10:10:46.499355,2026-06-30T00:10:47.381856+00:00,68.2,45,bid,,,13494545
2026-06-30T10:10:46.515508,2026-06-30T00:10:47.403981+00:00,67.9,50,ask,,,13494546
2026-06-30T10:10:48.620799,2026-06-30T00:10:49.506032+00:00,68.1,50,ask,,,13494585
2026-06-30T10:10:50.727817,2026-06-30T00:10:51.617331+00:00,67.8,50,ask,,,13494614
2026-06-30T10:10:52.845823,2026-06-30T00:10:53.739768+00:00,67.8,50,ask,,,13494651
2026-06-30T10:10:54.954798,2026-06-30T00:10:55.847595+00:00,67.6,50,ask,,,13494674
2026-06-30T10:10:55.477004,2026-06-30T00:10:56.368718+00:00,68.0,49,bid,,,13494686
2026-06-30T10:10:57.062313,2026-06-30T00:10:57.954336+00:00,67.6,50,ask,,,13494717
2026-06-30T10:10:59.169163,2026-06-30T00:11:00.052371+00:00,67.7,50,ask,,,13494749
2026-06-30T10:10:59.766135,2026-06-30T00:11:00.650054+00:00,67.7,50,ask,,,13494758
2026-06-30T10:10:59.884966,2026-06-30T00:11:00.770108+00:00,67.6,4,bid,,,13494759
2026-06-30T10:11:00.949525,2026-06-30T00:11:01.837415+00:00,67.6,2,bid,,,13494786
2026-06-30T10:11:01.302856,2026-06-30T00:11:02.186348+00:00,67.3,50,ask,,,13494792
2026-06-30T10:11:02.707307,2026-06-30T00:11:03.590697+00:00,67.6,25,bid,,,13494815
2026-06-30T10:11:02.971443,2026-06-30T00:11:03.863091+00:00,67.5,48,ask,,,13494821
2026-06-30T10:11:03.410310,2026-06-30T00:11:04.298053+00:00,67.5,50,ask,,,13494831
2026-06-30T10:11:04.645789,2026-06-30T00:11:05.538436+00:00,67.8,45,bid,,,13494846
2026-06-30T10:11:05.517428,2026-06-30T00:11:06.409806+00:00,67.5,50,ask,,,13494857
2026-06-30T10:11:06.699342,2026-06-30T00:11:07.586505+00:00,67.4,45,bid,,,13494870
2026-06-30T10:11:07.572495,2026-06-30T00:11:08.457086+00:00,67.4,50,bid,,,13494893
2026-06-30T10:11:07.722830,2026-06-30T00:11:08.608167+00:00,67.4,25,bid,,,13494896
2026-06-30T10:11:09.681256,2026-06-30T00:11:10.575191+00:00,67.7,50,bid,,,13494937
2026-06-30T10:11:11.253189,2026-06-30T00:11:12.142948+00:00,67.3,46,ask,,,13494965
2026-06-30T10:11:11.791026,2026-06-30T00:11:12.675433+00:00,67.7,50,bid,,,13494974
2026-06-30T10:11:13.367617,2026-06-30T00:11:14.251144+00:00,67.4,43,ask,,,13495009
2026-06-30T10:11:13.900292,2026-06-30T00:11:14.785295+00:00,67.7,50,bid,,,13495019
2026-06-30T10:11:16.062011,2026-06-30T00:11:16.947614+00:00,67.3,50,ask,,,13495055
2026-06-30T10:11:20.208397,2026-06-30T00:11:21.091151+00:00,67.6,43,bid,,,13495135
2026-06-30T10:11:21.367971,2026-06-30T00:11:22.256016+00:00,67.6,47,bid,,,13495149
2026-06-30T10:11:22.385114,2026-06-30T00:11:23.277755+00:00,67.4,50,ask,,,13495168
2026-06-30T10:11:22.514855,2026-06-30T00:11:23.408132+00:00,67.4,46,ask,,,13495174
2026-06-30T10:11:24.068647,2026-06-30T00:11:24.952006+00:00,67.4,49,ask,,,13495194
2026-06-30T10:11:24.439526,2026-06-30T00:11:25.324477+00:00,67.7,50,bid,,,13495208
2026-06-30T10:11:25.094269,2026-06-30T00:11:25.977416+00:00,67.4,3,ask,,,13495217
2026-06-30T10:11:25.677768,2026-06-30T00:11:26.565405+00:00,67.3,100,bid,,,13495234
2026-06-30T10:11:26.491390,2026-06-30T00:11:27.377948+00:00,67.3,4,bid,,,13495240
2026-06-30T10:11:26.545548,2026-06-30T00:11:27.432797+00:00,67.3,43,bid,,,13495242
2026-06-30T10:11:26.545548,2026-06-30T00:11:27.432797+00:00,67.8,1,bid,,,13495243
2026-06-30T10:11:26.545548,2026-06-30T00:11:27.432797+00:00,68.0,6,bid,,,13495244
2026-06-30T10:11:28.529756,2026-06-30T00:11:29.423125+00:00,67.7,1,bid,,,13495267
2026-06-30T10:11:28.529756,2026-06-30T00:11:29.423125+00:00,68.0,44,bid,,,13495268
2026-06-30T10:11:28.655981,2026-06-30T00:11:29.542926+00:00,68.0,50,bid,,,13495274
2026-06-30T10:11:30.763372,2026-06-30T00:11:31.648501+00:00,68.0,50,bid,,,13495307
2026-06-30T10:11:32.871822,2026-06-30T00:11:33.760776+00:00,67.8,1,bid,,,13495343
2026-06-30T10:11:32.871822,2026-06-30T00:11:33.760776+00:00,67.8,49,bid,,,13495344
2026-06-30T10:11:34.259695,2026-06-30T00:11:35.143934+00:00,67.4,3,ask,,,13495367
2026-06-30T10:11:34.259695,2026-06-30T00:11:35.154997+00:00,67.4,45,ask,,,13495368
2026-06-30T10:11:34.979942,2026-06-30T00:11:35.863266+00:00,67.8,50,bid,,,13495379
2026-06-30T10:11:35.162328,2026-06-30T00:11:36.058620+00:00,67.9,100,bid,,,13495383
2026-06-30T10:11:36.190161,2026-06-30T00:11:37.080074+00:00,67.5,3,ask,,,13495404
2026-06-30T10:11:36.190161,2026-06-30T00:11:37.080074+00:00,67.4,40,ask,,,13495405
2026-06-30T10:11:39.241190,2026-06-30T00:11:40.128353+00:00,67.7,50,ask,,,13495466
2026-06-30T10:11:40.527835,2026-06-30T00:11:41.421123+00:00,67.9,2,bid,,,13495491
2026-06-30T10:11:40.527835,2026-06-30T00:11:41.421123+00:00,68.0,42,bid,,,13495492
2026-06-30T10:11:41.055721,2026-06-30T00:11:41.946089+00:00,67.5,2,ask,,,13495503
2026-06-30T10:11:41.055721,2026-06-30T00:11:41.946089+00:00,67.5,46,ask,,,13495504
2026-06-30T10:11:41.297091,2026-06-30T00:11:42.186217+00:00,68.0,50,bid,,,13495508
2026-06-30T10:11:43.401617,2026-06-30T00:11:44.287178+00:00,68.0,50,bid,,,13495558
2026-06-30T10:11:43.994903,2026-06-30T00:11:44.886181+00:00,68.0,42,bid,,,13495581
2026-06-30T10:11:44.611968,2026-06-30T00:11:45.497319+00:00,67.7,48,ask,,,13495589
2026-06-30T10:11:45.508905,2026-06-30T00:11:46.398832+00:00,68.2,50,bid,,,13495608
2026-06-30T10:11:47.616515,2026-06-30T00:11:48.508126+00:00,67.9,50,bid,,,13495652
2026-06-30T10:11:49.723546,2026-06-30T00:11:50.614141+00:00,67.9,50,bid,,,13495691
2026-06-30T10:11:50.366936,2026-06-30T00:11:51.256415+00:00,68.0,1,bid,,,13495701
2026-06-30T10:11:51.210171,2026-06-30T00:11:52.099875+00:00,68.2,40,bid,,,13495709
2026-06-30T10:11:51.264194,2026-06-30T00:11:52.155220+00:00,68.1,40,ask,,,13495711
2026-06-30T10:11:51.830845,2026-06-30T00:11:52.718023+00:00,68.2,50,bid,,,13495716
2026-06-30T10:11:52.224263,2026-06-30T00:11:53.111140+00:00,68.2,10,bid,,,13495723
2026-06-30T10:11:52.224263,2026-06-30T00:11:53.111140+00:00,68.6,38,bid,,,13495724
2026-06-30T10:11:52.770146,2026-06-30T00:11:53.657183+00:00,68.1,25,ask,,,13495734
2026-06-30T10:11:53.988895,2026-06-30T00:11:54.874384+00:00,68.0,50,ask,,,13495750
2026-06-30T10:11:54.560363,2026-06-30T00:11:55.452854+00:00,68.1,40,ask,,,13495758
2026-06-30T10:11:55.055094,2026-06-30T00:11:55.943164+00:00,68.5,43,bid,,,13495766
2026-06-30T10:11:56.095702,2026-06-30T00:11:56.978150+00:00,68.1,50,ask,,,13495777
2026-06-30T10:11:57.785187,2026-06-30T00:11:58.678026+00:00,68.0,25,ask,,,13495804
2026-06-30T10:11:58.205012,2026-06-30T00:11:59.092819+00:00,68.0,50,ask,,,13495819
2026-06-30T10:12:00.310283,2026-06-30T00:12:01.201086+00:00,67.8,50,ask,,,13495853
2026-06-30T10:12:01.693305,2026-06-30T00:12:02.581842+00:00,67.7,47,ask,,,13495875
2026-06-30T10:12:02.437191,2026-06-30T00:12:03.322807+00:00,67.7,50,ask,,,13495885
2026-06-30T10:12:04.544916,2026-06-30T00:12:05.432122+00:00,67.6,50,ask,,,13495913
2026-06-30T10:12:04.658759,2026-06-30T00:12:05.551908+00:00,67.7,47,bid,,,13495916
2026-06-30T10:12:05.624120,2026-06-30T00:12:06.508940+00:00,67.7,44,bid,,,13495932
2026-06-30T10:12:06.179179,2026-06-30T00:12:07.065094+00:00,67.7,49,ask,,,13495944
2026-06-30T10:12:06.653949,2026-06-30T00:12:07.544899+00:00,67.7,50,ask,,,13495958
2026-06-30T10:12:08.760729,2026-06-30T00:12:09.645407+00:00,67.7,50,ask,,,13496002
2026-06-30T10:12:10.872680,2026-06-30T00:12:11.759938+00:00,67.9,50,ask,,,13496033
2026-06-30T10:12:12.554584,2026-06-30T00:12:13.446187+00:00,67.9,50,ask,,,13496060
2026-06-30T10:12:12.812103,2026-06-30T00:12:13.696356+00:00,67.9,25,bid,,,13496065
2026-06-30T10:12:12.979691,2026-06-30T00:12:13.868649+00:00,67.8,4,ask,,,13496070
2026-06-30T10:12:12.979691,2026-06-30T00:12:13.868649+00:00,67.4,46,ask,,,13496071
2026-06-30T10:12:15.093946,2026-06-30T00:12:15.988364+00:00,67.8,5,ask,,,13496111
2026-06-30T10:12:15.093946,2026-06-30T00:12:15.988364+00:00,67.5,45,ask,,,13496112
2026-06-30T10:12:17.002524,2026-06-30T00:12:17.887174+00:00,67.7,5,ask,,,13496155
2026-06-30T10:12:17.203206,2026-06-30T00:12:18.092124+00:00,67.7,4,ask,,,13496157
2026-06-30T10:12:17.203206,2026-06-30T00:12:18.092124+00:00,67.3,46,ask,,,13496158
2026-06-30T10:12:18.882196,2026-06-30T00:12:19.771228+00:00,67.7,4,ask,,,13496196
2026-06-30T10:12:19.337779,2026-06-30T00:12:20.228933+00:00,67.3,50,ask,,,13496201
2026-06-30T10:12:20.542646,2026-06-30T00:12:21.428354+00:00,67.5,49,bid,,,13496216
2026-06-30T10:12:21.444425,2026-06-30T00:12:22.330994+00:00,67.1,50,ask,,,13496236
2026-06-30T10:12:21.545510,2026-06-30T00:12:22.439705+00:00,67.1,43,ask,,,13496238
2026-06-30T10:12:21.751473,2026-06-30T00:12:22.637420+00:00,67.5,2,bid,,,13496242
2026-06-30T10:12:22.414497,2026-06-30T00:12:23.300939+00:00,67.3,2,bid,,,13496256
2026-06-30T10:12:22.507403,2026-06-30T00:12:23.398591+00:00,67.3,2,bid,,,13496260
2026-06-30T10:12:22.514478,2026-06-30T00:12:23.398591+00:00,67.3,48,bid,,,13496261
2026-06-30T10:12:22.622182,2026-06-30T00:12:23.507266+00:00,67.3,98,bid,,,13496262
2026-06-30T10:12:22.831724,2026-06-30T00:12:23.724227+00:00,67.9,4,bid,,,13496275
2026-06-30T10:12:22.835728,2026-06-30T00:12:23.724227+00:00,68.0,2,bid,,,13496276
2026-06-30T10:12:23.118375,2026-06-30T00:12:24.007616+00:00,68.0,46,bid,,,13496281
2026-06-30T10:12:23.171800,2026-06-30T00:12:24.062056+00:00,67.5,2,ask,,,13496284
2026-06-30T10:12:23.171800,2026-06-30T00:12:24.062056+00:00,67.5,2,ask,,,13496285
2026-06-30T10:12:23.551233,2026-06-30T00:12:24.444110+00:00,66.8,50,ask,,,13496294
2026-06-30T10:12:25.657241,2026-06-30T00:12:26.546458+00:00,67.3,50,ask,,,13496342
2026-06-30T10:12:27.321362,2026-06-30T00:12:28.212220+00:00,67.5,4,ask,,,13496371
2026-06-30T10:12:27.321362,2026-06-30T00:12:28.212220+00:00,67.3,38,ask,,,13496372
2026-06-30T10:12:27.768512,2026-06-30T00:12:28.658222+00:00,67.5,5,ask,,,13496381
2026-06-30T10:12:27.768512,2026-06-30T00:12:28.658222+00:00,67.3,45,ask,,,13496382
2026-06-30T10:12:27.849981,2026-06-30T00:12:28.746270+00:00,67.7,25,bid,,,13496384
2026-06-30T10:12:27.854240,2026-06-30T00:12:28.746270+00:00,67.7,2,bid,,,13496385
2026-06-30T10:12:28.368598,2026-06-30T00:12:29.257756+00:00,67.5,5,ask,,,13496396
2026-06-30T10:12:28.368598,2026-06-30T00:12:29.257756+00:00,67.2,100,ask,,,13496397
2026-06-30T10:12:29.402978,2026-06-30T00:12:30.291160+00:00,67.2,44,bid,,,13496415
2026-06-30T10:12:29.432192,2026-06-30T00:12:30.324337+00:00,67.2,1,bid,,,13496416
2026-06-30T10:12:29.432192,2026-06-30T00:12:30.335407+00:00,67.4,4,bid,,,13496417
2026-06-30T10:12:29.876626,2026-06-30T00:12:30.760817+00:00,66.9,50,ask,,,13496443
2026-06-30T10:12:30.412794,2026-06-30T00:12:31.306455+00:00,67.4,40,bid,,,13496445
2026-06-30T10:12:31.477765,2026-06-30T00:12:32.360734+00:00,67.4,56,bid,,,13496471
2026-06-30T10:12:32.868130,2026-06-30T00:12:33.754054+00:00,67.6,1,bid,,,13496502
2026-06-30T10:12:32.868130,2026-06-30T00:12:33.754054+00:00,67.6,24,bid,,,13496503
2026-06-30T10:12:32.874085,2026-06-30T00:12:33.765155+00:00,67.6,2,bid,,,13496504
2026-06-30T10:12:33.543608,2026-06-30T00:12:34.428515+00:00,67.4,44,ask,,,13496521
2026-06-30T10:12:34.034722,2026-06-30T00:12:34.917786+00:00,67.6,50,bid,,,13496537
2026-06-30T10:12:35.093913,2026-06-30T00:12:35.984059+00:00,67.1,44,ask,,,13496555
2026-06-30T10:12:36.198102,2026-06-30T00:12:37.091745+00:00,67.3,5,ask,,,13496579
2026-06-30T10:12:36.198102,2026-06-30T00:12:37.091745+00:00,67.3,45,ask,,,13496580
2026-06-30T10:12:37.884585,2026-06-30T00:12:38.767655+00:00,67.4,25,bid,,,13496614
2026-06-30T10:12:37.888641,2026-06-30T00:12:38.778233+00:00,67.4,2,bid,,,13496615
2026-06-30T10:12:38.304885,2026-06-30T00:12:39.192970+00:00,67.3,50,ask,,,13496629
2026-06-30T10:12:38.900692,2026-06-30T00:12:39.788057+00:00,67.4,47,bid,,,13496636
2026-06-30T10:12:40.582756,2026-06-30T00:12:41.473975+00:00,66.9,45,ask,,,13496676
2026-06-30T10:12:41.186500,2026-06-30T00:12:42.072956+00:00,67.4,43,bid,,,13496688
2026-06-30T10:12:42.215445,2026-06-30T00:12:43.106236+00:00,67.6,47,bid,,,13496701
2026-06-30T10:12:42.466154,2026-06-30T00:12:43.357478+00:00,67.6,50,bid,,,13496708
2026-06-30T10:12:42.902212,2026-06-30T00:12:43.791922+00:00,67.6,25,bid,,,13496713
2026-06-30T10:12:42.906461,2026-06-30T00:12:43.791922+00:00,67.6,2,bid,,,13496714
2026-06-30T10:12:44.118912,2026-06-30T00:12:45.008641+00:00,67.8,100,bid,,,13496730
2026-06-30T10:12:44.572046,2026-06-30T00:12:45.466388+00:00,68.3,50,bid,,,13496742
2026-06-30T10:12:45.842975,2026-06-30T00:12:46.727310+00:00,67.8,44,ask,,,13496763
2026-06-30T10:12:46.678970,2026-06-30T00:12:47.567831+00:00,68.1,50,bid,,,13496777
2026-06-30T10:12:47.256943,2026-06-30T00:12:48.145130+00:00,67.6,48,ask,,,13496791
2026-06-30T10:12:47.806624,2026-06-30T00:12:48.699834+00:00,67.6,45,ask,,,13496800
2026-06-30T10:12:47.923163,2026-06-30T00:12:48.808554+00:00,67.9,25,bid,,,13496804
2026-06-30T10:12:47.927300,2026-06-30T00:12:48.819636+00:00,67.9,2,bid,,,13496805
2026-06-30T10:12:48.790809,2026-06-30T00:12:49.679824+00:00,67.9,50,bid,,,13496825
2026-06-30T10:12:50.615397,2026-06-30T00:12:51.500048+00:00,67.9,48,bid,,,13496864
2026-06-30T10:12:50.896854,2026-06-30T00:12:51.783522+00:00,67.9,50,bid,,,13496873
2026-06-30T10:12:51.265614,2026-06-30T00:12:52.154012+00:00,68.1,40,bid,,,13496878
2026-06-30T10:12:52.936635,2026-06-30T00:12:53.824266+00:00,68.1,2,bid,,,13496914
2026-06-30T10:12:54.680565,2026-06-30T00:12:55.567975+00:00,67.9,7,ask,,,13496941
2026-06-30T10:12:56.388274,2026-06-30T00:12:57.278900+00:00,67.9,48,ask,,,13496985
2026-06-30T10:12:57.946188,2026-06-30T00:12:58.837655+00:00,68.0,2,bid,,,13497016
2026-06-30T10:12:59.321154,2026-06-30T00:13:00.207376+00:00,67.9,7,bid,,,13497039
2026-06-30T10:12:59.321154,2026-06-30T00:13:00.207376+00:00,68.0,43,bid,,,13497040
2026-06-30T10:13:01.429112,2026-06-30T00:13:02.315454+00:00,67.9,7,bid,,,13497081
2026-06-30T10:13:01.429112,2026-06-30T00:13:02.315454+00:00,68.1,43,bid,,,13497082
2026-06-30T10:13:02.957040,2026-06-30T00:13:03.847855+00:00,68.0,2,bid,,,13497107
2026-06-30T10:13:03.263285,2026-06-30T00:13:04.152868+00:00,68.0,2,bid,,,13497111
2026-06-30T10:13:03.263285,2026-06-30T00:13:04.152868+00:00,68.1,38,bid,,,13497112
2026-06-30T10:13:03.319154,2026-06-30T00:13:04.207748+00:00,67.9,48,ask,,,13497113
2026-06-30T10:13:05.642839,2026-06-30T00:13:06.536567+00:00,68.4,50,bid,,,13497160
2026-06-30T10:13:06.985606,2026-06-30T00:13:07.875008+00:00,68.3,44,ask,,,13497186
2026-06-30T10:13:07.824314,2026-06-30T00:13:08.709895+00:00,68.3,50,ask,,,13497200
2026-06-30T10:13:09.930564,2026-06-30T00:13:10.819789+00:00,68.3,6,ask,,,13497241
2026-06-30T10:13:09.930564,2026-06-30T00:13:10.819789+00:00,68.2,44,ask,,,13497242
2026-06-30T10:13:10.733960,2026-06-30T00:13:11.617959+00:00,68.6,46,bid,,,13497255
2026-06-30T10:13:12.038127,2026-06-30T00:13:12.922753+00:00,68.2,50,ask,,,13497284
2026-06-30T10:13:12.160146,2026-06-30T00:13:13.054103+00:00,68.2,48,ask,,,13497286
2026-06-30T10:13:33.647516,2026-06-30T00:13:34.535439+00:00,68.3,50,bid,,,21
2026-06-30T10:13:33.956925,2026-06-30T00:13:34.848978+00:00,68.3,46,bid,,,24
2026-06-30T10:13:34.009058,2026-06-30T00:13:34.893244+00:00,67.8,41,ask,,,27
2026-06-30T10:13:35.533289,2026-06-30T00:13:36.419938+00:00,68.3,48,bid,,,44
2026-06-30T10:13:35.751348,2026-06-30T00:13:36.637296+00:00,68.3,50,bid,,,45
2026-06-30T10:13:41.960888,2026-06-30T00:13:42.853956+00:00,68.4,44,ask,,,123
2026-06-30T10:13:42.062680,2026-06-30T00:13:42.951183+00:00,68.7,50,bid,,,126
2026-06-30T10:13:42.572793,2026-06-30T00:13:43.459869+00:00,68.3,41,ask,,,134
2026-06-30T10:13:44.219825,2026-06-30T00:13:45.107837+00:00,68.3,50,ask,,,151
2026-06-30T10:13:45.396752,2026-06-30T00:13:46.287563+00:00,68.8,44,bid,,,160
2026-06-30T10:13:46.324559,2026-06-30T00:13:47.211150+00:00,68.3,50,ask,,,172
2026-06-30T10:13:47.613286,2026-06-30T00:13:48.502905+00:00,68.4,49,bid,,,181
2026-06-30T10:13:48.118321,2026-06-30T00:13:49.012295+00:00,68.4,100,bid,,,189
2026-06-30T10:13:48.542226,2026-06-30T00:13:49.434078+00:00,68.5,25,ask,,,194
2026-06-30T10:13:49.295540,2026-06-30T00:13:50.181728+00:00,68.5,42,ask,,,202
2026-06-30T10:13:49.872773,2026-06-30T00:13:50.756293+00:00,68.5,41,ask,,,205
2026-06-30T10:13:50.439513,2026-06-30T00:13:51.328200+00:00,68.9,45,bid,,,215
2026-06-30T10:13:50.533021,2026-06-30T00:13:51.416235+00:00,68.5,42,ask,,,217
2026-06-30T10:13:52.639341,2026-06-30T00:13:53.527928+00:00,68.2,50,ask,,,236
2026-06-30T10:13:54.759206,2026-06-30T00:13:55.651929+00:00,68.0,50,ask,,,257
2026-06-30T10:13:55.224681,2026-06-30T00:13:56.117624+00:00,68.4,44,bid,,,262
2026-06-30T10:13:56.864988,2026-06-30T00:13:57.749051+00:00,68.0,50,ask,,,279
2026-06-30T10:14:01.084565,2026-06-30T00:14:01.977745+00:00,68.2,50,ask,,,352
2026-06-30T10:14:01.898729,2026-06-30T00:14:02.789748+00:00,68.0,49,ask,,,370
2026-06-30T10:14:03.139169,2026-06-30T00:14:04.032930+00:00,68.4,50,bid,,,380
2026-06-30T10:14:05.244043,2026-06-30T00:14:06.136913+00:00,68.3,50,bid,,,408
2026-06-30T10:14:06.505702,2026-06-30T00:14:07.394176+00:00,68.0,40,ask,,,423
2026-06-30T10:14:07.350157,2026-06-30T00:14:08.236022+00:00,68.3,50,bid,,,429
2026-06-30T10:14:11.622335,2026-06-30T00:14:12.507985+00:00,68.2,50,ask,,,482
2026-06-30T10:14:12.989698,2026-06-30T00:14:13.883012+00:00,68.2,45,ask,,,500
2026-06-30T10:14:13.446886,2026-06-30T00:14:14.337456+00:00,68.2,55,ask,,,504
2026-06-30T10:14:13.732202,2026-06-30T00:14:14.618449+00:00,67.7,50,ask,,,507
2026-06-30T10:14:14.483261,2026-06-30T00:14:15.368400+00:00,68.0,47,bid,,,518
2026-06-30T10:14:15.010379,2026-06-30T00:14:15.897946+00:00,68.0,48,bid,,,522
2026-06-30T10:14:15.843453,2026-06-30T00:14:16.730977+00:00,67.7,50,ask,,,532
2026-06-30T10:14:16.624866,2026-06-30T00:14:17.514908+00:00,67.7,45,ask,,,545
2026-06-30T10:14:18.278643,2026-06-30T00:14:19.165454+00:00,68.2,45,bid,,,566
2026-06-30T10:14:18.584340,2026-06-30T00:14:19.478016+00:00,68.2,25,bid,,,569
2026-06-30T10:14:20.052313,2026-06-30T00:14:20.943275+00:00,67.9,50,ask,,,583
2026-06-30T10:14:20.798238,2026-06-30T00:14:21.690726+00:00,67.7,46,ask,,,593
2026-06-30T10:14:22.106665,2026-06-30T00:14:22.997922+00:00,68.1,50,bid,,,607
2026-06-30T10:14:22.846476,2026-06-30T00:14:23.737288+00:00,68.1,44,bid,,,617
2026-06-30T10:14:23.497724,2026-06-30T00:14:24.388231+00:00,68.0,44,ask,,,622
2026-06-30T10:14:23.592867,2026-06-30T00:14:24.487336+00:00,68.1,25,bid,,,627
2026-06-30T10:14:24.468744,2026-06-30T00:14:25.353073+00:00,68.1,40,bid,,,636
2026-06-30T10:14:28.423249,2026-06-30T00:14:29.315427+00:00,68.3,50,bid,,,679
2026-06-30T10:14:28.442142,2026-06-30T00:14:29.326489+00:00,67.9,49,ask,,,680
2026-06-30T10:14:34.736907,2026-06-30T00:14:35.621937+00:00,68.4,50,bid,,,733
2026-06-30T10:14:35.453553,2026-06-30T00:14:36.338425+00:00,68.4,43,bid,,,740
2026-06-30T10:14:35.912797,2026-06-30T00:14:36.797429+00:00,68.0,42,ask,,,743
2026-06-30T10:14:36.388066,2026-06-30T00:14:37.272147+00:00,68.5,48,bid,,,753
2026-06-30T10:14:36.891574,2026-06-30T00:14:37.784395+00:00,68.1,50,ask,,,758
2026-06-30T10:14:36.954271,2026-06-30T00:14:37.838360+00:00,68.5,44,bid,,,759
2026-06-30T10:14:38.036666,2026-06-30T00:14:38.924843+00:00,68.1,41,ask,,,769
2026-06-30T10:14:38.947378,2026-06-30T00:14:39.839050+00:00,68.5,50,bid,,,785
2026-06-30T10:14:42.295535,2026-06-30T00:14:43.188375+00:00,68.1,100,ask,,,827
2026-06-30T10:14:43.207386,2026-06-30T00:14:44.100952+00:00,67.5,50,ask,,,840
2026-06-30T10:14:43.617768,2026-06-30T00:14:44.503048+00:00,68.0,47,bid,,,847
2026-06-30T10:14:43.619985,2026-06-30T00:14:44.514156+00:00,68.0,3,bid,,,848
2026-06-30T10:14:45.634957,2026-06-30T00:14:46.525404+00:00,68.3,48,ask,,,868
2026-06-30T10:14:47.422098,2026-06-30T00:14:48.307587+00:00,68.3,50,ask,,,897
2026-06-30T10:14:48.201681,2026-06-30T00:14:49.087224+00:00,68.5,42,bid,,,909
2026-06-30T10:14:48.649987,2026-06-30T00:14:49.537870+00:00,68.3,2,bid,,,910
2026-06-30T10:14:49.515647,2026-06-30T00:14:50.405032+00:00,68.0,49,ask,,,917
2026-06-30T10:14:49.527688,2026-06-30T00:14:50.416095+00:00,68.0,50,ask,,,918
2026-06-30T10:14:50.984878,2026-06-30T00:14:51.879670+00:00,68.3,40,bid,,,934
2026-06-30T10:14:51.038136,2026-06-30T00:14:51.922970+00:00,68.0,1,ask,,,935
2026-06-30T10:14:51.038136,2026-06-30T00:14:51.922970+00:00,67.8,43,ask,,,936
2026-06-30T10:14:51.633185,2026-06-30T00:14:52.519989+00:00,67.8,50,ask,,,943
2026-06-30T10:14:52.217021,2026-06-30T00:14:53.108831+00:00,67.8,46,ask,,,953
2026-06-30T10:14:53.662835,2026-06-30T00:14:54.555290+00:00,68.0,25,bid,,,969
2026-06-30T10:14:53.666797,2026-06-30T00:14:54.555290+00:00,68.0,2,bid,,,970
2026-06-30T10:14:53.705893,2026-06-30T00:14:54.597574+00:00,68.0,48,bid,,,971
2026-06-30T10:14:53.739068,2026-06-30T00:14:54.629852+00:00,67.8,50,ask,,,973
2026-06-30T10:14:55.396749,2026-06-30T00:14:56.287048+00:00,68.0,41,bid,,,990
2026-06-30T10:14:55.844993,2026-06-30T00:14:56.730032+00:00,67.9,50,ask,,,995
2026-06-30T10:14:56.487534,2026-06-30T00:14:57.381932+00:00,68.0,48,bid,,,1006
2026-06-30T10:14:57.557252,2026-06-30T00:14:58.443151+00:00,67.9,48,ask,,,1016
2026-06-30T10:14:57.950245,2026-06-30T00:14:58.834157+00:00,67.9,50,ask,,,1018
2026-06-30T10:14:58.091468,2026-06-30T00:14:58.976051+00:00,67.8,100,ask,,,1020
2026-06-30T10:14:58.145345,2026-06-30T00:14:59.039070+00:00,67.7,43,bid,,,1021
2026-06-30T10:14:58.681771,2026-06-30T00:14:59.571202+00:00,67.7,7,bid,,,1033
2026-06-30T10:14:58.685663,2026-06-30T00:14:59.571202+00:00,68.3,2,bid,,,1034
2026-06-30T10:15:00.059357,2026-06-30T00:15:00.953375+00:00,67.2,50,ask,,,1046
2026-06-30T10:15:02.165750,2026-06-30T00:15:03.057414+00:00,67.7,50,ask,,,1071
2026-06-30T10:15:02.746914,2026-06-30T00:15:03.639952+00:00,67.7,44,ask,,,1082
2026-06-30T10:15:03.694898,2026-06-30T00:15:04.587760+00:00,67.9,2,bid,,,1095
2026-06-30T10:15:04.270103,2026-06-30T00:15:05.164159+00:00,67.7,50,ask,,,1099
2026-06-30T10:15:06.376894,2026-06-30T00:15:07.264042+00:00,67.5,50,ask,,,1130
2026-06-30T10:15:07.093782,2026-06-30T00:15:07.982961+00:00,67.6,100,bid,,,1153
2026-06-30T10:15:07.946242,2026-06-30T00:15:08.830791+00:00,67.5,49,ask,,,1165
2026-06-30T10:15:08.481742,2026-06-30T00:15:09.374357+00:00,67.5,50,ask,,,1172
2026-06-30T10:15:08.705645,2026-06-30T00:15:09.600991+00:00,68.0,2,bid,,,1175
2026-06-30T10:15:10.537481,2026-06-30T00:15:11.426135+00:00,67.6,50,bid,,,1203
2026-06-30T10:15:11.827050,2026-06-30T00:15:12.716208+00:00,67.6,45,bid,,,1222
2026-06-30T10:15:13.715333,2026-06-30T00:15:14.602040+00:00,67.7,2,bid,,,1245
2026-06-30T10:15:14.806712,2026-06-30T00:15:15.696326+00:00,67.6,50,ask,,,1253
2026-06-30T10:15:15.102793,2026-06-30T00:15:15.994334+00:00,67.8,49,bid,,,1255
2026-06-30T10:15:16.861158,2026-06-30T00:15:17.748905+00:00,67.8,50,bid,,,1272
2026-06-30T10:15:18.725172,2026-06-30T00:15:19.617536+00:00,68.0,2,bid,,,1289
2026-06-30T10:15:19.017838,2026-06-30T00:15:19.910950+00:00,67.9,50,ask,,,1290
2026-06-30T10:15:19.279160,2026-06-30T00:15:20.171185+00:00,67.9,41,ask,,,1297
2026-06-30T10:15:19.799662,2026-06-30T00:15:20.689890+00:00,67.9,59,ask,,,1300
2026-06-30T10:15:20.293754,2026-06-30T00:15:21.178135+00:00,67.5,41,bid,,,1309
2026-06-30T10:15:21.135574,2026-06-30T00:15:22.026399+00:00,67.3,50,ask,,,1322
2026-06-30T10:15:22.326492,2026-06-30T00:15:23.218976+00:00,67.5,42,bid,,,1333
2026-06-30T10:15:22.979422,2026-06-30T00:15:23.874211+00:00,67.3,41,ask,,,1342
2026-06-30T10:15:23.188734,2026-06-30T00:15:24.081114+00:00,67.5,50,bid,,,1346
2026-06-30T10:15:23.735559,2026-06-30T00:15:24.624166+00:00,67.8,2,bid,,,1354
2026-06-30T10:15:25.347403,2026-06-30T00:15:26.242275+00:00,67.5,50,ask,,,1375
2026-06-30T10:15:26.520597,2026-06-30T00:15:27.411028+00:00,67.6,41,bid,,,1389
2026-06-30T10:15:26.573336,2026-06-30T00:15:27.466339+00:00,67.2,42,ask,,,1390
2026-06-30T10:15:27.401077,2026-06-30T00:15:28.289788+00:00,67.6,50,bid,,,1401
2026-06-30T10:15:28.745687,2026-06-30T00:15:29.631138+00:00,67.6,2,bid,,,1423
2026-06-30T10:15:29.225359,2026-06-30T00:15:30.119979+00:00,67.7,100,bid,,,1425
2026-06-30T10:15:29.505876,2026-06-30T00:15:30.391738+00:00,67.7,50,bid,,,1431
2026-06-30T10:15:30.375505,2026-06-30T00:15:31.259724+00:00,68.0,48,ask,,,1442
2026-06-30T10:15:31.408381,2026-06-30T00:15:32.293063+00:00,68.3,49,bid,,,1457
2026-06-30T10:15:31.461454,2026-06-30T00:15:32.347394+00:00,68.0,43,ask,,,1458
2026-06-30T10:15:31.610544,2026-06-30T00:15:32.497969+00:00,68.3,50,bid,,,1463
2026-06-30T10:15:33.770207,2026-06-30T00:15:34.658688+00:00,68.1,2,bid,,,1489
2026-06-30T10:15:34.053049,2026-06-30T00:15:34.942332+00:00,68.1,49,bid,,,1492
2026-06-30T10:15:34.569369,2026-06-30T00:15:35.454365+00:00,67.7,41,ask,,,1503
2026-06-30T10:15:36.142342,2026-06-30T00:15:37.028166+00:00,67.8,40,bid,,,1525
2026-06-30T10:15:37.928207,2026-06-30T00:15:38.821866+00:00,67.8,50,bid,,,1549
2026-06-30T10:15:38.165844,2026-06-30T00:15:39.050914+00:00,67.6,43,ask,,,1554
2026-06-30T10:15:38.779902,2026-06-30T00:15:39.666540+00:00,68.1,2,bid,,,1559
2026-06-30T10:15:40.087412,2026-06-30T00:15:40.977988+00:00,67.8,50,ask,,,1574
2026-06-30T10:15:40.944281,2026-06-30T00:15:41.838183+00:00,67.8,49,ask,,,1591
2026-06-30T10:15:42.193568,2026-06-30T00:15:43.085446+00:00,67.8,50,ask,,,1609
2026-06-30T10:15:43.789969,2026-06-30T00:15:44.681031+00:00,68.3,2,bid,,,1628
2026-06-30T10:15:44.298187,2026-06-30T00:15:45.189577+00:00,67.9,50,ask,,,1631
2026-06-30T10:15:45.069945,2026-06-30T00:15:45.961719+00:00,67.9,100,ask,,,1643
2026-06-30T10:15:45.959960,2026-06-30T00:15:46.848956+00:00,67.6,42,bid,,,1657
2026-06-30T10:15:46.404596,2026-06-30T00:15:47.294930+00:00,67.4,50,ask,,,1662
2026-06-30T10:15:46.931541,2026-06-30T00:15:47.817927+00:00,67.6,48,bid,,,1675
2026-06-30T10:15:48.509732,2026-06-30T00:15:49.399944+00:00,67.5,50,ask,,,1691
2026-06-30T10:15:48.800339,2026-06-30T00:15:49.685336+00:00,67.8,2,bid,,,1698
2026-06-30T10:15:49.320417,2026-06-30T00:15:50.207651+00:00,67.5,47,ask,,,1704
2026-06-30T10:15:50.614979,2026-06-30T00:15:51.508607+00:00,67.5,3,ask,,,1717
2026-06-30T10:15:50.614979,2026-06-30T00:15:51.508607+00:00,67.3,47,ask,,,1718
2026-06-30T10:15:52.669026,2026-06-30T00:15:53.561844+00:00,67.7,50,bid,,,1738
2026-06-30T10:15:53.810015,2026-06-30T00:15:54.699080+00:00,67.7,2,bid,,,1754
2026-06-30T10:15:54.523719,2026-06-30T00:15:55.415383+00:00,67.7,46,bid,,,1759
2026-06-30T10:15:54.773989,2026-06-30T00:15:55.665023+00:00,67.7,50,bid,,,1762
2026-06-30T10:15:56.880366,2026-06-30T00:15:57.765001+00:00,67.7,50,bid,,,1788
2026-06-30T10:15:56.908662,2026-06-30T00:15:57.797195+00:00,67.7,48,bid,,,1789
2026-06-30T10:15:58.013052,2026-06-30T00:15:58.906091+00:00,67.6,40,ask,,,1807
2026-06-30T10:15:58.579116,2026-06-30T00:15:59.470100+00:00,67.6,43,ask,,,1813
2026-06-30T10:15:58.819875,2026-06-30T00:15:59.710684+00:00,67.9,2,bid,,,1816
2026-06-30T10:15:58.986748,2026-06-30T00:15:59.875280+00:00,67.9,50,bid,,,1820
2026-06-30T10:15:59.105255,2026-06-30T00:15:59.994072+00:00,67.9,40,bid,,,1823
2026-06-30T10:15:59.158322,2026-06-30T00:16:00.048503+00:00,67.6,49,ask,,,1825
2026-06-30T10:16:01.091714,2026-06-30T00:16:01.982002+00:00,67.9,50,bid,,,1847
2026-06-30T10:16:01.243147,2026-06-30T00:16:02.133988+00:00,67.9,100,bid,,,1851
2026-06-30T10:16:03.829893,2026-06-30T00:16:04.723747+00:00,68.4,2,bid,,,1888
2026-06-30T10:16:04.041171,2026-06-30T00:16:04.933053+00:00,67.9,50,ask,,,1890
2026-06-30T10:16:04.505087,2026-06-30T00:16:05.391866+00:00,67.4,43,ask,,,1894
2026-06-30T10:16:05.297667,2026-06-30T00:16:06.187615+00:00,67.6,50,bid,,,1902
2026-06-30T10:16:07.149620,2026-06-30T00:16:08.035400+00:00,67.6,100,bid,,,1920
2026-06-30T10:16:07.405238,2026-06-30T00:16:08.297282+00:00,68.2,50,bid,,,1929
2026-06-30T10:16:08.839926,2026-06-30T00:16:09.729032+00:00,68.2,2,bid,,,1942
2026-06-30T10:16:09.510303,2026-06-30T00:16:10.403088+00:00,68.2,48,bid,,,1948
2026-06-30T10:16:09.510303,2026-06-30T00:16:10.403088+00:00,68.4,2,bid,,,1949
2026-06-30T10:16:10.359607,2026-06-30T00:16:11.251031+00:00,67.9,100,ask,,,1959
2026-06-30T10:16:11.617014,2026-06-30T00:16:12.511838+00:00,67.8,50,bid,,,1977
2026-06-30T10:16:12.020754,2026-06-30T00:16:12.913077+00:00,67.8,46,bid,,,1984
2026-06-30T10:16:12.522461,2026-06-30T00:16:13.413882+00:00,67.4,43,ask,,,1991
2026-06-30T10:16:13.587233,2026-06-30T00:16:14.478117+00:00,67.8,41,bid,,,2006
2026-06-30T10:16:13.721464,2026-06-30T00:16:14.607479+00:00,67.8,13,bid,,,2008
2026-06-30T10:16:13.847927,2026-06-30T00:16:14.738388+00:00,68.1,2,bid,,,2011
2026-06-30T10:16:15.828934,2026-06-30T00:16:16.714922+00:00,68.1,50,bid,,,2026
2026-06-30T10:16:17.986927,2026-06-30T00:16:18.873384+00:00,67.9,50,ask,,,2047
2026-06-30T10:16:18.857657,2026-06-30T00:16:19.750773+00:00,68.2,2,bid,,,2060
2026-06-30T10:16:20.090836,2026-06-30T00:16:20.977732+00:00,67.9,50,ask,,,2071
2026-06-30T10:16:20.988230,2026-06-30T00:16:21.879630+00:00,67.6,40,ask,,,2084
2026-06-30T10:16:22.195934,2026-06-30T00:16:23.081038+00:00,67.6,50,ask,,,2098
2026-06-30T10:16:24.300058,2026-06-30T00:16:25.187493+00:00,67.6,50,ask,,,2115
2026-06-30T10:16:26.278892,2026-06-30T00:16:27.165218+00:00,67.8,47,bid,,,2140
2026-06-30T10:16:26.405795,2026-06-30T00:16:27.297995+00:00,67.6,50,ask,,,2142
2026-06-30T10:16:26.766070,2026-06-30T00:16:27.657992+00:00,67.3,43,ask,,,2148
2026-06-30T10:16:27.862470,2026-06-30T00:16:28.754422+00:00,67.8,41,bid,,,2161
2026-06-30T10:16:28.460849,2026-06-30T00:16:29.354949+00:00,67.8,12,bid,,,2166
2026-06-30T10:16:28.460849,2026-06-30T00:16:29.354949+00:00,67.8,38,bid,,,2167
2026-06-30T10:16:30.576743,2026-06-30T00:16:31.469951+00:00,68.2,50,bid,,,2190
2026-06-30T10:16:32.731744,2026-06-30T00:16:33.617050+00:00,67.9,50,ask,,,2219
2026-06-30T10:16:36.025324,2026-06-30T00:16:36.917918+00:00,68.2,49,bid,,,2250
2026-06-30T10:16:36.078957,2026-06-30T00:16:36.972807+00:00,67.7,43,ask,,,2252
2026-06-30T10:16:36.898845,2026-06-30T00:16:37.785513+00:00,68.2,50,bid,,,2268
2026-06-30T10:16:37.081914,2026-06-30T00:16:37.968336+00:00,67.7,40,ask,,,2270
2026-06-30T10:16:37.581159,2026-06-30T00:16:38.469696+00:00,68.2,1,bid,,,2274
2026-06-30T10:16:37.581159,2026-06-30T00:16:38.469696+00:00,68.2,45,bid,,,2275
2026-06-30T10:16:38.170455,2026-06-30T00:16:39.057098+00:00,67.7,17,ask,,,2282
2026-06-30T10:16:38.170455,2026-06-30T00:16:39.057098+00:00,67.7,23,ask,,,2283
2026-06-30T10:16:39.005730,2026-06-30T00:16:39.894152+00:00,68.2,50,bid,,,2288
2026-06-30T10:16:41.111678,2026-06-30T00:16:41.998316+00:00,68.2,50,bid,,,2315
2026-06-30T10:16:41.585711,2026-06-30T00:16:42.476438+00:00,67.8,44,ask,,,2327
2026-06-30T10:16:44.251208,2026-06-30T00:16:45.145004+00:00,68.3,47,bid,,,2354
2026-06-30T10:16:44.740157,2026-06-30T00:16:45.632899+00:00,68.3,48,bid,,,2360
2026-06-30T10:16:45.332026,2026-06-30T00:16:46.218393+00:00,68.2,44,ask,,,2366
2026-06-30T10:16:45.375933,2026-06-30T00:16:46.262172+00:00,68.2,50,ask,,,2367
2026-06-30T10:16:47.286747,2026-06-30T00:16:48.176505+00:00,68.4,45,bid,,,2397
2026-06-30T10:16:47.483354,2026-06-30T00:16:48.370850+00:00,68.2,6,ask,,,2400
2026-06-30T10:16:47.483354,2026-06-30T00:16:48.381913+00:00,67.9,44,ask,,,2401
2026-06-30T10:16:49.540190,2026-06-30T00:16:50.428466+00:00,68.4,50,bid,,,2433
2026-06-30T10:16:51.645010,2026-06-30T00:16:52.536418+00:00,68.4,50,bid,,,2461
2026-06-30T10:16:53.768207,2026-06-30T00:16:54.654117+00:00,68.2,50,bid,,,2485
2026-06-30T10:16:55.874856,2026-06-30T00:16:56.767522+00:00,68.4,50,bid,,,2503
2026-06-30T10:16:58.050591,2026-06-30T00:16:58.942075+00:00,67.9,50,ask,,,2527
2026-06-30T10:17:00.105167,2026-06-30T00:17:00.992124+00:00,68.3,50,bid,,,2549
2026-06-30T10:17:01.574361,2026-06-30T00:17:02.461877+00:00,68.1,41,ask,,,2564
2026-06-30T10:17:02.233648,2026-06-30T00:17:03.122829+00:00,68.5,50,bid,,,2575
2026-06-30T10:17:03.720696,2026-06-30T00:17:04.613143+00:00,68.1,41,ask,,,2593
2026-06-30T10:17:04.338796,2026-06-30T00:17:05.223278+00:00,68.4,50,bid,,,2604
2026-06-30T10:17:04.512227,2026-06-30T00:17:05.408147+00:00,67.9,100,ask,,,2608
2026-06-30T10:17:05.921335,2026-06-30T00:17:06.808694+00:00,67.9,40,bid,,,2627
2026-06-30T10:17:06.456052,2026-06-30T00:17:07.349793+00:00,67.9,10,bid,,,2632
2026-06-30T10:17:06.456052,2026-06-30T00:17:07.349793+00:00,68.4,40,bid,,,2633
2026-06-30T10:17:07.534637,2026-06-30T00:17:08.427487+00:00,68.1,44,ask,,,2648
2026-06-30T10:17:08.569372,2026-06-30T00:17:09.459078+00:00,68.6,50,bid,,,2665
2026-06-30T10:17:08.607782,2026-06-30T00:17:09.492303+00:00,68.3,41,ask,,,2666
2026-06-30T10:17:09.259633,2026-06-30T00:17:10.152851+00:00,68.6,45,bid,,,2675
2026-06-30T10:17:09.875201,2026-06-30T00:17:10.762912+00:00,68.6,5,bid,,,2680
2026-06-30T10:17:10.682608,2026-06-30T00:17:11.567577+00:00,68.7,50,bid,,,2691
2026-06-30T10:17:12.789067,2026-06-30T00:17:13.677330+00:00,68.6,50,bid,,,2719
2026-06-30T10:17:12.891975,2026-06-30T00:17:13.786056+00:00,68.2,46,ask,,,2721
2026-06-30T10:17:14.894707,2026-06-30T00:17:15.785434+00:00,68.6,50,bid,,,2742
2026-06-30T10:17:17.052788,2026-06-30T00:17:17.937667+00:00,68.1,50,ask,,,2769
2026-06-30T10:17:17.488267,2026-06-30T00:17:18.383206+00:00,68.6,41,bid,,,2775
2026-06-30T10:17:19.050237,2026-06-30T00:17:19.938326+00:00,68.1,47,ask,,,2792
2026-06-30T10:17:19.159073,2026-06-30T00:17:20.047577+00:00,68.1,3,ask,,,2795
2026-06-30T10:17:19.159073,2026-06-30T00:17:20.047577+00:00,68.1,47,ask,,,2796
2026-06-30T10:17:21.214635,2026-06-30T00:17:22.109034+00:00,68.5,50,bid,,,2821
2026-06-30T10:17:21.687778,2026-06-30T00:17:22.578094+00:00,68.5,46,bid,,,2827
2026-06-30T10:17:22.299186,2026-06-30T00:17:23.188244+00:00,68.0,47,ask,,,2831
2026-06-30T10:17:23.321045,2026-06-30T00:17:24.208622+00:00,68.5,50,bid,,,2836
2026-06-30T10:17:23.930294,2026-06-30T00:17:24.818235+00:00,68.7,46,bid,,,2849
2026-06-30T10:17:25.426168,2026-06-30T00:17:26.317567+00:00,68.7,50,bid,,,2864
2026-06-30T10:17:27.531684,2026-06-30T00:17:28.418382+00:00,68.7,50,bid,,,2898
2026-06-30T10:17:28.924924,2026-06-30T00:17:29.809690+00:00,68.6,25,ask,,,2911
2026-06-30T10:17:29.636491,2026-06-30T00:17:30.527524+00:00,68.7,50,bid,,,2919
2026-06-30T10:17:31.742751,2026-06-30T00:17:32.628865+00:00,68.9,50,bid,,,2939
2026-06-30T10:17:32.249647,2026-06-30T00:17:33.138850+00:00,68.5,48,ask,,,2946
2026-06-30T10:17:33.841300,2026-06-30T00:17:34.728055+00:00,68.5,42,ask,,,2965
2026-06-30T10:17:33.853946,2026-06-30T00:17:34.738631+00:00,68.8,50,bid,,,2966
2026-06-30T10:17:33.939706,2026-06-30T00:17:34.827168+00:00,68.5,25,ask,,,2969
2026-06-30T10:17:35.962920,2026-06-30T00:17:36.847551+00:00,68.8,50,bid,,,2998
2026-06-30T10:17:36.164473,2026-06-30T00:17:37.052994+00:00,68.8,45,ask,,,3003
2026-06-30T10:17:38.068560,2026-06-30T00:17:38.961172+00:00,68.9,50,bid,,,3021
2026-06-30T10:17:38.953616,2026-06-30T00:17:39.841064+00:00,68.8,25,ask,,,3030
2026-06-30T10:17:40.173990,2026-06-30T00:17:41.060653+00:00,68.9,50,bid,,,3049
2026-06-30T10:17:40.491271,2026-06-30T00:17:41.385174+00:00,68.9,48,bid,,,3054
2026-06-30T10:17:41.076786,2026-06-30T00:17:41.963153+00:00,68.9,42,bid,,,3061
2026-06-30T10:17:42.364657,2026-06-30T00:17:43.260043+00:00,69.0,100,bid,,,3075
2026-06-30T10:17:43.691854,2026-06-30T00:17:44.577951+00:00,69.0,44,ask,,,3089
2026-06-30T10:17:43.968726,2026-06-30T00:17:44.860800+00:00,69.0,6,ask,,,3096
2026-06-30T10:17:43.977154,2026-06-30T00:17:44.871862+00:00,68.5,2,ask,,,3099
2026-06-30T10:17:45.186965,2026-06-30T00:17:46.077878+00:00,69.1,42,bid,,,3115
2026-06-30T10:17:46.487037,2026-06-30T00:17:47.376450+00:00,68.7,50,bid,,,3131
2026-06-30T10:17:47.264466,2026-06-30T00:17:48.159631+00:00,68.6,46,ask,,,3139
2026-06-30T10:17:48.281482,2026-06-30T00:17:49.170801+00:00,68.7,100,bid,,,3148
2026-06-30T10:17:48.992410,2026-06-30T00:17:49.887823+00:00,69.1,25,ask,,,3164
2026-06-30T10:17:49.002368,2026-06-30T00:17:49.887823+00:00,69.1,2,ask,,,3167
2026-06-30T10:17:50.750052,2026-06-30T00:17:51.637231+00:00,69.1,50,ask,,,3178
2026-06-30T10:17:51.426502,2026-06-30T00:17:52.313344+00:00,69.6,47,bid,,,3186
2026-06-30T10:17:51.496962,2026-06-30T00:17:52.388853+00:00,69.1,73,ask,,,3188
2026-06-30T10:17:52.855748,2026-06-30T00:17:53.748452+00:00,68.7,50,ask,,,3206
2026-06-30T10:17:53.943402,2026-06-30T00:17:54.837849+00:00,69.0,27,bid,,,3218
2026-06-30T10:17:54.009735,2026-06-30T00:17:54.903290+00:00,68.7,25,ask,,,3219
2026-06-30T10:17:54.021063,2026-06-30T00:17:54.914353+00:00,68.7,2,ask,,,3222
2026-06-30T10:17:54.911123,2026-06-30T00:17:55.804352+00:00,69.2,50,bid,,,3229
2026-06-30T10:17:55.595887,2026-06-30T00:17:56.489591+00:00,68.8,48,ask,,,3237
2026-06-30T10:17:56.595980,2026-06-30T00:17:57.482820+00:00,68.8,40,ask,,,3250
2026-06-30T10:17:57.037666,2026-06-30T00:17:57.927223+00:00,69.0,50,bid,,,3253
2026-06-30T10:17:59.029778,2026-06-30T00:17:59.917981+00:00,68.6,25,ask,,,3278
2026-06-30T10:17:59.039397,2026-06-30T00:17:59.928560+00:00,68.6,2,ask,,,3281
2026-06-30T10:17:59.195110,2026-06-30T00:18:00.081120+00:00,68.6,50,ask,,,3285
2026-06-30T10:18:01.300656,2026-06-30T00:18:02.192255+00:00,68.4,50,ask,,,3308
2026-06-30T10:18:03.405808,2026-06-30T00:18:04.291831+00:00,68.4,50,ask,,,3337
2026-06-30T10:18:04.048974,2026-06-30T00:18:04.935132+00:00,68.2,2,ask,,,3339
2026-06-30T10:18:05.510976,2026-06-30T00:18:06.402286+00:00,68.4,50,ask,,,3366
2026-06-30T10:18:06.965409,2026-06-30T00:18:07.857898+00:00,68.7,43,bid,,,3381
2026-06-30T10:18:07.618773,2026-06-30T00:18:08.509776+00:00,68.4,50,ask,,,3392
2026-06-30T10:18:09.058730,2026-06-30T00:18:09.953930+00:00,68.4,2,ask,,,3404
2026-06-30T10:18:09.146521,2026-06-30T00:18:10.040080+00:00,68.7,49,bid,,,3405
2026-06-30T10:18:11.653108,2026-06-30T00:18:12.540064+00:00,68.6,44,bid,,,3440
2026-06-30T10:18:14.068600,2026-06-30T00:18:14.962045+00:00,68.4,2,ask,,,3474
2026-06-30T10:18:15.993145,2026-06-30T00:18:16.882175+00:00,68.8,50,bid,,,3492
2026-06-30T10:18:18.112741,2026-06-30T00:18:19.003219+00:00,68.8,50,bid,,,3515
