timestamp,recv_time,price,volume,aggressor_side,buyer,seller,trade_id
2026-07-03T04:00:00.160389,2026-07-03T04:00:00.171998+00:00,117.0,100,ask,EarnestEspressos,DiligentDonuts,5255324
2026-07-03T04:00:00.951182,2026-07-03T04:00:00.962905+00:00,117.0,50,ask,EarnestEspressos,FlawlessFlatbreads,5255335
2026-07-03T04:00:01.948235,2026-07-03T04:00:01.959755+00:00,117.5,47,bid,CostlyCorianders,EarnestEspressos,5255350
2026-07-03T04:00:03.059316,2026-07-03T04:00:03.070689+00:00,116.7,50,ask,EarnestEspressos,FlawlessFlatbreads,5255372
2026-07-03T04:00:03.271699,2026-07-03T04:00:03.283675+00:00,117.2,100,bid,DiligentDonuts,EarnestEspressos,5255376
2026-07-03T04:00:04.447393,2026-07-03T04:00:04.459020+00:00,117.2,46,bid,CostlyCorianders,EarnestEspressos,5255394
2026-07-03T04:00:04.975101,2026-07-03T04:00:04.984650+00:00,116.7,44,ask,EarnestEspressos,CostlyCorianders,5255406
2026-07-03T04:00:06.116751,2026-07-03T04:00:06.124523+00:00,117.5,46,bid,CostlyCorianders,EarnestEspressos,5255424
2026-07-03T04:00:06.170307,2026-07-03T04:00:06.181016+00:00,117.0,49,ask,EarnestEspressos,CostlyCorianders,5255426
2026-07-03T04:00:07.218069,2026-07-03T04:00:07.224342+00:00,117.1,50,bid,FlawlessFlatbreads,DiligentDonuts,5255441
2026-07-03T04:00:07.503487,2026-07-03T04:00:07.510654+00:00,117.1,17,bid,Alice Feng,DiligentDonuts,5255445
2026-07-03T04:00:08.122368,2026-07-03T04:00:08.134031+00:00,117.0,48,ask,EarnestEspressos,CostlyCorianders,5255455
2026-07-03T04:00:11.492647,2026-07-03T04:00:11.502896+00:00,116.9,50,ask,EarnestEspressos,FlawlessFlatbreads,5255496
2026-07-03T04:00:12.789358,2026-07-03T04:00:12.800785+00:00,117.1,100,bid,DiligentDonuts,EarnestEspressos,5255509
2026-07-03T04:00:13.548207,2026-07-03T04:00:13.558361+00:00,117.1,50,bid,FlawlessFlatbreads,EarnestEspressos,5255528
2026-07-03T04:00:14.870733,2026-07-03T04:00:14.882118+00:00,117.7,44,bid,CostlyCorianders,DiligentDonuts,5255552
2026-07-03T04:00:15.733087,2026-07-03T04:00:15.744625+00:00,117.3,50,ask,EarnestEspressos,FlawlessFlatbreads,5255563
2026-07-03T04:00:16.328074,2026-07-03T04:00:16.336693+00:00,117.3,23,ask,EarnestEspressos,Zihao Wu,5255574
2026-07-03T04:00:16.429441,2026-07-03T04:00:16.458628+00:00,117.5,44,bid,CostlyCorianders,DiligentDonuts,5255577
2026-07-03T04:00:17.840414,2026-07-03T04:00:17.863648+00:00,117.3,50,ask,EarnestEspressos,FlawlessFlatbreads,5255605
2026-07-03T04:00:19.325396,2026-07-03T04:00:19.337372+00:00,117.1,49,ask,DiligentDonuts,CostlyCorianders,5255622
2026-07-03T04:00:19.979435,2026-07-03T04:00:19.988193+00:00,117.1,50,ask,DiligentDonuts,FlawlessFlatbreads,5255630
2026-07-03T04:00:21.372673,2026-07-03T04:00:21.379638+00:00,117.4,41,bid,CostlyCorianders,EarnestEspressos,5255659
2026-07-03T04:00:22.085557,2026-07-03T04:00:22.097404+00:00,117.1,1,ask,DiligentDonuts,FlawlessFlatbreads,5255666
2026-07-03T04:00:22.085557,2026-07-03T04:00:22.097404+00:00,116.9,49,ask,EarnestEspressos,FlawlessFlatbreads,5255667
2026-07-03T04:00:24.146031,2026-07-03T04:00:24.158594+00:00,117.3,50,bid,FlawlessFlatbreads,DiligentDonuts,5255689
2026-07-03T04:00:25.820994,2026-07-03T04:00:25.832407+00:00,117.1,41,ask,DiligentDonuts,CostlyCorianders,5255704
2026-07-03T04:00:26.252537,2026-07-03T04:00:26.264075+00:00,117.4,50,bid,FlawlessFlatbreads,EarnestEspressos,5255709
2026-07-03T04:00:27.023665,2026-07-03T04:00:27.031414+00:00,117.4,43,bid,CostlyCorianders,EarnestEspressos,5255724
2026-07-03T04:00:28.392138,2026-07-03T04:00:28.401617+00:00,117.6,50,bid,FlawlessFlatbreads,DiligentDonuts,5255745
2026-07-03T04:00:28.607582,2026-07-03T04:00:28.617463+00:00,117.2,41,ask,EarnestEspressos,CostlyCorianders,5255748
2026-07-03T04:00:30.500909,2026-07-03T04:00:30.509584+00:00,117.4,50,bid,FlawlessFlatbreads,DiligentDonuts,5255781
2026-07-03T04:00:32.613971,2026-07-03T04:00:32.621376+00:00,117.4,50,bid,FlawlessFlatbreads,EarnestEspressos,5255807
2026-07-03T04:00:33.869571,2026-07-03T04:00:33.879449+00:00,117.7,49,bid,CostlyCorianders,DiligentDonuts,5255827
2026-07-03T04:00:36.821780,2026-07-03T04:00:36.833157+00:00,117.7,50,bid,FlawlessFlatbreads,EarnestEspressos,5255893
2026-07-03T04:00:38.788239,2026-07-03T04:00:38.799812+00:00,117.5,22,ask,EarnestEspressos,Zihao Wu,5255923
2026-07-03T04:00:38.946932,2026-07-03T04:00:38.958552+00:00,118.0,50,bid,FlawlessFlatbreads,EarnestEspressos,5255927
2026-07-03T04:00:40.125059,2026-07-03T04:00:40.136435+00:00,118.0,100,bid,EarnestEspressos,DiligentDonuts,5255950
2026-07-03T04:00:40.191385,2026-07-03T04:00:40.199227+00:00,118.0,3,ask,EarnestEspressos,Xuanyu Liu,5255951
2026-07-03T04:00:40.215534,2026-07-03T04:00:40.226959+00:00,118.0,46,ask,EarnestEspressos,Xuanyu Liu,5255953
2026-07-03T04:00:40.401930,2026-07-03T04:00:40.413273+00:00,118.0,1,ask,EarnestEspressos,Alice Feng,5255958
2026-07-03T04:00:40.409626,2026-07-03T04:00:40.418554+00:00,117.5,2,ask,DiligentDonuts,Alice Feng,5255960
2026-07-03T04:00:40.589723,2026-07-03T04:00:40.599532+00:00,117.5,43,ask,DiligentDonuts,CostlyCorianders,5255963
2026-07-03T04:00:41.057571,2026-07-03T04:00:41.068743+00:00,118.5,50,bid,FlawlessFlatbreads,EarnestEspressos,5255978
2026-07-03T04:00:41.433033,2026-07-03T04:00:41.444614+00:00,118.2,2,ask,DiligentDonuts,Alice Feng,5255992
2026-07-03T04:00:41.637768,2026-07-03T04:00:41.648463+00:00,118.2,25,ask,DiligentDonuts,Alice Feng,5255994
2026-07-03T04:00:41.645223,2026-07-03T04:00:41.663974+00:00,118.2,2,ask,DiligentDonuts,Alice Feng,5255996
2026-07-03T04:00:41.848984,2026-07-03T04:00:41.860318+00:00,118.2,25,ask,DiligentDonuts,Alice Feng,5256001
2026-07-03T04:00:41.857340,2026-07-03T04:00:41.865826+00:00,118.2,2,ask,DiligentDonuts,Alice Feng,5256003
2026-07-03T04:00:42.061625,2026-07-03T04:00:42.073488+00:00,118.2,25,ask,DiligentDonuts,Alice Feng,5256008
2026-07-03T04:00:42.070097,2026-07-03T04:00:42.078480+00:00,118.2,2,ask,DiligentDonuts,Alice Feng,5256010
2026-07-03T04:00:42.274251,2026-07-03T04:00:42.285935+00:00,118.2,17,ask,DiligentDonuts,Alice Feng,5256015
2026-07-03T04:00:43.161757,2026-07-03T04:00:43.173205+00:00,118.5,50,bid,FlawlessFlatbreads,EarnestEspressos,5256029
2026-07-03T04:00:43.370084,2026-07-03T04:00:43.381727+00:00,117.8,2,ask,EarnestEspressos,Alice Feng,5256036
2026-07-03T04:00:43.575493,2026-07-03T04:00:43.584857+00:00,117.8,2,ask,EarnestEspressos,Alice Feng,5256040
2026-07-03T04:00:44.483081,2026-07-03T04:00:44.493085+00:00,118.1,12,bid,Xuanyu Liu,DiligentDonuts,5256048
2026-07-03T04:00:45.268434,2026-07-03T04:00:45.280223+00:00,118.1,50,bid,FlawlessFlatbreads,DiligentDonuts,5256061
2026-07-03T04:00:47.376774,2026-07-03T04:00:47.388844+00:00,118.1,38,bid,FlawlessFlatbreads,DiligentDonuts,5256087
2026-07-03T04:00:47.376774,2026-07-03T04:00:47.388844+00:00,118.2,12,bid,FlawlessFlatbreads,EarnestEspressos,5256088
2026-07-03T04:00:47.586794,2026-07-03T04:00:47.595546+00:00,117.8,25,ask,DiligentDonuts,Alice Feng,5256090
2026-07-03T04:00:47.798174,2026-07-03T04:00:47.808811+00:00,117.8,25,ask,DiligentDonuts,Alice Feng,5256096
2026-07-03T04:00:48.207290,2026-07-03T04:00:48.218802+00:00,117.8,25,ask,DiligentDonuts,CostlyCorianders,5256106
2026-07-03T04:00:48.339706,2026-07-03T04:00:48.351674+00:00,117.8,25,ask,DiligentDonuts,Alice Feng,5256109
2026-07-03T04:00:48.339706,2026-07-03T04:00:48.351674+00:00,117.7,21,ask,EarnestEspressos,CostlyCorianders,5256110
2026-07-03T04:00:49.539422,2026-07-03T04:00:49.545680+00:00,117.7,50,ask,EarnestEspressos,FlawlessFlatbreads,5256140
2026-07-03T04:00:49.687979,2026-07-03T04:00:49.696358+00:00,117.8,11,bid,Xuanyu Liu,EarnestEspressos,5256142
2026-07-03T04:00:50.704511,2026-07-03T04:00:50.713191+00:00,117.8,12,bid,Xuanyu Liu,EarnestEspressos,5256153
2026-07-03T04:00:51.648190,2026-07-03T04:00:51.658604+00:00,117.4,50,ask,DiligentDonuts,FlawlessFlatbreads,5256170
2026-07-03T04:00:53.087888,2026-07-03T04:00:53.095070+00:00,117.9,42,bid,CostlyCorianders,DiligentDonuts,5256181
2026-07-03T04:00:53.755056,2026-07-03T04:00:53.766706+00:00,117.4,50,ask,DiligentDonuts,FlawlessFlatbreads,5256189
2026-07-03T04:00:54.659615,2026-07-03T04:00:54.669166+00:00,117.8,14,bid,Xuanyu Liu,DiligentDonuts,5256200
2026-07-03T04:00:54.675114,2026-07-03T04:00:54.684462+00:00,117.8,49,bid,CostlyCorianders,DiligentDonuts,5256202
2026-07-03T04:00:55.745511,2026-07-03T04:00:55.758589+00:00,117.8,37,bid,CostlyCorianders,DiligentDonuts,5256219
2026-07-03T04:00:55.861133,2026-07-03T04:00:55.872793+00:00,117.4,50,ask,EarnestEspressos,FlawlessFlatbreads,5256222
2026-07-03T04:00:57.915241,2026-07-03T04:00:57.926647+00:00,118.0,50,bid,FlawlessFlatbreads,EarnestEspressos,5256241
2026-07-03T04:01:00.073895,2026-07-03T04:01:00.085500+00:00,117.7,50,ask,DiligentDonuts,FlawlessFlatbreads,5256266
2026-07-03T04:01:01.212321,2026-07-03T04:01:01.219502+00:00,118.0,22,bid,Zihao Wu,DiligentDonuts,5256282
2026-07-03T04:01:02.181228,2026-07-03T04:01:02.192478+00:00,117.6,50,ask,EarnestEspressos,FlawlessFlatbreads,5256296
2026-07-03T04:01:04.080192,2026-07-03T04:01:04.088001+00:00,117.7,46,ask,EarnestEspressos,CostlyCorianders,5256321
2026-07-03T04:01:04.286768,2026-07-03T04:01:04.298132+00:00,117.7,50,ask,EarnestEspressos,FlawlessFlatbreads,5256328
2026-07-03T04:01:05.483159,2026-07-03T04:01:05.494743+00:00,117.7,100,ask,DiligentDonuts,EarnestEspressos,5256348
2026-07-03T04:01:05.603128,2026-07-03T04:01:05.609968+00:00,117.6,42,bid,CostlyCorianders,EarnestEspressos,5256351
2026-07-03T04:01:05.650257,2026-07-03T04:01:05.658549+00:00,117.6,8,bid,Alice Feng,EarnestEspressos,5256353
2026-07-03T04:01:06.393279,2026-07-03T04:01:06.404628+00:00,117.1,50,ask,EarnestEspressos,FlawlessFlatbreads,5256365
2026-07-03T04:01:06.684748,2026-07-03T04:01:06.696323+00:00,118.0,2,bid,Alice Feng,DiligentDonuts,5256378
2026-07-03T04:01:06.889990,2026-07-03T04:01:06.901631+00:00,118.0,2,bid,Alice Feng,DiligentDonuts,5256380
2026-07-03T04:01:07.094791,2026-07-03T04:01:07.106371+00:00,118.0,2,bid,Alice Feng,DiligentDonuts,5256381
2026-07-03T04:01:07.299812,2026-07-03T04:01:07.311228+00:00,118.0,1,bid,Alice Feng,DiligentDonuts,5256383
2026-07-03T04:01:08.229559,2026-07-03T04:01:08.237972+00:00,117.5,45,ask,DiligentDonuts,CostlyCorianders,5256396
2026-07-03T04:01:08.506070,2026-07-03T04:01:08.517598+00:00,117.5,50,ask,DiligentDonuts,FlawlessFlatbreads,5256402
2026-07-03T04:01:09.912890,2026-07-03T04:01:09.920837+00:00,117.7,25,bid,Alice Feng,DiligentDonuts,5256430
2026-07-03T04:01:10.334244,2026-07-03T04:01:10.344907+00:00,117.7,25,bid,Alice Feng,DiligentDonuts,5256440
2026-07-03T04:01:10.430518,2026-07-03T04:01:10.437300+00:00,117.6,48,ask,EarnestEspressos,CostlyCorianders,5256443
2026-07-03T04:01:10.612701,2026-07-03T04:01:10.624063+00:00,117.6,50,ask,EarnestEspressos,FlawlessFlatbreads,5256446
2026-07-03T04:01:10.943368,2026-07-03T04:01:10.953376+00:00,117.7,25,bid,Alice Feng,DiligentDonuts,5256454
2026-07-03T04:01:12.718808,2026-07-03T04:01:12.726301+00:00,117.6,50,ask,EarnestEspressos,FlawlessFlatbreads,5256485
2026-07-03T04:01:13.175759,2026-07-03T04:01:13.187431+00:00,118.1,40,bid,CostlyCorianders,EarnestEspressos,5256490
2026-07-03T04:01:14.824638,2026-07-03T04:01:14.835848+00:00,117.6,50,ask,EarnestEspressos,FlawlessFlatbreads,5256507
2026-07-03T04:01:14.983106,2026-07-03T04:01:14.991994+00:00,117.6,100,ask,DiligentDonuts,EarnestEspressos,5256509
2026-07-03T04:01:14.993262,2026-07-03T04:01:15.002263+00:00,117.6,14,bid,Xuanyu Liu,EarnestEspressos,5256510
2026-07-03T04:01:15.160019,2026-07-03T04:01:15.166430+00:00,117.6,25,bid,Alice Feng,EarnestEspressos,5256518
2026-07-03T04:01:15.370033,2026-07-03T04:01:15.381657+00:00,117.6,11,bid,Alice Feng,EarnestEspressos,5256520
2026-07-03T04:01:15.374137,2026-07-03T04:01:15.381657+00:00,118.1,2,bid,Alice Feng,DiligentDonuts,5256521
2026-07-03T04:01:15.578573,2026-07-03T04:01:15.590423+00:00,118.1,2,bid,Alice Feng,DiligentDonuts,5256522
2026-07-03T04:01:15.845428,2026-07-03T04:01:15.858586+00:00,118.1,48,bid,CostlyCorianders,DiligentDonuts,5256528
2026-07-03T04:01:16.194617,2026-07-03T04:01:16.263940+00:00,118.0,2,bid,Alice Feng,DiligentDonuts,5256539
2026-07-03T04:01:16.399124,2026-07-03T04:01:16.410504+00:00,118.0,2,bid,Alice Feng,DiligentDonuts,5256548
2026-07-03T04:01:16.661437,2026-07-03T04:01:16.670701+00:00,118.0,2,bid,Alice Feng,DiligentDonuts,5256550
2026-07-03T04:01:16.812210,2026-07-03T04:01:16.823609+00:00,117.5,46,ask,DiligentDonuts,CostlyCorianders,5256555
2026-07-03T04:01:16.930687,2026-07-03T04:01:16.940175+00:00,117.5,50,ask,DiligentDonuts,FlawlessFlatbreads,5256561
2026-07-03T04:01:18.302045,2026-07-03T04:01:18.309556+00:00,117.7,11,ask,EarnestEspressos,Xuanyu Liu,5256576
2026-07-03T04:01:18.437594,2026-07-03T04:01:18.448919+00:00,118.0,47,bid,CostlyCorianders,DiligentDonuts,5256581
2026-07-03T04:01:19.036896,2026-07-03T04:01:19.058693+00:00,117.7,50,ask,EarnestEspressos,FlawlessFlatbreads,5256585
2026-07-03T04:01:19.475478,2026-07-03T04:01:19.482402+00:00,117.8,21,bid,Alice Feng,DiligentDonuts,5256600
2026-07-03T04:01:22.528439,2026-07-03T04:01:22.539841+00:00,117.6,49,ask,EarnestEspressos,CostlyCorianders,5256657
2026-07-03T04:01:23.175345,2026-07-03T04:01:23.181658+00:00,118.0,46,bid,CostlyCorianders,DiligentDonuts,5256671
2026-07-03T04:01:23.200679,2026-07-03T04:01:23.208801+00:00,118.0,50,bid,FlawlessFlatbreads,DiligentDonuts,5256673
2026-07-03T04:01:24.895182,2026-07-03T04:01:24.906528+00:00,117.5,47,ask,DiligentDonuts,CostlyCorianders,5256698
2026-07-03T04:01:25.357507,2026-07-03T04:01:25.368823+00:00,117.5,50,ask,DiligentDonuts,FlawlessFlatbreads,5256706
2026-07-03T04:01:25.910964,2026-07-03T04:01:25.922391+00:00,117.9,43,bid,CostlyCorianders,EarnestEspressos,5256715
2026-07-03T04:01:27.462759,2026-07-03T04:01:27.474209+00:00,117.6,50,ask,DiligentDonuts,FlawlessFlatbreads,5256744
2026-07-03T04:01:29.415730,2026-07-03T04:01:29.427323+00:00,117.5,45,ask,EarnestEspressos,CostlyCorianders,5256764
2026-07-03T04:01:29.517518,2026-07-03T04:01:29.528899+00:00,117.9,50,bid,FlawlessFlatbreads,DiligentDonuts,5256767
2026-07-03T04:01:30.444678,2026-07-03T04:01:30.458604+00:00,117.9,44,bid,CostlyCorianders,DiligentDonuts,5256783
2026-07-03T04:01:31.627912,2026-07-03T04:01:31.638136+00:00,117.7,50,bid,FlawlessFlatbreads,EarnestEspressos,5256810
2026-07-03T04:01:32.501968,2026-07-03T04:01:32.513724+00:00,117.6,43,ask,DiligentDonuts,CostlyCorianders,5256826
2026-07-03T04:01:32.713524,2026-07-03T04:01:32.722506+00:00,117.7,11,bid,Xuanyu Liu,EarnestEspressos,5256829
2026-07-03T04:01:33.734632,2026-07-03T04:01:33.741791+00:00,117.7,50,bid,FlawlessFlatbreads,EarnestEspressos,5256857
2026-07-03T04:01:35.335062,2026-07-03T04:01:35.343530+00:00,117.9,11,ask,EarnestEspressos,Xuanyu Liu,5256894
2026-07-03T04:01:35.846724,2026-07-03T04:01:35.858180+00:00,118.2,50,bid,FlawlessFlatbreads,DiligentDonuts,5256904
2026-07-03T04:01:36.624369,2026-07-03T04:01:36.635933+00:00,117.9,41,ask,EarnestEspressos,CostlyCorianders,5256920
2026-07-03T04:01:37.956806,2026-07-03T04:01:37.953424+00:00,118.0,50,bid,FlawlessFlatbreads,EarnestEspressos,5256941
2026-07-03T04:01:40.096667,2026-07-03T04:01:40.105834+00:00,117.9,50,bid,FlawlessFlatbreads,DiligentDonuts,5256966
2026-07-03T04:01:42.202472,2026-07-03T04:01:42.213923+00:00,118.1,50,bid,FlawlessFlatbreads,EarnestEspressos,5257000
2026-07-03T04:01:45.649139,2026-07-03T04:01:45.658589+00:00,118.3,43,bid,CostlyCorianders,DiligentDonuts,5257049
2026-07-03T04:01:45.818972,2026-07-03T04:01:45.825311+00:00,117.9,3,ask,EarnestEspressos,Xuanyu Liu,5257050
2026-07-03T04:01:46.419844,2026-07-03T04:01:46.430187+00:00,118.3,50,bid,FlawlessFlatbreads,DiligentDonuts,5257058
2026-07-03T04:01:48.579259,2026-07-03T04:01:48.586994+00:00,117.8,50,ask,DiligentDonuts,FlawlessFlatbreads,5257099
2026-07-03T04:01:50.687671,2026-07-03T04:01:50.694579+00:00,117.8,50,ask,DiligentDonuts,FlawlessFlatbreads,5257124
2026-07-03T04:01:53.631922,2026-07-03T04:01:53.643395+00:00,117.8,48,ask,EarnestEspressos,CostlyCorianders,5257167
2026-07-03T04:01:54.897515,2026-07-03T04:01:54.908531+00:00,117.8,50,ask,EarnestEspressos,FlawlessFlatbreads,5257192
2026-07-03T04:01:55.337836,2026-07-03T04:01:55.349385+00:00,118.1,41,bid,CostlyCorianders,DiligentDonuts,5257205
2026-07-03T04:01:56.950617,2026-07-03T04:01:56.955567+00:00,117.9,47,bid,CostlyCorianders,EarnestEspressos,5257229
2026-07-03T04:01:56.953733,2026-07-03T04:01:56.955567+00:00,117.9,50,bid,FlawlessFlatbreads,EarnestEspressos,5257230
2026-07-03T04:01:59.060215,2026-07-03T04:01:59.071740+00:00,117.9,50,bid,FlawlessFlatbreads,EarnestEspressos,5257258
2026-07-03T04:02:01.463919,2026-07-03T04:02:01.474158+00:00,117.8,49,ask,EarnestEspressos,CostlyCorianders,5257295
2026-07-03T04:02:03.272206,2026-07-03T04:02:03.281140+00:00,118.1,50,bid,FlawlessFlatbreads,DiligentDonuts,5257318
2026-07-03T04:02:05.377947,2026-07-03T04:02:05.389321+00:00,118.1,50,bid,FlawlessFlatbreads,EarnestEspressos,5257357
2026-07-03T04:02:09.421990,2026-07-03T04:02:09.431402+00:00,118.2,3,ask,EarnestEspressos,Xuanyu Liu,5257411
2026-07-03T04:02:09.570030,2026-07-03T04:02:09.581642+00:00,118.2,25,ask,EarnestEspressos,Alice Feng,5257417
2026-07-03T04:02:09.780603,2026-07-03T04:02:09.792404+00:00,118.2,25,ask,EarnestEspressos,Alice Feng,5257422
2026-07-03T04:02:09.996838,2026-07-03T04:02:10.005982+00:00,118.2,25,ask,EarnestEspressos,Alice Feng,5257429
2026-07-03T04:02:10.208318,2026-07-03T04:02:10.218942+00:00,118.2,25,ask,EarnestEspressos,Alice Feng,5257434
2026-07-03T04:02:10.398519,2026-07-03T04:02:10.410149+00:00,118.2,47,ask,EarnestEspressos,CostlyCorianders,5257438
2026-07-03T04:02:10.398519,2026-07-03T04:02:10.410149+00:00,118.0,2,ask,DiligentDonuts,CostlyCorianders,5257439
2026-07-03T04:02:11.698456,2026-07-03T04:02:11.710006+00:00,118.5,50,bid,FlawlessFlatbreads,DiligentDonuts,5257460
2026-07-03T04:02:11.935487,2026-07-03T04:02:11.943554+00:00,118.2,3,bid,Xuanyu Liu,EarnestEspressos,5257465
2026-07-03T04:02:13.013018,2026-07-03T04:02:13.024720+00:00,118.2,100,bid,DiligentDonuts,EarnestEspressos,5257489
2026-07-03T04:02:13.901529,2026-07-03T04:02:13.912885+00:00,118.2,47,bid,CostlyCorianders,EarnestEspressos,5257502
2026-07-03T04:02:14.723250,2026-07-03T04:02:14.730394+00:00,118.9,22,bid,Zihao Wu,DiligentDonuts,5257513
2026-07-03T04:02:15.910737,2026-07-03T04:02:15.922343+00:00,118.7,50,bid,FlawlessFlatbreads,EarnestEspressos,5257524
2026-07-03T04:02:18.200327,2026-07-03T04:02:18.210010+00:00,118.4,3,ask,EarnestEspressos,Xuanyu Liu,5257553
2026-07-03T04:02:18.264416,2026-07-03T04:02:18.275825+00:00,118.4,25,ask,EarnestEspressos,Alice Feng,5257555
2026-07-03T04:02:18.473562,2026-07-03T04:02:18.485016+00:00,118.4,25,ask,EarnestEspressos,Alice Feng,5257558
2026-07-03T04:02:18.626404,2026-07-03T04:02:18.635324+00:00,118.4,11,ask,EarnestEspressos,Xuanyu Liu,5257563
2026-07-03T04:02:18.679912,2026-07-03T04:02:18.691698+00:00,118.4,25,ask,EarnestEspressos,Alice Feng,5257565
2026-07-03T04:02:18.891816,2026-07-03T04:02:18.903355+00:00,118.4,25,ask,EarnestEspressos,Alice Feng,5257572
2026-07-03T04:02:20.120281,2026-07-03T04:02:20.127149+00:00,118.5,50,bid,FlawlessFlatbreads,DiligentDonuts,5257593
2026-07-03T04:02:22.712055,2026-07-03T04:02:22.719717+00:00,118.3,42,bid,CostlyCorianders,EarnestEspressos,5257628
2026-07-03T04:02:24.336977,2026-07-03T04:02:24.351337+00:00,118.3,50,bid,FlawlessFlatbreads,EarnestEspressos,5257650
2026-07-03T04:02:25.766730,2026-07-03T04:02:25.776632+00:00,118.2,45,ask,EarnestEspressos,CostlyCorianders,5257671
2026-07-03T04:02:26.511020,2026-07-03T04:02:26.522276+00:00,118.2,50,ask,EarnestEspressos,FlawlessFlatbreads,5257679
2026-07-03T04:02:29.594086,2026-07-03T04:02:29.603310+00:00,118.4,49,bid,CostlyCorianders,EarnestEspressos,5257732
2026-07-03T04:02:30.683278,2026-07-03T04:02:30.696260+00:00,118.4,50,bid,FlawlessFlatbreads,EarnestEspressos,5257745
2026-07-03T04:02:33.013785,2026-07-03T04:02:33.022346+00:00,118.3,12,ask,EarnestEspressos,Xuanyu Liu,5257789
2026-07-03T04:02:33.038453,2026-07-03T04:02:33.049740+00:00,118.3,49,ask,EarnestEspressos,CostlyCorianders,5257791
2026-07-03T04:02:34.347387,2026-07-03T04:02:34.358987+00:00,118.3,23,bid,Xuanyu Liu,EarnestEspressos,5257822
2026-07-03T04:02:34.775836,2026-07-03T04:02:34.784282+00:00,118.0,22,ask,DiligentDonuts,Zihao Wu,5257827
2026-07-03T04:02:34.953717,2026-07-03T04:02:34.963577+00:00,118.0,50,ask,DiligentDonuts,FlawlessFlatbreads,5257832
2026-07-03T04:02:35.076593,2026-07-03T04:02:35.088179+00:00,118.0,28,ask,DiligentDonuts,CostlyCorianders,5257835
2026-07-03T04:02:35.076593,2026-07-03T04:02:35.088179+00:00,117.8,16,ask,EarnestEspressos,CostlyCorianders,5257836
2026-07-03T04:02:36.575818,2026-07-03T04:02:36.587081+00:00,118.2,40,bid,CostlyCorianders,DiligentDonuts,5257857
2026-07-03T04:02:37.009095,2026-07-03T04:02:37.016202+00:00,118.2,50,bid,FlawlessFlatbreads,DiligentDonuts,5257865
2026-07-03T04:02:37.624619,2026-07-03T04:02:37.635913+00:00,117.7,43,ask,DiligentDonuts,CostlyCorianders,5257872
2026-07-03T04:02:38.253908,2026-07-03T04:02:38.265508+00:00,118.2,10,bid,CostlyCorianders,DiligentDonuts,5257888
2026-07-03T04:02:38.253908,2026-07-03T04:02:38.265508+00:00,118.2,30,bid,CostlyCorianders,EarnestEspressos,5257889
2026-07-03T04:02:38.905326,2026-07-03T04:02:38.916828+00:00,118.1,47,bid,CostlyCorianders,DiligentDonuts,5257899
2026-07-03T04:02:39.174052,2026-07-03T04:02:39.185313+00:00,117.7,50,ask,EarnestEspressos,FlawlessFlatbreads,5257908
2026-07-03T04:02:39.582476,2026-07-03T04:02:39.591167+00:00,118.1,3,bid,Xuanyu Liu,DiligentDonuts,5257912
2026-07-03T04:02:41.229497,2026-07-03T04:02:41.240884+00:00,118.1,50,bid,FlawlessFlatbreads,DiligentDonuts,5257941
2026-07-03T04:02:41.487138,2026-07-03T04:02:41.496089+00:00,118.2,3,ask,DiligentDonuts,Xuanyu Liu,5257947
2026-07-03T04:02:43.339646,2026-07-03T04:02:43.358604+00:00,118.5,50,bid,FlawlessFlatbreads,EarnestEspressos,5257970
2026-07-03T04:02:45.456707,2026-07-03T04:02:45.470707+00:00,118.7,50,bid,FlawlessFlatbreads,EarnestEspressos,5258004
2026-07-03T04:02:45.805669,2026-07-03T04:02:45.816965+00:00,118.4,49,ask,DiligentDonuts,CostlyCorianders,5258009
2026-07-03T04:02:47.563397,2026-07-03T04:02:47.572781+00:00,118.9,50,bid,FlawlessFlatbreads,DiligentDonuts,5258037
2026-07-03T04:02:47.642231,2026-07-03T04:02:47.650733+00:00,118.5,11,ask,EarnestEspressos,Xuanyu Liu,5258039
2026-07-03T04:02:49.712502,2026-07-03T04:02:49.723769+00:00,118.9,50,bid,FlawlessFlatbreads,DiligentDonuts,5258069
2026-07-03T04:02:51.019840,2026-07-03T04:02:51.028932+00:00,118.6,45,ask,DiligentDonuts,CostlyCorianders,5258096
2026-07-03T04:02:51.588389,2026-07-03T04:02:51.598200+00:00,119.0,48,bid,CostlyCorianders,EarnestEspressos,5258098
2026-07-03T04:02:51.821095,2026-07-03T04:02:51.829537+00:00,119.0,50,bid,FlawlessFlatbreads,EarnestEspressos,5258101
2026-07-03T04:02:52.988814,2026-07-03T04:02:52.997661+00:00,118.9,35,ask,EarnestEspressos,Xuanyu Liu,5258120
2026-07-03T04:02:53.940711,2026-07-03T04:02:53.949008+00:00,119.1,50,bid,FlawlessFlatbreads,DiligentDonuts,5258140
2026-07-03T04:02:54.904633,2026-07-03T04:02:54.913402+00:00,118.9,11,ask,EarnestEspressos,Xuanyu Liu,5258150
2026-07-03T04:02:56.046484,2026-07-03T04:02:56.063618+00:00,119.2,50,bid,FlawlessFlatbreads,DiligentDonuts,5258161
2026-07-03T04:02:57.351228,2026-07-03T04:02:57.355775+00:00,118.6,43,ask,EarnestEspressos,CostlyCorianders,5258184
2026-07-03T04:02:58.155610,2026-07-03T04:02:58.167120+00:00,119.1,50,bid,FlawlessFlatbreads,EarnestEspressos,5258195
2026-07-03T04:03:00.262994,2026-07-03T04:03:00.274315+00:00,119.1,50,bid,FlawlessFlatbreads,DiligentDonuts,5258229
2026-07-03T04:03:01.800939,2026-07-03T04:03:01.812400+00:00,118.8,46,ask,DiligentDonuts,CostlyCorianders,5258258
2026-07-03T04:03:02.371465,2026-07-03T04:03:02.382787+00:00,119.1,50,bid,FlawlessFlatbreads,EarnestEspressos,5258261
2026-07-03T04:03:02.793672,2026-07-03T04:03:02.813252+00:00,118.8,11,ask,DiligentDonuts,Xuanyu Liu,5258268
2026-07-03T04:03:03.143989,2026-07-03T04:03:03.152600+00:00,118.8,23,ask,DiligentDonuts,Xuanyu Liu,5258272
2026-07-03T04:03:03.662800,2026-07-03T04:03:03.674278+00:00,118.8,100,ask,EarnestEspressos,DiligentDonuts,5258282
2026-07-03T04:03:04.479221,2026-07-03T04:03:04.490581+00:00,119.3,50,bid,FlawlessFlatbreads,EarnestEspressos,5258302
2026-07-03T04:03:06.062345,2026-07-03T04:03:06.068856+00:00,118.9,49,bid,CostlyCorianders,EarnestEspressos,5258331
2026-07-03T04:03:06.585250,2026-07-03T04:03:06.596475+00:00,118.9,50,bid,FlawlessFlatbreads,EarnestEspressos,5258338
2026-07-03T04:03:07.080688,2026-07-03T04:03:07.090044+00:00,118.4,44,ask,EarnestEspressos,CostlyCorianders,5258344
2026-07-03T04:03:07.645566,2026-07-03T04:03:07.652431+00:00,118.4,48,ask,EarnestEspressos,CostlyCorianders,5258355
2026-07-03T04:03:08.714123,2026-07-03T04:03:08.725545+00:00,118.9,48,bid,CostlyCorianders,EarnestEspressos,5258374
2026-07-03T04:03:08.743105,2026-07-03T04:03:08.749306+00:00,118.4,50,ask,EarnestEspressos,FlawlessFlatbreads,5258376
2026-07-03T04:03:10.849983,2026-07-03T04:03:10.858587+00:00,118.5,50,ask,DiligentDonuts,FlawlessFlatbreads,5258421
2026-07-03T04:03:12.617436,2026-07-03T04:03:12.626648+00:00,118.7,46,bid,CostlyCorianders,EarnestEspressos,5258445
2026-07-03T04:03:12.955307,2026-07-03T04:03:12.963902+00:00,118.5,50,ask,DiligentDonuts,FlawlessFlatbreads,5258449
2026-07-03T04:03:13.227625,2026-07-03T04:03:13.239082+00:00,118.2,47,ask,EarnestEspressos,CostlyCorianders,5258459
2026-07-03T04:03:13.742606,2026-07-03T04:03:13.751998+00:00,118.2,46,ask,EarnestEspressos,CostlyCorianders,5258469
2026-07-03T04:03:14.801796,2026-07-03T04:03:14.813446+00:00,118.6,46,bid,CostlyCorianders,DiligentDonuts,5258491
2026-07-03T04:03:15.065683,2026-07-03T04:03:15.074219+00:00,118.2,50,ask,EarnestEspressos,FlawlessFlatbreads,5258498
2026-07-03T04:03:15.187793,2026-07-03T04:03:15.197284+00:00,118.4,11,bid,Xuanyu Liu,EarnestEspressos,5258500
2026-07-03T04:03:15.549433,2026-07-03T04:03:15.558907+00:00,118.4,12,bid,Xuanyu Liu,EarnestEspressos,5258508
2026-07-03T04:03:16.914649,2026-07-03T04:03:16.926311+00:00,118.3,47,ask,DiligentDonuts,CostlyCorianders,5258525
2026-07-03T04:03:17.176681,2026-07-03T04:03:17.183493+00:00,118.3,50,ask,DiligentDonuts,FlawlessFlatbreads,5258534
2026-07-03T04:03:18.337628,2026-07-03T04:03:18.347096+00:00,118.3,3,ask,DiligentDonuts,EarnestEspressos,5258547
2026-07-03T04:03:19.283280,2026-07-03T04:03:19.294619+00:00,117.7,50,ask,EarnestEspressos,FlawlessFlatbreads,5258559
2026-07-03T04:03:19.724265,2026-07-03T04:03:19.732435+00:00,118.2,42,bid,CostlyCorianders,EarnestEspressos,5258574
2026-07-03T04:03:21.391517,2026-07-03T04:03:21.403223+00:00,117.8,50,ask,DiligentDonuts,FlawlessFlatbreads,5258592
2026-07-03T04:03:22.659512,2026-07-03T04:03:22.668455+00:00,118.0,11,bid,Xuanyu Liu,DiligentDonuts,5258613
2026-07-03T04:03:28.031420,2026-07-03T04:03:28.043026+00:00,118.0,40,bid,CostlyCorianders,DiligentDonuts,5258697
2026-07-03T04:03:29.580016,2026-07-03T04:03:29.591372+00:00,117.7,49,ask,DiligentDonuts,CostlyCorianders,5258726
2026-07-03T04:03:29.807057,2026-07-03T04:03:29.815893+00:00,117.7,50,ask,DiligentDonuts,FlawlessFlatbreads,5258733
2026-07-03T04:03:31.868830,2026-07-03T04:03:31.875593+00:00,117.9,50,bid,FlawlessFlatbreads,EarnestEspressos,5258764
2026-07-03T04:03:31.942950,2026-07-03T04:03:31.951386+00:00,117.9,11,bid,Xuanyu Liu,EarnestEspressos,5258765
2026-07-03T04:03:33.252953,2026-07-03T04:03:33.263881+00:00,117.9,12,bid,Xuanyu Liu,EarnestEspressos,5258780
2026-07-03T04:03:33.974348,2026-07-03T04:03:33.986081+00:00,117.9,50,bid,FlawlessFlatbreads,EarnestEspressos,5258788
2026-07-03T04:03:34.120363,2026-07-03T04:03:34.131578+00:00,117.9,100,bid,EarnestEspressos,DiligentDonuts,5258792
2026-07-03T04:03:34.185800,2026-07-03T04:03:34.194721+00:00,118.2,23,ask,EarnestEspressos,Xuanyu Liu,5258793
2026-07-03T04:03:36.082905,2026-07-03T04:03:36.090408+00:00,118.3,50,bid,FlawlessFlatbreads,DiligentDonuts,5258815
2026-07-03T04:03:36.921546,2026-07-03T04:03:36.932980+00:00,118.3,43,bid,CostlyCorianders,DiligentDonuts,5258828
2026-07-03T04:03:38.188944,2026-07-03T04:03:38.200273+00:00,118.2,50,bid,FlawlessFlatbreads,EarnestEspressos,5258843
2026-07-03T04:03:38.938234,2026-07-03T04:03:38.947733+00:00,118.2,40,bid,CostlyCorianders,EarnestEspressos,5258859
2026-07-03T04:03:40.313030,2026-07-03T04:03:40.323512+00:00,118.2,50,bid,FlawlessFlatbreads,EarnestEspressos,5258874
2026-07-03T04:03:40.959526,2026-07-03T04:03:40.968128+00:00,118.0,11,ask,EarnestEspressos,Xuanyu Liu,5258889
2026-07-03T04:03:42.425189,2026-07-03T04:03:42.436585+00:00,118.2,50,bid,FlawlessFlatbreads,DiligentDonuts,5258905
2026-07-03T04:03:46.708263,2026-07-03T04:03:46.719758+00:00,117.9,50,ask,EarnestEspressos,FlawlessFlatbreads,5258964
2026-07-03T04:03:47.060181,2026-07-03T04:03:47.071961+00:00,117.7,49,ask,DiligentDonuts,CostlyCorianders,5258973
2026-07-03T04:03:47.569168,2026-07-03T04:03:47.576808+00:00,117.7,44,ask,DiligentDonuts,CostlyCorianders,5258983
2026-07-03T04:03:48.780418,2026-07-03T04:03:48.794997+00:00,118.1,50,bid,FlawlessFlatbreads,EarnestEspressos,5259007
2026-07-03T04:03:50.893412,2026-07-03T04:03:50.905141+00:00,118.2,50,bid,FlawlessFlatbreads,DiligentDonuts,5259038
2026-07-03T04:03:52.172983,2026-07-03T04:03:52.184509+00:00,118.2,46,bid,CostlyCorianders,DiligentDonuts,5259060
2026-07-03T04:03:53.016011,2026-07-03T04:03:53.031766+00:00,118.2,50,bid,FlawlessFlatbreads,DiligentDonuts,5259073
2026-07-03T04:03:55.121984,2026-07-03T04:03:55.133336+00:00,118.4,50,bid,FlawlessFlatbreads,EarnestEspressos,5259096
2026-07-03T04:03:55.466522,2026-07-03T04:03:55.475475+00:00,118.1,12,ask,DiligentDonuts,Xuanyu Liu,5259101
2026-07-03T04:03:55.687422,2026-07-03T04:03:55.698972+00:00,118.1,47,ask,DiligentDonuts,CostlyCorianders,5259106
2026-07-03T04:03:56.744867,2026-07-03T04:03:56.756235+00:00,118.6,46,bid,CostlyCorianders,DiligentDonuts,5259111
2026-07-03T04:03:59.390303,2026-07-03T04:03:59.401841+00:00,118.0,50,ask,DiligentDonuts,FlawlessFlatbreads,5259152
2026-07-03T04:03:59.480849,2026-07-03T04:03:59.489340+00:00,118.1,17,ask,EarnestEspressos,Xuanyu Liu,5259158
2026-07-03T04:04:01.183709,2026-07-03T04:04:01.192430+00:00,118.1,45,ask,EarnestEspressos,CostlyCorianders,5259193
2026-07-03T04:04:01.501862,2026-07-03T04:04:01.511121+00:00,118.1,50,ask,EarnestEspressos,FlawlessFlatbreads,5259196
2026-07-03T04:04:02.641417,2026-07-03T04:04:02.652547+00:00,118.0,6,bid,Xuanyu Liu,EarnestEspressos,5259209
2026-07-03T04:04:02.719855,2026-07-03T04:04:02.731237+00:00,118.0,11,bid,Xuanyu Liu,EarnestEspressos,5259212
2026-07-03T04:04:05.728961,2026-07-03T04:04:05.736646+00:00,117.8,50,ask,DiligentDonuts,FlawlessFlatbreads,5259263
2026-07-03T04:04:07.834513,2026-07-03T04:04:07.845973+00:00,117.8,50,ask,DiligentDonuts,FlawlessFlatbreads,5259290
2026-07-03T04:04:09.941122,2026-07-03T04:04:09.948062+00:00,117.8,50,ask,DiligentDonuts,FlawlessFlatbreads,5259314
2026-07-03T04:04:11.259600,2026-07-03T04:04:11.268926+00:00,118.1,23,bid,Xuanyu Liu,EarnestEspressos,5259341
2026-07-03T04:04:11.447736,2026-07-03T04:04:11.454044+00:00,118.1,49,bid,CostlyCorianders,EarnestEspressos,5259345
2026-07-03T04:04:12.062286,2026-07-03T04:04:12.074061+00:00,117.6,50,ask,DiligentDonuts,FlawlessFlatbreads,5259356
2026-07-03T04:04:12.062687,2026-07-03T04:04:12.079530+00:00,118.1,100,bid,EarnestEspressos,DiligentDonuts,5259357
2026-07-03T04:04:13.652718,2026-07-03T04:04:13.663961+00:00,118.3,11,ask,EarnestEspressos,Xuanyu Liu,5259372
2026-07-03T04:04:16.440982,2026-07-03T04:04:16.463671+00:00,118.3,40,bid,CostlyCorianders,EarnestEspressos,5259417
2026-07-03T04:04:16.565567,2026-07-03T04:04:16.576223+00:00,118.3,11,bid,Xuanyu Liu,EarnestEspressos,5259419
2026-07-03T04:04:17.973985,2026-07-03T04:04:18.064055+00:00,118.3,43,bid,CostlyCorianders,EarnestEspressos,5259435
2026-07-03T04:04:18.395179,2026-07-03T04:04:18.402299+00:00,118.4,100,bid,EarnestEspressos,DiligentDonuts,5259443
2026-07-03T04:04:18.443536,2026-07-03T04:04:18.457176+00:00,118.4,50,ask,EarnestEspressos,FlawlessFlatbreads,5259444
2026-07-03T04:04:20.549437,2026-07-03T04:04:20.558610+00:00,118.4,50,ask,DiligentDonuts,FlawlessFlatbreads,5259474
2026-07-03T04:04:21.610418,2026-07-03T04:04:21.622108+00:00,118.4,50,ask,DiligentDonuts,EarnestEspressos,5259482
2026-07-03T04:04:22.656334,2026-07-03T04:04:22.652408+00:00,117.8,50,ask,EarnestEspressos,FlawlessFlatbreads,5259487
2026-07-03T04:04:22.969588,2026-07-03T04:04:22.977062+00:00,118.0,43,ask,DiligentDonuts,CostlyCorianders,5259495
2026-07-03T04:04:24.564848,2026-07-03T04:04:24.571340+00:00,118.0,48,ask,DiligentDonuts,CostlyCorianders,5259504
2026-07-03T04:04:24.762689,2026-07-03T04:04:24.774242+00:00,118.0,9,ask,DiligentDonuts,FlawlessFlatbreads,5259506
2026-07-03T04:04:24.762689,2026-07-03T04:04:24.774242+00:00,117.8,41,ask,EarnestEspressos,FlawlessFlatbreads,5259507
2026-07-03T04:04:26.003299,2026-07-03T04:04:26.014664+00:00,118.3,48,bid,CostlyCorianders,EarnestEspressos,5259529
2026-07-03T04:04:26.875057,2026-07-03T04:04:26.886507+00:00,117.8,50,ask,EarnestEspressos,FlawlessFlatbreads,5259536
2026-07-03T04:04:26.934063,2026-07-03T04:04:26.943193+00:00,118.3,11,bid,Xuanyu Liu,EarnestEspressos,5259541
2026-07-03T04:04:28.168708,2026-07-03T04:04:28.177108+00:00,118.3,23,bid,Xuanyu Liu,DiligentDonuts,5259556
2026-07-03T04:04:28.983475,2026-07-03T04:04:28.994931+00:00,117.8,50,ask,EarnestEspressos,FlawlessFlatbreads,5259570
2026-07-03T04:04:30.565003,2026-07-03T04:04:30.575188+00:00,118.3,45,bid,CostlyCorianders,EarnestEspressos,5259598
2026-07-03T04:04:31.090053,2026-07-03T04:04:31.101397+00:00,118.2,50,ask,DiligentDonuts,FlawlessFlatbreads,5259604
2026-07-03T04:04:33.197005,2026-07-03T04:04:33.208402+00:00,118.0,50,ask,EarnestEspressos,FlawlessFlatbreads,5259641
2026-07-03T04:04:35.302869,2026-07-03T04:04:35.311080+00:00,117.9,50,ask,EarnestEspressos,FlawlessFlatbreads,5259668
2026-07-03T04:04:36.165706,2026-07-03T04:04:36.174493+00:00,118.4,12,bid,Xuanyu Liu,EarnestEspressos,5259679
2026-07-03T04:04:37.357829,2026-07-03T04:04:37.369408+00:00,118.6,50,bid,FlawlessFlatbreads,DiligentDonuts,5259701
2026-07-03T04:04:39.076324,2026-07-03T04:04:39.085268+00:00,118.3,44,ask,DiligentDonuts,CostlyCorianders,5259723
2026-07-03T04:04:39.465196,2026-07-03T04:04:39.474679+00:00,118.4,50,bid,FlawlessFlatbreads,EarnestEspressos,5259733
2026-07-03T04:04:41.401203,2026-07-03T04:04:41.415169+00:00,118.6,11,bid,Xuanyu Liu,EarnestEspressos,5259756
2026-07-03T04:04:41.570081,2026-07-03T04:04:41.581750+00:00,118.6,50,bid,FlawlessFlatbreads,EarnestEspressos,5259765
2026-07-03T04:04:41.676472,2026-07-03T04:04:41.688126+00:00,118.6,89,bid,DiligentDonuts,EarnestEspressos,5259766
2026-07-03T04:04:43.677476,2026-07-03T04:04:43.688846+00:00,119.1,50,bid,FlawlessFlatbreads,DiligentDonuts,5259795
2026-07-03T04:04:43.724564,2026-07-03T04:04:43.733954+00:00,118.8,23,ask,EarnestEspressos,Xuanyu Liu,5259799
2026-07-03T04:04:44.895075,2026-07-03T04:04:44.901449+00:00,118.8,100,ask,EarnestEspressos,DiligentDonuts,5259813
2026-07-03T04:04:45.786086,2026-07-03T04:04:45.794703+00:00,119.3,50,bid,FlawlessFlatbreads,EarnestEspressos,5259827
2026-07-03T04:04:47.891916,2026-07-03T04:04:47.903346+00:00,119.0,50,bid,FlawlessFlatbreads,EarnestEspressos,5259852
2026-07-03T04:04:49.242535,2026-07-03T04:04:49.254058+00:00,118.7,47,ask,DiligentDonuts,CostlyCorianders,5259877
2026-07-03T04:04:50.049831,2026-07-03T04:04:50.063669+00:00,118.7,50,ask,DiligentDonuts,FlawlessFlatbreads,5259888
2026-07-03T04:04:52.155999,2026-07-03T04:04:52.167498+00:00,118.9,50,ask,EarnestEspressos,FlawlessFlatbreads,5259915
2026-07-03T04:04:52.429200,2026-07-03T04:04:52.440834+00:00,119.0,41,bid,CostlyCorianders,DiligentDonuts,5259922
2026-07-03T04:04:53.050828,2026-07-03T04:04:53.064154+00:00,119.0,48,bid,CostlyCorianders,DiligentDonuts,5259937
2026-07-03T04:04:53.582023,2026-07-03T04:04:53.590829+00:00,119.0,11,bid,Xuanyu Liu,DiligentDonuts,5259943
2026-07-03T04:04:54.264613,2026-07-03T04:04:54.271473+00:00,118.9,50,ask,EarnestEspressos,FlawlessFlatbreads,5259955
2026-07-03T04:04:55.168687,2026-07-03T04:04:55.179260+00:00,118.9,46,ask,EarnestEspressos,CostlyCorianders,5259966
2026-07-03T04:04:56.446352,2026-07-03T04:04:56.463242+00:00,119.0,1,bid,Xuanyu Liu,EarnestEspressos,5259986
2026-07-03T04:04:57.431977,2026-07-03T04:04:57.441679+00:00,119.0,41,bid,CostlyCorianders,EarnestEspressos,5259998
2026-07-03T04:04:57.491417,2026-07-03T04:04:57.499909+00:00,119.0,100,bid,DiligentDonuts,EarnestEspressos,5260000
2026-07-03T04:04:58.426228,2026-07-03T04:04:58.437615+00:00,119.0,8,bid,FlawlessFlatbreads,EarnestEspressos,5260013
2026-07-03T04:04:58.426228,2026-07-03T04:04:58.442880+00:00,119.5,42,bid,FlawlessFlatbreads,DiligentDonuts,5260014
2026-07-03T04:04:59.704254,2026-07-03T04:04:59.712931+00:00,119.1,45,ask,EarnestEspressos,CostlyCorianders,5260034
2026-07-03T04:05:00.540292,2026-07-03T04:05:00.551936+00:00,119.5,50,bid,FlawlessFlatbreads,DiligentDonuts,5260057
2026-07-03T04:05:00.927505,2026-07-03T04:05:00.939081+00:00,119.5,43,bid,CostlyCorianders,DiligentDonuts,5260067
2026-07-03T04:05:01.088346,2026-07-03T04:05:01.097589+00:00,119.1,12,ask,EarnestEspressos,Xuanyu Liu,5260069
2026-07-03T04:05:02.044056,2026-07-03T04:05:02.044209+00:00,119.1,44,ask,EarnestEspressos,CostlyCorianders,5260092
2026-07-03T04:05:04.751415,2026-07-03T04:05:04.763843+00:00,119.1,50,bid,FlawlessFlatbreads,EarnestEspressos,5260131
2026-07-03T04:05:05.126193,2026-07-03T04:05:05.137545+00:00,119.1,40,bid,CostlyCorianders,EarnestEspressos,5260136
2026-07-03T04:05:06.860653,2026-07-03T04:05:06.869590+00:00,119.5,50,bid,FlawlessFlatbreads,DiligentDonuts,5260163
2026-07-03T04:05:07.634512,2026-07-03T04:05:07.642209+00:00,119.3,34,ask,DiligentDonuts,Xuanyu Liu,5260180
2026-07-03T04:05:08.946143,2026-07-03T04:05:08.954563+00:00,119.3,11,ask,DiligentDonuts,Xuanyu Liu,5260204
2026-07-03T04:05:08.978386,2026-07-03T04:05:08.987506+00:00,119.8,50,bid,FlawlessFlatbreads,DiligentDonuts,5260206
2026-07-03T04:05:09.076889,2026-07-03T04:05:09.088268+00:00,119.3,55,ask,DiligentDonuts,EarnestEspressos,5260207
2026-07-03T04:05:10.252495,2026-07-03T04:05:10.261848+00:00,119.2,11,bid,Xuanyu Liu,EarnestEspressos,5260228
2026-07-03T04:05:11.792232,2026-07-03T04:05:11.803892+00:00,118.7,47,ask,EarnestEspressos,CostlyCorianders,5260248
2026-07-03T04:05:12.829847,2026-07-03T04:05:12.837349+00:00,118.9,42,ask,EarnestEspressos,CostlyCorianders,5260267
2026-07-03T04:05:13.240520,2026-07-03T04:05:13.248105+00:00,118.9,50,ask,EarnestEspressos,FlawlessFlatbreads,5260270
2026-07-03T04:05:15.371192,2026-07-03T04:05:15.385587+00:00,118.8,50,ask,DiligentDonuts,FlawlessFlatbreads,5260293
2026-07-03T04:05:16.791160,2026-07-03T04:05:16.799481+00:00,119.0,34,bid,Xuanyu Liu,EarnestEspressos,5260313
2026-07-03T04:05:17.477697,2026-07-03T04:05:17.489146+00:00,118.6,50,ask,DiligentDonuts,FlawlessFlatbreads,5260329
2026-07-03T04:05:18.100935,2026-07-03T04:05:18.109654+00:00,119.0,12,bid,Xuanyu Liu,EarnestEspressos,5260339
2026-07-03T04:05:19.604487,2026-07-03T04:05:19.615760+00:00,118.7,50,ask,EarnestEspressos,FlawlessFlatbreads,5260370
2026-07-03T04:05:20.200020,2026-07-03T04:05:20.208319+00:00,119.0,45,bid,CostlyCorianders,DiligentDonuts,5260382
2026-07-03T04:05:21.236386,2026-07-03T04:05:21.264645+00:00,119.0,40,bid,CostlyCorianders,DiligentDonuts,5260394
2026-07-03T04:05:21.711498,2026-07-03T04:05:21.722816+00:00,118.5,50,ask,DiligentDonuts,FlawlessFlatbreads,5260401
2026-07-03T04:05:23.391418,2026-07-03T04:05:23.400154+00:00,118.7,43,ask,DiligentDonuts,CostlyCorianders,5260424
2026-07-03T04:05:23.831682,2026-07-03T04:05:23.842779+00:00,118.7,50,ask,DiligentDonuts,FlawlessFlatbreads,5260427
2026-07-03T04:05:23.941016,2026-07-03T04:05:23.949544+00:00,118.7,7,ask,DiligentDonuts,CostlyCorianders,5260433
2026-07-03T04:05:25.508828,2026-07-03T04:05:25.520148+00:00,118.9,45,bid,CostlyCorianders,EarnestEspressos,5260450
2026-07-03T04:05:27.990473,2026-07-03T04:05:28.001919+00:00,118.8,50,bid,FlawlessFlatbreads,DiligentDonuts,5260489
2026-07-03T04:05:30.374086,2026-07-03T04:05:30.382376+00:00,118.6,42,ask,EarnestEspressos,CostlyCorianders,5260527
2026-07-03T04:05:32.201303,2026-07-03T04:05:32.208836+00:00,118.9,50,bid,FlawlessFlatbreads,EarnestEspressos,5260554
2026-07-03T04:05:32.243664,2026-07-03T04:05:32.254915+00:00,118.9,45,bid,CostlyCorianders,EarnestEspressos,5260556
2026-07-03T04:05:33.380584,2026-07-03T04:05:33.392149+00:00,118.9,43,bid,CostlyCorianders,EarnestEspressos,5260575
2026-07-03T04:05:34.353210,2026-07-03T04:05:34.358583+00:00,118.9,100,bid,EarnestEspressos,DiligentDonuts,5260593
2026-07-03T04:05:34.360882,2026-07-03T04:05:34.372332+00:00,119.2,50,ask,EarnestEspressos,FlawlessFlatbreads,5260594
2026-07-03T04:05:36.944213,2026-07-03T04:05:36.954180+00:00,118.9,43,ask,DiligentDonuts,CostlyCorianders,5260623
2026-07-03T04:05:37.764990,2026-07-03T04:05:37.773543+00:00,118.9,12,ask,DiligentDonuts,Xuanyu Liu,5260640
2026-07-03T04:05:38.041858,2026-07-03T04:05:38.048423+00:00,118.9,45,ask,DiligentDonuts,CostlyCorianders,5260645
2026-07-03T04:05:38.041858,2026-07-03T04:05:38.048423+00:00,118.7,2,ask,EarnestEspressos,CostlyCorianders,5260646
2026-07-03T04:05:38.570440,2026-07-03T04:05:38.578168+00:00,118.7,50,ask,EarnestEspressos,FlawlessFlatbreads,5260653
2026-07-03T04:05:40.611403,2026-07-03T04:05:40.623028+00:00,118.9,47,bid,CostlyCorianders,DiligentDonuts,5260684
2026-07-03T04:05:40.626049,2026-07-03T04:05:40.633298+00:00,118.9,50,bid,FlawlessFlatbreads,DiligentDonuts,5260685
2026-07-03T04:05:41.553217,2026-07-03T04:05:41.558578+00:00,118.4,40,ask,DiligentDonuts,CostlyCorianders,5260708
2026-07-03T04:05:42.048529,2026-07-03T04:05:42.063896+00:00,118.5,47,ask,DiligentDonuts,CostlyCorianders,5260716
2026-07-03T04:05:42.783472,2026-07-03T04:05:42.794872+00:00,118.5,50,ask,DiligentDonuts,FlawlessFlatbreads,5260726
2026-07-03T04:05:44.427052,2026-07-03T04:05:44.437387+00:00,118.8,12,bid,Xuanyu Liu,EarnestEspressos,5260739
2026-07-03T04:05:44.889837,2026-07-03T04:05:44.899703+00:00,118.3,50,ask,EarnestEspressos,FlawlessFlatbreads,5260752
2026-07-03T04:05:45.592873,2026-07-03T04:05:45.604273+00:00,118.8,48,bid,CostlyCorianders,EarnestEspressos,5260762
2026-07-03T04:05:46.596315,2026-07-03T04:05:46.607775+00:00,118.8,46,bid,CostlyCorianders,EarnestEspressos,5260780
2026-07-03T04:05:46.996765,2026-07-03T04:05:47.008041+00:00,118.4,50,ask,DiligentDonuts,FlawlessFlatbreads,5260789
2026-07-03T04:05:48.231858,2026-07-03T04:05:48.241334+00:00,118.5,14,bid,Xuanyu Liu,DiligentDonuts,5260802
2026-07-03T04:05:51.204771,2026-07-03T04:05:51.216129+00:00,118.3,50,ask,EarnestEspressos,FlawlessFlatbreads,5260859
2026-07-03T04:05:52.224210,2026-07-03T04:05:52.236233+00:00,118.3,49,ask,EarnestEspressos,CostlyCorianders,5260870
2026-07-03T04:05:52.893430,2026-07-03T04:05:52.900217+00:00,118.6,48,bid,CostlyCorianders,DiligentDonuts,5260875
2026-07-03T04:05:53.260055,2026-07-03T04:05:53.271530+00:00,118.6,50,bid,FlawlessFlatbreads,DiligentDonuts,5260880
2026-07-03T04:05:53.891923,2026-07-03T04:05:53.899538+00:00,118.5,40,bid,CostlyCorianders,EarnestEspressos,5260895
2026-07-03T04:05:55.369074,2026-07-03T04:05:55.380319+00:00,118.5,50,bid,FlawlessFlatbreads,EarnestEspressos,5260912
2026-07-03T04:05:57.451156,2026-07-03T04:05:57.458583+00:00,118.0,47,ask,DiligentDonuts,CostlyCorianders,5260948
2026-07-03T04:05:57.482194,2026-07-03T04:05:57.493865+00:00,118.4,50,bid,FlawlessFlatbreads,EarnestEspressos,5260949
2026-07-03T04:05:58.064073,2026-07-03T04:05:58.074762+00:00,118.3,46,bid,CostlyCorianders,DiligentDonuts,5260962
2026-07-03T04:05:58.117491,2026-07-03T04:05:58.124900+00:00,117.9,43,ask,EarnestEspressos,CostlyCorianders,5260964
2026-07-03T04:05:59.247038,2026-07-03T04:05:59.257395+00:00,117.9,46,ask,EarnestEspressos,CostlyCorianders,5260980
2026-07-03T04:05:59.593888,2026-07-03T04:05:59.605137+00:00,118.3,50,bid,FlawlessFlatbreads,DiligentDonuts,5260987
2026-07-03T04:06:01.319362,2026-07-03T04:06:01.328018+00:00,118.3,3,ask,DiligentDonuts,Xuanyu Liu,5261000
2026-07-03T04:06:01.750370,2026-07-03T04:06:01.756779+00:00,118.3,50,ask,DiligentDonuts,FlawlessFlatbreads,5261008
2026-07-03T04:06:03.387592,2026-07-03T04:06:03.399073+00:00,118.6,49,bid,CostlyCorianders,EarnestEspressos,5261034
2026-07-03T04:06:03.857575,2026-07-03T04:06:03.865400+00:00,118.3,47,ask,DiligentDonuts,FlawlessFlatbreads,5261039
2026-07-03T04:06:03.857575,2026-07-03T04:06:03.870590+00:00,118.1,3,ask,EarnestEspressos,FlawlessFlatbreads,5261040
2026-07-03T04:06:03.999259,2026-07-03T04:06:04.010916+00:00,118.2,42,ask,DiligentDonuts,CostlyCorianders,5261042
2026-07-03T04:06:05.977196,2026-07-03T04:06:05.984221+00:00,118.2,50,ask,DiligentDonuts,FlawlessFlatbreads,5261071
2026-07-03T04:06:06.202580,2026-07-03T04:06:06.208871+00:00,118.7,42,bid,CostlyCorianders,DiligentDonuts,5261074
2026-07-03T04:06:07.464000,2026-07-03T04:06:07.473865+00:00,118.4,49,bid,CostlyCorianders,DiligentDonuts,5261091
2026-07-03T04:06:07.902388,2026-07-03T04:06:07.910611+00:00,118.4,3,bid,Xuanyu Liu,DiligentDonuts,5261102
2026-07-03T04:06:08.084266,2026-07-03T04:06:08.095578+00:00,118.2,50,ask,EarnestEspressos,FlawlessFlatbreads,5261107
2026-07-03T04:06:10.192701,2026-07-03T04:06:10.204406+00:00,118.1,50,ask,EarnestEspressos,FlawlessFlatbreads,5261138
2026-07-03T04:06:11.991035,2026-07-03T04:06:12.002545+00:00,118.1,43,ask,EarnestEspressos,CostlyCorianders,5261166
2026-07-03T04:06:12.315498,2026-07-03T04:06:12.321764+00:00,117.8,50,ask,DiligentDonuts,FlawlessFlatbreads,5261170
2026-07-03T04:06:12.577826,2026-07-03T04:06:12.585637+00:00,118.0,25,bid,Alice Feng,EarnestEspressos,5261179
2026-07-03T04:06:12.785345,2026-07-03T04:06:12.795250+00:00,118.0,25,bid,Alice Feng,EarnestEspressos,5261186
2026-07-03T04:06:12.993906,2026-07-03T04:06:13.001169+00:00,118.0,25,bid,Alice Feng,EarnestEspressos,5261194
2026-07-03T04:06:13.207481,2026-07-03T04:06:13.215419+00:00,118.0,25,bid,Alice Feng,EarnestEspressos,5261198
2026-07-03T04:06:13.415698,2026-07-03T04:06:13.423555+00:00,118.0,25,bid,Alice Feng,EarnestEspressos,5261200
2026-07-03T04:06:13.624025,2026-07-03T04:06:13.634184+00:00,118.0,25,bid,Alice Feng,EarnestEspressos,5261203
2026-07-03T04:06:14.421986,2026-07-03T04:06:14.433254+00:00,117.9,50,ask,DiligentDonuts,FlawlessFlatbreads,5261220
2026-07-03T04:06:14.713146,2026-07-03T04:06:14.720252+00:00,117.9,49,ask,DiligentDonuts,CostlyCorianders,5261225
2026-07-03T04:06:16.213440,2026-07-03T04:06:16.224906+00:00,118.4,46,bid,CostlyCorianders,DiligentDonuts,5261244
2026-07-03T04:06:16.527000,2026-07-03T04:06:16.568740+00:00,118.1,50,ask,EarnestEspressos,FlawlessFlatbreads,5261255
2026-07-03T04:06:18.639357,2026-07-03T04:06:18.648634+00:00,117.8,50,ask,DiligentDonuts,FlawlessFlatbreads,5261295
2026-07-03T04:06:19.968188,2026-07-03T04:06:19.979575+00:00,117.9,49,ask,EarnestEspressos,CostlyCorianders,5261318
2026-07-03T04:06:20.747363,2026-07-03T04:06:20.763618+00:00,117.9,50,ask,EarnestEspressos,FlawlessFlatbreads,5261336
2026-07-03T04:06:22.853821,2026-07-03T04:06:22.863811+00:00,117.5,50,ask,DiligentDonuts,FlawlessFlatbreads,5261365
2026-07-03T04:06:23.050507,2026-07-03T04:06:23.058577+00:00,117.4,25,bid,Alice Feng,DiligentDonuts,5261369
2026-07-03T04:06:23.259259,2026-07-03T04:06:23.266935+00:00,117.4,47,bid,CostlyCorianders,DiligentDonuts,5261375
2026-07-03T04:06:23.262552,2026-07-03T04:06:23.271968+00:00,117.4,25,bid,Alice Feng,DiligentDonuts,5261376
2026-07-03T04:06:23.641593,2026-07-03T04:06:23.650198+00:00,117.4,3,bid,Xuanyu Liu,DiligentDonuts,5261383
2026-07-03T04:06:26.949367,2026-07-03T04:06:26.955525+00:00,117.3,42,ask,DiligentDonuts,CostlyCorianders,5261431
2026-07-03T04:06:27.022810,2026-07-03T04:06:27.034206+00:00,117.6,50,bid,FlawlessFlatbreads,EarnestEspressos,5261434
2026-07-03T04:06:30.201622,2026-07-03T04:06:30.209108+00:00,117.6,47,bid,CostlyCorianders,DiligentDonuts,5261477
2026-07-03T04:06:31.268205,2026-07-03T04:06:31.279788+00:00,117.1,48,ask,DiligentDonuts,CostlyCorianders,5261498
2026-07-03T04:06:31.285201,2026-07-03T04:06:31.296442+00:00,117.1,50,ask,DiligentDonuts,FlawlessFlatbreads,5261499
2026-07-03T04:06:32.225941,2026-07-03T04:06:32.240822+00:00,117.6,44,bid,CostlyCorianders,DiligentDonuts,5261507
2026-07-03T04:06:33.340253,2026-07-03T04:06:33.351670+00:00,117.5,50,bid,FlawlessFlatbreads,DiligentDonuts,5261522
2026-07-03T04:06:35.446612,2026-07-03T04:06:35.452856+00:00,117.5,50,bid,FlawlessFlatbreads,DiligentDonuts,5261553
2026-07-03T04:06:36.477386,2026-07-03T04:06:36.487594+00:00,117.3,47,ask,EarnestEspressos,CostlyCorianders,5261567
2026-07-03T04:06:36.781712,2026-07-03T04:06:36.789984+00:00,117.3,3,ask,EarnestEspressos,Xuanyu Liu,5261572
2026-07-03T04:06:37.022331,2026-07-03T04:06:37.033820+00:00,117.8,43,bid,CostlyCorianders,EarnestEspressos,5261574
2026-07-03T04:06:37.604475,2026-07-03T04:06:37.615968+00:00,117.3,50,ask,DiligentDonuts,FlawlessFlatbreads,5261592
2026-07-03T04:06:38.955540,2026-07-03T04:06:38.957932+00:00,117.5,49,bid,CostlyCorianders,EarnestEspressos,5261611
2026-07-03T04:06:43.920239,2026-07-03T04:06:43.931872+00:00,117.1,50,ask,DiligentDonuts,FlawlessFlatbreads,5261674
2026-07-03T04:06:45.975513,2026-07-03T04:06:45.986780+00:00,117.4,50,bid,FlawlessFlatbreads,DiligentDonuts,5261713
2026-07-03T04:06:46.633123,2026-07-03T04:06:46.644604+00:00,117.3,41,ask,EarnestEspressos,CostlyCorianders,5261720
2026-07-03T04:06:47.197405,2026-07-03T04:06:47.207657+00:00,117.2,44,ask,EarnestEspressos,CostlyCorianders,5261731
2026-07-03T04:06:47.735250,2026-07-03T04:06:47.746994+00:00,117.4,41,bid,CostlyCorianders,DiligentDonuts,5261745
2026-07-03T04:06:48.087464,2026-07-03T04:06:48.099021+00:00,117.4,9,bid,FlawlessFlatbreads,DiligentDonuts,5261754
2026-07-03T04:06:48.087464,2026-07-03T04:06:48.099021+00:00,117.7,41,bid,FlawlessFlatbreads,EarnestEspressos,5261755
2026-07-03T04:06:48.715108,2026-07-03T04:06:48.722375+00:00,117.3,40,ask,DiligentDonuts,CostlyCorianders,5261763
2026-07-03T04:06:49.635997,2026-07-03T04:06:49.644288+00:00,117.7,41,bid,CostlyCorianders,EarnestEspressos,5261769
2026-07-03T04:06:50.196188,2026-07-03T04:06:50.207586+00:00,117.7,50,bid,FlawlessFlatbreads,EarnestEspressos,5261773
2026-07-03T04:06:50.236544,2026-07-03T04:06:50.247857+00:00,117.8,42,bid,CostlyCorianders,DiligentDonuts,5261774
2026-07-03T04:06:52.305670,2026-07-03T04:06:52.317231+00:00,118.0,50,bid,FlawlessFlatbreads,EarnestEspressos,5261807
2026-07-03T04:06:54.464198,2026-07-03T04:06:54.474130+00:00,117.9,50,ask,EarnestEspressos,FlawlessFlatbreads,5261840
2026-07-03T04:06:56.570748,2026-07-03T04:06:56.582238+00:00,117.5,50,ask,DiligentDonuts,FlawlessFlatbreads,5261878
2026-07-03T04:06:57.832978,2026-07-03T04:06:57.844246+00:00,117.8,44,ask,EarnestEspressos,CostlyCorianders,5261893
2026-07-03T04:06:58.678384,2026-07-03T04:06:58.689742+00:00,117.8,50,ask,EarnestEspressos,FlawlessFlatbreads,5261917
2026-07-03T04:06:59.007685,2026-07-03T04:06:59.015211+00:00,117.8,42,ask,EarnestEspressos,CostlyCorianders,5261925
2026-07-03T04:07:00.785774,2026-07-03T04:07:00.797110+00:00,117.5,50,ask,DiligentDonuts,FlawlessFlatbreads,5261947
2026-07-03T04:07:02.891961,2026-07-03T04:07:02.903489+00:00,117.0,50,ask,DiligentDonuts,FlawlessFlatbreads,5261980
2026-07-03T04:07:03.132028,2026-07-03T04:07:03.148337+00:00,117.5,41,bid,CostlyCorianders,DiligentDonuts,5261987
2026-07-03T04:07:04.785452,2026-07-03T04:07:04.796904+00:00,117.2,48,ask,EarnestEspressos,CostlyCorianders,5261994
2026-07-03T04:07:04.946790,2026-07-03T04:07:04.958575+00:00,117.6,50,bid,FlawlessFlatbreads,DiligentDonuts,5261995
2026-07-03T04:07:06.152161,2026-07-03T04:07:06.160221+00:00,117.4,3,bid,Xuanyu Liu,EarnestEspressos,5262017
2026-07-03T04:07:07.053877,2026-07-03T04:07:07.065337+00:00,117.4,50,bid,FlawlessFlatbreads,EarnestEspressos,5262035
2026-07-03T04:07:09.149265,2026-07-03T04:07:09.162886+00:00,117.4,11,bid,Xuanyu Liu,EarnestEspressos,5262069
2026-07-03T04:07:11.265828,2026-07-03T04:07:11.277193+00:00,117.8,50,bid,FlawlessFlatbreads,EarnestEspressos,5262099
2026-07-03T04:07:13.392681,2026-07-03T04:07:13.401021+00:00,117.8,50,bid,FlawlessFlatbreads,DiligentDonuts,5262122
2026-07-03T04:07:15.499404,2026-07-03T04:07:15.510926+00:00,118.1,50,bid,FlawlessFlatbreads,EarnestEspressos,5262154
2026-07-03T04:07:15.576852,2026-07-03T04:07:15.585079+00:00,117.8,11,ask,EarnestEspressos,Xuanyu Liu,5262157
2026-07-03T04:07:16.475573,2026-07-03T04:07:16.483649+00:00,117.8,3,ask,EarnestEspressos,Xuanyu Liu,5262171
2026-07-03T04:07:17.606720,2026-07-03T04:07:17.617953+00:00,118.0,50,bid,FlawlessFlatbreads,DiligentDonuts,5262195
2026-07-03T04:07:19.713205,2026-07-03T04:07:19.724654+00:00,118.0,50,bid,FlawlessFlatbreads,DiligentDonuts,5262236
2026-07-03T04:07:19.832723,2026-07-03T04:07:19.844188+00:00,118.2,46,bid,CostlyCorianders,EarnestEspressos,5262237
2026-07-03T04:07:20.346363,2026-07-03T04:07:20.358562+00:00,117.8,45,ask,DiligentDonuts,CostlyCorianders,5262245
2026-07-03T04:07:20.874405,2026-07-03T04:07:20.885792+00:00,117.8,44,ask,DiligentDonuts,CostlyCorianders,5262252
2026-07-03T04:07:23.923590,2026-07-03T04:07:23.933822+00:00,118.0,50,bid,FlawlessFlatbreads,DiligentDonuts,5262298
2026-07-03T04:07:26.029690,2026-07-03T04:07:26.040152+00:00,118.0,50,bid,FlawlessFlatbreads,DiligentDonuts,5262318
2026-07-03T04:07:27.628043,2026-07-03T04:07:27.639539+00:00,118.1,48,bid,CostlyCorianders,EarnestEspressos,5262351
2026-07-03T04:07:28.249049,2026-07-03T04:07:28.258662+00:00,117.8,3,ask,EarnestEspressos,Xuanyu Liu,5262356
2026-07-03T04:07:28.384759,2026-07-03T04:07:28.396087+00:00,117.8,25,ask,EarnestEspressos,Alice Feng,5262358
2026-07-03T04:07:28.570027,2026-07-03T04:07:28.578429+00:00,117.8,11,ask,EarnestEspressos,Xuanyu Liu,5262365
2026-07-03T04:07:28.594520,2026-07-03T04:07:28.606099+00:00,117.8,25,ask,EarnestEspressos,Alice Feng,5262367
2026-07-03T04:07:28.803956,2026-07-03T04:07:28.815640+00:00,117.8,25,ask,EarnestEspressos,Alice Feng,5262372
2026-07-03T04:07:29.014361,2026-07-03T04:07:29.026196+00:00,117.8,25,ask,EarnestEspressos,Alice Feng,5262376
2026-07-03T04:07:29.658890,2026-07-03T04:07:29.670216+00:00,118.2,40,bid,CostlyCorianders,DiligentDonuts,5262382
2026-07-03T04:07:29.744039,2026-07-03T04:07:29.753843+00:00,117.8,36,ask,EarnestEspressos,CostlyCorianders,5262384
2026-07-03T04:07:29.744039,2026-07-03T04:07:29.753843+00:00,117.7,7,ask,DiligentDonuts,CostlyCorianders,5262385
2026-07-03T04:07:30.262833,2026-07-03T04:07:30.274257+00:00,118.2,50,bid,FlawlessFlatbreads,DiligentDonuts,5262397
2026-07-03T04:07:30.791577,2026-07-03T04:07:30.803098+00:00,118.2,10,bid,CostlyCorianders,DiligentDonuts,5262400
2026-07-03T04:07:30.791577,2026-07-03T04:07:30.803098+00:00,118.3,37,bid,CostlyCorianders,EarnestEspressos,5262401
2026-07-03T04:07:32.397084,2026-07-03T04:07:32.408435+00:00,117.9,50,bid,FlawlessFlatbreads,EarnestEspressos,5262421
2026-07-03T04:07:32.541403,2026-07-03T04:07:32.558563+00:00,117.9,100,bid,DiligentDonuts,EarnestEspressos,5262423
2026-07-03T04:07:34.505321,2026-07-03T04:07:34.516608+00:00,118.5,50,bid,FlawlessFlatbreads,DiligentDonuts,5262458
2026-07-03T04:07:34.635475,2026-07-03T04:07:34.646801+00:00,117.9,25,ask,EarnestEspressos,Alice Feng,5262462
2026-07-03T04:07:34.844387,2026-07-03T04:07:34.858561+00:00,117.9,25,ask,EarnestEspressos,Alice Feng,5262466
2026-07-03T04:07:35.054147,2026-07-03T04:07:35.063886+00:00,117.9,25,ask,EarnestEspressos,Alice Feng,5262468
2026-07-03T04:07:35.261828,2026-07-03T04:07:35.273192+00:00,117.9,25,ask,EarnestEspressos,Alice Feng,5262472
2026-07-03T04:07:36.298440,2026-07-03T04:07:36.309878+00:00,117.9,43,ask,EarnestEspressos,CostlyCorianders,5262487
2026-07-03T04:07:37.875639,2026-07-03T04:07:37.883769+00:00,118.0,44,bid,CostlyCorianders,EarnestEspressos,5262506
2026-07-03T04:07:38.473432,2026-07-03T04:07:38.483734+00:00,117.9,40,ask,DiligentDonuts,CostlyCorianders,5262523
2026-07-03T04:07:38.718599,2026-07-03T04:07:38.729914+00:00,118.0,50,bid,FlawlessFlatbreads,EarnestEspressos,5262525
2026-07-03T04:07:40.826095,2026-07-03T04:07:40.837687+00:00,118.0,50,bid,FlawlessFlatbreads,EarnestEspressos,5262564
2026-07-03T04:07:42.118718,2026-07-03T04:07:42.130428+00:00,118.4,46,bid,CostlyCorianders,DiligentDonuts,5262576
2026-07-03T04:07:42.933550,2026-07-03T04:07:42.945157+00:00,118.4,50,bid,FlawlessFlatbreads,DiligentDonuts,5262593
2026-07-03T04:07:45.063993,2026-07-03T04:07:45.075352+00:00,118.2,44,ask,EarnestEspressos,CostlyCorianders,5262625
2026-07-03T04:07:45.093687,2026-07-03T04:07:45.101713+00:00,118.2,50,ask,EarnestEspressos,FlawlessFlatbreads,5262626
2026-07-03T04:07:47.148512,2026-07-03T04:07:47.159877+00:00,118.7,50,bid,FlawlessFlatbreads,EarnestEspressos,5262655
2026-07-03T04:07:47.211671,2026-07-03T04:07:47.221172+00:00,118.2,43,ask,DiligentDonuts,CostlyCorianders,5262660
2026-07-03T04:07:47.504523,2026-07-03T04:07:47.512109+00:00,118.2,12,ask,DiligentDonuts,Xuanyu Liu,5262672
2026-07-03T04:07:47.732410,2026-07-03T04:07:47.743812+00:00,118.6,40,bid,CostlyCorianders,EarnestEspressos,5262675
2026-07-03T04:07:48.913084,2026-07-03T04:07:48.920756+00:00,118.4,49,bid,CostlyCorianders,DiligentDonuts,5262690
2026-07-03T04:07:49.254668,2026-07-03T04:07:49.266407+00:00,118.4,50,bid,FlawlessFlatbreads,DiligentDonuts,5262695
2026-07-03T04:07:51.235909,2026-07-03T04:07:51.243773+00:00,118.1,44,ask,EarnestEspressos,CostlyCorianders,5262725
2026-07-03T04:07:51.362253,2026-07-03T04:07:51.374024+00:00,118.4,1,bid,FlawlessFlatbreads,DiligentDonuts,5262726
2026-07-03T04:07:51.362253,2026-07-03T04:07:51.374024+00:00,118.6,49,bid,FlawlessFlatbreads,EarnestEspressos,5262727
2026-07-03T04:07:51.539114,2026-07-03T04:07:51.547476+00:00,118.4,11,ask,DiligentDonuts,Xuanyu Liu,5262732
2026-07-03T04:07:53.472406,2026-07-03T04:07:53.484078+00:00,118.6,50,bid,FlawlessFlatbreads,EarnestEspressos,5262765
2026-07-03T04:07:53.988745,2026-07-03T04:07:53.997481+00:00,118.6,12,ask,EarnestEspressos,Xuanyu Liu,5262775
2026-07-03T04:07:55.393609,2026-07-03T04:07:55.400141+00:00,118.6,46,ask,EarnestEspressos,CostlyCorianders,5262801
2026-07-03T04:07:55.630581,2026-07-03T04:07:55.641996+00:00,118.6,50,ask,EarnestEspressos,FlawlessFlatbreads,5262805
2026-07-03T04:07:57.686042,2026-07-03T04:07:57.697282+00:00,118.7,50,bid,FlawlessFlatbreads,EarnestEspressos,5262833
2026-07-03T04:07:57.886109,2026-07-03T04:07:57.897502+00:00,118.6,45,ask,DiligentDonuts,CostlyCorianders,5262839
2026-07-03T04:07:58.988642,2026-07-03T04:07:59.000274+00:00,118.7,46,bid,CostlyCorianders,EarnestEspressos,5262861
2026-07-03T04:07:59.843117,2026-07-03T04:07:59.854434+00:00,118.6,50,ask,DiligentDonuts,FlawlessFlatbreads,5262876
2026-07-03T04:08:01.927553,2026-07-03T04:08:01.935087+00:00,118.7,11,ask,EarnestEspressos,Xuanyu Liu,5262905
2026-07-03T04:08:01.948631,2026-07-03T04:08:01.955469+00:00,118.7,50,ask,EarnestEspressos,FlawlessFlatbreads,5262907
2026-07-03T04:08:02.436655,2026-07-03T04:08:02.446176+00:00,118.7,23,ask,EarnestEspressos,Xuanyu Liu,5262912
2026-07-03T04:08:03.078578,2026-07-03T04:08:03.087787+00:00,118.5,12,bid,Xuanyu Liu,EarnestEspressos,5262924
2026-07-03T04:08:03.239775,2026-07-03T04:08:03.248940+00:00,118.5,11,bid,Xuanyu Liu,EarnestEspressos,5262927
2026-07-03T04:08:05.859550,2026-07-03T04:08:05.868163+00:00,118.5,11,bid,Xuanyu Liu,EarnestEspressos,5262967
2026-07-03T04:08:06.111556,2026-07-03T04:08:06.119477+00:00,118.5,50,bid,FlawlessFlatbreads,EarnestEspressos,5262974
2026-07-03T04:08:06.173493,2026-07-03T04:08:06.184772+00:00,118.5,100,bid,EarnestEspressos,DiligentDonuts,5262975
2026-07-03T04:08:06.422156,2026-07-03T04:08:06.429591+00:00,118.5,42,ask,EarnestEspressos,CostlyCorianders,5262979
2026-07-03T04:08:07.170266,2026-07-03T04:08:07.178838+00:00,118.5,8,ask,EarnestEspressos,Xuanyu Liu,5262992
2026-07-03T04:08:08.267510,2026-07-03T04:08:08.279060+00:00,118.0,50,ask,DiligentDonuts,FlawlessFlatbreads,5263007
2026-07-03T04:08:09.387485,2026-07-03T04:08:09.411435+00:00,118.0,50,ask,DiligentDonuts,EarnestEspressos,5263020
2026-07-03T04:08:09.402557,2026-07-03T04:08:09.411435+00:00,117.9,20,bid,Xuanyu Liu,EarnestEspressos,5263023
2026-07-03T04:08:09.664170,2026-07-03T04:08:09.673147+00:00,117.9,11,bid,Xuanyu Liu,EarnestEspressos,5263032
2026-07-03T04:08:09.786902,2026-07-03T04:08:09.796313+00:00,117.9,23,bid,Xuanyu Liu,EarnestEspressos,5263036
2026-07-03T04:08:10.374206,2026-07-03T04:08:10.385585+00:00,117.4,50,ask,EarnestEspressos,FlawlessFlatbreads,5263042
2026-07-03T04:08:10.381070,2026-07-03T04:08:10.390998+00:00,117.9,45,bid,CostlyCorianders,EarnestEspressos,5263043
2026-07-03T04:08:10.501035,2026-07-03T04:08:10.512489+00:00,117.9,1,bid,DiligentDonuts,EarnestEspressos,5263046
2026-07-03T04:08:11.584195,2026-07-03T04:08:11.590572+00:00,118.4,48,bid,CostlyCorianders,DiligentDonuts,5263057
2026-07-03T04:08:12.430397,2026-07-03T04:08:12.437551+00:00,118.4,50,bid,FlawlessFlatbreads,DiligentDonuts,5263072
2026-07-03T04:08:12.509284,2026-07-03T04:08:12.521114+00:00,118.1,11,ask,EarnestEspressos,Xuanyu Liu,5263073
2026-07-03T04:08:13.211960,2026-07-03T04:08:13.220161+00:00,118.1,45,ask,EarnestEspressos,CostlyCorianders,5263088
2026-07-03T04:08:13.675207,2026-07-03T04:08:13.684134+00:00,118.3,12,ask,DiligentDonuts,Xuanyu Liu,5263094
2026-07-03T04:08:13.710764,2026-07-03T04:08:13.719015+00:00,118.3,11,ask,DiligentDonuts,Xuanyu Liu,5263096
2026-07-03T04:08:15.022285,2026-07-03T04:08:15.031888+00:00,118.3,23,ask,DiligentDonuts,Xuanyu Liu,5263111
2026-07-03T04:08:15.732988,2026-07-03T04:08:15.743741+00:00,118.3,54,ask,DiligentDonuts,EarnestEspressos,5263122
2026-07-03T04:08:15.744933,2026-07-03T04:08:15.764916+00:00,118.1,11,bid,Xuanyu Liu,EarnestEspressos,5263123
2026-07-03T04:08:16.693110,2026-07-03T04:08:16.704722+00:00,117.6,50,ask,EarnestEspressos,FlawlessFlatbreads,5263139
2026-07-03T04:08:16.975934,2026-07-03T04:08:16.984707+00:00,118.1,12,bid,Xuanyu Liu,EarnestEspressos,5263143
2026-07-03T04:08:17.656551,2026-07-03T04:08:17.664814+00:00,118.1,11,bid,Xuanyu Liu,EarnestEspressos,5263159
2026-07-03T04:08:18.594085,2026-07-03T04:08:18.602004+00:00,118.1,41,bid,CostlyCorianders,EarnestEspressos,5263171
2026-07-03T04:08:18.777203,2026-07-03T04:08:18.785013+00:00,118.1,21,bid,FlawlessFlatbreads,EarnestEspressos,5263177
2026-07-03T04:08:18.777203,2026-07-03T04:08:18.790003+00:00,118.3,29,bid,FlawlessFlatbreads,DiligentDonuts,5263178
2026-07-03T04:08:18.846097,2026-07-03T04:08:18.858551+00:00,118.3,71,bid,EarnestEspressos,DiligentDonuts,5263180
2026-07-03T04:08:20.275673,2026-07-03T04:08:20.285146+00:00,118.4,23,ask,DiligentDonuts,Xuanyu Liu,5263198
2026-07-03T04:08:20.941211,2026-07-03T04:08:20.952486+00:00,118.4,50,ask,DiligentDonuts,FlawlessFlatbreads,5263207
2026-07-03T04:08:22.895488,2026-07-03T04:08:22.904035+00:00,118.4,11,ask,DiligentDonuts,Xuanyu Liu,5263245
2026-07-03T04:08:23.066336,2026-07-03T04:08:23.078073+00:00,118.4,16,ask,DiligentDonuts,FlawlessFlatbreads,5263249
2026-07-03T04:08:23.066336,2026-07-03T04:08:23.078073+00:00,118.0,34,ask,EarnestEspressos,FlawlessFlatbreads,5263250
2026-07-03T04:08:25.178956,2026-07-03T04:08:25.188577+00:00,118.0,50,ask,DiligentDonuts,FlawlessFlatbreads,5263293
2026-07-03T04:08:26.367900,2026-07-03T04:08:26.376493+00:00,118.3,11,bid,Xuanyu Liu,DiligentDonuts,5263312
2026-07-03T04:08:26.634745,2026-07-03T04:08:26.644331+00:00,118.3,12,bid,Xuanyu Liu,DiligentDonuts,5263320
2026-07-03T04:08:26.848113,2026-07-03T04:08:26.859463+00:00,118.3,48,bid,CostlyCorianders,DiligentDonuts,5263327
2026-07-03T04:08:27.293551,2026-07-03T04:08:27.301477+00:00,117.9,50,ask,EarnestEspressos,FlawlessFlatbreads,5263336
2026-07-03T04:08:29.400005,2026-07-03T04:08:29.411539+00:00,117.8,50,ask,DiligentDonuts,FlawlessFlatbreads,5263374
2026-07-03T04:08:30.743053,2026-07-03T04:08:30.751602+00:00,118.3,11,bid,Xuanyu Liu,EarnestEspressos,5263393
2026-07-03T04:08:31.533823,2026-07-03T04:08:31.545110+00:00,118.0,50,ask,DiligentDonuts,FlawlessFlatbreads,5263413
2026-07-03T04:08:33.170206,2026-07-03T04:08:33.181510+00:00,117.9,41,ask,EarnestEspressos,CostlyCorianders,5263437
2026-07-03T04:08:33.639021,2026-07-03T04:08:33.650509+00:00,117.9,50,ask,EarnestEspressos,FlawlessFlatbreads,5263446
2026-07-03T04:08:33.745034,2026-07-03T04:08:33.751132+00:00,117.9,49,ask,EarnestEspressos,CostlyCorianders,5263449
2026-07-03T04:08:34.399452,2026-07-03T04:08:34.407653+00:00,118.3,40,bid,CostlyCorianders,DiligentDonuts,5263461
2026-07-03T04:08:34.670718,2026-07-03T04:08:34.678847+00:00,118.3,12,bid,Xuanyu Liu,DiligentDonuts,5263465
2026-07-03T04:08:34.722988,2026-07-03T04:08:34.731973+00:00,118.0,14,bid,Xuanyu Liu,EarnestEspressos,5263467
2026-07-03T04:08:34.783300,2026-07-03T04:08:34.789593+00:00,118.0,25,bid,Alice Feng,EarnestEspressos,5263470
2026-07-03T04:08:34.993603,2026-07-03T04:08:35.004902+00:00,118.0,25,bid,Alice Feng,EarnestEspressos,5263472
2026-07-03T04:08:35.203839,2026-07-03T04:08:35.210159+00:00,118.0,25,bid,Alice Feng,EarnestEspressos,5263478
2026-07-03T04:08:35.412287,2026-07-03T04:08:35.419547+00:00,118.0,25,bid,Alice Feng,EarnestEspressos,5263480
2026-07-03T04:08:35.607212,2026-07-03T04:08:35.619538+00:00,118.0,36,bid,CostlyCorianders,EarnestEspressos,5263487
2026-07-03T04:08:35.607212,2026-07-03T04:08:35.619538+00:00,118.3,4,bid,CostlyCorianders,DiligentDonuts,5263488
2026-07-03T04:08:35.748459,2026-07-03T04:08:35.758563+00:00,117.5,50,ask,EarnestEspressos,FlawlessFlatbreads,5263494
2026-07-03T04:08:35.981784,2026-07-03T04:08:35.991022+00:00,118.2,3,ask,DiligentDonuts,Xuanyu Liu,5263500
2026-07-03T04:08:36.022783,2026-07-03T04:08:36.032589+00:00,118.2,25,ask,DiligentDonuts,Alice Feng,5263507
2026-07-03T04:08:36.231484,2026-07-03T04:08:36.243093+00:00,118.2,25,ask,DiligentDonuts,Alice Feng,5263515
2026-07-03T04:08:36.440196,2026-07-03T04:08:36.447792+00:00,118.2,25,ask,DiligentDonuts,Alice Feng,5263521
2026-07-03T04:08:36.649040,2026-07-03T04:08:36.658622+00:00,118.2,22,ask,DiligentDonuts,Alice Feng,5263525
2026-07-03T04:08:37.855234,2026-07-03T04:08:37.866906+00:00,117.6,50,ask,EarnestEspressos,FlawlessFlatbreads,5263549
2026-07-03T04:08:38.959023,2026-07-03T04:08:38.970438+00:00,118.1,100,bid,DiligentDonuts,EarnestEspressos,5263576
2026-07-03T04:08:39.347470,2026-07-03T04:08:39.355731+00:00,118.1,3,bid,Xuanyu Liu,EarnestEspressos,5263580
2026-07-03T04:08:40.202769,2026-07-03T04:08:40.214495+00:00,118.1,47,bid,CostlyCorianders,EarnestEspressos,5263596
2026-07-03T04:08:40.258196,2026-07-03T04:08:40.269629+00:00,117.6,41,ask,EarnestEspressos,CostlyCorianders,5263599
2026-07-03T04:08:41.668305,2026-07-03T04:08:41.679865+00:00,118.0,42,ask,EarnestEspressos,CostlyCorianders,5263613
2026-07-03T04:08:42.015387,2026-07-03T04:08:42.026959+00:00,118.5,50,bid,FlawlessFlatbreads,EarnestEspressos,5263616
2026-07-03T04:08:43.884385,2026-07-03T04:08:43.891043+00:00,118.1,25,bid,Alice Feng,DiligentDonuts,5263654
2026-07-03T04:08:44.092955,2026-07-03T04:08:44.100129+00:00,118.1,25,bid,Alice Feng,DiligentDonuts,5263657
2026-07-03T04:08:44.123221,2026-07-03T04:08:44.133107+00:00,118.1,50,bid,FlawlessFlatbreads,DiligentDonuts,5263658
2026-07-03T04:08:44.387736,2026-07-03T04:08:44.394434+00:00,118.3,44,ask,EarnestEspressos,CostlyCorianders,5263670
2026-07-03T04:08:46.304672,2026-07-03T04:08:46.316087+00:00,118.3,50,ask,EarnestEspressos,FlawlessFlatbreads,5263702
2026-07-03T04:08:46.471433,2026-07-03T04:08:46.479913+00:00,118.4,40,bid,CostlyCorianders,DiligentDonuts,5263711
2026-07-03T04:08:47.028002,2026-07-03T04:08:47.039493+00:00,118.4,40,bid,CostlyCorianders,DiligentDonuts,5263718
2026-07-03T04:08:47.082777,2026-07-03T04:08:47.094150+00:00,118.3,42,ask,EarnestEspressos,CostlyCorianders,5263719
2026-07-03T04:08:48.441159,2026-07-03T04:08:48.458601+00:00,117.7,50,ask,EarnestEspressos,FlawlessFlatbreads,5263733
2026-07-03T04:08:48.441599,2026-07-03T04:08:48.458601+00:00,118.2,100,bid,DiligentDonuts,EarnestEspressos,5263734
2026-07-03T04:08:48.509633,2026-07-03T04:08:48.518229+00:00,118.2,25,bid,Alice Feng,EarnestEspressos,5263737
2026-07-03T04:08:48.719539,2026-07-03T04:08:48.729222+00:00,118.2,25,bid,Alice Feng,EarnestEspressos,5263746
2026-07-03T04:08:50.496704,2026-07-03T04:08:50.508049+00:00,118.7,50,bid,FlawlessFlatbreads,DiligentDonuts,5263766
2026-07-03T04:08:50.611201,2026-07-03T04:08:50.622771+00:00,118.1,43,ask,EarnestEspressos,CostlyCorianders,5263767
2026-07-03T04:08:54.707303,2026-07-03T04:08:54.714259+00:00,118.5,50,bid,FlawlessFlatbreads,EarnestEspressos,5263819
2026-07-03T04:08:56.812413,2026-07-03T04:08:56.824069+00:00,118.8,50,bid,FlawlessFlatbreads,DiligentDonuts,5263839
2026-07-03T04:08:58.920534,2026-07-03T04:08:58.931879+00:00,118.7,50,bid,FlawlessFlatbreads,EarnestEspressos,5263865
2026-07-03T04:09:00.883380,2026-07-03T04:09:00.891388+00:00,118.6,14,ask,EarnestEspressos,Xuanyu Liu,5263892
2026-07-03T04:09:00.945317,2026-07-03T04:09:00.956638+00:00,118.6,25,ask,EarnestEspressos,Alice Feng,5263894
2026-07-03T04:09:01.037389,2026-07-03T04:09:01.044751+00:00,119.1,50,bid,FlawlessFlatbreads,EarnestEspressos,5263897
2026-07-03T04:09:01.162371,2026-07-03T04:09:01.171203+00:00,118.6,25,ask,EarnestEspressos,Alice Feng,5263906
2026-07-03T04:09:01.370950,2026-07-03T04:09:01.382823+00:00,118.6,25,ask,EarnestEspressos,Alice Feng,5263908
2026-07-03T04:09:01.582510,2026-07-03T04:09:01.594263+00:00,118.6,25,ask,EarnestEspressos,Alice Feng,5263911
2026-07-03T04:09:01.796063,2026-07-03T04:09:01.804198+00:00,118.6,3,ask,EarnestEspressos,Alice Feng,5263919
2026-07-03T04:09:03.264945,2026-07-03T04:09:03.276276+00:00,118.7,45,bid,CostlyCorianders,EarnestEspressos,5263937
2026-07-03T04:09:03.798156,2026-07-03T04:09:03.809813+00:00,118.7,45,bid,CostlyCorianders,EarnestEspressos,5263942
2026-07-03T04:09:04.908637,2026-07-03T04:09:04.920088+00:00,118.4,48,ask,DiligentDonuts,CostlyCorianders,5263961
2026-07-03T04:09:05.301174,2026-07-03T04:09:05.312589+00:00,118.4,50,ask,DiligentDonuts,FlawlessFlatbreads,5263969
2026-07-03T04:09:06.928972,2026-07-03T04:09:06.940326+00:00,118.6,45,ask,EarnestEspressos,CostlyCorianders,5263990
2026-07-03T04:09:07.414827,2026-07-03T04:09:07.423141+00:00,118.6,50,ask,EarnestEspressos,FlawlessFlatbreads,5263999
2026-07-03T04:09:09.624174,2026-07-03T04:09:09.635257+00:00,118.7,48,bid,CostlyCorianders,DiligentDonuts,5264020
2026-07-03T04:09:10.039212,2026-07-03T04:09:10.048695+00:00,118.7,11,bid,Xuanyu Liu,DiligentDonuts,5264026
2026-07-03T04:09:10.572915,2026-07-03T04:09:10.580291+00:00,118.8,49,bid,CostlyCorianders,EarnestEspressos,5264034
2026-07-03T04:09:11.572100,2026-07-03T04:09:11.583594+00:00,118.7,50,bid,FlawlessFlatbreads,DiligentDonuts,5264053
2026-07-03T04:09:13.176672,2026-07-03T04:09:13.188059+00:00,118.4,46,ask,EarnestEspressos,CostlyCorianders,5264074
2026-07-03T04:09:13.731604,2026-07-03T04:09:13.742819+00:00,118.4,50,ask,EarnestEspressos,FlawlessFlatbreads,5264081
2026-07-03T04:09:14.272487,2026-07-03T04:09:14.283939+00:00,118.4,42,ask,EarnestEspressos,CostlyCorianders,5264086
2026-07-03T04:09:15.282096,2026-07-03T04:09:15.291147+00:00,118.4,11,ask,EarnestEspressos,Xuanyu Liu,5264097
2026-07-03T04:09:15.296811,2026-07-03T04:09:15.306715+00:00,118.8,41,bid,CostlyCorianders,DiligentDonuts,5264099
2026-07-03T04:09:15.809994,2026-07-03T04:09:15.833042+00:00,118.3,100,ask,DiligentDonuts,EarnestEspressos,5264110
2026-07-03T04:09:15.822788,2026-07-03T04:09:15.833042+00:00,117.9,14,bid,Xuanyu Liu,EarnestEspressos,5264111
2026-07-03T04:09:16.586615,2026-07-03T04:09:16.594940+00:00,117.9,3,bid,Xuanyu Liu,EarnestEspressos,5264126
2026-07-03T04:09:16.667382,2026-07-03T04:09:16.673899+00:00,117.9,25,bid,Alice Feng,EarnestEspressos,5264130
2026-07-03T04:09:16.876788,2026-07-03T04:09:16.884605+00:00,117.9,8,bid,Alice Feng,EarnestEspressos,5264134
2026-07-03T04:09:18.965271,2026-07-03T04:09:18.974049+00:00,118.3,3,ask,EarnestEspressos,Xuanyu Liu,5264190
2026-07-03T04:09:19.993027,2026-07-03T04:09:20.004573+00:00,118.6,50,bid,FlawlessFlatbreads,DiligentDonuts,5264208
2026-07-03T04:09:20.080954,2026-07-03T04:09:20.088330+00:00,118.7,45,bid,CostlyCorianders,EarnestEspressos,5264209
2026-07-03T04:09:21.865172,2026-07-03T04:09:21.873185+00:00,118.3,3,ask,EarnestEspressos,Xuanyu Liu,5264250
2026-07-03T04:09:22.001527,2026-07-03T04:09:22.012805+00:00,118.3,25,ask,EarnestEspressos,Alice Feng,5264253
2026-07-03T04:09:22.099565,2026-07-03T04:09:22.111034+00:00,118.8,50,bid,FlawlessFlatbreads,DiligentDonuts,5264257
2026-07-03T04:09:22.209182,2026-07-03T04:09:22.220802+00:00,118.3,8,ask,DiligentDonuts,Alice Feng,5264258
2026-07-03T04:09:24.206074,2026-07-03T04:09:24.216609+00:00,118.6,50,bid,FlawlessFlatbreads,EarnestEspressos,5264302
2026-07-03T04:09:24.541509,2026-07-03T04:09:24.549475+00:00,118.2,41,ask,DiligentDonuts,CostlyCorianders,5264304
2026-07-03T04:09:26.315054,2026-07-03T04:09:26.326703+00:00,118.7,50,bid,FlawlessFlatbreads,DiligentDonuts,5264345
2026-07-03T04:09:26.490356,2026-07-03T04:09:26.501672+00:00,118.2,47,ask,EarnestEspressos,CostlyCorianders,5264349
2026-07-03T04:09:27.088216,2026-07-03T04:09:27.097799+00:00,118.2,11,ask,EarnestEspressos,Xuanyu Liu,5264361
2026-07-03T04:09:27.114198,2026-07-03T04:09:27.123494+00:00,118.7,43,bid,CostlyCorianders,EarnestEspressos,5264363
2026-07-03T04:09:28.422414,2026-07-03T04:09:28.429806+00:00,118.7,50,bid,FlawlessFlatbreads,DiligentDonuts,5264379
2026-07-03T04:09:29.229876,2026-07-03T04:09:29.241545+00:00,118.2,48,ask,DiligentDonuts,CostlyCorianders,5264387
2026-07-03T04:09:30.822236,2026-07-03T04:09:30.835036+00:00,118.3,12,ask,DiligentDonuts,Xuanyu Liu,5264412
2026-07-03T04:09:32.056924,2026-07-03T04:09:32.068619+00:00,118.3,46,ask,DiligentDonuts,CostlyCorianders,5264429
2026-07-03T04:09:32.685674,2026-07-03T04:09:32.695650+00:00,118.2,50,ask,EarnestEspressos,FlawlessFlatbreads,5264441
2026-07-03T04:09:33.589141,2026-07-03T04:09:33.598845+00:00,118.3,47,bid,CostlyCorianders,DiligentDonuts,5264449
2026-07-03T04:09:33.643046,2026-07-03T04:09:33.654294+00:00,118.2,44,ask,EarnestEspressos,CostlyCorianders,5264451
2026-07-03T04:09:34.112187,2026-07-03T04:09:34.123624+00:00,118.2,46,ask,EarnestEspressos,CostlyCorianders,5264456
2026-07-03T04:09:34.739863,2026-07-03T04:09:34.751395+00:00,118.3,50,bid,FlawlessFlatbreads,DiligentDonuts,5264461
2026-07-03T04:09:35.701937,2026-07-03T04:09:35.711456+00:00,118.1,12,bid,Xuanyu Liu,EarnestEspressos,5264477
2026-07-03T04:09:35.898449,2026-07-03T04:09:35.909704+00:00,118.1,100,bid,DiligentDonuts,EarnestEspressos,5264479
2026-07-03T04:09:36.104704,2026-07-03T04:09:36.116324+00:00,118.1,38,bid,CostlyCorianders,EarnestEspressos,5264480
2026-07-03T04:09:36.104704,2026-07-03T04:09:36.116324+00:00,118.7,8,bid,CostlyCorianders,DiligentDonuts,5264481
2026-07-03T04:09:36.864402,2026-07-03T04:09:36.873889+00:00,118.7,50,bid,FlawlessFlatbreads,DiligentDonuts,5264498
2026-07-03T04:09:37.153372,2026-07-03T04:09:37.164358+00:00,118.7,41,bid,CostlyCorianders,DiligentDonuts,5264503
2026-07-03T04:09:37.584702,2026-07-03T04:09:37.591108+00:00,118.7,1,bid,Zihao Wu,DiligentDonuts,5264512
2026-07-03T04:09:37.959596,2026-07-03T04:09:37.969270+00:00,118.3,12,ask,EarnestEspressos,Xuanyu Liu,5264514
2026-07-03T04:09:38.329034,2026-07-03T04:09:38.340305+00:00,118.3,49,ask,EarnestEspressos,CostlyCorianders,5264519
2026-07-03T04:09:39.022840,2026-07-03T04:09:39.034386+00:00,118.3,50,ask,EarnestEspressos,FlawlessFlatbreads,5264537
2026-07-03T04:09:41.139108,2026-07-03T04:09:41.147802+00:00,118.2,50,ask,DiligentDonuts,FlawlessFlatbreads,5264569
2026-07-03T04:09:42.042897,2026-07-03T04:09:42.063879+00:00,118.2,47,ask,DiligentDonuts,CostlyCorianders,5264583
2026-07-03T04:09:42.597343,2026-07-03T04:09:42.603685+00:00,118.2,44,bid,CostlyCorianders,DiligentDonuts,5264596
2026-07-03T04:09:43.143688,2026-07-03T04:09:43.158580+00:00,118.2,40,bid,CostlyCorianders,DiligentDonuts,5264605
2026-07-03T04:09:43.244300,2026-07-03T04:09:43.255682+00:00,118.0,50,ask,EarnestEspressos,FlawlessFlatbreads,5264608
2026-07-03T04:09:44.147082,2026-07-03T04:09:44.156704+00:00,118.2,12,bid,Xuanyu Liu,DiligentDonuts,5264624
2026-07-03T04:09:44.213013,2026-07-03T04:09:44.224494+00:00,118.2,4,bid,CostlyCorianders,DiligentDonuts,5264628
2026-07-03T04:09:45.352810,2026-07-03T04:09:45.364265+00:00,117.8,50,ask,EarnestEspressos,FlawlessFlatbreads,5264638
2026-07-03T04:09:45.383040,2026-07-03T04:09:45.391349+00:00,118.3,100,bid,DiligentDonuts,EarnestEspressos,5264643
2026-07-03T04:09:46.759440,2026-07-03T04:09:46.767527+00:00,118.3,11,bid,Xuanyu Liu,EarnestEspressos,5264678
2026-07-03T04:09:47.460968,2026-07-03T04:09:47.472540+00:00,117.8,50,ask,EarnestEspressos,FlawlessFlatbreads,5264687
2026-07-03T04:09:48.761857,2026-07-03T04:09:48.773716+00:00,118.0,47,ask,DiligentDonuts,CostlyCorianders,5264705
2026-07-03T04:09:49.585826,2026-07-03T04:09:49.594890+00:00,118.0,50,ask,DiligentDonuts,FlawlessFlatbreads,5264716
2026-07-03T04:09:50.873916,2026-07-03T04:09:50.885125+00:00,118.2,47,bid,CostlyCorianders,EarnestEspressos,5264728
2026-07-03T04:09:51.433020,2026-07-03T04:09:51.442628+00:00,118.0,3,ask,DiligentDonuts,CostlyCorianders,5264733
2026-07-03T04:09:52.008581,2026-07-03T04:09:52.016676+00:00,118.1,3,bid,Xuanyu Liu,DiligentDonuts,5264749
2026-07-03T04:09:52.074772,2026-07-03T04:09:52.081925+00:00,118.1,25,bid,Alice Feng,DiligentDonuts,5264752
2026-07-03T04:09:52.283394,2026-07-03T04:09:52.290419+00:00,118.1,25,bid,Alice Feng,DiligentDonuts,5264756
2026-07-03T04:09:52.496806,2026-07-03T04:09:52.504852+00:00,118.1,25,bid,Alice Feng,DiligentDonuts,5264760
2026-07-03T04:09:52.712623,2026-07-03T04:09:52.723324+00:00,118.1,22,bid,Alice Feng,DiligentDonuts,5264764
2026-07-03T04:09:52.716669,2026-07-03T04:09:52.723324+00:00,118.2,2,bid,Alice Feng,EarnestEspressos,5264765
2026-07-03T04:09:52.921086,2026-07-03T04:09:52.932687+00:00,118.2,1,bid,Alice Feng,EarnestEspressos,5264769
2026-07-03T04:09:53.318002,2026-07-03T04:09:53.326594+00:00,118.2,45,bid,CostlyCorianders,EarnestEspressos,5264775
2026-07-03T04:09:53.769979,2026-07-03T04:09:53.777652+00:00,118.3,3,ask,EarnestEspressos,Xuanyu Liu,5264781
2026-07-03T04:09:53.927455,2026-07-03T04:09:53.938798+00:00,118.3,25,ask,EarnestEspressos,Alice Feng,5264786
2026-07-03T04:09:54.135198,2026-07-03T04:09:54.142520+00:00,118.3,25,ask,EarnestEspressos,Alice Feng,5264788
2026-07-03T04:09:54.345976,2026-07-03T04:09:54.357339+00:00,118.3,25,ask,EarnestEspressos,Alice Feng,5264790
2026-07-03T04:09:54.555484,2026-07-03T04:09:54.556335+00:00,118.3,25,ask,EarnestEspressos,Alice Feng,5264798
2026-07-03T04:09:57.613371,2026-07-03T04:09:57.623683+00:00,118.1,22,ask,DiligentDonuts,Zihao Wu,5264846
2026-07-03T04:09:58.003220,2026-07-03T04:09:58.010280+00:00,118.1,50,ask,EarnestEspressos,FlawlessFlatbreads,5264848
2026-07-03T04:10:00.113616,2026-07-03T04:10:00.123148+00:00,118.1,50,ask,DiligentDonuts,FlawlessFlatbreads,5264877
2026-07-03T04:10:02.219779,2026-07-03T04:10:02.226359+00:00,117.9,50,ask,DiligentDonuts,FlawlessFlatbreads,5264896
2026-07-03T04:10:04.325511,2026-07-03T04:10:04.333527+00:00,117.7,50,ask,EarnestEspressos,FlawlessFlatbreads,5264928
2026-07-03T04:10:06.418781,2026-07-03T04:10:06.427564+00:00,118.0,3,bid,Xuanyu Liu,EarnestEspressos,5264955
2026-07-03T04:10:06.432058,2026-07-03T04:10:06.442790+00:00,117.7,50,ask,DiligentDonuts,FlawlessFlatbreads,5264957
2026-07-03T04:10:06.738090,2026-07-03T04:10:06.749393+00:00,118.0,40,bid,CostlyCorianders,EarnestEspressos,5264966
2026-07-03T04:10:06.792380,2026-07-03T04:10:06.803836+00:00,117.7,41,ask,DiligentDonuts,CostlyCorianders,5264970
2026-07-03T04:10:07.190110,2026-07-03T04:10:07.197499+00:00,118.0,25,bid,Alice Feng,EarnestEspressos,5264981
2026-07-03T04:10:07.398500,2026-07-03T04:10:07.408410+00:00,118.0,25,bid,Alice Feng,EarnestEspressos,5264986
2026-07-03T04:10:07.607566,2026-07-03T04:10:07.614259+00:00,118.0,25,bid,Alice Feng,EarnestEspressos,5264988
2026-07-03T04:10:07.818592,2026-07-03T04:10:07.828851+00:00,118.0,25,bid,Alice Feng,EarnestEspressos,5264994
2026-07-03T04:10:08.029075,2026-07-03T04:10:08.039934+00:00,118.0,7,bid,Alice Feng,EarnestEspressos,5264997
2026-07-03T04:10:08.029075,2026-07-03T04:10:08.039934+00:00,118.0,18,bid,Alice Feng,DiligentDonuts,5264998
2026-07-03T04:10:08.242437,2026-07-03T04:10:08.251856+00:00,118.0,25,bid,Alice Feng,DiligentDonuts,5265001
2026-07-03T04:10:08.452534,2026-07-03T04:10:08.458555+00:00,118.0,25,bid,Alice Feng,DiligentDonuts,5265003
2026-07-03T04:10:08.661660,2026-07-03T04:10:08.668447+00:00,118.0,25,bid,Alice Feng,DiligentDonuts,5265008
2026-07-03T04:10:09.518586,2026-07-03T04:10:09.530118+00:00,118.0,7,bid,EarnestEspressos,DiligentDonuts,5265025
2026-07-03T04:10:10.644663,2026-07-03T04:10:10.658566+00:00,118.2,50,ask,EarnestEspressos,FlawlessFlatbreads,5265050
2026-07-03T04:10:10.863264,2026-07-03T04:10:10.874681+00:00,118.7,43,bid,CostlyCorianders,EarnestEspressos,5265055
2026-07-03T04:10:12.699412,2026-07-03T04:10:12.710869+00:00,118.7,50,bid,FlawlessFlatbreads,DiligentDonuts,5265091
2026-07-03T04:10:13.138652,2026-07-03T04:10:13.150015+00:00,118.2,45,ask,DiligentDonuts,CostlyCorianders,5265097
2026-07-03T04:10:14.806669,2026-07-03T04:10:14.818306+00:00,118.5,50,bid,FlawlessFlatbreads,DiligentDonuts,5265125
2026-07-03T04:10:14.867883,2026-07-03T04:10:14.879580+00:00,118.5,46,bid,CostlyCorianders,DiligentDonuts,5265126
2026-07-03T04:10:14.923030,2026-07-03T04:10:14.934548+00:00,118.2,46,ask,EarnestEspressos,CostlyCorianders,5265127
2026-07-03T04:10:15.958490,2026-07-03T04:10:15.970035+00:00,118.5,4,bid,CostlyCorianders,DiligentDonuts,5265149
2026-07-03T04:10:15.958490,2026-07-03T04:10:15.970035+00:00,118.5,45,bid,CostlyCorianders,EarnestEspressos,5265150
2026-07-03T04:10:16.914934,2026-07-03T04:10:16.926659+00:00,118.5,50,bid,FlawlessFlatbreads,EarnestEspressos,5265165
2026-07-03T04:10:17.933365,2026-07-03T04:10:17.964091+00:00,118.4,44,ask,DiligentDonuts,CostlyCorianders,5265187
2026-07-03T04:10:19.022875,2026-07-03T04:10:19.034132+00:00,118.9,50,bid,FlawlessFlatbreads,DiligentDonuts,5265211
2026-07-03T04:10:19.104305,2026-07-03T04:10:19.112707+00:00,118.7,44,ask,EarnestEspressos,CostlyCorianders,5265213
2026-07-03T04:10:20.538813,2026-07-03T04:10:20.558798+00:00,118.7,3,ask,EarnestEspressos,Xuanyu Liu,5265229
2026-07-03T04:10:20.687163,2026-07-03T04:10:20.697224+00:00,118.7,25,ask,EarnestEspressos,Alice Feng,5265236
2026-07-03T04:10:20.897357,2026-07-03T04:10:20.908640+00:00,118.7,25,ask,EarnestEspressos,Alice Feng,5265240
2026-07-03T04:10:21.106518,2026-07-03T04:10:21.117792+00:00,118.7,25,ask,EarnestEspressos,Alice Feng,5265247
2026-07-03T04:10:21.179716,2026-07-03T04:10:21.186510+00:00,118.7,28,ask,EarnestEspressos,FlawlessFlatbreads,5265249
2026-07-03T04:10:21.179716,2026-07-03T04:10:21.191773+00:00,118.5,22,ask,DiligentDonuts,FlawlessFlatbreads,5265250
2026-07-03T04:10:22.215140,2026-07-03T04:10:22.226547+00:00,118.5,78,ask,DiligentDonuts,EarnestEspressos,5265260
2026-07-03T04:10:23.076960,2026-07-03T04:10:23.088337+00:00,118.5,40,bid,CostlyCorianders,EarnestEspressos,5265275
2026-07-03T04:10:23.288573,2026-07-03T04:10:23.300002+00:00,118.0,50,ask,EarnestEspressos,FlawlessFlatbreads,5265277
2026-07-03T04:10:24.180479,2026-07-03T04:10:24.188025+00:00,118.5,3,bid,Xuanyu Liu,EarnestEspressos,5265285
2026-07-03T04:10:25.121372,2026-07-03T04:10:25.132774+00:00,118.5,29,bid,CostlyCorianders,EarnestEspressos,5265297
2026-07-03T04:10:25.121372,2026-07-03T04:10:25.132774+00:00,118.6,17,bid,CostlyCorianders,DiligentDonuts,5265298
2026-07-03T04:10:27.497967,2026-07-03T04:10:27.505915+00:00,118.3,50,ask,EarnestEspressos,FlawlessFlatbreads,5265323
2026-07-03T04:10:27.617835,2026-07-03T04:10:27.629434+00:00,118.3,44,ask,EarnestEspressos,CostlyCorianders,5265328
2026-07-03T04:10:28.655776,2026-07-03T04:10:28.667610+00:00,118.5,46,bid,CostlyCorianders,DiligentDonuts,5265339
2026-07-03T04:10:29.215315,2026-07-03T04:10:29.226582+00:00,118.0,44,ask,DiligentDonuts,CostlyCorianders,5265346
2026-07-03T04:10:29.674212,2026-07-03T04:10:29.685521+00:00,118.5,44,bid,CostlyCorianders,EarnestEspressos,5265353
2026-07-03T04:10:33.777589,2026-07-03T04:10:33.784432+00:00,118.6,50,bid,FlawlessFlatbreads,EarnestEspressos,5265409
2026-07-03T04:10:34.614092,2026-07-03T04:10:34.625663+00:00,118.3,48,ask,DiligentDonuts,CostlyCorianders,5265424
2026-07-03T04:10:35.935108,2026-07-03T04:10:35.946745+00:00,118.5,50,ask,EarnestEspressos,FlawlessFlatbreads,5265447
2026-07-03T04:10:37.664039,2026-07-03T04:10:37.675687+00:00,118.6,44,bid,CostlyCorianders,DiligentDonuts,5265477
2026-07-03T04:10:37.844003,2026-07-03T04:10:37.852371+00:00,118.5,3,ask,EarnestEspressos,Xuanyu Liu,5265480
2026-07-03T04:10:38.062593,2026-07-03T04:10:38.072003+00:00,118.1,50,ask,DiligentDonuts,FlawlessFlatbreads,5265484
2026-07-03T04:10:39.220555,2026-07-03T04:10:39.228665+00:00,118.3,3,bid,Xuanyu Liu,DiligentDonuts,5265511
2026-07-03T04:10:39.351409,2026-07-03T04:10:39.358587+00:00,118.3,25,bid,Alice Feng,DiligentDonuts,5265518
2026-07-03T04:10:39.560382,2026-07-03T04:10:39.569085+00:00,118.3,25,bid,Alice Feng,DiligentDonuts,5265523
2026-07-03T04:10:39.760693,2026-07-03T04:10:39.770593+00:00,118.0,48,ask,EarnestEspressos,CostlyCorianders,5265525
2026-07-03T04:10:39.768737,2026-07-03T04:10:39.775847+00:00,118.3,25,bid,Alice Feng,DiligentDonuts,5265527
2026-07-03T04:10:42.249118,2026-07-03T04:10:42.259660+00:00,118.3,22,bid,FlawlessFlatbreads,DiligentDonuts,5265556
2026-07-03T04:10:42.249118,2026-07-03T04:10:42.259660+00:00,118.3,28,bid,FlawlessFlatbreads,EarnestEspressos,5265557
2026-07-03T04:10:43.211701,2026-07-03T04:10:43.223189+00:00,118.1,43,ask,DiligentDonuts,CostlyCorianders,5265572
2026-07-03T04:10:44.362622,2026-07-03T04:10:44.374286+00:00,118.6,50,bid,FlawlessFlatbreads,DiligentDonuts,5265591
2026-07-03T04:10:46.523711,2026-07-03T04:10:46.540262+00:00,118.0,50,ask,DiligentDonuts,FlawlessFlatbreads,5265622
2026-07-03T04:10:47.123438,2026-07-03T04:10:47.134938+00:00,118.3,43,bid,CostlyCorianders,EarnestEspressos,5265634
2026-07-03T04:10:48.630830,2026-07-03T04:10:48.640222+00:00,118.1,50,ask,EarnestEspressos,FlawlessFlatbreads,5265654
2026-07-03T04:10:48.767329,2026-07-03T04:10:48.778583+00:00,118.4,46,bid,CostlyCorianders,DiligentDonuts,5265660
2026-07-03T04:10:52.463344,2026-07-03T04:10:52.474555+00:00,118.0,48,ask,DiligentDonuts,CostlyCorianders,5265714
2026-07-03T04:10:52.788255,2026-07-03T04:10:52.802533+00:00,118.4,50,bid,FlawlessFlatbreads,EarnestEspressos,5265725
2026-07-03T04:10:52.970877,2026-07-03T04:10:52.982318+00:00,118.0,47,ask,DiligentDonuts,CostlyCorianders,5265727
2026-07-03T04:10:54.894985,2026-07-03T04:10:54.906538+00:00,118.5,50,bid,FlawlessFlatbreads,DiligentDonuts,5265752
2026-07-03T04:10:57.028075,2026-07-03T04:10:57.035870+00:00,118.5,50,bid,FlawlessFlatbreads,DiligentDonuts,5265791
2026-07-03T04:10:57.649693,2026-07-03T04:10:57.664032+00:00,118.5,47,bid,CostlyCorianders,DiligentDonuts,5265802
2026-07-03T04:10:59.133548,2026-07-03T04:10:59.145097+00:00,118.6,50,bid,FlawlessFlatbreads,EarnestEspressos,5265813
2026-07-03T04:10:59.787703,2026-07-03T04:10:59.796253+00:00,118.6,40,bid,CostlyCorianders,EarnestEspressos,5265826
2026-07-03T04:11:00.878888,2026-07-03T04:11:00.890265+00:00,118.4,49,ask,EarnestEspressos,CostlyCorianders,5265837
2026-07-03T04:11:01.242302,2026-07-03T04:11:01.253697+00:00,118.8,50,bid,FlawlessFlatbreads,DiligentDonuts,5265845
2026-07-03T04:11:02.988450,2026-07-03T04:11:02.999875+00:00,118.9,47,bid,CostlyCorianders,EarnestEspressos,5265870
2026-07-03T04:11:03.401338,2026-07-03T04:11:03.412937+00:00,118.8,50,ask,EarnestEspressos,FlawlessFlatbreads,5265876
2026-07-03T04:11:03.434887,2026-07-03T04:11:03.443263+00:00,118.8,3,ask,EarnestEspressos,Xuanyu Liu,5265877
2026-07-03T04:11:03.826118,2026-07-03T04:11:03.837679+00:00,118.8,25,ask,EarnestEspressos,Alice Feng,5265885
2026-07-03T04:11:04.036757,2026-07-03T04:11:04.045891+00:00,118.8,25,ask,EarnestEspressos,Alice Feng,5265890
2026-07-03T04:11:04.059568,2026-07-03T04:11:04.068371+00:00,118.8,22,ask,EarnestEspressos,Xuanyu Liu,5265892
2026-07-03T04:11:04.378023,2026-07-03T04:11:04.389617+00:00,118.4,40,ask,DiligentDonuts,CostlyCorianders,5265896
2026-07-03T04:11:06.426314,2026-07-03T04:11:06.434729+00:00,118.5,46,ask,DiligentDonuts,CostlyCorianders,5265931
2026-07-03T04:11:06.523403,2026-07-03T04:11:06.534679+00:00,118.5,54,ask,DiligentDonuts,EarnestEspressos,5265932
2026-07-03T04:11:06.535891,2026-07-03T04:11:06.543972+00:00,118.5,22,bid,Xuanyu Liu,EarnestEspressos,5265933
2026-07-03T04:11:07.439553,2026-07-03T04:11:07.451139+00:00,118.5,45,bid,CostlyCorianders,EarnestEspressos,5265955
2026-07-03T04:11:07.612932,2026-07-03T04:11:07.624328+00:00,118.0,50,ask,EarnestEspressos,FlawlessFlatbreads,5265959
2026-07-03T04:11:08.989105,2026-07-03T04:11:09.000794+00:00,118.2,43,ask,DiligentDonuts,CostlyCorianders,5265977
2026-07-03T04:11:09.721057,2026-07-03T04:11:09.727831+00:00,118.2,50,ask,DiligentDonuts,FlawlessFlatbreads,5265994
2026-07-03T04:11:11.828036,2026-07-03T04:11:11.835319+00:00,118.1,50,ask,EarnestEspressos,FlawlessFlatbreads,5266026
2026-07-03T04:11:11.903494,2026-07-03T04:11:11.911534+00:00,118.2,3,bid,Xuanyu Liu,DiligentDonuts,5266031
2026-07-03T04:11:12.062172,2026-07-03T04:11:12.069594+00:00,118.2,25,bid,Alice Feng,DiligentDonuts,5266038
2026-07-03T04:11:12.271105,2026-07-03T04:11:12.278861+00:00,118.2,25,bid,Alice Feng,DiligentDonuts,5266044
2026-07-03T04:11:12.480177,2026-07-03T04:11:12.487436+00:00,118.2,25,bid,Alice Feng,DiligentDonuts,5266048
2026-07-03T04:11:12.759099,2026-07-03T04:11:12.767533+00:00,118.2,22,bid,CostlyCorianders,DiligentDonuts,5266055
2026-07-03T04:11:13.882515,2026-07-03T04:11:13.893816+00:00,118.5,50,bid,FlawlessFlatbreads,EarnestEspressos,5266069
2026-07-03T04:11:14.931674,2026-07-03T04:11:14.938081+00:00,118.1,45,ask,DiligentDonuts,CostlyCorianders,5266081
2026-07-03T04:11:15.407285,2026-07-03T04:11:15.418698+00:00,118.5,43,bid,CostlyCorianders,EarnestEspressos,5266087
2026-07-03T04:11:15.867566,2026-07-03T04:11:15.875654+00:00,118.5,45,bid,CostlyCorianders,EarnestEspressos,5266095
2026-07-03T04:11:16.185732,2026-07-03T04:11:16.194942+00:00,118.4,3,ask,EarnestEspressos,Xuanyu Liu,5266096
2026-07-03T04:11:16.360581,2026-07-03T04:11:16.372143+00:00,118.4,25,ask,EarnestEspressos,Alice Feng,5266103
2026-07-03T04:11:16.570250,2026-07-03T04:11:16.576351+00:00,118.4,25,ask,EarnestEspressos,Alice Feng,5266109
2026-07-03T04:11:16.779155,2026-07-03T04:11:16.790061+00:00,118.4,25,ask,EarnestEspressos,Alice Feng,5266117
2026-07-03T04:11:17.062566,2026-07-03T04:11:17.071457+00:00,118.4,25,ask,EarnestEspressos,Alice Feng,5266122
2026-07-03T04:11:17.141043,2026-07-03T04:11:17.150059+00:00,118.4,1,ask,EarnestEspressos,Xuanyu Liu,5266125
2026-07-03T04:11:18.464949,2026-07-03T04:11:18.473750+00:00,118.4,1,bid,Xuanyu Liu,DiligentDonuts,5266148
2026-07-03T04:11:18.678158,2026-07-03T04:11:18.688217+00:00,118.4,40,bid,CostlyCorianders,DiligentDonuts,5266155
2026-07-03T04:11:20.756472,2026-07-03T04:11:20.767808+00:00,118.0,40,ask,DiligentDonuts,CostlyCorianders,5266172
2026-07-03T04:11:22.296876,2026-07-03T04:11:22.304086+00:00,118.5,50,bid,FlawlessFlatbreads,DiligentDonuts,5266210
2026-07-03T04:11:23.684900,2026-07-03T04:11:23.694065+00:00,118.4,3,bid,Xuanyu Liu,EarnestEspressos,5266233
2026-07-03T04:11:24.401765,2026-07-03T04:11:24.409215+00:00,118.4,46,bid,CostlyCorianders,EarnestEspressos,5266248
2026-07-03T04:11:24.405438,2026-07-03T04:11:24.414462+00:00,118.4,50,bid,FlawlessFlatbreads,EarnestEspressos,5266249
2026-07-03T04:11:25.463684,2026-07-03T04:11:25.475013+00:00,118.5,46,bid,CostlyCorianders,DiligentDonuts,5266258
2026-07-03T04:11:26.510554,2026-07-03T04:11:26.541041+00:00,118.5,50,bid,FlawlessFlatbreads,DiligentDonuts,5266278
2026-07-03T04:11:27.410261,2026-07-03T04:11:27.421887+00:00,118.4,41,ask,EarnestEspressos,CostlyCorianders,5266289
2026-07-03T04:11:27.639359,2026-07-03T04:11:27.650191+00:00,118.4,3,ask,EarnestEspressos,Xuanyu Liu,5266296
2026-07-03T04:11:27.689730,2026-07-03T04:11:27.701473+00:00,118.4,25,ask,EarnestEspressos,Alice Feng,5266300
2026-07-03T04:11:27.899584,2026-07-03T04:11:27.911167+00:00,118.4,25,ask,EarnestEspressos,Alice Feng,5266303
2026-07-03T04:11:28.108283,2026-07-03T04:11:28.119821+00:00,118.4,25,ask,EarnestEspressos,Alice Feng,5266306
2026-07-03T04:11:28.317652,2026-07-03T04:11:28.328969+00:00,118.4,25,ask,EarnestEspressos,Alice Feng,5266313
2026-07-03T04:11:28.667671,2026-07-03T04:11:28.678478+00:00,118.4,100,ask,DiligentDonuts,EarnestEspressos,5266319
2026-07-03T04:11:28.681586,2026-07-03T04:11:28.689890+00:00,118.1,3,bid,Xuanyu Liu,EarnestEspressos,5266320
2026-07-03T04:11:28.731635,2026-07-03T04:11:28.738952+00:00,118.1,25,bid,Alice Feng,EarnestEspressos,5266323
2026-07-03T04:11:28.941324,2026-07-03T04:11:28.952753+00:00,118.1,22,bid,Alice Feng,EarnestEspressos,5266330
2026-07-03T04:11:28.970626,2026-07-03T04:11:28.980447+00:00,117.6,45,ask,EarnestEspressos,Zihao Wu,5266334
2026-07-03T04:11:29.884643,2026-07-03T04:11:29.896172+00:00,118.0,48,ask,DiligentDonuts,CostlyCorianders,5266339
2026-07-03T04:11:30.774419,2026-07-03T04:11:30.785126+00:00,118.0,50,ask,DiligentDonuts,FlawlessFlatbreads,5266355
2026-07-03T04:11:32.951223,2026-07-03T04:11:32.957477+00:00,118.6,42,bid,CostlyCorianders,EarnestEspressos,5266390
2026-07-03T04:11:34.814119,2026-07-03T04:11:34.825512+00:00,118.5,44,bid,CostlyCorianders,DiligentDonuts,5266407
2026-07-03T04:11:34.946091,2026-07-03T04:11:34.958566+00:00,118.5,56,bid,EarnestEspressos,DiligentDonuts,5266412
2026-07-03T04:11:34.983081,2026-07-03T04:11:34.994395+00:00,118.5,50,ask,EarnestEspressos,FlawlessFlatbreads,5266413
2026-07-03T04:11:37.088181,2026-07-03T04:11:37.099977+00:00,118.5,44,ask,EarnestEspressos,FlawlessFlatbreads,5266443
2026-07-03T04:11:37.088181,2026-07-03T04:11:37.099977+00:00,118.3,6,ask,DiligentDonuts,FlawlessFlatbreads,5266444
2026-07-03T04:11:38.156749,2026-07-03T04:11:38.158529+00:00,118.3,94,ask,DiligentDonuts,EarnestEspressos,5266452
2026-07-03T04:11:38.177126,2026-07-03T04:11:38.185654+00:00,118.3,25,bid,Alice Feng,EarnestEspressos,5266454
2026-07-03T04:11:38.198898,2026-07-03T04:11:38.210194+00:00,117.9,46,ask,EarnestEspressos,CostlyCorianders,5266455
2026-07-03T04:11:38.387259,2026-07-03T04:11:38.397773+00:00,118.3,25,bid,Alice Feng,EarnestEspressos,5266459
2026-07-03T04:11:38.596708,2026-07-03T04:11:38.603150+00:00,118.3,6,bid,Alice Feng,EarnestEspressos,5266461
2026-07-03T04:11:39.197980,2026-07-03T04:11:39.207603+00:00,117.9,50,ask,EarnestEspressos,FlawlessFlatbreads,5266467
2026-07-03T04:11:39.420611,2026-07-03T04:11:39.427233+00:00,118.4,2,bid,Alice Feng,DiligentDonuts,5266469
2026-07-03T04:11:39.625125,2026-07-03T04:11:39.631469+00:00,118.4,2,bid,Alice Feng,DiligentDonuts,5266472
2026-07-03T04:11:39.829411,2026-07-03T04:11:39.839210+00:00,118.4,2,bid,Alice Feng,DiligentDonuts,5266477
2026-07-03T04:11:40.033642,2026-07-03T04:11:40.045073+00:00,118.4,2,bid,Alice Feng,DiligentDonuts,5266483
2026-07-03T04:11:40.239447,2026-07-03T04:11:40.250623+00:00,118.4,2,bid,Alice Feng,DiligentDonuts,5266486
2026-07-03T04:11:41.306067,2026-07-03T04:11:41.315436+00:00,118.1,50,ask,EarnestEspressos,FlawlessFlatbreads,5266508
2026-07-03T04:11:43.260188,2026-07-03T04:11:43.271638+00:00,118.1,44,ask,EarnestEspressos,CostlyCorianders,5266544
2026-07-03T04:11:43.434006,2026-07-03T04:11:43.445281+00:00,118.1,50,ask,EarnestEspressos,FlawlessFlatbreads,5266551
2026-07-03T04:11:44.205771,2026-07-03T04:11:44.212517+00:00,118.3,45,bid,CostlyCorianders,DiligentDonuts,5266562
2026-07-03T04:11:44.480932,2026-07-03T04:11:44.490290+00:00,117.8,100,ask,DiligentDonuts,EarnestEspressos,5266567
2026-07-03T04:11:44.491630,2026-07-03T04:11:44.499645+00:00,117.8,26,bid,Xuanyu Liu,EarnestEspressos,5266568
2026-07-03T04:11:44.660170,2026-07-03T04:11:44.668690+00:00,117.8,24,bid,Alice Feng,EarnestEspressos,5266581
2026-07-03T04:11:44.664047,2026-07-03T04:11:44.674133+00:00,118.3,1,bid,Alice Feng,DiligentDonuts,5266582
2026-07-03T04:11:45.874431,2026-07-03T04:11:45.881593+00:00,118.1,25,bid,Alice Feng,DiligentDonuts,5266600
2026-07-03T04:11:45.916008,2026-07-03T04:11:45.925865+00:00,118.1,40,bid,CostlyCorianders,DiligentDonuts,5266601
2026-07-03T04:11:46.083422,2026-07-03T04:11:46.090764+00:00,118.1,25,bid,Alice Feng,DiligentDonuts,5266605
2026-07-03T04:11:46.292970,2026-07-03T04:11:46.301778+00:00,118.1,10,bid,Alice Feng,DiligentDonuts,5266607
2026-07-03T04:11:47.657794,2026-07-03T04:11:47.669002+00:00,118.0,50,ask,EarnestEspressos,FlawlessFlatbreads,5266627
2026-07-03T04:11:48.645348,2026-07-03T04:11:48.656754+00:00,118.0,40,ask,EarnestEspressos,CostlyCorianders,5266639
2026-07-03T04:11:48.996611,2026-07-03T04:11:49.007184+00:00,118.5,45,bid,Zihao Wu,EarnestEspressos,5266648
2026-07-03T04:11:49.764278,2026-07-03T04:11:49.775639+00:00,118.1,50,ask,DiligentDonuts,FlawlessFlatbreads,5266656
2026-07-03T04:11:49.781303,2026-07-03T04:11:49.792856+00:00,118.5,46,bid,CostlyCorianders,EarnestEspressos,5266657
2026-07-03T04:11:51.870840,2026-07-03T04:11:51.880733+00:00,118.1,50,ask,DiligentDonuts,FlawlessFlatbreads,5266684
2026-07-03T04:11:52.679987,2026-07-03T04:11:52.688950+00:00,118.0,48,ask,EarnestEspressos,CostlyCorianders,5266702
2026-07-03T04:11:53.776172,2026-07-03T04:11:53.786385+00:00,118.0,41,ask,EarnestEspressos,CostlyCorianders,5266718
2026-07-03T04:11:53.981449,2026-07-03T04:11:53.990171+00:00,118.0,50,ask,DiligentDonuts,FlawlessFlatbreads,5266719
2026-07-03T04:11:54.119400,2026-07-03T04:11:54.126208+00:00,118.2,2,bid,Alice Feng,EarnestEspressos,5266721
2026-07-03T04:11:56.107012,2026-07-03T04:11:56.118269+00:00,117.7,50,ask,EarnestEspressos,FlawlessFlatbreads,5266749
2026-07-03T04:11:56.427249,2026-07-03T04:11:56.436344+00:00,118.2,42,bid,CostlyCorianders,EarnestEspressos,5266758
2026-07-03T04:11:57.359671,2026-07-03T04:11:57.368019+00:00,118.2,11,bid,Xuanyu Liu,DiligentDonuts,5266765
2026-07-03T04:11:58.212315,2026-07-03T04:11:58.223740+00:00,118.1,50,ask,EarnestEspressos,FlawlessFlatbreads,5266779
2026-07-03T04:12:00.086900,2026-07-03T04:12:00.098410+00:00,118.6,49,bid,CostlyCorianders,EarnestEspressos,5266808
2026-07-03T04:12:00.343141,2026-07-03T04:12:00.354460+00:00,118.1,50,ask,DiligentDonuts,FlawlessFlatbreads,5266811
2026-07-03T04:12:01.720215,2026-07-03T04:12:01.730238+00:00,118.3,46,bid,CostlyCorianders,DiligentDonuts,5266833
2026-07-03T04:12:02.451655,2026-07-03T04:12:02.454031+00:00,118.0,50,ask,EarnestEspressos,FlawlessFlatbreads,5266839
2026-07-03T04:12:04.572317,2026-07-03T04:12:04.579351+00:00,117.8,50,ask,DiligentDonuts,FlawlessFlatbreads,5266859
2026-07-03T04:12:06.627325,2026-07-03T04:12:06.638684+00:00,118.3,50,bid,FlawlessFlatbreads,DiligentDonuts,5266889
2026-07-03T04:12:08.742229,2026-07-03T04:12:08.748889+00:00,118.3,50,bid,FlawlessFlatbreads,EarnestEspressos,5266915
2026-07-03T04:12:10.866347,2026-07-03T04:12:10.874226+00:00,118.5,50,bid,FlawlessFlatbreads,DiligentDonuts,5266941
2026-07-03T04:12:12.175297,2026-07-03T04:12:12.183636+00:00,118.3,11,ask,DiligentDonuts,Xuanyu Liu,5266959
2026-07-03T04:12:13.023119,2026-07-03T04:12:13.030226+00:00,118.3,50,ask,DiligentDonuts,FlawlessFlatbreads,5266971
2026-07-03T04:12:13.489261,2026-07-03T04:12:13.498694+00:00,118.3,12,ask,DiligentDonuts,Xuanyu Liu,5266980
2026-07-03T04:12:14.738568,2026-07-03T04:12:14.750285+00:00,117.9,47,ask,EarnestEspressos,CostlyCorianders,5266991
2026-07-03T04:12:14.801479,2026-07-03T04:12:14.811211+00:00,118.2,12,bid,Xuanyu Liu,DiligentDonuts,5266994
2026-07-03T04:12:15.078459,2026-07-03T04:12:15.089794+00:00,118.2,50,bid,FlawlessFlatbreads,DiligentDonuts,5266999
2026-07-03T04:12:15.812366,2026-07-03T04:12:15.823784+00:00,117.9,40,ask,EarnestEspressos,CostlyCorianders,5267008
2026-07-03T04:12:16.159504,2026-07-03T04:12:16.168564+00:00,118.1,11,bid,Xuanyu Liu,EarnestEspressos,5267018
2026-07-03T04:12:17.337575,2026-07-03T04:12:17.364011+00:00,118.1,100,bid,DiligentDonuts,EarnestEspressos,5267036
2026-07-03T04:12:17.639653,2026-07-03T04:12:17.658638+00:00,118.1,39,bid,CostlyCorianders,EarnestEspressos,5267040
2026-07-03T04:12:17.639653,2026-07-03T04:12:17.658638+00:00,118.6,8,bid,CostlyCorianders,DiligentDonuts,5267041
2026-07-03T04:12:18.232444,2026-07-03T04:12:18.244078+00:00,117.6,41,ask,EarnestEspressos,CostlyCorianders,5267049
2026-07-03T04:12:18.716928,2026-07-03T04:12:18.728248+00:00,118.6,47,bid,CostlyCorianders,DiligentDonuts,5267053
2026-07-03T04:12:19.288450,2026-07-03T04:12:19.300151+00:00,118.6,45,bid,FlawlessFlatbreads,DiligentDonuts,5267063
