timestamp,recv_time,price,volume,aggressor_side,buyer,seller,trade_id
2026-07-07T16:00:00.036026,2026-07-07T16:00:00.004029+00:00,139.6,35,bid,,,11055514
2026-07-07T16:00:00.127364,2026-07-07T16:00:00.093998+00:00,139.6,31,bid,,,11055516
2026-07-07T16:00:00.399822,2026-07-07T16:00:00.411466+00:00,140.0,47,bid,,,11055521
2026-07-07T16:00:00.942635,2026-07-07T16:00:00.942407+00:00,139.5,50,ask,,,11055532
2026-07-07T16:00:03.049995,2026-07-07T16:00:03.057240+00:00,139.8,50,ask,,,11055553
2026-07-07T16:00:05.157933,2026-07-07T16:00:05.169761+00:00,139.8,50,ask,,,11055575
2026-07-07T16:00:06.610671,2026-07-07T16:00:06.622361+00:00,139.8,44,ask,,,11055598
2026-07-07T16:00:07.266248,2026-07-07T16:00:07.277922+00:00,139.8,50,ask,,,11055607
2026-07-07T16:00:07.969402,2026-07-07T16:00:07.976426+00:00,139.8,42,ask,,,11055611
2026-07-07T16:00:08.425968,2026-07-07T16:00:08.437723+00:00,140.0,46,bid,,,11055621
2026-07-07T16:00:09.373156,2026-07-07T16:00:09.379599+00:00,139.8,12,ask,,,11055628
2026-07-07T16:00:09.373156,2026-07-07T16:00:09.384869+00:00,139.7,38,ask,,,11055629
2026-07-07T16:00:10.300883,2026-07-07T16:00:10.312718+00:00,140.0,49,bid,,,11055636
2026-07-07T16:00:11.431549,2026-07-07T16:00:11.442702+00:00,139.9,50,bid,,,11055655
2026-07-07T16:00:13.402912,2026-07-07T16:00:13.414604+00:00,139.5,12,ask,,,11055679
2026-07-07T16:00:13.402912,2026-07-07T16:00:13.414604+00:00,139.4,30,ask,,,11055680
2026-07-07T16:00:13.542101,2026-07-07T16:00:13.553775+00:00,139.8,12,bid,,,11055682
2026-07-07T16:00:13.542101,2026-07-07T16:00:13.553775+00:00,139.9,38,bid,,,11055683
2026-07-07T16:00:17.817965,2026-07-07T16:00:17.829655+00:00,139.6,50,ask,,,11055739
2026-07-07T16:00:19.950492,2026-07-07T16:00:19.949574+00:00,139.6,50,ask,,,11055761
2026-07-07T16:00:21.117192,2026-07-07T16:00:21.128980+00:00,139.6,46,bid,,,11055773
2026-07-07T16:00:22.058368,2026-07-07T16:00:22.070367+00:00,139.3,12,ask,,,11055786
2026-07-07T16:00:22.058368,2026-07-07T16:00:22.070367+00:00,139.2,38,ask,,,11055787
2026-07-07T16:00:22.880165,2026-07-07T16:00:22.889922+00:00,139.2,47,ask,,,11055802
2026-07-07T16:00:23.483059,2026-07-07T16:00:23.490886+00:00,139.3,45,ask,,,11055810
2026-07-07T16:00:24.202661,2026-07-07T16:00:24.210239+00:00,139.4,12,ask,,,11055819
2026-07-07T16:00:24.202661,2026-07-07T16:00:24.215293+00:00,139.3,38,ask,,,11055820
2026-07-07T16:00:24.588189,2026-07-07T16:00:24.599895+00:00,139.5,35,bid,,,11055824
2026-07-07T16:00:24.680660,2026-07-07T16:00:24.688262+00:00,139.5,6,bid,,,11055827
2026-07-07T16:00:24.919712,2026-07-07T16:00:24.928851+00:00,139.5,3,bid,,,11055835
2026-07-07T16:00:26.319212,2026-07-07T16:00:26.326715+00:00,139.3,50,ask,,,11055854
2026-07-07T16:00:26.534012,2026-07-07T16:00:26.580453+00:00,139.2,11,bid,,,11055859
2026-07-07T16:00:27.945661,2026-07-07T16:00:27.958578+00:00,139.2,48,bid,,,11055876
2026-07-07T16:00:28.444995,2026-07-07T16:00:28.458606+00:00,139.1,12,ask,,,11055881
2026-07-07T16:00:28.444995,2026-07-07T16:00:28.458606+00:00,139.1,38,ask,,,11055882
2026-07-07T16:00:28.904958,2026-07-07T16:00:28.913993+00:00,139.2,23,bid,,,11055888
2026-07-07T16:00:29.099524,2026-07-07T16:00:29.107631+00:00,139.2,12,bid,,,11055891
2026-07-07T16:00:29.881117,2026-07-07T16:00:29.890363+00:00,139.4,11,ask,,,11055902
2026-07-07T16:00:30.281484,2026-07-07T16:00:30.293272+00:00,139.4,1,ask,,,11055910
2026-07-07T16:00:30.281484,2026-07-07T16:00:30.293272+00:00,139.3,43,ask,,,11055911
2026-07-07T16:00:30.556082,2026-07-07T16:00:30.567741+00:00,139.3,50,ask,,,11055916
2026-07-07T16:00:32.233646,2026-07-07T16:00:32.245375+00:00,139.6,48,bid,,,11055940
2026-07-07T16:00:32.667929,2026-07-07T16:00:32.678302+00:00,139.3,50,ask,,,11055942
2026-07-07T16:00:32.722224,2026-07-07T16:00:32.730439+00:00,139.6,44,bid,,,11055943
2026-07-07T16:00:32.836303,2026-07-07T16:00:32.845093+00:00,139.3,12,ask,,,11055945
2026-07-07T16:00:32.904887,2026-07-07T16:00:32.913444+00:00,139.2,12,bid,,,11055947
2026-07-07T16:00:33.979891,2026-07-07T16:00:33.991421+00:00,139.2,100,bid,,,11055963
2026-07-07T16:00:34.148472,2026-07-07T16:00:34.161814+00:00,139.2,11,bid,,,11055966
2026-07-07T16:00:34.724320,2026-07-07T16:00:34.736328+00:00,139.2,15,bid,,,11055977
2026-07-07T16:00:34.724320,2026-07-07T16:00:34.736328+00:00,139.7,12,bid,,,11055978
2026-07-07T16:00:34.724320,2026-07-07T16:00:34.736328+00:00,139.9,23,bid,,,11055979
2026-07-07T16:00:35.856342,2026-07-07T16:00:35.868708+00:00,138.8,12,ask,,,11055998
2026-07-07T16:00:35.856342,2026-07-07T16:00:35.868708+00:00,138.7,35,ask,,,11055999
2026-07-07T16:00:36.858169,2026-07-07T16:00:36.869752+00:00,139.6,50,bid,,,11056006
2026-07-07T16:00:37.046287,2026-07-07T16:00:37.058584+00:00,139.2,12,ask,,,11056011
2026-07-07T16:00:37.046287,2026-07-07T16:00:37.058584+00:00,139.1,31,ask,,,11056012
2026-07-07T16:00:37.918688,2026-07-07T16:00:37.930561+00:00,139.5,12,bid,,,11056029
2026-07-07T16:00:37.918688,2026-07-07T16:00:37.930561+00:00,139.6,30,bid,,,11056030
2026-07-07T16:00:39.015760,2026-07-07T16:00:39.027437+00:00,139.1,50,ask,,,11056047
2026-07-07T16:00:39.901254,2026-07-07T16:00:39.912667+00:00,139.1,43,ask,,,11056057
2026-07-07T16:00:41.151561,2026-07-07T16:00:41.163648+00:00,139.0,50,ask,,,11056081
2026-07-07T16:00:43.601821,2026-07-07T16:00:43.612542+00:00,139.3,44,bid,,,11056103
2026-07-07T16:00:44.153816,2026-07-07T16:00:44.165438+00:00,139.1,12,ask,,,11056109
2026-07-07T16:00:44.153816,2026-07-07T16:00:44.165438+00:00,139.0,36,ask,,,11056110
2026-07-07T16:00:45.317069,2026-07-07T16:00:45.327939+00:00,139.3,50,bid,,,11056127
2026-07-07T16:00:45.534537,2026-07-07T16:00:45.543609+00:00,139.4,11,ask,,,11056132
2026-07-07T16:00:47.300142,2026-07-07T16:00:47.311991+00:00,139.7,47,bid,,,11056155
2026-07-07T16:00:47.477648,2026-07-07T16:00:47.484297+00:00,139.4,50,ask,,,11056157
2026-07-07T16:00:49.584096,2026-07-07T16:00:49.591018+00:00,139.4,12,ask,,,11056178
2026-07-07T16:00:49.950787,2026-07-07T16:00:49.958551+00:00,139.8,12,bid,,,11056182
2026-07-07T16:00:49.950787,2026-07-07T16:00:49.968676+00:00,139.8,28,bid,,,11056183
2026-07-07T16:00:52.123370,2026-07-07T16:00:52.135048+00:00,139.3,42,ask,,,11056222
2026-07-07T16:00:55.150530,2026-07-07T16:00:55.163718+00:00,139.4,12,ask,,,11056257
2026-07-07T16:00:55.636247,2026-07-07T16:00:55.647511+00:00,139.6,40,bid,,,11056270
2026-07-07T16:00:55.870568,2026-07-07T16:00:55.882131+00:00,139.6,50,bid,,,11056274
2026-07-07T16:00:56.263047,2026-07-07T16:00:56.274840+00:00,139.4,40,ask,,,11056279
2026-07-07T16:00:57.806214,2026-07-07T16:00:57.818081+00:00,139.7,47,bid,,,11056290
2026-07-07T16:00:57.979669,2026-07-07T16:00:57.991429+00:00,139.7,50,bid,,,11056292
2026-07-07T16:00:58.131051,2026-07-07T16:00:58.142523+00:00,139.8,12,bid,,,11056296
2026-07-07T16:00:58.131051,2026-07-07T16:00:58.142523+00:00,139.9,100,bid,,,11056297
2026-07-07T16:00:59.080618,2026-07-07T16:00:59.089896+00:00,139.9,12,ask,,,11056312
2026-07-07T16:00:59.868437,2026-07-07T16:00:59.875149+00:00,139.9,26,ask,,,11056328
2026-07-07T16:00:59.868437,2026-07-07T16:00:59.880619+00:00,139.8,21,ask,,,11056329
2026-07-07T16:01:00.141793,2026-07-07T16:01:00.153704+00:00,139.8,50,ask,,,11056331
2026-07-07T16:01:02.277070,2026-07-07T16:01:02.284566+00:00,139.8,29,ask,,,11056349
2026-07-07T16:01:02.277070,2026-07-07T16:01:02.289780+00:00,139.8,12,ask,,,11056350
2026-07-07T16:01:02.277070,2026-07-07T16:01:02.289780+00:00,139.5,9,ask,,,11056351
2026-07-07T16:01:04.385062,2026-07-07T16:01:04.396801+00:00,139.7,50,ask,,,11056373
2026-07-07T16:01:06.138188,2026-07-07T16:01:06.146865+00:00,140.0,23,bid,,,11056401
2026-07-07T16:01:08.544606,2026-07-07T16:01:08.558608+00:00,140.1,50,bid,,,11056442
2026-07-07T16:01:10.650071,2026-07-07T16:01:10.651917+00:00,140.1,50,bid,,,11056478
2026-07-07T16:01:11.553770,2026-07-07T16:01:11.565617+00:00,140.1,45,ask,,,11056488
2026-07-07T16:01:12.455070,2026-07-07T16:01:12.458575+00:00,140.3,12,bid,,,11056500
2026-07-07T16:01:12.455070,2026-07-07T16:01:12.458575+00:00,140.3,31,bid,,,11056501
2026-07-07T16:01:12.756268,2026-07-07T16:01:12.767884+00:00,140.3,50,bid,,,11056513
2026-07-07T16:01:13.070941,2026-07-07T16:01:13.082576+00:00,140.3,19,bid,,,11056516
2026-07-07T16:01:13.070941,2026-07-07T16:01:13.082576+00:00,140.6,27,bid,,,11056517
2026-07-07T16:01:13.403725,2026-07-07T16:01:13.412806+00:00,140.1,11,ask,,,11056520
2026-07-07T16:01:13.622275,2026-07-07T16:01:13.631791+00:00,140.1,44,ask,,,11056528
2026-07-07T16:01:14.864048,2026-07-07T16:01:14.875327+00:00,140.2,50,bid,,,11056544
2026-07-07T16:01:16.971758,2026-07-07T16:01:16.983337+00:00,140.2,50,bid,,,11056579
2026-07-07T16:01:17.671294,2026-07-07T16:01:17.683326+00:00,140.2,12,bid,,,11056588
2026-07-07T16:01:17.671294,2026-07-07T16:01:17.683326+00:00,140.4,30,bid,,,11056589
2026-07-07T16:01:19.079437,2026-07-07T16:01:19.087587+00:00,140.4,12,bid,,,11056624
2026-07-07T16:01:19.079437,2026-07-07T16:01:19.087587+00:00,140.5,38,bid,,,11056625
2026-07-07T16:01:20.288615,2026-07-07T16:01:20.299060+00:00,140.2,23,ask,,,11056634
2026-07-07T16:01:21.189790,2026-07-07T16:01:21.201528+00:00,140.5,50,bid,,,11056643
2026-07-07T16:01:23.298608,2026-07-07T16:01:23.310236+00:00,140.6,50,bid,,,11056672
2026-07-07T16:01:24.653519,2026-07-07T16:01:24.699300+00:00,140.4,3,ask,,,11056686
2026-07-07T16:01:25.406442,2026-07-07T16:01:25.415242+00:00,140.6,50,bid,,,11056698
2026-07-07T16:01:26.673853,2026-07-07T16:01:26.685547+00:00,140.4,3,ask,,,11056723
2026-07-07T16:01:26.942198,2026-07-07T16:01:26.953877+00:00,140.4,3,ask,,,11056730
2026-07-07T16:01:27.201257,2026-07-07T16:01:27.213368+00:00,140.4,3,ask,,,11056735
2026-07-07T16:01:27.463098,2026-07-07T16:01:27.470237+00:00,140.4,3,ask,,,11056739
2026-07-07T16:01:27.512298,2026-07-07T16:01:27.523997+00:00,140.8,12,bid,,,11056741
2026-07-07T16:01:27.512298,2026-07-07T16:01:27.523997+00:00,140.9,38,bid,,,11056742
2026-07-07T16:01:27.724129,2026-07-07T16:01:27.732018+00:00,140.4,3,ask,,,11056745
2026-07-07T16:01:29.622564,2026-07-07T16:01:29.634515+00:00,140.8,12,bid,,,11056764
2026-07-07T16:01:29.622564,2026-07-07T16:01:29.634515+00:00,140.9,38,bid,,,11056765
2026-07-07T16:01:29.866532,2026-07-07T16:01:29.878649+00:00,140.5,46,ask,,,11056773
2026-07-07T16:01:30.969934,2026-07-07T16:01:30.981625+00:00,140.8,12,bid,,,11056787
2026-07-07T16:01:31.246031,2026-07-07T16:01:31.257142+00:00,141.0,44,bid,,,11056794
2026-07-07T16:01:31.743771,2026-07-07T16:01:31.758562+00:00,141.0,50,bid,,,11056798
2026-07-07T16:01:32.932582,2026-07-07T16:01:32.944061+00:00,140.9,12,bid,,,11056817
2026-07-07T16:01:32.945340,2026-07-07T16:01:32.954478+00:00,140.9,3,ask,,,11056818
2026-07-07T16:01:33.018973,2026-07-07T16:01:33.027765+00:00,140.9,35,ask,,,11056821
2026-07-07T16:01:33.038613,2026-07-07T16:01:33.050338+00:00,140.9,3,ask,,,11056822
2026-07-07T16:01:33.109892,2026-07-07T16:01:33.117520+00:00,140.9,35,ask,,,11056825
2026-07-07T16:01:33.199502,2026-07-07T16:01:33.206424+00:00,140.9,35,ask,,,11056827
2026-07-07T16:01:33.289510,2026-07-07T16:01:33.300483+00:00,140.9,27,ask,,,11056829
2026-07-07T16:01:33.307737,2026-07-07T16:01:33.319264+00:00,140.8,3,ask,,,11056830
2026-07-07T16:01:33.569031,2026-07-07T16:01:33.580673+00:00,140.8,3,ask,,,11056836
2026-07-07T16:01:33.707024,2026-07-07T16:01:33.714357+00:00,140.8,43,ask,,,11056844
2026-07-07T16:01:33.833853,2026-07-07T16:01:33.845484+00:00,140.8,3,ask,,,11056846
2026-07-07T16:01:33.851136,2026-07-07T16:01:33.858598+00:00,141.2,12,bid,,,11056848
2026-07-07T16:01:33.851136,2026-07-07T16:01:33.858598+00:00,141.3,38,bid,,,11056849
2026-07-07T16:01:35.959800,2026-07-07T16:01:35.971786+00:00,141.1,50,bid,,,11056869
2026-07-07T16:01:37.224710,2026-07-07T16:01:37.236409+00:00,140.6,46,ask,,,11056883
2026-07-07T16:01:38.070925,2026-07-07T16:01:38.079584+00:00,141.0,50,bid,,,11056903
2026-07-07T16:01:40.172502,2026-07-07T16:01:40.179430+00:00,141.0,43,bid,,,11056924
2026-07-07T16:01:40.191544,2026-07-07T16:01:40.200420+00:00,141.0,50,bid,,,11056927
2026-07-07T16:01:42.351051,2026-07-07T16:01:42.357537+00:00,140.5,50,ask,,,11056960
2026-07-07T16:01:43.608223,2026-07-07T16:01:43.619858+00:00,140.9,47,bid,,,11056980
2026-07-07T16:01:44.460451,2026-07-07T16:01:44.472251+00:00,140.4,50,ask,,,11056988
2026-07-07T16:01:45.221251,2026-07-07T16:01:45.233928+00:00,140.9,41,bid,,,11056997
2026-07-07T16:01:46.569651,2026-07-07T16:01:46.581191+00:00,140.7,50,ask,,,11057014
2026-07-07T16:01:48.414186,2026-07-07T16:01:48.425849+00:00,140.7,42,ask,,,11057039
2026-07-07T16:01:50.387964,2026-07-07T16:01:50.397168+00:00,140.8,44,bid,,,11057064
2026-07-07T16:01:50.792050,2026-07-07T16:01:50.801187+00:00,140.6,50,ask,,,11057073
2026-07-07T16:01:50.940248,2026-07-07T16:01:50.950661+00:00,140.8,3,bid,,,11057076
2026-07-07T16:01:52.047262,2026-07-07T16:01:52.059054+00:00,140.6,46,ask,,,11057091
2026-07-07T16:01:52.898593,2026-07-07T16:01:52.910067+00:00,140.6,4,ask,,,11057095
2026-07-07T16:01:52.898593,2026-07-07T16:01:52.910067+00:00,140.6,46,ask,,,11057096
2026-07-07T16:01:53.860173,2026-07-07T16:01:53.871837+00:00,140.6,41,ask,,,11057109
2026-07-07T16:01:54.998482,2026-07-07T16:01:55.005642+00:00,140.9,40,bid,,,11057124
2026-07-07T16:01:55.035074,2026-07-07T16:01:55.047048+00:00,140.6,50,ask,,,11057125
2026-07-07T16:01:55.178894,2026-07-07T16:01:55.194456+00:00,140.5,132,bid,,,11057126
2026-07-07T16:01:55.184222,2026-07-07T16:01:55.194456+00:00,140.5,3,bid,,,11057127
2026-07-07T16:01:55.502886,2026-07-07T16:01:55.512158+00:00,140.5,11,bid,,,11057134
2026-07-07T16:01:55.588368,2026-07-07T16:01:55.598341+00:00,140.5,4,bid,,,11057138
2026-07-07T16:01:56.112206,2026-07-07T16:01:56.124425+00:00,140.9,46,bid,,,11057141
2026-07-07T16:01:56.359486,2026-07-07T16:01:56.367776+00:00,140.5,11,ask,,,11057144
2026-07-07T16:01:56.752872,2026-07-07T16:01:56.764423+00:00,140.5,48,ask,,,11057147
2026-07-07T16:01:57.144269,2026-07-07T16:01:57.163648+00:00,140.5,41,ask,,,11057152
2026-07-07T16:01:57.144269,2026-07-07T16:01:57.163648+00:00,140.3,9,ask,,,11057153
2026-07-07T16:01:58.411717,2026-07-07T16:01:58.423604+00:00,140.5,45,ask,,,11057171
2026-07-07T16:01:59.292195,2026-07-07T16:01:59.299419+00:00,140.5,50,ask,,,11057182
2026-07-07T16:01:59.923504,2026-07-07T16:01:59.934836+00:00,140.7,40,bid,,,11057189
2026-07-07T16:02:00.874779,2026-07-07T16:02:00.886340+00:00,140.5,48,ask,,,11057202
2026-07-07T16:02:01.397917,2026-07-07T16:02:01.404776+00:00,140.3,3,ask,,,11057209
2026-07-07T16:02:01.397917,2026-07-07T16:02:01.410004+00:00,140.2,47,ask,,,11057210
2026-07-07T16:02:02.727561,2026-07-07T16:02:02.738544+00:00,140.6,45,bid,,,11057230
2026-07-07T16:02:03.225693,2026-07-07T16:02:03.237093+00:00,140.6,47,bid,,,11057237
2026-07-07T16:02:03.356252,2026-07-07T16:02:03.365487+00:00,140.6,11,bid,,,11057239
2026-07-07T16:02:03.508607,2026-07-07T16:02:03.515526+00:00,140.5,50,ask,,,11057243
2026-07-07T16:02:04.668364,2026-07-07T16:02:04.686850+00:00,140.5,11,ask,,,11057257
2026-07-07T16:02:05.615653,2026-07-07T16:02:05.627666+00:00,140.5,39,ask,,,11057268
2026-07-07T16:02:05.615653,2026-07-07T16:02:05.627666+00:00,140.5,11,ask,,,11057269
2026-07-07T16:02:05.831170,2026-07-07T16:02:05.842889+00:00,140.5,100,ask,,,11057270
2026-07-07T16:02:06.614420,2026-07-07T16:02:06.626379+00:00,140.5,39,ask,,,11057281
2026-07-07T16:02:06.614420,2026-07-07T16:02:06.626379+00:00,140.4,7,ask,,,11057282
2026-07-07T16:02:07.750730,2026-07-07T16:02:07.757117+00:00,140.3,12,ask,,,11057299
2026-07-07T16:02:07.750730,2026-07-07T16:02:07.757117+00:00,139.9,38,ask,,,11057300
2026-07-07T16:02:07.844686,2026-07-07T16:02:07.853281+00:00,140.2,11,bid,,,11057302
2026-07-07T16:02:09.008768,2026-07-07T16:02:09.018494+00:00,140.2,12,bid,,,11057316
2026-07-07T16:02:09.091434,2026-07-07T16:02:09.101647+00:00,140.2,23,bid,,,11057321
2026-07-07T16:02:09.859675,2026-07-07T16:02:09.871739+00:00,140.1,50,ask,,,11057334
2026-07-07T16:02:11.994928,2026-07-07T16:02:12.006710+00:00,140.1,50,ask,,,11057360
2026-07-07T16:02:12.822974,2026-07-07T16:02:12.834911+00:00,140.3,41,bid,,,11057372
2026-07-07T16:02:13.053929,2026-07-07T16:02:13.053927+00:00,140.3,12,bid,,,11057377
2026-07-07T16:02:14.096371,2026-07-07T16:02:14.104344+00:00,140.3,12,bid,,,11057394
2026-07-07T16:02:14.106579,2026-07-07T16:02:14.114590+00:00,139.8,50,ask,,,11057396
2026-07-07T16:02:14.448879,2026-07-07T16:02:14.460867+00:00,140.2,12,ask,,,11057400
2026-07-07T16:02:14.448879,2026-07-07T16:02:14.460867+00:00,140.1,33,ask,,,11057401
2026-07-07T16:02:16.213766,2026-07-07T16:02:16.225285+00:00,140.1,50,ask,,,11057421
2026-07-07T16:02:17.688070,2026-07-07T16:02:17.700082+00:00,140.2,49,bid,,,11057441
2026-07-07T16:02:18.324227,2026-07-07T16:02:18.333312+00:00,140.0,50,ask,,,11057449
2026-07-07T16:02:20.431964,2026-07-07T16:02:20.440365+00:00,139.7,50,ask,,,11057475
2026-07-07T16:02:21.286112,2026-07-07T16:02:21.298295+00:00,140.2,40,bid,,,11057484
2026-07-07T16:02:22.433986,2026-07-07T16:02:22.445471+00:00,140.1,12,bid,,,11057502
2026-07-07T16:02:22.479509,2026-07-07T16:02:22.491448+00:00,139.8,12,ask,,,11057504
2026-07-07T16:02:22.479509,2026-07-07T16:02:22.491448+00:00,139.7,31,ask,,,11057505
2026-07-07T16:02:22.538382,2026-07-07T16:02:22.550294+00:00,139.7,50,ask,,,11057508
2026-07-07T16:02:24.660529,2026-07-07T16:02:24.668793+00:00,139.8,12,ask,,,11057535
2026-07-07T16:02:24.660529,2026-07-07T16:02:24.668793+00:00,139.6,38,ask,,,11057536
2026-07-07T16:02:26.716800,2026-07-07T16:02:26.728349+00:00,140.1,50,bid,,,11057559
2026-07-07T16:02:28.280689,2026-07-07T16:02:28.290115+00:00,139.8,12,ask,,,11057572
2026-07-07T16:02:28.824731,2026-07-07T16:02:28.836721+00:00,140.0,50,bid,,,11057583
2026-07-07T16:02:30.936755,2026-07-07T16:02:30.948412+00:00,140.0,50,bid,,,11057606
2026-07-07T16:02:31.984040,2026-07-07T16:02:31.991654+00:00,140.2,49,bid,,,11057617
2026-07-07T16:02:33.046206,2026-07-07T16:02:33.052527+00:00,140.2,50,bid,,,11057628
2026-07-07T16:02:34.025223,2026-07-07T16:02:34.036837+00:00,140.0,12,ask,,,11057646
2026-07-07T16:02:34.025223,2026-07-07T16:02:34.036837+00:00,139.7,32,ask,,,11057647
2026-07-07T16:02:35.178536,2026-07-07T16:02:35.190419+00:00,140.1,50,bid,,,11057668
2026-07-07T16:02:35.193329,2026-07-07T16:02:35.204839+00:00,140.0,40,ask,,,11057669
2026-07-07T16:02:37.306406,2026-07-07T16:02:37.313838+00:00,140.3,12,bid,,,11057694
2026-07-07T16:02:37.306406,2026-07-07T16:02:37.318816+00:00,140.5,38,bid,,,11057695
2026-07-07T16:02:38.444392,2026-07-07T16:02:38.455940+00:00,140.4,46,bid,,,11057714
2026-07-07T16:02:39.425606,2026-07-07T16:02:39.437351+00:00,140.4,50,bid,,,11057727
2026-07-07T16:02:40.610766,2026-07-07T16:02:40.618988+00:00,140.6,12,bid,,,11057745
2026-07-07T16:02:40.621939,2026-07-07T16:02:40.630369+00:00,140.6,23,ask,,,11057746
2026-07-07T16:02:40.663340,2026-07-07T16:02:40.675319+00:00,140.6,40,ask,,,11057748
2026-07-07T16:02:41.533660,2026-07-07T16:02:41.545609+00:00,140.7,50,bid,,,11057755
2026-07-07T16:02:42.873859,2026-07-07T16:02:42.882065+00:00,140.6,25,ask,,,11057771
2026-07-07T16:02:42.873859,2026-07-07T16:02:42.887261+00:00,140.6,24,ask,,,11057772
2026-07-07T16:02:43.641148,2026-07-07T16:02:43.653053+00:00,140.9,12,bid,,,11057777
2026-07-07T16:02:43.641148,2026-07-07T16:02:43.653053+00:00,141.1,38,bid,,,11057778
2026-07-07T16:02:44.460014,2026-07-07T16:02:44.469064+00:00,141.0,12,bid,,,11057790
2026-07-07T16:02:44.460014,2026-07-07T16:02:44.469064+00:00,141.1,35,bid,,,11057791
2026-07-07T16:02:45.752480,2026-07-07T16:02:45.764039+00:00,141.1,50,bid,,,11057809
2026-07-07T16:02:46.124861,2026-07-07T16:02:46.136562+00:00,140.8,42,ask,,,11057821
2026-07-07T16:02:47.722229,2026-07-07T16:02:47.734196+00:00,141.0,12,bid,,,11057841
2026-07-07T16:02:47.722229,2026-07-07T16:02:47.734196+00:00,141.3,36,bid,,,11057842
2026-07-07T16:02:47.859580,2026-07-07T16:02:47.871485+00:00,141.3,50,bid,,,11057844
2026-07-07T16:02:48.960014,2026-07-07T16:02:48.968232+00:00,141.0,12,ask,,,11057858
2026-07-07T16:02:49.974742,2026-07-07T16:02:49.984695+00:00,141.2,12,bid,,,11057873
2026-07-07T16:02:49.974742,2026-07-07T16:02:49.984695+00:00,141.4,38,bid,,,11057874
2026-07-07T16:02:50.113946,2026-07-07T16:02:50.125368+00:00,141.1,11,ask,,,11057875
2026-07-07T16:02:51.476164,2026-07-07T16:02:51.485809+00:00,141.1,3,ask,,,11057903
2026-07-07T16:02:52.084547,2026-07-07T16:02:52.096546+00:00,141.3,12,bid,,,11057911
2026-07-07T16:02:52.084547,2026-07-07T16:02:52.096546+00:00,141.6,38,bid,,,11057912
2026-07-07T16:02:52.438701,2026-07-07T16:02:52.459492+00:00,141.1,45,ask,,,11057918
2026-07-07T16:02:54.854478,2026-07-07T16:02:54.853382+00:00,140.9,43,ask,,,11057970
2026-07-07T16:02:56.551961,2026-07-07T16:02:56.563780+00:00,141.0,12,bid,,,11058002
2026-07-07T16:02:56.551961,2026-07-07T16:02:56.563780+00:00,141.1,31,bid,,,11058003
2026-07-07T16:02:57.703796,2026-07-07T16:02:57.710216+00:00,141.1,43,bid,,,11058022
2026-07-07T16:02:58.205353,2026-07-07T16:02:58.217257+00:00,140.8,43,ask,,,11058025
2026-07-07T16:02:58.452056,2026-07-07T16:02:58.463820+00:00,141.0,50,ask,,,11058026
2026-07-07T16:02:58.762866,2026-07-07T16:02:58.770211+00:00,141.0,40,ask,,,11058033
2026-07-07T16:02:59.813368,2026-07-07T16:02:59.828669+00:00,141.0,12,ask,,,11058042
2026-07-07T16:02:59.819888,2026-07-07T16:02:59.828669+00:00,141.0,3,ask,,,11058044
2026-07-07T16:02:59.864834,2026-07-07T16:02:59.875471+00:00,141.1,46,bid,,,11058046
2026-07-07T16:02:59.880978,2026-07-07T16:02:59.892093+00:00,141.0,35,ask,,,11058048
2026-07-07T16:02:59.968856,2026-07-07T16:02:59.980203+00:00,141.0,10,ask,,,11058050
2026-07-07T16:03:00.560021,2026-07-07T16:03:00.567421+00:00,140.6,50,ask,,,11058058
2026-07-07T16:03:01.656628,2026-07-07T16:03:01.668145+00:00,140.6,50,ask,,,11058067
2026-07-07T16:03:01.669419,2026-07-07T16:03:01.681133+00:00,140.6,3,bid,,,11058068
2026-07-07T16:03:01.736842,2026-07-07T16:03:01.744940+00:00,140.6,45,bid,,,11058071
2026-07-07T16:03:02.022221,2026-07-07T16:03:02.029614+00:00,140.6,46,bid,,,11058077
2026-07-07T16:03:02.617682,2026-07-07T16:03:02.626595+00:00,140.6,6,bid,,,11058080
2026-07-07T16:03:02.617682,2026-07-07T16:03:02.626595+00:00,140.8,12,bid,,,11058081
2026-07-07T16:03:02.617682,2026-07-07T16:03:02.631843+00:00,141.1,32,bid,,,11058082
2026-07-07T16:03:04.779416,2026-07-07T16:03:04.786002+00:00,140.7,50,ask,,,11058114
2026-07-07T16:03:05.787241,2026-07-07T16:03:05.799102+00:00,140.7,48,ask,,,11058136
2026-07-07T16:03:08.938120,2026-07-07T16:03:08.949746+00:00,140.8,6,bid,,,11058171
2026-07-07T16:03:08.938120,2026-07-07T16:03:08.949746+00:00,140.8,44,bid,,,11058172
2026-07-07T16:03:09.898943,2026-07-07T16:03:09.910725+00:00,140.8,46,bid,,,11058184
2026-07-07T16:03:11.098989,2026-07-07T16:03:11.116956+00:00,140.9,50,ask,,,11058205
2026-07-07T16:03:12.313926,2026-07-07T16:03:12.321294+00:00,140.9,100,ask,,,11058226
2026-07-07T16:03:13.207971,2026-07-07T16:03:13.219910+00:00,140.5,12,ask,,,11058238
2026-07-07T16:03:13.207971,2026-07-07T16:03:13.219910+00:00,140.4,38,ask,,,11058239
2026-07-07T16:03:14.342003,2026-07-07T16:03:14.351269+00:00,140.5,14,bid,,,11058249
2026-07-07T16:03:14.477574,2026-07-07T16:03:14.487797+00:00,140.5,12,bid,,,11058255
2026-07-07T16:03:15.251816,2026-07-07T16:03:15.258674+00:00,140.4,42,ask,,,11058263
2026-07-07T16:03:15.317538,2026-07-07T16:03:15.327806+00:00,140.4,20,ask,,,11058265
2026-07-07T16:03:15.317538,2026-07-07T16:03:15.327806+00:00,140.0,30,ask,,,11058266
2026-07-07T16:03:15.423585,2026-07-07T16:03:15.434360+00:00,140.5,100,bid,,,11058269
2026-07-07T16:03:17.434819,2026-07-07T16:03:17.446438+00:00,140.2,11,ask,,,11058294
2026-07-07T16:03:17.811864,2026-07-07T16:03:17.823874+00:00,140.7,12,bid,,,11058296
2026-07-07T16:03:17.811864,2026-07-07T16:03:17.823874+00:00,140.8,35,bid,,,11058297
2026-07-07T16:03:19.542691,2026-07-07T16:03:19.554558+00:00,140.5,12,ask,,,11058317
2026-07-07T16:03:23.669333,2026-07-07T16:03:23.681192+00:00,140.3,40,ask,,,11058373
2026-07-07T16:03:24.731470,2026-07-07T16:03:24.740422+00:00,140.3,11,ask,,,11058389
2026-07-07T16:03:24.965872,2026-07-07T16:03:24.972907+00:00,140.3,1,ask,,,11058395
2026-07-07T16:03:25.246287,2026-07-07T16:03:25.255674+00:00,140.2,42,ask,,,11058396
2026-07-07T16:03:27.932283,2026-07-07T16:03:27.941144+00:00,140.3,50,bid,,,11058424
2026-07-07T16:03:30.038997,2026-07-07T16:03:30.048147+00:00,140.6,50,bid,,,11058455
2026-07-07T16:03:34.249094,2026-07-07T16:03:34.260627+00:00,140.4,50,bid,,,11058504
2026-07-07T16:03:36.362367,2026-07-07T16:03:36.369679+00:00,140.5,12,bid,,,11058543
2026-07-07T16:03:36.362367,2026-07-07T16:03:36.374926+00:00,140.7,38,bid,,,11058544
2026-07-07T16:03:36.805449,2026-07-07T16:03:36.813918+00:00,140.7,40,bid,,,11058548
2026-07-07T16:03:38.962846,2026-07-07T16:03:38.974631+00:00,140.3,47,ask,,,11058576
2026-07-07T16:03:40.602296,2026-07-07T16:03:40.614289+00:00,140.6,12,bid,,,11058599
2026-07-07T16:03:40.602296,2026-07-07T16:03:40.614289+00:00,140.6,38,bid,,,11058600
2026-07-07T16:03:42.152740,2026-07-07T16:03:42.164410+00:00,140.6,43,bid,,,11058621
2026-07-07T16:03:42.729315,2026-07-07T16:03:42.736381+00:00,140.9,50,bid,,,11058632
2026-07-07T16:03:43.363030,2026-07-07T16:03:43.374742+00:00,140.4,47,ask,,,11058646
2026-07-07T16:03:44.851599,2026-07-07T16:03:44.847765+00:00,140.7,12,bid,,,11058667
2026-07-07T16:03:44.851599,2026-07-07T16:03:44.847765+00:00,140.9,38,bid,,,11058668
2026-07-07T16:03:45.920272,2026-07-07T16:03:45.937230+00:00,140.5,3,ask,,,11058681
2026-07-07T16:03:45.924133,2026-07-07T16:03:45.937230+00:00,140.9,41,bid,,,11058682
2026-07-07T16:03:46.962250,2026-07-07T16:03:46.974228+00:00,140.9,50,bid,,,11058698
2026-07-07T16:03:47.094746,2026-07-07T16:03:47.106555+00:00,140.7,14,ask,,,11058700
2026-07-07T16:03:47.121868,2026-07-07T16:03:47.132411+00:00,140.7,86,ask,,,11058704
2026-07-07T16:03:47.915902,2026-07-07T16:03:47.927801+00:00,140.5,48,ask,,,11058716
2026-07-07T16:03:49.132961,2026-07-07T16:03:49.142189+00:00,140.1,12,ask,,,11058734
2026-07-07T16:03:49.132961,2026-07-07T16:03:49.142189+00:00,140.1,38,ask,,,11058735
2026-07-07T16:03:49.280467,2026-07-07T16:03:49.290228+00:00,140.5,11,bid,,,11058737
2026-07-07T16:03:50.084871,2026-07-07T16:03:50.095145+00:00,140.5,1,bid,,,11058753
2026-07-07T16:03:50.245585,2026-07-07T16:03:50.264085+00:00,140.6,100,bid,,,11058758
2026-07-07T16:03:51.269888,2026-07-07T16:03:51.279619+00:00,140.3,12,ask,,,11058775
2026-07-07T16:03:51.269888,2026-07-07T16:03:51.279619+00:00,140.1,38,ask,,,11058776
2026-07-07T16:03:52.000652,2026-07-07T16:03:52.011327+00:00,140.6,2,bid,,,11058782
2026-07-07T16:03:53.378832,2026-07-07T16:03:53.390517+00:00,140.5,50,ask,,,11058795
2026-07-07T16:03:55.486732,2026-07-07T16:03:55.497135+00:00,140.3,50,ask,,,11058812
2026-07-07T16:03:56.265032,2026-07-07T16:03:56.276449+00:00,140.6,35,bid,,,11058816
2026-07-07T16:03:56.354165,2026-07-07T16:03:56.358610+00:00,140.6,35,bid,,,11058818
2026-07-07T16:03:56.443654,2026-07-07T16:03:56.450471+00:00,140.6,16,bid,,,11058822
2026-07-07T16:03:57.594052,2026-07-07T16:03:57.606048+00:00,140.4,50,ask,,,11058837
2026-07-07T16:03:59.705391,2026-07-07T16:03:59.717186+00:00,140.3,12,ask,,,11058859
2026-07-07T16:03:59.705391,2026-07-07T16:03:59.717186+00:00,140.1,38,ask,,,11058860
2026-07-07T16:04:00.509610,2026-07-07T16:04:00.521451+00:00,140.6,43,bid,,,11058873
2026-07-07T16:04:00.982427,2026-07-07T16:04:00.991167+00:00,140.6,49,bid,,,11058877
2026-07-07T16:04:01.815545,2026-07-07T16:04:01.832113+00:00,140.4,50,ask,,,11058885
2026-07-07T16:04:03.924075,2026-07-07T16:04:03.932277+00:00,140.4,50,ask,,,11058918
2026-07-07T16:04:06.030329,2026-07-07T16:04:06.042397+00:00,140.4,12,ask,,,11058942
2026-07-07T16:04:06.030329,2026-07-07T16:04:06.042397+00:00,140.2,38,ask,,,11058943
2026-07-07T16:04:08.108987,2026-07-07T16:04:08.118727+00:00,140.4,26,bid,,,11058968
2026-07-07T16:04:08.140692,2026-07-07T16:04:08.152189+00:00,140.3,50,ask,,,11058970
2026-07-07T16:04:08.908324,2026-07-07T16:04:08.918758+00:00,140.4,40,bid,,,11058982
2026-07-07T16:04:08.931190,2026-07-07T16:04:08.939743+00:00,140.4,12,bid,,,11058983
2026-07-07T16:04:08.962719,2026-07-07T16:04:08.974258+00:00,140.3,45,ask,,,11058985
2026-07-07T16:04:09.475481,2026-07-07T16:04:09.487243+00:00,140.4,48,bid,,,11058992
2026-07-07T16:04:10.428071,2026-07-07T16:04:10.435866+00:00,140.3,12,ask,,,11059005
2026-07-07T16:04:10.428071,2026-07-07T16:04:10.435866+00:00,140.2,34,ask,,,11059006
2026-07-07T16:04:10.922525,2026-07-07T16:04:10.934125+00:00,140.2,47,ask,,,11059015
2026-07-07T16:04:12.352675,2026-07-07T16:04:12.358587+00:00,140.5,50,ask,,,11059025
2026-07-07T16:04:12.476923,2026-07-07T16:04:12.485765+00:00,140.5,100,ask,,,11059027
2026-07-07T16:04:12.623882,2026-07-07T16:04:12.635564+00:00,140.7,12,bid,,,11059030
2026-07-07T16:04:12.623882,2026-07-07T16:04:12.635564+00:00,141.0,29,bid,,,11059031
2026-07-07T16:04:14.434535,2026-07-07T16:04:14.451412+00:00,140.3,12,ask,,,11059055
2026-07-07T16:04:16.570468,2026-07-07T16:04:16.582158+00:00,139.9,12,ask,,,11059080
2026-07-07T16:04:16.570468,2026-07-07T16:04:16.582158+00:00,139.9,38,ask,,,11059081
2026-07-07T16:04:17.576998,2026-07-07T16:04:17.585624+00:00,140.4,12,bid,,,11059105
2026-07-07T16:04:18.603879,2026-07-07T16:04:18.612673+00:00,140.3,48,ask,,,11059125
2026-07-07T16:04:18.679580,2026-07-07T16:04:18.689768+00:00,140.3,50,ask,,,11059126
2026-07-07T16:04:20.201275,2026-07-07T16:04:20.213080+00:00,140.7,46,bid,,,11059146
2026-07-07T16:04:20.777133,2026-07-07T16:04:20.788696+00:00,140.2,100,ask,,,11059151
2026-07-07T16:04:20.787021,2026-07-07T16:04:20.799275+00:00,139.7,50,ask,,,11059152
2026-07-07T16:04:20.790289,2026-07-07T16:04:20.799275+00:00,140.2,23,bid,,,11059153
2026-07-07T16:04:20.829540,2026-07-07T16:04:20.837859+00:00,140.2,27,bid,,,11059155
2026-07-07T16:04:20.829540,2026-07-07T16:04:20.843230+00:00,140.7,22,bid,,,11059156
2026-07-07T16:04:22.894295,2026-07-07T16:04:22.901434+00:00,140.1,12,ask,,,11059188
2026-07-07T16:04:22.894295,2026-07-07T16:04:22.906449+00:00,139.9,38,ask,,,11059189
2026-07-07T16:04:24.952325,2026-07-07T16:04:24.963886+00:00,140.4,50,bid,,,11059210
2026-07-07T16:04:26.124193,2026-07-07T16:04:26.135896+00:00,140.1,43,ask,,,11059225
2026-07-07T16:04:29.217100,2026-07-07T16:04:29.230023+00:00,140.1,12,ask,,,11059275
2026-07-07T16:04:29.217100,2026-07-07T16:04:29.230023+00:00,140.0,38,ask,,,11059276
2026-07-07T16:04:33.465460,2026-07-07T16:04:33.477233+00:00,140.0,11,ask,,,11059325
2026-07-07T16:04:34.648925,2026-07-07T16:04:34.658897+00:00,140.0,48,bid,,,11059348
2026-07-07T16:04:35.482140,2026-07-07T16:04:35.490012+00:00,140.0,50,bid,,,11059352
2026-07-07T16:04:36.578409,2026-07-07T16:04:36.590250+00:00,140.2,100,bid,,,11059367
2026-07-07T16:04:37.641076,2026-07-07T16:04:37.648494+00:00,140.2,50,ask,,,11059379
2026-07-07T16:04:39.535361,2026-07-07T16:04:39.544749+00:00,140.1,12,ask,,,11059398
2026-07-07T16:04:39.797863,2026-07-07T16:04:39.819564+00:00,140.1,88,ask,,,11059406
2026-07-07T16:04:39.810683,2026-07-07T16:04:39.819564+00:00,139.8,12,bid,,,11059408
2026-07-07T16:04:40.841946,2026-07-07T16:04:40.850782+00:00,139.8,11,bid,,,11059423
2026-07-07T16:04:41.825552,2026-07-07T16:04:41.837625+00:00,139.8,39,bid,,,11059437
2026-07-07T16:04:41.825552,2026-07-07T16:04:41.837625+00:00,140.2,11,bid,,,11059438
2026-07-07T16:04:42.429080,2026-07-07T16:04:42.440676+00:00,139.7,47,ask,,,11059443
2026-07-07T16:04:42.922412,2026-07-07T16:04:42.934154+00:00,140.1,11,ask,,,11059455
2026-07-07T16:04:43.933168,2026-07-07T16:04:43.942116+00:00,140.2,50,bid,,,11059470
2026-07-07T16:04:46.093529,2026-07-07T16:04:46.100864+00:00,140.0,50,ask,,,11059496
2026-07-07T16:04:46.406288,2026-07-07T16:04:46.417751+00:00,140.3,41,bid,,,11059499
2026-07-07T16:04:46.460297,2026-07-07T16:04:46.472006+00:00,140.0,45,ask,,,11059505
2026-07-07T16:04:48.200459,2026-07-07T16:04:48.211949+00:00,140.0,50,ask,,,11059528
2026-07-07T16:04:48.929704,2026-07-07T16:04:48.941205+00:00,140.0,5,ask,,,11059539
2026-07-07T16:04:49.287869,2026-07-07T16:04:49.299359+00:00,139.9,100,ask,,,11059545
2026-07-07T16:04:50.307990,2026-07-07T16:04:50.316143+00:00,139.4,50,ask,,,11059562
2026-07-07T16:04:52.438987,2026-07-07T16:04:52.458972+00:00,139.5,50,ask,,,11059588
2026-07-07T16:04:54.495615,2026-07-07T16:04:54.507215+00:00,139.8,50,bid,,,11059614
2026-07-07T16:04:54.911463,2026-07-07T16:04:54.919931+00:00,139.8,11,bid,,,11059620
2026-07-07T16:04:56.603638,2026-07-07T16:04:56.614616+00:00,139.8,39,bid,,,11059635
2026-07-07T16:04:56.603638,2026-07-07T16:04:56.614616+00:00,140.1,11,bid,,,11059636
2026-07-07T16:04:58.743125,2026-07-07T16:04:58.754009+00:00,140.2,50,bid,,,11059673
2026-07-07T16:05:00.144446,2026-07-07T16:05:00.150985+00:00,140.2,40,bid,,,11059698
2026-07-07T16:05:00.674271,2026-07-07T16:05:00.683898+00:00,140.0,47,ask,,,11059701
2026-07-07T16:05:00.849987,2026-07-07T16:05:00.851333+00:00,140.2,50,bid,,,11059706
2026-07-07T16:05:01.629350,2026-07-07T16:05:01.639434+00:00,140.2,48,bid,,,11059716
2026-07-07T16:05:01.902378,2026-07-07T16:05:01.912276+00:00,140.3,11,ask,,,11059720
2026-07-07T16:05:02.957227,2026-07-07T16:05:02.969202+00:00,140.5,50,bid,,,11059733
2026-07-07T16:05:04.287305,2026-07-07T16:05:04.298722+00:00,140.6,44,bid,,,11059752
2026-07-07T16:05:04.867407,2026-07-07T16:05:04.879429+00:00,140.3,42,ask,,,11059759
2026-07-07T16:05:05.064573,2026-07-07T16:05:05.076064+00:00,140.6,50,bid,,,11059760
2026-07-07T16:05:06.450960,2026-07-07T16:05:06.447082+00:00,140.4,48,ask,,,11059783
2026-07-07T16:05:07.171887,2026-07-07T16:05:07.183684+00:00,140.7,12,bid,,,11059793
2026-07-07T16:05:07.171887,2026-07-07T16:05:07.183684+00:00,140.8,38,bid,,,11059794
2026-07-07T16:05:07.809041,2026-07-07T16:05:07.820593+00:00,140.4,48,ask,,,11059803
2026-07-07T16:05:08.442581,2026-07-07T16:05:08.455144+00:00,140.4,4,ask,,,11059806
2026-07-07T16:05:08.442581,2026-07-07T16:05:08.455144+00:00,140.4,8,ask,,,11059807
2026-07-07T16:05:08.943047,2026-07-07T16:05:08.954826+00:00,140.8,12,bid,,,11059815
2026-07-07T16:05:08.943047,2026-07-07T16:05:08.954826+00:00,140.9,32,bid,,,11059816
2026-07-07T16:05:09.282437,2026-07-07T16:05:09.291914+00:00,140.9,50,bid,,,11059827
2026-07-07T16:05:09.907718,2026-07-07T16:05:09.915287+00:00,140.8,47,bid,,,11059834
2026-07-07T16:05:11.018904,2026-07-07T16:05:11.030814+00:00,140.4,49,ask,,,11059845
2026-07-07T16:05:11.388054,2026-07-07T16:05:11.398444+00:00,140.8,50,bid,,,11059851
2026-07-07T16:05:13.493158,2026-07-07T16:05:13.505142+00:00,140.6,50,bid,,,11059878
2026-07-07T16:05:13.692041,2026-07-07T16:05:13.702720+00:00,140.4,11,ask,,,11059880
2026-07-07T16:05:14.537464,2026-07-07T16:05:14.548854+00:00,140.6,12,bid,,,11059895
2026-07-07T16:05:14.550058,2026-07-07T16:05:14.559742+00:00,140.6,23,ask,,,11059896
2026-07-07T16:05:15.410547,2026-07-07T16:05:15.420355+00:00,140.9,12,bid,,,11059905
2026-07-07T16:05:15.410547,2026-07-07T16:05:15.420355+00:00,141.1,28,bid,,,11059906
2026-07-07T16:05:15.600038,2026-07-07T16:05:15.611486+00:00,141.1,50,bid,,,11059911
2026-07-07T16:05:16.073208,2026-07-07T16:05:16.084517+00:00,140.6,43,ask,,,11059921
2026-07-07T16:05:16.312021,2026-07-07T16:05:16.323646+00:00,140.6,3,ask,,,11059924
2026-07-07T16:05:16.420794,2026-07-07T16:05:16.429987+00:00,140.6,12,ask,,,11059927
2026-07-07T16:05:16.599677,2026-07-07T16:05:16.611499+00:00,140.8,44,bid,,,11059930
2026-07-07T16:05:17.705927,2026-07-07T16:05:17.716867+00:00,140.8,50,bid,,,11059950
2026-07-07T16:05:19.042518,2026-07-07T16:05:19.058586+00:00,140.4,46,ask,,,11059970
2026-07-07T16:05:19.814159,2026-07-07T16:05:19.825758+00:00,140.7,12,bid,,,11059979
2026-07-07T16:05:19.814159,2026-07-07T16:05:19.825758+00:00,140.8,38,bid,,,11059980
2026-07-07T16:05:21.920833,2026-07-07T16:05:21.932576+00:00,140.5,12,bid,,,11060007
2026-07-07T16:05:21.920833,2026-07-07T16:05:21.932576+00:00,140.8,38,bid,,,11060008
2026-07-07T16:05:22.342689,2026-07-07T16:05:22.354592+00:00,140.3,47,ask,,,11060013
2026-07-07T16:05:24.030873,2026-07-07T16:05:24.042319+00:00,140.7,12,bid,,,11060042
2026-07-07T16:05:24.030873,2026-07-07T16:05:24.042319+00:00,140.7,38,bid,,,11060043
2026-07-07T16:05:26.195492,2026-07-07T16:05:26.204136+00:00,140.2,50,ask,,,11060069
2026-07-07T16:05:26.568235,2026-07-07T16:05:26.579971+00:00,140.3,12,bid,,,11060078
2026-07-07T16:05:26.568235,2026-07-07T16:05:26.579971+00:00,140.4,28,bid,,,11060079
2026-07-07T16:05:27.669111,2026-07-07T16:05:27.678654+00:00,140.4,12,bid,,,11060097
2026-07-07T16:05:27.669111,2026-07-07T16:05:27.678654+00:00,140.6,37,bid,,,11060098
2026-07-07T16:05:28.128963,2026-07-07T16:05:28.140581+00:00,140.2,46,ask,,,11060103
2026-07-07T16:05:28.303429,2026-07-07T16:05:28.315095+00:00,140.2,4,ask,,,11060105
2026-07-07T16:05:28.303429,2026-07-07T16:05:28.315095+00:00,140.1,12,ask,,,11060106
2026-07-07T16:05:28.303429,2026-07-07T16:05:28.315095+00:00,140.1,34,ask,,,11060107
2026-07-07T16:05:30.414741,2026-07-07T16:05:30.423825+00:00,140.1,12,ask,,,11060133
2026-07-07T16:05:30.414741,2026-07-07T16:05:30.423825+00:00,140.1,38,ask,,,11060134
2026-07-07T16:05:32.143923,2026-07-07T16:05:32.155422+00:00,140.4,12,bid,,,11060164
2026-07-07T16:05:32.143923,2026-07-07T16:05:32.155422+00:00,140.6,29,bid,,,11060165
2026-07-07T16:05:32.523134,2026-07-07T16:05:32.530626+00:00,140.1,50,ask,,,11060174
2026-07-07T16:05:33.619182,2026-07-07T16:05:33.628589+00:00,140.1,44,ask,,,11060188
2026-07-07T16:05:34.173339,2026-07-07T16:05:34.183329+00:00,140.3,49,bid,,,11060196
2026-07-07T16:05:34.629448,2026-07-07T16:05:34.641090+00:00,140.1,50,ask,,,11060204
2026-07-07T16:05:35.162946,2026-07-07T16:05:35.174980+00:00,140.0,12,ask,,,11060213
2026-07-07T16:05:35.162946,2026-07-07T16:05:35.174980+00:00,139.8,32,ask,,,11060214
2026-07-07T16:05:36.363966,2026-07-07T16:05:36.371264+00:00,140.2,43,bid,,,11060231
2026-07-07T16:05:36.418685,2026-07-07T16:05:36.430561+00:00,139.8,41,ask,,,11060232
2026-07-07T16:05:36.746215,2026-07-07T16:05:36.755105+00:00,139.7,50,ask,,,11060237
2026-07-07T16:05:36.991328,2026-07-07T16:05:37.002865+00:00,140.1,40,bid,,,11060238
2026-07-07T16:05:37.633340,2026-07-07T16:05:37.639810+00:00,139.7,44,ask,,,11060251
2026-07-07T16:05:38.594713,2026-07-07T16:05:38.604489+00:00,139.8,3,bid,,,11060265
2026-07-07T16:05:38.856500,2026-07-07T16:05:38.851118+00:00,139.6,50,ask,,,11060270
2026-07-07T16:05:39.297906,2026-07-07T16:05:39.308739+00:00,139.8,12,bid,,,11060274
2026-07-07T16:05:40.963166,2026-07-07T16:05:40.974901+00:00,139.4,12,ask,,,11060287
2026-07-07T16:05:40.963166,2026-07-07T16:05:40.974901+00:00,139.4,38,ask,,,11060288
2026-07-07T16:05:43.855019,2026-07-07T16:05:43.862440+00:00,139.6,46,bid,,,11060324
2026-07-07T16:05:47.283891,2026-07-07T16:05:47.295935+00:00,139.3,12,ask,,,11060362
2026-07-07T16:05:47.283891,2026-07-07T16:05:47.295935+00:00,139.2,38,ask,,,11060363
2026-07-07T16:05:49.428523,2026-07-07T16:05:49.435778+00:00,139.2,12,ask,,,11060392
2026-07-07T16:05:49.428523,2026-07-07T16:05:49.440954+00:00,139.1,38,ask,,,11060393
2026-07-07T16:05:49.613259,2026-07-07T16:05:49.624941+00:00,139.4,45,bid,,,11060394
2026-07-07T16:05:49.972214,2026-07-07T16:05:49.986158+00:00,139.4,11,bid,,,11060398
2026-07-07T16:05:51.539111,2026-07-07T16:05:51.551120+00:00,139.1,50,ask,,,11060422
2026-07-07T16:05:52.600560,2026-07-07T16:05:52.612033+00:00,139.3,12,bid,,,11060439
2026-07-07T16:05:53.106590,2026-07-07T16:05:53.115596+00:00,139.3,23,bid,,,11060450
2026-07-07T16:05:53.596933,2026-07-07T16:05:53.608043+00:00,139.3,50,bid,,,11060453
2026-07-07T16:05:53.705584,2026-07-07T16:05:53.715398+00:00,139.3,12,bid,,,11060455
2026-07-07T16:05:53.742099,2026-07-07T16:05:53.758584+00:00,139.3,53,bid,,,11060457
2026-07-07T16:05:53.868629,2026-07-07T16:05:53.878231+00:00,139.4,46,ask,,,11060458
2026-07-07T16:05:54.422386,2026-07-07T16:05:54.432988+00:00,139.4,1,ask,,,11060469
2026-07-07T16:05:55.703966,2026-07-07T16:05:55.721491+00:00,139.8,12,bid,,,11060489
2026-07-07T16:05:55.703966,2026-07-07T16:05:55.721491+00:00,139.9,38,bid,,,11060490
2026-07-07T16:05:55.710147,2026-07-07T16:05:55.721491+00:00,139.5,22,ask,,,11060491
2026-07-07T16:05:56.915578,2026-07-07T16:05:56.923794+00:00,139.5,49,ask,,,11060504
2026-07-07T16:05:56.960526,2026-07-07T16:05:56.971934+00:00,139.5,79,ask,,,11060505
2026-07-07T16:05:56.960526,2026-07-07T16:05:56.971934+00:00,139.5,12,ask,,,11060506
2026-07-07T16:05:57.892285,2026-07-07T16:05:57.901729+00:00,139.1,12,ask,,,11060520
2026-07-07T16:05:57.892285,2026-07-07T16:05:57.901729+00:00,139.0,38,ask,,,11060521
2026-07-07T16:05:59.948946,2026-07-07T16:05:59.955772+00:00,139.5,9,bid,,,11060548
2026-07-07T16:05:59.948946,2026-07-07T16:05:59.955772+00:00,139.5,41,bid,,,11060549
2026-07-07T16:06:02.133459,2026-07-07T16:06:02.140460+00:00,139.4,12,ask,,,11060577
2026-07-07T16:06:02.133459,2026-07-07T16:06:02.145640+00:00,139.3,38,ask,,,11060578
2026-07-07T16:06:04.193157,2026-07-07T16:06:04.200751+00:00,139.6,50,bid,,,11060609
2026-07-07T16:06:04.783436,2026-07-07T16:06:04.793315+00:00,139.6,46,bid,,,11060623
2026-07-07T16:06:05.190979,2026-07-07T16:06:05.197870+00:00,139.7,100,bid,,,11060630
2026-07-07T16:06:05.845653,2026-07-07T16:06:05.858585+00:00,139.9,12,bid,,,11060640
2026-07-07T16:06:06.210538,2026-07-07T16:06:06.221241+00:00,139.8,23,ask,,,11060643
2026-07-07T16:06:06.303926,2026-07-07T16:06:06.319135+00:00,140.2,12,bid,,,11060646
2026-07-07T16:06:06.303926,2026-07-07T16:06:06.319135+00:00,140.3,38,bid,,,11060647
2026-07-07T16:06:06.680674,2026-07-07T16:06:06.690855+00:00,139.8,12,ask,,,11060653
2026-07-07T16:06:08.463145,2026-07-07T16:06:08.474024+00:00,139.5,12,ask,,,11060676
2026-07-07T16:06:08.463145,2026-07-07T16:06:08.474024+00:00,139.4,38,ask,,,11060677
2026-07-07T16:06:10.159418,2026-07-07T16:06:10.169534+00:00,139.7,11,bid,,,11060700
2026-07-07T16:06:10.591859,2026-07-07T16:06:10.603410+00:00,139.5,12,ask,,,11060704
2026-07-07T16:06:10.591859,2026-07-07T16:06:10.603410+00:00,139.4,38,ask,,,11060705
2026-07-07T16:06:11.441325,2026-07-07T16:06:11.453088+00:00,139.7,48,bid,,,11060712
2026-07-07T16:06:12.599948,2026-07-07T16:06:12.611522+00:00,139.7,41,ask,,,11060723
2026-07-07T16:06:12.700303,2026-07-07T16:06:12.711974+00:00,139.7,50,ask,,,11060725
2026-07-07T16:06:14.736663,2026-07-07T16:06:14.745803+00:00,139.7,12,ask,,,11060753
2026-07-07T16:06:14.746871,2026-07-07T16:06:14.751195+00:00,139.6,12,bid,,,11060754
2026-07-07T16:06:14.836405,2026-07-07T16:06:14.848195+00:00,139.5,50,ask,,,11060758
2026-07-07T16:06:16.677088,2026-07-07T16:06:16.688660+00:00,139.6,49,bid,,,11060779
2026-07-07T16:06:16.945657,2026-07-07T16:06:16.963659+00:00,139.5,1,ask,,,11060783
2026-07-07T16:06:16.945657,2026-07-07T16:06:16.963659+00:00,139.2,49,ask,,,11060784
2026-07-07T16:06:19.061629,2026-07-07T16:06:19.073048+00:00,139.4,50,ask,,,11060810
2026-07-07T16:06:19.122444,2026-07-07T16:06:19.130142+00:00,139.4,100,ask,,,11060812
2026-07-07T16:06:19.381220,2026-07-07T16:06:19.393098+00:00,138.8,46,ask,,,11060816
2026-07-07T16:06:21.092420,2026-07-07T16:06:21.101813+00:00,139.3,23,bid,,,11060843
2026-07-07T16:06:23.273429,2026-07-07T16:06:23.284953+00:00,138.9,50,ask,,,11060870
2026-07-07T16:06:24.403190,2026-07-07T16:06:24.415208+00:00,139.0,48,bid,,,11060888
2026-07-07T16:06:24.596985,2026-07-07T16:06:24.606173+00:00,139.0,22,bid,,,11060891
2026-07-07T16:06:25.330238,2026-07-07T16:06:25.343034+00:00,139.0,50,bid,,,11060902
2026-07-07T16:06:27.023405,2026-07-07T16:06:27.030856+00:00,138.9,49,ask,,,11060923
2026-07-07T16:06:27.359605,2026-07-07T16:06:27.369626+00:00,139.3,11,ask,,,11060927
2026-07-07T16:06:27.440540,2026-07-07T16:06:27.447640+00:00,139.4,50,bid,,,11060930
2026-07-07T16:06:28.094917,2026-07-07T16:06:28.105877+00:00,139.4,42,bid,,,11060947
2026-07-07T16:06:28.235345,2026-07-07T16:06:28.244935+00:00,139.3,11,ask,,,11060951
2026-07-07T16:06:29.256191,2026-07-07T16:06:29.268265+00:00,139.3,46,ask,,,11060956
2026-07-07T16:06:29.602523,2026-07-07T16:06:29.614233+00:00,139.3,50,ask,,,11060964
2026-07-07T16:06:30.886392,2026-07-07T16:06:30.895374+00:00,139.3,45,bid,,,11060980
2026-07-07T16:06:31.165034,2026-07-07T16:06:31.174701+00:00,139.3,11,bid,,,11060984
2026-07-07T16:06:31.658355,2026-07-07T16:06:31.669992+00:00,139.3,50,bid,,,11060990
2026-07-07T16:06:31.721249,2026-07-07T16:06:31.732706+00:00,139.3,44,bid,,,11060992
2026-07-07T16:06:33.689067,2026-07-07T16:06:33.698044+00:00,139.5,11,ask,,,11061019
2026-07-07T16:06:33.815581,2026-07-07T16:06:33.827337+00:00,139.5,50,ask,,,11061021
2026-07-07T16:06:34.054827,2026-07-07T16:06:34.056205+00:00,139.5,42,ask,,,11061025
2026-07-07T16:06:35.923649,2026-07-07T16:06:35.935317+00:00,139.5,47,ask,,,11061043
2026-07-07T16:06:35.923649,2026-07-07T16:06:35.935317+00:00,139.2,3,ask,,,11061044
2026-07-07T16:06:38.037320,2026-07-07T16:06:38.043966+00:00,139.6,45,bid,,,11061063
2026-07-07T16:06:41.455546,2026-07-07T16:06:41.467490+00:00,139.3,41,ask,,,11061107
2026-07-07T16:06:42.188963,2026-07-07T16:06:42.200808+00:00,139.6,50,bid,,,11061114
2026-07-07T16:06:42.627230,2026-07-07T16:06:42.635567+00:00,139.3,47,ask,,,11061119
2026-07-07T16:06:43.230724,2026-07-07T16:06:43.237653+00:00,139.1,100,ask,,,11061133
2026-07-07T16:06:43.243805,2026-07-07T16:06:43.254171+00:00,139.1,11,bid,,,11061134
2026-07-07T16:06:43.770956,2026-07-07T16:06:43.782699+00:00,139.1,39,bid,,,11061138
2026-07-07T16:06:43.770956,2026-07-07T16:06:43.782699+00:00,139.6,10,bid,,,11061139
2026-07-07T16:06:44.857661,2026-07-07T16:06:44.869017+00:00,138.7,44,ask,,,11061150
2026-07-07T16:06:45.369763,2026-07-07T16:06:45.381298+00:00,139.2,43,bid,,,11061155
2026-07-07T16:06:46.342860,2026-07-07T16:06:46.364990+00:00,139.2,57,bid,,,11061167
2026-07-07T16:06:46.342860,2026-07-07T16:06:46.364990+00:00,139.6,12,bid,,,11061168
2026-07-07T16:06:46.409603,2026-07-07T16:06:46.419813+00:00,139.6,34,ask,,,11061170
2026-07-07T16:06:46.453195,2026-07-07T16:06:46.463930+00:00,139.6,47,ask,,,11061173
2026-07-07T16:06:46.453195,2026-07-07T16:06:46.463930+00:00,138.7,3,ask,,,11061174
2026-07-07T16:06:48.222533,2026-07-07T16:06:48.259671+00:00,139.5,11,bid,,,11061197
2026-07-07T16:06:48.509744,2026-07-07T16:06:48.521400+00:00,139.5,50,bid,,,11061203
2026-07-07T16:06:48.644578,2026-07-07T16:06:48.656247+00:00,139.1,12,ask,,,11061209
2026-07-07T16:06:48.644578,2026-07-07T16:06:48.656247+00:00,139.0,30,ask,,,11061210
2026-07-07T16:06:50.672042,2026-07-07T16:06:50.680967+00:00,138.8,50,ask,,,11061232
2026-07-07T16:06:51.762901,2026-07-07T16:06:51.774039+00:00,139.3,44,bid,,,11061249
2026-07-07T16:06:52.736225,2026-07-07T16:06:52.746568+00:00,139.1,23,bid,,,11061263
2026-07-07T16:06:52.780581,2026-07-07T16:06:52.791162+00:00,139.0,50,ask,,,11061267
2026-07-07T16:06:54.047992,2026-07-07T16:06:54.058538+00:00,139.1,49,bid,,,11061282
2026-07-07T16:06:54.105119,2026-07-07T16:06:54.117249+00:00,138.7,47,ask,,,11061284
2026-07-07T16:06:54.836269,2026-07-07T16:06:54.848140+00:00,139.1,50,bid,,,11061295
2026-07-07T16:06:56.943951,2026-07-07T16:06:56.958575+00:00,139.2,50,bid,,,11061318
2026-07-07T16:06:58.203055,2026-07-07T16:06:58.214716+00:00,139.4,49,bid,,,11061333
2026-07-07T16:06:59.052420,2026-07-07T16:06:59.058839+00:00,139.4,50,bid,,,11061346
2026-07-07T16:07:01.158272,2026-07-07T16:07:01.170240+00:00,139.5,50,bid,,,11061365
2026-07-07T16:07:01.670179,2026-07-07T16:07:01.680594+00:00,139.2,44,ask,,,11061373
2026-07-07T16:07:02.131665,2026-07-07T16:07:02.140362+00:00,139.2,11,ask,,,11061376
2026-07-07T16:07:02.659945,2026-07-07T16:07:02.668739+00:00,139.2,12,ask,,,11061386
2026-07-07T16:07:03.267807,2026-07-07T16:07:03.277773+00:00,139.5,12,bid,,,11061397
2026-07-07T16:07:03.267807,2026-07-07T16:07:03.277773+00:00,139.7,38,bid,,,11061398
2026-07-07T16:07:06.592704,2026-07-07T16:07:06.601187+00:00,139.3,11,ask,,,11061453
2026-07-07T16:07:06.701922,2026-07-07T16:07:06.712592+00:00,139.2,47,ask,,,11061457
2026-07-07T16:07:07.499012,2026-07-07T16:07:07.510701+00:00,139.5,12,bid,,,11061467
2026-07-07T16:07:07.499012,2026-07-07T16:07:07.510701+00:00,139.6,38,bid,,,11061468
2026-07-07T16:07:09.607915,2026-07-07T16:07:09.619804+00:00,139.7,50,bid,,,11061491
2026-07-07T16:07:11.767047,2026-07-07T16:07:11.779266+00:00,139.4,12,ask,,,11061516
2026-07-07T16:07:11.767047,2026-07-07T16:07:11.779266+00:00,139.4,38,ask,,,11061517
2026-07-07T16:07:11.885248,2026-07-07T16:07:11.897224+00:00,139.7,12,bid,,,11061520
2026-07-07T16:07:11.885248,2026-07-07T16:07:11.897224+00:00,139.8,36,bid,,,11061521
2026-07-07T16:07:13.051843,2026-07-07T16:07:13.058603+00:00,139.4,42,ask,,,11061540
2026-07-07T16:07:13.878463,2026-07-07T16:07:13.892096+00:00,139.5,12,ask,,,11061544
2026-07-07T16:07:13.878463,2026-07-07T16:07:13.892096+00:00,139.4,38,ask,,,11061545
2026-07-07T16:07:15.045235,2026-07-07T16:07:15.058556+00:00,139.6,41,bid,,,11061561
2026-07-07T16:07:16.102846,2026-07-07T16:07:16.114701+00:00,139.5,40,ask,,,11061577
2026-07-07T16:07:18.063802,2026-07-07T16:07:18.071295+00:00,139.6,50,bid,,,11061611
2026-07-07T16:07:18.400729,2026-07-07T16:07:18.412059+00:00,139.5,45,ask,,,11061612
2026-07-07T16:07:20.244827,2026-07-07T16:07:20.256574+00:00,139.3,1,ask,,,11061635
2026-07-07T16:07:20.244827,2026-07-07T16:07:20.256574+00:00,139.1,49,ask,,,11061636
2026-07-07T16:07:22.355238,2026-07-07T16:07:22.358598+00:00,139.2,50,ask,,,11061660
2026-07-07T16:07:24.136672,2026-07-07T16:07:24.158605+00:00,139.6,12,bid,,,11061673
2026-07-07T16:07:24.136672,2026-07-07T16:07:24.158605+00:00,139.7,28,bid,,,11061674
2026-07-07T16:07:24.469319,2026-07-07T16:07:24.481221+00:00,139.2,50,ask,,,11061679
2026-07-07T16:07:24.689872,2026-07-07T16:07:24.700970+00:00,139.2,47,ask,,,11061685
2026-07-07T16:07:25.165542,2026-07-07T16:07:25.175588+00:00,139.5,41,bid,,,11061689
2026-07-07T16:07:25.176624,2026-07-07T16:07:25.186028+00:00,139.5,11,bid,,,11061690
2026-07-07T16:07:28.408504,2026-07-07T16:07:28.420430+00:00,139.2,48,ask,,,11061728
2026-07-07T16:07:28.720350,2026-07-07T16:07:28.732016+00:00,139.2,100,ask,,,11061732
2026-07-07T16:07:28.895732,2026-07-07T16:07:28.905518+00:00,139.2,2,ask,,,11061735
2026-07-07T16:07:29.499073,2026-07-07T16:07:29.511112+00:00,139.4,12,bid,,,11061741
2026-07-07T16:07:29.499073,2026-07-07T16:07:29.511112+00:00,139.7,30,bid,,,11061742
2026-07-07T16:07:29.982698,2026-07-07T16:07:29.990816+00:00,139.0,12,ask,,,11061751
2026-07-07T16:07:30.640747,2026-07-07T16:07:30.652321+00:00,139.5,12,bid,,,11061760
2026-07-07T16:07:30.747182,2026-07-07T16:07:30.759682+00:00,139.0,2,bid,,,11061762
2026-07-07T16:07:31.515087,2026-07-07T16:07:31.524340+00:00,139.0,12,bid,,,11061769
2026-07-07T16:07:32.000938,2026-07-07T16:07:32.010768+00:00,139.0,12,bid,,,11061776
2026-07-07T16:07:32.748052,2026-07-07T16:07:32.758593+00:00,139.0,50,bid,,,11061784
2026-07-07T16:07:34.862700,2026-07-07T16:07:34.869388+00:00,139.4,50,bid,,,11061812
2026-07-07T16:07:36.969410,2026-07-07T16:07:36.976491+00:00,139.5,50,bid,,,11061835
2026-07-07T16:07:38.505745,2026-07-07T16:07:38.515086+00:00,139.2,12,ask,,,11061857
2026-07-07T16:07:39.076192,2026-07-07T16:07:39.087900+00:00,139.4,50,bid,,,11061867
2026-07-07T16:07:41.183909,2026-07-07T16:07:41.195915+00:00,139.5,50,bid,,,11061895
2026-07-07T16:07:43.301352,2026-07-07T16:07:43.313114+00:00,139.7,12,bid,,,11061920
2026-07-07T16:07:43.301352,2026-07-07T16:07:43.313114+00:00,139.9,30,bid,,,11061921
2026-07-07T16:07:43.358176,2026-07-07T16:07:43.369769+00:00,139.5,48,ask,,,11061923
2026-07-07T16:07:44.611994,2026-07-07T16:07:44.622430+00:00,139.6,37,ask,,,11061942
2026-07-07T16:07:44.962964,2026-07-07T16:07:44.975461+00:00,139.8,12,bid,,,11061945
2026-07-07T16:07:45.019285,2026-07-07T16:07:45.028612+00:00,139.6,41,ask,,,11061946
2026-07-07T16:07:45.450730,2026-07-07T16:07:45.463681+00:00,139.6,22,ask,,,11061950
2026-07-07T16:07:45.450730,2026-07-07T16:07:45.463681+00:00,139.5,28,ask,,,11061951
2026-07-07T16:07:46.968700,2026-07-07T16:07:46.975996+00:00,139.7,40,bid,,,11061974
2026-07-07T16:07:47.560378,2026-07-07T16:07:47.571825+00:00,139.5,12,ask,,,11061986
2026-07-07T16:07:47.560378,2026-07-07T16:07:47.571825+00:00,139.2,38,ask,,,11061987
2026-07-07T16:07:49.617861,2026-07-07T16:07:49.627610+00:00,139.6,50,bid,,,11062005
2026-07-07T16:07:50.488815,2026-07-07T16:07:50.499088+00:00,139.5,12,bid,,,11062021
2026-07-07T16:07:50.488815,2026-07-07T16:07:50.499088+00:00,139.6,29,bid,,,11062022
2026-07-07T16:07:51.571600,2026-07-07T16:07:51.579121+00:00,139.2,46,ask,,,11062039
2026-07-07T16:07:51.796978,2026-07-07T16:07:51.804248+00:00,139.2,50,ask,,,11062042
2026-07-07T16:07:53.789105,2026-07-07T16:07:53.799222+00:00,139.6,3,bid,,,11062056
2026-07-07T16:07:53.908979,2026-07-07T16:07:53.917841+00:00,139.2,4,ask,,,11062059
2026-07-07T16:07:53.908979,2026-07-07T16:07:53.922881+00:00,139.2,12,ask,,,11062060
2026-07-07T16:07:53.908979,2026-07-07T16:07:53.922881+00:00,139.1,34,ask,,,11062061
2026-07-07T16:07:54.094797,2026-07-07T16:07:54.106076+00:00,139.6,49,bid,,,11062066
2026-07-07T16:07:56.021533,2026-07-07T16:07:56.032409+00:00,139.1,50,ask,,,11062091
2026-07-07T16:07:57.245114,2026-07-07T16:07:57.255835+00:00,139.5,11,bid,,,11062107
2026-07-07T16:07:58.127792,2026-07-07T16:07:58.139702+00:00,139.1,50,ask,,,11062122
2026-07-07T16:07:59.059424,2026-07-07T16:07:59.069048+00:00,139.5,23,bid,,,11062136
2026-07-07T16:08:00.236819,2026-07-07T16:08:00.248533+00:00,139.4,12,ask,,,11062154
2026-07-07T16:08:00.236819,2026-07-07T16:08:00.248533+00:00,139.3,38,ask,,,11062155
2026-07-07T16:08:02.347856,2026-07-07T16:08:02.359686+00:00,139.3,50,ask,,,11062184
2026-07-07T16:08:02.372286,2026-07-07T16:08:02.381328+00:00,139.3,50,ask,,,11062186
2026-07-07T16:08:02.372286,2026-07-07T16:08:02.381328+00:00,139.3,12,ask,,,11062187
2026-07-07T16:08:03.351202,2026-07-07T16:08:03.360620+00:00,138.8,42,ask,,,11062207
2026-07-07T16:08:03.570479,2026-07-07T16:08:03.580256+00:00,139.1,12,bid,,,11062210
2026-07-07T16:08:03.782967,2026-07-07T16:08:03.792891+00:00,139.1,11,bid,,,11062214
2026-07-07T16:08:04.294501,2026-07-07T16:08:04.306207+00:00,139.1,23,bid,,,11062218
2026-07-07T16:08:04.463177,2026-07-07T16:08:04.475014+00:00,138.8,50,ask,,,11062223
2026-07-07T16:08:06.455075,2026-07-07T16:08:06.466938+00:00,139.1,45,bid,,,11062249
2026-07-07T16:08:06.570714,2026-07-07T16:08:06.582403+00:00,138.9,50,ask,,,11062251
2026-07-07T16:08:06.916800,2026-07-07T16:08:06.925379+00:00,139.4,48,bid,,,11062255
2026-07-07T16:08:08.687988,2026-07-07T16:08:08.699637+00:00,139.2,50,ask,,,11062285
2026-07-07T16:08:10.796430,2026-07-07T16:08:10.808574+00:00,139.2,50,ask,,,11062308
2026-07-07T16:08:12.165583,2026-07-07T16:08:12.177051+00:00,139.2,44,ask,,,11062324
2026-07-07T16:08:12.656542,2026-07-07T16:08:12.668151+00:00,139.4,46,bid,,,11062333
2026-07-07T16:08:12.854711,2026-07-07T16:08:12.869631+00:00,139.4,50,bid,,,11062334
2026-07-07T16:08:15.011939,2026-07-07T16:08:15.023530+00:00,138.9,50,ask,,,11062359
2026-07-07T16:08:15.020383,2026-07-07T16:08:15.028457+00:00,139.4,100,bid,,,11062360
2026-07-07T16:08:15.029575,2026-07-07T16:08:15.037511+00:00,139.5,12,ask,,,11062361
2026-07-07T16:08:17.149312,2026-07-07T16:08:17.158591+00:00,139.5,38,ask,,,11062387
2026-07-07T16:08:17.149312,2026-07-07T16:08:17.158591+00:00,139.1,12,ask,,,11062388
2026-07-07T16:08:17.156398,2026-07-07T16:08:17.158591+00:00,139.1,40,ask,,,11062389
2026-07-07T16:08:19.259631,2026-07-07T16:08:19.271434+00:00,139.2,50,ask,,,11062420
2026-07-07T16:08:21.059689,2026-07-07T16:08:21.069641+00:00,139.6,44,bid,,,11062448
2026-07-07T16:08:21.113518,2026-07-07T16:08:21.125597+00:00,139.2,48,ask,,,11062449
2026-07-07T16:08:21.359442,2026-07-07T16:08:21.367971+00:00,139.6,12,bid,,,11062453
2026-07-07T16:08:21.396584,2026-07-07T16:08:21.408210+00:00,139.1,50,ask,,,11062455
2026-07-07T16:08:21.401092,2026-07-07T16:08:21.413565+00:00,139.1,50,ask,,,11062456
2026-07-07T16:08:21.432211,2026-07-07T16:08:21.460543+00:00,139.1,17,bid,,,11062457
2026-07-07T16:08:21.725536,2026-07-07T16:08:21.737208+00:00,139.1,46,bid,,,11062464
2026-07-07T16:08:22.488343,2026-07-07T16:08:22.495452+00:00,139.1,37,bid,,,11062477
2026-07-07T16:08:23.505006,2026-07-07T16:08:23.516797+00:00,139.2,50,ask,,,11062489
2026-07-07T16:08:25.559619,2026-07-07T16:08:25.569398+00:00,139.2,13,ask,,,11062511
2026-07-07T16:08:25.559619,2026-07-07T16:08:25.569398+00:00,139.2,27,ask,,,11062512
2026-07-07T16:08:25.626070,2026-07-07T16:08:25.635708+00:00,139.2,50,ask,,,11062516
2026-07-07T16:08:26.547329,2026-07-07T16:08:26.551037+00:00,139.3,47,bid,,,11062534
2026-07-07T16:08:27.734339,2026-07-07T16:08:27.745064+00:00,139.0,50,ask,,,11062555
2026-07-07T16:08:29.737038,2026-07-07T16:08:29.748936+00:00,139.3,41,bid,,,11062589
2026-07-07T16:08:29.817293,2026-07-07T16:08:29.828878+00:00,139.3,50,bid,,,11062590
2026-07-07T16:08:30.942729,2026-07-07T16:08:30.954405+00:00,139.3,9,bid,,,11062607
2026-07-07T16:08:31.926699,2026-07-07T16:08:31.935735+00:00,139.5,50,bid,,,11062623
2026-07-07T16:08:32.970441,2026-07-07T16:08:32.981051+00:00,139.3,46,ask,,,11062636
2026-07-07T16:08:34.116291,2026-07-07T16:08:34.123527+00:00,139.3,50,ask,,,11062647
2026-07-07T16:08:36.223690,2026-07-07T16:08:36.235876+00:00,139.2,50,ask,,,11062664
2026-07-07T16:08:37.453252,2026-07-07T16:08:37.455454+00:00,139.6,49,bid,,,11062672
2026-07-07T16:08:40.440392,2026-07-07T16:08:40.458586+00:00,139.3,50,ask,,,11062701
2026-07-07T16:08:41.654736,2026-07-07T16:08:41.655309+00:00,139.3,48,ask,,,11062710
2026-07-07T16:08:42.573690,2026-07-07T16:08:42.581679+00:00,139.3,50,ask,,,11062716
2026-07-07T16:08:44.629395,2026-07-07T16:08:44.639767+00:00,139.3,50,bid,,,11062746
2026-07-07T16:08:46.765713,2026-07-07T16:08:46.774999+00:00,139.5,50,bid,,,11062763
2026-07-07T16:08:48.873037,2026-07-07T16:08:48.880224+00:00,139.5,50,bid,,,11062792
2026-07-07T16:08:50.982316,2026-07-07T16:08:50.994202+00:00,139.7,50,bid,,,11062821
2026-07-07T16:08:52.322213,2026-07-07T16:08:52.334081+00:00,139.7,41,bid,,,11062842
2026-07-07T16:08:53.090596,2026-07-07T16:08:53.101389+00:00,139.8,50,bid,,,11062848
2026-07-07T16:08:53.961249,2026-07-07T16:08:53.972733+00:00,139.8,44,bid,,,11062858
2026-07-07T16:08:57.354680,2026-07-07T16:08:57.358135+00:00,139.7,50,ask,,,11062898
2026-07-07T16:08:59.478551,2026-07-07T16:08:59.490344+00:00,139.6,50,ask,,,11062928
2026-07-07T16:09:01.534932,2026-07-07T16:09:01.546505+00:00,139.7,50,bid,,,11062955
2026-07-07T16:09:02.024183,2026-07-07T16:09:02.041471+00:00,139.6,6,ask,,,11062962
2026-07-07T16:09:02.954800,2026-07-07T16:09:02.966603+00:00,139.2,49,ask,,,11062971
2026-07-07T16:09:03.490333,2026-07-07T16:09:03.502264+00:00,139.5,48,bid,,,11062978
2026-07-07T16:09:03.694719,2026-07-07T16:09:03.706598+00:00,139.1,50,ask,,,11062981
2026-07-07T16:09:04.387083,2026-07-07T16:09:04.398284+00:00,139.1,45,ask,,,11062998
2026-07-07T16:09:05.802050,2026-07-07T16:09:05.810353+00:00,139.3,50,ask,,,11063006
2026-07-07T16:09:06.876752,2026-07-07T16:09:06.885815+00:00,139.4,6,bid,,,11063014
2026-07-07T16:09:07.910696,2026-07-07T16:09:07.922495+00:00,139.3,50,ask,,,11063027
2026-07-07T16:09:10.018174,2026-07-07T16:09:10.029223+00:00,138.9,50,ask,,,11063048
2026-07-07T16:09:10.904496,2026-07-07T16:09:10.916348+00:00,138.9,41,ask,,,11063063
2026-07-07T16:09:11.399990,2026-07-07T16:09:11.407221+00:00,139.4,48,bid,,,11063069
2026-07-07T16:09:11.962634,2026-07-07T16:09:11.974156+00:00,139.4,46,bid,,,11063083
2026-07-07T16:09:12.125555,2026-07-07T16:09:12.137343+00:00,138.9,50,ask,,,11063085
2026-07-07T16:09:13.072863,2026-07-07T16:09:13.084157+00:00,138.9,49,ask,,,11063099
2026-07-07T16:09:14.182103,2026-07-07T16:09:14.193655+00:00,139.0,50,bid,,,11063115
2026-07-07T16:09:15.242870,2026-07-07T16:09:15.249943+00:00,139.0,50,bid,,,11063130
2026-07-07T16:09:16.008560,2026-07-07T16:09:16.021238+00:00,139.1,43,ask,,,11063139
2026-07-07T16:09:16.288613,2026-07-07T16:09:16.300317+00:00,139.6,50,bid,,,11063143
2026-07-07T16:09:17.500511,2026-07-07T16:09:17.509251+00:00,139.6,42,bid,,,11063154
2026-07-07T16:09:19.017742,2026-07-07T16:09:19.029308+00:00,139.1,43,ask,,,11063170
2026-07-07T16:09:20.503582,2026-07-07T16:09:20.511935+00:00,139.2,50,bid,,,11063193
2026-07-07T16:09:21.569126,2026-07-07T16:09:21.577673+00:00,139.2,50,bid,,,11063202
2026-07-07T16:09:22.042891,2026-07-07T16:09:22.058595+00:00,139.8,41,bid,,,11063209
2026-07-07T16:09:22.611708,2026-07-07T16:09:22.622748+00:00,139.8,50,bid,,,11063216
2026-07-07T16:09:23.095828,2026-07-07T16:09:23.108242+00:00,139.8,40,bid,,,11063228
2026-07-07T16:09:26.822417,2026-07-07T16:09:26.831443+00:00,139.7,50,bid,,,11063272
2026-07-07T16:09:27.268231,2026-07-07T16:09:27.275891+00:00,139.5,47,ask,,,11063281
2026-07-07T16:09:27.883782,2026-07-07T16:09:27.893046+00:00,139.7,44,bid,,,11063286
2026-07-07T16:09:28.929687,2026-07-07T16:09:28.941470+00:00,139.7,50,bid,,,11063299
2026-07-07T16:09:31.038177,2026-07-07T16:09:31.049861+00:00,140.0,50,bid,,,11063326
2026-07-07T16:09:32.327946,2026-07-07T16:09:32.337577+00:00,139.6,43,ask,,,11063343
2026-07-07T16:09:33.147312,2026-07-07T16:09:33.163669+00:00,139.8,50,bid,,,11063353
2026-07-07T16:09:33.515411,2026-07-07T16:09:33.528722+00:00,139.8,40,bid,,,11063359
2026-07-07T16:09:34.834013,2026-07-07T16:09:34.844961+00:00,139.6,6,ask,,,11063377
2026-07-07T16:09:35.256949,2026-07-07T16:09:35.268862+00:00,140.1,50,bid,,,11063383
2026-07-07T16:09:37.181501,2026-07-07T16:09:37.191843+00:00,139.6,11,ask,,,11063415
2026-07-07T16:09:37.370816,2026-07-07T16:09:37.381639+00:00,139.8,50,bid,,,11063420
2026-07-07T16:09:39.478485,2026-07-07T16:09:39.490226+00:00,140.0,50,bid,,,11063439
2026-07-07T16:09:40.909328,2026-07-07T16:09:40.921218+00:00,139.7,44,ask,,,11063460
2026-07-07T16:09:41.491857,2026-07-07T16:09:41.504009+00:00,139.7,48,ask,,,11063468
2026-07-07T16:09:41.586368,2026-07-07T16:09:41.598157+00:00,140.1,50,bid,,,11063469
2026-07-07T16:09:42.525489,2026-07-07T16:09:42.537416+00:00,140.1,40,bid,,,11063476
2026-07-07T16:09:42.699347,2026-07-07T16:09:42.708625+00:00,140.0,12,ask,,,11063482
2026-07-07T16:09:43.712234,2026-07-07T16:09:43.724405+00:00,140.5,50,bid,,,11063497
2026-07-07T16:09:45.824394,2026-07-07T16:09:45.831622+00:00,140.4,50,bid,,,11063518
2026-07-07T16:09:47.359634,2026-07-07T16:09:47.371447+00:00,140.1,47,ask,,,11063534
2026-07-07T16:09:47.931282,2026-07-07T16:09:47.942810+00:00,140.5,12,bid,,,11063541
2026-07-07T16:09:47.931282,2026-07-07T16:09:47.942810+00:00,140.6,38,bid,,,11063542
2026-07-07T16:09:49.278413,2026-07-07T16:09:49.289486+00:00,140.1,22,ask,,,11063561
2026-07-07T16:09:50.038305,2026-07-07T16:09:50.047777+00:00,140.4,50,bid,,,11063576
2026-07-07T16:09:50.174725,2026-07-07T16:09:50.184632+00:00,139.9,40,ask,,,11063578
2026-07-07T16:09:51.271589,2026-07-07T16:09:51.282995+00:00,140.4,46,bid,,,11063595
2026-07-07T16:09:52.165169,2026-07-07T16:09:52.179312+00:00,140.4,50,bid,,,11063604
2026-07-07T16:09:52.855142,2026-07-07T16:09:52.866903+00:00,140.4,43,bid,,,11063616
2026-07-07T16:09:53.207517,2026-07-07T16:09:53.219058+00:00,140.5,100,bid,,,11063621
2026-07-07T16:09:53.275224,2026-07-07T16:09:53.285206+00:00,140.5,35,ask,,,11063623
2026-07-07T16:09:53.399293,2026-07-07T16:09:53.411024+00:00,140.5,15,ask,,,11063625
2026-07-07T16:09:53.399293,2026-07-07T16:09:53.411024+00:00,140.2,12,ask,,,11063626
2026-07-07T16:09:53.399293,2026-07-07T16:09:53.411024+00:00,140.0,22,ask,,,11063627
2026-07-07T16:09:54.324357,2026-07-07T16:09:54.335919+00:00,140.2,50,ask,,,11063635
2026-07-07T16:09:55.375124,2026-07-07T16:09:55.386690+00:00,140.2,49,ask,,,11063646
2026-07-07T16:09:56.382894,2026-07-07T16:09:56.395811+00:00,140.6,12,bid,,,11063657
2026-07-07T16:09:56.382894,2026-07-07T16:09:56.400800+00:00,140.7,38,bid,,,11063658
2026-07-07T16:09:57.109043,2026-07-07T16:09:57.121103+00:00,140.4,12,bid,,,11063668
2026-07-07T16:09:58.549856,2026-07-07T16:09:58.556356+00:00,140.1,50,ask,,,11063692
2026-07-07T16:10:00.686449,2026-07-07T16:10:00.698276+00:00,140.1,12,ask,,,11063722
2026-07-07T16:10:00.686449,2026-07-07T16:10:00.698276+00:00,139.9,38,ask,,,11063723
2026-07-07T16:10:00.829124,2026-07-07T16:10:00.840756+00:00,140.4,43,bid,,,11063725
2026-07-07T16:10:01.413965,2026-07-07T16:10:01.421722+00:00,139.9,47,ask,,,11063741
2026-07-07T16:10:03.686389,2026-07-07T16:10:03.695998+00:00,140.3,11,bid,,,11063768
2026-07-07T16:10:04.873284,2026-07-07T16:10:04.883342+00:00,140.3,50,bid,,,11063787
2026-07-07T16:10:05.439875,2026-07-07T16:10:05.451727+00:00,140.3,41,bid,,,11063793
2026-07-07T16:10:06.985240,2026-07-07T16:10:06.996948+00:00,140.4,12,bid,,,11063811
2026-07-07T16:10:06.985240,2026-07-07T16:10:06.996948+00:00,140.5,38,bid,,,11063812
2026-07-07T16:10:08.929854,2026-07-07T16:10:08.939170+00:00,140.5,12,bid,,,11063831
2026-07-07T16:10:09.037786,2026-07-07T16:10:09.047622+00:00,140.5,50,bid,,,11063834
2026-07-07T16:10:09.037786,2026-07-07T16:10:09.047622+00:00,140.7,12,bid,,,11063835
2026-07-07T16:10:09.096578,2026-07-07T16:10:09.118834+00:00,141.2,50,bid,,,11063838
2026-07-07T16:10:09.107744,2026-07-07T16:10:09.118834+00:00,140.7,12,ask,,,11063840
2026-07-07T16:10:10.034263,2026-07-07T16:10:10.045945+00:00,141.0,12,bid,,,11063856
2026-07-07T16:10:10.246652,2026-07-07T16:10:10.256573+00:00,140.7,23,ask,,,11063859
2026-07-07T16:10:10.659554,2026-07-07T16:10:10.671163+00:00,140.7,45,ask,,,11063863
2026-07-07T16:10:11.203812,2026-07-07T16:10:11.214373+00:00,141.0,12,bid,,,11063871
2026-07-07T16:10:11.203812,2026-07-07T16:10:11.214373+00:00,141.1,38,bid,,,11063872
2026-07-07T16:10:11.315345,2026-07-07T16:10:11.327143+00:00,140.7,8,ask,,,11063875
2026-07-07T16:10:11.315345,2026-07-07T16:10:11.327143+00:00,140.6,40,ask,,,11063876
2026-07-07T16:10:12.259152,2026-07-07T16:10:12.266293+00:00,140.6,60,ask,,,11063894
2026-07-07T16:10:12.282832,2026-07-07T16:10:12.292654+00:00,140.5,12,bid,,,11063896
2026-07-07T16:10:13.346530,2026-07-07T16:10:13.353133+00:00,140.5,50,bid,,,11063914
2026-07-07T16:10:14.481959,2026-07-07T16:10:14.488593+00:00,140.5,28,bid,,,11063933
2026-07-07T16:10:14.481959,2026-07-07T16:10:14.493720+00:00,140.5,12,bid,,,11063934
2026-07-07T16:10:14.481959,2026-07-07T16:10:14.493720+00:00,140.5,2,bid,,,11063935
2026-07-07T16:10:15.367790,2026-07-07T16:10:15.376363+00:00,140.5,98,bid,,,11063946
2026-07-07T16:10:15.453998,2026-07-07T16:10:15.466017+00:00,140.7,12,bid,,,11063948
2026-07-07T16:10:15.453998,2026-07-07T16:10:15.466017+00:00,141.1,38,bid,,,11063949
2026-07-07T16:10:17.583377,2026-07-07T16:10:17.595897+00:00,141.0,12,bid,,,11063974
2026-07-07T16:10:17.583377,2026-07-07T16:10:17.595897+00:00,141.0,38,bid,,,11063975
2026-07-07T16:10:18.326276,2026-07-07T16:10:18.338344+00:00,140.6,48,ask,,,11063984
2026-07-07T16:10:19.599152,2026-07-07T16:10:19.610852+00:00,140.7,100,bid,,,11063995
2026-07-07T16:10:19.696061,2026-07-07T16:10:19.702840+00:00,140.7,50,bid,,,11063997
2026-07-07T16:10:21.695748,2026-07-07T16:10:21.704210+00:00,140.8,12,bid,,,11064033
2026-07-07T16:10:21.705326,2026-07-07T16:10:21.714668+00:00,140.8,12,ask,,,11064034
2026-07-07T16:10:22.046615,2026-07-07T16:10:22.055549+00:00,140.8,14,ask,,,11064040
2026-07-07T16:10:22.358485,2026-07-07T16:10:22.370130+00:00,141.1,12,bid,,,11064043
2026-07-07T16:10:22.358485,2026-07-07T16:10:22.370130+00:00,141.2,33,bid,,,11064044
2026-07-07T16:10:22.814451,2026-07-07T16:10:22.825993+00:00,140.8,100,ask,,,11064051
2026-07-07T16:10:22.935307,2026-07-07T16:10:22.946570+00:00,140.8,12,ask,,,11064052
2026-07-07T16:10:22.935307,2026-07-07T16:10:22.946570+00:00,140.4,12,ask,,,11064053
2026-07-07T16:10:23.985976,2026-07-07T16:10:23.997968+00:00,140.3,50,ask,,,11064062
2026-07-07T16:10:24.071827,2026-07-07T16:10:24.078333+00:00,141.2,12,bid,,,11064065
2026-07-07T16:10:24.071827,2026-07-07T16:10:24.078333+00:00,141.3,30,bid,,,11064066
2026-07-07T16:10:25.101110,2026-07-07T16:10:25.108790+00:00,140.5,43,bid,,,11064090
2026-07-07T16:10:25.156839,2026-07-07T16:10:25.168559+00:00,140.3,44,ask,,,11064091
2026-07-07T16:10:25.969815,2026-07-07T16:10:25.978625+00:00,140.5,26,bid,,,11064101
2026-07-07T16:10:27.274629,2026-07-07T16:10:27.285343+00:00,140.5,40,bid,,,11064118
2026-07-07T16:10:27.788417,2026-07-07T16:10:27.800195+00:00,140.3,12,ask,,,11064121
2026-07-07T16:10:27.788417,2026-07-07T16:10:27.800195+00:00,140.1,36,ask,,,11064122
2026-07-07T16:10:28.036852,2026-07-07T16:10:28.045623+00:00,140.6,100,bid,,,11064126
2026-07-07T16:10:28.036852,2026-07-07T16:10:28.045623+00:00,140.6,12,bid,,,11064127
2026-07-07T16:10:28.105017,2026-07-07T16:10:28.115963+00:00,140.7,12,ask,,,11064128
2026-07-07T16:10:28.210847,2026-07-07T16:10:28.218610+00:00,140.7,26,ask,,,11064131
2026-07-07T16:10:28.210847,2026-07-07T16:10:28.223798+00:00,140.2,12,ask,,,11064132
2026-07-07T16:10:28.210847,2026-07-07T16:10:28.223798+00:00,140.1,12,ask,,,11064133
2026-07-07T16:10:30.397678,2026-07-07T16:10:30.409385+00:00,140.8,12,bid,,,11064167
2026-07-07T16:10:30.397678,2026-07-07T16:10:30.409385+00:00,140.9,36,bid,,,11064168
2026-07-07T16:10:32.270410,2026-07-07T16:10:32.277985+00:00,140.5,100,bid,,,11064181
2026-07-07T16:10:32.452434,2026-07-07T16:10:32.464175+00:00,140.3,12,ask,,,11064185
2026-07-07T16:10:32.452434,2026-07-07T16:10:32.464175+00:00,140.0,38,ask,,,11064186
2026-07-07T16:10:34.592190,2026-07-07T16:10:34.603762+00:00,140.2,50,ask,,,11064210
2026-07-07T16:10:36.687196,2026-07-07T16:10:36.698890+00:00,140.4,49,ask,,,11064234
2026-07-07T16:10:36.699296,2026-07-07T16:10:36.711023+00:00,140.4,50,ask,,,11064235
2026-07-07T16:10:37.335547,2026-07-07T16:10:37.343742+00:00,140.4,1,ask,,,11064243
2026-07-07T16:10:37.335547,2026-07-07T16:10:37.348729+00:00,140.2,41,ask,,,11064244
2026-07-07T16:10:37.726619,2026-07-07T16:10:37.735914+00:00,140.2,12,bid,,,11064250
2026-07-07T16:10:39.120471,2026-07-07T16:10:39.131099+00:00,140.2,48,bid,,,11064264
2026-07-07T16:10:40.916080,2026-07-07T16:10:40.927851+00:00,140.0,12,ask,,,11064285
2026-07-07T16:10:40.916080,2026-07-07T16:10:40.927851+00:00,139.8,38,ask,,,11064286
2026-07-07T16:10:42.188217,2026-07-07T16:10:42.199025+00:00,139.9,12,bid,,,11064299
2026-07-07T16:10:43.058527,2026-07-07T16:10:43.070477+00:00,139.8,50,ask,,,11064309
2026-07-07T16:10:44.332643,2026-07-07T16:10:44.341811+00:00,139.9,23,bid,,,11064334
2026-07-07T16:10:45.167879,2026-07-07T16:10:45.179596+00:00,139.8,12,ask,,,11064343
2026-07-07T16:10:45.167879,2026-07-07T16:10:45.179596+00:00,139.7,38,ask,,,11064344
2026-07-07T16:10:46.071769,2026-07-07T16:10:46.089766+00:00,140.0,49,bid,,,11064369
2026-07-07T16:10:47.307372,2026-07-07T16:10:47.318947+00:00,139.8,50,ask,,,11064384
2026-07-07T16:10:49.417134,2026-07-07T16:10:49.428736+00:00,139.8,50,ask,,,11064411
2026-07-07T16:10:49.672563,2026-07-07T16:10:49.684825+00:00,139.8,40,ask,,,11064416
2026-07-07T16:10:50.281498,2026-07-07T16:10:50.290307+00:00,139.9,11,bid,,,11064425
2026-07-07T16:10:50.896888,2026-07-07T16:10:50.906917+00:00,139.9,11,bid,,,11064436
2026-07-07T16:10:51.269275,2026-07-07T16:10:51.280850+00:00,139.9,48,bid,,,11064444
2026-07-07T16:10:51.533924,2026-07-07T16:10:51.542810+00:00,139.6,12,ask,,,11064449
2026-07-07T16:10:51.533924,2026-07-07T16:10:51.542810+00:00,139.6,38,ask,,,11064450
2026-07-07T16:10:51.797197,2026-07-07T16:10:51.807691+00:00,139.9,44,bid,,,11064454
2026-07-07T16:10:52.210598,2026-07-07T16:10:52.219986+00:00,139.8,12,ask,,,11064461
2026-07-07T16:10:53.591426,2026-07-07T16:10:53.602450+00:00,140.0,50,bid,,,11064489
2026-07-07T16:10:55.776897,2026-07-07T16:10:55.788394+00:00,139.8,12,ask,,,11064513
2026-07-07T16:10:56.540940,2026-07-07T16:10:56.548359+00:00,139.9,100,bid,,,11064519
2026-07-07T16:10:57.834244,2026-07-07T16:10:57.846062+00:00,140.2,12,bid,,,11064531
2026-07-07T16:10:57.834244,2026-07-07T16:10:57.846062+00:00,140.2,38,bid,,,11064532
2026-07-07T16:10:59.966639,2026-07-07T16:10:59.973992+00:00,140.2,50,bid,,,11064558
2026-07-07T16:11:00.759988,2026-07-07T16:11:00.770485+00:00,140.1,10,ask,,,11064569
2026-07-07T16:11:03.753656,2026-07-07T16:11:03.765337+00:00,140.1,48,ask,,,11064602
2026-07-07T16:11:04.228336,2026-07-07T16:11:04.239361+00:00,139.8,12,ask,,,11064606
2026-07-07T16:11:04.228336,2026-07-07T16:11:04.239361+00:00,139.8,38,ask,,,11064607
2026-07-07T16:11:04.760298,2026-07-07T16:11:04.771951+00:00,139.8,44,ask,,,11064619
2026-07-07T16:11:06.098285,2026-07-07T16:11:06.107936+00:00,139.7,22,bid,,,11064641
2026-07-07T16:11:06.285113,2026-07-07T16:11:06.296596+00:00,139.7,50,bid,,,11064644
2026-07-07T16:11:07.083724,2026-07-07T16:11:07.095168+00:00,139.7,78,bid,,,11064656
2026-07-07T16:11:07.370151,2026-07-07T16:11:07.378582+00:00,140.1,12,bid,,,11064662
2026-07-07T16:11:07.370151,2026-07-07T16:11:07.378582+00:00,140.3,32,bid,,,11064663
2026-07-07T16:11:08.432148,2026-07-07T16:11:08.440820+00:00,139.8,11,ask,,,11064678
2026-07-07T16:11:08.443375,2026-07-07T16:11:08.456336+00:00,139.8,11,ask,,,11064680
2026-07-07T16:11:08.443375,2026-07-07T16:11:08.456336+00:00,139.8,12,ask,,,11064681
2026-07-07T16:11:08.443375,2026-07-07T16:11:08.456336+00:00,139.2,27,ask,,,11064682
2026-07-07T16:11:09.421184,2026-07-07T16:11:09.432804+00:00,139.7,12,ask,,,11064696
2026-07-07T16:11:09.421184,2026-07-07T16:11:09.432804+00:00,139.6,36,ask,,,11064697
2026-07-07T16:11:10.501389,2026-07-07T16:11:10.511085+00:00,139.7,50,bid,,,11064723
2026-07-07T16:11:11.041578,2026-07-07T16:11:11.058574+00:00,139.7,41,bid,,,11064731
2026-07-07T16:11:11.512215,2026-07-07T16:11:11.523873+00:00,139.7,9,bid,,,11064743
2026-07-07T16:11:11.512215,2026-07-07T16:11:11.523873+00:00,139.9,12,bid,,,11064744
2026-07-07T16:11:12.611757,2026-07-07T16:11:12.619091+00:00,139.7,50,bid,,,11064761
2026-07-07T16:11:13.423319,2026-07-07T16:11:13.435182+00:00,139.7,100,bid,,,11064774
2026-07-07T16:11:15.015876,2026-07-07T16:11:15.025118+00:00,139.5,12,ask,,,11064786
2026-07-07T16:11:15.015876,2026-07-07T16:11:15.025118+00:00,139.2,30,ask,,,11064787
2026-07-07T16:11:15.527596,2026-07-07T16:11:15.537941+00:00,139.7,11,ask,,,11064793
2026-07-07T16:11:15.630996,2026-07-07T16:11:15.641476+00:00,139.7,41,ask,,,11064797
2026-07-07T16:11:16.882274,2026-07-07T16:11:16.894083+00:00,139.7,50,ask,,,11064811
2026-07-07T16:11:18.939576,2026-07-07T16:11:18.946101+00:00,139.8,12,bid,,,11064833
2026-07-07T16:11:18.939576,2026-07-07T16:11:18.951550+00:00,139.8,38,bid,,,11064834
2026-07-07T16:11:23.389921,2026-07-07T16:11:23.401806+00:00,139.6,40,bid,,,11064885
2026-07-07T16:11:25.263970,2026-07-07T16:11:25.271663+00:00,139.6,50,bid,,,11064906
2026-07-07T16:11:27.371873,2026-07-07T16:11:27.383635+00:00,139.6,12,bid,,,11064932
2026-07-07T16:11:27.371873,2026-07-07T16:11:27.383635+00:00,139.6,38,bid,,,11064933
2026-07-07T16:11:28.520524,2026-07-07T16:11:28.527370+00:00,139.5,47,ask,,,11064949
2026-07-07T16:11:29.479961,2026-07-07T16:11:29.488248+00:00,139.7,12,bid,,,11064961
2026-07-07T16:11:29.479961,2026-07-07T16:11:29.488248+00:00,139.8,38,bid,,,11064962
2026-07-07T16:11:29.820333,2026-07-07T16:11:29.829902+00:00,139.5,12,ask,,,11064966
2026-07-07T16:11:31.587176,2026-07-07T16:11:31.598813+00:00,139.7,50,bid,,,11064986
2026-07-07T16:11:33.694413,2026-07-07T16:11:33.706078+00:00,139.7,50,bid,,,11065009
2026-07-07T16:11:35.502605,2026-07-07T16:11:35.514189+00:00,139.8,12,bid,,,11065035
2026-07-07T16:11:35.502605,2026-07-07T16:11:35.514189+00:00,139.9,34,bid,,,11065036
2026-07-07T16:11:36.811431,2026-07-07T16:11:36.820105+00:00,139.8,11,ask,,,11065055
2026-07-07T16:11:37.394733,2026-07-07T16:11:37.406873+00:00,140.0,12,bid,,,11065062
2026-07-07T16:11:37.394733,2026-07-07T16:11:37.406873+00:00,140.1,31,bid,,,11065063
2026-07-07T16:11:37.453343,2026-07-07T16:11:37.465350+00:00,139.8,49,ask,,,11065064
2026-07-07T16:11:40.063141,2026-07-07T16:11:40.075120+00:00,139.8,50,ask,,,11065103
2026-07-07T16:11:42.087630,2026-07-07T16:11:42.099175+00:00,140.0,12,bid,,,11065120
2026-07-07T16:11:42.087630,2026-07-07T16:11:42.099175+00:00,140.1,34,bid,,,11065121
2026-07-07T16:11:42.170188,2026-07-07T16:11:42.181856+00:00,139.7,50,ask,,,11065122
2026-07-07T16:11:44.229763,2026-07-07T16:11:44.240037+00:00,139.6,44,ask,,,11065151
2026-07-07T16:11:44.279592,2026-07-07T16:11:44.286839+00:00,139.6,50,ask,,,11065153
2026-07-07T16:11:45.705097,2026-07-07T16:11:45.716877+00:00,139.5,12,ask,,,11065170
2026-07-07T16:11:45.705097,2026-07-07T16:11:45.716877+00:00,139.4,28,ask,,,11065171
2026-07-07T16:11:46.351714,2026-07-07T16:11:46.358598+00:00,139.8,12,bid,,,11065180
2026-07-07T16:11:46.351714,2026-07-07T16:11:46.358598+00:00,139.8,37,bid,,,11065181
2026-07-07T16:11:46.387522,2026-07-07T16:11:46.404580+00:00,139.4,50,ask,,,11065183
2026-07-07T16:11:46.971701,2026-07-07T16:11:46.979097+00:00,139.8,45,bid,,,11065193
2026-07-07T16:11:47.270338,2026-07-07T16:11:47.281490+00:00,139.5,11,bid,,,11065197
2026-07-07T16:11:48.495007,2026-07-07T16:11:48.506495+00:00,139.4,50,ask,,,11065212
2026-07-07T16:11:50.612201,2026-07-07T16:11:50.624235+00:00,139.4,50,ask,,,11065246
2026-07-07T16:11:51.903516,2026-07-07T16:11:51.915021+00:00,139.3,45,ask,,,11065262
2026-07-07T16:11:52.721868,2026-07-07T16:11:52.733637+00:00,139.3,21,ask,,,11065270
2026-07-07T16:11:52.721868,2026-07-07T16:11:52.733637+00:00,139.1,29,ask,,,11065271
2026-07-07T16:11:52.908482,2026-07-07T16:11:52.919986+00:00,139.6,47,bid,,,11065273
2026-07-07T16:11:54.404954,2026-07-07T16:11:54.416784+00:00,139.6,47,bid,,,11065294
2026-07-07T16:11:54.637785,2026-07-07T16:11:54.661857+00:00,139.4,12,ask,,,11065297
2026-07-07T16:11:54.650875,2026-07-07T16:11:54.661857+00:00,139.4,12,bid,,,11065298
2026-07-07T16:11:54.781390,2026-07-07T16:11:54.788938+00:00,139.4,50,bid,,,11065302
2026-07-07T16:11:56.889125,2026-07-07T16:11:56.897338+00:00,139.4,26,bid,,,11065329
2026-07-07T16:11:58.994222,2026-07-07T16:11:59.006117+00:00,139.6,12,bid,,,11065350
2026-07-07T16:11:58.994222,2026-07-07T16:11:59.006117+00:00,139.6,38,bid,,,11065351
2026-07-07T16:12:00.436172,2026-07-07T16:12:00.444781+00:00,139.3,12,ask,,,11065370
2026-07-07T16:12:00.899774,2026-07-07T16:12:00.909213+00:00,139.2,45,ask,,,11065378
2026-07-07T16:12:01.128798,2026-07-07T16:12:01.136605+00:00,139.7,50,bid,,,11065382
2026-07-07T16:12:01.359805,2026-07-07T16:12:01.369874+00:00,139.2,49,ask,,,11065386
2026-07-07T16:12:03.252207,2026-07-07T16:12:03.264164+00:00,139.7,50,bid,,,11065410
2026-07-07T16:12:04.896716,2026-07-07T16:12:04.908167+00:00,139.7,40,bid,,,11065427
2026-07-07T16:12:07.488529,2026-07-07T16:12:07.495759+00:00,139.8,12,bid,,,11065464
2026-07-07T16:12:07.488529,2026-07-07T16:12:07.501201+00:00,140.0,38,bid,,,11065465
2026-07-07T16:12:07.499504,2026-07-07T16:12:07.506405+00:00,139.6,47,ask,,,11065466
2026-07-07T16:12:09.598686,2026-07-07T16:12:09.608929+00:00,139.7,50,bid,,,11065487
2026-07-07T16:12:10.418975,2026-07-07T16:12:10.430745+00:00,139.7,100,bid,,,11065504
2026-07-07T16:12:11.704723,2026-07-07T16:12:11.716090+00:00,140.2,12,bid,,,11065529
2026-07-07T16:12:11.704723,2026-07-07T16:12:11.716090+00:00,140.3,38,bid,,,11065530
2026-07-07T16:12:12.513453,2026-07-07T16:12:12.525284+00:00,140.2,12,bid,,,11065541
2026-07-07T16:12:12.513453,2026-07-07T16:12:12.525284+00:00,140.3,30,bid,,,11065542
2026-07-07T16:12:12.526566,2026-07-07T16:12:12.534506+00:00,140.0,11,ask,,,11065543
2026-07-07T16:12:13.548663,2026-07-07T16:12:13.560459+00:00,140.0,12,ask,,,11065562
2026-07-07T16:12:13.841792,2026-07-07T16:12:13.852696+00:00,140.1,12,bid,,,11065565
2026-07-07T16:12:13.841792,2026-07-07T16:12:13.852696+00:00,140.3,38,bid,,,11065566
2026-07-07T16:12:14.230252,2026-07-07T16:12:14.239470+00:00,140.0,49,ask,,,11065572
2026-07-07T16:12:14.686186,2026-07-07T16:12:14.697895+00:00,140.0,49,ask,,,11065579
2026-07-07T16:12:15.951765,2026-07-07T16:12:15.958584+00:00,139.9,50,bid,,,11065594
2026-07-07T16:12:20.217652,2026-07-07T16:12:20.225934+00:00,139.6,50,ask,,,11065638
2026-07-07T16:12:22.105917,2026-07-07T16:12:22.117540+00:00,139.9,12,bid,,,11065660
2026-07-07T16:12:22.105917,2026-07-07T16:12:22.117540+00:00,140.1,34,bid,,,11065661
2026-07-07T16:12:22.328292,2026-07-07T16:12:22.338869+00:00,139.6,50,ask,,,11065663
2026-07-07T16:12:22.655453,2026-07-07T16:12:22.667260+00:00,140.0,43,bid,,,11065671
2026-07-07T16:12:24.438377,2026-07-07T16:12:24.445879+00:00,139.7,12,ask,,,11065704
2026-07-07T16:12:24.438377,2026-07-07T16:12:24.451057+00:00,139.6,38,ask,,,11065705
2026-07-07T16:12:25.198653,2026-07-07T16:12:25.210269+00:00,140.1,46,bid,,,11065714
2026-07-07T16:12:26.567516,2026-07-07T16:12:26.575147+00:00,139.9,50,ask,,,11065726
2026-07-07T16:12:28.159369,2026-07-07T16:12:28.170775+00:00,139.9,12,ask,,,11065746
2026-07-07T16:12:28.676626,2026-07-07T16:12:28.688198+00:00,139.6,50,ask,,,11065757
2026-07-07T16:12:32.918834,2026-07-07T16:12:32.930391+00:00,139.6,12,ask,,,11065804
2026-07-07T16:12:32.918834,2026-07-07T16:12:32.930391+00:00,139.4,38,ask,,,11065805
2026-07-07T16:12:35.057397,2026-07-07T16:12:35.068643+00:00,139.5,12,ask,,,11065836
2026-07-07T16:12:35.057397,2026-07-07T16:12:35.068643+00:00,139.3,38,ask,,,11065837
2026-07-07T16:12:36.219242,2026-07-07T16:12:36.230965+00:00,139.3,12,ask,,,11065852
2026-07-07T16:12:36.219242,2026-07-07T16:12:36.230965+00:00,139.2,32,ask,,,11065853
2026-07-07T16:12:36.866446,2026-07-07T16:12:36.877453+00:00,139.7,12,bid,,,11065862
2026-07-07T16:12:37.168894,2026-07-07T16:12:37.178001+00:00,139.2,50,ask,,,11065865
2026-07-07T16:12:37.931065,2026-07-07T16:12:37.940048+00:00,139.5,23,bid,,,11065888
2026-07-07T16:12:38.071234,2026-07-07T16:12:38.081310+00:00,139.5,11,bid,,,11065893
2026-07-07T16:12:39.226095,2026-07-07T16:12:39.238599+00:00,139.5,50,bid,,,11065908
2026-07-07T16:12:39.295980,2026-07-07T16:12:39.305338+00:00,139.5,12,bid,,,11065909
2026-07-07T16:12:39.803709,2026-07-07T16:12:39.812751+00:00,139.5,11,bid,,,11065914
2026-07-07T16:12:40.316964,2026-07-07T16:12:40.327495+00:00,139.5,12,bid,,,11065922
2026-07-07T16:12:41.043711,2026-07-07T16:12:41.054721+00:00,139.8,11,ask,,,11065933
2026-07-07T16:12:41.233610,2026-07-07T16:12:41.244389+00:00,139.8,23,ask,,,11065937
2026-07-07T16:12:41.397097,2026-07-07T16:12:41.404475+00:00,139.8,50,ask,,,11065942
2026-07-07T16:12:41.595186,2026-07-07T16:12:41.606905+00:00,139.8,42,ask,,,11065945
2026-07-07T16:12:42.534074,2026-07-07T16:12:42.545812+00:00,139.9,40,bid,,,11065967
2026-07-07T16:12:43.452183,2026-07-07T16:12:43.463709+00:00,139.9,50,bid,,,11065979
2026-07-07T16:12:44.259467,2026-07-07T16:12:44.269319+00:00,139.8,12,bid,,,11065994
2026-07-07T16:12:45.226002,2026-07-07T16:12:45.237652+00:00,139.8,100,bid,,,11066006
2026-07-07T16:12:45.593871,2026-07-07T16:12:45.605534+00:00,139.8,38,bid,,,11066010
2026-07-07T16:12:45.593871,2026-07-07T16:12:45.605534+00:00,140.0,12,bid,,,11066011
2026-07-07T16:12:49.829477,2026-07-07T16:12:49.841193+00:00,140.0,50,bid,,,11066069
2026-07-07T16:12:49.983711,2026-07-07T16:12:49.995405+00:00,140.0,43,bid,,,11066070
2026-07-07T16:12:50.484525,2026-07-07T16:12:50.496145+00:00,140.0,7,bid,,,11066074
2026-07-07T16:12:50.484525,2026-07-07T16:12:50.496145+00:00,140.1,12,bid,,,11066075
2026-07-07T16:12:51.936886,2026-07-07T16:12:51.946937+00:00,140.4,12,bid,,,11066094
2026-07-07T16:12:51.936886,2026-07-07T16:12:51.946937+00:00,140.4,38,bid,,,11066095
2026-07-07T16:12:56.154351,2026-07-07T16:12:56.158560+00:00,140.4,12,bid,,,11066137
2026-07-07T16:12:56.154351,2026-07-07T16:12:56.158560+00:00,140.5,38,bid,,,11066138
2026-07-07T16:12:56.859613,2026-07-07T16:12:56.868232+00:00,140.2,23,ask,,,11066150
2026-07-07T16:12:57.502904,2026-07-07T16:12:57.514384+00:00,140.2,42,ask,,,11066156
2026-07-07T16:12:58.262628,2026-07-07T16:12:58.274519+00:00,140.6,12,bid,,,11066163
2026-07-07T16:12:58.262628,2026-07-07T16:12:58.274519+00:00,140.7,38,bid,,,11066164
2026-07-07T16:13:00.373956,2026-07-07T16:13:00.385752+00:00,140.7,50,bid,,,11066193
2026-07-07T16:13:02.483504,2026-07-07T16:13:02.494704+00:00,140.7,50,bid,,,11066210
2026-07-07T16:13:03.085636,2026-07-07T16:13:03.097509+00:00,140.3,41,ask,,,11066213
2026-07-07T16:13:04.645328,2026-07-07T16:13:04.658558+00:00,140.3,50,ask,,,11066228
2026-07-07T16:13:04.807756,2026-07-07T16:13:04.820560+00:00,140.3,12,ask,,,11066232
2026-07-07T16:13:05.399806,2026-07-07T16:13:05.411679+00:00,140.5,10,bid,,,11066237
2026-07-07T16:13:05.399806,2026-07-07T16:13:05.411679+00:00,140.6,31,bid,,,11066238
2026-07-07T16:13:06.701780,2026-07-07T16:13:06.713673+00:00,140.4,50,bid,,,11066260
2026-07-07T16:13:06.981016,2026-07-07T16:13:06.990166+00:00,140.4,47,bid,,,11066262
2026-07-07T16:13:08.018261,2026-07-07T16:13:08.029853+00:00,140.1,47,ask,,,11066272
2026-07-07T16:13:08.860399,2026-07-07T16:13:08.868706+00:00,140.1,50,ask,,,11066281
2026-07-07T16:13:09.511504,2026-07-07T16:13:09.520694+00:00,140.3,11,ask,,,11066292
2026-07-07T16:13:10.590997,2026-07-07T16:13:10.602657+00:00,140.3,100,ask,,,11066304
2026-07-07T16:13:10.823855,2026-07-07T16:13:10.835791+00:00,140.3,39,ask,,,11066309
2026-07-07T16:13:10.823855,2026-07-07T16:13:10.835791+00:00,139.9,1,ask,,,11066310
2026-07-07T16:13:10.917696,2026-07-07T16:13:10.929342+00:00,140.8,50,bid,,,11066315
2026-07-07T16:13:12.746117,2026-07-07T16:13:12.758595+00:00,140.2,48,bid,,,11066335
2026-07-07T16:13:13.077255,2026-07-07T16:13:13.088917+00:00,139.9,11,ask,,,11066341
2026-07-07T16:13:13.077255,2026-07-07T16:13:13.088917+00:00,139.8,39,ask,,,11066342
2026-07-07T16:13:14.471168,2026-07-07T16:13:14.481708+00:00,140.2,41,bid,,,11066355
2026-07-07T16:13:14.972236,2026-07-07T16:13:14.981924+00:00,140.0,41,ask,,,11066356
2026-07-07T16:13:15.186367,2026-07-07T16:13:15.196826+00:00,140.0,50,ask,,,11066362
2026-07-07T16:13:15.619986,2026-07-07T16:13:15.636448+00:00,140.2,47,bid,,,11066365
2026-07-07T16:13:15.852200,2026-07-07T16:13:15.863109+00:00,140.4,3,ask,,,11066375
2026-07-07T16:13:15.932877,2026-07-07T16:13:15.943046+00:00,140.4,12,ask,,,11066379
2026-07-07T16:13:16.927843,2026-07-07T16:13:16.939432+00:00,140.4,100,ask,,,11066392
2026-07-07T16:13:17.293268,2026-07-07T16:13:17.301115+00:00,140.4,35,ask,,,11066400
2026-07-07T16:13:17.293268,2026-07-07T16:13:17.306172+00:00,139.8,12,ask,,,11066401
2026-07-07T16:13:17.293268,2026-07-07T16:13:17.306172+00:00,139.6,3,ask,,,11066402
2026-07-07T16:13:18.236388,2026-07-07T16:13:18.248358+00:00,139.7,12,ask,,,11066415
2026-07-07T16:13:18.236388,2026-07-07T16:13:18.248358+00:00,139.6,33,ask,,,11066416
2026-07-07T16:13:19.380302,2026-07-07T16:13:19.387629+00:00,140.1,12,bid,,,11066435
2026-07-07T16:13:19.402330,2026-07-07T16:13:19.412738+00:00,139.7,50,ask,,,11066436
2026-07-07T16:13:21.508650,2026-07-07T16:13:21.516920+00:00,139.7,50,ask,,,11066466
2026-07-07T16:13:22.232239,2026-07-07T16:13:22.242132+00:00,139.8,37,bid,,,11066473
2026-07-07T16:13:22.389383,2026-07-07T16:13:22.401372+00:00,139.8,47,bid,,,11066479
2026-07-07T16:13:23.203271,2026-07-07T16:13:23.210773+00:00,139.8,66,bid,,,11066492
2026-07-07T16:13:25.674248,2026-07-07T16:13:25.681076+00:00,140.2,12,bid,,,11066533
2026-07-07T16:13:25.674248,2026-07-07T16:13:25.686069+00:00,140.3,38,bid,,,11066534
2026-07-07T16:13:25.859477,2026-07-07T16:13:25.868753+00:00,140.0,23,ask,,,11066540
2026-07-07T16:13:26.417408,2026-07-07T16:13:26.426502+00:00,140.0,100,ask,,,11066550
2026-07-07T16:13:27.820167,2026-07-07T16:13:27.827683+00:00,140.0,27,ask,,,11066573
2026-07-07T16:13:27.820167,2026-07-07T16:13:27.832706+00:00,139.9,12,ask,,,11066574
2026-07-07T16:13:27.820167,2026-07-07T16:13:27.832706+00:00,139.5,5,ask,,,11066575
2026-07-07T16:13:27.835775,2026-07-07T16:13:27.843352+00:00,139.5,50,ask,,,11066576
2026-07-07T16:13:28.557794,2026-07-07T16:13:28.568392+00:00,139.9,12,bid,,,11066582
2026-07-07T16:13:29.022408,2026-07-07T16:13:29.031183+00:00,139.9,49,bid,,,11066591
2026-07-07T16:13:29.553875,2026-07-07T16:13:29.557196+00:00,139.9,89,bid,,,11066593
2026-07-07T16:13:29.892471,2026-07-07T16:13:29.904160+00:00,140.1,12,bid,,,11066602
2026-07-07T16:13:29.915602,2026-07-07T16:13:29.924874+00:00,139.9,11,ask,,,11066604
2026-07-07T16:13:29.915602,2026-07-07T16:13:29.924874+00:00,139.9,12,ask,,,11066605
2026-07-07T16:13:29.915602,2026-07-07T16:13:29.930344+00:00,139.4,19,ask,,,11066606
2026-07-07T16:13:30.594969,2026-07-07T16:13:30.606559+00:00,139.5,12,ask,,,11066617
2026-07-07T16:13:30.594969,2026-07-07T16:13:30.606559+00:00,139.4,30,ask,,,11066618
2026-07-07T16:13:32.058699,2026-07-07T16:13:32.070284+00:00,139.8,50,ask,,,11066639
2026-07-07T16:13:32.504452,2026-07-07T16:13:32.516295+00:00,139.8,42,ask,,,11066644
2026-07-07T16:13:33.092593,2026-07-07T16:13:33.104191+00:00,140.0,43,bid,,,11066650
2026-07-07T16:13:34.114718,2026-07-07T16:13:34.124695+00:00,140.0,50,bid,,,11066669
2026-07-07T16:13:36.224105,2026-07-07T16:13:36.232641+00:00,139.9,50,bid,,,11066700
2026-07-07T16:13:38.032713,2026-07-07T16:13:38.046767+00:00,139.9,12,bid,,,11066721
2026-07-07T16:13:38.032925,2026-07-07T16:13:38.046767+00:00,139.8,100,ask,,,11066722
2026-07-07T16:13:38.086930,2026-07-07T16:13:38.098826+00:00,139.6,12,ask,,,11066726
2026-07-07T16:13:38.330627,2026-07-07T16:13:38.342035+00:00,139.8,50,bid,,,11066733
2026-07-07T16:13:39.288479,2026-07-07T16:13:39.299997+00:00,139.5,12,ask,,,11066741
2026-07-07T16:13:39.933365,2026-07-07T16:13:39.945012+00:00,139.9,41,bid,,,11066755
2026-07-07T16:13:40.439384,2026-07-07T16:13:40.450004+00:00,139.9,50,bid,,,11066758
2026-07-07T16:13:41.144195,2026-07-07T16:13:41.155639+00:00,139.9,9,bid,,,11066772
2026-07-07T16:13:41.144195,2026-07-07T16:13:41.155639+00:00,140.0,12,bid,,,11066773
2026-07-07T16:13:41.202714,2026-07-07T16:13:41.210738+00:00,140.1,23,ask,,,11066775
2026-07-07T16:13:42.317146,2026-07-07T16:13:42.324670+00:00,140.1,12,ask,,,11066796
2026-07-07T16:13:42.342175,2026-07-07T16:13:42.351581+00:00,140.1,47,ask,,,11066798
2026-07-07T16:13:42.547332,2026-07-07T16:13:42.558584+00:00,140.2,50,bid,,,11066803
2026-07-07T16:13:42.852635,2026-07-07T16:13:42.864380+00:00,140.2,44,bid,,,11066808
2026-07-07T16:13:42.972355,2026-07-07T16:13:42.982634+00:00,140.1,3,ask,,,11066810
2026-07-07T16:13:44.706679,2026-07-07T16:13:44.714245+00:00,139.7,50,ask,,,11066830
2026-07-07T16:13:46.813205,2026-07-07T16:13:46.824873+00:00,139.7,12,ask,,,11066855
2026-07-07T16:13:46.813205,2026-07-07T16:13:46.824873+00:00,139.7,38,ask,,,11066856
2026-07-07T16:13:46.870353,2026-07-07T16:13:46.880115+00:00,140.0,3,bid,,,11066861
2026-07-07T16:13:47.779654,2026-07-07T16:13:47.788866+00:00,140.0,12,bid,,,11066873
2026-07-07T16:13:48.937227,2026-07-07T16:13:48.947621+00:00,139.7,50,ask,,,11066896
2026-07-07T16:13:49.450861,2026-07-07T16:13:49.458574+00:00,139.7,44,ask,,,11066910
2026-07-07T16:13:50.687733,2026-07-07T16:13:50.696992+00:00,139.7,100,ask,,,11066925
2026-07-07T16:13:50.687733,2026-07-07T16:13:50.696992+00:00,139.7,12,ask,,,11066926
2026-07-07T16:13:50.703306,2026-07-07T16:13:50.712242+00:00,139.7,23,bid,,,11066927
2026-07-07T16:13:50.793723,2026-07-07T16:13:50.803104+00:00,139.7,11,bid,,,11066932
2026-07-07T16:13:51.044814,2026-07-07T16:13:51.058584+00:00,139.3,12,ask,,,11066940
2026-07-07T16:13:51.044814,2026-07-07T16:13:51.058584+00:00,139.2,38,ask,,,11066941
2026-07-07T16:13:52.107414,2026-07-07T16:13:52.116344+00:00,139.6,11,ask,,,11066955
2026-07-07T16:13:52.472212,2026-07-07T16:13:52.484281+00:00,139.7,4,bid,,,11066962
2026-07-07T16:13:52.472212,2026-07-07T16:13:52.484281+00:00,140.0,37,bid,,,11066963
2026-07-07T16:13:52.563654,2026-07-07T16:13:52.570644+00:00,139.5,44,ask,,,11066964
2026-07-07T16:13:53.105312,2026-07-07T16:13:53.116998+00:00,139.7,12,bid,,,11066972
2026-07-07T16:13:54.526299,2026-07-07T16:13:54.537787+00:00,139.5,42,ask,,,11066986
2026-07-07T16:13:55.211528,2026-07-07T16:13:55.223362+00:00,139.6,50,bid,,,11066996
2026-07-07T16:13:56.042590,2026-07-07T16:13:56.052066+00:00,139.6,11,bid,,,11067002
2026-07-07T16:13:56.270047,2026-07-07T16:13:56.278854+00:00,139.6,12,bid,,,11067007
2026-07-07T16:13:56.384075,2026-07-07T16:13:56.395923+00:00,139.6,27,bid,,,11067009
2026-07-07T16:13:56.384075,2026-07-07T16:13:56.395923+00:00,139.9,12,bid,,,11067010
2026-07-07T16:13:56.384075,2026-07-07T16:13:56.395923+00:00,140.0,4,bid,,,11067011
2026-07-07T16:13:57.327283,2026-07-07T16:13:57.334543+00:00,140.0,12,bid,,,11067021
2026-07-07T16:13:57.327283,2026-07-07T16:13:57.339971+00:00,140.2,38,bid,,,11067022
2026-07-07T16:13:57.359473,2026-07-07T16:13:57.368523+00:00,139.7,23,ask,,,11067024
2026-07-07T16:13:57.788465,2026-07-07T16:13:57.796582+00:00,139.7,44,ask,,,11067032
2026-07-07T16:13:58.674305,2026-07-07T16:13:58.685204+00:00,139.8,47,bid,,,11067051
2026-07-07T16:14:00.476661,2026-07-07T16:14:00.488280+00:00,139.8,47,bid,,,11067077
2026-07-07T16:14:01.558490,2026-07-07T16:14:01.568951+00:00,139.8,11,bid,,,11067086
2026-07-07T16:14:01.558490,2026-07-07T16:14:01.568951+00:00,139.9,39,bid,,,11067087
2026-07-07T16:14:03.718857,2026-07-07T16:14:03.725928+00:00,139.7,50,ask,,,11067113
2026-07-07T16:14:05.975005,2026-07-07T16:14:05.985811+00:00,139.8,12,ask,,,11067143
2026-07-07T16:14:07.878692,2026-07-07T16:14:07.885336+00:00,139.9,50,bid,,,11067167
2026-07-07T16:14:08.039136,2026-07-07T16:14:08.046869+00:00,139.6,12,ask,,,11067170
2026-07-07T16:14:08.039136,2026-07-07T16:14:08.058564+00:00,139.6,35,ask,,,11067171
2026-07-07T16:14:09.984432,2026-07-07T16:14:09.996134+00:00,139.8,12,bid,,,11067200
2026-07-07T16:14:09.984432,2026-07-07T16:14:09.996134+00:00,139.9,38,bid,,,11067201
2026-07-07T16:14:10.898300,2026-07-07T16:14:10.910405+00:00,139.4,12,ask,,,11067211
2026-07-07T16:14:10.898300,2026-07-07T16:14:10.910405+00:00,139.4,29,ask,,,11067212
2026-07-07T16:14:12.095267,2026-07-07T16:14:12.107179+00:00,139.7,12,bid,,,11067230
2026-07-07T16:14:12.095267,2026-07-07T16:14:12.107179+00:00,139.8,38,bid,,,11067231
2026-07-07T16:14:14.205479,2026-07-07T16:14:14.212512+00:00,140.0,50,bid,,,11067259
2026-07-07T16:14:16.201641,2026-07-07T16:14:16.204872+00:00,140.0,44,bid,,,11067286
2026-07-07T16:14:16.363974,2026-07-07T16:14:16.375549+00:00,139.7,50,ask,,,11067292
2026-07-07T16:14:17.341285,2026-07-07T16:14:17.348456+00:00,139.7,41,ask,,,11067303
2026-07-07T16:14:18.077504,2026-07-07T16:14:18.085625+00:00,139.7,11,ask,,,11067314
2026-07-07T16:14:18.472340,2026-07-07T16:14:18.482691+00:00,139.7,48,ask,,,11067323
2026-07-07T16:14:18.472340,2026-07-07T16:14:18.482691+00:00,139.6,2,ask,,,11067324
2026-07-07T16:14:19.164790,2026-07-07T16:14:19.174124+00:00,139.7,11,bid,,,11067332
2026-07-07T16:14:19.291699,2026-07-07T16:14:19.302467+00:00,139.6,11,ask,,,11067336
2026-07-07T16:14:19.367319,2026-07-07T16:14:19.379238+00:00,139.6,49,ask,,,11067338
2026-07-07T16:14:20.587779,2026-07-07T16:14:20.599108+00:00,139.3,12,ask,,,11067347
2026-07-07T16:14:20.587779,2026-07-07T16:14:20.599108+00:00,139.3,38,ask,,,11067348
2026-07-07T16:14:22.695639,2026-07-07T16:14:22.707158+00:00,139.3,50,ask,,,11067377
2026-07-07T16:14:24.061552,2026-07-07T16:14:24.073999+00:00,139.4,46,bid,,,11067386
2026-07-07T16:14:24.137860,2026-07-07T16:14:24.148072+00:00,139.4,11,bid,,,11067387
2026-07-07T16:14:24.524014,2026-07-07T16:14:24.535543+00:00,139.4,49,bid,,,11067392
2026-07-07T16:14:24.802355,2026-07-07T16:14:24.814266+00:00,139.0,12,ask,,,11067397
2026-07-07T16:14:24.802355,2026-07-07T16:14:24.814266+00:00,138.9,38,ask,,,11067398
2026-07-07T16:14:25.352924,2026-07-07T16:14:25.361556+00:00,139.4,12,bid,,,11067408
2026-07-07T16:14:25.455917,2026-07-07T16:14:25.467687+00:00,139.4,100,bid,,,11067410
2026-07-07T16:14:25.722332,2026-07-07T16:14:25.733875+00:00,139.6,12,bid,,,11067417
2026-07-07T16:14:26.913438,2026-07-07T16:14:26.921831+00:00,139.5,50,ask,,,11067432
2026-07-07T16:14:28.931725,2026-07-07T16:14:28.943643+00:00,139.6,44,bid,,,11067455
2026-07-07T16:14:28.987688,2026-07-07T16:14:28.999154+00:00,139.5,44,ask,,,11067456
2026-07-07T16:14:29.021122,2026-07-07T16:14:29.032660+00:00,139.5,6,ask,,,11067457
2026-07-07T16:14:29.021122,2026-07-07T16:14:29.032660+00:00,139.5,12,ask,,,11067458
2026-07-07T16:14:29.021122,2026-07-07T16:14:29.032660+00:00,139.1,32,ask,,,11067459
2026-07-07T16:14:30.080931,2026-07-07T16:14:30.092647+00:00,139.3,12,ask,,,11067472
2026-07-07T16:14:30.080931,2026-07-07T16:14:30.092647+00:00,139.2,34,ask,,,11067473
2026-07-07T16:14:31.129877,2026-07-07T16:14:31.140704+00:00,139.2,50,ask,,,11067487
2026-07-07T16:14:33.175537,2026-07-07T16:14:33.187194+00:00,139.3,48,bid,,,11067515
2026-07-07T16:14:33.242279,2026-07-07T16:14:33.251710+00:00,139.2,12,ask,,,11067519
2026-07-07T16:14:33.242279,2026-07-07T16:14:33.251710+00:00,139.0,38,ask,,,11067520
2026-07-07T16:14:34.342469,2026-07-07T16:14:34.352836+00:00,139.3,11,bid,,,11067535
2026-07-07T16:14:34.662054,2026-07-07T16:14:34.669210+00:00,139.1,12,ask,,,11067541
2026-07-07T16:14:34.662054,2026-07-07T16:14:34.674624+00:00,139.0,35,ask,,,11067542
2026-07-07T16:14:35.012206,2026-07-07T16:14:35.031148+00:00,139.2,12,bid,,,11067546
2026-07-07T16:14:35.349326,2026-07-07T16:14:35.363647+00:00,138.9,12,ask,,,11067553
2026-07-07T16:14:35.349326,2026-07-07T16:14:35.363647+00:00,138.8,38,ask,,,11067554
2026-07-07T16:14:37.367506,2026-07-07T16:14:37.377331+00:00,139.2,11,bid,,,11067582
2026-07-07T16:14:37.459214,2026-07-07T16:14:37.470629+00:00,138.9,50,ask,,,11067586
2026-07-07T16:14:38.891148,2026-07-07T16:14:38.900826+00:00,139.4,44,bid,,,11067602
2026-07-07T16:14:39.952389,2026-07-07T16:14:39.958969+00:00,139.5,45,bid,,,11067618
2026-07-07T16:14:41.592154,2026-07-07T16:14:41.601426+00:00,139.3,12,ask,,,11067644
2026-07-07T16:14:41.592154,2026-07-07T16:14:41.606846+00:00,139.2,37,ask,,,11067645
2026-07-07T16:14:41.672529,2026-07-07T16:14:41.684066+00:00,139.2,50,ask,,,11067650
2026-07-07T16:14:42.114197,2026-07-07T16:14:42.126135+00:00,139.2,43,ask,,,11067654
2026-07-07T16:14:42.652621,2026-07-07T16:14:42.664040+00:00,139.7,42,bid,,,11067668
2026-07-07T16:14:44.243810,2026-07-07T16:14:44.258578+00:00,139.7,41,bid,,,11067699
2026-07-07T16:14:44.800000,2026-07-07T16:14:44.811477+00:00,139.5,48,bid,,,11067713
2026-07-07T16:14:45.839789,2026-07-07T16:14:45.850988+00:00,139.5,50,bid,,,11067731
2026-07-07T16:14:46.357352,2026-07-07T16:14:46.369256+00:00,139.3,12,ask,,,11067739
2026-07-07T16:14:46.357352,2026-07-07T16:14:46.369256+00:00,139.1,31,ask,,,11067740
2026-07-07T16:14:48.350439,2026-07-07T16:14:48.360181+00:00,139.5,11,ask,,,11067775
2026-07-07T16:14:48.880873,2026-07-07T16:14:48.894841+00:00,139.5,47,ask,,,11067783
2026-07-07T16:14:50.048553,2026-07-07T16:14:50.058546+00:00,139.7,12,bid,,,11067798
2026-07-07T16:14:50.048553,2026-07-07T16:14:50.058546+00:00,139.7,38,bid,,,11067799
2026-07-07T16:14:51.353294,2026-07-07T16:14:51.363600+00:00,139.7,47,bid,,,11067818
2026-07-07T16:14:52.156909,2026-07-07T16:14:52.168533+00:00,139.7,50,bid,,,11067825
2026-07-07T16:14:53.514482,2026-07-07T16:14:53.526389+00:00,139.5,45,ask,,,11067836
2026-07-07T16:14:54.265024,2026-07-07T16:14:54.277240+00:00,139.8,12,bid,,,11067842
2026-07-07T16:14:54.265024,2026-07-07T16:14:54.277240+00:00,140.0,38,bid,,,11067843
2026-07-07T16:14:55.108671,2026-07-07T16:14:55.117024+00:00,139.5,12,ask,,,11067855
2026-07-07T16:14:55.108671,2026-07-07T16:14:55.122401+00:00,139.5,36,ask,,,11067856
2026-07-07T16:14:55.621597,2026-07-07T16:14:55.633482+00:00,140.0,45,bid,,,11067863
2026-07-07T16:14:56.740088,2026-07-07T16:14:56.750829+00:00,139.5,48,ask,,,11067872
2026-07-07T16:14:58.557176,2026-07-07T16:14:58.574127+00:00,139.4,50,ask,,,11067891
2026-07-07T16:14:59.633780,2026-07-07T16:14:59.645652+00:00,139.8,47,bid,,,11067900
2026-07-07T16:15:01.052368,2026-07-07T16:15:01.058549+00:00,139.7,49,bid,,,11067924
2026-07-07T16:15:02.797490,2026-07-07T16:15:02.808736+00:00,139.3,12,ask,,,11067947
