timestamp,recv_time,price,volume,aggressor_side,buyer,seller,trade_id
2026-07-07T14:00:00.038997,2026-07-07T14:00:00.038751+00:00,148.9,40,ask,,,10943119
2026-07-07T14:00:01.392702,2026-07-07T14:00:01.403002+00:00,148.9,47,ask,,,10943139
2026-07-07T14:00:01.638029,2026-07-07T14:00:01.646465+00:00,149.4,50,bid,,,10943140
2026-07-07T14:00:03.754524,2026-07-07T14:00:03.749612+00:00,149.3,50,bid,,,10943177
2026-07-07T14:00:04.395747,2026-07-07T14:00:04.407495+00:00,149.3,48,bid,,,10943188
2026-07-07T14:00:04.812346,2026-07-07T14:00:04.821060+00:00,149.1,11,ask,,,10943193
2026-07-07T14:00:05.860705,2026-07-07T14:00:05.869641+00:00,149.4,12,bid,,,10943218
2026-07-07T14:00:05.860705,2026-07-07T14:00:05.869641+00:00,149.6,38,bid,,,10943219
2026-07-07T14:00:07.990175,2026-07-07T14:00:07.997518+00:00,149.5,12,bid,,,10943261
2026-07-07T14:00:07.990175,2026-07-07T14:00:08.003006+00:00,149.6,38,bid,,,10943262
2026-07-07T14:00:08.828393,2026-07-07T14:00:08.840129+00:00,149.4,12,ask,,,10943280
2026-07-07T14:00:09.597409,2026-07-07T14:00:09.610200+00:00,149.4,11,ask,,,10943291
2026-07-07T14:00:10.098622,2026-07-07T14:00:10.106579+00:00,149.6,50,bid,,,10943312
2026-07-07T14:00:11.397591,2026-07-07T14:00:11.407680+00:00,149.5,23,ask,,,10943330
2026-07-07T14:00:12.262313,2026-07-07T14:00:12.274234+00:00,149.5,50,ask,,,10943351
2026-07-07T14:00:12.596348,2026-07-07T14:00:12.608861+00:00,149.5,3,ask,,,10943368
2026-07-07T14:00:12.711873,2026-07-07T14:00:12.722609+00:00,149.5,12,ask,,,10943370
2026-07-07T14:00:13.244983,2026-07-07T14:00:13.258600+00:00,149.5,12,ask,,,10943393
2026-07-07T14:00:13.810440,2026-07-07T14:00:13.819621+00:00,149.5,12,ask,,,10943402
2026-07-07T14:00:14.147771,2026-07-07T14:00:14.154303+00:00,149.5,38,ask,,,10943408
2026-07-07T14:00:14.147771,2026-07-07T14:00:14.154303+00:00,149.2,5,ask,,,10943409
2026-07-07T14:00:14.345477,2026-07-07T14:00:14.370578+00:00,149.2,95,ask,,,10943412
2026-07-07T14:00:14.345477,2026-07-07T14:00:14.370578+00:00,149.1,12,ask,,,10943413
2026-07-07T14:00:14.359521,2026-07-07T14:00:14.370578+00:00,149.1,26,bid,,,10943414
2026-07-07T14:00:14.369989,2026-07-07T14:00:14.385873+00:00,148.6,50,ask,,,10943416
2026-07-07T14:00:15.259531,2026-07-07T14:00:15.268214+00:00,149.1,11,bid,,,10943441
2026-07-07T14:00:16.477763,2026-07-07T14:00:16.486815+00:00,149.0,12,ask,,,10943469
2026-07-07T14:00:16.477763,2026-07-07T14:00:16.486815+00:00,148.8,38,ask,,,10943470
2026-07-07T14:00:18.587767,2026-07-07T14:00:18.597415+00:00,149.0,12,ask,,,10943506
2026-07-07T14:00:18.587767,2026-07-07T14:00:18.597415+00:00,148.9,38,ask,,,10943507
2026-07-07T14:00:20.694790,2026-07-07T14:00:20.701649+00:00,148.9,12,ask,,,10943539
2026-07-07T14:00:20.694790,2026-07-07T14:00:20.706907+00:00,148.7,38,ask,,,10943540
2026-07-07T14:00:22.732933,2026-07-07T14:00:22.743084+00:00,148.9,41,bid,,,10943580
2026-07-07T14:00:22.806792,2026-07-07T14:00:22.818504+00:00,148.7,50,ask,,,10943585
2026-07-07T14:00:23.201142,2026-07-07T14:00:23.212917+00:00,148.8,12,ask,,,10943593
2026-07-07T14:00:23.201142,2026-07-07T14:00:23.212917+00:00,148.7,37,ask,,,10943594
2026-07-07T14:00:23.503052,2026-07-07T14:00:23.512823+00:00,148.9,12,bid,,,10943599
2026-07-07T14:00:24.288195,2026-07-07T14:00:24.295138+00:00,148.9,47,bid,,,10943614
2026-07-07T14:00:24.288195,2026-07-07T14:00:24.300394+00:00,148.9,1,bid,,,10943615
2026-07-07T14:00:24.662325,2026-07-07T14:00:24.671976+00:00,148.9,100,bid,,,10943617
2026-07-07T14:00:24.913838,2026-07-07T14:00:24.925652+00:00,148.8,12,ask,,,10943623
2026-07-07T14:00:24.913838,2026-07-07T14:00:24.925652+00:00,148.4,38,ask,,,10943624
2026-07-07T14:00:25.208809,2026-07-07T14:00:25.218321+00:00,148.9,48,bid,,,10943627
2026-07-07T14:00:27.023308,2026-07-07T14:00:27.035158+00:00,148.8,50,ask,,,10943666
2026-07-07T14:00:27.427893,2026-07-07T14:00:27.439887+00:00,148.8,41,ask,,,10943674
2026-07-07T14:00:27.824231,2026-07-07T14:00:27.834498+00:00,149.2,100,bid,,,10943677
2026-07-07T14:00:29.132043,2026-07-07T14:00:29.144193+00:00,148.8,50,ask,,,10943712
2026-07-07T14:00:29.721047,2026-07-07T14:00:29.738408+00:00,149.2,11,bid,,,10943719
2026-07-07T14:00:30.496364,2026-07-07T14:00:30.507995+00:00,149.6,40,bid,,,10943740
2026-07-07T14:00:30.552791,2026-07-07T14:00:30.564363+00:00,149.1,45,ask,,,10943741
2026-07-07T14:00:31.156089,2026-07-07T14:00:31.158335+00:00,149.1,45,ask,,,10943759
2026-07-07T14:00:31.243093,2026-07-07T14:00:31.252024+00:00,149.1,50,ask,,,10943760
2026-07-07T14:00:33.362224,2026-07-07T14:00:33.373982+00:00,148.7,50,ask,,,10943791
2026-07-07T14:00:34.219755,2026-07-07T14:00:34.233126+00:00,149.1,11,bid,,,10943804
2026-07-07T14:00:34.970027,2026-07-07T14:00:34.979255+00:00,149.1,29,bid,,,10943816
2026-07-07T14:00:35.470829,2026-07-07T14:00:35.482471+00:00,148.7,50,ask,,,10943822
2026-07-07T14:00:37.308751,2026-07-07T14:00:37.320963+00:00,149.1,49,bid,,,10943849
2026-07-07T14:00:37.583229,2026-07-07T14:00:37.599807+00:00,148.9,50,ask,,,10943855
2026-07-07T14:00:39.693699,2026-07-07T14:00:39.704777+00:00,149.0,50,ask,,,10943895
2026-07-07T14:00:45.776801,2026-07-07T14:00:45.786410+00:00,149.2,41,bid,,,10944010
2026-07-07T14:00:48.131593,2026-07-07T14:00:48.143651+00:00,149.0,50,ask,,,10944040
2026-07-07T14:00:48.387765,2026-07-07T14:00:48.399381+00:00,149.4,48,bid,,,10944047
2026-07-07T14:00:48.908092,2026-07-07T14:00:48.917581+00:00,149.0,46,ask,,,10944048
2026-07-07T14:00:50.000488,2026-07-07T14:00:50.009081+00:00,149.1,100,bid,,,10944074
2026-07-07T14:00:50.239648,2026-07-07T14:00:50.251562+00:00,148.6,50,ask,,,10944077
2026-07-07T14:00:50.375069,2026-07-07T14:00:50.386867+00:00,149.1,48,bid,,,10944083
2026-07-07T14:00:50.842410,2026-07-07T14:00:50.854099+00:00,148.6,45,ask,,,10944089
2026-07-07T14:00:51.919909,2026-07-07T14:00:51.931419+00:00,149.1,2,bid,,,10944108
2026-07-07T14:00:51.919909,2026-07-07T14:00:51.931419+00:00,149.6,42,bid,,,10944109
2026-07-07T14:00:52.347721,2026-07-07T14:00:52.358605+00:00,148.8,50,ask,,,10944122
2026-07-07T14:00:53.435319,2026-07-07T14:00:53.446744+00:00,148.9,42,ask,,,10944136
2026-07-07T14:00:55.117795,2026-07-07T14:00:55.129886+00:00,149.3,49,bid,,,10944160
2026-07-07T14:00:56.711217,2026-07-07T14:00:56.722659+00:00,148.8,48,ask,,,10944189
2026-07-07T14:00:57.580782,2026-07-07T14:00:57.587445+00:00,148.8,46,ask,,,10944200
2026-07-07T14:00:58.617702,2026-07-07T14:00:58.627219+00:00,149.3,50,bid,,,10944226
2026-07-07T14:01:00.558172,2026-07-07T14:01:00.568957+00:00,148.9,46,bid,,,10944260
2026-07-07T14:01:00.724528,2026-07-07T14:01:00.738560+00:00,148.9,50,bid,,,10944261
2026-07-07T14:01:01.076560,2026-07-07T14:01:01.084705+00:00,148.9,47,bid,,,10944266
2026-07-07T14:01:02.170463,2026-07-07T14:01:02.182379+00:00,148.7,49,ask,,,10944278
2026-07-07T14:01:02.887651,2026-07-07T14:01:02.895426+00:00,148.7,50,ask,,,10944295
2026-07-07T14:01:04.115066,2026-07-07T14:01:04.131069+00:00,149.1,49,bid,,,10944312
2026-07-07T14:01:04.942520,2026-07-07T14:01:04.948455+00:00,149.1,50,bid,,,10944323
2026-07-07T14:01:05.163372,2026-07-07T14:01:05.173980+00:00,148.8,44,ask,,,10944334
2026-07-07T14:01:05.685683,2026-07-07T14:01:05.698013+00:00,149.1,1,bid,,,10944344
2026-07-07T14:01:05.685683,2026-07-07T14:01:05.698013+00:00,149.3,43,bid,,,10944345
2026-07-07T14:01:06.822787,2026-07-07T14:01:06.834411+00:00,149.0,42,ask,,,10944366
2026-07-07T14:01:07.052213,2026-07-07T14:01:07.063842+00:00,149.3,50,bid,,,10944369
2026-07-07T14:01:08.387378,2026-07-07T14:01:08.396695+00:00,149.0,43,ask,,,10944383
2026-07-07T14:01:09.183893,2026-07-07T14:01:09.195268+00:00,149.3,50,bid,,,10944400
2026-07-07T14:01:11.290010,2026-07-07T14:01:11.306422+00:00,149.3,50,bid,,,10944413
2026-07-07T14:01:11.977314,2026-07-07T14:01:11.990968+00:00,149.6,48,bid,,,10944422
2026-07-07T14:01:13.430308,2026-07-07T14:01:13.441803+00:00,149.6,50,bid,,,10944450
2026-07-07T14:01:14.459744,2026-07-07T14:01:14.468409+00:00,149.6,6,ask,,,10944467
2026-07-07T14:01:15.538202,2026-07-07T14:01:15.548106+00:00,149.7,50,bid,,,10944487
2026-07-07T14:01:15.601526,2026-07-07T14:01:15.614323+00:00,149.7,44,bid,,,10944488
2026-07-07T14:01:17.605619,2026-07-07T14:01:17.617221+00:00,149.7,6,bid,,,10944532
2026-07-07T14:01:17.658068,2026-07-07T14:01:17.669787+00:00,150.3,12,bid,,,10944534
2026-07-07T14:01:17.743127,2026-07-07T14:01:17.751911+00:00,149.8,11,ask,,,10944537
2026-07-07T14:01:18.849862,2026-07-07T14:01:18.862284+00:00,149.8,1,ask,,,10944555
2026-07-07T14:01:19.765830,2026-07-07T14:01:19.777693+00:00,150.0,50,bid,,,10944566
2026-07-07T14:01:21.125913,2026-07-07T14:01:21.135153+00:00,149.6,42,ask,,,10944584
2026-07-07T14:01:21.651963,2026-07-07T14:01:21.657665+00:00,149.6,42,ask,,,10944589
2026-07-07T14:01:24.062470,2026-07-07T14:01:24.074699+00:00,149.7,50,ask,,,10944639
2026-07-07T14:01:25.759270,2026-07-07T14:01:25.771167+00:00,149.8,41,bid,,,10944666
2026-07-07T14:01:26.118914,2026-07-07T14:01:26.127433+00:00,149.8,50,bid,,,10944678
2026-07-07T14:01:28.224117,2026-07-07T14:01:28.236103+00:00,149.9,50,bid,,,10944716
2026-07-07T14:01:28.861388,2026-07-07T14:01:28.868981+00:00,149.9,46,bid,,,10944721
2026-07-07T14:01:29.744058,2026-07-07T14:01:29.755490+00:00,149.4,45,ask,,,10944738
2026-07-07T14:01:30.284292,2026-07-07T14:01:30.292833+00:00,149.7,11,ask,,,10944744
2026-07-07T14:01:31.128089,2026-07-07T14:01:31.134943+00:00,149.7,41,ask,,,10944753
2026-07-07T14:01:32.190126,2026-07-07T14:01:32.199947+00:00,149.7,11,ask,,,10944769
2026-07-07T14:01:32.436802,2026-07-07T14:01:32.446956+00:00,149.9,50,bid,,,10944772
2026-07-07T14:01:32.689142,2026-07-07T14:01:32.698783+00:00,149.9,41,bid,,,10944782
2026-07-07T14:01:34.433913,2026-07-07T14:01:34.442902+00:00,149.9,46,bid,,,10944815
2026-07-07T14:01:35.960853,2026-07-07T14:01:35.969584+00:00,149.6,44,ask,,,10944842
2026-07-07T14:01:36.699176,2026-07-07T14:01:36.709323+00:00,149.7,50,ask,,,10944851
2026-07-07T14:01:37.489791,2026-07-07T14:01:37.497118+00:00,149.7,42,ask,,,10944864
2026-07-07T14:01:43.012150,2026-07-07T14:01:43.023230+00:00,149.7,50,ask,,,10944961
2026-07-07T14:01:45.121070,2026-07-07T14:01:45.127761+00:00,149.5,50,ask,,,10944998
2026-07-07T14:01:45.312631,2026-07-07T14:01:45.320294+00:00,149.9,48,bid,,,10945001
2026-07-07T14:01:46.320865,2026-07-07T14:01:46.333234+00:00,150.0,47,bid,,,10945018
2026-07-07T14:01:47.228287,2026-07-07T14:01:47.240052+00:00,149.7,50,ask,,,10945033
2026-07-07T14:01:49.335803,2026-07-07T14:01:49.347525+00:00,149.6,50,ask,,,10945060
2026-07-07T14:01:49.433572,2026-07-07T14:01:49.443016+00:00,149.6,42,ask,,,10945063
2026-07-07T14:01:51.445597,2026-07-07T14:01:51.457283+00:00,149.7,50,ask,,,10945099
2026-07-07T14:01:52.079348,2026-07-07T14:01:52.090783+00:00,149.7,44,ask,,,10945108
2026-07-07T14:01:52.471331,2026-07-07T14:01:52.479519+00:00,149.7,6,ask,,,10945119
2026-07-07T14:01:52.485795,2026-07-07T14:01:52.495622+00:00,149.7,34,bid,,,10945121
2026-07-07T14:01:52.686965,2026-07-07T14:01:52.697227+00:00,149.7,41,bid,,,10945128
2026-07-07T14:01:52.780215,2026-07-07T14:01:52.790266+00:00,149.7,6,bid,,,10945129
2026-07-07T14:01:53.552817,2026-07-07T14:01:53.555726+00:00,149.5,50,ask,,,10945138
2026-07-07T14:01:54.828274,2026-07-07T14:01:54.840140+00:00,149.7,44,bid,,,10945156
2026-07-07T14:01:55.583768,2026-07-07T14:01:55.595340+00:00,150.0,100,bid,,,10945168
2026-07-07T14:01:55.662454,2026-07-07T14:01:55.674022+00:00,150.2,50,ask,,,10945169
2026-07-07T14:01:57.772032,2026-07-07T14:01:57.780605+00:00,149.8,50,ask,,,10945204
2026-07-07T14:01:59.317025,2026-07-07T14:01:59.328980+00:00,149.8,42,ask,,,10945224
2026-07-07T14:01:59.884139,2026-07-07T14:01:59.903693+00:00,149.5,50,ask,,,10945240
2026-07-07T14:02:01.990527,2026-07-07T14:02:02.002115+00:00,149.5,50,ask,,,10945289
2026-07-07T14:02:06.207049,2026-07-07T14:02:06.213811+00:00,149.3,50,ask,,,10945339
2026-07-07T14:02:06.769592,2026-07-07T14:02:06.781655+00:00,149.6,46,bid,,,10945343
2026-07-07T14:02:08.291970,2026-07-07T14:02:08.298866+00:00,149.6,50,bid,,,10945363
2026-07-07T14:02:09.421080,2026-07-07T14:02:09.430666+00:00,149.7,46,bid,,,10945379
2026-07-07T14:02:10.452151,2026-07-07T14:02:10.459663+00:00,149.4,50,ask,,,10945395
2026-07-07T14:02:12.537386,2026-07-07T14:02:12.548187+00:00,149.8,50,bid,,,10945429
2026-07-07T14:02:14.437492,2026-07-07T14:02:14.449304+00:00,149.3,40,ask,,,10945461
2026-07-07T14:02:14.643362,2026-07-07T14:02:14.654910+00:00,149.8,50,bid,,,10945466
2026-07-07T14:02:15.524244,2026-07-07T14:02:15.537027+00:00,150.0,100,bid,,,10945482
2026-07-07T14:02:16.751613,2026-07-07T14:02:16.758593+00:00,150.0,50,bid,,,10945499
2026-07-07T14:02:17.732027,2026-07-07T14:02:17.743732+00:00,150.4,100,bid,,,10945514
2026-07-07T14:02:18.747712,2026-07-07T14:02:18.770776+00:00,150.5,50,ask,,,10945533
2026-07-07T14:02:18.860058,2026-07-07T14:02:18.871932+00:00,150.5,50,bid,,,10945541
2026-07-07T14:02:20.687210,2026-07-07T14:02:20.695866+00:00,150.0,45,ask,,,10945571
2026-07-07T14:02:20.969377,2026-07-07T14:02:20.979672+00:00,150.3,50,bid,,,10945577
2026-07-07T14:02:21.732836,2026-07-07T14:02:21.741267+00:00,150.3,42,bid,,,10945586
2026-07-07T14:02:23.129276,2026-07-07T14:02:23.140800+00:00,150.2,50,ask,,,10945607
2026-07-07T14:02:23.224622,2026-07-07T14:02:23.236438+00:00,150.2,41,ask,,,10945608
2026-07-07T14:02:27.382097,2026-07-07T14:02:27.394167+00:00,150.1,50,ask,,,10945661
2026-07-07T14:02:27.805386,2026-07-07T14:02:27.815122+00:00,150.2,49,bid,,,10945664
2026-07-07T14:02:28.282661,2026-07-07T14:02:28.290527+00:00,150.1,41,ask,,,10945668
2026-07-07T14:02:29.439605,2026-07-07T14:02:29.447519+00:00,150.2,50,bid,,,10945679
2026-07-07T14:02:31.557185,2026-07-07T14:02:31.564995+00:00,150.1,50,bid,,,10945708
2026-07-07T14:02:31.967381,2026-07-07T14:02:31.976884+00:00,150.1,42,bid,,,10945716
2026-07-07T14:02:32.021809,2026-07-07T14:02:32.031428+00:00,149.9,44,ask,,,10945719
2026-07-07T14:02:32.534850,2026-07-07T14:02:32.546559+00:00,149.9,46,ask,,,10945725
2026-07-07T14:02:33.663515,2026-07-07T14:02:33.672757+00:00,150.4,50,bid,,,10945743
2026-07-07T14:02:34.640696,2026-07-07T14:02:34.658588+00:00,150.6,48,bid,,,10945759
2026-07-07T14:02:35.229929,2026-07-07T14:02:35.241857+00:00,150.3,49,ask,,,10945762
2026-07-07T14:02:37.882204,2026-07-07T14:02:37.893629+00:00,150.7,50,bid,,,10945810
2026-07-07T14:02:40.041331,2026-07-07T14:02:40.050217+00:00,150.4,50,ask,,,10945849
2026-07-07T14:02:41.383178,2026-07-07T14:02:41.395073+00:00,150.8,40,bid,,,10945869
2026-07-07T14:02:42.148021,2026-07-07T14:02:42.163870+00:00,150.4,50,ask,,,10945885
2026-07-07T14:02:44.205531,2026-07-07T14:02:44.215344+00:00,150.8,50,bid,,,10945925
2026-07-07T14:02:46.315002,2026-07-07T14:02:46.324599+00:00,150.5,50,bid,,,10945963
2026-07-07T14:02:48.422601,2026-07-07T14:02:48.434353+00:00,150.5,50,bid,,,10945991
2026-07-07T14:02:49.379273,2026-07-07T14:02:49.388140+00:00,150.4,17,ask,,,10946007
2026-07-07T14:02:50.118500,2026-07-07T14:02:50.125677+00:00,150.6,46,bid,,,10946023
2026-07-07T14:02:50.532395,2026-07-07T14:02:50.544230+00:00,150.5,50,bid,,,10946030
2026-07-07T14:02:52.642308,2026-07-07T14:02:52.650834+00:00,150.5,50,bid,,,10946069
2026-07-07T14:02:52.819504,2026-07-07T14:02:52.829212+00:00,150.4,46,ask,,,10946073
2026-07-07T14:02:53.739878,2026-07-07T14:02:53.748461+00:00,150.4,12,ask,,,10946102
2026-07-07T14:02:54.245898,2026-07-07T14:02:54.257591+00:00,150.4,44,ask,,,10946113
2026-07-07T14:02:54.800272,2026-07-07T14:02:54.811939+00:00,150.4,48,ask,,,10946119
2026-07-07T14:02:54.800272,2026-07-07T14:02:54.811939+00:00,150.3,2,ask,,,10946120
2026-07-07T14:02:55.774892,2026-07-07T14:02:55.786302+00:00,150.3,98,ask,,,10946146
2026-07-07T14:02:56.910819,2026-07-07T14:02:56.919243+00:00,149.9,50,ask,,,10946167
2026-07-07T14:02:57.267524,2026-07-07T14:02:57.276625+00:00,150.2,47,bid,,,10946175
2026-07-07T14:02:58.287475,2026-07-07T14:02:58.296977+00:00,150.2,5,bid,,,10946195
2026-07-07T14:02:58.794263,2026-07-07T14:02:58.805913+00:00,149.9,46,ask,,,10946207
2026-07-07T14:02:58.965914,2026-07-07T14:02:58.977677+00:00,150.4,50,bid,,,10946210
2026-07-07T14:02:59.606935,2026-07-07T14:02:59.617512+00:00,150.3,5,ask,,,10946219
2026-07-07T14:02:59.962359,2026-07-07T14:02:59.971960+00:00,150.3,100,ask,,,10946226
2026-07-07T14:03:00.592439,2026-07-07T14:03:00.602181+00:00,150.3,11,ask,,,10946237
2026-07-07T14:03:01.126445,2026-07-07T14:03:01.138064+00:00,150.3,34,ask,,,10946258
2026-07-07T14:03:01.126445,2026-07-07T14:03:01.138064+00:00,149.7,16,ask,,,10946259
2026-07-07T14:03:02.110919,2026-07-07T14:03:02.120208+00:00,150.0,23,bid,,,10946264
2026-07-07T14:03:02.246299,2026-07-07T14:03:02.258698+00:00,150.0,11,bid,,,10946269
2026-07-07T14:03:02.517686,2026-07-07T14:03:02.529410+00:00,150.0,49,bid,,,10946280
2026-07-07T14:03:03.072794,2026-07-07T14:03:03.083094+00:00,150.0,67,bid,,,10946286
2026-07-07T14:03:05.242267,2026-07-07T14:03:05.250814+00:00,150.2,11,ask,,,10946309
2026-07-07T14:03:05.349865,2026-07-07T14:03:05.356862+00:00,150.2,50,ask,,,10946311
2026-07-07T14:03:07.456625,2026-07-07T14:03:07.456752+00:00,150.2,50,ask,,,10946349
2026-07-07T14:03:07.525436,2026-07-07T14:03:07.537029+00:00,150.2,39,ask,,,10946350
2026-07-07T14:03:07.525436,2026-07-07T14:03:07.537029+00:00,149.8,5,ask,,,10946351
2026-07-07T14:03:09.564791,2026-07-07T14:03:09.576233+00:00,149.8,50,ask,,,10946374
2026-07-07T14:03:11.620151,2026-07-07T14:03:11.631884+00:00,150.1,50,bid,,,10946398
2026-07-07T14:03:12.305054,2026-07-07T14:03:12.314242+00:00,150.1,40,bid,,,10946405
2026-07-07T14:03:13.778366,2026-07-07T14:03:13.790176+00:00,149.6,50,ask,,,10946427
2026-07-07T14:03:14.119604,2026-07-07T14:03:14.125980+00:00,150.0,41,bid,,,10946440
2026-07-07T14:03:15.888030,2026-07-07T14:03:15.895056+00:00,149.6,50,ask,,,10946476
2026-07-07T14:03:16.318555,2026-07-07T14:03:16.327488+00:00,149.6,48,ask,,,10946481
2026-07-07T14:03:17.972817,2026-07-07T14:03:17.982727+00:00,149.7,17,bid,,,10946516
2026-07-07T14:03:18.014976,2026-07-07T14:03:18.026523+00:00,149.6,50,ask,,,10946518
2026-07-07T14:03:20.071316,2026-07-07T14:03:20.082759+00:00,149.7,50,bid,,,10946552
2026-07-07T14:03:21.296963,2026-07-07T14:03:21.308447+00:00,149.8,45,bid,,,10946569
2026-07-07T14:03:22.777575,2026-07-07T14:03:22.790049+00:00,149.3,46,ask,,,10946590
2026-07-07T14:03:24.333698,2026-07-07T14:03:24.345363+00:00,149.3,50,ask,,,10946611
2026-07-07T14:03:26.441374,2026-07-07T14:03:26.452898+00:00,149.3,50,ask,,,10946637
2026-07-07T14:03:26.801906,2026-07-07T14:03:26.813547+00:00,149.7,47,bid,,,10946641
2026-07-07T14:03:28.370635,2026-07-07T14:03:28.382159+00:00,149.3,43,bid,,,10946666
2026-07-07T14:03:28.551353,2026-07-07T14:03:28.558543+00:00,149.2,50,ask,,,10946670
2026-07-07T14:03:28.875155,2026-07-07T14:03:28.887001+00:00,149.2,40,ask,,,10946674
2026-07-07T14:03:30.606989,2026-07-07T14:03:30.615086+00:00,149.7,50,bid,,,10946704
2026-07-07T14:03:32.774152,2026-07-07T14:03:32.785962+00:00,149.0,50,ask,,,10946739
2026-07-07T14:03:34.634576,2026-07-07T14:03:34.646224+00:00,149.0,49,ask,,,10946766
2026-07-07T14:03:36.944164,2026-07-07T14:03:36.955725+00:00,149.1,50,bid,,,10946797
2026-07-07T14:03:39.053633,2026-07-07T14:03:39.065466+00:00,149.2,50,bid,,,10946825
2026-07-07T14:03:39.198301,2026-07-07T14:03:39.210087+00:00,149.2,41,bid,,,10946831
2026-07-07T14:03:41.194137,2026-07-07T14:03:41.205653+00:00,149.3,50,bid,,,10946862
2026-07-07T14:03:43.354374,2026-07-07T14:03:43.365904+00:00,148.9,50,ask,,,10946892
2026-07-07T14:03:43.666367,2026-07-07T14:03:43.678247+00:00,149.3,43,bid,,,10946900
2026-07-07T14:03:44.217617,2026-07-07T14:03:44.227821+00:00,148.9,47,ask,,,10946914
2026-07-07T14:03:45.411066,2026-07-07T14:03:45.422636+00:00,149.4,50,bid,,,10946935
2026-07-07T14:03:47.518812,2026-07-07T14:03:47.530628+00:00,149.6,50,bid,,,10946977
2026-07-07T14:03:49.625768,2026-07-07T14:03:49.635870+00:00,149.7,50,bid,,,10947017
2026-07-07T14:03:52.463908,2026-07-07T14:03:52.479334+00:00,149.2,49,ask,,,10947066
2026-07-07T14:03:53.374851,2026-07-07T14:03:53.386763+00:00,149.6,44,bid,,,10947081
2026-07-07T14:03:53.837160,2026-07-07T14:03:53.846901+00:00,149.6,50,bid,,,10947094
2026-07-07T14:03:53.951656,2026-07-07T14:03:53.959718+00:00,149.6,44,bid,,,10947097
2026-07-07T14:03:54.006177,2026-07-07T14:03:54.017822+00:00,149.4,44,ask,,,10947099
2026-07-07T14:03:55.455059,2026-07-07T14:03:55.466554+00:00,149.6,12,bid,,,10947124
2026-07-07T14:03:55.897261,2026-07-07T14:03:55.909531+00:00,149.8,17,ask,,,10947129
2026-07-07T14:03:55.944188,2026-07-07T14:03:55.959563+00:00,149.9,50,bid,,,10947131
2026-07-07T14:03:57.060444,2026-07-07T14:03:57.071837+00:00,149.8,47,ask,,,10947158
2026-07-07T14:03:57.656449,2026-07-07T14:03:57.668325+00:00,149.8,43,ask,,,10947167
2026-07-07T14:03:58.056710,2026-07-07T14:03:58.064531+00:00,150.0,50,bid,,,10947174
2026-07-07T14:04:00.168024,2026-07-07T14:04:00.175605+00:00,150.1,50,bid,,,10947206
2026-07-07T14:04:01.319253,2026-07-07T14:04:01.325881+00:00,150.1,41,bid,,,10947229
2026-07-07T14:04:01.821984,2026-07-07T14:04:01.832991+00:00,149.9,43,ask,,,10947235
2026-07-07T14:04:02.275603,2026-07-07T14:04:02.287071+00:00,150.3,12,bid,,,10947242
2026-07-07T14:04:02.275603,2026-07-07T14:04:02.287071+00:00,150.4,38,bid,,,10947243
2026-07-07T14:04:04.435612,2026-07-07T14:04:04.447324+00:00,150.2,12,ask,,,10947276
2026-07-07T14:04:04.435612,2026-07-07T14:04:04.447324+00:00,150.1,38,ask,,,10947277
2026-07-07T14:04:06.544614,2026-07-07T14:04:06.556043+00:00,150.2,50,ask,,,10947319
2026-07-07T14:04:06.791680,2026-07-07T14:04:06.800638+00:00,150.4,49,bid,,,10947327
2026-07-07T14:04:07.825078,2026-07-07T14:04:07.836039+00:00,150.2,46,ask,,,10947351
2026-07-07T14:04:08.654489,2026-07-07T14:04:08.666137+00:00,149.9,50,ask,,,10947364
2026-07-07T14:04:10.563202,2026-07-07T14:04:10.574741+00:00,150.3,46,bid,,,10947403
2026-07-07T14:04:10.763604,2026-07-07T14:04:10.775626+00:00,150.0,50,ask,,,10947408
2026-07-07T14:04:12.872950,2026-07-07T14:04:12.884475+00:00,150.2,50,ask,,,10947428
2026-07-07T14:04:13.261180,2026-07-07T14:04:13.272935+00:00,150.5,40,bid,,,10947436
2026-07-07T14:04:13.315689,2026-07-07T14:04:13.327343+00:00,150.2,42,ask,,,10947439
2026-07-07T14:04:13.796961,2026-07-07T14:04:13.807084+00:00,150.5,41,bid,,,10947446
2026-07-07T14:04:14.420807,2026-07-07T14:04:14.432761+00:00,150.2,48,ask,,,10947458
2026-07-07T14:04:14.965134,2026-07-07T14:04:14.974070+00:00,150.2,17,bid,,,10947469
2026-07-07T14:04:15.930496,2026-07-07T14:04:15.942141+00:00,150.2,100,bid,,,10947479
2026-07-07T14:04:19.168858,2026-07-07T14:04:19.180588+00:00,150.1,44,ask,,,10947517
2026-07-07T14:04:19.189995,2026-07-07T14:04:19.201345+00:00,150.1,50,ask,,,10947518
2026-07-07T14:04:20.693334,2026-07-07T14:04:20.705115+00:00,150.4,45,bid,,,10947539
2026-07-07T14:04:21.207332,2026-07-07T14:04:21.215502+00:00,150.4,45,bid,,,10947551
2026-07-07T14:04:21.297174,2026-07-07T14:04:21.308967+00:00,149.9,50,ask,,,10947553
2026-07-07T14:04:22.852102,2026-07-07T14:04:22.863807+00:00,150.2,44,ask,,,10947575
2026-07-07T14:04:25.446913,2026-07-07T14:04:25.458540+00:00,150.3,100,bid,,,10947616
2026-07-07T14:04:25.458969,2026-07-07T14:04:25.470716+00:00,150.3,50,bid,,,10947617
2026-07-07T14:04:26.197986,2026-07-07T14:04:26.209725+00:00,150.8,12,bid,,,10947628
2026-07-07T14:04:26.197986,2026-07-07T14:04:26.209725+00:00,150.9,34,bid,,,10947629
2026-07-07T14:04:27.582740,2026-07-07T14:04:27.596385+00:00,150.9,50,bid,,,10947678
2026-07-07T14:04:28.698476,2026-07-07T14:04:28.709902+00:00,150.6,42,ask,,,10947710
2026-07-07T14:04:29.059640,2026-07-07T14:04:29.071538+00:00,150.6,6,ask,,,10947718
2026-07-07T14:04:29.696666,2026-07-07T14:04:29.713871+00:00,150.7,50,bid,,,10947729
2026-07-07T14:04:30.371243,2026-07-07T14:04:30.381282+00:00,150.6,11,ask,,,10947741
2026-07-07T14:04:30.627149,2026-07-07T14:04:30.640693+00:00,150.7,40,bid,,,10947749
2026-07-07T14:04:30.684989,2026-07-07T14:04:30.693525+00:00,150.6,47,ask,,,10947751
2026-07-07T14:04:31.757783,2026-07-07T14:04:31.769493+00:00,150.5,42,bid,,,10947776
2026-07-07T14:04:31.830818,2026-07-07T14:04:31.840276+00:00,150.5,50,bid,,,10947777
2026-07-07T14:04:33.988732,2026-07-07T14:04:34.000302+00:00,150.4,12,ask,,,10947808
2026-07-07T14:04:33.988732,2026-07-07T14:04:34.000302+00:00,150.4,38,ask,,,10947809
2026-07-07T14:04:34.067239,2026-07-07T14:04:34.079128+00:00,150.4,45,ask,,,10947811
2026-07-07T14:04:35.498630,2026-07-07T14:04:35.509019+00:00,150.4,42,ask,,,10947842
2026-07-07T14:04:37.136608,2026-07-07T14:04:37.146282+00:00,150.3,11,bid,,,10947866
2026-07-07T14:04:38.106347,2026-07-07T14:04:38.117881+00:00,150.3,100,bid,,,10947887
2026-07-07T14:04:38.231214,2026-07-07T14:04:38.238923+00:00,149.8,50,ask,,,10947890
2026-07-07T14:04:38.261187,2026-07-07T14:04:38.270148+00:00,150.3,6,bid,,,10947892
2026-07-07T14:04:40.339782,2026-07-07T14:04:40.351694+00:00,150.2,50,ask,,,10947916
2026-07-07T14:04:41.268889,2026-07-07T14:04:41.280868+00:00,150.7,41,bid,,,10947932
2026-07-07T14:04:41.902056,2026-07-07T14:04:41.910118+00:00,150.5,41,bid,,,10947944
2026-07-07T14:04:42.450216,2026-07-07T14:04:42.459112+00:00,150.2,50,ask,,,10947955
2026-07-07T14:04:43.456604,2026-07-07T14:04:43.464672+00:00,150.4,46,bid,,,10947972
2026-07-07T14:04:44.585099,2026-07-07T14:04:44.658635+00:00,150.2,50,ask,,,10947984
2026-07-07T14:04:45.663895,2026-07-07T14:04:45.670907+00:00,150.2,44,ask,,,10948002
2026-07-07T14:04:46.179439,2026-07-07T14:04:46.190956+00:00,150.2,6,ask,,,10948018
2026-07-07T14:04:46.643492,2026-07-07T14:04:46.652704+00:00,150.3,50,bid,,,10948027
2026-07-07T14:04:48.173084,2026-07-07T14:04:48.182058+00:00,150.0,6,bid,,,10948055
2026-07-07T14:04:48.781265,2026-07-07T14:04:48.790098+00:00,150.0,50,bid,,,10948068
2026-07-07T14:04:48.781816,2026-07-07T14:04:48.800659+00:00,150.0,42,bid,,,10948069
2026-07-07T14:04:49.723845,2026-07-07T14:04:49.734514+00:00,150.0,2,bid,,,10948084
2026-07-07T14:04:50.894278,2026-07-07T14:04:50.905881+00:00,150.6,12,bid,,,10948103
2026-07-07T14:04:50.894278,2026-07-07T14:04:50.905881+00:00,150.6,38,bid,,,10948104
2026-07-07T14:04:50.924407,2026-07-07T14:04:50.934335+00:00,150.1,45,ask,,,10948105
2026-07-07T14:04:51.387851,2026-07-07T14:04:51.399533+00:00,150.1,41,ask,,,10948112
2026-07-07T14:04:51.872460,2026-07-07T14:04:51.881559+00:00,150.6,49,bid,,,10948126
2026-07-07T14:04:53.004699,2026-07-07T14:04:53.016598+00:00,150.6,50,bid,,,10948152
2026-07-07T14:04:53.221734,2026-07-07T14:04:53.233574+00:00,150.3,12,ask,,,10948155
2026-07-07T14:04:53.221734,2026-07-07T14:04:53.233574+00:00,150.2,28,ask,,,10948156
2026-07-07T14:04:53.830335,2026-07-07T14:04:53.842115+00:00,150.2,40,ask,,,10948164
2026-07-07T14:04:54.074240,2026-07-07T14:04:54.082697+00:00,150.3,17,ask,,,10948170
2026-07-07T14:04:55.111458,2026-07-07T14:04:55.121807+00:00,150.7,50,bid,,,10948190
2026-07-07T14:04:56.352849,2026-07-07T14:04:56.364624+00:00,150.7,12,bid,,,10948204
2026-07-07T14:04:56.352849,2026-07-07T14:04:56.364624+00:00,150.8,37,bid,,,10948205
2026-07-07T14:04:57.249856,2026-07-07T14:04:57.260199+00:00,150.8,50,bid,,,10948220
2026-07-07T14:04:59.357226,2026-07-07T14:04:59.368700+00:00,150.9,12,bid,,,10948257
2026-07-07T14:04:59.357226,2026-07-07T14:04:59.368700+00:00,151.0,38,bid,,,10948258
2026-07-07T14:05:01.492232,2026-07-07T14:05:01.500197+00:00,151.0,12,bid,,,10948289
2026-07-07T14:05:01.492232,2026-07-07T14:05:01.505694+00:00,151.1,38,bid,,,10948290
2026-07-07T14:05:01.959949,2026-07-07T14:05:01.972297+00:00,150.9,12,ask,,,10948302
2026-07-07T14:05:02.695164,2026-07-07T14:05:02.703308+00:00,150.9,41,ask,,,10948311
2026-07-07T14:05:03.225142,2026-07-07T14:05:03.237094+00:00,151.3,12,bid,,,10948316
2026-07-07T14:05:03.225142,2026-07-07T14:05:03.237094+00:00,151.3,37,bid,,,10948317
2026-07-07T14:05:03.603888,2026-07-07T14:05:03.610754+00:00,151.0,50,bid,,,10948326
2026-07-07T14:05:05.539772,2026-07-07T14:05:05.547841+00:00,150.9,12,bid,,,10948344
2026-07-07T14:05:05.539772,2026-07-07T14:05:05.547841+00:00,151.0,50,bid,,,10948345
2026-07-07T14:05:05.900738,2026-07-07T14:05:05.909655+00:00,151.0,22,ask,,,10948352
2026-07-07T14:05:07.013581,2026-07-07T14:05:07.022251+00:00,151.0,12,ask,,,10948383
2026-07-07T14:05:07.817016,2026-07-07T14:05:07.826117+00:00,151.1,12,bid,,,10948394
2026-07-07T14:05:07.817016,2026-07-07T14:05:07.826117+00:00,151.2,38,bid,,,10948395
2026-07-07T14:05:09.977264,2026-07-07T14:05:09.989003+00:00,151.0,50,ask,,,10948438
2026-07-07T14:05:09.981937,2026-07-07T14:05:09.989003+00:00,151.1,12,bid,,,10948439
2026-07-07T14:05:11.015894,2026-07-07T14:05:11.027862+00:00,151.0,42,ask,,,10948462
2026-07-07T14:05:11.642720,2026-07-07T14:05:11.654479+00:00,151.0,8,ask,,,10948470
2026-07-07T14:05:11.642720,2026-07-07T14:05:11.654479+00:00,150.8,12,ask,,,10948471
2026-07-07T14:05:11.642720,2026-07-07T14:05:11.654479+00:00,150.7,25,ask,,,10948472
2026-07-07T14:05:11.938161,2026-07-07T14:05:11.951414+00:00,151.0,11,bid,,,10948479
2026-07-07T14:05:12.505878,2026-07-07T14:05:12.514866+00:00,151.0,11,bid,,,10948494
2026-07-07T14:05:13.262320,2026-07-07T14:05:13.269353+00:00,151.0,42,bid,,,10948513
2026-07-07T14:05:13.627589,2026-07-07T14:05:13.639095+00:00,150.9,12,ask,,,10948521
2026-07-07T14:05:14.203917,2026-07-07T14:05:14.213391+00:00,150.9,50,ask,,,10948535
2026-07-07T14:05:15.436525,2026-07-07T14:05:15.447089+00:00,150.9,12,ask,,,10948556
2026-07-07T14:05:16.172943,2026-07-07T14:05:16.179836+00:00,150.6,100,ask,,,10948568
2026-07-07T14:05:16.260004,2026-07-07T14:05:16.271933+00:00,151.0,12,bid,,,10948573
2026-07-07T14:05:16.260004,2026-07-07T14:05:16.271933+00:00,151.1,38,bid,,,10948574
2026-07-07T14:05:18.373867,2026-07-07T14:05:18.386056+00:00,150.7,50,bid,,,10948589
2026-07-07T14:05:19.227507,2026-07-07T14:05:19.239514+00:00,150.6,12,ask,,,10948597
2026-07-07T14:05:20.285583,2026-07-07T14:05:20.296561+00:00,150.7,46,bid,,,10948614
2026-07-07T14:05:20.510857,2026-07-07T14:05:20.521537+00:00,150.7,50,bid,,,10948620
2026-07-07T14:05:20.939561,2026-07-07T14:05:20.951429+00:00,150.6,40,ask,,,10948629
2026-07-07T14:05:21.375265,2026-07-07T14:05:21.385127+00:00,150.8,11,ask,,,10948633
2026-07-07T14:05:21.428303,2026-07-07T14:05:21.440032+00:00,150.8,48,ask,,,10948636
2026-07-07T14:05:21.702069,2026-07-07T14:05:21.711554+00:00,150.8,11,ask,,,10948639
2026-07-07T14:05:21.813966,2026-07-07T14:05:21.822114+00:00,150.8,12,ask,,,10948642
2026-07-07T14:05:22.500791,2026-07-07T14:05:22.512549+00:00,150.8,68,ask,,,10948651
2026-07-07T14:05:22.618734,2026-07-07T14:05:22.630272+00:00,150.7,32,bid,,,10948653
2026-07-07T14:05:22.618734,2026-07-07T14:05:22.630272+00:00,150.7,10,bid,,,10948654
2026-07-07T14:05:22.618734,2026-07-07T14:05:22.630272+00:00,151.3,8,bid,,,10948655
2026-07-07T14:05:24.730726,2026-07-07T14:05:24.740204+00:00,150.8,50,bid,,,10948679
2026-07-07T14:05:25.630571,2026-07-07T14:05:25.640373+00:00,150.8,11,bid,,,10948691
2026-07-07T14:05:26.836000,2026-07-07T14:05:26.847621+00:00,150.8,50,bid,,,10948703
2026-07-07T14:05:28.971228,2026-07-07T14:05:28.978660+00:00,151.1,50,bid,,,10948729
2026-07-07T14:05:29.146118,2026-07-07T14:05:29.163929+00:00,151.1,48,bid,,,10948731
2026-07-07T14:05:31.131606,2026-07-07T14:05:31.143357+00:00,150.7,12,ask,,,10948768
2026-07-07T14:05:31.131606,2026-07-07T14:05:31.143357+00:00,150.6,38,ask,,,10948769
2026-07-07T14:05:31.228488,2026-07-07T14:05:31.239973+00:00,151.1,2,bid,,,10948772
2026-07-07T14:05:31.228488,2026-07-07T14:05:31.239973+00:00,151.1,42,bid,,,10948773
2026-07-07T14:05:31.960309,2026-07-07T14:05:31.969476+00:00,151.0,12,bid,,,10948787
2026-07-07T14:05:33.241967,2026-07-07T14:05:33.253884+00:00,151.0,50,ask,,,10948807
2026-07-07T14:05:33.500456,2026-07-07T14:05:33.509479+00:00,151.0,11,ask,,,10948808
2026-07-07T14:05:34.819302,2026-07-07T14:05:34.829183+00:00,151.0,12,ask,,,10948832
2026-07-07T14:05:35.382361,2026-07-07T14:05:35.392513+00:00,150.9,50,ask,,,10948847
2026-07-07T14:05:35.606927,2026-07-07T14:05:35.618714+00:00,150.9,40,ask,,,10948849
2026-07-07T14:05:36.629669,2026-07-07T14:05:36.641190+00:00,151.1,47,bid,,,10948869
2026-07-07T14:05:37.488668,2026-07-07T14:05:37.500932+00:00,150.7,12,ask,,,10948883
2026-07-07T14:05:37.488668,2026-07-07T14:05:37.500932+00:00,150.7,38,ask,,,10948884
2026-07-07T14:05:39.625401,2026-07-07T14:05:39.632484+00:00,150.8,50,ask,,,10948928
2026-07-07T14:05:39.691050,2026-07-07T14:05:39.701757+00:00,150.8,40,ask,,,10948929
2026-07-07T14:05:40.435454,2026-07-07T14:05:40.447160+00:00,150.8,10,ask,,,10948945
2026-07-07T14:05:40.492169,2026-07-07T14:05:40.504782+00:00,150.8,12,bid,,,10948946
2026-07-07T14:05:41.165404,2026-07-07T14:05:41.172285+00:00,150.5,12,ask,,,10948963
2026-07-07T14:05:41.732771,2026-07-07T14:05:41.744408+00:00,150.5,50,ask,,,10948977
2026-07-07T14:05:43.840964,2026-07-07T14:05:43.848126+00:00,150.5,50,ask,,,10949002
2026-07-07T14:05:44.688909,2026-07-07T14:05:44.698035+00:00,150.7,11,bid,,,10949015
2026-07-07T14:05:45.949043,2026-07-07T14:05:45.958638+00:00,150.5,12,ask,,,10949055
2026-07-07T14:05:45.949043,2026-07-07T14:05:45.958638+00:00,150.4,38,ask,,,10949056
2026-07-07T14:05:46.559505,2026-07-07T14:05:46.570099+00:00,150.7,11,bid,,,10949066
2026-07-07T14:05:48.056924,2026-07-07T14:05:48.069429+00:00,150.4,50,ask,,,10949084
2026-07-07T14:05:48.465719,2026-07-07T14:05:48.477306+00:00,150.9,12,bid,,,10949100
2026-07-07T14:05:48.465719,2026-07-07T14:05:48.477306+00:00,150.9,29,bid,,,10949101
2026-07-07T14:05:50.166135,2026-07-07T14:05:50.176442+00:00,150.4,50,ask,,,10949123
2026-07-07T14:05:50.974462,2026-07-07T14:05:50.986134+00:00,150.3,46,ask,,,10949143
2026-07-07T14:05:53.839925,2026-07-07T14:05:53.848975+00:00,150.6,42,bid,,,10949182
2026-07-07T14:05:54.375184,2026-07-07T14:05:54.387150+00:00,150.3,12,ask,,,10949192
2026-07-07T14:05:54.375184,2026-07-07T14:05:54.387150+00:00,150.1,38,ask,,,10949193
2026-07-07T14:05:55.890093,2026-07-07T14:05:55.900822+00:00,150.3,12,ask,,,10949223
2026-07-07T14:05:55.890093,2026-07-07T14:05:55.900822+00:00,150.1,34,ask,,,10949224
2026-07-07T14:05:56.259433,2026-07-07T14:05:56.271086+00:00,150.2,12,ask,,,10949232
2026-07-07T14:05:56.272402,2026-07-07T14:05:56.281900+00:00,150.2,29,bid,,,10949234
2026-07-07T14:05:56.433725,2026-07-07T14:05:56.440410+00:00,150.2,50,bid,,,10949238
2026-07-07T14:05:57.273695,2026-07-07T14:05:57.281138+00:00,150.2,59,bid,,,10949251
2026-07-07T14:05:58.413270,2026-07-07T14:05:58.421679+00:00,150.7,48,bid,,,10949268
2026-07-07T14:05:58.540310,2026-07-07T14:05:58.551950+00:00,150.7,50,bid,,,10949270
2026-07-07T14:05:59.387252,2026-07-07T14:05:59.399165+00:00,150.5,41,ask,,,10949282
2026-07-07T14:05:59.881002,2026-07-07T14:05:59.889640+00:00,150.6,12,ask,,,10949291
2026-07-07T14:06:00.648283,2026-07-07T14:06:00.654794+00:00,150.8,50,bid,,,10949303
2026-07-07T14:06:01.031717,2026-07-07T14:06:01.043330+00:00,150.8,49,bid,,,10949314
2026-07-07T14:06:02.272902,2026-07-07T14:06:02.283384+00:00,150.8,1,bid,,,10949332
2026-07-07T14:06:02.272902,2026-07-07T14:06:02.283384+00:00,150.8,12,bid,,,10949333
2026-07-07T14:06:02.329139,2026-07-07T14:06:02.340782+00:00,150.5,41,ask,,,10949334
2026-07-07T14:06:02.586961,2026-07-07T14:06:02.598990+00:00,150.5,12,ask,,,10949340
2026-07-07T14:06:02.754940,2026-07-07T14:06:02.758557+00:00,150.5,50,bid,,,10949344
2026-07-07T14:06:03.597882,2026-07-07T14:06:03.605578+00:00,150.5,88,bid,,,10949351
2026-07-07T14:06:03.612074,2026-07-07T14:06:03.622851+00:00,150.6,5,ask,,,10949352
2026-07-07T14:06:03.685613,2026-07-07T14:06:03.699175+00:00,150.6,7,ask,,,10949355
2026-07-07T14:06:03.864882,2026-07-07T14:06:03.874106+00:00,150.7,12,bid,,,10949360
2026-07-07T14:06:06.309141,2026-07-07T14:06:06.317421+00:00,150.7,5,ask,,,10949403
2026-07-07T14:06:06.965217,2026-07-07T14:06:06.976218+00:00,150.8,50,bid,,,10949416
2026-07-07T14:06:07.570972,2026-07-07T14:06:07.582568+00:00,150.8,48,bid,,,10949424
2026-07-07T14:06:07.627407,2026-07-07T14:06:07.638890+00:00,150.7,42,ask,,,10949425
2026-07-07T14:06:09.072870,2026-07-07T14:06:09.081472+00:00,150.8,2,bid,,,10949452
2026-07-07T14:06:09.072870,2026-07-07T14:06:09.081472+00:00,150.9,12,bid,,,10949453
2026-07-07T14:06:09.072870,2026-07-07T14:06:09.086720+00:00,150.9,36,bid,,,10949454
2026-07-07T14:06:09.792295,2026-07-07T14:06:09.804159+00:00,150.9,46,bid,,,10949465
2026-07-07T14:06:10.861720,2026-07-07T14:06:10.871177+00:00,150.7,43,ask,,,10949474
2026-07-07T14:06:11.183496,2026-07-07T14:06:11.193507+00:00,150.9,50,bid,,,10949477
2026-07-07T14:06:11.559551,2026-07-07T14:06:11.568456+00:00,150.7,11,ask,,,10949486
2026-07-07T14:06:12.048485,2026-07-07T14:06:12.069661+00:00,150.8,12,bid,,,10949502
2026-07-07T14:06:12.059494,2026-07-07T14:06:12.069661+00:00,150.9,23,ask,,,10949503
2026-07-07T14:06:12.134475,2026-07-07T14:06:12.146272+00:00,150.9,3,ask,,,10949505
2026-07-07T14:06:12.404265,2026-07-07T14:06:12.415912+00:00,150.9,3,ask,,,10949511
2026-07-07T14:06:12.682481,2026-07-07T14:06:12.694472+00:00,150.9,3,ask,,,10949518
2026-07-07T14:06:12.965808,2026-07-07T14:06:12.975634+00:00,150.9,12,ask,,,10949526
2026-07-07T14:06:13.114984,2026-07-07T14:06:13.126804+00:00,150.9,44,ask,,,10949530
2026-07-07T14:06:14.227616,2026-07-07T14:06:14.239419+00:00,150.9,3,ask,,,10949545
2026-07-07T14:06:14.488474,2026-07-07T14:06:14.500016+00:00,150.9,3,ask,,,10949552
2026-07-07T14:06:14.501911,2026-07-07T14:06:14.510702+00:00,150.9,12,ask,,,10949553
2026-07-07T14:06:15.241902,2026-07-07T14:06:15.258593+00:00,151.0,42,bid,,,10949563
2026-07-07T14:06:15.394985,2026-07-07T14:06:15.406284+00:00,150.8,50,bid,,,10949566
2026-07-07T14:06:17.502342,2026-07-07T14:06:17.513987+00:00,150.8,50,bid,,,10949597
2026-07-07T14:06:18.004003,2026-07-07T14:06:18.015748+00:00,150.4,12,ask,,,10949604
2026-07-07T14:06:18.004003,2026-07-07T14:06:18.015748+00:00,150.3,34,ask,,,10949605
2026-07-07T14:06:18.636618,2026-07-07T14:06:18.648173+00:00,150.8,40,bid,,,10949616
2026-07-07T14:06:19.614878,2026-07-07T14:06:19.629015+00:00,150.9,9,bid,,,10949640
2026-07-07T14:06:19.614878,2026-07-07T14:06:19.634036+00:00,151.0,41,bid,,,10949641
2026-07-07T14:06:20.812608,2026-07-07T14:06:20.823563+00:00,150.5,49,ask,,,10949662
2026-07-07T14:06:21.726687,2026-07-07T14:06:21.734103+00:00,151.0,50,bid,,,10949679
2026-07-07T14:06:22.935106,2026-07-07T14:06:22.946802+00:00,150.7,42,ask,,,10949703
2026-07-07T14:06:23.507717,2026-07-07T14:06:23.519293+00:00,151.0,41,bid,,,10949713
2026-07-07T14:06:23.835106,2026-07-07T14:06:23.846454+00:00,151.0,50,bid,,,10949719
2026-07-07T14:06:24.541582,2026-07-07T14:06:24.558582+00:00,150.7,45,ask,,,10949733
2026-07-07T14:06:24.757915,2026-07-07T14:06:24.769688+00:00,150.5,100,ask,,,10949735
2026-07-07T14:06:24.757915,2026-07-07T14:06:24.769688+00:00,150.4,12,ask,,,10949736
2026-07-07T14:06:24.770958,2026-07-07T14:06:24.780559+00:00,150.3,38,bid,,,10949737
2026-07-07T14:06:25.765634,2026-07-07T14:06:25.774577+00:00,150.6,15,ask,,,10949753
2026-07-07T14:06:25.941830,2026-07-07T14:06:25.953468+00:00,150.8,12,bid,,,10949761
2026-07-07T14:06:25.941830,2026-07-07T14:06:25.953468+00:00,151.1,38,bid,,,10949762
2026-07-07T14:06:27.876443,2026-07-07T14:06:27.885740+00:00,150.7,11,ask,,,10949797
2026-07-07T14:06:28.182508,2026-07-07T14:06:28.193558+00:00,151.1,41,bid,,,10949806
2026-07-07T14:06:28.598063,2026-07-07T14:06:28.607464+00:00,150.7,12,ask,,,10949813
2026-07-07T14:06:29.911439,2026-07-07T14:06:29.921467+00:00,150.7,11,ask,,,10949838
2026-07-07T14:06:30.234108,2026-07-07T14:06:30.242987+00:00,150.7,50,ask,,,10949850
2026-07-07T14:06:31.103431,2026-07-07T14:06:31.115515+00:00,150.7,100,ask,,,10949861
2026-07-07T14:06:32.363600,2026-07-07T14:06:32.375408+00:00,150.3,50,ask,,,10949878
2026-07-07T14:06:32.730748,2026-07-07T14:06:32.742274+00:00,150.3,43,ask,,,10949884
2026-07-07T14:06:33.773770,2026-07-07T14:06:33.788983+00:00,150.7,40,bid,,,10949904
2026-07-07T14:06:34.471404,2026-07-07T14:06:34.483303+00:00,150.6,50,ask,,,10949915
2026-07-07T14:06:34.815469,2026-07-07T14:06:34.827055+00:00,150.6,49,ask,,,10949921
2026-07-07T14:06:35.318022,2026-07-07T14:06:35.332550+00:00,150.6,51,ask,,,10949935
2026-07-07T14:06:35.813928,2026-07-07T14:06:35.825513+00:00,150.5,47,bid,,,10949941
2026-07-07T14:06:36.589932,2026-07-07T14:06:36.601561+00:00,150.2,12,ask,,,10949950
2026-07-07T14:06:36.589932,2026-07-07T14:06:36.601561+00:00,150.0,38,ask,,,10949951
2026-07-07T14:06:40.174819,2026-07-07T14:06:40.191044+00:00,150.5,12,bid,,,10949999
2026-07-07T14:06:40.174819,2026-07-07T14:06:40.191044+00:00,150.6,35,bid,,,10950000
2026-07-07T14:06:40.780298,2026-07-07T14:06:40.790380+00:00,150.6,50,bid,,,10950011
2026-07-07T14:06:42.936334,2026-07-07T14:06:42.946649+00:00,150.4,50,ask,,,10950038
2026-07-07T14:06:43.755550,2026-07-07T14:06:43.764380+00:00,150.4,100,ask,,,10950045
2026-07-07T14:06:43.755814,2026-07-07T14:06:43.769811+00:00,150.2,12,ask,,,10950046
2026-07-07T14:06:43.755814,2026-07-07T14:06:43.769811+00:00,149.9,37,ask,,,10950047
2026-07-07T14:06:44.345064,2026-07-07T14:06:44.354026+00:00,150.4,11,bid,,,10950061
2026-07-07T14:06:44.386482,2026-07-07T14:06:44.397077+00:00,150.4,39,bid,,,10950065
2026-07-07T14:06:44.386482,2026-07-07T14:06:44.397077+00:00,150.4,10,bid,,,10950066
2026-07-07T14:06:45.905625,2026-07-07T14:06:45.914284+00:00,150.4,2,bid,,,10950087
2026-07-07T14:06:46.443941,2026-07-07T14:06:46.458586+00:00,150.1,12,ask,,,10950101
2026-07-07T14:06:46.443941,2026-07-07T14:06:46.458586+00:00,150.0,34,ask,,,10950102
2026-07-07T14:06:46.883350,2026-07-07T14:06:46.890167+00:00,150.5,100,bid,,,10950113
2026-07-07T14:06:46.946444,2026-07-07T14:06:46.959076+00:00,150.6,2,ask,,,10950114
2026-07-07T14:06:46.961396,2026-07-07T14:06:46.974284+00:00,151.1,40,bid,,,10950117
2026-07-07T14:06:46.976426,2026-07-07T14:06:46.990924+00:00,150.6,34,ask,,,10950118
2026-07-07T14:06:47.176955,2026-07-07T14:06:47.188603+00:00,150.6,14,ask,,,10950125
2026-07-07T14:06:47.176955,2026-07-07T14:06:47.188603+00:00,150.0,36,ask,,,10950126
2026-07-07T14:06:47.982374,2026-07-07T14:06:47.993139+00:00,150.3,11,bid,,,10950140
2026-07-07T14:06:48.276678,2026-07-07T14:06:48.286315+00:00,150.3,12,bid,,,10950148
2026-07-07T14:06:49.318052,2026-07-07T14:06:49.329709+00:00,150.0,12,ask,,,10950160
2026-07-07T14:06:50.053665,2026-07-07T14:06:50.063971+00:00,149.9,40,ask,,,10950171
2026-07-07T14:06:51.970697,2026-07-07T14:06:51.979012+00:00,150.3,11,bid,,,10950210
2026-07-07T14:06:52.787089,2026-07-07T14:06:52.799106+00:00,150.3,1,bid,,,10950214
2026-07-07T14:06:52.787089,2026-07-07T14:06:52.799106+00:00,150.4,41,bid,,,10950215
2026-07-07T14:06:53.483521,2026-07-07T14:06:53.490448+00:00,150.4,50,bid,,,10950234
2026-07-07T14:06:53.937478,2026-07-07T14:06:53.949162+00:00,150.3,12,bid,,,10950238
2026-07-07T14:06:53.993550,2026-07-07T14:06:54.005533+00:00,149.9,48,ask,,,10950239
2026-07-07T14:06:55.598515,2026-07-07T14:06:55.610504+00:00,150.3,50,bid,,,10950257
2026-07-07T14:06:57.737896,2026-07-07T14:06:57.745304+00:00,150.3,50,bid,,,10950292
2026-07-07T14:06:58.058113,2026-07-07T14:06:58.069494+00:00,150.1,45,ask,,,10950297
2026-07-07T14:06:58.609579,2026-07-07T14:06:58.621411+00:00,150.3,47,bid,,,10950298
2026-07-07T14:06:59.122358,2026-07-07T14:06:59.134214+00:00,150.1,44,ask,,,10950305
2026-07-07T14:06:59.729609,2026-07-07T14:06:59.741760+00:00,150.6,40,bid,,,10950309
2026-07-07T14:06:59.894986,2026-07-07T14:06:59.906833+00:00,150.2,50,ask,,,10950316
2026-07-07T14:07:00.829874,2026-07-07T14:07:00.841758+00:00,150.2,49,ask,,,10950328
2026-07-07T14:07:01.952432,2026-07-07T14:07:01.964232+00:00,150.4,50,bid,,,10950347
2026-07-07T14:07:04.112479,2026-07-07T14:07:04.124620+00:00,150.1,50,ask,,,10950383
2026-07-07T14:07:06.171232,2026-07-07T14:07:06.182771+00:00,150.4,50,bid,,,10950410
2026-07-07T14:07:06.257567,2026-07-07T14:07:06.269916+00:00,150.4,48,bid,,,10950411
2026-07-07T14:07:08.329360,2026-07-07T14:07:08.337983+00:00,150.1,12,ask,,,10950443
2026-07-07T14:07:08.329360,2026-07-07T14:07:08.343189+00:00,150.0,38,ask,,,10950444
2026-07-07T14:07:09.396598,2026-07-07T14:07:09.408065+00:00,150.5,41,bid,,,10950457
2026-07-07T14:07:10.454672,2026-07-07T14:07:10.458546+00:00,150.3,50,ask,,,10950476
2026-07-07T14:07:10.487747,2026-07-07T14:07:10.499382+00:00,150.3,46,ask,,,10950477
2026-07-07T14:07:11.537114,2026-07-07T14:07:11.558614+00:00,150.3,49,ask,,,10950489
2026-07-07T14:07:12.033561,2026-07-07T14:07:12.045307+00:00,150.4,12,bid,,,10950498
2026-07-07T14:07:12.033561,2026-07-07T14:07:12.045307+00:00,150.5,35,bid,,,10950499
2026-07-07T14:07:12.560820,2026-07-07T14:07:12.572322+00:00,150.1,12,ask,,,10950508
2026-07-07T14:07:12.560820,2026-07-07T14:07:12.572322+00:00,150.0,38,ask,,,10950509
2026-07-07T14:07:13.952066,2026-07-07T14:07:13.963908+00:00,150.3,41,bid,,,10950527
2026-07-07T14:07:15.437876,2026-07-07T14:07:15.445611+00:00,150.1,47,ask,,,10950547
2026-07-07T14:07:16.087504,2026-07-07T14:07:16.099015+00:00,150.3,12,bid,,,10950560
2026-07-07T14:07:16.087504,2026-07-07T14:07:16.099015+00:00,150.3,31,bid,,,10950561
2026-07-07T14:07:16.804318,2026-07-07T14:07:16.814568+00:00,150.0,12,ask,,,10950575
2026-07-07T14:07:16.804318,2026-07-07T14:07:16.814568+00:00,149.8,38,ask,,,10950576
2026-07-07T14:07:18.860513,2026-07-07T14:07:18.871843+00:00,150.2,50,bid,,,10950605
2026-07-07T14:07:20.682961,2026-07-07T14:07:20.694976+00:00,149.9,12,ask,,,10950633
2026-07-07T14:07:20.682961,2026-07-07T14:07:20.694976+00:00,149.8,34,ask,,,10950634
2026-07-07T14:07:20.975773,2026-07-07T14:07:20.985049+00:00,150.2,50,bid,,,10950643
2026-07-07T14:07:21.798956,2026-07-07T14:07:21.811126+00:00,150.3,12,bid,,,10950655
2026-07-07T14:07:21.798956,2026-07-07T14:07:21.811126+00:00,150.3,28,bid,,,10950656
2026-07-07T14:07:23.082305,2026-07-07T14:07:23.093799+00:00,150.3,12,bid,,,10950681
2026-07-07T14:07:23.082305,2026-07-07T14:07:23.093799+00:00,150.4,38,bid,,,10950682
2026-07-07T14:07:24.991588,2026-07-07T14:07:25.001909+00:00,150.4,44,bid,,,10950709
2026-07-07T14:07:25.243243,2026-07-07T14:07:25.251253+00:00,150.3,50,ask,,,10950719
2026-07-07T14:07:25.537123,2026-07-07T14:07:25.549033+00:00,150.3,49,ask,,,10950722
2026-07-07T14:07:26.173586,2026-07-07T14:07:26.181851+00:00,150.3,41,ask,,,10950736
2026-07-07T14:07:26.826558,2026-07-07T14:07:26.835226+00:00,150.6,48,bid,,,10950744
2026-07-07T14:07:28.000505,2026-07-07T14:07:28.012002+00:00,150.6,49,bid,,,10950760
2026-07-07T14:07:28.104681,2026-07-07T14:07:28.114773+00:00,150.3,12,bid,,,10950762
2026-07-07T14:07:28.976123,2026-07-07T14:07:28.984988+00:00,150.3,11,bid,,,10950775
2026-07-07T14:07:29.062815,2026-07-07T14:07:29.069473+00:00,150.3,100,bid,,,10950777
2026-07-07T14:07:30.038857,2026-07-07T14:07:30.050673+00:00,150.3,27,bid,,,10950797
2026-07-07T14:07:31.216969,2026-07-07T14:07:31.225876+00:00,150.4,11,ask,,,10950809
2026-07-07T14:07:33.036868,2026-07-07T14:07:33.044451+00:00,150.4,48,ask,,,10950845
2026-07-07T14:07:33.621227,2026-07-07T14:07:33.632979+00:00,150.6,50,bid,,,10950856
2026-07-07T14:07:34.624758,2026-07-07T14:07:34.632253+00:00,150.3,46,ask,,,10950878
2026-07-07T14:07:35.729130,2026-07-07T14:07:35.737200+00:00,150.8,50,bid,,,10950895
2026-07-07T14:07:35.735208,2026-07-07T14:07:35.742498+00:00,150.8,48,bid,,,10950896
2026-07-07T14:07:36.295802,2026-07-07T14:07:36.303408+00:00,150.4,49,ask,,,10950905
2026-07-07T14:07:37.836776,2026-07-07T14:07:37.848461+00:00,150.9,50,bid,,,10950937
2026-07-07T14:07:37.910212,2026-07-07T14:07:37.921751+00:00,150.9,49,bid,,,10950940
2026-07-07T14:07:39.944504,2026-07-07T14:07:39.955958+00:00,150.9,50,bid,,,10950978
2026-07-07T14:07:40.449191,2026-07-07T14:07:40.458546+00:00,150.6,46,ask,,,10950986
2026-07-07T14:07:40.712163,2026-07-07T14:07:40.725676+00:00,150.7,12,ask,,,10950992
2026-07-07T14:07:42.051091,2026-07-07T14:07:42.058553+00:00,151.0,50,bid,,,10951012
2026-07-07T14:07:42.093834,2026-07-07T14:07:42.104269+00:00,150.7,42,ask,,,10951013
2026-07-07T14:07:46.314257,2026-07-07T14:07:46.324706+00:00,150.9,50,ask,,,10951068
2026-07-07T14:07:47.252087,2026-07-07T14:07:47.260003+00:00,151.2,43,bid,,,10951086
2026-07-07T14:07:47.817803,2026-07-07T14:07:47.829482+00:00,151.2,43,bid,,,10951096
2026-07-07T14:07:48.312589,2026-07-07T14:07:48.322228+00:00,150.9,20,ask,,,10951098
2026-07-07T14:07:48.312589,2026-07-07T14:07:48.322228+00:00,150.8,26,ask,,,10951099
2026-07-07T14:07:48.421851,2026-07-07T14:07:48.433660+00:00,150.8,50,ask,,,10951102
2026-07-07T14:07:50.207767,2026-07-07T14:07:50.217755+00:00,151.0,11,ask,,,10951137
2026-07-07T14:07:50.530931,2026-07-07T14:07:50.542593+00:00,151.0,50,ask,,,10951142
2026-07-07T14:07:50.918208,2026-07-07T14:07:50.929859+00:00,151.3,44,bid,,,10951147
2026-07-07T14:07:51.259404,2026-07-07T14:07:51.269356+00:00,151.0,89,ask,,,10951156
2026-07-07T14:07:52.638767,2026-07-07T14:07:52.650477+00:00,150.5,50,ask,,,10951176
2026-07-07T14:07:53.886675,2026-07-07T14:07:53.896090+00:00,150.5,40,ask,,,10951185
2026-07-07T14:07:54.747828,2026-07-07T14:07:54.759677+00:00,150.5,50,ask,,,10951198
2026-07-07T14:07:55.997701,2026-07-07T14:07:56.009682+00:00,150.5,43,ask,,,10951213
2026-07-07T14:07:56.577797,2026-07-07T14:07:56.589363+00:00,150.7,20,ask,,,10951225
2026-07-07T14:07:57.584685,2026-07-07T14:07:57.608097+00:00,150.6,20,ask,,,10951245
2026-07-07T14:07:57.597628,2026-07-07T14:07:57.608097+00:00,150.5,11,bid,,,10951246
2026-07-07T14:07:58.655655,2026-07-07T14:07:58.667236+00:00,150.5,49,bid,,,10951261
2026-07-07T14:07:58.914721,2026-07-07T14:07:58.926380+00:00,150.5,20,bid,,,10951263
2026-07-07T14:07:58.914721,2026-07-07T14:07:58.926380+00:00,150.7,30,bid,,,10951264
2026-07-07T14:08:00.121735,2026-07-07T14:08:00.135350+00:00,150.7,11,ask,,,10951277
2026-07-07T14:08:00.263333,2026-07-07T14:08:00.274259+00:00,150.9,44,bid,,,10951282
2026-07-07T14:08:00.858720,2026-07-07T14:08:00.870471+00:00,150.6,20,ask,,,10951290
2026-07-07T14:08:00.858720,2026-07-07T14:08:00.870471+00:00,150.4,26,ask,,,10951291
2026-07-07T14:08:01.376275,2026-07-07T14:08:01.388224+00:00,150.4,48,ask,,,10951302
2026-07-07T14:08:03.131902,2026-07-07T14:08:03.143847+00:00,150.6,50,bid,,,10951317
2026-07-07T14:08:05.239851,2026-07-07T14:08:05.251774+00:00,150.6,50,bid,,,10951348
2026-07-07T14:08:05.716570,2026-07-07T14:08:05.727958+00:00,150.6,46,bid,,,10951358
2026-07-07T14:08:06.027690,2026-07-07T14:08:06.036914+00:00,150.6,12,ask,,,10951364
2026-07-07T14:08:07.107904,2026-07-07T14:08:07.116069+00:00,150.6,100,ask,,,10951374
2026-07-07T14:08:07.402816,2026-07-07T14:08:07.419703+00:00,150.6,38,ask,,,10951378
2026-07-07T14:08:07.402816,2026-07-07T14:08:07.419703+00:00,150.1,12,ask,,,10951379
2026-07-07T14:08:09.473034,2026-07-07T14:08:09.482531+00:00,150.7,50,bid,,,10951412
2026-07-07T14:08:11.631417,2026-07-07T14:08:11.641810+00:00,150.5,50,ask,,,10951440
2026-07-07T14:08:12.072289,2026-07-07T14:08:12.080279+00:00,150.5,43,ask,,,10951449
2026-07-07T14:08:12.267066,2026-07-07T14:08:12.284755+00:00,150.6,12,bid,,,10951452
2026-07-07T14:08:13.686188,2026-07-07T14:08:13.697997+00:00,150.9,50,bid,,,10951475
2026-07-07T14:08:14.732773,2026-07-07T14:08:14.741708+00:00,150.9,42,bid,,,10951492
2026-07-07T14:08:15.332199,2026-07-07T14:08:15.344056+00:00,150.9,8,bid,,,10951497
2026-07-07T14:08:15.792790,2026-07-07T14:08:15.804404+00:00,150.8,50,bid,,,10951503
2026-07-07T14:08:15.857294,2026-07-07T14:08:15.868744+00:00,150.8,44,bid,,,10951505
2026-07-07T14:08:17.517839,2026-07-07T14:08:17.529747+00:00,150.4,40,ask,,,10951533
2026-07-07T14:08:17.997527,2026-07-07T14:08:18.009424+00:00,150.4,43,ask,,,10951542
2026-07-07T14:08:18.676565,2026-07-07T14:08:18.685161+00:00,150.5,12,ask,,,10951551
2026-07-07T14:08:19.771469,2026-07-07T14:08:19.783176+00:00,150.5,100,ask,,,10951568
2026-07-07T14:08:20.010564,2026-07-07T14:08:20.021477+00:00,151.0,50,bid,,,10951574
2026-07-07T14:08:20.023894,2026-07-07T14:08:20.035282+00:00,150.5,38,ask,,,10951575
2026-07-07T14:08:22.117664,2026-07-07T14:08:22.126989+00:00,150.7,50,bid,,,10951605
2026-07-07T14:08:22.881413,2026-07-07T14:08:22.892816+00:00,150.7,100,bid,,,10951617
2026-07-07T14:08:24.232788,2026-07-07T14:08:24.249804+00:00,151.2,50,bid,,,10951632
2026-07-07T14:08:25.025275,2026-07-07T14:08:25.034561+00:00,151.0,14,ask,,,10951647
2026-07-07T14:08:25.502857,2026-07-07T14:08:25.512582+00:00,151.0,42,ask,,,10951654
2026-07-07T14:08:26.020704,2026-07-07T14:08:26.032485+00:00,151.5,40,bid,,,10951666
2026-07-07T14:08:26.096711,2026-07-07T14:08:26.108575+00:00,151.0,94,ask,,,10951667
2026-07-07T14:08:26.392674,2026-07-07T14:08:26.404252+00:00,150.4,50,ask,,,10951672
2026-07-07T14:08:26.671963,2026-07-07T14:08:26.683802+00:00,150.9,6,bid,,,10951678
2026-07-07T14:08:26.671963,2026-07-07T14:08:26.683802+00:00,151.5,37,bid,,,10951679
2026-07-07T14:08:28.447315,2026-07-07T14:08:28.459023+00:00,151.1,50,bid,,,10951703
2026-07-07T14:08:29.435349,2026-07-07T14:08:29.447198+00:00,150.6,44,ask,,,10951724
2026-07-07T14:08:30.451271,2026-07-07T14:08:30.458590+00:00,151.0,48,bid,,,10951737
2026-07-07T14:08:30.556424,2026-07-07T14:08:30.568140+00:00,151.0,50,bid,,,10951739
2026-07-07T14:08:32.492187,2026-07-07T14:08:32.502159+00:00,150.9,49,ask,,,10951792
2026-07-07T14:08:32.663201,2026-07-07T14:08:32.674626+00:00,151.2,50,bid,,,10951794
2026-07-07T14:08:33.841877,2026-07-07T14:08:33.850519+00:00,151.2,49,bid,,,10951813
2026-07-07T14:08:34.770666,2026-07-07T14:08:34.778860+00:00,151.4,50,bid,,,10951824
2026-07-07T14:08:35.427232,2026-07-07T14:08:35.437966+00:00,151.2,45,ask,,,10951832
2026-07-07T14:08:35.977561,2026-07-07T14:08:35.989310+00:00,151.4,42,bid,,,10951847
2026-07-07T14:08:36.467296,2026-07-07T14:08:36.474012+00:00,151.2,48,ask,,,10951856
2026-07-07T14:08:36.928017,2026-07-07T14:08:36.936817+00:00,151.2,50,ask,,,10951868
2026-07-07T14:08:39.036300,2026-07-07T14:08:39.045913+00:00,151.0,50,ask,,,10951896
2026-07-07T14:08:41.142230,2026-07-07T14:08:41.158618+00:00,151.0,50,ask,,,10951924
2026-07-07T14:08:45.339911,2026-07-07T14:08:45.351749+00:00,151.0,41,bid,,,10951988
2026-07-07T14:08:45.352355,2026-07-07T14:08:45.358586+00:00,150.7,50,ask,,,10951989
2026-07-07T14:08:45.932732,2026-07-07T14:08:45.944148+00:00,151.0,45,bid,,,10951992
2026-07-07T14:08:49.511833,2026-07-07T14:08:49.523376+00:00,151.0,50,bid,,,10952030
2026-07-07T14:08:53.784444,2026-07-07T14:08:53.795854+00:00,150.9,50,ask,,,10952104
2026-07-07T14:08:55.907014,2026-07-07T14:08:55.915972+00:00,150.9,50,ask,,,10952143
2026-07-07T14:08:56.116214,2026-07-07T14:08:56.123601+00:00,150.9,44,ask,,,10952147
2026-07-07T14:08:56.895792,2026-07-07T14:08:56.909161+00:00,150.6,3,bid,,,10952156
2026-07-07T14:08:57.692194,2026-07-07T14:08:57.701844+00:00,150.6,100,bid,,,10952163
2026-07-07T14:08:59.513726,2026-07-07T14:08:59.523460+00:00,150.6,11,bid,,,10952197
2026-07-07T14:08:59.610755,2026-07-07T14:08:59.622640+00:00,150.6,36,bid,,,10952201
2026-07-07T14:08:59.610755,2026-07-07T14:08:59.622640+00:00,151.1,6,bid,,,10952202
2026-07-07T14:08:59.828075,2026-07-07T14:08:59.837353+00:00,150.8,11,ask,,,10952207
2026-07-07T14:09:00.101035,2026-07-07T14:09:00.115394+00:00,150.8,46,ask,,,10952216
2026-07-07T14:09:00.154782,2026-07-07T14:09:00.158580+00:00,150.8,50,ask,,,10952217
2026-07-07T14:09:00.826978,2026-07-07T14:09:00.836920+00:00,150.8,3,ask,,,10952235
2026-07-07T14:09:01.099855,2026-07-07T14:09:01.109086+00:00,150.9,44,bid,,,10952242
2026-07-07T14:09:02.263681,2026-07-07T14:09:02.271817+00:00,150.8,40,ask,,,10952257
2026-07-07T14:09:02.263681,2026-07-07T14:09:02.277111+00:00,150.4,10,ask,,,10952258
2026-07-07T14:09:03.144695,2026-07-07T14:09:03.161367+00:00,150.7,3,bid,,,10952279
2026-07-07T14:09:04.401915,2026-07-07T14:09:04.413826+00:00,150.5,50,ask,,,10952309
2026-07-07T14:09:06.458738,2026-07-07T14:09:06.470418+00:00,150.8,50,bid,,,10952339
2026-07-07T14:09:08.598704,2026-07-07T14:09:08.608339+00:00,150.7,50,bid,,,10952373
2026-07-07T14:09:10.760587,2026-07-07T14:09:10.772229+00:00,150.6,50,ask,,,10952412
2026-07-07T14:09:11.427692,2026-07-07T14:09:11.439269+00:00,150.6,44,ask,,,10952421
2026-07-07T14:09:12.391416,2026-07-07T14:09:12.400284+00:00,150.6,6,ask,,,10952431
2026-07-07T14:09:12.391416,2026-07-07T14:09:12.405322+00:00,150.5,37,ask,,,10952432
2026-07-07T14:09:12.820971,2026-07-07T14:09:12.832152+00:00,150.7,50,bid,,,10952435
2026-07-07T14:09:13.497272,2026-07-07T14:09:13.504419+00:00,150.7,45,bid,,,10952445
2026-07-07T14:09:14.983871,2026-07-07T14:09:14.995478+00:00,150.2,50,ask,,,10952470
2026-07-07T14:09:18.298211,2026-07-07T14:09:18.308875+00:00,150.4,47,bid,,,10952529
2026-07-07T14:09:19.163635,2026-07-07T14:09:19.175452+00:00,150.4,50,bid,,,10952543
2026-07-07T14:09:21.301129,2026-07-07T14:09:21.312041+00:00,150.6,50,bid,,,10952567
2026-07-07T14:09:23.407489,2026-07-07T14:09:23.419478+00:00,150.8,50,bid,,,10952600
2026-07-07T14:09:25.520127,2026-07-07T14:09:25.531124+00:00,150.8,50,bid,,,10952636
2026-07-07T14:09:27.081153,2026-07-07T14:09:27.092298+00:00,150.6,3,ask,,,10952662
2026-07-07T14:09:27.634402,2026-07-07T14:09:27.641707+00:00,151.0,50,bid,,,10952673
2026-07-07T14:09:28.361843,2026-07-07T14:09:28.370490+00:00,150.6,41,ask,,,10952677
2026-07-07T14:09:29.776550,2026-07-07T14:09:29.789612+00:00,150.8,50,bid,,,10952709
2026-07-07T14:09:30.463542,2026-07-07T14:09:30.475697+00:00,150.5,49,ask,,,10952721
2026-07-07T14:09:31.075262,2026-07-07T14:09:31.086887+00:00,150.8,44,bid,,,10952728
2026-07-07T14:09:31.687208,2026-07-07T14:09:31.698607+00:00,150.3,40,ask,,,10952742
2026-07-07T14:09:31.886156,2026-07-07T14:09:31.898320+00:00,150.8,6,bid,,,10952754
2026-07-07T14:09:31.886156,2026-07-07T14:09:31.898320+00:00,150.8,44,bid,,,10952755
2026-07-07T14:09:32.293028,2026-07-07T14:09:32.304574+00:00,150.8,42,bid,,,10952760
2026-07-07T14:09:33.300288,2026-07-07T14:09:33.312140+00:00,150.8,48,bid,,,10952772
2026-07-07T14:09:33.998340,2026-07-07T14:09:34.009226+00:00,150.8,16,bid,,,10952780
2026-07-07T14:09:33.998340,2026-07-07T14:09:34.009226+00:00,150.9,34,bid,,,10952781
2026-07-07T14:09:34.639893,2026-07-07T14:09:34.648922+00:00,150.8,3,ask,,,10952791
2026-07-07T14:09:34.683125,2026-07-07T14:09:34.691846+00:00,150.8,35,ask,,,10952794
2026-07-07T14:09:34.773344,2026-07-07T14:09:34.784778+00:00,150.8,35,ask,,,10952796
2026-07-07T14:09:34.863783,2026-07-07T14:09:34.874634+00:00,150.8,35,ask,,,10952798
2026-07-07T14:09:34.953289,2026-07-07T14:09:34.961982+00:00,150.8,42,ask,,,10952800
2026-07-07T14:09:36.106138,2026-07-07T14:09:36.117624+00:00,150.8,50,bid,,,10952824
2026-07-07T14:09:36.648615,2026-07-07T14:09:36.660002+00:00,150.3,44,ask,,,10952843
2026-07-07T14:09:38.212012,2026-07-07T14:09:38.223435+00:00,150.5,50,bid,,,10952856
2026-07-07T14:09:39.069824,2026-07-07T14:09:39.081228+00:00,150.5,3,bid,,,10952878
2026-07-07T14:09:40.317876,2026-07-07T14:09:40.325530+00:00,150.5,50,bid,,,10952906
2026-07-07T14:09:42.424534,2026-07-07T14:09:42.435575+00:00,151.0,50,bid,,,10952945
2026-07-07T14:09:42.843277,2026-07-07T14:09:42.851989+00:00,150.7,3,ask,,,10952957
2026-07-07T14:09:42.907231,2026-07-07T14:09:42.913852+00:00,150.7,30,ask,,,10952961
2026-07-07T14:09:44.561602,2026-07-07T14:09:44.569685+00:00,151.0,50,bid,,,10952984
2026-07-07T14:09:45.380327,2026-07-07T14:09:45.392018+00:00,151.1,47,ask,,,10952994
2026-07-07T14:09:46.027253,2026-07-07T14:09:46.039066+00:00,151.1,47,ask,,,10953011
2026-07-07T14:09:46.314602,2026-07-07T14:09:46.324712+00:00,151.1,6,ask,,,10953016
2026-07-07T14:09:46.542463,2026-07-07T14:09:46.549817+00:00,151.2,47,bid,,,10953018
2026-07-07T14:09:46.668458,2026-07-07T14:09:46.680238+00:00,151.2,50,bid,,,10953021
2026-07-07T14:09:47.292333,2026-07-07T14:09:47.301774+00:00,151.3,5,ask,,,10953030
2026-07-07T14:09:48.249976,2026-07-07T14:09:48.260992+00:00,151.6,42,bid,,,10953048
2026-07-07T14:09:48.801880,2026-07-07T14:09:48.813411+00:00,151.3,41,ask,,,10953057
2026-07-07T14:09:48.856812,2026-07-07T14:09:48.868379+00:00,151.3,50,ask,,,10953059
2026-07-07T14:09:49.385737,2026-07-07T14:09:49.397788+00:00,151.5,40,bid,,,10953068
2026-07-07T14:09:49.419903,2026-07-07T14:09:49.431882+00:00,151.3,12,ask,,,10953070
2026-07-07T14:09:49.715153,2026-07-07T14:09:49.726497+00:00,151.3,4,ask,,,10953075
2026-07-07T14:09:49.948806,2026-07-07T14:09:49.957501+00:00,151.3,11,ask,,,10953084
2026-07-07T14:09:50.730031,2026-07-07T14:09:50.739022+00:00,151.1,23,bid,,,10953108
2026-07-07T14:09:50.990637,2026-07-07T14:09:51.000523+00:00,151.0,50,ask,,,10953116
2026-07-07T14:09:53.097612,2026-07-07T14:09:53.109043+00:00,150.9,50,ask,,,10953147
2026-07-07T14:09:55.153363,2026-07-07T14:09:55.164793+00:00,151.3,50,bid,,,10953178
2026-07-07T14:09:57.335887,2026-07-07T14:09:57.347668+00:00,150.8,50,ask,,,10953222
2026-07-07T14:09:57.397164,2026-07-07T14:09:57.407508+00:00,150.8,42,ask,,,10953226
2026-07-07T14:09:59.146802,2026-07-07T14:09:59.150744+00:00,150.8,25,ask,,,10953258
2026-07-07T14:09:59.392231,2026-07-07T14:09:59.404082+00:00,150.9,20,bid,,,10953266
2026-07-07T14:09:59.392231,2026-07-07T14:09:59.404082+00:00,151.1,30,bid,,,10953267
2026-07-07T14:10:01.524667,2026-07-07T14:10:01.534087+00:00,151.0,50,bid,,,10953308
2026-07-07T14:10:03.631180,2026-07-07T14:10:03.642016+00:00,150.9,20,bid,,,10953336
2026-07-07T14:10:05.810555,2026-07-07T14:10:05.822387+00:00,150.7,50,ask,,,10953371
2026-07-07T14:10:07.831580,2026-07-07T14:10:07.838875+00:00,150.7,43,bid,,,10953413
2026-07-07T14:10:07.927920,2026-07-07T14:10:07.935078+00:00,150.6,50,ask,,,10953417
2026-07-07T14:10:08.727706,2026-07-07T14:10:08.739614+00:00,150.6,40,ask,,,10953424
2026-07-07T14:10:10.035209,2026-07-07T14:10:10.047082+00:00,150.4,20,ask,,,10953446
2026-07-07T14:10:10.035209,2026-07-07T14:10:10.047082+00:00,150.2,30,ask,,,10953447
2026-07-07T14:10:10.396355,2026-07-07T14:10:10.405263+00:00,150.7,11,bid,,,10953452
2026-07-07T14:10:11.708007,2026-07-07T14:10:11.716723+00:00,150.7,3,bid,,,10953479
2026-07-07T14:10:12.162262,2026-07-07T14:10:12.174407+00:00,150.4,50,ask,,,10953485
2026-07-07T14:10:14.275583,2026-07-07T14:10:14.284519+00:00,150.4,50,ask,,,10953518
2026-07-07T14:10:15.858875,2026-07-07T14:10:15.870564+00:00,150.4,35,bid,,,10953543
2026-07-07T14:10:15.949860,2026-07-07T14:10:15.956261+00:00,150.4,35,bid,,,10953546
2026-07-07T14:10:16.040200,2026-07-07T14:10:16.051721+00:00,150.4,35,bid,,,10953549
2026-07-07T14:10:16.130551,2026-07-07T14:10:16.142151+00:00,150.4,35,bid,,,10953551
2026-07-07T14:10:16.221987,2026-07-07T14:10:16.231157+00:00,150.4,10,bid,,,10953554
2026-07-07T14:10:16.382751,2026-07-07T14:10:16.391944+00:00,150.3,50,ask,,,10953557
2026-07-07T14:10:18.488879,2026-07-07T14:10:18.500849+00:00,150.3,20,ask,,,10953586
2026-07-07T14:10:18.488879,2026-07-07T14:10:18.500849+00:00,150.0,30,ask,,,10953587
2026-07-07T14:10:18.936205,2026-07-07T14:10:18.958734+00:00,150.5,100,bid,,,10953592
2026-07-07T14:10:19.435915,2026-07-07T14:10:19.446887+00:00,150.6,14,ask,,,10953601
2026-07-07T14:10:19.458266,2026-07-07T14:10:19.469870+00:00,150.6,5,ask,,,10953603
2026-07-07T14:10:19.615747,2026-07-07T14:10:19.625830+00:00,150.6,31,ask,,,10953604
2026-07-07T14:10:20.600548,2026-07-07T14:10:20.612351+00:00,150.3,20,ask,,,10953620
2026-07-07T14:10:20.600548,2026-07-07T14:10:20.612351+00:00,150.2,30,ask,,,10953621
2026-07-07T14:10:22.709518,2026-07-07T14:10:22.721329+00:00,150.2,50,ask,,,10953649
2026-07-07T14:10:23.526559,2026-07-07T14:10:23.538549+00:00,150.3,27,bid,,,10953663
2026-07-07T14:10:24.819910,2026-07-07T14:10:24.831836+00:00,150.1,20,ask,,,10953680
2026-07-07T14:10:24.819910,2026-07-07T14:10:24.831836+00:00,149.9,30,ask,,,10953681
2026-07-07T14:10:26.115271,2026-07-07T14:10:26.124369+00:00,150.2,14,bid,,,10953704
2026-07-07T14:10:26.331491,2026-07-07T14:10:26.340664+00:00,150.2,100,bid,,,10953711
2026-07-07T14:10:26.931957,2026-07-07T14:10:26.940713+00:00,150.1,20,ask,,,10953725
2026-07-07T14:10:26.931957,2026-07-07T14:10:26.940713+00:00,149.7,12,ask,,,10953726
2026-07-07T14:10:26.931957,2026-07-07T14:10:26.946143+00:00,149.7,18,ask,,,10953727
2026-07-07T14:10:29.040593,2026-07-07T14:10:29.052242+00:00,150.1,50,ask,,,10953757
2026-07-07T14:10:29.548883,2026-07-07T14:10:29.560593+00:00,150.1,100,ask,,,10953764
2026-07-07T14:10:29.913764,2026-07-07T14:10:29.925324+00:00,150.5,12,bid,,,10953773
2026-07-07T14:10:29.913764,2026-07-07T14:10:29.925324+00:00,150.6,35,bid,,,10953774
2026-07-07T14:10:31.147481,2026-07-07T14:10:31.163596+00:00,149.9,20,ask,,,10953793
2026-07-07T14:10:31.147481,2026-07-07T14:10:31.163596+00:00,149.6,12,ask,,,10953794
2026-07-07T14:10:31.147481,2026-07-07T14:10:31.163596+00:00,149.6,18,ask,,,10953795
2026-07-07T14:10:32.330948,2026-07-07T14:10:32.338808+00:00,150.0,4,bid,,,10953825
2026-07-07T14:10:32.406108,2026-07-07T14:10:32.416278+00:00,150.0,8,bid,,,10953830
2026-07-07T14:10:33.258175,2026-07-07T14:10:33.269481+00:00,150.0,50,ask,,,10953852
2026-07-07T14:10:35.129801,2026-07-07T14:10:35.141863+00:00,150.3,41,bid,,,10953872
2026-07-07T14:10:35.364990,2026-07-07T14:10:35.376638+00:00,150.0,50,ask,,,10953878
2026-07-07T14:10:35.613472,2026-07-07T14:10:35.624914+00:00,149.8,49,ask,,,10953882
2026-07-07T14:10:36.650377,2026-07-07T14:10:36.663945+00:00,150.0,44,bid,,,10953896
2026-07-07T14:10:37.210389,2026-07-07T14:10:37.217774+00:00,149.8,48,ask,,,10953912
2026-07-07T14:10:37.473813,2026-07-07T14:10:37.481939+00:00,149.8,50,ask,,,10953921
2026-07-07T14:10:37.987315,2026-07-07T14:10:37.998799+00:00,149.6,12,ask,,,10953934
2026-07-07T14:10:38.000109,2026-07-07T14:10:38.008741+00:00,149.6,27,bid,,,10953935
2026-07-07T14:10:38.808069,2026-07-07T14:10:38.818028+00:00,149.6,11,bid,,,10953947
2026-07-07T14:10:39.014867,2026-07-07T14:10:39.025907+00:00,149.6,100,bid,,,10953951
2026-07-07T14:10:39.582681,2026-07-07T14:10:39.593598+00:00,149.3,12,ask,,,10953963
2026-07-07T14:10:39.582681,2026-07-07T14:10:39.593598+00:00,149.1,38,ask,,,10953964
2026-07-07T14:10:41.096206,2026-07-07T14:10:41.108079+00:00,149.9,12,bid,,,10953991
2026-07-07T14:10:41.693105,2026-07-07T14:10:41.704989+00:00,150.0,50,ask,,,10954000
2026-07-07T14:10:42.818066,2026-07-07T14:10:42.827151+00:00,150.2,12,bid,,,10954030
2026-07-07T14:10:42.818066,2026-07-07T14:10:42.827151+00:00,150.2,32,bid,,,10954031
2026-07-07T14:10:43.311275,2026-07-07T14:10:43.320229+00:00,150.0,11,ask,,,10954042
2026-07-07T14:10:43.426060,2026-07-07T14:10:43.437874+00:00,150.0,48,ask,,,10954044
2026-07-07T14:10:43.749619,2026-07-07T14:10:43.755838+00:00,150.2,50,bid,,,10954054
2026-07-07T14:10:44.318718,2026-07-07T14:10:44.325881+00:00,149.9,12,ask,,,10954065
2026-07-07T14:10:44.870233,2026-07-07T14:10:44.887488+00:00,149.9,11,bid,,,10954076
2026-07-07T14:10:45.288591,2026-07-07T14:10:45.297350+00:00,149.9,10,bid,,,10954082
2026-07-07T14:10:45.339209,2026-07-07T14:10:45.347537+00:00,149.9,100,bid,,,10954083
2026-07-07T14:10:45.627019,2026-07-07T14:10:45.635466+00:00,149.9,17,bid,,,10954091
2026-07-07T14:10:45.627019,2026-07-07T14:10:45.635466+00:00,150.2,12,bid,,,10954092
2026-07-07T14:10:45.627019,2026-07-07T14:10:45.640703+00:00,150.4,16,bid,,,10954093
2026-07-07T14:10:45.857702,2026-07-07T14:10:45.864501+00:00,150.4,50,bid,,,10954102
2026-07-07T14:10:46.735374,2026-07-07T14:10:46.742074+00:00,150.4,34,bid,,,10954112
2026-07-07T14:10:46.735374,2026-07-07T14:10:46.747270+00:00,150.8,14,bid,,,10954113
2026-07-07T14:10:48.446476,2026-07-07T14:10:48.455940+00:00,150.2,11,ask,,,10954132
2026-07-07T14:10:50.080484,2026-07-07T14:10:50.088606+00:00,150.4,50,bid,,,10954147
2026-07-07T14:10:50.587723,2026-07-07T14:10:50.598992+00:00,150.4,45,bid,,,10954152
2026-07-07T14:10:51.695174,2026-07-07T14:10:51.704043+00:00,150.4,12,ask,,,10954161
2026-07-07T14:10:51.799747,2026-07-07T14:10:51.810567+00:00,150.4,11,ask,,,10954168
2026-07-07T14:10:51.840279,2026-07-07T14:10:51.851871+00:00,150.4,47,ask,,,10954172
2026-07-07T14:10:52.187761,2026-07-07T14:10:52.199494+00:00,150.7,50,bid,,,10954178
2026-07-07T14:10:54.296443,2026-07-07T14:10:54.308382+00:00,150.8,50,bid,,,10954202
2026-07-07T14:10:56.459258,2026-07-07T14:10:56.476048+00:00,150.3,50,ask,,,10954243
2026-07-07T14:10:56.650798,2026-07-07T14:10:56.659137+00:00,150.3,12,ask,,,10954244
2026-07-07T14:10:57.732676,2026-07-07T14:10:57.744459+00:00,150.2,43,ask,,,10954259
2026-07-07T14:10:58.566510,2026-07-07T14:10:58.578320+00:00,150.1,50,ask,,,10954276
2026-07-07T14:11:00.261068,2026-07-07T14:11:00.269958+00:00,150.3,12,bid,,,10954319
2026-07-07T14:11:00.677285,2026-07-07T14:11:00.689075+00:00,150.0,50,ask,,,10954326
2026-07-07T14:11:00.808442,2026-07-07T14:11:00.815144+00:00,150.3,43,bid,,,10954330
2026-07-07T14:11:01.269197,2026-07-07T14:11:01.278270+00:00,150.5,40,bid,,,10954338
2026-07-07T14:11:02.735807,2026-07-07T14:11:02.745877+00:00,150.5,50,bid,,,10954367
2026-07-07T14:11:02.756140,2026-07-07T14:11:02.769048+00:00,150.2,40,ask,,,10954370
2026-07-07T14:11:04.921620,2026-07-07T14:11:04.933486+00:00,150.0,12,ask,,,10954398
2026-07-07T14:11:04.921620,2026-07-07T14:11:04.933486+00:00,150.0,38,ask,,,10954399
2026-07-07T14:11:07.030152,2026-07-07T14:11:07.036755+00:00,150.0,50,ask,,,10954429
2026-07-07T14:11:08.125362,2026-07-07T14:11:08.133785+00:00,150.1,11,bid,,,10954445
2026-07-07T14:11:08.263436,2026-07-07T14:11:08.272529+00:00,150.1,48,bid,,,10954448
2026-07-07T14:11:09.160805,2026-07-07T14:11:09.169591+00:00,150.0,50,ask,,,10954459
2026-07-07T14:11:10.788027,2026-07-07T14:11:10.799944+00:00,149.9,12,ask,,,10954478
2026-07-07T14:11:10.788027,2026-07-07T14:11:10.799944+00:00,149.9,33,ask,,,10954479
2026-07-07T14:11:11.271931,2026-07-07T14:11:11.283559+00:00,149.9,50,ask,,,10954492
2026-07-07T14:11:11.389804,2026-07-07T14:11:11.401808+00:00,150.2,12,bid,,,10954493
2026-07-07T14:11:11.389804,2026-07-07T14:11:11.401808+00:00,150.3,36,bid,,,10954494
2026-07-07T14:11:12.500258,2026-07-07T14:11:12.511672+00:00,149.9,17,ask,,,10954514
2026-07-07T14:11:12.500258,2026-07-07T14:11:12.511672+00:00,149.8,24,ask,,,10954515
2026-07-07T14:11:13.036986,2026-07-07T14:11:13.048896+00:00,149.8,12,ask,,,10954519
2026-07-07T14:11:13.036986,2026-07-07T14:11:13.048896+00:00,149.8,36,ask,,,10954520
2026-07-07T14:11:15.494292,2026-07-07T14:11:15.505916+00:00,149.8,50,ask,,,10954560
2026-07-07T14:11:15.968092,2026-07-07T14:11:15.979656+00:00,149.9,12,bid,,,10954572
2026-07-07T14:11:17.298872,2026-07-07T14:11:17.307844+00:00,149.9,11,bid,,,10954595
2026-07-07T14:11:17.376287,2026-07-07T14:11:17.387899+00:00,149.9,40,bid,,,10954597
2026-07-07T14:11:17.568465,2026-07-07T14:11:17.579193+00:00,149.9,50,bid,,,10954599
2026-07-07T14:11:19.730436,2026-07-07T14:11:19.741969+00:00,149.7,12,ask,,,10954634
2026-07-07T14:11:19.730436,2026-07-07T14:11:19.747246+00:00,149.7,38,ask,,,10954635
2026-07-07T14:11:21.731788,2026-07-07T14:11:21.743369+00:00,149.7,48,ask,,,10954667
2026-07-07T14:11:21.871740,2026-07-07T14:11:21.881164+00:00,149.7,50,ask,,,10954669
2026-07-07T14:11:23.927531,2026-07-07T14:11:23.939415+00:00,149.7,50,bid,,,10954698
2026-07-07T14:11:26.037439,2026-07-07T14:11:26.049911+00:00,149.9,12,bid,,,10954726
2026-07-07T14:11:26.037439,2026-07-07T14:11:26.049911+00:00,149.9,38,bid,,,10954727
2026-07-07T14:11:28.200074,2026-07-07T14:11:28.207953+00:00,149.6,50,ask,,,10954775
2026-07-07T14:11:29.048898,2026-07-07T14:11:29.058607+00:00,149.7,43,bid,,,10954779
2026-07-07T14:11:30.337149,2026-07-07T14:11:30.348943+00:00,149.5,12,ask,,,10954800
2026-07-07T14:11:30.337149,2026-07-07T14:11:30.348943+00:00,149.2,38,ask,,,10954801
2026-07-07T14:11:32.441866,2026-07-07T14:11:32.453409+00:00,149.2,47,ask,,,10954841
2026-07-07T14:11:32.447417,2026-07-07T14:11:32.453409+00:00,149.2,50,ask,,,10954842
2026-07-07T14:11:32.906696,2026-07-07T14:11:32.918426+00:00,149.2,100,ask,,,10954853
2026-07-07T14:11:34.553992,2026-07-07T14:11:34.558553+00:00,149.3,12,ask,,,10954881
2026-07-07T14:11:34.952871,2026-07-07T14:11:34.963932+00:00,149.3,11,bid,,,10954895
2026-07-07T14:11:36.662882,2026-07-07T14:11:36.674694+00:00,149.2,12,ask,,,10954918
2026-07-07T14:11:36.662882,2026-07-07T14:11:36.674694+00:00,149.1,38,ask,,,10954919
2026-07-07T14:11:38.722290,2026-07-07T14:11:38.734070+00:00,149.3,50,bid,,,10954960
2026-07-07T14:11:38.758914,2026-07-07T14:11:38.770623+00:00,149.3,45,bid,,,10954964
2026-07-07T14:11:39.313016,2026-07-07T14:11:39.324901+00:00,149.3,48,bid,,,10954976
2026-07-07T14:11:40.828529,2026-07-07T14:11:40.840380+00:00,149.3,7,bid,,,10955000
2026-07-07T14:11:40.828529,2026-07-07T14:11:40.840380+00:00,149.5,43,bid,,,10955001
2026-07-07T14:11:41.459565,2026-07-07T14:11:41.468756+00:00,149.3,11,ask,,,10955017
2026-07-07T14:11:42.934220,2026-07-07T14:11:42.941013+00:00,149.3,43,ask,,,10955043
2026-07-07T14:11:44.402618,2026-07-07T14:11:44.410060+00:00,149.6,12,bid,,,10955065
2026-07-07T14:11:44.402618,2026-07-07T14:11:44.458586+00:00,149.7,35,bid,,,10955066
2026-07-07T14:11:44.458687,2026-07-07T14:11:44.469016+00:00,149.3,12,ask,,,10955069
2026-07-07T14:11:44.458687,2026-07-07T14:11:44.469016+00:00,149.2,35,ask,,,10955070
2026-07-07T14:11:45.050152,2026-07-07T14:11:45.053551+00:00,149.5,12,bid,,,10955076
2026-07-07T14:11:45.050152,2026-07-07T14:11:45.053551+00:00,149.6,38,bid,,,10955077
2026-07-07T14:11:46.192147,2026-07-07T14:11:46.203915+00:00,149.4,46,bid,,,10955098
2026-07-07T14:11:46.246673,2026-07-07T14:11:46.258331+00:00,149.2,12,ask,,,10955099
2026-07-07T14:11:46.246673,2026-07-07T14:11:46.258331+00:00,149.1,31,ask,,,10955100
2026-07-07T14:11:47.215477,2026-07-07T14:11:47.224435+00:00,149.1,50,ask,,,10955115
2026-07-07T14:11:47.368965,2026-07-07T14:11:47.377935+00:00,149.1,43,ask,,,10955116
2026-07-07T14:11:47.595374,2026-07-07T14:11:47.603281+00:00,149.1,12,ask,,,10955125
2026-07-07T14:11:47.609707,2026-07-07T14:11:47.619868+00:00,149.0,23,bid,,,10955126
2026-07-07T14:11:48.668969,2026-07-07T14:11:48.680525+00:00,149.0,100,bid,,,10955138
2026-07-07T14:11:49.323771,2026-07-07T14:11:49.335945+00:00,148.6,12,ask,,,10955152
2026-07-07T14:11:49.323771,2026-07-07T14:11:49.335945+00:00,148.5,38,ask,,,10955153
2026-07-07T14:11:51.432663,2026-07-07T14:11:51.439162+00:00,148.8,50,ask,,,10955183
2026-07-07T14:11:52.750440,2026-07-07T14:11:52.760524+00:00,148.8,12,ask,,,10955204
2026-07-07T14:11:53.544432,2026-07-07T14:11:53.555248+00:00,148.8,50,ask,,,10955228
2026-07-07T14:11:53.924013,2026-07-07T14:11:53.935457+00:00,148.7,12,ask,,,10955240
2026-07-07T14:11:54.153300,2026-07-07T14:11:54.163687+00:00,148.6,12,bid,,,10955248
2026-07-07T14:11:54.660131,2026-07-07T14:11:54.669769+00:00,148.6,40,bid,,,10955261
2026-07-07T14:11:55.603196,2026-07-07T14:11:55.611045+00:00,148.6,50,bid,,,10955277
2026-07-07T14:11:56.683427,2026-07-07T14:11:56.692390+00:00,148.6,23,bid,,,10955291
2026-07-07T14:11:57.035128,2026-07-07T14:11:57.043323+00:00,148.8,100,bid,,,10955296
2026-07-07T14:11:57.207820,2026-07-07T14:11:57.216438+00:00,148.8,11,ask,,,10955300
2026-07-07T14:11:57.260090,2026-07-07T14:11:57.271913+00:00,148.8,39,ask,,,10955302
2026-07-07T14:11:57.260090,2026-07-07T14:11:57.271913+00:00,148.7,6,ask,,,10955303
2026-07-07T14:11:57.759930,2026-07-07T14:11:57.771391+00:00,148.7,6,ask,,,10955313
2026-07-07T14:11:57.759930,2026-07-07T14:11:57.771391+00:00,148.3,44,ask,,,10955314
2026-07-07T14:11:59.817209,2026-07-07T14:11:59.829303+00:00,149.0,12,bid,,,10955348
2026-07-07T14:11:59.817209,2026-07-07T14:11:59.829303+00:00,149.1,38,bid,,,10955349
2026-07-07T14:12:01.314852,2026-07-07T14:12:01.326313+00:00,148.7,100,bid,,,10955375
2026-07-07T14:12:01.935808,2026-07-07T14:12:01.947030+00:00,148.7,50,bid,,,10955382
2026-07-07T14:12:04.096446,2026-07-07T14:12:04.107991+00:00,148.8,50,ask,,,10955414
2026-07-07T14:12:05.620354,2026-07-07T14:12:05.628657+00:00,148.8,12,ask,,,10955439
2026-07-07T14:12:05.883680,2026-07-07T14:12:05.896213+00:00,148.8,12,ask,,,10955452
2026-07-07T14:12:06.152424,2026-07-07T14:12:06.164373+00:00,148.9,12,bid,,,10955456
2026-07-07T14:12:06.152424,2026-07-07T14:12:06.164373+00:00,149.0,38,bid,,,10955457
2026-07-07T14:12:06.350619,2026-07-07T14:12:06.358578+00:00,149.0,47,bid,,,10955460
2026-07-07T14:12:09.083815,2026-07-07T14:12:09.095336+00:00,148.9,41,bid,,,10955500
2026-07-07T14:12:10.420620,2026-07-07T14:12:10.432080+00:00,148.6,50,ask,,,10955527
2026-07-07T14:12:10.701782,2026-07-07T14:12:10.713451+00:00,148.6,40,ask,,,10955530
2026-07-07T14:12:12.527769,2026-07-07T14:12:12.535810+00:00,148.6,50,ask,,,10955563
2026-07-07T14:12:13.398105,2026-07-07T14:12:13.409992+00:00,148.7,40,bid,,,10955581
2026-07-07T14:12:13.736166,2026-07-07T14:12:13.746363+00:00,148.7,23,bid,,,10955587
2026-07-07T14:12:13.786635,2026-07-07T14:12:13.797278+00:00,148.7,12,bid,,,10955591
2026-07-07T14:12:14.583200,2026-07-07T14:12:14.594981+00:00,148.5,50,bid,,,10955606
2026-07-07T14:12:16.023597,2026-07-07T14:12:16.031291+00:00,148.5,43,bid,,,10955628
2026-07-07T14:12:16.354539,2026-07-07T14:12:16.363449+00:00,148.5,6,bid,,,10955634
2026-07-07T14:12:16.446462,2026-07-07T14:12:16.456707+00:00,148.5,1,bid,,,10955637
2026-07-07T14:12:17.009075,2026-07-07T14:12:17.020520+00:00,148.5,11,ask,,,10955647
2026-07-07T14:12:17.009075,2026-07-07T14:12:17.020520+00:00,148.3,32,ask,,,10955648
2026-07-07T14:12:17.164699,2026-07-07T14:12:17.176754+00:00,148.7,6,ask,,,10955656
2026-07-07T14:12:17.978232,2026-07-07T14:12:17.986485+00:00,148.7,49,ask,,,10955663
2026-07-07T14:12:18.798076,2026-07-07T14:12:18.809381+00:00,148.8,50,bid,,,10955679
2026-07-07T14:12:19.041137,2026-07-07T14:12:19.051667+00:00,148.7,42,ask,,,10955688
2026-07-07T14:12:20.906269,2026-07-07T14:12:20.916964+00:00,149.0,50,bid,,,10955718
2026-07-07T14:12:21.470479,2026-07-07T14:12:21.477235+00:00,149.0,49,bid,,,10955728
2026-07-07T14:12:22.422142,2026-07-07T14:12:22.433800+00:00,148.8,12,ask,,,10955742
2026-07-07T14:12:22.422142,2026-07-07T14:12:22.433800+00:00,148.7,35,ask,,,10955743
2026-07-07T14:12:23.012656,2026-07-07T14:12:23.024537+00:00,149.0,1,bid,,,10955752
2026-07-07T14:12:23.012656,2026-07-07T14:12:23.024537+00:00,149.2,12,bid,,,10955753
2026-07-07T14:12:23.012656,2026-07-07T14:12:23.024537+00:00,149.2,37,bid,,,10955754
2026-07-07T14:12:25.122917,2026-07-07T14:12:25.129992+00:00,149.0,12,bid,,,10955790
2026-07-07T14:12:25.122917,2026-07-07T14:12:25.135027+00:00,149.2,38,bid,,,10955791
2026-07-07T14:12:25.550939,2026-07-07T14:12:25.562808+00:00,148.8,11,ask,,,10955798
2026-07-07T14:12:25.585365,2026-07-07T14:12:25.594296+00:00,149.1,12,bid,,,10955801
2026-07-07T14:12:25.585365,2026-07-07T14:12:25.594296+00:00,149.2,33,bid,,,10955802
2026-07-07T14:12:26.159340,2026-07-07T14:12:26.171337+00:00,149.2,42,bid,,,10955809
2026-07-07T14:12:26.883277,2026-07-07T14:12:26.892542+00:00,148.8,23,ask,,,10955822
2026-07-07T14:12:27.234233,2026-07-07T14:12:27.243243+00:00,149.2,12,bid,,,10955829
2026-07-07T14:12:27.234233,2026-07-07T14:12:27.243243+00:00,149.3,38,bid,,,10955830
2026-07-07T14:12:27.520865,2026-07-07T14:12:27.529740+00:00,148.8,23,ask,,,10955836
2026-07-07T14:12:28.752277,2026-07-07T14:12:28.764148+00:00,148.8,100,ask,,,10955859
2026-07-07T14:12:29.637280,2026-07-07T14:12:29.648960+00:00,148.4,12,ask,,,10955873
2026-07-07T14:12:29.637280,2026-07-07T14:12:29.648960+00:00,148.3,29,ask,,,10955874
2026-07-07T14:12:31.064901,2026-07-07T14:12:31.072176+00:00,148.7,47,bid,,,10955903
2026-07-07T14:12:31.536298,2026-07-07T14:12:31.548136+00:00,148.3,47,ask,,,10955913
2026-07-07T14:12:33.609874,2026-07-07T14:12:33.621590+00:00,148.5,50,ask,,,10955934
2026-07-07T14:12:35.220051,2026-07-07T14:12:35.228611+00:00,148.7,12,bid,,,10955958
2026-07-07T14:12:35.220051,2026-07-07T14:12:35.228611+00:00,148.7,32,bid,,,10955959
2026-07-07T14:12:35.694609,2026-07-07T14:12:35.705072+00:00,148.7,50,bid,,,10955973
2026-07-07T14:12:37.991362,2026-07-07T14:12:38.003202+00:00,148.4,12,ask,,,10956001
2026-07-07T14:12:37.991362,2026-07-07T14:12:38.003202+00:00,148.3,33,ask,,,10956002
2026-07-07T14:12:39.441685,2026-07-07T14:12:39.449552+00:00,148.5,12,ask,,,10956021
2026-07-07T14:12:39.914209,2026-07-07T14:12:39.937870+00:00,148.6,50,bid,,,10956026
2026-07-07T14:12:39.984144,2026-07-07T14:12:39.992421+00:00,148.5,11,ask,,,10956032
2026-07-07T14:12:40.711679,2026-07-07T14:12:40.721016+00:00,148.5,12,ask,,,10956050
2026-07-07T14:12:42.153013,2026-07-07T14:12:42.163593+00:00,148.6,48,bid,,,10956076
2026-07-07T14:12:43.259659,2026-07-07T14:12:43.268713+00:00,148.5,11,bid,,,10956093
2026-07-07T14:12:44.179080,2026-07-07T14:12:44.186379+00:00,148.4,50,ask,,,10956109
2026-07-07T14:12:46.234756,2026-07-07T14:12:46.246927+00:00,148.6,12,bid,,,10956135
2026-07-07T14:12:46.234756,2026-07-07T14:12:46.246927+00:00,148.7,38,bid,,,10956136
2026-07-07T14:12:48.189812,2026-07-07T14:12:48.201703+00:00,148.5,46,ask,,,10956179
2026-07-07T14:12:48.405967,2026-07-07T14:12:48.415348+00:00,148.5,50,ask,,,10956187
2026-07-07T14:12:50.371381,2026-07-07T14:12:50.383284+00:00,148.7,12,bid,,,10956207
2026-07-07T14:12:50.371381,2026-07-07T14:12:50.383284+00:00,148.8,35,bid,,,10956208
2026-07-07T14:12:50.515502,2026-07-07T14:12:50.528665+00:00,148.5,50,ask,,,10956215
2026-07-07T14:12:50.927637,2026-07-07T14:12:50.949616+00:00,148.4,12,ask,,,10956221
2026-07-07T14:12:50.940703,2026-07-07T14:12:50.949616+00:00,148.4,23,bid,,,10956222
2026-07-07T14:12:51.803303,2026-07-07T14:12:51.812143+00:00,148.4,11,bid,,,10956240
2026-07-07T14:12:51.976226,2026-07-07T14:12:51.983073+00:00,148.4,100,bid,,,10956250
2026-07-07T14:12:55.359009,2026-07-07T14:12:55.370704+00:00,148.2,12,ask,,,10956310
2026-07-07T14:12:55.359009,2026-07-07T14:12:55.370704+00:00,148.2,28,ask,,,10956311
2026-07-07T14:12:58.924865,2026-07-07T14:12:58.932846+00:00,148.5,12,bid,,,10956356
2026-07-07T14:12:58.924865,2026-07-07T14:12:58.938183+00:00,148.5,38,bid,,,10956357
2026-07-07T14:13:01.035988,2026-07-07T14:13:01.042492+00:00,148.5,50,bid,,,10956393
2026-07-07T14:13:01.726931,2026-07-07T14:13:01.731174+00:00,148.4,11,ask,,,10956408
2026-07-07T14:13:02.933465,2026-07-07T14:13:02.945041+00:00,148.4,11,ask,,,10956430
2026-07-07T14:13:03.668214,2026-07-07T14:13:03.679938+00:00,148.4,12,ask,,,10956440
2026-07-07T14:13:04.901427,2026-07-07T14:13:04.911609+00:00,148.4,44,bid,,,10956452
2026-07-07T14:13:05.278211,2026-07-07T14:13:05.285229+00:00,148.4,50,bid,,,10956459
2026-07-07T14:13:07.384779,2026-07-07T14:13:07.393253+00:00,148.4,6,bid,,,10956485
2026-07-07T14:13:07.384779,2026-07-07T14:13:07.398474+00:00,148.5,12,bid,,,10956486
2026-07-07T14:13:07.384779,2026-07-07T14:13:07.398474+00:00,148.6,32,bid,,,10956487
2026-07-07T14:13:09.545142,2026-07-07T14:13:09.554235+00:00,148.3,50,ask,,,10956517
2026-07-07T14:13:10.523151,2026-07-07T14:13:10.534703+00:00,148.3,47,ask,,,10956532
2026-07-07T14:13:11.600336,2026-07-07T14:13:11.609941+00:00,148.6,12,bid,,,10956548
2026-07-07T14:13:11.600336,2026-07-07T14:13:11.609941+00:00,148.6,38,bid,,,10956549
2026-07-07T14:13:11.976480,2026-07-07T14:13:11.984234+00:00,148.3,46,ask,,,10956557
2026-07-07T14:13:12.557761,2026-07-07T14:13:12.567834+00:00,148.5,12,bid,,,10956565
2026-07-07T14:13:12.557761,2026-07-07T14:13:12.567834+00:00,148.6,36,bid,,,10956566
2026-07-07T14:13:13.708912,2026-07-07T14:13:13.720376+00:00,148.5,1,bid,,,10956586
2026-07-07T14:13:13.708912,2026-07-07T14:13:13.720376+00:00,148.5,49,bid,,,10956587
2026-07-07T14:13:15.819381,2026-07-07T14:13:15.830185+00:00,148.5,50,bid,,,10956623
2026-07-07T14:13:15.876157,2026-07-07T14:13:15.884327+00:00,148.2,45,ask,,,10956630
2026-07-07T14:13:17.486364,2026-07-07T14:13:17.498894+00:00,148.3,11,ask,,,10956646
2026-07-07T14:13:19.640697,2026-07-07T14:13:19.652145+00:00,148.6,43,bid,,,10956689
2026-07-07T14:13:20.030274,2026-07-07T14:13:20.037141+00:00,148.6,50,bid,,,10956705
2026-07-07T14:13:22.136700,2026-07-07T14:13:22.158559+00:00,148.7,50,bid,,,10956735
2026-07-07T14:13:22.532512,2026-07-07T14:13:22.541375+00:00,148.5,12,ask,,,10956744
2026-07-07T14:13:22.731445,2026-07-07T14:13:22.740508+00:00,148.5,44,ask,,,10956749
2026-07-07T14:13:23.729271,2026-07-07T14:13:23.735941+00:00,148.9,45,bid,,,10956764
2026-07-07T14:13:24.243441,2026-07-07T14:13:24.258580+00:00,148.9,50,bid,,,10956774
2026-07-07T14:13:26.786949,2026-07-07T14:13:26.796999+00:00,148.7,11,ask,,,10956814
2026-07-07T14:13:27.329574,2026-07-07T14:13:27.341275+00:00,148.7,3,ask,,,10956833
2026-07-07T14:13:28.510165,2026-07-07T14:13:28.522067+00:00,148.7,50,ask,,,10956845
2026-07-07T14:13:28.902665,2026-07-07T14:13:28.911598+00:00,148.7,36,ask,,,10956856
2026-07-07T14:13:30.616818,2026-07-07T14:13:30.628265+00:00,148.2,50,ask,,,10956890
2026-07-07T14:13:32.729875,2026-07-07T14:13:32.741987+00:00,148.3,50,ask,,,10956930
2026-07-07T14:13:34.839358,2026-07-07T14:13:34.850823+00:00,148.3,50,ask,,,10956969
2026-07-07T14:13:35.229088,2026-07-07T14:13:35.240960+00:00,147.9,100,ask,,,10956976
2026-07-07T14:13:35.242056,2026-07-07T14:13:35.251953+00:00,147.8,26,bid,,,10956977
2026-07-07T14:13:35.263007,2026-07-07T14:13:35.274622+00:00,147.8,24,bid,,,10956979
2026-07-07T14:13:36.956026,2026-07-07T14:13:36.967888+00:00,147.6,12,ask,,,10957006
2026-07-07T14:13:36.956026,2026-07-07T14:13:36.967888+00:00,147.4,38,ask,,,10957007
2026-07-07T14:13:37.277400,2026-07-07T14:13:37.289044+00:00,147.4,46,ask,,,10957011
2026-07-07T14:13:38.339589,2026-07-07T14:13:38.345964+00:00,147.9,100,bid,,,10957026
2026-07-07T14:13:38.407247,2026-07-07T14:13:38.421633+00:00,148.3,12,ask,,,10957027
2026-07-07T14:13:39.062921,2026-07-07T14:13:39.074562+00:00,148.3,38,ask,,,10957044
2026-07-07T14:13:39.062921,2026-07-07T14:13:39.074562+00:00,147.7,12,ask,,,10957045
2026-07-07T14:13:40.310534,2026-07-07T14:13:40.319102+00:00,147.8,11,ask,,,10957060
2026-07-07T14:13:40.310534,2026-07-07T14:13:40.319102+00:00,147.7,32,ask,,,10957061
2026-07-07T14:13:41.171656,2026-07-07T14:13:41.182558+00:00,147.7,50,ask,,,10957089
2026-07-07T14:13:41.418613,2026-07-07T14:13:41.426936+00:00,148.0,12,bid,,,10957093
2026-07-07T14:13:42.260754,2026-07-07T14:13:42.272599+00:00,148.0,12,bid,,,10957105
2026-07-07T14:13:42.260754,2026-07-07T14:13:42.272599+00:00,148.2,31,bid,,,10957106
2026-07-07T14:13:42.629041,2026-07-07T14:13:42.640206+00:00,147.8,100,ask,,,10957116
2026-07-07T14:13:43.278080,2026-07-07T14:13:43.290142+00:00,147.8,50,ask,,,10957129
2026-07-07T14:13:44.442322,2026-07-07T14:13:44.464047+00:00,147.3,12,ask,,,10957155
2026-07-07T14:13:44.442322,2026-07-07T14:13:44.464047+00:00,147.2,37,ask,,,10957156
2026-07-07T14:13:44.729609,2026-07-07T14:13:44.738135+00:00,147.2,63,ask,,,10957161
2026-07-07T14:13:44.729609,2026-07-07T14:13:44.738135+00:00,147.1,12,ask,,,10957162
2026-07-07T14:13:44.744375,2026-07-07T14:13:44.752735+00:00,147.0,34,bid,,,10957163
2026-07-07T14:13:45.389334,2026-07-07T14:13:45.401003+00:00,146.6,12,ask,,,10957173
2026-07-07T14:13:45.389334,2026-07-07T14:13:45.401003+00:00,146.5,38,ask,,,10957174
2026-07-07T14:13:45.688804,2026-07-07T14:13:45.697160+00:00,147.0,11,bid,,,10957184
2026-07-07T14:13:45.742890,2026-07-07T14:13:45.759477+00:00,147.0,30,bid,,,10957189
2026-07-07T14:13:49.613709,2026-07-07T14:13:49.622417+00:00,147.2,11,ask,,,10957249
2026-07-07T14:13:49.613709,2026-07-07T14:13:49.622417+00:00,147.2,39,ask,,,10957250
2026-07-07T14:13:51.393455,2026-07-07T14:13:51.400726+00:00,147.4,12,bid,,,10957278
2026-07-07T14:13:51.393455,2026-07-07T14:13:51.405941+00:00,147.5,32,bid,,,10957279
2026-07-07T14:13:51.672309,2026-07-07T14:13:51.679202+00:00,147.5,50,bid,,,10957285
2026-07-07T14:13:51.850254,2026-07-07T14:13:51.857131+00:00,147.5,18,bid,,,10957288
2026-07-07T14:13:51.850254,2026-07-07T14:13:51.857131+00:00,147.6,23,bid,,,10957289
2026-07-07T14:13:53.780765,2026-07-07T14:13:53.793221+00:00,147.6,50,bid,,,10957325
2026-07-07T14:13:54.559475,2026-07-07T14:13:54.570833+00:00,147.6,46,bid,,,10957336
2026-07-07T14:13:55.025970,2026-07-07T14:13:55.037676+00:00,147.4,11,ask,,,10957348
2026-07-07T14:13:55.888687,2026-07-07T14:13:55.900497+00:00,147.6,12,bid,,,10957359
2026-07-07T14:13:55.888687,2026-07-07T14:13:55.900497+00:00,147.9,38,bid,,,10957360
2026-07-07T14:13:58.029142,2026-07-07T14:13:58.041193+00:00,147.7,12,bid,,,10957403
2026-07-07T14:13:58.029142,2026-07-07T14:13:58.041193+00:00,147.8,38,bid,,,10957404
2026-07-07T14:14:00.139921,2026-07-07T14:14:00.152184+00:00,147.3,11,ask,,,10957446
2026-07-07T14:14:00.143492,2026-07-07T14:14:00.152184+00:00,147.7,12,bid,,,10957447
2026-07-07T14:14:00.143492,2026-07-07T14:14:00.152184+00:00,147.8,38,bid,,,10957448
2026-07-07T14:14:00.537999,2026-07-07T14:14:00.546781+00:00,147.4,12,ask,,,10957457
2026-07-07T14:14:02.759567,2026-07-07T14:14:02.770162+00:00,147.4,23,ask,,,10957490
2026-07-07T14:14:03.225611,2026-07-07T14:14:03.237998+00:00,147.4,10,ask,,,10957500
2026-07-07T14:14:04.355114,2026-07-07T14:14:04.366580+00:00,147.6,50,bid,,,10957519
2026-07-07T14:14:05.621666,2026-07-07T14:14:05.631840+00:00,147.1,46,ask,,,10957534
2026-07-07T14:14:06.466522,2026-07-07T14:14:06.474233+00:00,147.6,50,bid,,,10957545
2026-07-07T14:14:07.507508,2026-07-07T14:14:07.519107+00:00,147.5,44,ask,,,10957562
2026-07-07T14:14:08.592687,2026-07-07T14:14:08.604367+00:00,147.7,50,bid,,,10957577
2026-07-07T14:14:12.125731,2026-07-07T14:14:12.134917+00:00,147.4,46,ask,,,10957631
2026-07-07T14:14:12.859492,2026-07-07T14:14:12.869504+00:00,147.4,50,ask,,,10957637
2026-07-07T14:14:13.512850,2026-07-07T14:14:13.529889+00:00,147.9,42,bid,,,10957651
2026-07-07T14:14:14.987304,2026-07-07T14:14:14.995670+00:00,147.5,50,ask,,,10957667
2026-07-07T14:14:17.094393,2026-07-07T14:14:17.105935+00:00,147.2,50,ask,,,10957699
2026-07-07T14:14:19.230613,2026-07-07T14:14:19.240824+00:00,147.2,12,ask,,,10957728
2026-07-07T14:14:19.230613,2026-07-07T14:14:19.240824+00:00,147.2,38,ask,,,10957729
2026-07-07T14:14:19.583956,2026-07-07T14:14:19.595965+00:00,147.5,12,bid,,,10957734
2026-07-07T14:14:21.342097,2026-07-07T14:14:21.351155+00:00,147.1,12,ask,,,10957756
2026-07-07T14:14:21.342097,2026-07-07T14:14:21.351155+00:00,147.0,38,ask,,,10957757
2026-07-07T14:14:23.480309,2026-07-07T14:14:23.491850+00:00,147.0,50,ask,,,10957782
2026-07-07T14:14:23.764652,2026-07-07T14:14:23.773870+00:00,147.3,47,bid,,,10957793
2026-07-07T14:14:24.373315,2026-07-07T14:14:24.383433+00:00,146.8,40,ask,,,10957800
2026-07-07T14:14:25.590931,2026-07-07T14:14:25.602662+00:00,146.9,12,ask,,,10957821
2026-07-07T14:14:25.590931,2026-07-07T14:14:25.602662+00:00,146.8,38,ask,,,10957822
2026-07-07T14:14:25.903066,2026-07-07T14:14:25.910774+00:00,147.0,11,bid,,,10957827
2026-07-07T14:14:26.775738,2026-07-07T14:14:26.787482+00:00,147.0,42,bid,,,10957842
2026-07-07T14:14:27.432248,2026-07-07T14:14:27.443915+00:00,147.0,46,bid,,,10957854
2026-07-07T14:14:27.729379,2026-07-07T14:14:27.740806+00:00,147.0,34,bid,,,10957863
2026-07-07T14:14:30.370652,2026-07-07T14:14:30.379496+00:00,146.8,11,ask,,,10957921
2026-07-07T14:14:30.531515,2026-07-07T14:14:30.540292+00:00,147.0,5,bid,,,10957923
2026-07-07T14:14:31.049864,2026-07-07T14:14:31.055397+00:00,146.9,5,bid,,,10957931
2026-07-07T14:14:31.566350,2026-07-07T14:14:31.575271+00:00,146.9,4,bid,,,10957938
2026-07-07T14:14:31.888098,2026-07-07T14:14:31.899789+00:00,146.9,3,bid,,,10957946
2026-07-07T14:14:31.888098,2026-07-07T14:14:31.899789+00:00,147.0,47,bid,,,10957947
2026-07-07T14:14:35.617580,2026-07-07T14:14:35.632293+00:00,146.8,45,ask,,,10958010
2026-07-07T14:14:36.106663,2026-07-07T14:14:36.117551+00:00,147.0,12,bid,,,10958016
2026-07-07T14:14:36.106663,2026-07-07T14:14:36.117551+00:00,147.1,38,bid,,,10958017
2026-07-07T14:14:38.247925,2026-07-07T14:14:38.262994+00:00,147.2,12,bid,,,10958047
2026-07-07T14:14:38.247925,2026-07-07T14:14:38.262994+00:00,147.2,38,bid,,,10958048
2026-07-07T14:14:38.254323,2026-07-07T14:14:38.262994+00:00,146.8,11,ask,,,10958049
2026-07-07T14:14:40.357460,2026-07-07T14:14:40.369257+00:00,146.9,11,bid,,,10958097
2026-07-07T14:14:40.357460,2026-07-07T14:14:40.369257+00:00,147.0,39,bid,,,10958098
2026-07-07T14:14:40.936769,2026-07-07T14:14:40.948484+00:00,146.6,42,ask,,,10958116
2026-07-07T14:14:42.430766,2026-07-07T14:14:42.440608+00:00,147.1,49,bid,,,10958140
2026-07-07T14:14:42.472029,2026-07-07T14:14:42.478779+00:00,147.1,50,bid,,,10958141
2026-07-07T14:14:42.751285,2026-07-07T14:14:42.763791+00:00,147.0,12,ask,,,10958146
2026-07-07T14:14:43.507819,2026-07-07T14:14:43.518212+00:00,147.0,11,ask,,,10958167
2026-07-07T14:14:44.579564,2026-07-07T14:14:44.586241+00:00,147.1,50,bid,,,10958185
2026-07-07T14:14:45.691586,2026-07-07T14:14:45.703674+00:00,147.0,41,ask,,,10958199
2026-07-07T14:14:46.760678,2026-07-07T14:14:46.772343+00:00,146.9,50,ask,,,10958222
2026-07-07T14:14:46.793759,2026-07-07T14:14:46.803490+00:00,146.9,40,ask,,,10958224
2026-07-07T14:14:48.899026,2026-07-07T14:14:48.910055+00:00,146.7,50,ask,,,10958254
2026-07-07T14:14:49.520252,2026-07-07T14:14:49.531855+00:00,147.0,40,bid,,,10958267
2026-07-07T14:14:50.496568,2026-07-07T14:14:50.508378+00:00,147.0,44,bid,,,10958282
2026-07-07T14:14:52.296498,2026-07-07T14:14:52.305019+00:00,147.0,100,ask,,,10958302
2026-07-07T14:14:52.701007,2026-07-07T14:14:52.710180+00:00,147.0,12,ask,,,10958312
2026-07-07T14:14:52.995588,2026-07-07T14:14:53.003291+00:00,147.0,38,ask,,,10958317
2026-07-07T14:14:52.995588,2026-07-07T14:14:53.008495+00:00,146.5,3,ask,,,10958318
2026-07-07T14:14:53.065043,2026-07-07T14:14:53.071865+00:00,147.5,50,bid,,,10958323
2026-07-07T14:14:55.325630,2026-07-07T14:14:55.334880+00:00,146.8,23,bid,,,10958367
2026-07-07T14:14:55.405757,2026-07-07T14:14:55.413906+00:00,146.8,100,bid,,,10958369
2026-07-07T14:14:56.650136,2026-07-07T14:14:56.658574+00:00,146.8,27,bid,,,10958389
2026-07-07T14:14:57.286896,2026-07-07T14:14:57.298768+00:00,147.4,50,bid,,,10958401
2026-07-07T14:14:57.487623,2026-07-07T14:14:57.496376+00:00,147.0,11,ask,,,10958411
2026-07-07T14:14:57.986269,2026-07-07T14:14:57.997463+00:00,147.0,12,ask,,,10958423
2026-07-07T14:14:58.178524,2026-07-07T14:14:58.190095+00:00,147.0,41,ask,,,10958431
2026-07-07T14:14:58.621871,2026-07-07T14:14:58.633628+00:00,147.0,86,ask,,,10958441
2026-07-07T14:14:58.827656,2026-07-07T14:14:58.839154+00:00,147.0,14,bid,,,10958442
2026-07-07T14:14:59.425542,2026-07-07T14:14:59.431955+00:00,147.5,50,bid,,,10958454
2026-07-07T14:15:01.534127,2026-07-07T14:15:01.550553+00:00,146.9,50,bid,,,10958491
2026-07-07T14:15:03.200777,2026-07-07T14:15:03.211012+00:00,146.9,47,bid,,,10958519
2026-07-07T14:15:03.675245,2026-07-07T14:15:03.685851+00:00,146.9,50,bid,,,10958522
2026-07-07T14:15:03.748126,2026-07-07T14:15:03.758642+00:00,146.7,45,ask,,,10958529
2026-07-07T14:15:03.826244,2026-07-07T14:15:03.835754+00:00,147.0,11,ask,,,10958532
2026-07-07T14:15:06.369099,2026-07-07T14:15:06.376132+00:00,147.0,40,ask,,,10958574
2026-07-07T14:15:07.001790,2026-07-07T14:15:07.013367+00:00,147.3,44,bid,,,10958577
2026-07-07T14:15:07.962376,2026-07-07T14:15:07.973798+00:00,146.8,50,ask,,,10958586
2026-07-07T14:15:10.020652,2026-07-07T14:15:10.028259+00:00,147.1,50,bid,,,10958614
2026-07-07T14:15:10.552356,2026-07-07T14:15:10.564141+00:00,146.9,47,ask,,,10958620
2026-07-07T14:15:12.137140,2026-07-07T14:15:12.143639+00:00,147.3,50,bid,,,10958647
2026-07-07T14:15:12.287583,2026-07-07T14:15:12.299677+00:00,147.3,47,bid,,,10958651
2026-07-07T14:15:13.889528,2026-07-07T14:15:13.901221+00:00,146.8,41,ask,,,10958679
2026-07-07T14:15:14.325540,2026-07-07T14:15:14.338817+00:00,146.8,50,ask,,,10958685
2026-07-07T14:15:14.938902,2026-07-07T14:15:14.949422+00:00,147.2,45,bid,,,10958691
2026-07-07T14:15:16.436904,2026-07-07T14:15:16.448682+00:00,146.9,50,ask,,,10958717
2026-07-07T14:15:18.209185,2026-07-07T14:15:18.219108+00:00,146.9,44,ask,,,10958741
2026-07-07T14:15:18.567827,2026-07-07T14:15:18.576694+00:00,146.9,50,ask,,,10958750
2026-07-07T14:15:18.925051,2026-07-07T14:15:18.934619+00:00,146.9,3,ask,,,10958757
2026-07-07T14:15:20.239953,2026-07-07T14:15:20.250194+00:00,146.7,3,bid,,,10958781
2026-07-07T14:15:20.622821,2026-07-07T14:15:20.634458+00:00,146.7,50,bid,,,10958788
2026-07-07T14:15:20.728449,2026-07-07T14:15:20.738444+00:00,146.7,11,bid,,,10958792
2026-07-07T14:15:20.923682,2026-07-07T14:15:20.930571+00:00,146.5,45,ask,,,10958798
2026-07-07T14:15:21.464978,2026-07-07T14:15:21.476527+00:00,146.7,46,bid,,,10958812
2026-07-07T14:15:22.733828,2026-07-07T14:15:22.745674+00:00,146.7,40,bid,,,10958828
2026-07-07T14:15:22.733828,2026-07-07T14:15:22.745674+00:00,147.0,10,bid,,,10958829
2026-07-07T14:15:22.812425,2026-07-07T14:15:22.822933+00:00,146.7,11,ask,,,10958831
2026-07-07T14:15:23.392871,2026-07-07T14:15:23.403039+00:00,146.7,3,ask,,,10958846
2026-07-07T14:15:23.942387,2026-07-07T14:15:23.949890+00:00,146.7,100,ask,,,10958858
2026-07-07T14:15:24.066946,2026-07-07T14:15:24.078727+00:00,146.7,36,ask,,,10958864
2026-07-07T14:15:24.843123,2026-07-07T14:15:24.852961+00:00,147.2,50,bid,,,10958884
2026-07-07T14:15:26.956323,2026-07-07T14:15:26.964329+00:00,146.8,50,bid,,,10958919
2026-07-07T14:15:28.351241,2026-07-07T14:15:28.358592+00:00,146.8,46,bid,,,10958946
2026-07-07T14:15:29.092919,2026-07-07T14:15:29.101290+00:00,147.0,50,bid,,,10958959
2026-07-07T14:15:31.053829,2026-07-07T14:15:31.065756+00:00,146.4,41,ask,,,10958982
2026-07-07T14:15:31.285414,2026-07-07T14:15:31.296191+00:00,146.4,50,ask,,,10958989
2026-07-07T14:15:33.257204,2026-07-07T14:15:33.264123+00:00,146.5,43,bid,,,10959017
2026-07-07T14:15:33.342717,2026-07-07T14:15:33.354144+00:00,146.5,50,bid,,,10959019
2026-07-07T14:15:33.912518,2026-07-07T14:15:33.924234+00:00,146.5,47,bid,,,10959026
2026-07-07T14:15:33.971217,2026-07-07T14:15:33.979737+00:00,146.3,48,ask,,,10959028
2026-07-07T14:15:34.604851,2026-07-07T14:15:34.616690+00:00,146.5,10,bid,,,10959032
2026-07-07T14:15:35.523227,2026-07-07T14:15:35.539963+00:00,146.7,50,ask,,,10959060
2026-07-07T14:15:37.398418,2026-07-07T14:15:37.416707+00:00,146.7,14,ask,,,10959093
2026-07-07T14:15:37.411700,2026-07-07T14:15:37.416707+00:00,146.7,86,ask,,,10959094
2026-07-07T14:15:37.581083,2026-07-07T14:15:37.592635+00:00,146.9,50,bid,,,10959101
2026-07-07T14:15:38.690973,2026-07-07T14:15:38.701332+00:00,146.4,100,ask,,,10959120
2026-07-07T14:15:38.707412,2026-07-07T14:15:38.720959+00:00,146.3,14,bid,,,10959123
2026-07-07T14:15:38.722152,2026-07-07T14:15:38.731129+00:00,146.3,14,bid,,,10959125
2026-07-07T14:15:38.741036,2026-07-07T14:15:38.752738+00:00,146.3,22,bid,,,10959127
2026-07-07T14:15:41.800403,2026-07-07T14:15:41.818212+00:00,146.5,100,bid,,,10959179
2026-07-07T14:15:41.809957,2026-07-07T14:15:41.818212+00:00,146.5,14,ask,,,10959181
2026-07-07T14:15:41.858724,2026-07-07T14:15:41.866892+00:00,146.5,36,ask,,,10959183
2026-07-07T14:15:43.994014,2026-07-07T14:15:44.004687+00:00,146.3,50,ask,,,10959234
2026-07-07T14:15:46.107684,2026-07-07T14:15:46.116924+00:00,146.4,50,ask,,,10959266
2026-07-07T14:15:47.045426,2026-07-07T14:15:47.057352+00:00,146.4,48,ask,,,10959280
2026-07-07T14:15:50.287711,2026-07-07T14:15:50.299835+00:00,146.5,50,bid,,,10959330
2026-07-07T14:15:52.456192,2026-07-07T14:15:52.471845+00:00,146.1,50,ask,,,10959374
2026-07-07T14:15:54.567912,2026-07-07T14:15:54.577833+00:00,146.1,50,ask,,,10959421
2026-07-07T14:15:55.634212,2026-07-07T14:15:55.645669+00:00,146.2,86,bid,,,10959442
2026-07-07T14:15:55.827183,2026-07-07T14:15:55.837860+00:00,146.2,14,bid,,,10959447
2026-07-07T14:15:55.916113,2026-07-07T14:15:55.923827+00:00,146.4,42,bid,,,10959450
2026-07-07T14:15:56.622960,2026-07-07T14:15:56.634634+00:00,146.4,50,bid,,,10959467
2026-07-07T14:15:57.539900,2026-07-07T14:15:57.551426+00:00,145.9,42,ask,,,10959484
2026-07-07T14:15:58.104316,2026-07-07T14:15:58.116080+00:00,146.5,20,bid,,,10959488
2026-07-07T14:15:58.104316,2026-07-07T14:15:58.116080+00:00,146.8,21,bid,,,10959489
