timestamp,recv_time,price,volume,aggressor_side,buyer,seller,trade_id
2026-07-08T07:00:01.151467,2026-07-08T07:00:01.163188+00:00,115.6,5,ask,,,11849173
2026-07-08T07:00:02.158531,2026-07-08T07:00:02.169717+00:00,115.6,5,ask,,,11849186
2026-07-08T07:00:04.056527,2026-07-08T07:00:04.068496+00:00,115.6,50,bid,,,11849212
2026-07-08T07:00:06.178890,2026-07-08T07:00:06.186299+00:00,115.7,5,bid,,,11849238
2026-07-08T07:00:06.178890,2026-07-08T07:00:06.191268+00:00,115.8,8,bid,,,11849239
2026-07-08T07:00:06.178890,2026-07-08T07:00:06.191268+00:00,115.9,37,bid,,,11849240
2026-07-08T07:00:06.335398,2026-07-08T07:00:06.347144+00:00,115.9,44,bid,,,11849242
2026-07-08T07:00:07.762299,2026-07-08T07:00:07.775681+00:00,115.7,5,bid,,,11849262
2026-07-08T07:00:07.799168,2026-07-08T07:00:07.807818+00:00,115.8,5,bid,,,11849264
2026-07-08T07:00:07.851727,2026-07-08T07:00:07.858741+00:00,115.7,5,bid,,,11849265
2026-07-08T07:00:08.213561,2026-07-08T07:00:08.212175+00:00,115.9,5,bid,,,11849275
2026-07-08T07:00:08.372654,2026-07-08T07:00:08.385897+00:00,115.5,5,ask,,,11849278
2026-07-08T07:00:08.372654,2026-07-08T07:00:08.391510+00:00,115.5,8,ask,,,11849279
2026-07-08T07:00:08.372654,2026-07-08T07:00:08.391510+00:00,115.4,37,ask,,,11849280
2026-07-08T07:00:08.503537,2026-07-08T07:00:08.514127+00:00,115.8,5,bid,,,11849284
2026-07-08T07:00:08.503537,2026-07-08T07:00:08.514127+00:00,115.8,8,bid,,,11849285
2026-07-08T07:00:10.435019,2026-07-08T07:00:10.448956+00:00,116.1,50,bid,,,11849303
2026-07-08T07:00:11.264528,2026-07-08T07:00:11.276485+00:00,116.1,41,bid,,,11849311
2026-07-08T07:00:11.737811,2026-07-08T07:00:11.747691+00:00,116.1,3,ask,,,11849318
2026-07-08T07:00:11.792552,2026-07-08T07:00:11.802300+00:00,116.1,25,ask,,,11849321
2026-07-08T07:00:11.796078,2026-07-08T07:00:11.807606+00:00,116.1,35,ask,,,11849322
2026-07-08T07:00:11.809861,2026-07-08T07:00:11.817779+00:00,116.1,25,ask,,,11849325
2026-07-08T07:00:11.822369,2026-07-08T07:00:11.833723+00:00,116.1,12,ask,,,11849327
2026-07-08T07:00:11.834358,2026-07-08T07:00:11.844268+00:00,116.0,13,ask,,,11849329
2026-07-08T07:00:11.844910,2026-07-08T07:00:11.855150+00:00,116.1,5,ask,,,11849330
2026-07-08T07:00:11.854543,2026-07-08T07:00:11.865446+00:00,116.0,20,ask,,,11849332
2026-07-08T07:00:12.255840,2026-07-08T07:00:12.258124+00:00,116.0,5,ask,,,11849334
2026-07-08T07:00:12.542493,2026-07-08T07:00:12.549382+00:00,116.2,10,bid,,,11849336
2026-07-08T07:00:12.542493,2026-07-08T07:00:12.549382+00:00,116.4,8,bid,,,11849337
2026-07-08T07:00:12.542493,2026-07-08T07:00:12.549382+00:00,116.5,32,bid,,,11849338
2026-07-08T07:00:12.689593,2026-07-08T07:00:12.700154+00:00,116.1,5,ask,,,11849342
2026-07-08T07:00:13.074608,2026-07-08T07:00:13.083277+00:00,116.0,5,ask,,,11849353
2026-07-08T07:00:13.100075,2026-07-08T07:00:13.107223+00:00,116.1,5,ask,,,11849355
2026-07-08T07:00:13.493103,2026-07-08T07:00:13.494931+00:00,116.0,5,ask,,,11849358
2026-07-08T07:00:13.501293,2026-07-08T07:00:13.511526+00:00,116.1,5,ask,,,11849359
2026-07-08T07:00:13.513940,2026-07-08T07:00:13.522181+00:00,116.0,20,ask,,,11849361
2026-07-08T07:00:13.766845,2026-07-08T07:00:13.776149+00:00,116.0,44,ask,,,11849364
2026-07-08T07:00:13.911078,2026-07-08T07:00:13.919639+00:00,116.0,5,ask,,,11849367
2026-07-08T07:00:13.994601,2026-07-08T07:00:14.004786+00:00,116.1,5,ask,,,11849370
2026-07-08T07:00:15.198337,2026-07-08T07:00:15.205627+00:00,116.2,46,bid,,,11849388
2026-07-08T07:00:16.773641,2026-07-08T07:00:16.782759+00:00,116.2,50,bid,,,11849402
2026-07-08T07:00:16.947415,2026-07-08T07:00:16.957289+00:00,116.2,3,bid,,,11849406
2026-07-08T07:00:17.054515,2026-07-08T07:00:17.065820+00:00,116.2,10,bid,,,11849408
2026-07-08T07:00:18.884754,2026-07-08T07:00:18.892374+00:00,116.4,10,bid,,,11849428
2026-07-08T07:00:18.884754,2026-07-08T07:00:18.897392+00:00,116.5,40,bid,,,11849429
2026-07-08T07:00:19.875907,2026-07-08T07:00:19.885697+00:00,116.2,3,ask,,,11849445
2026-07-08T07:00:19.936763,2026-07-08T07:00:19.948127+00:00,116.2,10,ask,,,11849448
2026-07-08T07:00:20.068620,2026-07-08T07:00:20.076134+00:00,116.2,25,ask,,,11849451
2026-07-08T07:00:20.887755,2026-07-08T07:00:20.900103+00:00,116.2,11,ask,,,11849464
2026-07-08T07:00:21.072221,2026-07-08T07:00:21.080075+00:00,116.2,50,ask,,,11849468
2026-07-08T07:00:21.209692,2026-07-08T07:00:21.217027+00:00,116.2,2,ask,,,11849470
2026-07-08T07:00:21.232152,2026-07-08T07:00:21.244450+00:00,116.2,6,ask,,,11849472
2026-07-08T07:00:21.252107,2026-07-08T07:00:21.262473+00:00,116.0,11,bid,,,11849474
2026-07-08T07:00:23.180950,2026-07-08T07:00:23.192655+00:00,115.8,50,ask,,,11849500
2026-07-08T07:00:25.289831,2026-07-08T07:00:25.298423+00:00,115.7,5,ask,,,11849530
2026-07-08T07:00:25.289831,2026-07-08T07:00:25.298423+00:00,115.6,45,ask,,,11849531
2026-07-08T07:00:25.336061,2026-07-08T07:00:25.345838+00:00,115.6,45,ask,,,11849532
2026-07-08T07:00:25.885319,2026-07-08T07:00:25.899645+00:00,116.0,5,bid,,,11849541
2026-07-08T07:00:25.885319,2026-07-08T07:00:25.899645+00:00,116.1,38,bid,,,11849542
2026-07-08T07:00:25.941658,2026-07-08T07:00:25.953697+00:00,115.7,5,ask,,,11849543
2026-07-08T07:00:25.941658,2026-07-08T07:00:25.953697+00:00,115.6,37,ask,,,11849544
2026-07-08T07:00:26.147779,2026-07-08T07:00:26.157714+00:00,116.0,3,bid,,,11849547
2026-07-08T07:00:26.271913,2026-07-08T07:00:26.284182+00:00,116.0,2,bid,,,11849550
2026-07-08T07:00:26.416183,2026-07-08T07:00:26.428261+00:00,116.1,42,bid,,,11849552
2026-07-08T07:00:26.544042,2026-07-08T07:00:26.558663+00:00,116.1,5,bid,,,11849553
2026-07-08T07:00:26.739410,2026-07-08T07:00:26.751778+00:00,116.0,5,bid,,,11849555
2026-07-08T07:00:26.958625,2026-07-08T07:00:26.970434+00:00,116.1,5,bid,,,11849559
2026-07-08T07:00:27.006928,2026-07-08T07:00:27.018621+00:00,116.0,3,bid,,,11849561
2026-07-08T07:00:27.375115,2026-07-08T07:00:27.386871+00:00,116.1,3,bid,,,11849569
2026-07-08T07:00:29.455088,2026-07-08T07:00:29.454861+00:00,116.1,50,bid,,,11849598
2026-07-08T07:00:31.560376,2026-07-08T07:00:31.572035+00:00,116.1,5,bid,,,11849630
2026-07-08T07:00:31.560376,2026-07-08T07:00:31.572035+00:00,116.2,45,bid,,,11849631
2026-07-08T07:00:33.388241,2026-07-08T07:00:33.397023+00:00,116.1,5,bid,,,11849651
2026-07-08T07:00:33.393556,2026-07-08T07:00:33.402590+00:00,116.2,20,bid,,,11849652
2026-07-08T07:00:33.498765,2026-07-08T07:00:33.506685+00:00,116.2,5,bid,,,11849654
2026-07-08T07:00:33.569139,2026-07-08T07:00:33.581164+00:00,116.1,5,bid,,,11849655
2026-07-08T07:00:33.589949,2026-07-08T07:00:33.597017+00:00,115.8,5,ask,,,11849657
2026-07-08T07:00:33.589949,2026-07-08T07:00:33.602256+00:00,115.7,36,ask,,,11849658
2026-07-08T07:00:33.669217,2026-07-08T07:00:33.678869+00:00,116.2,50,bid,,,11849660
2026-07-08T07:00:33.919092,2026-07-08T07:00:33.932491+00:00,116.4,5,ask,,,11849665
2026-07-08T07:00:34.331011,2026-07-08T07:00:34.340857+00:00,116.3,5,ask,,,11849674
2026-07-08T07:00:35.486743,2026-07-08T07:00:35.498794+00:00,116.3,49,ask,,,11849692
2026-07-08T07:00:35.828058,2026-07-08T07:00:35.838014+00:00,116.3,50,ask,,,11849700
2026-07-08T07:00:39.430563,2026-07-08T07:00:39.437729+00:00,116.4,5,bid,,,11849746
2026-07-08T07:00:39.430563,2026-07-08T07:00:39.442777+00:00,116.5,43,bid,,,11849747
2026-07-08T07:00:39.672153,2026-07-08T07:00:39.680279+00:00,116.5,5,bid,,,11849750
2026-07-08T07:00:40.043998,2026-07-08T07:00:40.058607+00:00,116.2,5,ask,,,11849754
2026-07-08T07:00:40.043998,2026-07-08T07:00:40.058607+00:00,116.1,45,ask,,,11849755
2026-07-08T07:00:41.999537,2026-07-08T07:00:42.011561+00:00,116.6,46,bid,,,11849783
2026-07-08T07:00:42.155243,2026-07-08T07:00:42.169570+00:00,116.3,50,ask,,,11849785
2026-07-08T07:00:44.265226,2026-07-08T07:00:44.274958+00:00,116.4,5,ask,,,11849807
2026-07-08T07:00:44.265226,2026-07-08T07:00:44.274958+00:00,116.3,45,ask,,,11849808
2026-07-08T07:00:46.376463,2026-07-08T07:00:46.386838+00:00,116.4,5,ask,,,11849838
2026-07-08T07:00:46.376463,2026-07-08T07:00:46.386838+00:00,116.3,45,ask,,,11849839
2026-07-08T07:00:46.566338,2026-07-08T07:00:46.574231+00:00,116.3,8,ask,,,11849842
2026-07-08T07:00:46.654314,2026-07-08T07:00:46.664775+00:00,116.2,5,bid,,,11849847
2026-07-08T07:00:47.046699,2026-07-08T07:00:47.054887+00:00,116.3,5,bid,,,11849857
2026-07-08T07:00:47.068903,2026-07-08T07:00:47.080811+00:00,116.2,5,bid,,,11849858
2026-07-08T07:00:47.461870,2026-07-08T07:00:47.469888+00:00,116.3,5,bid,,,11849865
2026-07-08T07:00:47.479101,2026-07-08T07:00:47.490597+00:00,116.2,5,bid,,,11849866
2026-07-08T07:00:47.879278,2026-07-08T07:00:47.890966+00:00,116.3,5,bid,,,11849870
2026-07-08T07:00:47.895264,2026-07-08T07:00:47.906953+00:00,116.2,5,bid,,,11849872
2026-07-08T07:00:47.900029,2026-07-08T07:00:47.906953+00:00,116.3,20,bid,,,11849873
2026-07-08T07:00:48.323075,2026-07-08T07:00:48.333494+00:00,116.3,5,bid,,,11849883
2026-07-08T07:00:48.369130,2026-07-08T07:00:48.381367+00:00,116.2,5,bid,,,11849885
2026-07-08T07:00:48.488289,2026-07-08T07:00:48.499015+00:00,116.1,5,ask,,,11849889
2026-07-08T07:00:48.488289,2026-07-08T07:00:48.499015+00:00,116.0,45,ask,,,11849890
2026-07-08T07:00:48.520862,2026-07-08T07:00:48.530989+00:00,116.3,25,bid,,,11849893
2026-07-08T07:00:48.531658,2026-07-08T07:00:48.541298+00:00,116.3,25,bid,,,11849895
2026-07-08T07:00:48.541497,2026-07-08T07:00:48.551801+00:00,116.3,2,bid,,,11849897
2026-07-08T07:00:48.549067,2026-07-08T07:00:48.551801+00:00,116.4,8,bid,,,11849899
2026-07-08T07:00:48.549067,2026-07-08T07:00:48.551801+00:00,116.5,17,bid,,,11849900
2026-07-08T07:00:49.186411,2026-07-08T07:00:49.197811+00:00,116.2,5,ask,,,11849911
2026-07-08T07:00:49.186411,2026-07-08T07:00:49.197811+00:00,116.1,8,ask,,,11849912
2026-07-08T07:00:49.186411,2026-07-08T07:00:49.197811+00:00,116.0,28,ask,,,11849913
2026-07-08T07:00:49.672998,2026-07-08T07:00:49.684992+00:00,116.3,5,bid,,,11849933
2026-07-08T07:00:49.846389,2026-07-08T07:00:49.858130+00:00,116.4,145,bid,,,11849935
2026-07-08T07:00:49.881500,2026-07-08T07:00:49.891020+00:00,116.4,5,bid,,,11849939
2026-07-08T07:00:49.886899,2026-07-08T07:00:49.896636+00:00,116.6,8,bid,,,11849940
2026-07-08T07:00:49.886899,2026-07-08T07:00:49.896636+00:00,116.7,12,bid,,,11849941
2026-07-08T07:00:50.017443,2026-07-08T07:00:50.025073+00:00,116.7,5,bid,,,11849943
2026-07-08T07:00:50.599328,2026-07-08T07:00:50.611507+00:00,116.4,5,ask,,,11849949
2026-07-08T07:00:50.599328,2026-07-08T07:00:50.611507+00:00,116.3,8,ask,,,11849950
2026-07-08T07:00:50.599328,2026-07-08T07:00:50.616831+00:00,116.2,37,ask,,,11849951
2026-07-08T07:00:50.879251,2026-07-08T07:00:50.890104+00:00,116.5,5,bid,,,11849958
2026-07-08T07:00:50.884459,2026-07-08T07:00:50.895719+00:00,116.6,8,bid,,,11849959
2026-07-08T07:00:50.884459,2026-07-08T07:00:50.895719+00:00,116.7,12,bid,,,11849960
2026-07-08T07:00:51.260442,2026-07-08T07:00:51.269252+00:00,116.7,5,bid,,,11849965
2026-07-08T07:00:52.661963,2026-07-08T07:00:52.673812+00:00,116.6,5,bid,,,11849979
2026-07-08T07:00:52.661963,2026-07-08T07:00:52.673812+00:00,116.7,45,bid,,,11849980
2026-07-08T07:00:53.807170,2026-07-08T07:00:53.816935+00:00,116.7,3,ask,,,11850000
2026-07-08T07:00:53.846317,2026-07-08T07:00:53.853906+00:00,116.7,25,ask,,,11850002
2026-07-08T07:00:53.855871,2026-07-08T07:00:53.864639+00:00,116.7,25,ask,,,11850004
2026-07-08T07:00:53.867357,2026-07-08T07:00:53.874973+00:00,116.7,25,ask,,,11850007
2026-07-08T07:00:53.870450,2026-07-08T07:00:53.880550+00:00,116.7,35,ask,,,11850008
2026-07-08T07:00:53.879382,2026-07-08T07:00:53.891178+00:00,116.7,25,ask,,,11850010
2026-07-08T07:00:53.891577,2026-07-08T07:00:53.901846+00:00,116.7,12,ask,,,11850013
2026-07-08T07:00:53.891577,2026-07-08T07:00:53.901846+00:00,116.7,8,ask,,,11850014
2026-07-08T07:00:53.904188,2026-07-08T07:00:53.912119+00:00,116.6,5,ask,,,11850016
2026-07-08T07:00:54.205318,2026-07-08T07:00:54.213589+00:00,116.7,5,ask,,,11850024
2026-07-08T07:00:54.537077,2026-07-08T07:00:54.545087+00:00,116.6,5,ask,,,11850027
2026-07-08T07:00:56.052894,2026-07-08T07:00:56.076663+00:00,116.5,8,ask,,,11850051
2026-07-08T07:00:56.066766,2026-07-08T07:00:56.076663+00:00,116.4,3,bid,,,11850052
2026-07-08T07:00:56.426029,2026-07-08T07:00:56.436812+00:00,116.4,3,bid,,,11850062
2026-07-08T07:00:56.454789,2026-07-08T07:00:56.463090+00:00,116.4,40,bid,,,11850064
2026-07-08T07:00:56.548550,2026-07-08T07:00:56.558738+00:00,116.4,25,bid,,,11850068
2026-07-08T07:00:56.561171,2026-07-08T07:00:56.569008+00:00,116.4,25,bid,,,11850070
2026-07-08T07:00:56.574296,2026-07-08T07:00:56.584898+00:00,116.4,2,bid,,,11850073
2026-07-08T07:00:56.577835,2026-07-08T07:00:56.584898+00:00,116.4,25,bid,,,11850074
2026-07-08T07:00:56.589645,2026-07-08T07:00:56.600808+00:00,116.4,19,bid,,,11850076
2026-07-08T07:00:56.874683,2026-07-08T07:00:56.883046+00:00,116.7,8,bid,,,11850079
2026-07-08T07:00:59.032803,2026-07-08T07:00:59.043551+00:00,116.4,5,ask,,,11850108
2026-07-08T07:00:59.032803,2026-07-08T07:00:59.043551+00:00,116.3,45,ask,,,11850109
2026-07-08T07:00:59.164027,2026-07-08T07:00:59.188835+00:00,116.7,5,bid,,,11850112
2026-07-08T07:00:59.176789,2026-07-08T07:00:59.188835+00:00,116.7,3,ask,,,11850113
2026-07-08T07:00:59.636330,2026-07-08T07:00:59.644770+00:00,116.7,41,ask,,,11850122
2026-07-08T07:01:00.714890,2026-07-08T07:01:00.726776+00:00,116.7,44,ask,,,11850140
2026-07-08T07:01:01.141749,2026-07-08T07:01:01.158568+00:00,116.7,50,ask,,,11850148
2026-07-08T07:01:01.673046,2026-07-08T07:01:01.680149+00:00,116.7,7,ask,,,11850156
2026-07-08T07:01:04.154725,2026-07-08T07:01:04.164131+00:00,116.5,40,bid,,,11850197
2026-07-08T07:01:05.357308,2026-07-08T07:01:05.369242+00:00,116.2,50,ask,,,11850216
2026-07-08T07:01:06.220771,2026-07-08T07:01:06.230593+00:00,116.4,5,bid,,,11850232
2026-07-08T07:01:06.220771,2026-07-08T07:01:06.235905+00:00,116.5,39,bid,,,11850233
2026-07-08T07:01:07.144761,2026-07-08T07:01:07.146169+00:00,116.4,5,bid,,,11850250
2026-07-08T07:01:07.149926,2026-07-08T07:01:07.169172+00:00,116.5,20,bid,,,11850251
2026-07-08T07:01:07.227500,2026-07-08T07:01:07.234823+00:00,116.5,5,bid,,,11850257
2026-07-08T07:01:07.463280,2026-07-08T07:01:07.475151+00:00,116.2,5,ask,,,11850264
2026-07-08T07:01:07.463280,2026-07-08T07:01:07.475151+00:00,116.1,45,ask,,,11850265
2026-07-08T07:01:07.486562,2026-07-08T07:01:07.493033+00:00,116.4,5,bid,,,11850267
2026-07-08T07:01:07.491204,2026-07-08T07:01:07.498372+00:00,116.5,20,bid,,,11850268
2026-07-08T07:01:09.275399,2026-07-08T07:01:09.283541+00:00,116.3,48,bid,,,11850286
2026-07-08T07:01:09.591633,2026-07-08T07:01:09.603802+00:00,116.2,50,ask,,,11850291
2026-07-08T07:01:11.700527,2026-07-08T07:01:11.701570+00:00,116.2,50,ask,,,11850316
2026-07-08T07:01:12.185664,2026-07-08T07:01:12.196643+00:00,116.1,3,bid,,,11850328
2026-07-08T07:01:12.371974,2026-07-08T07:01:12.383710+00:00,116.1,2,bid,,,11850335
2026-07-08T07:01:12.511474,2026-07-08T07:01:12.521501+00:00,116.2,2,bid,,,11850338
2026-07-08T07:01:12.516166,2026-07-08T07:01:12.526478+00:00,116.2,5,bid,,,11850339
2026-07-08T07:01:12.928943,2026-07-08T07:01:12.939831+00:00,116.2,2,bid,,,11850345
2026-07-08T07:01:12.977384,2026-07-08T07:01:12.987632+00:00,116.1,5,bid,,,11850347
2026-07-08T07:01:13.355161,2026-07-08T07:01:13.366759+00:00,116.2,2,bid,,,11850351
2026-07-08T07:01:13.362753,2026-07-08T07:01:13.372108+00:00,116.2,5,bid,,,11850352
2026-07-08T07:01:13.785702,2026-07-08T07:01:13.796604+00:00,116.2,50,bid,,,11850354
2026-07-08T07:01:13.993989,2026-07-08T07:01:14.003196+00:00,116.2,1,bid,,,11850361
2026-07-08T07:01:14.678819,2026-07-08T07:01:14.685505+00:00,116.1,5,bid,,,11850374
2026-07-08T07:01:15.900879,2026-07-08T07:01:15.911807+00:00,116.3,5,bid,,,11850388
2026-07-08T07:01:15.900879,2026-07-08T07:01:15.911807+00:00,116.4,45,bid,,,11850389
2026-07-08T07:01:16.251199,2026-07-08T07:01:16.263073+00:00,116.4,5,bid,,,11850391
2026-07-08T07:01:16.320892,2026-07-08T07:01:16.332821+00:00,116.1,5,ask,,,11850392
2026-07-08T07:01:16.320892,2026-07-08T07:01:16.332821+00:00,116.0,42,ask,,,11850393
2026-07-08T07:01:17.029019,2026-07-08T07:01:17.040304+00:00,116.1,5,ask,,,11850402
2026-07-08T07:01:17.084517,2026-07-08T07:01:17.093131+00:00,116.1,1,bid,,,11850405
2026-07-08T07:01:18.012509,2026-07-08T07:01:18.024462+00:00,116.4,50,bid,,,11850417
2026-07-08T07:01:18.241897,2026-07-08T07:01:18.253043+00:00,116.5,3,ask,,,11850422
2026-07-08T07:01:18.310360,2026-07-08T07:01:18.321106+00:00,116.5,2,ask,,,11850425
2026-07-08T07:01:18.464558,2026-07-08T07:01:18.474318+00:00,116.6,45,bid,,,11850427
2026-07-08T07:01:19.371904,2026-07-08T07:01:19.382796+00:00,116.5,40,ask,,,11850436
2026-07-08T07:01:20.118456,2026-07-08T07:01:20.130570+00:00,116.6,50,bid,,,11850447
2026-07-08T07:01:20.763408,2026-07-08T07:01:20.774812+00:00,116.5,45,ask,,,11850456
2026-07-08T07:01:21.241532,2026-07-08T07:01:21.248452+00:00,116.5,49,ask,,,11850465
2026-07-08T07:01:22.253613,2026-07-08T07:01:22.264317+00:00,116.4,50,bid,,,11850477
2026-07-08T07:01:24.411073,2026-07-08T07:01:24.422678+00:00,116.3,50,ask,,,11850509
2026-07-08T07:01:25.969109,2026-07-08T07:01:25.978654+00:00,116.2,5,bid,,,11850535
2026-07-08T07:01:25.969109,2026-07-08T07:01:25.978654+00:00,116.3,42,bid,,,11850536
2026-07-08T07:01:25.986693,2026-07-08T07:01:25.994267+00:00,116.3,5,bid,,,11850537
2026-07-08T07:01:26.517993,2026-07-08T07:01:26.529839+00:00,116.0,5,ask,,,11850544
2026-07-08T07:01:26.517993,2026-07-08T07:01:26.529839+00:00,115.9,45,ask,,,11850545
2026-07-08T07:01:26.572436,2026-07-08T07:01:26.585499+00:00,116.2,5,bid,,,11850546
2026-07-08T07:01:26.572436,2026-07-08T07:01:26.585499+00:00,116.3,44,bid,,,11850547
2026-07-08T07:01:27.673700,2026-07-08T07:01:27.680715+00:00,116.3,5,bid,,,11850555
2026-07-08T07:01:28.631327,2026-07-08T07:01:28.638303+00:00,116.3,50,ask,,,11850569
2026-07-08T07:01:30.309174,2026-07-08T07:01:30.322798+00:00,116.3,3,ask,,,11850582
2026-07-08T07:01:30.318049,2026-07-08T07:01:30.322798+00:00,116.3,35,ask,,,11850584
2026-07-08T07:01:30.419507,2026-07-08T07:01:30.431256+00:00,116.3,35,ask,,,11850590
2026-07-08T07:01:30.467013,2026-07-08T07:01:30.478754+00:00,116.3,1,ask,,,11850591
2026-07-08T07:01:30.509793,2026-07-08T07:01:30.520657+00:00,116.3,21,ask,,,11850596
2026-07-08T07:01:30.741361,2026-07-08T07:01:30.753215+00:00,115.9,50,ask,,,11850604
2026-07-08T07:01:30.858047,2026-07-08T07:01:30.869628+00:00,115.9,8,ask,,,11850607
2026-07-08T07:01:30.893516,2026-07-08T07:01:30.905663+00:00,116.2,3,bid,,,11850608
2026-07-08T07:01:30.915260,2026-07-08T07:01:30.926175+00:00,116.2,2,bid,,,11850610
2026-07-08T07:01:31.295863,2026-07-08T07:01:31.304514+00:00,116.3,5,bid,,,11850615
2026-07-08T07:01:31.362505,2026-07-08T07:01:31.374526+00:00,116.2,5,bid,,,11850617
2026-07-08T07:01:31.712370,2026-07-08T07:01:31.720039+00:00,116.3,5,bid,,,11850623
2026-07-08T07:01:31.778805,2026-07-08T07:01:31.791166+00:00,116.2,5,bid,,,11850624
2026-07-08T07:01:32.848618,2026-07-08T07:01:32.855191+00:00,116.0,5,ask,,,11850635
2026-07-08T07:01:32.848618,2026-07-08T07:01:32.855191+00:00,115.9,8,ask,,,11850636
2026-07-08T07:01:32.848618,2026-07-08T07:01:32.855191+00:00,115.8,37,ask,,,11850637
2026-07-08T07:01:33.955688,2026-07-08T07:01:33.963893+00:00,116.1,5,bid,,,11850649
2026-07-08T07:01:34.125279,2026-07-08T07:01:34.137222+00:00,116.0,74,bid,,,11850652
2026-07-08T07:01:34.213676,2026-07-08T07:01:34.220599+00:00,116.0,2,bid,,,11850656
2026-07-08T07:01:34.218170,2026-07-08T07:01:34.226282+00:00,116.0,5,bid,,,11850657
2026-07-08T07:01:34.235877,2026-07-08T07:01:34.242204+00:00,116.0,1,bid,,,11850659
2026-07-08T07:01:34.636696,2026-07-08T07:01:34.646918+00:00,115.9,3,bid,,,11850662
2026-07-08T07:01:34.725045,2026-07-08T07:01:34.737214+00:00,115.9,2,bid,,,11850664
2026-07-08T07:01:34.971407,2026-07-08T07:01:34.984667+00:00,115.7,5,ask,,,11850668
2026-07-08T07:01:34.971407,2026-07-08T07:01:34.984667+00:00,115.6,45,ask,,,11850669
2026-07-08T07:01:36.377502,2026-07-08T07:01:36.385539+00:00,115.9,5,bid,,,11850693
2026-07-08T07:01:36.377502,2026-07-08T07:01:36.391022+00:00,116.0,18,bid,,,11850694
2026-07-08T07:01:36.377502,2026-07-08T07:01:36.391022+00:00,116.1,22,bid,,,11850695
2026-07-08T07:01:36.681804,2026-07-08T07:01:36.689357+00:00,116.1,5,bid,,,11850698
2026-07-08T07:01:36.968277,2026-07-08T07:01:36.979947+00:00,115.7,5,ask,,,11850702
2026-07-08T07:01:36.968277,2026-07-08T07:01:36.979947+00:00,115.6,39,ask,,,11850703
2026-07-08T07:01:37.028505,2026-07-08T07:01:37.040362+00:00,116.0,5,bid,,,11850704
2026-07-08T07:01:37.028505,2026-07-08T07:01:37.040362+00:00,116.1,45,bid,,,11850705
2026-07-08T07:01:37.517467,2026-07-08T07:01:37.525300+00:00,115.8,46,ask,,,11850713
2026-07-08T07:01:37.621880,2026-07-08T07:01:37.633435+00:00,116.0,20,bid,,,11850715
2026-07-08T07:01:37.898449,2026-07-08T07:01:37.905108+00:00,116.0,20,bid,,,11850724
2026-07-08T07:01:38.161323,2026-07-08T07:01:38.168692+00:00,116.0,19,bid,,,11850730
2026-07-08T07:01:38.278213,2026-07-08T07:01:38.289751+00:00,116.0,5,bid,,,11850733
2026-07-08T07:01:38.425526,2026-07-08T07:01:38.437256+00:00,116.0,2,bid,,,11850735
2026-07-08T07:01:38.556349,2026-07-08T07:01:38.564027+00:00,116.0,41,bid,,,11850738
2026-07-08T07:01:39.140625,2026-07-08T07:01:39.152423+00:00,116.0,43,bid,,,11850743
2026-07-08T07:01:39.140625,2026-07-08T07:01:39.152423+00:00,116.2,7,bid,,,11850744
2026-07-08T07:01:39.215003,2026-07-08T07:01:39.226339+00:00,116.2,1,bid,,,11850745
2026-07-08T07:01:39.215003,2026-07-08T07:01:39.226339+00:00,116.3,47,bid,,,11850746
2026-07-08T07:01:39.273019,2026-07-08T07:01:39.285039+00:00,115.8,43,ask,,,11850749
2026-07-08T07:01:40.341150,2026-07-08T07:01:40.355247+00:00,116.1,3,ask,,,11850763
2026-07-08T07:01:41.140577,2026-07-08T07:01:41.158797+00:00,116.1,20,ask,,,11850781
2026-07-08T07:01:41.270422,2026-07-08T07:01:41.282230+00:00,116.2,50,bid,,,11850785
2026-07-08T07:01:41.346672,2026-07-08T07:01:41.358347+00:00,116.2,40,bid,,,11850787
2026-07-08T07:01:41.437588,2026-07-08T07:01:41.449241+00:00,116.1,20,ask,,,11850790
2026-07-08T07:01:41.702973,2026-07-08T07:01:41.712666+00:00,116.1,20,ask,,,11850796
2026-07-08T07:01:41.969211,2026-07-08T07:01:41.980862+00:00,116.1,3,ask,,,11850801
2026-07-08T07:01:43.377840,2026-07-08T07:01:43.381142+00:00,116.2,10,bid,,,11850816
2026-07-08T07:01:44.874907,2026-07-08T07:01:44.886703+00:00,116.2,5,ask,,,11850841
2026-07-08T07:01:44.874907,2026-07-08T07:01:44.886703+00:00,116.1,40,ask,,,11850842
2026-07-08T07:01:45.572679,2026-07-08T07:01:45.584373+00:00,116.2,5,ask,,,11850851
2026-07-08T07:01:45.572679,2026-07-08T07:01:45.584373+00:00,116.1,45,ask,,,11850852
2026-07-08T07:01:47.686973,2026-07-08T07:01:47.695903+00:00,116.0,5,ask,,,11850879
2026-07-08T07:01:47.686973,2026-07-08T07:01:47.695903+00:00,115.9,45,ask,,,11850880
2026-07-08T07:01:47.859003,2026-07-08T07:01:47.870790+00:00,116.0,5,ask,,,11850882
2026-07-08T07:01:47.859003,2026-07-08T07:01:47.870790+00:00,115.9,35,ask,,,11850883
2026-07-08T07:01:48.350926,2026-07-08T07:01:48.360689+00:00,116.0,5,ask,,,11850888
2026-07-08T07:01:48.508988,2026-07-08T07:01:48.519881+00:00,116.0,1,bid,,,11850891
2026-07-08T07:01:50.278063,2026-07-08T07:01:50.289289+00:00,116.1,2,bid,,,11850916
2026-07-08T07:01:50.377333,2026-07-08T07:01:50.388661+00:00,116.1,6,bid,,,11850919
2026-07-08T07:01:50.403040,2026-07-08T07:01:50.414703+00:00,116.1,20,bid,,,11850921
2026-07-08T07:01:50.673337,2026-07-08T07:01:50.675437+00:00,116.1,20,bid,,,11850925
2026-07-08T07:01:50.972301,2026-07-08T07:01:50.984385+00:00,116.1,20,bid,,,11850935
2026-07-08T07:01:51.245581,2026-07-08T07:01:51.257554+00:00,116.1,5,bid,,,11850937
2026-07-08T07:01:51.513499,2026-07-08T07:01:51.525197+00:00,116.1,2,bid,,,11850944
2026-07-08T07:01:52.792329,2026-07-08T07:01:52.801078+00:00,116.1,25,bid,,,11850964
2026-07-08T07:01:52.792329,2026-07-08T07:01:52.806372+00:00,116.2,8,bid,,,11850965
2026-07-08T07:01:52.792329,2026-07-08T07:01:52.806372+00:00,116.3,9,bid,,,11850966
2026-07-08T07:01:53.080737,2026-07-08T07:01:53.090341+00:00,116.3,3,ask,,,11850970
2026-07-08T07:01:53.208063,2026-07-08T07:01:53.214767+00:00,116.3,20,ask,,,11850973
2026-07-08T07:01:53.475780,2026-07-08T07:01:53.483711+00:00,116.3,20,ask,,,11850977
2026-07-08T07:01:53.763646,2026-07-08T07:01:53.775499+00:00,116.3,20,ask,,,11850984
2026-07-08T07:01:53.980811,2026-07-08T07:01:53.991658+00:00,116.4,50,bid,,,11850995
2026-07-08T07:01:54.027951,2026-07-08T07:01:54.037995+00:00,116.3,7,ask,,,11850998
2026-07-08T07:01:55.722750,2026-07-08T07:01:55.734402+00:00,116.3,46,ask,,,11851013
2026-07-08T07:01:56.087715,2026-07-08T07:01:56.099653+00:00,116.4,50,bid,,,11851017
2026-07-08T07:01:57.431208,2026-07-08T07:01:57.442083+00:00,116.4,6,ask,,,11851040
2026-07-08T07:01:58.210854,2026-07-08T07:01:58.223132+00:00,116.5,50,bid,,,11851051
2026-07-08T07:01:58.750223,2026-07-08T07:01:58.759233+00:00,116.5,41,bid,,,11851058
2026-07-08T07:01:59.326513,2026-07-08T07:01:59.337424+00:00,116.6,8,bid,,,11851066
2026-07-08T07:01:59.940348,2026-07-08T07:01:59.949514+00:00,116.7,5,bid,,,11851075
2026-07-08T07:01:59.995984,2026-07-08T07:02:00.003486+00:00,116.5,5,ask,,,11851078
2026-07-08T07:01:59.995984,2026-07-08T07:02:00.008496+00:00,116.4,8,ask,,,11851079
2026-07-08T07:01:59.995984,2026-07-08T07:02:00.008496+00:00,116.3,30,ask,,,11851080
2026-07-08T07:02:00.318398,2026-07-08T07:02:00.326079+00:00,116.7,5,bid,,,11851082
2026-07-08T07:02:00.318398,2026-07-08T07:02:00.331101+00:00,116.8,45,bid,,,11851083
2026-07-08T07:02:01.491658,2026-07-08T07:02:01.498437+00:00,116.7,5,bid,,,11851101
2026-07-08T07:02:01.491658,2026-07-08T07:02:01.503918+00:00,116.8,38,bid,,,11851102
2026-07-08T07:02:02.441249,2026-07-08T07:02:02.449058+00:00,116.7,5,bid,,,11851117
2026-07-08T07:02:02.441249,2026-07-08T07:02:02.454049+00:00,116.8,17,bid,,,11851118
2026-07-08T07:02:02.441249,2026-07-08T07:02:02.454049+00:00,116.8,28,bid,,,11851119
2026-07-08T07:02:02.788680,2026-07-08T07:02:02.837803+00:00,116.8,3,ask,,,11851127
2026-07-08T07:02:02.841048,2026-07-08T07:02:02.853039+00:00,116.8,2,ask,,,11851132
2026-07-08T07:02:03.189765,2026-07-08T07:02:03.197653+00:00,116.7,5,ask,,,11851137
2026-07-08T07:02:04.556839,2026-07-08T07:02:04.568702+00:00,117.0,10,bid,,,11851150
2026-07-08T07:02:04.556839,2026-07-08T07:02:04.568702+00:00,117.1,40,bid,,,11851151
2026-07-08T07:02:04.697280,2026-07-08T07:02:04.707442+00:00,116.7,11,ask,,,11851153
2026-07-08T07:02:04.774521,2026-07-08T07:02:04.785438+00:00,116.7,84,ask,,,11851158
2026-07-08T07:02:04.836017,2026-07-08T07:02:04.858621+00:00,116.7,2,ask,,,11851161
2026-07-08T07:02:04.855004,2026-07-08T07:02:04.858621+00:00,116.8,5,ask,,,11851163
2026-07-08T07:02:04.866148,2026-07-08T07:02:04.876066+00:00,116.7,6,ask,,,11851166
2026-07-08T07:02:04.869338,2026-07-08T07:02:04.876066+00:00,116.6,20,ask,,,11851167
2026-07-08T07:02:04.874137,2026-07-08T07:02:04.881677+00:00,116.6,25,ask,,,11851168
2026-07-08T07:02:04.883677,2026-07-08T07:02:04.892156+00:00,116.6,25,ask,,,11851170
2026-07-08T07:02:04.893587,2026-07-08T07:02:04.902391+00:00,116.6,25,ask,,,11851172
2026-07-08T07:02:04.902910,2026-07-08T07:02:04.912873+00:00,116.6,25,ask,,,11851174
2026-07-08T07:02:04.912633,2026-07-08T07:02:04.923296+00:00,116.6,25,ask,,,11851176
2026-07-08T07:02:04.922498,2026-07-08T07:02:04.933715+00:00,116.6,5,ask,,,11851178
2026-07-08T07:02:05.761838,2026-07-08T07:02:05.777467+00:00,116.5,11,bid,,,11851195
2026-07-08T07:02:05.845325,2026-07-08T07:02:05.859584+00:00,116.5,3,bid,,,11851198
2026-07-08T07:02:05.977781,2026-07-08T07:02:05.985554+00:00,116.5,10,bid,,,11851204
2026-07-08T07:02:06.075004,2026-07-08T07:02:06.086425+00:00,116.5,35,bid,,,11851209
2026-07-08T07:02:06.164241,2026-07-08T07:02:06.176422+00:00,116.5,35,bid,,,11851212
2026-07-08T07:02:06.254243,2026-07-08T07:02:06.258635+00:00,116.5,25,bid,,,11851215
2026-07-08T07:02:06.257607,2026-07-08T07:02:06.269632+00:00,116.5,22,bid,,,11851216
2026-07-08T07:02:06.270580,2026-07-08T07:02:06.280091+00:00,116.5,9,bid,,,11851219
2026-07-08T07:02:06.275292,2026-07-08T07:02:06.285368+00:00,116.6,8,bid,,,11851220
2026-07-08T07:02:06.275292,2026-07-08T07:02:06.285368+00:00,116.7,8,bid,,,11851221
2026-07-08T07:02:06.684244,2026-07-08T07:02:06.696231+00:00,116.6,5,bid,,,11851231
2026-07-08T07:02:06.684244,2026-07-08T07:02:06.696231+00:00,116.7,45,bid,,,11851232
2026-07-08T07:02:06.879675,2026-07-08T07:02:06.886847+00:00,116.7,5,bid,,,11851236
2026-07-08T07:02:07.687377,2026-07-08T07:02:07.700588+00:00,116.6,5,bid,,,11851253
2026-07-08T07:02:07.687377,2026-07-08T07:02:07.700588+00:00,116.7,37,bid,,,11851254
2026-07-08T07:02:08.630428,2026-07-08T07:02:08.638329+00:00,116.6,5,bid,,,11851276
2026-07-08T07:02:08.634684,2026-07-08T07:02:08.643863+00:00,116.7,5,bid,,,11851277
2026-07-08T07:02:08.634684,2026-07-08T07:02:08.643863+00:00,116.7,8,bid,,,11851278
2026-07-08T07:02:08.951891,2026-07-08T07:02:08.953838+00:00,117.0,5,ask,,,11851283
2026-07-08T07:02:08.963236,2026-07-08T07:02:08.970467+00:00,116.9,20,ask,,,11851285
2026-07-08T07:02:09.086303,2026-07-08T07:02:09.095978+00:00,116.9,3,ask,,,11851287
2026-07-08T07:02:09.163002,2026-07-08T07:02:09.169556+00:00,116.9,35,ask,,,11851290
2026-07-08T07:02:09.252700,2026-07-08T07:02:09.254284+00:00,116.9,35,ask,,,11851293
2026-07-08T07:02:09.263038,2026-07-08T07:02:09.274851+00:00,116.9,7,ask,,,11851294
2026-07-08T07:02:09.263038,2026-07-08T07:02:09.274851+00:00,116.9,37,ask,,,11851295
2026-07-08T07:02:09.283553,2026-07-08T07:02:09.292608+00:00,116.9,25,ask,,,11851296
2026-07-08T07:02:09.295166,2026-07-08T07:02:09.302824+00:00,116.9,25,ask,,,11851298
2026-07-08T07:02:09.304938,2026-07-08T07:02:09.313575+00:00,116.9,25,ask,,,11851300
2026-07-08T07:02:09.362154,2026-07-08T07:02:09.370166+00:00,116.9,3,ask,,,11851305
2026-07-08T07:02:09.362154,2026-07-08T07:02:09.370166+00:00,116.9,2,ask,,,11851306
2026-07-08T07:02:10.897462,2026-07-08T07:02:10.909670+00:00,117.2,10,bid,,,11851328
2026-07-08T07:02:10.897462,2026-07-08T07:02:10.909670+00:00,117.4,40,bid,,,11851329
2026-07-08T07:02:12.223415,2026-07-08T07:02:12.235177+00:00,116.9,10,bid,,,11851345
2026-07-08T07:02:12.420028,2026-07-08T07:02:12.432018+00:00,116.9,40,bid,,,11851350
2026-07-08T07:02:13.063864,2026-07-08T07:02:13.073441+00:00,116.8,50,ask,,,11851360
2026-07-08T07:02:15.120616,2026-07-08T07:02:15.132413+00:00,116.9,50,bid,,,11851390
2026-07-08T07:02:17.278635,2026-07-08T07:02:17.290297+00:00,116.8,50,ask,,,11851425
2026-07-08T07:02:19.335280,2026-07-08T07:02:19.347361+00:00,116.9,5,bid,,,11851450
2026-07-08T07:02:19.335280,2026-07-08T07:02:19.347361+00:00,117.0,45,bid,,,11851451
2026-07-08T07:02:21.496520,2026-07-08T07:02:21.508366+00:00,116.7,5,ask,,,11851482
2026-07-08T07:02:21.496520,2026-07-08T07:02:21.508366+00:00,116.6,8,ask,,,11851483
2026-07-08T07:02:21.879100,2026-07-08T07:02:21.890863+00:00,116.6,46,ask,,,11851490
2026-07-08T07:02:23.451093,2026-07-08T07:02:23.457990+00:00,116.7,5,ask,,,11851512
2026-07-08T07:02:23.451093,2026-07-08T07:02:23.457990+00:00,116.6,36,ask,,,11851513
2026-07-08T07:02:23.605638,2026-07-08T07:02:23.617522+00:00,116.7,5,ask,,,11851516
2026-07-08T07:02:25.290174,2026-07-08T07:02:25.301165+00:00,116.7,3,bid,,,11851545
2026-07-08T07:02:25.712895,2026-07-08T07:02:25.724983+00:00,116.5,5,ask,,,11851555
2026-07-08T07:02:25.712895,2026-07-08T07:02:25.724983+00:00,116.4,45,ask,,,11851556
2026-07-08T07:02:27.143256,2026-07-08T07:02:27.151908+00:00,116.7,5,bid,,,11851574
2026-07-08T07:02:27.346306,2026-07-08T07:02:27.353767+00:00,116.8,5,bid,,,11851580
2026-07-08T07:02:27.393489,2026-07-08T07:02:27.405573+00:00,116.7,5,bid,,,11851581
2026-07-08T07:02:27.761276,2026-07-08T07:02:27.769426+00:00,116.8,5,bid,,,11851587
2026-07-08T07:02:27.807965,2026-07-08T07:02:27.819520+00:00,116.7,5,bid,,,11851588
2026-07-08T07:02:27.822254,2026-07-08T07:02:27.830272+00:00,116.5,5,ask,,,11851590
2026-07-08T07:02:27.822254,2026-07-08T07:02:27.835544+00:00,116.4,45,ask,,,11851591
2026-07-08T07:02:28.114363,2026-07-08T07:02:28.121304+00:00,116.8,42,bid,,,11851595
2026-07-08T07:02:29.955239,2026-07-08T07:02:29.963875+00:00,116.6,50,ask,,,11851613
2026-07-08T07:02:31.428066,2026-07-08T07:02:31.437592+00:00,116.7,5,bid,,,11851636
2026-07-08T07:02:31.825791,2026-07-08T07:02:31.833446+00:00,116.8,5,bid,,,11851641
2026-07-08T07:02:31.839740,2026-07-08T07:02:31.849363+00:00,116.7,5,bid,,,11851642
2026-07-08T07:02:32.067798,2026-07-08T07:02:32.079530+00:00,116.6,5,ask,,,11851650
2026-07-08T07:02:32.067798,2026-07-08T07:02:32.079530+00:00,116.5,8,ask,,,11851651
2026-07-08T07:02:32.067798,2026-07-08T07:02:32.079530+00:00,116.3,37,ask,,,11851652
2026-07-08T07:02:32.105241,2026-07-08T07:02:32.112693+00:00,116.7,8,bid,,,11851654
2026-07-08T07:02:32.109445,2026-07-08T07:02:32.118209+00:00,116.8,17,bid,,,11851655
2026-07-08T07:02:32.249756,2026-07-08T07:02:32.258646+00:00,116.7,5,bid,,,11851658
2026-07-08T07:02:32.648703,2026-07-08T07:02:32.658592+00:00,116.8,5,bid,,,11851667
2026-07-08T07:02:32.661727,2026-07-08T07:02:32.670690+00:00,116.7,5,bid,,,11851669
2026-07-08T07:02:33.066716,2026-07-08T07:02:33.077756+00:00,116.8,5,bid,,,11851678
2026-07-08T07:02:33.114466,2026-07-08T07:02:33.125139+00:00,116.7,5,bid,,,11851680
2026-07-08T07:02:33.123564,2026-07-08T07:02:33.130412+00:00,116.8,20,bid,,,11851681
2026-07-08T07:02:33.510092,2026-07-08T07:02:33.518883+00:00,116.8,5,bid,,,11851686
2026-07-08T07:02:33.553501,2026-07-08T07:02:33.558541+00:00,116.7,5,bid,,,11851689
2026-07-08T07:02:33.923267,2026-07-08T07:02:33.931657+00:00,116.8,5,bid,,,11851692
2026-07-08T07:02:33.965249,2026-07-08T07:02:33.976926+00:00,116.7,5,bid,,,11851693
2026-07-08T07:02:34.179853,2026-07-08T07:02:34.189338+00:00,116.6,5,ask,,,11851696
2026-07-08T07:02:34.179853,2026-07-08T07:02:34.189338+00:00,116.6,8,ask,,,11851697
2026-07-08T07:02:35.322245,2026-07-08T07:02:35.330069+00:00,116.8,8,bid,,,11851713
2026-07-08T07:02:35.322245,2026-07-08T07:02:35.335367+00:00,116.9,39,bid,,,11851714
2026-07-08T07:02:36.289896,2026-07-08T07:02:36.299748+00:00,116.6,8,ask,,,11851733
2026-07-08T07:02:36.289896,2026-07-08T07:02:36.299748+00:00,116.5,42,ask,,,11851734
2026-07-08T07:02:36.382228,2026-07-08T07:02:36.391606+00:00,116.7,5,bid,,,11851735
2026-07-08T07:02:36.501622,2026-07-08T07:02:36.508584+00:00,116.6,5,ask,,,11851737
2026-07-08T07:02:36.501622,2026-07-08T07:02:36.513853+00:00,116.6,8,ask,,,11851738
2026-07-08T07:02:36.501622,2026-07-08T07:02:36.513853+00:00,116.5,30,ask,,,11851739
2026-07-08T07:02:36.795133,2026-07-08T07:02:36.804115+00:00,116.7,5,bid,,,11851744
2026-07-08T07:02:36.803222,2026-07-08T07:02:36.814587+00:00,116.8,8,bid,,,11851746
2026-07-08T07:02:36.803222,2026-07-08T07:02:36.814587+00:00,116.9,12,bid,,,11851747
2026-07-08T07:02:37.453037,2026-07-08T07:02:37.457817+00:00,116.7,25,bid,,,11851759
2026-07-08T07:02:37.462103,2026-07-08T07:02:37.469056+00:00,116.7,25,bid,,,11851761
2026-07-08T07:02:37.465110,2026-07-08T07:02:37.474366+00:00,116.7,35,bid,,,11851762
2026-07-08T07:02:37.474689,2026-07-08T07:02:37.484960+00:00,116.7,25,bid,,,11851765
2026-07-08T07:02:37.483755,2026-07-08T07:02:37.490332+00:00,116.7,25,bid,,,11851767
2026-07-08T07:02:37.496978,2026-07-08T07:02:37.506140+00:00,116.7,15,bid,,,11851769
2026-07-08T07:02:38.413347,2026-07-08T07:02:38.425877+00:00,116.6,8,ask,,,11851779
2026-07-08T07:02:38.413347,2026-07-08T07:02:38.425877+00:00,116.5,42,ask,,,11851780
2026-07-08T07:02:40.281889,2026-07-08T07:02:40.293260+00:00,116.7,5,bid,,,11851801
2026-07-08T07:02:40.376880,2026-07-08T07:02:40.384970+00:00,116.8,8,bid,,,11851805
2026-07-08T07:02:40.416976,2026-07-08T07:02:40.425112+00:00,117.0,5,bid,,,11851807
2026-07-08T07:02:40.524446,2026-07-08T07:02:40.536294+00:00,116.7,5,ask,,,11851809
2026-07-08T07:02:40.524446,2026-07-08T07:02:40.536294+00:00,116.6,8,ask,,,11851810
2026-07-08T07:02:40.553179,2026-07-08T07:02:40.558568+00:00,116.9,5,bid,,,11851811
2026-07-08T07:02:42.634836,2026-07-08T07:02:42.646595+00:00,117.0,50,ask,,,11851834
2026-07-08T07:02:42.861441,2026-07-08T07:02:42.875537+00:00,117.0,3,ask,,,11851839
2026-07-08T07:02:42.879970,2026-07-08T07:02:42.895904+00:00,117.0,35,ask,,,11851843
2026-07-08T07:02:42.969711,2026-07-08T07:02:42.981211+00:00,117.0,35,ask,,,11851847
2026-07-08T07:02:43.038793,2026-07-08T07:02:43.050450+00:00,117.0,22,ask,,,11851849
2026-07-08T07:02:43.048301,2026-07-08T07:02:43.058581+00:00,116.9,3,ask,,,11851851
2026-07-08T07:02:43.068026,2026-07-08T07:02:43.075765+00:00,116.9,5,ask,,,11851852
2026-07-08T07:02:43.237196,2026-07-08T07:02:43.258824+00:00,116.6,47,ask,,,11851857
2026-07-08T07:02:43.770810,2026-07-08T07:02:43.782421+00:00,116.7,5,ask,,,11851862
2026-07-08T07:02:43.770810,2026-07-08T07:02:43.782421+00:00,116.6,8,ask,,,11851863
2026-07-08T07:02:43.778981,2026-07-08T07:02:43.799540+00:00,116.6,35,bid,,,11851864
2026-07-08T07:02:43.788707,2026-07-08T07:02:43.799540+00:00,116.6,3,bid,,,11851867
2026-07-08T07:02:43.791866,2026-07-08T07:02:43.799540+00:00,116.6,25,bid,,,11851868
2026-07-08T07:02:43.870317,2026-07-08T07:02:43.882306+00:00,116.6,35,bid,,,11851872
2026-07-08T07:02:43.963467,2026-07-08T07:02:43.975715+00:00,116.6,7,bid,,,11851875
2026-07-08T07:02:44.691064,2026-07-08T07:02:44.698878+00:00,116.5,5,bid,,,11851891
2026-07-08T07:02:44.691064,2026-07-08T07:02:44.704053+00:00,116.6,32,bid,,,11851892
2026-07-08T07:02:44.691064,2026-07-08T07:02:44.704053+00:00,116.6,8,bid,,,11851893
2026-07-08T07:02:44.691064,2026-07-08T07:02:44.704053+00:00,116.7,5,bid,,,11851894
2026-07-08T07:02:44.917672,2026-07-08T07:02:44.925720+00:00,116.7,5,bid,,,11851897
2026-07-08T07:02:45.484268,2026-07-08T07:02:45.494821+00:00,116.6,3,bid,,,11851909
2026-07-08T07:02:45.654087,2026-07-08T07:02:45.669057+00:00,116.6,2,bid,,,11851914
2026-07-08T07:02:45.744224,2026-07-08T07:02:45.764170+00:00,116.7,5,bid,,,11851917
2026-07-08T07:02:45.844522,2026-07-08T07:02:45.851212+00:00,116.6,5,bid,,,11851920
2026-07-08T07:02:46.160256,2026-07-08T07:02:46.167970+00:00,116.7,5,bid,,,11851923
2026-07-08T07:02:46.855917,2026-07-08T07:02:46.858626+00:00,116.9,1,bid,,,11851928
2026-07-08T07:02:46.881132,2026-07-08T07:02:46.889611+00:00,116.9,7,bid,,,11851929
2026-07-08T07:02:46.937632,2026-07-08T07:02:46.974269+00:00,116.9,100,ask,,,11851931
2026-07-08T07:02:46.948238,2026-07-08T07:02:46.974269+00:00,116.9,3,ask,,,11851932
2026-07-08T07:02:47.148951,2026-07-08T07:02:47.155717+00:00,117.0,2,ask,,,11851943
2026-07-08T07:02:47.385554,2026-07-08T07:02:47.395558+00:00,117.2,5,bid,,,11851950
2026-07-08T07:02:47.385554,2026-07-08T07:02:47.395558+00:00,117.3,38,bid,,,11851951
2026-07-08T07:02:47.876739,2026-07-08T07:02:47.887957+00:00,117.0,5,ask,,,11851958
2026-07-08T07:02:48.252846,2026-07-08T07:02:48.256716+00:00,116.9,5,ask,,,11851962
2026-07-08T07:02:48.888288,2026-07-08T07:02:48.896597+00:00,116.9,1,ask,,,11851973
2026-07-08T07:02:48.897032,2026-07-08T07:02:48.908944+00:00,116.9,34,ask,,,11851974
2026-07-08T07:02:48.897032,2026-07-08T07:02:48.908944+00:00,116.7,8,ask,,,11851975
2026-07-08T07:02:48.897032,2026-07-08T07:02:48.908944+00:00,116.4,4,ask,,,11851976
2026-07-08T07:02:50.917910,2026-07-08T07:02:50.925230+00:00,116.6,1,bid,,,11852000
2026-07-08T07:02:51.067458,2026-07-08T07:02:51.079533+00:00,116.4,5,ask,,,11852001
2026-07-08T07:02:51.067458,2026-07-08T07:02:51.079533+00:00,116.3,45,ask,,,11852002
2026-07-08T07:02:52.045659,2026-07-08T07:02:52.055470+00:00,116.6,3,bid,,,11852019
2026-07-08T07:02:52.157218,2026-07-08T07:02:52.169041+00:00,116.6,2,bid,,,11852023
2026-07-08T07:02:52.358782,2026-07-08T07:02:52.370432+00:00,116.7,5,bid,,,11852032
2026-07-08T07:02:52.423495,2026-07-08T07:02:52.435791+00:00,116.6,5,bid,,,11852033
2026-07-08T07:02:52.777317,2026-07-08T07:02:52.784494+00:00,116.7,5,bid,,,11852042
2026-07-08T07:02:52.896054,2026-07-08T07:02:52.908032+00:00,116.6,5,bid,,,11852043
2026-07-08T07:02:53.126156,2026-07-08T07:02:53.138105+00:00,116.7,50,bid,,,11852047
2026-07-08T07:02:53.200275,2026-07-08T07:02:53.207916+00:00,116.8,5,bid,,,11852048
2026-07-08T07:02:53.214078,2026-07-08T07:02:53.223898+00:00,116.7,5,ask,,,11852049
2026-07-08T07:02:53.359616,2026-07-08T07:02:53.368616+00:00,116.7,3,ask,,,11852051
2026-07-08T07:02:54.658559,2026-07-08T07:02:54.670521+00:00,117.0,47,bid,,,11852070
2026-07-08T07:02:55.229737,2026-07-08T07:02:55.237150+00:00,117.0,40,bid,,,11852075
2026-07-08T07:02:57.410035,2026-07-08T07:02:57.421695+00:00,116.6,5,ask,,,11852097
2026-07-08T07:02:57.410035,2026-07-08T07:02:57.421695+00:00,116.5,45,ask,,,11852098
2026-07-08T07:02:57.968681,2026-07-08T07:02:57.979618+00:00,116.6,1,ask,,,11852105
2026-07-08T07:02:58.815900,2026-07-08T07:02:58.827940+00:00,116.8,5,bid,,,11852115
2026-07-08T07:02:59.388078,2026-07-08T07:02:59.395366+00:00,116.6,5,ask,,,11852123
2026-07-08T07:02:59.388078,2026-07-08T07:02:59.400610+00:00,116.5,42,ask,,,11852124
2026-07-08T07:02:59.468604,2026-07-08T07:02:59.480472+00:00,116.9,5,bid,,,11852125
2026-07-08T07:02:59.468604,2026-07-08T07:02:59.480472+00:00,117.0,45,bid,,,11852126
2026-07-08T07:03:01.633028,2026-07-08T07:03:01.644000+00:00,116.7,50,ask,,,11852156
2026-07-08T07:03:03.741784,2026-07-08T07:03:03.758584+00:00,116.6,5,ask,,,11852182
2026-07-08T07:03:03.741784,2026-07-08T07:03:03.758584+00:00,116.5,45,ask,,,11852183
2026-07-08T07:03:04.804148,2026-07-08T07:03:04.816161+00:00,116.8,5,bid,,,11852199
2026-07-08T07:03:04.804148,2026-07-08T07:03:04.816161+00:00,116.9,8,bid,,,11852200
2026-07-08T07:03:04.804148,2026-07-08T07:03:04.816161+00:00,117.0,28,bid,,,11852201
2026-07-08T07:03:05.427405,2026-07-08T07:03:05.439405+00:00,116.9,5,bid,,,11852217
2026-07-08T07:03:05.482641,2026-07-08T07:03:05.490938+00:00,117.0,5,bid,,,11852219
2026-07-08T07:03:05.815504,2026-07-08T07:03:05.827204+00:00,116.9,5,bid,,,11852224
2026-07-08T07:03:05.815504,2026-07-08T07:03:05.827204+00:00,117.0,45,bid,,,11852225
2026-07-08T07:03:06.945121,2026-07-08T07:03:06.956684+00:00,116.7,5,ask,,,11852253
2026-07-08T07:03:07.291350,2026-07-08T07:03:07.303363+00:00,116.7,5,ask,,,11852256
2026-07-08T07:03:07.981678,2026-07-08T07:03:07.990273+00:00,116.6,50,ask,,,11852262
2026-07-08T07:03:08.466289,2026-07-08T07:03:08.474227+00:00,116.6,41,ask,,,11852271
2026-07-08T07:03:08.923905,2026-07-08T07:03:08.932446+00:00,116.7,8,ask,,,11852280
2026-07-08T07:03:08.923905,2026-07-08T07:03:08.932446+00:00,116.6,32,ask,,,11852281
2026-07-08T07:03:09.104426,2026-07-08T07:03:09.113418+00:00,116.5,3,bid,,,11852283
2026-07-08T07:03:09.264180,2026-07-08T07:03:09.271053+00:00,116.5,20,bid,,,11852288
2026-07-08T07:03:09.528100,2026-07-08T07:03:09.536195+00:00,116.5,20,bid,,,11852292
2026-07-08T07:03:09.797413,2026-07-08T07:03:09.807003+00:00,116.5,20,bid,,,11852299
2026-07-08T07:03:10.064958,2026-07-08T07:03:10.074520+00:00,116.5,6,bid,,,11852304
2026-07-08T07:03:10.467178,2026-07-08T07:03:10.475583+00:00,116.5,3,bid,,,11852312
2026-07-08T07:03:10.597013,2026-07-08T07:03:10.609345+00:00,116.5,48,bid,,,11852314
2026-07-08T07:03:10.733557,2026-07-08T07:03:10.744956+00:00,116.5,1,bid,,,11852319
2026-07-08T07:03:12.230368,2026-07-08T07:03:12.248411+00:00,116.5,50,ask,,,11852335
2026-07-08T07:03:14.098923,2026-07-08T07:03:14.109194+00:00,116.6,5,ask,,,11852358
2026-07-08T07:03:14.110760,2026-07-08T07:03:14.122580+00:00,116.5,45,ask,,,11852359
2026-07-08T07:03:14.345302,2026-07-08T07:03:14.355195+00:00,116.5,50,ask,,,11852363
2026-07-08T07:03:14.668787,2026-07-08T07:03:14.680726+00:00,116.6,1,bid,,,11852365
2026-07-08T07:03:14.668787,2026-07-08T07:03:14.680726+00:00,116.8,8,bid,,,11852366
2026-07-08T07:03:14.668787,2026-07-08T07:03:14.680726+00:00,116.9,36,bid,,,11852367
2026-07-08T07:03:15.456230,2026-07-08T07:03:15.465817+00:00,116.6,5,ask,,,11852374
2026-07-08T07:03:15.456230,2026-07-08T07:03:15.465817+00:00,116.6,100,ask,,,11852375
2026-07-08T07:03:15.456230,2026-07-08T07:03:15.512965+00:00,116.5,8,ask,,,11852376
2026-07-08T07:03:15.499287,2026-07-08T07:03:15.512965+00:00,116.4,11,bid,,,11852377
2026-07-08T07:03:15.644736,2026-07-08T07:03:15.652155+00:00,116.4,10,bid,,,11852379
2026-07-08T07:03:15.691900,2026-07-08T07:03:15.704729+00:00,116.3,5,bid,,,11852382
2026-07-08T07:03:15.910159,2026-07-08T07:03:15.919716+00:00,116.4,3,bid,,,11852386
2026-07-08T07:03:16.106123,2026-07-08T07:03:16.112733+00:00,116.4,5,bid,,,11852388
2026-07-08T07:03:16.121405,2026-07-08T07:03:16.135064+00:00,116.3,5,bid,,,11852390
2026-07-08T07:03:16.121405,2026-07-08T07:03:16.135064+00:00,116.4,8,bid,,,11852391
2026-07-08T07:03:16.183791,2026-07-08T07:03:16.192671+00:00,116.5,8,bid,,,11852394
2026-07-08T07:03:16.370209,2026-07-08T07:03:16.382795+00:00,116.5,5,ask,,,11852396
2026-07-08T07:03:16.455888,2026-07-08T07:03:16.464353+00:00,116.5,3,ask,,,11852401
2026-07-08T07:03:16.455888,2026-07-08T07:03:16.469310+00:00,116.4,2,ask,,,11852402
2026-07-08T07:03:16.455888,2026-07-08T07:03:16.469310+00:00,116.1,5,ask,,,11852403
2026-07-08T07:03:16.455888,2026-07-08T07:03:16.469310+00:00,115.9,40,ask,,,11852404
2026-07-08T07:03:16.831787,2026-07-08T07:03:16.843583+00:00,116.6,8,bid,,,11852411
2026-07-08T07:03:16.831787,2026-07-08T07:03:16.843583+00:00,116.9,5,bid,,,11852412
2026-07-08T07:03:17.359553,2026-07-08T07:03:17.371899+00:00,116.5,5,ask,,,11852420
2026-07-08T07:03:18.520176,2026-07-08T07:03:18.535515+00:00,116.5,5,bid,,,11852435
2026-07-08T07:03:18.520176,2026-07-08T07:03:18.541143+00:00,116.6,8,bid,,,11852436
2026-07-08T07:03:18.998598,2026-07-08T07:03:19.009397+00:00,116.8,5,bid,,,11852440
2026-07-08T07:03:19.150980,2026-07-08T07:03:19.176480+00:00,116.7,5,bid,,,11852444
2026-07-08T07:03:19.164895,2026-07-08T07:03:19.176480+00:00,116.7,6,ask,,,11852445
2026-07-08T07:03:19.421268,2026-07-08T07:03:19.429662+00:00,116.8,5,bid,,,11852450
2026-07-08T07:03:19.520386,2026-07-08T07:03:19.529316+00:00,116.7,3,ask,,,11852451
2026-07-08T07:03:20.635373,2026-07-08T07:03:20.647586+00:00,116.7,5,bid,,,11852467
2026-07-08T07:03:20.635373,2026-07-08T07:03:20.647586+00:00,116.8,45,bid,,,11852468
2026-07-08T07:03:20.651324,2026-07-08T07:03:20.654519+00:00,116.8,5,bid,,,11852469
2026-07-08T07:03:20.714893,2026-07-08T07:03:20.723390+00:00,116.7,5,bid,,,11852473
2026-07-08T07:03:21.072976,2026-07-08T07:03:21.081524+00:00,116.8,5,bid,,,11852479
2026-07-08T07:03:21.792305,2026-07-08T07:03:21.804472+00:00,116.5,5,ask,,,11852487
2026-07-08T07:03:21.792305,2026-07-08T07:03:21.804472+00:00,116.4,8,ask,,,11852488
2026-07-08T07:03:21.792305,2026-07-08T07:03:21.804472+00:00,116.4,35,ask,,,11852489
2026-07-08T07:03:22.290325,2026-07-08T07:03:22.299681+00:00,116.5,5,ask,,,11852502
2026-07-08T07:03:22.769569,2026-07-08T07:03:22.784703+00:00,116.8,50,bid,,,11852513
2026-07-08T07:03:23.680745,2026-07-08T07:03:23.692321+00:00,116.5,5,ask,,,11852521
2026-07-08T07:03:24.590938,2026-07-08T07:03:24.598803+00:00,116.5,5,ask,,,11852530
2026-07-08T07:03:25.377273,2026-07-08T07:03:25.385245+00:00,116.6,49,bid,,,11852545
2026-07-08T07:03:26.250070,2026-07-08T07:03:26.259648+00:00,116.6,3,bid,,,11852562
2026-07-08T07:03:27.038611,2026-07-08T07:03:27.047033+00:00,116.3,50,ask,,,11852577
2026-07-08T07:03:29.146260,2026-07-08T07:03:29.152966+00:00,116.6,2,ask,,,11852604
2026-07-08T07:03:29.146260,2026-07-08T07:03:29.152966+00:00,116.5,48,ask,,,11852605
2026-07-08T07:03:29.692332,2026-07-08T07:03:29.703038+00:00,116.7,5,bid,,,11852619
2026-07-08T07:03:29.713325,2026-07-08T07:03:29.724816+00:00,116.8,5,bid,,,11852620
2026-07-08T07:03:30.189279,2026-07-08T07:03:30.201015+00:00,116.7,5,bid,,,11852627
2026-07-08T07:03:31.231902,2026-07-08T07:03:31.247599+00:00,116.6,3,ask,,,11852642
2026-07-08T07:03:31.292257,2026-07-08T07:03:31.304506+00:00,116.6,2,ask,,,11852644
2026-07-08T07:03:31.292257,2026-07-08T07:03:31.304506+00:00,116.5,8,ask,,,11852645
2026-07-08T07:03:31.292257,2026-07-08T07:03:31.304506+00:00,116.4,40,ask,,,11852646
2026-07-08T07:03:31.363196,2026-07-08T07:03:31.371613+00:00,116.4,5,ask,,,11852650
2026-07-08T07:03:31.591362,2026-07-08T07:03:31.603028+00:00,116.5,5,ask,,,11852654
2026-07-08T07:03:31.591362,2026-07-08T07:03:31.603028+00:00,116.4,15,ask,,,11852655
2026-07-08T07:03:31.778283,2026-07-08T07:03:31.786458+00:00,116.4,5,ask,,,11852661
2026-07-08T07:03:31.873406,2026-07-08T07:03:31.880953+00:00,116.4,20,ask,,,11852664
2026-07-08T07:03:32.138974,2026-07-08T07:03:32.145547+00:00,116.4,15,ask,,,11852669
2026-07-08T07:03:32.138974,2026-07-08T07:03:32.145547+00:00,116.4,5,ask,,,11852670
2026-07-08T07:03:32.263660,2026-07-08T07:03:32.274032+00:00,116.5,5,ask,,,11852673
2026-07-08T07:03:32.405130,2026-07-08T07:03:32.416743+00:00,116.4,9,ask,,,11852675
2026-07-08T07:03:32.597869,2026-07-08T07:03:32.606310+00:00,116.4,5,ask,,,11852676
2026-07-08T07:03:34.464294,2026-07-08T07:03:34.473176+00:00,116.6,5,ask,,,11852696
2026-07-08T07:03:34.464294,2026-07-08T07:03:34.478145+00:00,116.5,8,ask,,,11852697
2026-07-08T07:03:35.529616,2026-07-08T07:03:35.541786+00:00,116.1,50,ask,,,11852708
2026-07-08T07:03:37.314530,2026-07-08T07:03:37.325405+00:00,116.4,5,bid,,,11852735
2026-07-08T07:03:37.639991,2026-07-08T07:03:37.651270+00:00,115.8,50,ask,,,11852742
2026-07-08T07:03:37.906933,2026-07-08T07:03:37.921165+00:00,116.1,3,bid,,,11852748
2026-07-08T07:03:38.303774,2026-07-08T07:03:38.313336+00:00,116.2,3,bid,,,11852753
2026-07-08T07:03:38.877570,2026-07-08T07:03:38.889034+00:00,115.8,45,ask,,,11852756
2026-07-08T07:03:39.348752,2026-07-08T07:03:39.358572+00:00,116.1,5,bid,,,11852768
2026-07-08T07:03:39.348752,2026-07-08T07:03:39.358572+00:00,116.2,35,bid,,,11852769
2026-07-08T07:03:39.529228,2026-07-08T07:03:39.536588+00:00,116.2,5,bid,,,11852771
2026-07-08T07:03:40.416760,2026-07-08T07:03:40.428086+00:00,116.1,5,bid,,,11852783
2026-07-08T07:03:40.471422,2026-07-08T07:03:40.483655+00:00,115.8,5,ask,,,11852785
2026-07-08T07:03:40.471422,2026-07-08T07:03:40.483655+00:00,115.8,35,ask,,,11852786
2026-07-08T07:03:40.819456,2026-07-08T07:03:40.828576+00:00,115.8,34,bid,,,11852791
2026-07-08T07:03:40.928759,2026-07-08T07:03:40.938738+00:00,115.8,20,bid,,,11852793
2026-07-08T07:03:41.169263,2026-07-08T07:03:41.180902+00:00,115.8,5,bid,,,11852801
2026-07-08T07:03:41.187258,2026-07-08T07:03:41.197205+00:00,115.7,5,bid,,,11852802
2026-07-08T07:03:41.199752,2026-07-08T07:03:41.212763+00:00,115.8,20,bid,,,11852804
2026-07-08T07:03:41.357294,2026-07-08T07:03:41.367042+00:00,115.8,21,bid,,,11852811
2026-07-08T07:03:41.467422,2026-07-08T07:03:41.475764+00:00,116.0,20,bid,,,11852812
2026-07-08T07:03:41.581648,2026-07-08T07:03:41.590335+00:00,116.0,5,bid,,,11852816
2026-07-08T07:03:41.740726,2026-07-08T07:03:41.752526+00:00,116.0,9,bid,,,11852823
2026-07-08T07:03:41.841976,2026-07-08T07:03:41.853869+00:00,116.0,50,bid,,,11852825
2026-07-08T07:03:42.021567,2026-07-08T07:03:42.030830+00:00,115.8,1,ask,,,11852827
2026-07-08T07:03:42.826755,2026-07-08T07:03:42.838732+00:00,115.8,3,bid,,,11852837
2026-07-08T07:03:43.094204,2026-07-08T07:03:43.105931+00:00,115.8,1,bid,,,11852843
2026-07-08T07:03:43.207274,2026-07-08T07:03:43.215344+00:00,116.0,4,bid,,,11852846
2026-07-08T07:03:43.937089,2026-07-08T07:03:43.947901+00:00,115.9,5,bid,,,11852857
2026-07-08T07:03:44.002558,2026-07-08T07:03:44.014449+00:00,116.0,15,ask,,,11852862
2026-07-08T07:03:44.024905,2026-07-08T07:03:44.035039+00:00,116.2,5,bid,,,11852864
2026-07-08T07:03:44.181523,2026-07-08T07:03:44.176247+00:00,116.2,45,bid,,,11852866
2026-07-08T07:03:46.062341,2026-07-08T07:03:46.074000+00:00,116.2,50,bid,,,11852899
2026-07-08T07:03:48.194082,2026-07-08T07:03:48.207128+00:00,116.4,5,bid,,,11852927
2026-07-08T07:03:48.194082,2026-07-08T07:03:48.212146+00:00,116.5,45,bid,,,11852928
2026-07-08T07:03:48.492164,2026-07-08T07:03:48.501123+00:00,116.1,5,ask,,,11852932
2026-07-08T07:03:50.066866,2026-07-08T07:03:50.074265+00:00,116.0,44,ask,,,11852958
2026-07-08T07:03:50.315104,2026-07-08T07:03:50.323548+00:00,116.4,5,bid,,,11852962
2026-07-08T07:03:50.315104,2026-07-08T07:03:50.328799+00:00,116.5,45,bid,,,11852963
2026-07-08T07:03:50.540339,2026-07-08T07:03:50.549505+00:00,116.1,5,ask,,,11852967
2026-07-08T07:03:51.266412,2026-07-08T07:03:51.276988+00:00,116.0,2,ask,,,11852986
2026-07-08T07:03:51.354396,2026-07-08T07:03:51.368656+00:00,116.0,40,ask,,,11852991
2026-07-08T07:03:51.464282,2026-07-08T07:03:51.474899+00:00,116.0,20,ask,,,11852993
2026-07-08T07:03:51.730541,2026-07-08T07:03:51.740432+00:00,116.0,20,ask,,,11852997
2026-07-08T07:03:52.509751,2026-07-08T07:03:52.521850+00:00,116.0,18,ask,,,11853006
2026-07-08T07:03:52.509751,2026-07-08T07:03:52.521850+00:00,116.0,32,ask,,,11853007
2026-07-08T07:03:54.369617,2026-07-08T07:03:54.381458+00:00,116.2,43,bid,,,11853019
2026-07-08T07:03:54.618214,2026-07-08T07:03:54.629902+00:00,115.8,50,ask,,,11853023
2026-07-08T07:03:55.925180,2026-07-08T07:03:55.937187+00:00,116.1,5,bid,,,11853044
2026-07-08T07:03:55.925180,2026-07-08T07:03:55.937187+00:00,116.2,43,bid,,,11853045
2026-07-08T07:03:56.237833,2026-07-08T07:03:56.245686+00:00,116.2,5,bid,,,11853052
2026-07-08T07:03:56.463003,2026-07-08T07:03:56.474853+00:00,116.1,5,bid,,,11853054
2026-07-08T07:03:56.518252,2026-07-08T07:03:56.526388+00:00,115.8,48,ask,,,11853055
2026-07-08T07:03:56.651160,2026-07-08T07:03:56.658451+00:00,116.2,100,ask,,,11853058
2026-07-08T07:03:56.656238,2026-07-08T07:03:56.663766+00:00,116.1,5,bid,,,11853059
2026-07-08T07:03:56.707342,2026-07-08T07:03:56.716638+00:00,116.1,45,bid,,,11853062
2026-07-08T07:03:56.707342,2026-07-08T07:03:56.716638+00:00,116.6,5,bid,,,11853063
2026-07-08T07:03:57.006480,2026-07-08T07:03:57.018408+00:00,116.4,8,bid,,,11853064
2026-07-08T07:03:57.006480,2026-07-08T07:03:57.018408+00:00,116.7,41,bid,,,11853065
2026-07-08T07:03:59.778010,2026-07-08T07:03:59.790683+00:00,116.3,5,bid,,,11853107
2026-07-08T07:03:59.980214,2026-07-08T07:03:59.989854+00:00,116.4,5,bid,,,11853111
2026-07-08T07:04:00.938693,2026-07-08T07:04:00.952097+00:00,116.6,5,bid,,,11853121
2026-07-08T07:04:00.938693,2026-07-08T07:04:00.952097+00:00,116.7,45,bid,,,11853122
2026-07-08T07:04:01.206339,2026-07-08T07:04:01.215088+00:00,116.7,5,bid,,,11853127
2026-07-08T07:04:01.772789,2026-07-08T07:04:01.782306+00:00,116.4,5,ask,,,11853136
2026-07-08T07:04:03.050551,2026-07-08T07:04:03.057076+00:00,116.8,50,bid,,,11853153
2026-07-08T07:04:03.994132,2026-07-08T07:04:04.006305+00:00,116.3,44,ask,,,11853160
2026-07-08T07:04:05.213393,2026-07-08T07:04:05.225088+00:00,116.3,50,ask,,,11853180
2026-07-08T07:04:07.323118,2026-07-08T07:04:07.334780+00:00,116.2,50,ask,,,11853215
2026-07-08T07:04:09.382446,2026-07-08T07:04:09.389423+00:00,116.6,8,bid,,,11853248
2026-07-08T07:04:09.382446,2026-07-08T07:04:09.394744+00:00,116.7,42,bid,,,11853249
2026-07-08T07:04:10.629754,2026-07-08T07:04:10.641331+00:00,116.3,41,ask,,,11853262
2026-07-08T07:04:11.541602,2026-07-08T07:04:11.554553+00:00,116.3,50,ask,,,11853269
2026-07-08T07:04:12.779220,2026-07-08T07:04:12.787459+00:00,116.4,45,bid,,,11853281
2026-07-08T07:04:13.661233,2026-07-08T07:04:13.672893+00:00,116.3,50,ask,,,11853296
2026-07-08T07:04:14.926393,2026-07-08T07:04:14.941525+00:00,116.4,5,bid,,,11853308
2026-07-08T07:04:15.705535,2026-07-08T07:04:15.714341+00:00,116.8,30,bid,,,11853322
2026-07-08T07:04:15.717090,2026-07-08T07:04:15.725042+00:00,116.8,50,bid,,,11853323
2026-07-08T07:04:17.396204,2026-07-08T07:04:17.407126+00:00,116.8,20,bid,,,11853344
2026-07-08T07:04:17.396204,2026-07-08T07:04:17.407126+00:00,116.8,22,bid,,,11853345
2026-07-08T07:04:17.880680,2026-07-08T07:04:17.890753+00:00,116.3,50,ask,,,11853347
2026-07-08T07:04:17.906938,2026-07-08T07:04:17.913595+00:00,116.3,41,ask,,,11853350
2026-07-08T07:04:19.992862,2026-07-08T07:04:20.003652+00:00,116.4,50,ask,,,11853380
2026-07-08T07:04:20.527433,2026-07-08T07:04:20.529662+00:00,116.7,5,bid,,,11853384
2026-07-08T07:04:20.527433,2026-07-08T07:04:20.541887+00:00,116.7,8,bid,,,11853385
2026-07-08T07:04:20.527433,2026-07-08T07:04:20.541887+00:00,116.8,27,bid,,,11853386
2026-07-08T07:04:20.655363,2026-07-08T07:04:20.667043+00:00,116.8,5,bid,,,11853388
2026-07-08T07:04:22.636177,2026-07-08T07:04:22.648686+00:00,116.4,8,ask,,,11853416
2026-07-08T07:04:22.636177,2026-07-08T07:04:22.648686+00:00,116.3,37,ask,,,11853417
2026-07-08T07:04:23.139792,2026-07-08T07:04:23.148458+00:00,116.3,41,ask,,,11853427
2026-07-08T07:04:24.233728,2026-07-08T07:04:24.244050+00:00,116.3,22,ask,,,11853437
2026-07-08T07:04:24.233728,2026-07-08T07:04:24.244050+00:00,116.3,8,ask,,,11853438
2026-07-08T07:04:24.233728,2026-07-08T07:04:24.244050+00:00,116.1,20,ask,,,11853439
2026-07-08T07:04:24.775918,2026-07-08T07:04:24.784880+00:00,116.6,18,bid,,,11853446
2026-07-08T07:04:25.792808,2026-07-08T07:04:25.803248+00:00,116.2,6,ask,,,11853464
2026-07-08T07:04:26.362757,2026-07-08T07:04:26.374521+00:00,116.2,8,ask,,,11853471
2026-07-08T07:04:26.362757,2026-07-08T07:04:26.379839+00:00,116.1,42,ask,,,11853472
2026-07-08T07:04:26.810279,2026-07-08T07:04:26.820345+00:00,116.5,6,bid,,,11853478
2026-07-08T07:04:27.826925,2026-07-08T07:04:27.835591+00:00,116.5,1,bid,,,11853489
2026-07-08T07:04:28.065260,2026-07-08T07:04:28.074915+00:00,116.5,8,bid,,,11853493
2026-07-08T07:04:28.471987,2026-07-08T07:04:28.480238+00:00,116.4,8,ask,,,11853503
2026-07-08T07:04:28.471987,2026-07-08T07:04:28.485710+00:00,116.3,42,ask,,,11853504
2026-07-08T07:04:30.589752,2026-07-08T07:04:30.600382+00:00,116.4,8,ask,,,11853526
2026-07-08T07:04:30.589752,2026-07-08T07:04:30.600382+00:00,116.3,42,ask,,,11853527
2026-07-08T07:04:31.490567,2026-07-08T07:04:31.500569+00:00,116.4,4,bid,,,11853539
2026-07-08T07:04:32.041380,2026-07-08T07:04:32.050640+00:00,116.4,23,bid,,,11853549
2026-07-08T07:04:32.088687,2026-07-08T07:04:32.100459+00:00,116.4,43,bid,,,11853551
2026-07-08T07:04:32.189831,2026-07-08T07:04:32.199374+00:00,116.4,20,bid,,,11853553
2026-07-08T07:04:32.457235,2026-07-08T07:04:32.468795+00:00,116.4,15,bid,,,11853559
2026-07-08T07:04:32.698025,2026-07-08T07:04:32.705450+00:00,116.2,8,ask,,,11853565
2026-07-08T07:04:32.698025,2026-07-08T07:04:32.710695+00:00,116.1,42,ask,,,11853566
2026-07-08T07:04:32.724932,2026-07-08T07:04:32.735807+00:00,116.4,5,bid,,,11853569
2026-07-08T07:04:33.026607,2026-07-08T07:04:33.037802+00:00,116.4,2,bid,,,11853575
2026-07-08T07:04:33.297112,2026-07-08T07:04:33.308801+00:00,116.4,1,bid,,,11853579
2026-07-08T07:04:34.590317,2026-07-08T07:04:34.598332+00:00,116.4,8,bid,,,11853597
2026-07-08T07:04:34.755330,2026-07-08T07:04:34.768998+00:00,116.5,50,bid,,,11853602
2026-07-08T07:04:36.000212,2026-07-08T07:04:36.011533+00:00,116.4,12,ask,,,11853613
2026-07-08T07:04:36.804376,2026-07-08T07:04:36.815005+00:00,116.4,42,ask,,,11853632
2026-07-08T07:04:36.891094,2026-07-08T07:04:36.904068+00:00,116.5,50,bid,,,11853635
2026-07-08T07:04:36.910083,2026-07-08T07:04:36.919947+00:00,116.4,7,ask,,,11853638
2026-07-08T07:04:37.253525,2026-07-08T07:04:37.262811+00:00,116.5,8,ask,,,11853651
2026-07-08T07:04:37.928671,2026-07-08T07:04:37.938775+00:00,116.6,6,bid,,,11853659
2026-07-08T07:04:38.946669,2026-07-08T07:04:38.958609+00:00,116.7,1,bid,,,11853672
2026-07-08T07:04:39.050572,2026-07-08T07:04:39.058559+00:00,116.4,8,ask,,,11853673
2026-07-08T07:04:39.050572,2026-07-08T07:04:39.058559+00:00,116.3,42,ask,,,11853674
2026-07-08T07:04:39.837532,2026-07-08T07:04:39.849959+00:00,116.7,43,bid,,,11853686
2026-07-08T07:04:43.211127,2026-07-08T07:04:43.223113+00:00,116.6,8,bid,,,11853728
2026-07-08T07:04:43.211127,2026-07-08T07:04:43.223113+00:00,116.7,42,bid,,,11853729
2026-07-08T07:04:44.994968,2026-07-08T07:04:45.004175+00:00,116.4,2,ask,,,11853757
2026-07-08T07:04:45.319541,2026-07-08T07:04:45.330466+00:00,116.7,8,bid,,,11853766
2026-07-08T07:04:45.319541,2026-07-08T07:04:45.330466+00:00,116.8,42,bid,,,11853767
2026-07-08T07:04:46.011425,2026-07-08T07:04:46.019453+00:00,116.4,5,ask,,,11853774
2026-07-08T07:04:46.495838,2026-07-08T07:04:46.506845+00:00,116.4,8,ask,,,11853785
2026-07-08T07:04:46.524524,2026-07-08T07:04:46.533165+00:00,116.3,20,ask,,,11853788
2026-07-08T07:04:46.790460,2026-07-08T07:04:46.798859+00:00,116.3,20,ask,,,11853795
2026-07-08T07:04:47.031065,2026-07-08T07:04:47.040055+00:00,116.3,5,ask,,,11853801
2026-07-08T07:04:47.055792,2026-07-08T07:04:47.067626+00:00,116.3,4,ask,,,11853803
2026-07-08T07:04:47.306857,2026-07-08T07:04:47.315298+00:00,116.4,44,bid,,,11853806
2026-07-08T07:04:47.429381,2026-07-08T07:04:47.439909+00:00,116.4,50,bid,,,11853813
2026-07-08T07:04:47.808239,2026-07-08T07:04:47.817011+00:00,116.3,8,bid,,,11853819
2026-07-08T07:04:47.819535,2026-07-08T07:04:47.828381+00:00,116.4,6,bid,,,11853821
2026-07-08T07:04:47.844965,2026-07-08T07:04:47.854357+00:00,116.4,2,bid,,,11853823
2026-07-08T07:04:48.831984,2026-07-08T07:04:48.841388+00:00,116.1,8,ask,,,11853839
2026-07-08T07:04:48.831984,2026-07-08T07:04:48.841388+00:00,116.0,36,ask,,,11853840
2026-07-08T07:04:49.537754,2026-07-08T07:04:49.547429+00:00,116.5,50,bid,,,11853847
2026-07-08T07:04:50.406601,2026-07-08T07:04:50.416044+00:00,116.4,8,bid,,,11853857
2026-07-08T07:04:51.696451,2026-07-08T07:04:51.703909+00:00,116.6,50,ask,,,11853878
2026-07-08T07:04:51.753425,2026-07-08T07:04:51.763849+00:00,116.6,11,ask,,,11853880
2026-07-08T07:04:52.107510,2026-07-08T07:04:52.114673+00:00,116.6,31,ask,,,11853883
2026-07-08T07:04:52.107510,2026-07-08T07:04:52.114673+00:00,116.5,8,ask,,,11853884
2026-07-08T07:04:52.107510,2026-07-08T07:04:52.114673+00:00,116.4,8,ask,,,11853885
2026-07-08T07:04:53.076540,2026-07-08T07:04:53.085083+00:00,116.8,8,bid,,,11853895
2026-07-08T07:04:53.086313,2026-07-08T07:04:53.095721+00:00,116.8,4,ask,,,11853896
2026-07-08T07:04:53.807337,2026-07-08T07:04:53.819548+00:00,116.5,50,ask,,,11853909
2026-07-08T07:04:55.913064,2026-07-08T07:04:55.924840+00:00,116.5,50,ask,,,11853940
2026-07-08T07:04:56.809887,2026-07-08T07:04:56.819175+00:00,116.7,4,bid,,,11853945
2026-07-08T07:04:57.520555,2026-07-08T07:04:57.532662+00:00,116.7,48,bid,,,11853956
2026-07-08T07:04:57.971485,2026-07-08T07:04:57.983143+00:00,116.7,50,bid,,,11853965
2026-07-08T07:05:00.159273,2026-07-08T07:05:00.168735+00:00,116.6,2,ask,,,11853982
2026-07-08T07:05:01.176470,2026-07-08T07:05:01.187034+00:00,116.6,5,ask,,,11853998
2026-07-08T07:05:01.318943,2026-07-08T07:05:01.330722+00:00,116.6,49,ask,,,11854001
2026-07-08T07:05:02.237292,2026-07-08T07:05:02.249317+00:00,116.6,50,ask,,,11854013
2026-07-08T07:05:03.121413,2026-07-08T07:05:03.130553+00:00,116.5,8,ask,,,11854022
2026-07-08T07:05:03.197345,2026-07-08T07:05:03.207374+00:00,116.3,5,ask,,,11854027
2026-07-08T07:05:03.794657,2026-07-08T07:05:03.806000+00:00,116.5,11,bid,,,11854034
2026-07-08T07:05:06.331840,2026-07-08T07:05:06.342574+00:00,116.4,23,bid,,,11854075
2026-07-08T07:05:06.398761,2026-07-08T07:05:06.409333+00:00,116.4,50,bid,,,11854078
2026-07-08T07:05:06.500977,2026-07-08T07:05:06.507771+00:00,116.4,20,bid,,,11854079
2026-07-08T07:05:06.771529,2026-07-08T07:05:06.780890+00:00,116.4,20,bid,,,11854081
2026-07-08T07:05:07.036051,2026-07-08T07:05:07.048078+00:00,116.4,7,bid,,,11854084
2026-07-08T07:05:07.256635,2026-07-08T07:05:07.264197+00:00,116.4,12,bid,,,11854093
2026-07-08T07:05:07.777467,2026-07-08T07:05:07.787683+00:00,116.4,18,bid,,,11854107
2026-07-08T07:05:07.777467,2026-07-08T07:05:07.787683+00:00,116.6,30,bid,,,11854108
2026-07-08T07:05:08.341815,2026-07-08T07:05:08.354175+00:00,116.6,47,bid,,,11854114
2026-07-08T07:05:08.504571,2026-07-08T07:05:08.516651+00:00,116.6,23,bid,,,11854118
2026-07-08T07:05:08.504571,2026-07-08T07:05:08.516651+00:00,116.6,8,bid,,,11854119
2026-07-08T07:05:09.494861,2026-07-08T07:05:09.505026+00:00,116.6,34,ask,,,11854130
2026-07-08T07:05:09.541163,2026-07-08T07:05:09.552890+00:00,116.6,20,ask,,,11854134
2026-07-08T07:05:09.809772,2026-07-08T07:05:09.821576+00:00,116.6,20,ask,,,11854142
2026-07-08T07:05:10.075187,2026-07-08T07:05:10.086761+00:00,116.6,8,ask,,,11854148
2026-07-08T07:05:10.288216,2026-07-08T07:05:10.299300+00:00,116.6,7,ask,,,11854156
2026-07-08T07:05:10.614461,2026-07-08T07:05:10.621488+00:00,117.0,50,bid,,,11854158
2026-07-08T07:05:10.953767,2026-07-08T07:05:10.965598+00:00,116.6,48,ask,,,11854161
2026-07-08T07:05:11.495984,2026-07-08T07:05:11.504979+00:00,116.6,12,ask,,,11854170
2026-07-08T07:05:12.311392,2026-07-08T07:05:12.321921+00:00,116.6,1,ask,,,11854184
2026-07-08T07:05:12.592624,2026-07-08T07:05:12.601549+00:00,116.6,10,bid,,,11854189
2026-07-08T07:05:12.651458,2026-07-08T07:05:12.660340+00:00,116.6,90,ask,,,11854190
2026-07-08T07:05:12.725819,2026-07-08T07:05:12.737954+00:00,116.4,50,bid,,,11854193
2026-07-08T07:05:12.825927,2026-07-08T07:05:12.838135+00:00,116.4,10,bid,,,11854194
2026-07-08T07:05:12.825927,2026-07-08T07:05:12.838135+00:00,116.4,8,bid,,,11854195
2026-07-08T07:05:13.329100,2026-07-08T07:05:13.339787+00:00,116.2,8,ask,,,11854201
2026-07-08T07:05:14.345372,2026-07-08T07:05:14.375459+00:00,116.2,8,ask,,,11854220
2026-07-08T07:05:14.365144,2026-07-08T07:05:14.375459+00:00,116.2,1,bid,,,11854221
2026-07-08T07:05:14.833882,2026-07-08T07:05:14.841390+00:00,116.7,8,bid,,,11854230
2026-07-08T07:05:14.833882,2026-07-08T07:05:14.846754+00:00,117.1,42,bid,,,11854231
2026-07-08T07:05:15.775834,2026-07-08T07:05:15.786823+00:00,116.6,7,ask,,,11854239
2026-07-08T07:05:16.941132,2026-07-08T07:05:16.953039+00:00,117.0,50,bid,,,11854262
2026-07-08T07:05:17.102636,2026-07-08T07:05:17.112469+00:00,116.6,12,ask,,,11854263
2026-07-08T07:05:17.931556,2026-07-08T07:05:17.940906+00:00,116.6,46,ask,,,11854284
2026-07-08T07:05:18.393410,2026-07-08T07:05:18.402855+00:00,117.0,47,bid,,,11854290
2026-07-08T07:05:18.935174,2026-07-08T07:05:18.945916+00:00,116.9,11,ask,,,11854300
2026-07-08T07:05:18.978059,2026-07-08T07:05:18.987311+00:00,116.9,89,ask,,,11854303
2026-07-08T07:05:19.385402,2026-07-08T07:05:19.395950+00:00,116.4,13,ask,,,11854311
2026-07-08T07:05:20.863528,2026-07-08T07:05:20.884580+00:00,116.9,40,bid,,,11854326
2026-07-08T07:05:21.157802,2026-07-08T07:05:21.169706+00:00,116.9,21,bid,,,11854329
2026-07-08T07:05:21.157802,2026-07-08T07:05:21.169706+00:00,116.9,8,bid,,,11854330
2026-07-08T07:05:22.118419,2026-07-08T07:05:22.128420+00:00,116.8,3,ask,,,11854344
2026-07-08T07:05:22.201920,2026-07-08T07:05:22.210957+00:00,116.8,20,ask,,,11854348
2026-07-08T07:05:22.467261,2026-07-08T07:05:22.479213+00:00,116.8,11,ask,,,11854353
2026-07-08T07:05:23.272387,2026-07-08T07:05:23.281266+00:00,117.0,50,bid,,,11854366
2026-07-08T07:05:23.729171,2026-07-08T07:05:23.741099+00:00,116.8,43,ask,,,11854372
2026-07-08T07:05:25.379672,2026-07-08T07:05:25.391595+00:00,117.1,50,bid,,,11854389
2026-07-08T07:05:26.276088,2026-07-08T07:05:26.287889+00:00,116.7,40,ask,,,11854400
2026-07-08T07:05:26.763481,2026-07-08T07:05:26.775217+00:00,117.1,45,bid,,,11854403
2026-07-08T07:05:27.488355,2026-07-08T07:05:27.500051+00:00,117.1,50,bid,,,11854408
2026-07-08T07:05:28.484789,2026-07-08T07:05:28.496874+00:00,117.1,100,ask,,,11854425
2026-07-08T07:05:29.454384,2026-07-08T07:05:29.465480+00:00,117.1,50,ask,,,11854437
2026-07-08T07:05:29.560364,2026-07-08T07:05:29.570059+00:00,117.0,8,bid,,,11854438
2026-07-08T07:05:29.560364,2026-07-08T07:05:29.570059+00:00,117.1,2,bid,,,11854439
2026-07-08T07:05:29.606242,2026-07-08T07:05:29.618018+00:00,117.5,10,bid,,,11854441
2026-07-08T07:05:29.606242,2026-07-08T07:05:29.618018+00:00,117.6,40,bid,,,11854442
2026-07-08T07:05:29.615882,2026-07-08T07:05:29.623483+00:00,116.5,49,ask,,,11854443
2026-07-08T07:05:31.701842,2026-07-08T07:05:31.713953+00:00,117.2,8,bid,,,11854465
2026-07-08T07:05:31.701842,2026-07-08T07:05:31.713953+00:00,117.2,2,bid,,,11854466
2026-07-08T07:05:31.715628,2026-07-08T07:05:31.724532+00:00,117.2,50,bid,,,11854467
2026-07-08T07:05:32.164425,2026-07-08T07:05:32.173973+00:00,116.8,8,ask,,,11854475
2026-07-08T07:05:32.164425,2026-07-08T07:05:32.173973+00:00,116.7,40,ask,,,11854476
2026-07-08T07:05:33.823373,2026-07-08T07:05:33.832387+00:00,117.1,8,bid,,,11854504
2026-07-08T07:05:33.823373,2026-07-08T07:05:33.832387+00:00,117.2,42,bid,,,11854505
2026-07-08T07:05:35.931074,2026-07-08T07:05:35.942347+00:00,117.0,10,bid,,,11854529
2026-07-08T07:05:35.931074,2026-07-08T07:05:35.942347+00:00,117.1,40,bid,,,11854530
2026-07-08T07:05:35.936771,2026-07-08T07:05:35.947632+00:00,117.1,41,bid,,,11854531
2026-07-08T07:05:36.966259,2026-07-08T07:05:36.975207+00:00,116.7,40,ask,,,11854545
2026-07-08T07:05:37.935910,2026-07-08T07:05:37.942875+00:00,117.1,8,bid,,,11854560
2026-07-08T07:05:38.069529,2026-07-08T07:05:38.081495+00:00,117.1,50,bid,,,11854563
2026-07-08T07:05:40.280591,2026-07-08T07:05:40.291556+00:00,116.9,50,ask,,,11854594
2026-07-08T07:05:43.921952,2026-07-08T07:05:43.933667+00:00,117.3,45,bid,,,11854642
2026-07-08T07:05:45.243682,2026-07-08T07:05:45.255793+00:00,117.0,3,ask,,,11854659
2026-07-08T07:05:45.735638,2026-07-08T07:05:45.745508+00:00,117.0,3,ask,,,11854663
2026-07-08T07:05:45.746877,2026-07-08T07:05:45.756151+00:00,117.1,8,ask,,,11854665
2026-07-08T07:05:45.787220,2026-07-08T07:05:45.797733+00:00,117.0,35,ask,,,11854668
2026-07-08T07:05:45.801843,2026-07-08T07:05:45.813570+00:00,117.0,5,ask,,,11854669
2026-07-08T07:05:45.821692,2026-07-08T07:05:45.829438+00:00,117.0,3,ask,,,11854672
2026-07-08T07:05:45.865584,2026-07-08T07:05:45.877611+00:00,117.0,43,ask,,,11854673
2026-07-08T07:05:45.875396,2026-07-08T07:05:45.882654+00:00,117.0,25,ask,,,11854675
2026-07-08T07:05:45.878671,2026-07-08T07:05:45.888272+00:00,117.0,33,ask,,,11854676
2026-07-08T07:05:46.129966,2026-07-08T07:05:46.141115+00:00,117.0,8,ask,,,11854680
2026-07-08T07:05:46.390143,2026-07-08T07:05:46.400875+00:00,116.9,3,ask,,,11854686
2026-07-08T07:05:46.463968,2026-07-08T07:05:46.473142+00:00,117.0,8,ask,,,11854688
2026-07-08T07:05:46.597703,2026-07-08T07:05:46.609545+00:00,116.9,50,ask,,,11854690
2026-07-08T07:05:46.803168,2026-07-08T07:05:46.812945+00:00,117.0,8,ask,,,11854694
2026-07-08T07:05:47.056711,2026-07-08T07:05:47.063822+00:00,116.9,35,ask,,,11854702
2026-07-08T07:05:47.146507,2026-07-08T07:05:47.158718+00:00,116.9,12,ask,,,11854704
2026-07-08T07:05:47.412053,2026-07-08T07:05:47.426466+00:00,116.6,8,bid,,,11854705
2026-07-08T07:05:47.533895,2026-07-08T07:05:47.550969+00:00,116.6,3,bid,,,11854707
2026-07-08T07:05:47.551741,2026-07-08T07:05:47.566211+00:00,116.6,10,bid,,,11854710
2026-07-08T07:05:47.557125,2026-07-08T07:05:47.566211+00:00,116.6,25,bid,,,11854711
2026-07-08T07:05:47.561107,2026-07-08T07:05:47.572080+00:00,116.6,35,bid,,,11854712
2026-07-08T07:05:47.597363,2026-07-08T07:05:47.608769+00:00,116.6,5,bid,,,11854718
2026-07-08T07:05:47.601482,2026-07-08T07:05:47.608769+00:00,116.6,2,bid,,,11854719
2026-07-08T07:05:47.651815,2026-07-08T07:05:47.658433+00:00,116.6,35,bid,,,11854721
2026-07-08T07:05:47.741991,2026-07-08T07:05:47.753692+00:00,116.6,35,bid,,,11854723
2026-07-08T07:05:47.831972,2026-07-08T07:05:47.843594+00:00,116.6,8,bid,,,11854728
2026-07-08T07:05:48.048679,2026-07-08T07:05:48.058557+00:00,116.7,8,bid,,,11854730
2026-07-08T07:05:48.048679,2026-07-08T07:05:48.058557+00:00,116.8,35,bid,,,11854731
2026-07-08T07:05:48.719200,2026-07-08T07:05:48.730687+00:00,116.3,50,ask,,,11854737
2026-07-08T07:05:50.260744,2026-07-08T07:05:50.272629+00:00,116.8,43,bid,,,11854759
2026-07-08T07:05:50.632323,2026-07-08T07:05:50.643876+00:00,116.8,8,bid,,,11854764
2026-07-08T07:05:50.826776,2026-07-08T07:05:50.838689+00:00,116.8,50,ask,,,11854766
2026-07-08T07:05:51.188453,2026-07-08T07:05:51.196838+00:00,116.8,3,ask,,,11854769
2026-07-08T07:05:51.769996,2026-07-08T07:05:51.792384+00:00,116.8,3,ask,,,11854773
2026-07-08T07:05:52.965262,2026-07-08T07:05:52.974728+00:00,116.8,50,ask,,,11854786
2026-07-08T07:05:52.965495,2026-07-08T07:05:52.979941+00:00,116.9,2,bid,,,11854787
2026-07-08T07:05:53.394852,2026-07-08T07:05:53.401906+00:00,116.8,36,ask,,,11854797
2026-07-08T07:05:53.394852,2026-07-08T07:05:53.406926+00:00,116.6,8,ask,,,11854798
2026-07-08T07:05:53.394852,2026-07-08T07:05:53.406926+00:00,116.4,5,ask,,,11854799
2026-07-08T07:05:55.074044,2026-07-08T07:05:55.085862+00:00,116.4,50,ask,,,11854826
2026-07-08T07:05:55.560589,2026-07-08T07:05:55.572595+00:00,116.4,45,ask,,,11854833
2026-07-08T07:05:57.203048,2026-07-08T07:05:57.219870+00:00,116.2,50,ask,,,11854856
2026-07-08T07:05:59.259712,2026-07-08T07:05:59.270271+00:00,116.7,50,bid,,,11854879
2026-07-08T07:06:01.367270,2026-07-08T07:06:01.378963+00:00,116.6,50,bid,,,11854909
2026-07-08T07:06:02.916153,2026-07-08T07:06:02.927564+00:00,116.6,49,bid,,,11854924
2026-07-08T07:06:03.070294,2026-07-08T07:06:03.080494+00:00,116.5,8,bid,,,11854926
2026-07-08T07:06:03.161217,2026-07-08T07:06:03.169228+00:00,116.6,18,bid,,,11854929
2026-07-08T07:06:03.356518,2026-07-08T07:06:03.366071+00:00,116.6,100,ask,,,11854937
2026-07-08T07:06:03.531421,2026-07-08T07:06:03.538397+00:00,116.6,50,ask,,,11854939
2026-07-08T07:06:05.585521,2026-07-08T07:06:05.593336+00:00,116.6,5,bid,,,11854971
2026-07-08T07:06:05.589452,2026-07-08T07:06:05.598606+00:00,116.6,3,bid,,,11854972
2026-07-08T07:06:05.706182,2026-07-08T07:06:05.716108+00:00,116.9,3,bid,,,11854975
2026-07-08T07:06:05.706182,2026-07-08T07:06:05.716108+00:00,117.1,39,bid,,,11854976
2026-07-08T07:06:06.725306,2026-07-08T07:06:06.735674+00:00,116.8,1,bid,,,11854988
2026-07-08T07:06:09.805759,2026-07-08T07:06:09.813551+00:00,116.8,50,bid,,,11855035
2026-07-08T07:06:11.276750,2026-07-08T07:06:11.284916+00:00,116.8,5,bid,,,11855056
2026-07-08T07:06:11.850738,2026-07-08T07:06:11.858594+00:00,116.8,3,bid,,,11855067
2026-07-08T07:06:11.912774,2026-07-08T07:06:11.924418+00:00,116.8,50,bid,,,11855068
2026-07-08T07:06:12.163905,2026-07-08T07:06:12.174582+00:00,116.8,42,bid,,,11855069
2026-07-08T07:06:12.219148,2026-07-08T07:06:12.227093+00:00,116.5,48,ask,,,11855070
2026-07-08T07:06:12.800460,2026-07-08T07:06:12.810582+00:00,116.9,3,bid,,,11855081
2026-07-08T07:06:12.853197,2026-07-08T07:06:12.855068+00:00,116.9,100,ask,,,11855082
2026-07-08T07:06:12.975923,2026-07-08T07:06:12.985990+00:00,116.9,3,ask,,,11855084
2026-07-08T07:06:13.550201,2026-07-08T07:06:13.568690+00:00,116.9,3,ask,,,11855095
2026-07-08T07:06:14.021280,2026-07-08T07:06:14.033702+00:00,117.3,10,bid,,,11855100
2026-07-08T07:06:14.021280,2026-07-08T07:06:14.033702+00:00,117.4,40,bid,,,11855101
2026-07-08T07:06:14.059551,2026-07-08T07:06:14.069750+00:00,116.9,3,ask,,,11855102
2026-07-08T07:06:14.077878,2026-07-08T07:06:14.084949+00:00,116.9,35,ask,,,11855106
2026-07-08T07:06:14.110126,2026-07-08T07:06:14.121717+00:00,116.9,3,ask,,,11855108
2026-07-08T07:06:14.166589,2026-07-08T07:06:14.174523+00:00,116.8,3,ask,,,11855111
2026-07-08T07:06:14.979098,2026-07-08T07:06:14.988496+00:00,116.8,3,bid,,,11855119
2026-07-08T07:06:14.979098,2026-07-08T07:06:14.988496+00:00,116.9,7,bid,,,11855120
2026-07-08T07:06:16.133549,2026-07-08T07:06:16.145613+00:00,116.8,50,bid,,,11855135
2026-07-08T07:06:18.242553,2026-07-08T07:06:18.258598+00:00,116.8,50,bid,,,11855161
2026-07-08T07:06:18.324712,2026-07-08T07:06:18.333685+00:00,116.6,49,ask,,,11855162
2026-07-08T07:06:20.205820,2026-07-08T07:06:20.216446+00:00,116.6,35,ask,,,11855188
2026-07-08T07:06:20.261377,2026-07-08T07:06:20.269058+00:00,116.6,25,ask,,,11855189
2026-07-08T07:06:20.275448,2026-07-08T07:06:20.285016+00:00,116.6,25,ask,,,11855191
2026-07-08T07:06:20.284966,2026-07-08T07:06:20.295532+00:00,116.6,25,ask,,,11855193
2026-07-08T07:06:20.297816,2026-07-08T07:06:20.305838+00:00,116.6,25,ask,,,11855196
2026-07-08T07:06:20.302468,2026-07-08T07:06:20.311137+00:00,116.6,15,ask,,,11855197
2026-07-08T07:06:20.302468,2026-07-08T07:06:20.311137+00:00,116.6,8,ask,,,11855198
2026-07-08T07:06:20.353176,2026-07-08T07:06:20.364844+00:00,116.7,10,bid,,,11855201
2026-07-08T07:06:20.353176,2026-07-08T07:06:20.370129+00:00,116.8,40,bid,,,11855202
2026-07-08T07:06:22.138650,2026-07-08T07:06:22.148490+00:00,116.3,40,ask,,,11855224
2026-07-08T07:06:22.371752,2026-07-08T07:06:22.380928+00:00,116.4,3,bid,,,11855226
2026-07-08T07:06:22.459191,2026-07-08T07:06:22.471262+00:00,116.4,10,bid,,,11855228
2026-07-08T07:06:22.515735,2026-07-08T07:06:22.527977+00:00,116.2,8,ask,,,11855230
2026-07-08T07:06:22.515735,2026-07-08T07:06:22.527977+00:00,116.2,42,ask,,,11855231
2026-07-08T07:06:22.642697,2026-07-08T07:06:22.658570+00:00,116.4,46,bid,,,11855233
2026-07-08T07:06:23.633575,2026-07-08T07:06:23.640046+00:00,116.4,41,bid,,,11855243
2026-07-08T07:06:24.258015,2026-07-08T07:06:24.269962+00:00,116.4,44,bid,,,11855251
2026-07-08T07:06:24.628274,2026-07-08T07:06:24.635913+00:00,116.2,50,ask,,,11855257
2026-07-08T07:06:25.246165,2026-07-08T07:06:25.258612+00:00,116.4,6,bid,,,11855265
2026-07-08T07:06:25.251174,2026-07-08T07:06:25.258612+00:00,116.6,8,bid,,,11855266
2026-07-08T07:06:25.251174,2026-07-08T07:06:25.258612+00:00,116.6,3,bid,,,11855267
2026-07-08T07:06:25.251174,2026-07-08T07:06:25.258612+00:00,116.7,8,bid,,,11855268
2026-07-08T07:06:25.523831,2026-07-08T07:06:25.536134+00:00,116.6,100,ask,,,11855271
2026-07-08T07:06:26.738377,2026-07-08T07:06:26.749959+00:00,116.6,50,ask,,,11855291
2026-07-08T07:06:28.381775,2026-07-08T07:06:28.390796+00:00,116.1,8,ask,,,11855309
2026-07-08T07:06:28.381775,2026-07-08T07:06:28.390796+00:00,116.0,36,ask,,,11855310
2026-07-08T07:06:28.724622,2026-07-08T07:06:28.732461+00:00,116.4,25,bid,,,11855316
2026-07-08T07:06:28.728570,2026-07-08T07:06:28.737460+00:00,116.4,35,bid,,,11855317
2026-07-08T07:06:28.741619,2026-07-08T07:06:28.753452+00:00,116.4,25,bid,,,11855320
2026-07-08T07:06:28.760517,2026-07-08T07:06:28.769204+00:00,116.4,25,bid,,,11855323
2026-07-08T07:06:28.825493,2026-07-08T07:06:28.832904+00:00,116.4,35,bid,,,11855325
2026-07-08T07:06:28.845450,2026-07-08T07:06:28.858574+00:00,116.2,50,ask,,,11855327
2026-07-08T07:06:28.869604,2026-07-08T07:06:28.876988+00:00,116.4,5,bid,,,11855329
2026-07-08T07:06:30.952021,2026-07-08T07:06:30.958549+00:00,116.2,50,ask,,,11855346
2026-07-08T07:06:31.822676,2026-07-08T07:06:31.835544+00:00,116.5,8,bid,,,11855360
2026-07-08T07:06:31.880127,2026-07-08T07:06:31.887084+00:00,116.5,100,ask,,,11855363
2026-07-08T07:06:31.904405,2026-07-08T07:06:31.913263+00:00,116.5,42,ask,,,11855364
2026-07-08T07:06:31.904405,2026-07-08T07:06:31.918438+00:00,115.8,1,ask,,,11855365
2026-07-08T07:06:32.544933,2026-07-08T07:06:32.561407+00:00,116.5,8,bid,,,11855376
2026-07-08T07:06:32.544933,2026-07-08T07:06:32.561407+00:00,116.6,3,bid,,,11855377
2026-07-08T07:06:33.059735,2026-07-08T07:06:33.071329+00:00,116.2,8,ask,,,11855386
2026-07-08T07:06:33.059735,2026-07-08T07:06:33.071329+00:00,115.8,42,ask,,,11855387
2026-07-08T07:06:35.168071,2026-07-08T07:06:35.179683+00:00,116.1,8,ask,,,11855421
2026-07-08T07:06:35.168071,2026-07-08T07:06:35.179683+00:00,116.0,42,ask,,,11855422
2026-07-08T07:06:37.281977,2026-07-08T07:06:37.294121+00:00,116.0,50,ask,,,11855452
2026-07-08T07:06:38.175255,2026-07-08T07:06:38.183823+00:00,116.0,8,ask,,,11855462
2026-07-08T07:06:38.292499,2026-07-08T07:06:38.304345+00:00,116.0,23,bid,,,11855466
2026-07-08T07:06:38.302306,2026-07-08T07:06:38.309352+00:00,116.0,5,bid,,,11855469
2026-07-08T07:06:38.825563,2026-07-08T07:06:38.834835+00:00,116.0,41,bid,,,11855477
2026-07-08T07:06:38.880854,2026-07-08T07:06:38.890671+00:00,116.0,5,bid,,,11855479
2026-07-08T07:06:38.982161,2026-07-08T07:06:38.990065+00:00,116.0,1,bid,,,11855482
2026-07-08T07:06:39.339982,2026-07-08T07:06:39.348922+00:00,116.0,25,bid,,,11855487
2026-07-08T07:06:39.339982,2026-07-08T07:06:39.348922+00:00,116.1,8,bid,,,11855488
2026-07-08T07:06:39.339982,2026-07-08T07:06:39.354218+00:00,116.2,17,bid,,,11855489
2026-07-08T07:06:40.000068,2026-07-08T07:06:40.010432+00:00,115.8,1,ask,,,11855496
2026-07-08T07:06:40.583289,2026-07-08T07:06:40.594601+00:00,116.2,5,bid,,,11855509
2026-07-08T07:06:41.082601,2026-07-08T07:06:41.089753+00:00,116.2,47,bid,,,11855515
2026-07-08T07:06:41.159262,2026-07-08T07:06:41.169199+00:00,116.2,5,bid,,,11855517
2026-07-08T07:06:41.500813,2026-07-08T07:06:41.512639+00:00,116.1,50,ask,,,11855522
2026-07-08T07:06:43.160617,2026-07-08T07:06:43.170356+00:00,116.1,40,ask,,,11855537
2026-07-08T07:06:43.608497,2026-07-08T07:06:43.620402+00:00,116.1,50,ask,,,11855545
2026-07-08T07:06:44.555626,2026-07-08T07:06:44.558603+00:00,116.0,4,bid,,,11855555
2026-07-08T07:06:44.585944,2026-07-08T07:06:44.595790+00:00,115.9,3,bid,,,11855556
2026-07-08T07:06:44.664394,2026-07-08T07:06:44.676598+00:00,115.9,45,bid,,,11855559
2026-07-08T07:06:45.027442,2026-07-08T07:06:45.041482+00:00,115.9,11,bid,,,11855561
2026-07-08T07:06:45.049793,2026-07-08T07:06:45.056743+00:00,115.9,15,bid,,,11855564
2026-07-08T07:06:45.061141,2026-07-08T07:06:45.072670+00:00,115.9,20,bid,,,11855565
2026-07-08T07:06:45.325301,2026-07-08T07:06:45.337200+00:00,115.9,20,bid,,,11855573
2026-07-08T07:06:45.616524,2026-07-08T07:06:45.625988+00:00,115.9,20,bid,,,11855577
2026-07-08T07:06:45.665552,2026-07-08T07:06:45.675613+00:00,115.9,16,bid,,,11855583
2026-07-08T07:06:45.665552,2026-07-08T07:06:45.675613+00:00,116.1,8,bid,,,11855584
2026-07-08T07:06:46.068831,2026-07-08T07:06:46.080359+00:00,116.3,14,bid,,,11855593
2026-07-08T07:06:47.708666,2026-07-08T07:06:47.719851+00:00,116.1,11,ask,,,11855616
2026-07-08T07:06:47.825201,2026-07-08T07:06:47.835466+00:00,116.1,50,ask,,,11855622
2026-07-08T07:06:49.937459,2026-07-08T07:06:49.947689+00:00,116.1,50,ask,,,11855651
2026-07-08T07:06:52.043260,2026-07-08T07:06:52.051100+00:00,115.9,50,ask,,,11855676
2026-07-08T07:06:54.110948,2026-07-08T07:06:54.123341+00:00,116.1,50,bid,,,11855711
2026-07-08T07:06:54.244761,2026-07-08T07:06:54.254355+00:00,116.1,11,bid,,,11855715
2026-07-08T07:06:55.232651,2026-07-08T07:06:55.241456+00:00,115.8,8,ask,,,11855728
2026-07-08T07:06:55.232651,2026-07-08T07:06:55.246978+00:00,115.7,38,ask,,,11855729
2026-07-08T07:06:56.274824,2026-07-08T07:06:56.286195+00:00,115.8,8,ask,,,11855737
2026-07-08T07:06:56.274824,2026-07-08T07:06:56.286195+00:00,115.7,42,ask,,,11855738
2026-07-08T07:06:56.374248,2026-07-08T07:06:56.385855+00:00,116.1,49,bid,,,11855742
2026-07-08T07:06:57.223139,2026-07-08T07:06:57.234848+00:00,116.1,8,bid,,,11855759
2026-07-08T07:06:57.236106,2026-07-08T07:06:57.245684+00:00,116.3,11,ask,,,11855760
2026-07-08T07:06:57.244560,2026-07-08T07:06:57.261325+00:00,116.3,100,ask,,,11855762
2026-07-08T07:06:57.442696,2026-07-08T07:06:57.455042+00:00,116.3,31,ask,,,11855764
2026-07-08T07:06:57.442696,2026-07-08T07:06:57.455042+00:00,116.3,8,ask,,,11855765
2026-07-08T07:06:57.442696,2026-07-08T07:06:57.455042+00:00,115.7,6,ask,,,11855766
2026-07-08T07:06:58.416137,2026-07-08T07:06:58.423178+00:00,115.9,8,ask,,,11855774
2026-07-08T07:06:58.416137,2026-07-08T07:06:58.428679+00:00,115.7,42,ask,,,11855775
2026-07-08T07:06:58.644547,2026-07-08T07:06:58.651854+00:00,116.3,8,bid,,,11855778
2026-07-08T07:07:00.526510,2026-07-08T07:07:00.535641+00:00,115.9,50,ask,,,11855804
2026-07-08T07:07:02.638402,2026-07-08T07:07:02.649014+00:00,115.9,50,ask,,,11855828
2026-07-08T07:07:03.575646,2026-07-08T07:07:03.585150+00:00,116.1,11,bid,,,11855842
2026-07-08T07:07:03.696990,2026-07-08T07:07:03.704062+00:00,116.1,41,bid,,,11855845
2026-07-08T07:07:04.746240,2026-07-08T07:07:04.761540+00:00,115.8,8,ask,,,11855865
2026-07-08T07:07:04.746240,2026-07-08T07:07:04.761540+00:00,115.7,42,ask,,,11855866
2026-07-08T07:07:06.782631,2026-07-08T07:07:06.791997+00:00,116.0,12,bid,,,11855895
2026-07-08T07:07:06.907032,2026-07-08T07:07:06.918710+00:00,116.0,10,bid,,,11855901
2026-07-08T07:07:07.171443,2026-07-08T07:07:07.183537+00:00,116.0,3,bid,,,11855905
2026-07-08T07:07:07.375579,2026-07-08T07:07:07.386011+00:00,116.0,11,bid,,,11855911
2026-07-08T07:07:07.443211,2026-07-08T07:07:07.453781+00:00,116.0,6,bid,,,11855914
2026-07-08T07:07:08.255792,2026-07-08T07:07:08.265046+00:00,116.0,22,bid,,,11855926
2026-07-08T07:07:08.989979,2026-07-08T07:07:09.001952+00:00,115.8,8,ask,,,11855935
2026-07-08T07:07:08.989979,2026-07-08T07:07:09.001952+00:00,115.7,42,ask,,,11855936
2026-07-08T07:07:10.820781,2026-07-08T07:07:10.832670+00:00,115.9,8,ask,,,11855956
2026-07-08T07:07:10.820781,2026-07-08T07:07:10.832670+00:00,115.8,36,ask,,,11855957
2026-07-08T07:07:11.128311,2026-07-08T07:07:11.140266+00:00,115.8,50,ask,,,11855965
2026-07-08T07:07:13.237221,2026-07-08T07:07:13.245978+00:00,116.1,8,ask,,,11855996
2026-07-08T07:07:13.237221,2026-07-08T07:07:13.245978+00:00,115.8,42,ask,,,11855997
2026-07-08T07:07:13.978020,2026-07-08T07:07:13.989930+00:00,116.2,40,bid,,,11856006
2026-07-08T07:07:15.351539,2026-07-08T07:07:15.363625+00:00,115.9,8,ask,,,11856020
2026-07-08T07:07:15.351539,2026-07-08T07:07:15.363625+00:00,115.8,42,ask,,,11856021
2026-07-08T07:07:16.473745,2026-07-08T07:07:16.485773+00:00,115.7,41,ask,,,11856039
2026-07-08T07:07:16.527484,2026-07-08T07:07:16.542051+00:00,116.0,12,bid,,,11856040
2026-07-08T07:07:17.460490,2026-07-08T07:07:17.472469+00:00,115.7,50,ask,,,11856057
2026-07-08T07:07:17.994409,2026-07-08T07:07:18.005482+00:00,116.0,47,bid,,,11856061
2026-07-08T07:07:18.365247,2026-07-08T07:07:18.374086+00:00,116.0,30,bid,,,11856067
2026-07-08T07:07:18.516601,2026-07-08T07:07:18.526810+00:00,115.7,42,ask,,,11856072
2026-07-08T07:07:19.462605,2026-07-08T07:07:19.474042+00:00,115.8,100,ask,,,11856079
2026-07-08T07:07:19.462605,2026-07-08T07:07:19.474042+00:00,115.8,8,ask,,,11856080
2026-07-08T07:07:19.492233,2026-07-08T07:07:19.504637+00:00,115.7,34,bid,,,11856081
2026-07-08T07:07:19.604712,2026-07-08T07:07:19.616513+00:00,115.2,50,ask,,,11856084
2026-07-08T07:07:19.690107,2026-07-08T07:07:19.701320+00:00,115.6,8,bid,,,11856086
2026-07-08T07:07:20.011016,2026-07-08T07:07:20.019593+00:00,115.6,3,bid,,,11856092
2026-07-08T07:07:20.425936,2026-07-08T07:07:20.436455+00:00,115.7,8,bid,,,11856100
2026-07-08T07:07:20.425936,2026-07-08T07:07:20.436455+00:00,115.7,8,bid,,,11856101
2026-07-08T07:07:21.440606,2026-07-08T07:07:21.448045+00:00,116.2,2,bid,,,11856114
2026-07-08T07:07:21.453418,2026-07-08T07:07:21.458240+00:00,116.2,1,bid,,,11856116
2026-07-08T07:07:21.712850,2026-07-08T07:07:21.724755+00:00,115.6,8,ask,,,11856119
2026-07-08T07:07:21.712850,2026-07-08T07:07:21.724755+00:00,115.2,42,ask,,,11856120
2026-07-08T07:07:23.071207,2026-07-08T07:07:23.079697+00:00,116.0,40,bid,,,11856135
2026-07-08T07:07:23.795576,2026-07-08T07:07:23.808807+00:00,116.0,50,bid,,,11856143
2026-07-08T07:07:25.030415,2026-07-08T07:07:25.039610+00:00,115.6,44,ask,,,11856158
2026-07-08T07:07:25.614249,2026-07-08T07:07:25.621726+00:00,115.6,47,ask,,,11856169
2026-07-08T07:07:25.762852,2026-07-08T07:07:25.771694+00:00,115.9,100,bid,,,11856173
2026-07-08T07:07:25.762852,2026-07-08T07:07:25.776991+00:00,116.0,8,bid,,,11856174
2026-07-08T07:07:25.783636,2026-07-08T07:07:25.792755+00:00,116.2,34,ask,,,11856175
2026-07-08T07:07:25.793939,2026-07-08T07:07:25.803402+00:00,116.2,8,ask,,,11856177
2026-07-08T07:07:25.953999,2026-07-08T07:07:25.965859+00:00,115.6,8,ask,,,11856180
2026-07-08T07:07:25.953999,2026-07-08T07:07:25.965859+00:00,115.4,42,ask,,,11856181
2026-07-08T07:07:26.098344,2026-07-08T07:07:26.110391+00:00,116.2,8,bid,,,11856183
2026-07-08T07:07:26.098344,2026-07-08T07:07:26.110391+00:00,116.7,34,bid,,,11856184
2026-07-08T07:07:27.105493,2026-07-08T07:07:27.114949+00:00,116.2,8,bid,,,11856195
2026-07-08T07:07:28.015355,2026-07-08T07:07:28.026751+00:00,116.2,8,bid,,,11856214
2026-07-08T07:07:28.015355,2026-07-08T07:07:28.031984+00:00,116.7,42,bid,,,11856215
2026-07-08T07:07:28.286284,2026-07-08T07:07:28.292912+00:00,116.3,8,bid,,,11856219
2026-07-08T07:07:28.341569,2026-07-08T07:07:28.348495+00:00,115.9,8,ask,,,11856220
2026-07-08T07:07:30.131828,2026-07-08T07:07:30.143823+00:00,116.2,50,bid,,,11856235
2026-07-08T07:07:30.482299,2026-07-08T07:07:30.494385+00:00,116.2,40,bid,,,11856243
2026-07-08T07:07:30.538962,2026-07-08T07:07:30.547545+00:00,116.0,49,ask,,,11856244
2026-07-08T07:07:31.455815,2026-07-08T07:07:31.467540+00:00,116.0,41,ask,,,11856252
2026-07-08T07:07:33.500207,2026-07-08T07:07:33.508587+00:00,116.1,49,bid,,,11856278
2026-07-08T07:07:34.379825,2026-07-08T07:07:34.387127+00:00,116.1,50,bid,,,11856291
2026-07-08T07:07:35.990942,2026-07-08T07:07:36.003088+00:00,116.0,8,ask,,,11856313
2026-07-08T07:07:35.990942,2026-07-08T07:07:36.003088+00:00,115.9,37,ask,,,11856314
2026-07-08T07:07:36.568591,2026-07-08T07:07:36.580439+00:00,116.0,8,ask,,,11856321
2026-07-08T07:07:36.568591,2026-07-08T07:07:36.585682+00:00,115.9,42,ask,,,11856322
2026-07-08T07:07:37.203119,2026-07-08T07:07:37.214832+00:00,116.0,8,ask,,,11856328
2026-07-08T07:07:38.682338,2026-07-08T07:07:38.693640+00:00,115.9,50,ask,,,11856346
2026-07-08T07:07:40.031646,2026-07-08T07:07:40.041283+00:00,116.1,11,bid,,,11856367
2026-07-08T07:07:40.271079,2026-07-08T07:07:40.281646+00:00,116.1,12,bid,,,11856370
2026-07-08T07:07:40.815021,2026-07-08T07:07:40.822173+00:00,115.9,50,ask,,,11856383
2026-07-08T07:07:41.239794,2026-07-08T07:07:41.253408+00:00,116.1,11,bid,,,11856393
2026-07-08T07:07:41.246024,2026-07-08T07:07:41.253408+00:00,116.1,47,bid,,,11856394
2026-07-08T07:07:41.541379,2026-07-08T07:07:41.549878+00:00,116.2,8,bid,,,11856401
2026-07-08T07:07:42.922233,2026-07-08T07:07:42.933947+00:00,116.2,50,ask,,,11856416
2026-07-08T07:07:43.530564,2026-07-08T07:07:43.542766+00:00,116.3,43,bid,,,11856425
2026-07-08T07:07:44.036520,2026-07-08T07:07:44.048643+00:00,116.3,44,bid,,,11856431
2026-07-08T07:07:44.276891,2026-07-08T07:07:44.288374+00:00,116.3,6,bid,,,11856433
2026-07-08T07:07:44.744663,2026-07-08T07:07:44.757594+00:00,116.4,8,bid,,,11856438
2026-07-08T07:07:44.759905,2026-07-08T07:07:44.785601+00:00,116.5,6,ask,,,11856439
2026-07-08T07:07:45.521771,2026-07-08T07:07:45.533987+00:00,116.5,11,ask,,,11856451
2026-07-08T07:07:46.842875,2026-07-08T07:07:46.852765+00:00,116.5,12,ask,,,11856466
2026-07-08T07:07:49.227648,2026-07-08T07:07:49.243799+00:00,116.6,50,bid,,,11856499
2026-07-08T07:07:50.675645,2026-07-08T07:07:50.687318+00:00,116.1,45,ask,,,11856519
2026-07-08T07:07:51.341146,2026-07-08T07:07:51.352843+00:00,116.4,50,bid,,,11856532
2026-07-08T07:07:53.477496,2026-07-08T07:07:53.485284+00:00,116.4,50,bid,,,11856562
2026-07-08T07:07:55.584325,2026-07-08T07:07:55.595972+00:00,116.2,50,bid,,,11856588
2026-07-08T07:07:57.695485,2026-07-08T07:07:57.710955+00:00,116.3,8,bid,,,11856613
2026-07-08T07:07:57.695485,2026-07-08T07:07:57.710955+00:00,116.6,42,bid,,,11856614
2026-07-08T07:07:58.682360,2026-07-08T07:07:58.695210+00:00,116.2,22,ask,,,11856625
2026-07-08T07:07:58.739833,2026-07-08T07:07:58.750778+00:00,116.2,2,ask,,,11856628
2026-07-08T07:07:59.805237,2026-07-08T07:07:59.817048+00:00,116.6,50,bid,,,11856640
2026-07-08T07:08:01.943096,2026-07-08T07:08:01.958577+00:00,116.5,50,bid,,,11856668
2026-07-08T07:08:04.050434,2026-07-08T07:08:04.054361+00:00,116.7,50,bid,,,11856684
2026-07-08T07:08:04.782827,2026-07-08T07:08:04.793248+00:00,116.7,2,bid,,,11856693
2026-07-08T07:08:04.992892,2026-07-08T07:08:05.003046+00:00,116.4,41,ask,,,11856695
2026-07-08T07:08:05.246029,2026-07-08T07:08:05.255865+00:00,116.4,12,ask,,,11856697
2026-07-08T07:08:05.801116,2026-07-08T07:08:05.810907+00:00,116.4,7,ask,,,11856700
2026-07-08T07:08:06.187886,2026-07-08T07:08:06.201094+00:00,116.7,48,bid,,,11856707
2026-07-08T07:08:06.187886,2026-07-08T07:08:06.201094+00:00,116.8,2,bid,,,11856708
2026-07-08T07:08:06.559787,2026-07-08T07:08:06.570065+00:00,116.4,11,ask,,,11856713
2026-07-08T07:08:06.819040,2026-07-08T07:08:06.830599+00:00,116.4,5,ask,,,11856720
2026-07-08T07:08:08.115016,2026-07-08T07:08:08.125939+00:00,116.2,47,ask,,,11856734
2026-07-08T07:08:08.303857,2026-07-08T07:08:08.311531+00:00,116.4,50,bid,,,11856735
2026-07-08T07:08:09.639484,2026-07-08T07:08:09.650962+00:00,116.4,45,bid,,,11856746
2026-07-08T07:08:10.411905,2026-07-08T07:08:10.422465+00:00,116.8,50,bid,,,11856758
2026-07-08T07:08:10.853858,2026-07-08T07:08:10.858605+00:00,116.8,12,bid,,,11856767
2026-07-08T07:08:11.870535,2026-07-08T07:08:11.881281+00:00,116.4,2,ask,,,11856784
2026-07-08T07:08:12.519169,2026-07-08T07:08:12.527874+00:00,116.8,38,bid,,,11856791
2026-07-08T07:08:12.519169,2026-07-08T07:08:12.527874+00:00,116.8,8,bid,,,11856792
2026-07-08T07:08:12.519169,2026-07-08T07:08:12.532892+00:00,116.9,4,bid,,,11856793
2026-07-08T07:08:12.888117,2026-07-08T07:08:12.898666+00:00,116.5,5,ask,,,11856796
2026-07-08T07:08:13.450366,2026-07-08T07:08:13.472678+00:00,116.6,6,ask,,,11856800
2026-07-08T07:08:13.458743,2026-07-08T07:08:13.472678+00:00,116.6,12,ask,,,11856802
2026-07-08T07:08:13.715518,2026-07-08T07:08:13.723649+00:00,116.6,13,ask,,,11856813
2026-07-08T07:08:13.912214,2026-07-08T07:08:13.922629+00:00,116.6,11,ask,,,11856819
2026-07-08T07:08:14.412423,2026-07-08T07:08:14.424186+00:00,116.6,43,ask,,,11856826
2026-07-08T07:08:14.435962,2026-07-08T07:08:14.446679+00:00,116.6,11,ask,,,11856827
2026-07-08T07:08:14.584586,2026-07-08T07:08:14.593840+00:00,116.6,4,ask,,,11856833
2026-07-08T07:08:14.584586,2026-07-08T07:08:14.593840+00:00,116.6,8,ask,,,11856834
2026-07-08T07:08:14.655433,2026-07-08T07:08:14.658569+00:00,116.9,3,bid,,,11856835
2026-07-08T07:08:14.655433,2026-07-08T07:08:14.670210+00:00,116.9,8,bid,,,11856836
2026-07-08T07:08:14.655433,2026-07-08T07:08:14.670210+00:00,117.0,39,bid,,,11856837
2026-07-08T07:08:14.930974,2026-07-08T07:08:14.941918+00:00,116.6,8,ask,,,11856847
2026-07-08T07:08:15.660018,2026-07-08T07:08:15.671556+00:00,116.6,8,ask,,,11856859
2026-07-08T07:08:15.697659,2026-07-08T07:08:15.705109+00:00,116.5,49,ask,,,11856860
2026-07-08T07:08:16.243809,2026-07-08T07:08:16.254993+00:00,116.5,47,ask,,,11856866
2026-07-08T07:08:16.743563,2026-07-08T07:08:16.751155+00:00,116.5,3,bid,,,11856877
2026-07-08T07:08:16.764090,2026-07-08T07:08:16.775727+00:00,116.5,5,bid,,,11856878
2026-07-08T07:08:16.764090,2026-07-08T07:08:16.775727+00:00,116.6,45,bid,,,11856879
2026-07-08T07:08:18.916736,2026-07-08T07:08:18.928090+00:00,116.6,50,bid,,,11856905
2026-07-08T07:08:19.431174,2026-07-08T07:08:19.442951+00:00,116.6,5,bid,,,11856914
2026-07-08T07:08:19.431174,2026-07-08T07:08:19.442951+00:00,116.6,38,bid,,,11856915
2026-07-08T07:08:21.031295,2026-07-08T07:08:21.041482+00:00,116.5,50,bid,,,11856938
2026-07-08T07:08:21.098536,2026-07-08T07:08:21.106432+00:00,116.5,45,bid,,,11856939
2026-07-08T07:08:21.597615,2026-07-08T07:08:21.604295+00:00,116.5,40,bid,,,11856949
2026-07-08T07:08:22.618388,2026-07-08T07:08:22.629834+00:00,116.3,43,ask,,,11856954
2026-07-08T07:08:22.747046,2026-07-08T07:08:22.768876+00:00,116.5,8,bid,,,11856958
2026-07-08T07:08:22.759575,2026-07-08T07:08:22.768876+00:00,116.8,3,ask,,,11856959
2026-07-08T07:08:22.813604,2026-07-08T07:08:22.825552+00:00,116.8,100,ask,,,11856962
2026-07-08T07:08:22.813850,2026-07-08T07:08:22.830833+00:00,116.8,20,ask,,,11856963
2026-07-08T07:08:23.012385,2026-07-08T07:08:23.023251+00:00,116.8,19,ask,,,11856968
2026-07-08T07:08:23.099515,2026-07-08T07:08:23.111536+00:00,116.8,3,bid,,,11856969
2026-07-08T07:08:23.099515,2026-07-08T07:08:23.111536+00:00,116.8,8,bid,,,11856970
2026-07-08T07:08:23.099515,2026-07-08T07:08:23.111536+00:00,116.9,3,bid,,,11856971
2026-07-08T07:08:23.153836,2026-07-08T07:08:23.158567+00:00,117.3,50,bid,,,11856972
2026-07-08T07:08:23.160677,2026-07-08T07:08:23.168919+00:00,116.3,44,ask,,,11856973
2026-07-08T07:08:23.669006,2026-07-08T07:08:23.675944+00:00,116.9,3,bid,,,11856984
2026-07-08T07:08:23.669006,2026-07-08T07:08:23.681255+00:00,117.0,8,bid,,,11856985
2026-07-08T07:08:23.761133,2026-07-08T07:08:23.770674+00:00,116.6,8,ask,,,11856986
2026-07-08T07:08:24.620502,2026-07-08T07:08:24.632620+00:00,116.7,2,bid,,,11856995
2026-07-08T07:08:25.263767,2026-07-08T07:08:25.275961+00:00,116.7,8,bid,,,11857002
2026-07-08T07:08:25.263767,2026-07-08T07:08:25.275961+00:00,116.7,3,bid,,,11857003
2026-07-08T07:08:25.263767,2026-07-08T07:08:25.275961+00:00,117.3,39,bid,,,11857004
2026-07-08T07:08:25.443097,2026-07-08T07:08:25.454987+00:00,116.6,8,ask,,,11857009
2026-07-08T07:08:26.226056,2026-07-08T07:08:26.237690+00:00,116.4,40,ask,,,11857021
2026-07-08T07:08:26.327216,2026-07-08T07:08:26.338502+00:00,116.4,12,ask,,,11857024
2026-07-08T07:08:27.378207,2026-07-08T07:08:27.401246+00:00,116.6,3,bid,,,11857037
2026-07-08T07:08:27.378207,2026-07-08T07:08:27.401246+00:00,116.7,8,bid,,,11857038
2026-07-08T07:08:27.378207,2026-07-08T07:08:27.401246+00:00,116.8,39,bid,,,11857039
2026-07-08T07:08:29.493751,2026-07-08T07:08:29.505688+00:00,116.6,50,bid,,,11857069
2026-07-08T07:08:30.827267,2026-07-08T07:08:30.837596+00:00,116.6,40,bid,,,11857086
2026-07-08T07:08:30.917411,2026-07-08T07:08:30.926600+00:00,116.6,5,bid,,,11857089
2026-07-08T07:08:31.629714,2026-07-08T07:08:31.636770+00:00,116.6,50,bid,,,11857094
2026-07-08T07:08:32.276249,2026-07-08T07:08:32.288084+00:00,116.7,3,bid,,,11857109
2026-07-08T07:08:32.276249,2026-07-08T07:08:32.288084+00:00,116.8,8,bid,,,11857110
2026-07-08T07:08:32.482430,2026-07-08T07:08:32.494647+00:00,116.8,40,ask,,,11857116
2026-07-08T07:08:32.601839,2026-07-08T07:08:32.609130+00:00,116.8,3,ask,,,11857119
2026-07-08T07:08:32.848474,2026-07-08T07:08:32.857566+00:00,116.8,14,ask,,,11857123
2026-07-08T07:08:32.920736,2026-07-08T07:08:32.927203+00:00,116.8,82,ask,,,11857127
2026-07-08T07:08:33.013907,2026-07-08T07:08:33.022792+00:00,116.7,8,ask,,,11857130
2026-07-08T07:08:33.169416,2026-07-08T07:08:33.177969+00:00,116.6,3,ask,,,11857134
2026-07-08T07:08:33.736414,2026-07-08T07:08:33.745241+00:00,116.6,3,ask,,,11857146
2026-07-08T07:08:33.739505,2026-07-08T07:08:33.750695+00:00,117.0,50,bid,,,11857147
2026-07-08T07:08:34.305221,2026-07-08T07:08:34.313164+00:00,116.6,3,ask,,,11857155
2026-07-08T07:08:34.715965,2026-07-08T07:08:34.727665+00:00,117.0,45,bid,,,11857160
2026-07-08T07:08:35.492650,2026-07-08T07:08:35.501819+00:00,116.6,100,ask,,,11857178
2026-07-08T07:08:35.503835,2026-07-08T07:08:35.513042+00:00,116.6,11,bid,,,11857180
2026-07-08T07:08:35.869221,2026-07-08T07:08:35.879869+00:00,116.6,39,bid,,,11857184
2026-07-08T07:08:35.869221,2026-07-08T07:08:35.879869+00:00,116.6,8,bid,,,11857185
2026-07-08T07:08:35.869221,2026-07-08T07:08:35.879869+00:00,116.7,3,bid,,,11857186
2026-07-08T07:08:36.203276,2026-07-08T07:08:36.212540+00:00,116.4,8,ask,,,11857193
2026-07-08T07:08:36.203276,2026-07-08T07:08:36.212540+00:00,116.1,36,ask,,,11857194
2026-07-08T07:08:37.980151,2026-07-08T07:08:37.991882+00:00,116.6,3,bid,,,11857220
2026-07-08T07:08:37.980151,2026-07-08T07:08:37.991882+00:00,116.6,8,bid,,,11857221
2026-07-08T07:08:37.980151,2026-07-08T07:08:37.991882+00:00,117.1,39,bid,,,11857222
2026-07-08T07:08:39.293999,2026-07-08T07:08:39.306444+00:00,116.8,3,bid,,,11857243
2026-07-08T07:08:39.293999,2026-07-08T07:08:39.306444+00:00,116.9,8,bid,,,11857244
2026-07-08T07:08:39.293999,2026-07-08T07:08:39.306444+00:00,117.0,29,bid,,,11857245
2026-07-08T07:08:40.091192,2026-07-08T07:08:40.106686+00:00,116.9,8,bid,,,11857259
2026-07-08T07:08:40.091192,2026-07-08T07:08:40.106686+00:00,117.0,42,bid,,,11857260
2026-07-08T07:08:41.770054,2026-07-08T07:08:41.777403+00:00,117.0,3,bid,,,11857284
2026-07-08T07:08:41.770054,2026-07-08T07:08:41.782682+00:00,117.0,8,bid,,,11857285
2026-07-08T07:08:41.830437,2026-07-08T07:08:41.842163+00:00,117.0,5,ask,,,11857287
2026-07-08T07:08:41.847813,2026-07-08T07:08:41.858792+00:00,117.0,35,ask,,,11857290
2026-07-08T07:08:41.859420,2026-07-08T07:08:41.869319+00:00,117.0,3,ask,,,11857292
2026-07-08T07:08:41.874586,2026-07-08T07:08:41.892157+00:00,117.1,8,ask,,,11857293
2026-07-08T07:08:41.884043,2026-07-08T07:08:41.892157+00:00,117.0,17,ask,,,11857295
2026-07-08T07:08:41.896310,2026-07-08T07:08:41.907711+00:00,117.0,25,ask,,,11857298
2026-07-08T07:08:41.947260,2026-07-08T07:08:41.960424+00:00,117.0,25,ask,,,11857302
