timestamp,recv_time,price,volume,aggressor_side,buyer,seller,trade_id
2026-07-06T03:00:00.198736,2026-07-06T03:00:00.081288+00:00,166.5,50,bid,FlawlessFlatbreads,DiligentDonuts,9043977
2026-07-06T03:00:00.766097,2026-07-06T03:00:00.778586+00:00,166.0,41,ask,DiligentDonuts,CostlyCorianders,9043991
2026-07-06T03:00:01.101283,2026-07-06T03:00:01.112676+00:00,166.5,11,bid,Xuanyu Liu,DiligentDonuts,9043994
2026-07-06T03:00:02.305323,2026-07-06T03:00:02.312907+00:00,166.5,39,bid,FlawlessFlatbreads,DiligentDonuts,9044011
2026-07-06T03:00:02.305323,2026-07-06T03:00:02.315260+00:00,166.5,11,bid,FlawlessFlatbreads,EarnestEspressos,9044012
2026-07-06T03:00:02.837103,2026-07-06T03:00:02.848935+00:00,166.5,42,bid,CostlyCorianders,EarnestEspressos,9044029
2026-07-06T03:00:03.080969,2026-07-06T03:00:03.092662+00:00,166.5,97,bid,DiligentDonuts,EarnestEspressos,9044033
2026-07-06T03:00:03.350296,2026-07-06T03:00:03.356806+00:00,167.0,100,bid,EarnestEspressos,DiligentDonuts,9044036
2026-07-06T03:00:03.417253,2026-07-06T03:00:03.426924+00:00,167.0,34,ask,EarnestEspressos,Xuanyu Liu,9044037
2026-07-06T03:00:04.464467,2026-07-06T03:00:04.476483+00:00,167.0,16,ask,EarnestEspressos,FlawlessFlatbreads,9044047
2026-07-06T03:00:06.520854,2026-07-06T03:00:06.528055+00:00,167.0,50,bid,FlawlessFlatbreads,DiligentDonuts,9044067
2026-07-06T03:00:06.687086,2026-07-06T03:00:06.695682+00:00,166.5,41,ask,DiligentDonuts,CostlyCorianders,9044068
2026-07-06T03:00:08.428267,2026-07-06T03:00:08.438840+00:00,166.8,49,bid,CostlyCorianders,EarnestEspressos,9044094
2026-07-06T03:00:12.837323,2026-07-06T03:00:12.845323+00:00,167.1,50,bid,FlawlessFlatbreads,DiligentDonuts,9044150
2026-07-06T03:00:15.004156,2026-07-06T03:00:15.015626+00:00,166.6,50,ask,DiligentDonuts,FlawlessFlatbreads,9044176
2026-07-06T03:00:17.067690,2026-07-06T03:00:17.074653+00:00,166.5,42,ask,DiligentDonuts,CostlyCorianders,9044195
2026-07-06T03:00:17.118266,2026-07-06T03:00:17.129897+00:00,166.5,50,ask,DiligentDonuts,FlawlessFlatbreads,9044197
2026-07-06T03:00:17.669003,2026-07-06T03:00:17.679498+00:00,166.5,8,ask,DiligentDonuts,CostlyCorianders,9044202
2026-07-06T03:00:17.669003,2026-07-06T03:00:17.679498+00:00,166.5,32,ask,EarnestEspressos,CostlyCorianders,9044203
2026-07-06T03:00:19.173609,2026-07-06T03:00:19.182584+00:00,166.6,50,bid,FlawlessFlatbreads,DiligentDonuts,9044230
2026-07-06T03:00:21.281220,2026-07-06T03:00:21.293133+00:00,166.6,50,bid,FlawlessFlatbreads,DiligentDonuts,9044259
2026-07-06T03:00:22.516987,2026-07-06T03:00:22.527311+00:00,166.6,12,bid,Xuanyu Liu,EarnestEspressos,9044270
2026-07-06T03:00:23.390996,2026-07-06T03:00:23.399108+00:00,166.6,50,bid,FlawlessFlatbreads,EarnestEspressos,9044275
2026-07-06T03:00:25.497895,2026-07-06T03:00:25.507089+00:00,167.0,50,bid,FlawlessFlatbreads,DiligentDonuts,9044305
2026-07-06T03:00:27.609624,2026-07-06T03:00:27.621536+00:00,167.0,50,bid,FlawlessFlatbreads,DiligentDonuts,9044327
2026-07-06T03:00:29.683143,2026-07-06T03:00:29.689800+00:00,166.9,47,ask,DiligentDonuts,CostlyCorianders,9044350
2026-07-06T03:00:29.717677,2026-07-06T03:00:29.729335+00:00,167.2,50,bid,FlawlessFlatbreads,EarnestEspressos,9044351
2026-07-06T03:00:29.959642,2026-07-06T03:00:29.968243+00:00,166.9,12,ask,DiligentDonuts,Xuanyu Liu,9044357
2026-07-06T03:00:30.619979,2026-07-06T03:00:30.632030+00:00,167.2,48,bid,CostlyCorianders,EarnestEspressos,9044366
2026-07-06T03:00:31.827484,2026-07-06T03:00:31.839114+00:00,167.2,50,bid,FlawlessFlatbreads,DiligentDonuts,9044377
2026-07-06T03:00:32.255726,2026-07-06T03:00:32.263886+00:00,167.1,11,ask,EarnestEspressos,Xuanyu Liu,9044381
2026-07-06T03:00:32.369069,2026-07-06T03:00:32.380933+00:00,167.2,47,bid,CostlyCorianders,DiligentDonuts,9044383
2026-07-06T03:00:32.575695,2026-07-06T03:00:32.585307+00:00,167.1,12,ask,EarnestEspressos,Xuanyu Liu,9044389
2026-07-06T03:00:33.934817,2026-07-06T03:00:33.947130+00:00,167.2,3,bid,FlawlessFlatbreads,DiligentDonuts,9044409
2026-07-06T03:00:33.934817,2026-07-06T03:00:33.947130+00:00,167.6,47,bid,FlawlessFlatbreads,EarnestEspressos,9044410
2026-07-06T03:00:36.045794,2026-07-06T03:00:36.058552+00:00,167.4,50,bid,FlawlessFlatbreads,DiligentDonuts,9044434
2026-07-06T03:00:38.153075,2026-07-06T03:00:38.164798+00:00,167.6,50,bid,FlawlessFlatbreads,DiligentDonuts,9044451
2026-07-06T03:00:38.678818,2026-07-06T03:00:38.686777+00:00,167.1,42,ask,DiligentDonuts,CostlyCorianders,9044459
2026-07-06T03:00:40.259461,2026-07-06T03:00:40.271367+00:00,167.6,50,bid,FlawlessFlatbreads,DiligentDonuts,9044479
2026-07-06T03:00:41.059581,2026-07-06T03:00:41.068934+00:00,167.2,11,ask,DiligentDonuts,Xuanyu Liu,9044487
2026-07-06T03:00:42.368466,2026-07-06T03:00:42.375223+00:00,167.6,50,bid,FlawlessFlatbreads,EarnestEspressos,9044509
2026-07-06T03:00:43.094985,2026-07-06T03:00:43.106309+00:00,167.2,3,ask,DiligentDonuts,Xuanyu Liu,9044513
2026-07-06T03:00:44.528235,2026-07-06T03:00:44.540269+00:00,167.2,50,ask,EarnestEspressos,FlawlessFlatbreads,9044526
2026-07-06T03:00:46.637975,2026-07-06T03:00:46.649829+00:00,167.2,50,ask,EarnestEspressos,FlawlessFlatbreads,9044547
2026-07-06T03:00:48.745129,2026-07-06T03:00:48.751529+00:00,167.0,50,ask,DiligentDonuts,FlawlessFlatbreads,9044574
2026-07-06T03:00:50.851624,2026-07-06T03:00:50.858879+00:00,166.9,50,ask,DiligentDonuts,FlawlessFlatbreads,9044595
2026-07-06T03:00:52.202059,2026-07-06T03:00:52.208567+00:00,166.9,44,ask,DiligentDonuts,CostlyCorianders,9044616
2026-07-06T03:00:52.958475,2026-07-06T03:00:52.970809+00:00,166.9,6,ask,DiligentDonuts,FlawlessFlatbreads,9044625
2026-07-06T03:00:52.958475,2026-07-06T03:00:52.970809+00:00,166.7,44,ask,EarnestEspressos,FlawlessFlatbreads,9044626
2026-07-06T03:00:53.253387,2026-07-06T03:00:53.265254+00:00,167.2,42,bid,CostlyCorianders,EarnestEspressos,9044630
2026-07-06T03:00:55.068460,2026-07-06T03:00:55.080024+00:00,166.7,50,ask,EarnestEspressos,FlawlessFlatbreads,9044645
2026-07-06T03:00:56.808815,2026-07-06T03:00:56.820657+00:00,167.0,41,bid,CostlyCorianders,DiligentDonuts,9044672
2026-07-06T03:00:57.122632,2026-07-06T03:00:57.129482+00:00,167.1,50,bid,FlawlessFlatbreads,DiligentDonuts,9044680
2026-07-06T03:00:57.711019,2026-07-06T03:00:57.719191+00:00,166.9,3,bid,Xuanyu Liu,EarnestEspressos,9044689
2026-07-06T03:00:58.384735,2026-07-06T03:00:58.396703+00:00,166.6,42,ask,DiligentDonuts,CostlyCorianders,9044698
2026-07-06T03:00:59.231264,2026-07-06T03:00:59.242935+00:00,166.9,50,bid,FlawlessFlatbreads,EarnestEspressos,9044711
2026-07-06T03:00:59.332263,2026-07-06T03:00:59.343952+00:00,166.6,44,ask,DiligentDonuts,CostlyCorianders,9044713
2026-07-06T03:01:01.345144,2026-07-06T03:01:01.353128+00:00,167.0,50,bid,FlawlessFlatbreads,DiligentDonuts,9044732
2026-07-06T03:01:03.455853,2026-07-06T03:01:03.453707+00:00,167.2,50,bid,FlawlessFlatbreads,DiligentDonuts,9044761
2026-07-06T03:01:07.394970,2026-07-06T03:01:07.403202+00:00,167.0,3,ask,DiligentDonuts,Xuanyu Liu,9044805
2026-07-06T03:01:07.701665,2026-07-06T03:01:07.713477+00:00,167.0,49,ask,DiligentDonuts,CostlyCorianders,9044812
2026-07-06T03:01:07.719462,2026-07-06T03:01:07.731337+00:00,167.0,48,ask,DiligentDonuts,FlawlessFlatbreads,9044813
2026-07-06T03:01:07.719462,2026-07-06T03:01:07.731337+00:00,166.7,2,ask,EarnestEspressos,FlawlessFlatbreads,9044814
2026-07-06T03:01:11.586980,2026-07-06T03:01:11.664087+00:00,167.0,44,bid,CostlyCorianders,DiligentDonuts,9044857
2026-07-06T03:01:12.563446,2026-07-06T03:01:12.570484+00:00,167.0,49,bid,CostlyCorianders,DiligentDonuts,9044864
2026-07-06T03:01:13.635673,2026-07-06T03:01:13.647761+00:00,166.7,44,ask,DiligentDonuts,CostlyCorianders,9044877
2026-07-06T03:01:15.075668,2026-07-06T03:01:15.087272+00:00,166.9,49,bid,CostlyCorianders,EarnestEspressos,9044889
2026-07-06T03:01:15.130591,2026-07-06T03:01:15.142198+00:00,166.7,46,ask,DiligentDonuts,CostlyCorianders,9044890
2026-07-06T03:01:16.141088,2026-07-06T03:01:16.152634+00:00,166.3,50,ask,DiligentDonuts,FlawlessFlatbreads,9044894
2026-07-06T03:01:17.570361,2026-07-06T03:01:17.581814+00:00,166.8,40,bid,CostlyCorianders,DiligentDonuts,9044907
2026-07-06T03:01:18.248137,2026-07-06T03:01:18.258589+00:00,166.4,50,ask,EarnestEspressos,FlawlessFlatbreads,9044915
2026-07-06T03:01:20.354884,2026-07-06T03:01:20.352724+00:00,166.1,50,ask,DiligentDonuts,FlawlessFlatbreads,9044933
2026-07-06T03:01:20.778696,2026-07-06T03:01:20.790519+00:00,166.1,46,ask,DiligentDonuts,CostlyCorianders,9044942
2026-07-06T03:01:22.231925,2026-07-06T03:01:22.241800+00:00,166.2,3,bid,Xuanyu Liu,DiligentDonuts,9044960
2026-07-06T03:01:22.493789,2026-07-06T03:01:22.502753+00:00,165.7,50,ask,DiligentDonuts,FlawlessFlatbreads,9044966
2026-07-06T03:01:23.950068,2026-07-06T03:01:23.956784+00:00,166.2,43,bid,CostlyCorianders,DiligentDonuts,9044989
2026-07-06T03:01:24.601017,2026-07-06T03:01:24.612784+00:00,166.0,50,ask,EarnestEspressos,FlawlessFlatbreads,9044997
2026-07-06T03:01:25.381853,2026-07-06T03:01:25.393744+00:00,166.0,100,ask,EarnestEspressos,DiligentDonuts,9045002
2026-07-06T03:01:25.725451,2026-07-06T03:01:25.732852+00:00,165.6,34,bid,Xuanyu Liu,EarnestEspressos,9045009
2026-07-06T03:01:26.739537,2026-07-06T03:01:26.747505+00:00,165.5,50,ask,DiligentDonuts,FlawlessFlatbreads,9045019
2026-07-06T03:01:26.739957,2026-07-06T03:01:26.752733+00:00,165.6,42,bid,CostlyCorianders,EarnestEspressos,9045020
2026-07-06T03:01:28.848897,2026-07-06T03:01:28.855417+00:00,165.5,50,ask,DiligentDonuts,FlawlessFlatbreads,9045040
2026-07-06T03:01:29.550604,2026-07-06T03:01:29.558585+00:00,165.5,47,ask,DiligentDonuts,CostlyCorianders,9045046
2026-07-06T03:01:30.543680,2026-07-06T03:01:30.555438+00:00,165.8,45,bid,CostlyCorianders,EarnestEspressos,9045059
2026-07-06T03:01:30.959861,2026-07-06T03:01:30.974974+00:00,165.5,3,ask,DiligentDonuts,FlawlessFlatbreads,9045068
2026-07-06T03:01:30.959861,2026-07-06T03:01:30.974974+00:00,165.3,47,ask,EarnestEspressos,FlawlessFlatbreads,9045069
2026-07-06T03:01:32.879162,2026-07-06T03:01:32.887702+00:00,165.4,12,bid,Xuanyu Liu,DiligentDonuts,9045097
2026-07-06T03:01:32.904097,2026-07-06T03:01:32.913906+00:00,165.0,48,ask,EarnestEspressos,CostlyCorianders,9045099
2026-07-06T03:01:33.067573,2026-07-06T03:01:33.076951+00:00,165.0,50,ask,EarnestEspressos,FlawlessFlatbreads,9045103
2026-07-06T03:01:33.439208,2026-07-06T03:01:33.446424+00:00,165.4,44,bid,CostlyCorianders,DiligentDonuts,9045107
2026-07-06T03:01:34.064958,2026-07-06T03:01:34.074209+00:00,165.4,11,bid,Xuanyu Liu,DiligentDonuts,9045115
2026-07-06T03:01:34.490591,2026-07-06T03:01:34.502254+00:00,165.4,33,bid,CostlyCorianders,DiligentDonuts,9045120
2026-07-06T03:01:34.490591,2026-07-06T03:01:34.502254+00:00,165.5,10,bid,CostlyCorianders,EarnestEspressos,9045121
2026-07-06T03:01:34.547624,2026-07-06T03:01:34.559309+00:00,165.0,40,ask,EarnestEspressos,CostlyCorianders,9045122
2026-07-06T03:01:34.818965,2026-07-06T03:01:34.827780+00:00,165.4,11,ask,DiligentDonuts,Xuanyu Liu,9045128
2026-07-06T03:01:35.196107,2026-07-06T03:01:35.202857+00:00,165.4,50,ask,DiligentDonuts,FlawlessFlatbreads,9045131
2026-07-06T03:01:35.196432,2026-07-06T03:01:35.208341+00:00,165.4,39,ask,DiligentDonuts,EarnestEspressos,9045133
2026-07-06T03:01:35.214617,2026-07-06T03:01:35.224473+00:00,165.2,11,bid,Xuanyu Liu,EarnestEspressos,9045134
2026-07-06T03:01:37.108717,2026-07-06T03:01:37.120451+00:00,165.2,46,bid,CostlyCorianders,EarnestEspressos,9045155
2026-07-06T03:01:39.353808,2026-07-06T03:01:39.364001+00:00,165.5,50,bid,FlawlessFlatbreads,DiligentDonuts,9045180
2026-07-06T03:01:39.716732,2026-07-06T03:01:39.728831+00:00,165.1,47,ask,EarnestEspressos,CostlyCorianders,9045183
2026-07-06T03:01:40.353426,2026-07-06T03:01:40.365162+00:00,165.1,48,ask,EarnestEspressos,CostlyCorianders,9045192
2026-07-06T03:01:41.522874,2026-07-06T03:01:41.534571+00:00,165.2,100,ask,DiligentDonuts,EarnestEspressos,9045204
2026-07-06T03:01:46.113145,2026-07-06T03:01:46.120035+00:00,165.3,43,bid,CostlyCorianders,DiligentDonuts,9045260
2026-07-06T03:01:46.723006,2026-07-06T03:01:46.732123+00:00,165.3,42,bid,CostlyCorianders,DiligentDonuts,9045265
2026-07-06T03:01:47.821259,2026-07-06T03:01:47.828067+00:00,164.8,50,ask,DiligentDonuts,FlawlessFlatbreads,9045281
2026-07-06T03:01:48.263998,2026-07-06T03:01:48.275733+00:00,164.8,43,ask,DiligentDonuts,CostlyCorianders,9045284
2026-07-06T03:01:49.875735,2026-07-06T03:01:49.887444+00:00,165.3,50,bid,FlawlessFlatbreads,DiligentDonuts,9045309
2026-07-06T03:01:50.293653,2026-07-06T03:01:50.305465+00:00,165.3,44,bid,CostlyCorianders,DiligentDonuts,9045310
2026-07-06T03:01:51.983835,2026-07-06T03:01:51.995736+00:00,165.3,50,bid,FlawlessFlatbreads,EarnestEspressos,9045343
2026-07-06T03:01:54.090880,2026-07-06T03:01:54.102777+00:00,165.5,50,bid,FlawlessFlatbreads,DiligentDonuts,9045360
2026-07-06T03:01:56.198168,2026-07-06T03:01:56.206243+00:00,165.5,50,bid,FlawlessFlatbreads,DiligentDonuts,9045382
2026-07-06T03:01:56.965930,2026-07-06T03:01:56.974433+00:00,165.3,11,ask,DiligentDonuts,Xuanyu Liu,9045390
2026-07-06T03:01:57.061823,2026-07-06T03:01:57.070277+00:00,165.3,12,ask,DiligentDonuts,Xuanyu Liu,9045395
2026-07-06T03:01:58.305092,2026-07-06T03:01:58.316823+00:00,165.6,50,bid,FlawlessFlatbreads,EarnestEspressos,9045411
2026-07-06T03:02:01.686125,2026-07-06T03:02:01.695317+00:00,165.2,11,ask,DiligentDonuts,Xuanyu Liu,9045452
2026-07-06T03:02:02.522336,2026-07-06T03:02:02.533948+00:00,165.7,50,bid,FlawlessFlatbreads,DiligentDonuts,9045458
2026-07-06T03:02:02.995861,2026-07-06T03:02:03.004916+00:00,165.2,23,ask,DiligentDonuts,Xuanyu Liu,9045470
2026-07-06T03:02:03.515543,2026-07-06T03:02:03.527162+00:00,165.2,44,ask,EarnestEspressos,CostlyCorianders,9045483
2026-07-06T03:02:04.149590,2026-07-06T03:02:04.161507+00:00,164.8,46,ask,DiligentDonuts,CostlyCorianders,9045490
2026-07-06T03:02:04.628203,2026-07-06T03:02:04.634703+00:00,165.1,50,bid,FlawlessFlatbreads,EarnestEspressos,9045500
2026-07-06T03:02:05.691290,2026-07-06T03:02:05.702992+00:00,165.1,44,bid,CostlyCorianders,EarnestEspressos,9045511
2026-07-06T03:02:06.260345,2026-07-06T03:02:06.272345+00:00,165.1,48,bid,CostlyCorianders,EarnestEspressos,9045518
2026-07-06T03:02:06.314957,2026-07-06T03:02:06.326622+00:00,164.8,49,ask,DiligentDonuts,CostlyCorianders,9045519
2026-07-06T03:02:06.787859,2026-07-06T03:02:06.799842+00:00,164.7,50,ask,DiligentDonuts,FlawlessFlatbreads,9045525
2026-07-06T03:02:06.806452,2026-07-06T03:02:06.818229+00:00,165.2,100,bid,EarnestEspressos,DiligentDonuts,9045526
2026-07-06T03:02:08.244289,2026-07-06T03:02:08.252957+00:00,165.4,3,ask,EarnestEspressos,Xuanyu Liu,9045552
2026-07-06T03:02:08.443735,2026-07-06T03:02:08.463653+00:00,165.4,47,ask,EarnestEspressos,CostlyCorianders,9045554
2026-07-06T03:02:08.899870,2026-07-06T03:02:08.907516+00:00,164.7,50,ask,DiligentDonuts,FlawlessFlatbreads,9045565
2026-07-06T03:02:09.677045,2026-07-06T03:02:09.686565+00:00,165.1,3,bid,Xuanyu Liu,DiligentDonuts,9045571
2026-07-06T03:02:10.031401,2026-07-06T03:02:10.043816+00:00,165.1,47,bid,CostlyCorianders,DiligentDonuts,9045575
2026-07-06T03:02:10.955348,2026-07-06T03:02:10.964292+00:00,165.1,50,bid,FlawlessFlatbreads,DiligentDonuts,9045592
2026-07-06T03:02:11.045829,2026-07-06T03:02:11.058561+00:00,164.7,48,ask,EarnestEspressos,CostlyCorianders,9045594
2026-07-06T03:02:13.114849,2026-07-06T03:02:13.121961+00:00,164.9,50,ask,DiligentDonuts,FlawlessFlatbreads,9045619
2026-07-06T03:02:15.194820,2026-07-06T03:02:15.204644+00:00,165.1,50,bid,FlawlessFlatbreads,EarnestEspressos,9045637
2026-07-06T03:02:16.095815,2026-07-06T03:02:16.107183+00:00,164.7,45,ask,DiligentDonuts,CostlyCorianders,9045654
2026-07-06T03:02:17.301803,2026-07-06T03:02:17.313460+00:00,165.0,50,bid,FlawlessFlatbreads,EarnestEspressos,9045671
2026-07-06T03:02:18.571805,2026-07-06T03:02:18.583493+00:00,165.0,48,bid,CostlyCorianders,EarnestEspressos,9045688
2026-07-06T03:02:19.471755,2026-07-06T03:02:19.483495+00:00,164.4,50,ask,DiligentDonuts,FlawlessFlatbreads,9045701
2026-07-06T03:02:19.475623,2026-07-06T03:02:19.483495+00:00,164.9,100,bid,EarnestEspressos,DiligentDonuts,9045702
2026-07-06T03:02:20.702799,2026-07-06T03:02:20.714647+00:00,165.0,48,ask,EarnestEspressos,CostlyCorianders,9045712
2026-07-06T03:02:23.015931,2026-07-06T03:02:23.024517+00:00,165.0,43,bid,CostlyCorianders,EarnestEspressos,9045747
2026-07-06T03:02:23.632600,2026-07-06T03:02:23.644272+00:00,165.0,50,bid,FlawlessFlatbreads,EarnestEspressos,9045754
2026-07-06T03:02:25.791803,2026-07-06T03:02:25.800931+00:00,164.6,50,ask,DiligentDonuts,FlawlessFlatbreads,9045782
2026-07-06T03:02:27.581443,2026-07-06T03:02:27.593113+00:00,164.8,40,ask,EarnestEspressos,CostlyCorianders,9045810
2026-07-06T03:02:27.904562,2026-07-06T03:02:27.913060+00:00,164.8,50,ask,EarnestEspressos,FlawlessFlatbreads,9045811
2026-07-06T03:02:31.162447,2026-07-06T03:02:31.173981+00:00,164.9,42,bid,CostlyCorianders,DiligentDonuts,9045857
2026-07-06T03:02:32.125237,2026-07-06T03:02:32.133292+00:00,164.6,50,ask,DiligentDonuts,FlawlessFlatbreads,9045866
2026-07-06T03:02:34.233468,2026-07-06T03:02:34.245358+00:00,164.6,50,ask,DiligentDonuts,FlawlessFlatbreads,9045893
2026-07-06T03:02:34.486265,2026-07-06T03:02:34.494676+00:00,164.8,11,bid,Xuanyu Liu,EarnestEspressos,9045896
2026-07-06T03:02:34.953201,2026-07-06T03:02:34.965101+00:00,164.8,47,bid,CostlyCorianders,EarnestEspressos,9045903
2026-07-06T03:02:36.340940,2026-07-06T03:02:36.358595+00:00,164.6,50,ask,EarnestEspressos,FlawlessFlatbreads,9045918
2026-07-06T03:02:36.874583,2026-07-06T03:02:36.886474+00:00,164.8,46,bid,CostlyCorianders,DiligentDonuts,9045922
2026-07-06T03:02:37.380183,2026-07-06T03:02:37.391659+00:00,164.6,42,ask,EarnestEspressos,CostlyCorianders,9045924
2026-07-06T03:02:38.448902,2026-07-06T03:02:38.458753+00:00,164.3,50,ask,DiligentDonuts,FlawlessFlatbreads,9045942
2026-07-06T03:02:38.523007,2026-07-06T03:02:38.532105+00:00,164.7,12,bid,Xuanyu Liu,EarnestEspressos,9045943
2026-07-06T03:02:38.998717,2026-07-06T03:02:39.010371+00:00,164.7,43,bid,CostlyCorianders,EarnestEspressos,9045948
2026-07-06T03:02:39.459518,2026-07-06T03:02:39.468827+00:00,164.7,23,bid,Xuanyu Liu,EarnestEspressos,9045952
2026-07-06T03:02:40.068163,2026-07-06T03:02:40.079761+00:00,164.3,49,ask,DiligentDonuts,CostlyCorianders,9045959
2026-07-06T03:02:40.554788,2026-07-06T03:02:40.566735+00:00,164.3,1,ask,DiligentDonuts,FlawlessFlatbreads,9045965
2026-07-06T03:02:40.554788,2026-07-06T03:02:40.566735+00:00,164.2,49,ask,EarnestEspressos,FlawlessFlatbreads,9045966
2026-07-06T03:02:42.664947,2026-07-06T03:02:42.676816+00:00,164.3,50,ask,EarnestEspressos,FlawlessFlatbreads,9045985
2026-07-06T03:02:43.090497,2026-07-06T03:02:43.098908+00:00,164.6,48,bid,CostlyCorianders,DiligentDonuts,9045992
2026-07-06T03:02:44.262385,2026-07-06T03:02:44.270847+00:00,164.3,44,ask,EarnestEspressos,CostlyCorianders,9046006
2026-07-06T03:02:44.773793,2026-07-06T03:02:44.780233+00:00,164.1,50,ask,DiligentDonuts,FlawlessFlatbreads,9046017
2026-07-06T03:02:44.959535,2026-07-06T03:02:44.967794+00:00,164.3,34,bid,Xuanyu Liu,EarnestEspressos,9046023
2026-07-06T03:02:45.810273,2026-07-06T03:02:45.822156+00:00,164.3,44,bid,CostlyCorianders,EarnestEspressos,9046036
2026-07-06T03:02:46.881458,2026-07-06T03:02:46.893378+00:00,164.1,50,ask,DiligentDonuts,FlawlessFlatbreads,9046057
2026-07-06T03:02:46.945531,2026-07-06T03:02:46.952114+00:00,163.8,46,ask,EarnestEspressos,CostlyCorianders,9046058
2026-07-06T03:02:48.982537,2026-07-06T03:02:48.993426+00:00,164.1,47,bid,CostlyCorianders,DiligentDonuts,9046080
2026-07-06T03:02:48.990209,2026-07-06T03:02:48.998419+00:00,163.8,50,ask,EarnestEspressos,FlawlessFlatbreads,9046081
2026-07-06T03:02:49.133082,2026-07-06T03:02:49.141806+00:00,164.1,11,bid,Xuanyu Liu,DiligentDonuts,9046083
2026-07-06T03:02:49.462909,2026-07-06T03:02:49.474526+00:00,163.8,44,ask,EarnestEspressos,CostlyCorianders,9046088
2026-07-06T03:02:50.057105,2026-07-06T03:02:50.063712+00:00,164.1,42,bid,CostlyCorianders,DiligentDonuts,9046101
2026-07-06T03:02:50.112549,2026-07-06T03:02:50.122353+00:00,163.8,42,ask,EarnestEspressos,CostlyCorianders,9046103
2026-07-06T03:02:51.098150,2026-07-06T03:02:51.109829+00:00,163.8,50,ask,DiligentDonuts,FlawlessFlatbreads,9046121
2026-07-06T03:02:51.157499,2026-07-06T03:02:51.166837+00:00,163.8,50,ask,DiligentDonuts,EarnestEspressos,9046122
2026-07-06T03:02:51.527220,2026-07-06T03:02:51.573178+00:00,163.7,6,bid,Xuanyu Liu,EarnestEspressos,9046123
2026-07-06T03:02:52.926547,2026-07-06T03:02:52.938243+00:00,163.7,47,bid,CostlyCorianders,EarnestEspressos,9046148
2026-07-06T03:02:53.206373,2026-07-06T03:02:53.218233+00:00,163.2,50,ask,EarnestEspressos,FlawlessFlatbreads,9046150
2026-07-06T03:02:53.989373,2026-07-06T03:02:53.997843+00:00,163.6,41,ask,DiligentDonuts,CostlyCorianders,9046156
2026-07-06T03:02:54.895701,2026-07-06T03:02:54.907452+00:00,163.9,48,bid,CostlyCorianders,EarnestEspressos,9046172
2026-07-06T03:02:55.315088,2026-07-06T03:02:55.322566+00:00,163.6,50,ask,DiligentDonuts,FlawlessFlatbreads,9046182
2026-07-06T03:02:57.371210,2026-07-06T03:02:57.382939+00:00,163.9,50,bid,FlawlessFlatbreads,EarnestEspressos,9046202
2026-07-06T03:02:57.583665,2026-07-06T03:02:57.592233+00:00,163.9,6,ask,EarnestEspressos,Xuanyu Liu,9046205
2026-07-06T03:02:58.195728,2026-07-06T03:02:58.205064+00:00,163.9,11,ask,EarnestEspressos,Xuanyu Liu,9046218
2026-07-06T03:02:59.479312,2026-07-06T03:02:59.491106+00:00,164.1,50,bid,FlawlessFlatbreads,DiligentDonuts,9046234
2026-07-06T03:03:01.041317,2026-07-06T03:03:01.058771+00:00,164.0,46,bid,CostlyCorianders,DiligentDonuts,9046256
2026-07-06T03:03:01.096270,2026-07-06T03:03:01.106271+00:00,163.7,45,ask,EarnestEspressos,CostlyCorianders,9046258
2026-07-06T03:03:01.563783,2026-07-06T03:03:01.575579+00:00,163.7,43,ask,EarnestEspressos,CostlyCorianders,9046264
2026-07-06T03:03:01.639121,2026-07-06T03:03:01.650689+00:00,163.7,50,ask,EarnestEspressos,FlawlessFlatbreads,9046268
2026-07-06T03:03:02.592612,2026-07-06T03:03:02.601069+00:00,164.0,47,bid,CostlyCorianders,DiligentDonuts,9046279
2026-07-06T03:03:02.647367,2026-07-06T03:03:02.663885+00:00,163.7,12,ask,EarnestEspressos,CostlyCorianders,9046280
2026-07-06T03:03:03.695873,2026-07-06T03:03:03.709646+00:00,163.9,50,bid,FlawlessFlatbreads,DiligentDonuts,9046305
2026-07-06T03:03:03.814511,2026-07-06T03:03:03.821844+00:00,163.4,100,ask,DiligentDonuts,EarnestEspressos,9046309
2026-07-06T03:03:03.828198,2026-07-06T03:03:03.837038+00:00,163.3,17,bid,Xuanyu Liu,EarnestEspressos,9046310
2026-07-06T03:03:05.802608,2026-07-06T03:03:05.814437+00:00,163.3,33,bid,FlawlessFlatbreads,EarnestEspressos,9046333
2026-07-06T03:03:05.802608,2026-07-06T03:03:05.814437+00:00,163.9,17,bid,FlawlessFlatbreads,DiligentDonuts,9046334
2026-07-06T03:03:06.921403,2026-07-06T03:03:06.932929+00:00,163.3,45,ask,DiligentDonuts,CostlyCorianders,9046349
2026-07-06T03:03:07.911430,2026-07-06T03:03:07.923014+00:00,163.7,50,bid,FlawlessFlatbreads,EarnestEspressos,9046366
2026-07-06T03:03:10.018848,2026-07-06T03:03:10.030518+00:00,163.5,50,bid,FlawlessFlatbreads,DiligentDonuts,9046397
2026-07-06T03:03:10.096541,2026-07-06T03:03:10.104673+00:00,163.4,6,ask,EarnestEspressos,Xuanyu Liu,9046398
2026-07-06T03:03:11.422653,2026-07-06T03:03:11.459037+00:00,163.5,47,bid,CostlyCorianders,DiligentDonuts,9046421
2026-07-06T03:03:11.967002,2026-07-06T03:03:11.978678+00:00,163.4,40,ask,EarnestEspressos,CostlyCorianders,9046429
2026-07-06T03:03:12.128616,2026-07-06T03:03:12.138502+00:00,163.5,3,bid,FlawlessFlatbreads,DiligentDonuts,9046431
2026-07-06T03:03:12.128616,2026-07-06T03:03:12.138502+00:00,163.9,47,bid,FlawlessFlatbreads,EarnestEspressos,9046432
2026-07-06T03:03:12.442781,2026-07-06T03:03:12.458580+00:00,163.4,41,ask,EarnestEspressos,CostlyCorianders,9046436
2026-07-06T03:03:13.789218,2026-07-06T03:03:13.801075+00:00,163.8,49,bid,CostlyCorianders,DiligentDonuts,9046458
2026-07-06T03:03:14.286372,2026-07-06T03:03:14.295366+00:00,163.3,50,ask,DiligentDonuts,FlawlessFlatbreads,9046462
2026-07-06T03:03:16.420699,2026-07-06T03:03:16.432202+00:00,163.2,50,ask,DiligentDonuts,FlawlessFlatbreads,9046493
2026-07-06T03:03:17.565271,2026-07-06T03:03:17.573611+00:00,163.2,11,ask,DiligentDonuts,Xuanyu Liu,9046503
2026-07-06T03:03:17.854724,2026-07-06T03:03:17.866575+00:00,163.2,39,ask,DiligentDonuts,CostlyCorianders,9046512
2026-07-06T03:03:17.854724,2026-07-06T03:03:17.866575+00:00,163.1,3,ask,EarnestEspressos,CostlyCorianders,9046513
2026-07-06T03:03:18.527211,2026-07-06T03:03:18.539076+00:00,163.1,50,ask,EarnestEspressos,FlawlessFlatbreads,9046519
2026-07-06T03:03:19.246796,2026-07-06T03:03:19.258692+00:00,163.1,97,ask,EarnestEspressos,DiligentDonuts,9046525
2026-07-06T03:03:19.659461,2026-07-06T03:03:19.666855+00:00,162.7,11,bid,Xuanyu Liu,EarnestEspressos,9046534
2026-07-06T03:03:19.946001,2026-07-06T03:03:19.958567+00:00,162.7,44,bid,CostlyCorianders,EarnestEspressos,9046541
2026-07-06T03:03:20.325170,2026-07-06T03:03:20.335111+00:00,162.7,6,bid,Xuanyu Liu,EarnestEspressos,9046549
2026-07-06T03:03:20.648991,2026-07-06T03:03:20.658791+00:00,162.5,50,ask,DiligentDonuts,FlawlessFlatbreads,9046559
2026-07-06T03:03:21.037748,2026-07-06T03:03:21.049569+00:00,162.7,46,bid,CostlyCorianders,EarnestEspressos,9046563
2026-07-06T03:03:22.357690,2026-07-06T03:03:22.369367+00:00,162.7,43,bid,DiligentDonuts,EarnestEspressos,9046586
2026-07-06T03:03:26.928277,2026-07-06T03:03:26.940385+00:00,162.9,50,bid,FlawlessFlatbreads,DiligentDonuts,9046647
2026-07-06T03:03:27.261606,2026-07-06T03:03:27.271690+00:00,162.8,6,ask,EarnestEspressos,Xuanyu Liu,9046653
2026-07-06T03:03:29.035537,2026-07-06T03:03:29.047488+00:00,163.1,50,bid,FlawlessFlatbreads,DiligentDonuts,9046673
2026-07-06T03:03:30.837966,2026-07-06T03:03:30.847866+00:00,162.7,11,ask,EarnestEspressos,Xuanyu Liu,9046698
2026-07-06T03:03:31.149225,2026-07-06T03:03:31.158581+00:00,163.1,50,bid,FlawlessFlatbreads,DiligentDonuts,9046701
2026-07-06T03:03:32.260820,2026-07-06T03:03:32.268985+00:00,162.6,42,ask,DiligentDonuts,CostlyCorianders,9046722
2026-07-06T03:03:33.238511,2026-07-06T03:03:33.250320+00:00,162.6,43,ask,DiligentDonuts,CostlyCorianders,9046735
2026-07-06T03:03:33.255400,2026-07-06T03:03:33.267665+00:00,162.8,50,bid,FlawlessFlatbreads,EarnestEspressos,9046736
2026-07-06T03:03:35.373052,2026-07-06T03:03:35.381502+00:00,162.8,50,bid,FlawlessFlatbreads,DiligentDonuts,9046757
2026-07-06T03:03:37.479021,2026-07-06T03:03:37.490529+00:00,162.8,50,bid,FlawlessFlatbreads,DiligentDonuts,9046780
2026-07-06T03:03:39.488406,2026-07-06T03:03:39.500135+00:00,163.1,47,bid,CostlyCorianders,DiligentDonuts,9046809
2026-07-06T03:03:39.594111,2026-07-06T03:03:39.608014+00:00,163.1,50,bid,FlawlessFlatbreads,DiligentDonuts,9046815
2026-07-06T03:03:41.324798,2026-07-06T03:03:41.336260+00:00,163.1,100,bid,DiligentDonuts,EarnestEspressos,9046836
2026-07-06T03:03:41.700862,2026-07-06T03:03:41.707426+00:00,163.7,50,bid,FlawlessFlatbreads,DiligentDonuts,9046841
2026-07-06T03:03:41.753666,2026-07-06T03:03:41.763551+00:00,163.2,34,ask,EarnestEspressos,Xuanyu Liu,9046842
2026-07-06T03:03:42.028934,2026-07-06T03:03:42.040878+00:00,163.2,48,ask,EarnestEspressos,CostlyCorianders,9046844
2026-07-06T03:03:42.630624,2026-07-06T03:03:42.639606+00:00,163.2,12,ask,EarnestEspressos,Xuanyu Liu,9046846
2026-07-06T03:03:43.809961,2026-07-06T03:03:43.816617+00:00,163.7,50,bid,FlawlessFlatbreads,DiligentDonuts,9046861
2026-07-06T03:03:45.839133,2026-07-06T03:03:45.848420+00:00,163.1,48,ask,DiligentDonuts,CostlyCorianders,9046881
2026-07-06T03:03:45.914802,2026-07-06T03:03:45.921487+00:00,163.2,50,bid,FlawlessFlatbreads,EarnestEspressos,9046883
2026-07-06T03:03:46.787391,2026-07-06T03:03:46.799261+00:00,163.2,48,bid,CostlyCorianders,EarnestEspressos,9046894
2026-07-06T03:03:47.370725,2026-07-06T03:03:47.377419+00:00,163.2,42,bid,CostlyCorianders,EarnestEspressos,9046905
2026-07-06T03:03:48.020179,2026-07-06T03:03:48.030987+00:00,163.3,50,bid,FlawlessFlatbreads,DiligentDonuts,9046908
2026-07-06T03:03:48.079018,2026-07-06T03:03:48.088728+00:00,163.1,11,ask,EarnestEspressos,Xuanyu Liu,9046909
2026-07-06T03:03:49.184065,2026-07-06T03:03:49.193571+00:00,163.1,12,ask,EarnestEspressos,Xuanyu Liu,9046927
2026-07-06T03:03:49.386472,2026-07-06T03:03:49.398476+00:00,163.1,42,ask,EarnestEspressos,CostlyCorianders,9046930
2026-07-06T03:03:49.998185,2026-07-06T03:03:50.009698+00:00,163.1,42,ask,EarnestEspressos,CostlyCorianders,9046939
2026-07-06T03:03:50.125280,2026-07-06T03:03:50.136845+00:00,163.3,50,bid,FlawlessFlatbreads,DiligentDonuts,9046941
2026-07-06T03:03:51.155215,2026-07-06T03:03:51.167219+00:00,163.1,43,ask,EarnestEspressos,CostlyCorianders,9046957
2026-07-06T03:03:51.155215,2026-07-06T03:03:51.167219+00:00,163.0,1,ask,DiligentDonuts,CostlyCorianders,9046958
2026-07-06T03:03:51.284109,2026-07-06T03:03:51.292676+00:00,163.0,99,ask,DiligentDonuts,EarnestEspressos,9046960
2026-07-06T03:03:52.188202,2026-07-06T03:03:52.199897+00:00,162.9,45,bid,CostlyCorianders,EarnestEspressos,9046965
2026-07-06T03:03:56.470378,2026-07-06T03:03:56.481920+00:00,163.1,48,bid,CostlyCorianders,DiligentDonuts,9047023
2026-07-06T03:03:56.496253,2026-07-06T03:03:56.507821+00:00,162.9,50,ask,EarnestEspressos,FlawlessFlatbreads,9047024
2026-07-06T03:03:57.499116,2026-07-06T03:03:57.512050+00:00,162.9,46,ask,EarnestEspressos,CostlyCorianders,9047032
2026-07-06T03:03:58.359822,2026-07-06T03:03:58.369539+00:00,163.0,12,bid,Xuanyu Liu,EarnestEspressos,9047048
2026-07-06T03:03:58.603260,2026-07-06T03:03:58.615204+00:00,162.8,50,ask,DiligentDonuts,FlawlessFlatbreads,9047052
2026-07-06T03:03:59.534510,2026-07-06T03:03:59.546353+00:00,163.0,41,bid,CostlyCorianders,EarnestEspressos,9047064
2026-07-06T03:04:00.671714,2026-07-06T03:04:00.680784+00:00,163.2,43,bid,CostlyCorianders,DiligentDonuts,9047075
2026-07-06T03:04:01.214856,2026-07-06T03:04:01.224806+00:00,162.8,43,ask,EarnestEspressos,CostlyCorianders,9047082
2026-07-06T03:04:01.765254,2026-07-06T03:04:01.774350+00:00,162.8,44,ask,EarnestEspressos,CostlyCorianders,9047091
2026-07-06T03:04:02.766577,2026-07-06T03:04:02.778621+00:00,163.2,50,bid,FlawlessFlatbreads,DiligentDonuts,9047102
2026-07-06T03:04:04.873958,2026-07-06T03:04:04.884709+00:00,163.2,50,bid,FlawlessFlatbreads,EarnestEspressos,9047135
2026-07-06T03:04:05.520746,2026-07-06T03:04:05.532474+00:00,163.2,40,bid,CostlyCorianders,EarnestEspressos,9047140
2026-07-06T03:04:05.575505,2026-07-06T03:04:05.587195+00:00,163.1,43,ask,DiligentDonuts,CostlyCorianders,9047141
2026-07-06T03:04:08.292894,2026-07-06T03:04:08.300180+00:00,163.4,44,bid,CostlyCorianders,DiligentDonuts,9047168
2026-07-06T03:04:10.445362,2026-07-06T03:04:10.458601+00:00,162.9,48,ask,DiligentDonuts,CostlyCorianders,9047189
2026-07-06T03:04:13.290560,2026-07-06T03:04:13.301772+00:00,163.3,50,bid,FlawlessFlatbreads,EarnestEspressos,9047224
2026-07-06T03:04:15.396010,2026-07-06T03:04:15.408773+00:00,163.3,50,bid,FlawlessFlatbreads,DiligentDonuts,9047255
2026-07-06T03:04:16.359552,2026-07-06T03:04:16.368678+00:00,163.2,12,ask,DiligentDonuts,Xuanyu Liu,9047262
2026-07-06T03:04:17.150822,2026-07-06T03:04:17.164031+00:00,163.6,45,bid,CostlyCorianders,EarnestEspressos,9047274
2026-07-06T03:04:19.692755,2026-07-06T03:04:19.700258+00:00,163.1,50,ask,DiligentDonuts,FlawlessFlatbreads,9047308
2026-07-06T03:04:19.706709,2026-07-06T03:04:19.715937+00:00,163.3,11,ask,EarnestEspressos,Xuanyu Liu,9047309
2026-07-06T03:04:19.985978,2026-07-06T03:04:19.995355+00:00,163.3,3,ask,EarnestEspressos,Xuanyu Liu,9047321
2026-07-06T03:04:22.236834,2026-07-06T03:04:22.248808+00:00,163.3,47,ask,EarnestEspressos,CostlyCorianders,9047343
2026-07-06T03:04:22.514279,2026-07-06T03:04:22.516095+00:00,163.3,89,ask,EarnestEspressos,DiligentDonuts,9047349
2026-07-06T03:04:23.314080,2026-07-06T03:04:23.322432+00:00,163.1,3,bid,Xuanyu Liu,EarnestEspressos,9047357
2026-07-06T03:04:23.854820,2026-07-06T03:04:23.863567+00:00,163.1,50,bid,FlawlessFlatbreads,EarnestEspressos,9047367
2026-07-06T03:04:24.536369,2026-07-06T03:04:24.548386+00:00,163.1,49,bid,CostlyCorianders,EarnestEspressos,9047374
2026-07-06T03:04:27.665311,2026-07-06T03:04:27.674692+00:00,163.0,40,ask,DiligentDonuts,CostlyCorianders,9047416
2026-07-06T03:04:28.260619,2026-07-06T03:04:28.272554+00:00,163.0,40,ask,DiligentDonuts,CostlyCorianders,9047423
2026-07-06T03:04:28.841756,2026-07-06T03:04:28.863977+00:00,163.0,100,ask,EarnestEspressos,DiligentDonuts,9047436
2026-07-06T03:04:30.238517,2026-07-06T03:04:30.246373+00:00,162.5,50,ask,DiligentDonuts,FlawlessFlatbreads,9047458
2026-07-06T03:04:32.344403,2026-07-06T03:04:32.354783+00:00,162.8,50,ask,DiligentDonuts,FlawlessFlatbreads,9047487
2026-07-06T03:04:33.878478,2026-07-06T03:04:33.889338+00:00,163.0,11,bid,Xuanyu Liu,EarnestEspressos,9047501
2026-07-06T03:04:34.452917,2026-07-06T03:04:34.447078+00:00,162.8,50,ask,DiligentDonuts,FlawlessFlatbreads,9047509
2026-07-06T03:04:35.368630,2026-07-06T03:04:35.380295+00:00,163.0,46,bid,CostlyCorianders,EarnestEspressos,9047518
2026-07-06T03:04:36.560973,2026-07-06T03:04:36.567804+00:00,162.8,50,ask,EarnestEspressos,FlawlessFlatbreads,9047537
2026-07-06T03:04:38.666271,2026-07-06T03:04:38.677979+00:00,162.6,50,ask,DiligentDonuts,FlawlessFlatbreads,9047556
2026-07-06T03:04:40.988804,2026-07-06T03:04:41.000446+00:00,163.1,47,bid,CostlyCorianders,DiligentDonuts,9047576
2026-07-06T03:04:41.582960,2026-07-06T03:04:41.594708+00:00,162.6,47,ask,EarnestEspressos,CostlyCorianders,9047582
2026-07-06T03:04:41.886179,2026-07-06T03:04:41.894572+00:00,163.0,12,bid,Xuanyu Liu,EarnestEspressos,9047588
2026-07-06T03:04:42.100016,2026-07-06T03:04:42.111823+00:00,163.0,42,bid,CostlyCorianders,EarnestEspressos,9047591
2026-07-06T03:04:42.825534,2026-07-06T03:04:42.837352+00:00,163.0,50,bid,FlawlessFlatbreads,EarnestEspressos,9047602
2026-07-06T03:04:43.550352,2026-07-06T03:04:43.559943+00:00,163.0,11,bid,Xuanyu Liu,EarnestEspressos,9047612
2026-07-06T03:04:44.173650,2026-07-06T03:04:44.181322+00:00,162.6,44,ask,DiligentDonuts,CostlyCorianders,9047617
2026-07-06T03:04:44.931107,2026-07-06T03:04:44.938193+00:00,163.2,50,bid,FlawlessFlatbreads,DiligentDonuts,9047622
2026-07-06T03:04:47.035946,2026-07-06T03:04:47.044508+00:00,163.2,50,bid,FlawlessFlatbreads,DiligentDonuts,9047655
2026-07-06T03:04:48.187601,2026-07-06T03:04:48.199254+00:00,163.2,46,ask,EarnestEspressos,CostlyCorianders,9047667
2026-07-06T03:04:49.143712,2026-07-06T03:04:49.155355+00:00,163.6,50,bid,FlawlessFlatbreads,DiligentDonuts,9047682
2026-07-06T03:04:50.174202,2026-07-06T03:04:50.185709+00:00,163.6,49,bid,CostlyCorianders,DiligentDonuts,9047693
2026-07-06T03:04:50.748542,2026-07-06T03:04:50.760204+00:00,163.2,43,ask,EarnestEspressos,CostlyCorianders,9047705
2026-07-06T03:04:50.967150,2026-07-06T03:04:50.977238+00:00,163.4,23,ask,DiligentDonuts,Xuanyu Liu,9047708
2026-07-06T03:04:51.357581,2026-07-06T03:04:51.364037+00:00,163.4,77,ask,DiligentDonuts,EarnestEspressos,9047711
2026-07-06T03:04:53.358617,2026-07-06T03:04:53.370505+00:00,163.4,50,bid,FlawlessFlatbreads,EarnestEspressos,9047742
2026-07-06T03:04:55.117666,2026-07-06T03:04:55.127067+00:00,163.4,11,ask,EarnestEspressos,Xuanyu Liu,9047763
2026-07-06T03:04:55.518316,2026-07-06T03:04:55.527094+00:00,163.4,50,ask,EarnestEspressos,FlawlessFlatbreads,9047771
2026-07-06T03:04:57.624560,2026-07-06T03:04:57.636096+00:00,163.1,50,ask,DiligentDonuts,FlawlessFlatbreads,9047797
2026-07-06T03:04:59.730634,2026-07-06T03:04:59.742256+00:00,163.2,50,ask,EarnestEspressos,FlawlessFlatbreads,9047815
2026-07-06T03:05:01.709096,2026-07-06T03:05:01.718549+00:00,163.5,11,bid,Xuanyu Liu,EarnestEspressos,9047841
2026-07-06T03:05:01.785319,2026-07-06T03:05:01.796924+00:00,163.5,50,bid,FlawlessFlatbreads,EarnestEspressos,9047843
2026-07-06T03:05:03.949526,2026-07-06T03:05:03.963702+00:00,163.5,50,ask,EarnestEspressos,FlawlessFlatbreads,9047872
2026-07-06T03:05:04.142981,2026-07-06T03:05:04.151047+00:00,163.8,43,bid,CostlyCorianders,DiligentDonuts,9047876
2026-07-06T03:05:04.741380,2026-07-06T03:05:04.749566+00:00,163.8,49,bid,CostlyCorianders,DiligentDonuts,9047890
2026-07-06T03:05:04.794906,2026-07-06T03:05:04.803005+00:00,163.5,43,ask,EarnestEspressos,CostlyCorianders,9047893
2026-07-06T03:05:05.442812,2026-07-06T03:05:05.458557+00:00,163.5,44,ask,EarnestEspressos,CostlyCorianders,9047898
2026-07-06T03:05:06.057416,2026-07-06T03:05:06.069183+00:00,163.5,13,ask,EarnestEspressos,FlawlessFlatbreads,9047909
2026-07-06T03:05:06.057416,2026-07-06T03:05:06.069183+00:00,163.3,37,ask,DiligentDonuts,FlawlessFlatbreads,9047910
2026-07-06T03:05:07.165751,2026-07-06T03:05:07.186064+00:00,163.4,100,ask,DiligentDonuts,EarnestEspressos,9047926
2026-07-06T03:05:07.177862,2026-07-06T03:05:07.186064+00:00,163.3,23,bid,Xuanyu Liu,EarnestEspressos,9047927
2026-07-06T03:05:08.165608,2026-07-06T03:05:08.172604+00:00,162.8,50,ask,EarnestEspressos,FlawlessFlatbreads,9047934
2026-07-06T03:05:10.860654,2026-07-06T03:05:10.868949+00:00,163.4,41,bid,CostlyCorianders,DiligentDonuts,9047971
2026-07-06T03:05:11.522753,2026-07-06T03:05:11.559284+00:00,163.4,48,bid,CostlyCorianders,DiligentDonuts,9047986
2026-07-06T03:05:13.814723,2026-07-06T03:05:13.825487+00:00,163.1,42,ask,DiligentDonuts,CostlyCorianders,9048012
2026-07-06T03:05:14.282300,2026-07-06T03:05:14.294135+00:00,163.6,49,bid,CostlyCorianders,DiligentDonuts,9048016
2026-07-06T03:05:16.546558,2026-07-06T03:05:16.563968+00:00,163.7,50,bid,FlawlessFlatbreads,DiligentDonuts,9048049
2026-07-06T03:05:18.662014,2026-07-06T03:05:18.668995+00:00,163.6,46,bid,CostlyCorianders,EarnestEspressos,9048081
2026-07-06T03:05:18.662211,2026-07-06T03:05:18.674027+00:00,163.6,50,bid,FlawlessFlatbreads,EarnestEspressos,9048082
2026-07-06T03:05:20.481268,2026-07-06T03:05:20.490063+00:00,163.6,11,ask,EarnestEspressos,Xuanyu Liu,9048099
2026-07-06T03:05:20.896125,2026-07-06T03:05:20.903174+00:00,163.6,46,ask,EarnestEspressos,CostlyCorianders,9048110
2026-07-06T03:05:21.426355,2026-07-06T03:05:21.438247+00:00,163.6,43,ask,EarnestEspressos,CostlyCorianders,9048121
2026-07-06T03:05:22.922867,2026-07-06T03:05:22.929586+00:00,163.3,50,ask,DiligentDonuts,FlawlessFlatbreads,9048139
2026-07-06T03:05:24.959637,2026-07-06T03:05:24.968389+00:00,163.5,23,bid,Xuanyu Liu,EarnestEspressos,9048165
2026-07-06T03:05:25.028237,2026-07-06T03:05:25.040088+00:00,163.3,50,ask,DiligentDonuts,FlawlessFlatbreads,9048167
2026-07-06T03:05:26.795881,2026-07-06T03:05:26.807941+00:00,163.6,40,bid,CostlyCorianders,DiligentDonuts,9048186
2026-07-06T03:05:27.135601,2026-07-06T03:05:27.147063+00:00,163.3,50,ask,EarnestEspressos,FlawlessFlatbreads,9048190
2026-07-06T03:05:29.241792,2026-07-06T03:05:29.258548+00:00,163.2,50,ask,DiligentDonuts,FlawlessFlatbreads,9048217
2026-07-06T03:05:29.423146,2026-07-06T03:05:29.434677+00:00,163.2,41,ask,DiligentDonuts,CostlyCorianders,9048220
2026-07-06T03:05:31.366350,2026-07-06T03:05:31.374030+00:00,163.2,9,ask,DiligentDonuts,FlawlessFlatbreads,9048251
2026-07-06T03:05:31.366350,2026-07-06T03:05:31.379334+00:00,162.9,41,ask,EarnestEspressos,FlawlessFlatbreads,9048252
2026-07-06T03:05:33.426688,2026-07-06T03:05:33.433491+00:00,163.2,50,bid,FlawlessFlatbreads,EarnestEspressos,9048280
2026-07-06T03:05:34.969528,2026-07-06T03:05:34.978030+00:00,163.2,43,bid,CostlyCorianders,EarnestEspressos,9048298
2026-07-06T03:05:35.535713,2026-07-06T03:05:35.547492+00:00,163.4,50,bid,FlawlessFlatbreads,DiligentDonuts,9048305
2026-07-06T03:05:36.957069,2026-07-06T03:05:36.963799+00:00,163.4,48,bid,CostlyCorianders,DiligentDonuts,9048325
2026-07-06T03:05:37.641882,2026-07-06T03:05:37.663950+00:00,163.4,2,bid,FlawlessFlatbreads,DiligentDonuts,9048331
2026-07-06T03:05:37.641882,2026-07-06T03:05:37.663950+00:00,163.5,48,bid,FlawlessFlatbreads,EarnestEspressos,9048332
2026-07-06T03:05:38.107655,2026-07-06T03:05:38.119353+00:00,163.0,45,ask,EarnestEspressos,CostlyCorianders,9048336
2026-07-06T03:05:39.750836,2026-07-06T03:05:39.758590+00:00,163.6,50,bid,FlawlessFlatbreads,DiligentDonuts,9048351
2026-07-06T03:05:41.857570,2026-07-06T03:05:41.869380+00:00,163.5,50,bid,FlawlessFlatbreads,DiligentDonuts,9048377
2026-07-06T03:05:43.965118,2026-07-06T03:05:43.976910+00:00,163.4,50,bid,FlawlessFlatbreads,EarnestEspressos,9048402
2026-07-06T03:05:44.022491,2026-07-06T03:05:44.029807+00:00,163.0,49,ask,DiligentDonuts,CostlyCorianders,9048403
2026-07-06T03:05:44.510919,2026-07-06T03:05:44.522525+00:00,163.4,40,bid,CostlyCorianders,EarnestEspressos,9048408
2026-07-06T03:05:44.759588,2026-07-06T03:05:44.768926+00:00,163.1,12,ask,DiligentDonuts,Xuanyu Liu,9048411
2026-07-06T03:05:45.059577,2026-07-06T03:05:45.068182+00:00,163.2,11,ask,EarnestEspressos,Xuanyu Liu,9048416
2026-07-06T03:05:46.133774,2026-07-06T03:05:46.145130+00:00,163.2,50,ask,EarnestEspressos,FlawlessFlatbreads,9048440
2026-07-06T03:05:48.189620,2026-07-06T03:05:48.201259+00:00,163.4,50,bid,FlawlessFlatbreads,DiligentDonuts,9048463
2026-07-06T03:05:50.204402,2026-07-06T03:05:50.211444+00:00,163.0,42,ask,EarnestEspressos,CostlyCorianders,9048491
2026-07-06T03:05:50.297350,2026-07-06T03:05:50.309252+00:00,163.4,50,bid,FlawlessFlatbreads,DiligentDonuts,9048493
2026-07-06T03:05:50.789530,2026-07-06T03:05:50.795898+00:00,163.5,42,bid,CostlyCorianders,EarnestEspressos,9048506
2026-07-06T03:05:51.189430,2026-07-06T03:05:51.198242+00:00,163.2,12,ask,DiligentDonuts,Xuanyu Liu,9048513
2026-07-06T03:05:51.417895,2026-07-06T03:05:51.429296+00:00,163.2,44,ask,DiligentDonuts,CostlyCorianders,9048517
2026-07-06T03:05:51.975178,2026-07-06T03:05:51.986291+00:00,163.4,46,bid,CostlyCorianders,EarnestEspressos,9048525
2026-07-06T03:05:53.007929,2026-07-06T03:05:53.019574+00:00,163.2,44,ask,DiligentDonuts,CostlyCorianders,9048534
2026-07-06T03:05:54.508398,2026-07-06T03:05:54.520290+00:00,163.3,50,bid,FlawlessFlatbreads,DiligentDonuts,9048553
2026-07-06T03:05:55.672796,2026-07-06T03:05:55.684568+00:00,163.0,44,ask,EarnestEspressos,CostlyCorianders,9048569
2026-07-06T03:05:56.616487,2026-07-06T03:05:56.628336+00:00,163.3,50,bid,FlawlessFlatbreads,DiligentDonuts,9048581
2026-07-06T03:05:59.006258,2026-07-06T03:05:59.017792+00:00,163.5,49,bid,CostlyCorianders,EarnestEspressos,9048602
2026-07-06T03:05:59.506312,2026-07-06T03:05:59.518188+00:00,163.3,47,ask,DiligentDonuts,CostlyCorianders,9048610
2026-07-06T03:06:00.827730,2026-07-06T03:06:00.839270+00:00,163.5,50,bid,FlawlessFlatbreads,EarnestEspressos,9048624
2026-07-06T03:06:01.704402,2026-07-06T03:06:01.720644+00:00,163.6,11,ask,EarnestEspressos,Xuanyu Liu,9048633
2026-07-06T03:06:03.859536,2026-07-06T03:06:03.871220+00:00,164.1,46,bid,CostlyCorianders,EarnestEspressos,9048668
2026-07-06T03:06:04.316955,2026-07-06T03:06:04.325468+00:00,164.0,6,ask,EarnestEspressos,Xuanyu Liu,9048676
2026-07-06T03:06:05.051092,2026-07-06T03:06:05.059171+00:00,164.1,50,bid,FlawlessFlatbreads,DiligentDonuts,9048689
2026-07-06T03:06:05.347212,2026-07-06T03:06:05.355433+00:00,164.1,3,bid,Xuanyu Liu,DiligentDonuts,9048696
2026-07-06T03:06:06.431432,2026-07-06T03:06:06.443859+00:00,164.0,44,ask,EarnestEspressos,CostlyCorianders,9048717
2026-07-06T03:06:07.159299,2026-07-06T03:06:07.168841+00:00,164.1,50,bid,FlawlessFlatbreads,DiligentDonuts,9048728
2026-07-06T03:06:07.512857,2026-07-06T03:06:07.524414+00:00,164.1,46,bid,CostlyCorianders,DiligentDonuts,9048736
2026-07-06T03:06:07.973261,2026-07-06T03:06:07.980752+00:00,163.8,41,ask,EarnestEspressos,CostlyCorianders,9048742
2026-07-06T03:06:09.266505,2026-07-06T03:06:09.278298+00:00,164.1,4,bid,FlawlessFlatbreads,DiligentDonuts,9048758
2026-07-06T03:06:09.266505,2026-07-06T03:06:09.278298+00:00,164.3,46,bid,FlawlessFlatbreads,EarnestEspressos,9048759
2026-07-06T03:06:10.046212,2026-07-06T03:06:10.057823+00:00,164.3,100,bid,DiligentDonuts,EarnestEspressos,9048769
2026-07-06T03:06:11.374320,2026-07-06T03:06:11.458608+00:00,164.8,50,bid,FlawlessFlatbreads,DiligentDonuts,9048783
2026-07-06T03:06:13.482362,2026-07-06T03:06:13.493862+00:00,164.6,50,bid,FlawlessFlatbreads,DiligentDonuts,9048809
2026-07-06T03:06:13.992858,2026-07-06T03:06:14.004752+00:00,164.6,42,bid,CostlyCorianders,DiligentDonuts,9048811
2026-07-06T03:06:14.531115,2026-07-06T03:06:14.542585+00:00,164.3,47,ask,EarnestEspressos,CostlyCorianders,9048818
2026-07-06T03:06:14.816732,2026-07-06T03:06:14.825219+00:00,164.3,3,ask,EarnestEspressos,Xuanyu Liu,9048825
2026-07-06T03:06:15.087551,2026-07-06T03:06:15.099727+00:00,164.6,8,bid,CostlyCorianders,DiligentDonuts,9048832
2026-07-06T03:06:15.644577,2026-07-06T03:06:15.656274+00:00,164.3,50,ask,EarnestEspressos,FlawlessFlatbreads,9048837
2026-07-06T03:06:17.291250,2026-07-06T03:06:17.302950+00:00,164.6,42,bid,CostlyCorianders,EarnestEspressos,9048855
2026-07-06T03:06:17.346001,2026-07-06T03:06:17.358557+00:00,164.5,41,ask,DiligentDonuts,CostlyCorianders,9048856
2026-07-06T03:06:17.752414,2026-07-06T03:06:17.758619+00:00,164.5,50,ask,DiligentDonuts,FlawlessFlatbreads,9048861
2026-07-06T03:06:19.215195,2026-07-06T03:06:19.230544+00:00,164.6,3,bid,Xuanyu Liu,EarnestEspressos,9048879
2026-07-06T03:06:19.870774,2026-07-06T03:06:19.882589+00:00,164.5,50,ask,DiligentDonuts,FlawlessFlatbreads,9048884
2026-07-06T03:06:19.891913,2026-07-06T03:06:19.899684+00:00,164.6,48,ask,EarnestEspressos,CostlyCorianders,9048885
2026-07-06T03:06:21.977545,2026-07-06T03:06:21.989046+00:00,164.6,50,ask,EarnestEspressos,FlawlessFlatbreads,9048911
2026-07-06T03:06:22.054645,2026-07-06T03:06:22.066321+00:00,165.0,47,bid,CostlyCorianders,DiligentDonuts,9048913
2026-07-06T03:06:24.082999,2026-07-06T03:06:24.090509+00:00,164.4,50,ask,DiligentDonuts,FlawlessFlatbreads,9048943
2026-07-06T03:06:25.874293,2026-07-06T03:06:25.884969+00:00,164.6,100,bid,DiligentDonuts,EarnestEspressos,9048964
2026-07-06T03:06:27.140799,2026-07-06T03:06:27.152339+00:00,165.1,40,bid,CostlyCorianders,DiligentDonuts,9048983
2026-07-06T03:06:29.088967,2026-07-06T03:06:29.100812+00:00,164.8,100,ask,EarnestEspressos,DiligentDonuts,9049006
2026-07-06T03:06:29.253847,2026-07-06T03:06:29.265295+00:00,164.8,44,ask,EarnestEspressos,CostlyCorianders,9049008
2026-07-06T03:06:30.397234,2026-07-06T03:06:30.408752+00:00,164.3,50,ask,DiligentDonuts,FlawlessFlatbreads,9049023
2026-07-06T03:06:30.559572,2026-07-06T03:06:30.568099+00:00,164.4,3,bid,Xuanyu Liu,EarnestEspressos,9049027
2026-07-06T03:06:30.762737,2026-07-06T03:06:30.771459+00:00,164.4,11,bid,Xuanyu Liu,EarnestEspressos,9049031
2026-07-06T03:06:32.203277,2026-07-06T03:06:32.212002+00:00,164.4,100,bid,DiligentDonuts,EarnestEspressos,9049048
2026-07-06T03:06:32.632740,2026-07-06T03:06:32.640207+00:00,164.9,48,bid,CostlyCorianders,DiligentDonuts,9049054
2026-07-06T03:06:33.188525,2026-07-06T03:06:33.196831+00:00,164.6,14,ask,EarnestEspressos,Xuanyu Liu,9049062
2026-07-06T03:06:34.637706,2026-07-06T03:06:34.649340+00:00,164.6,50,ask,EarnestEspressos,FlawlessFlatbreads,9049076
2026-07-06T03:06:35.024625,2026-07-06T03:06:35.036181+00:00,164.6,47,ask,EarnestEspressos,CostlyCorianders,9049088
2026-07-06T03:06:36.747985,2026-07-06T03:06:36.763645+00:00,164.2,50,ask,DiligentDonuts,FlawlessFlatbreads,9049110
2026-07-06T03:06:38.857084,2026-07-06T03:06:38.867455+00:00,164.1,50,ask,DiligentDonuts,FlawlessFlatbreads,9049138
2026-07-06T03:06:40.962305,2026-07-06T03:06:40.974184+00:00,164.1,50,ask,DiligentDonuts,FlawlessFlatbreads,9049167
2026-07-06T03:06:41.777675,2026-07-06T03:06:41.787140+00:00,164.2,26,bid,Xuanyu Liu,DiligentDonuts,9049177
2026-07-06T03:06:41.873063,2026-07-06T03:06:41.885911+00:00,164.2,44,bid,CostlyCorianders,DiligentDonuts,9049180
2026-07-06T03:06:43.018433,2026-07-06T03:06:43.029853+00:00,164.2,30,bid,FlawlessFlatbreads,DiligentDonuts,9049193
2026-07-06T03:06:43.077127,2026-07-06T03:06:43.088574+00:00,164.6,49,bid,CostlyCorianders,EarnestEspressos,9049194
2026-07-06T03:06:45.180090,2026-07-06T03:06:45.189565+00:00,164.2,50,ask,EarnestEspressos,FlawlessFlatbreads,9049217
2026-07-06T03:06:47.235919,2026-07-06T03:06:47.248061+00:00,164.6,50,bid,FlawlessFlatbreads,DiligentDonuts,9049242
2026-07-06T03:06:49.119883,2026-07-06T03:06:49.127228+00:00,164.1,40,ask,DiligentDonuts,CostlyCorianders,9049262
2026-07-06T03:06:49.344576,2026-07-06T03:06:49.356215+00:00,164.5,50,bid,FlawlessFlatbreads,EarnestEspressos,9049264
2026-07-06T03:06:51.453097,2026-07-06T03:06:51.465155+00:00,164.5,50,bid,FlawlessFlatbreads,EarnestEspressos,9049297
2026-07-06T03:06:51.538504,2026-07-06T03:06:51.556105+00:00,164.4,12,ask,EarnestEspressos,Xuanyu Liu,9049300
2026-07-06T03:06:52.875359,2026-07-06T03:06:52.884771+00:00,164.4,11,ask,EarnestEspressos,Xuanyu Liu,9049319
2026-07-06T03:06:54.184740,2026-07-06T03:06:54.193635+00:00,164.4,3,ask,EarnestEspressos,Xuanyu Liu,9049334
2026-07-06T03:06:54.415210,2026-07-06T03:06:54.427083+00:00,164.4,100,ask,EarnestEspressos,DiligentDonuts,9049337
2026-07-06T03:06:54.751957,2026-07-06T03:06:54.763958+00:00,164.2,3,bid,Xuanyu Liu,EarnestEspressos,9049342
2026-07-06T03:06:55.291594,2026-07-06T03:06:55.303171+00:00,163.9,48,ask,DiligentDonuts,CostlyCorianders,9049351
2026-07-06T03:06:55.664933,2026-07-06T03:06:55.672731+00:00,164.2,50,bid,FlawlessFlatbreads,EarnestEspressos,9049353
2026-07-06T03:06:55.858605,2026-07-06T03:06:55.870022+00:00,164.2,45,bid,CostlyCorianders,EarnestEspressos,9049355
2026-07-06T03:06:56.206322,2026-07-06T03:06:56.215724+00:00,164.2,23,bid,Xuanyu Liu,EarnestEspressos,9049364
2026-07-06T03:06:56.357355,2026-07-06T03:06:56.368970+00:00,164.2,29,bid,CostlyCorianders,EarnestEspressos,9049367
2026-07-06T03:06:57.771389,2026-07-06T03:06:57.783209+00:00,164.6,50,bid,FlawlessFlatbreads,DiligentDonuts,9049389
2026-07-06T03:06:57.859569,2026-07-06T03:06:57.867099+00:00,164.4,23,ask,EarnestEspressos,Xuanyu Liu,9049390
2026-07-06T03:06:57.884839,2026-07-06T03:06:57.896267+00:00,164.4,48,ask,EarnestEspressos,CostlyCorianders,9049392
2026-07-06T03:06:58.910826,2026-07-06T03:06:58.922467+00:00,164.6,47,bid,CostlyCorianders,DiligentDonuts,9049404
2026-07-06T03:06:58.965863,2026-07-06T03:06:58.977436+00:00,164.4,47,ask,EarnestEspressos,CostlyCorianders,9049406
2026-07-06T03:06:59.423370,2026-07-06T03:06:59.431519+00:00,164.4,3,ask,EarnestEspressos,Xuanyu Liu,9049410
2026-07-06T03:06:59.876277,2026-07-06T03:06:59.888013+00:00,164.6,3,bid,FlawlessFlatbreads,DiligentDonuts,9049415
2026-07-06T03:06:59.876277,2026-07-06T03:06:59.888013+00:00,164.9,47,bid,FlawlessFlatbreads,EarnestEspressos,9049416
2026-07-06T03:07:01.985626,2026-07-06T03:07:01.997403+00:00,164.6,50,bid,FlawlessFlatbreads,EarnestEspressos,9049446
2026-07-06T03:07:02.710973,2026-07-06T03:07:02.722532+00:00,164.3,43,ask,DiligentDonuts,CostlyCorianders,9049451
2026-07-06T03:07:04.091398,2026-07-06T03:07:04.098393+00:00,164.6,50,bid,FlawlessFlatbreads,EarnestEspressos,9049463
2026-07-06T03:07:04.262603,2026-07-06T03:07:04.274633+00:00,164.7,43,bid,CostlyCorianders,DiligentDonuts,9049466
2026-07-06T03:07:06.197776,2026-07-06T03:07:06.206496+00:00,164.7,50,bid,FlawlessFlatbreads,DiligentDonuts,9049488
2026-07-06T03:07:08.363808,2026-07-06T03:07:08.375636+00:00,164.4,50,ask,DiligentDonuts,FlawlessFlatbreads,9049517
2026-07-06T03:07:10.469555,2026-07-06T03:07:10.481331+00:00,164.0,50,ask,DiligentDonuts,FlawlessFlatbreads,9049545
2026-07-06T03:07:12.200448,2026-07-06T03:07:12.212521+00:00,164.1,46,ask,EarnestEspressos,CostlyCorianders,9049565
2026-07-06T03:07:12.580101,2026-07-06T03:07:12.591080+00:00,164.1,50,ask,EarnestEspressos,FlawlessFlatbreads,9049571
2026-07-06T03:07:12.758118,2026-07-06T03:07:12.766594+00:00,164.5,43,bid,CostlyCorianders,DiligentDonuts,9049572
2026-07-06T03:07:14.690610,2026-07-06T03:07:14.699951+00:00,164.4,50,ask,DiligentDonuts,FlawlessFlatbreads,9049598
2026-07-06T03:07:15.293072,2026-07-06T03:07:15.305004+00:00,164.4,40,ask,DiligentDonuts,CostlyCorianders,9049602
2026-07-06T03:07:16.745229,2026-07-06T03:07:16.754104+00:00,164.5,50,bid,FlawlessFlatbreads,EarnestEspressos,9049618
2026-07-06T03:07:17.056588,2026-07-06T03:07:17.058586+00:00,164.1,40,ask,DiligentDonuts,CostlyCorianders,9049621
2026-07-06T03:07:18.657101,2026-07-06T03:07:18.668816+00:00,164.6,46,bid,CostlyCorianders,DiligentDonuts,9049646
2026-07-06T03:07:18.852802,2026-07-06T03:07:18.864437+00:00,164.6,50,bid,FlawlessFlatbreads,DiligentDonuts,9049651
2026-07-06T03:07:20.396661,2026-07-06T03:07:20.406379+00:00,164.3,45,ask,DiligentDonuts,CostlyCorianders,9049666
2026-07-06T03:07:20.979945,2026-07-06T03:07:20.991587+00:00,164.7,50,bid,FlawlessFlatbreads,EarnestEspressos,9049672
2026-07-06T03:07:22.746175,2026-07-06T03:07:22.758620+00:00,164.3,49,ask,DiligentDonuts,CostlyCorianders,9049694
2026-07-06T03:07:23.272725,2026-07-06T03:07:23.284161+00:00,164.5,49,bid,CostlyCorianders,DiligentDonuts,9049700
2026-07-06T03:07:24.322379,2026-07-06T03:07:24.333846+00:00,164.4,48,ask,EarnestEspressos,CostlyCorianders,9049717
2026-07-06T03:07:25.239995,2026-07-06T03:07:25.258555+00:00,164.4,50,ask,EarnestEspressos,FlawlessFlatbreads,9049724
2026-07-06T03:07:26.446240,2026-07-06T03:07:26.468692+00:00,164.3,41,bid,CostlyCorianders,EarnestEspressos,9049742
2026-07-06T03:07:27.294502,2026-07-06T03:07:27.306221+00:00,164.3,50,bid,FlawlessFlatbreads,EarnestEspressos,9049751
2026-07-06T03:07:28.393698,2026-07-06T03:07:28.410892+00:00,164.3,44,bid,CostlyCorianders,EarnestEspressos,9049760
2026-07-06T03:07:28.985660,2026-07-06T03:07:28.997305+00:00,164.3,15,bid,CostlyCorianders,EarnestEspressos,9049773
2026-07-06T03:07:29.402843,2026-07-06T03:07:29.413886+00:00,164.4,50,bid,FlawlessFlatbreads,DiligentDonuts,9049774
2026-07-06T03:07:30.919700,2026-07-06T03:07:30.927783+00:00,164.3,3,ask,EarnestEspressos,Xuanyu Liu,9049798
2026-07-06T03:07:31.528610,2026-07-06T03:07:31.540624+00:00,164.4,50,bid,FlawlessFlatbreads,DiligentDonuts,9049804
2026-07-06T03:07:31.708849,2026-07-06T03:07:31.720347+00:00,164.3,46,ask,EarnestEspressos,CostlyCorianders,9049806
2026-07-06T03:07:33.388735,2026-07-06T03:07:33.400317+00:00,164.2,45,ask,DiligentDonuts,CostlyCorianders,9049832
2026-07-06T03:07:33.636907,2026-07-06T03:07:33.643730+00:00,164.7,50,bid,FlawlessFlatbreads,DiligentDonuts,9049834
2026-07-06T03:07:35.648046,2026-07-06T03:07:35.659808+00:00,164.7,42,bid,CostlyCorianders,EarnestEspressos,9049858
2026-07-06T03:07:35.743466,2026-07-06T03:07:35.755392+00:00,164.7,50,bid,FlawlessFlatbreads,EarnestEspressos,9049861
2026-07-06T03:07:36.171729,2026-07-06T03:07:36.179726+00:00,164.7,11,ask,EarnestEspressos,Xuanyu Liu,9049869
2026-07-06T03:07:36.180773,2026-07-06T03:07:36.188780+00:00,164.7,12,ask,EarnestEspressos,Xuanyu Liu,9049871
2026-07-06T03:07:37.732052,2026-07-06T03:07:37.743649+00:00,164.7,45,ask,EarnestEspressos,CostlyCorianders,9049894
2026-07-06T03:07:37.904402,2026-07-06T03:07:37.915873+00:00,164.7,50,ask,EarnestEspressos,FlawlessFlatbreads,9049898
2026-07-06T03:07:40.015253,2026-07-06T03:07:40.026981+00:00,164.5,50,ask,DiligentDonuts,FlawlessFlatbreads,9049922
2026-07-06T03:07:42.123155,2026-07-06T03:07:42.131509+00:00,164.2,50,ask,DiligentDonuts,FlawlessFlatbreads,9049949
2026-07-06T03:07:44.232231,2026-07-06T03:07:44.244018+00:00,164.2,50,ask,DiligentDonuts,FlawlessFlatbreads,9049979
2026-07-06T03:07:45.044553,2026-07-06T03:07:45.053503+00:00,164.5,23,bid,Xuanyu Liu,DiligentDonuts,9049991
2026-07-06T03:07:45.060462,2026-07-06T03:07:45.069007+00:00,164.5,43,bid,CostlyCorianders,DiligentDonuts,9049993
2026-07-06T03:07:45.569682,2026-07-06T03:07:45.581491+00:00,164.3,41,ask,EarnestEspressos,CostlyCorianders,9050003
2026-07-06T03:07:46.338137,2026-07-06T03:07:46.358592+00:00,164.3,50,ask,EarnestEspressos,FlawlessFlatbreads,9050016
2026-07-06T03:07:48.445122,2026-07-06T03:07:48.471871+00:00,164.0,50,ask,DiligentDonuts,FlawlessFlatbreads,9050049
2026-07-06T03:07:49.285575,2026-07-06T03:07:49.293851+00:00,164.2,3,bid,Xuanyu Liu,EarnestEspressos,9050058
2026-07-06T03:07:50.551153,2026-07-06T03:07:50.557682+00:00,164.0,50,ask,DiligentDonuts,FlawlessFlatbreads,9050078
2026-07-06T03:07:52.663225,2026-07-06T03:07:52.674982+00:00,163.6,50,ask,DiligentDonuts,FlawlessFlatbreads,9050095
2026-07-06T03:07:54.718950,2026-07-06T03:07:54.730604+00:00,164.1,50,bid,FlawlessFlatbreads,EarnestEspressos,9050114
2026-07-06T03:07:56.824721,2026-07-06T03:07:56.836476+00:00,164.1,50,bid,FlawlessFlatbreads,DiligentDonuts,9050128
2026-07-06T03:07:58.985913,2026-07-06T03:07:58.997566+00:00,164.0,50,ask,EarnestEspressos,FlawlessFlatbreads,9050159
2026-07-06T03:07:59.499569,2026-07-06T03:07:59.511443+00:00,164.2,49,bid,CostlyCorianders,DiligentDonuts,9050162
2026-07-06T03:08:01.597350,2026-07-06T03:08:01.607589+00:00,164.2,47,bid,CostlyCorianders,EarnestEspressos,9050185
2026-07-06T03:08:02.213069,2026-07-06T03:08:02.219924+00:00,163.8,43,ask,DiligentDonuts,CostlyCorianders,9050191
2026-07-06T03:08:03.198849,2026-07-06T03:08:03.210402+00:00,163.8,50,ask,DiligentDonuts,FlawlessFlatbreads,9050197
2026-07-06T03:08:04.680412,2026-07-06T03:08:04.691995+00:00,163.9,47,bid,CostlyCorianders,DiligentDonuts,9050210
2026-07-06T03:08:05.305384,2026-07-06T03:08:05.317214+00:00,163.8,50,ask,EarnestEspressos,FlawlessFlatbreads,9050214
2026-07-06T03:08:06.671232,2026-07-06T03:08:06.678029+00:00,163.9,49,bid,CostlyCorianders,DiligentDonuts,9050226
2026-07-06T03:08:07.414298,2026-07-06T03:08:07.426093+00:00,163.7,50,ask,DiligentDonuts,FlawlessFlatbreads,9050236
2026-07-06T03:08:09.524943,2026-07-06T03:08:09.532821+00:00,163.7,50,ask,DiligentDonuts,FlawlessFlatbreads,9050258
2026-07-06T03:08:11.600714,2026-07-06T03:08:11.609192+00:00,163.9,3,bid,Xuanyu Liu,DiligentDonuts,9050284
2026-07-06T03:08:11.632537,2026-07-06T03:08:11.644348+00:00,163.6,50,ask,EarnestEspressos,FlawlessFlatbreads,9050286
2026-07-06T03:08:12.910987,2026-07-06T03:08:12.919106+00:00,163.9,11,bid,Xuanyu Liu,DiligentDonuts,9050305
2026-07-06T03:08:13.689883,2026-07-06T03:08:13.697658+00:00,164.1,50,bid,FlawlessFlatbreads,EarnestEspressos,9050315
2026-07-06T03:08:17.060431,2026-07-06T03:08:17.072186+00:00,163.8,45,ask,EarnestEspressos,CostlyCorianders,9050354
2026-07-06T03:08:17.951831,2026-07-06T03:08:17.958279+00:00,163.8,50,ask,EarnestEspressos,FlawlessFlatbreads,9050369
2026-07-06T03:08:18.716249,2026-07-06T03:08:18.725304+00:00,163.8,41,ask,EarnestEspressos,CostlyCorianders,9050377
2026-07-06T03:08:19.293308,2026-07-06T03:08:19.305429+00:00,164.2,49,bid,CostlyCorianders,DiligentDonuts,9050380
2026-07-06T03:08:20.057148,2026-07-06T03:08:20.064040+00:00,163.8,50,ask,DiligentDonuts,EarnestEspressos,9050391
2026-07-06T03:08:20.160640,2026-07-06T03:08:20.170229+00:00,163.8,50,ask,DiligentDonuts,FlawlessFlatbreads,9050392
2026-07-06T03:08:20.171504,2026-07-06T03:08:20.179757+00:00,163.8,12,bid,Xuanyu Liu,EarnestEspressos,9050393
2026-07-06T03:08:20.407616,2026-07-06T03:08:20.419222+00:00,163.8,40,bid,CostlyCorianders,EarnestEspressos,9050395
2026-07-06T03:08:22.177749,2026-07-06T03:08:22.189515+00:00,163.3,50,ask,EarnestEspressos,FlawlessFlatbreads,9050422
2026-07-06T03:08:24.285851,2026-07-06T03:08:24.295595+00:00,163.5,50,ask,DiligentDonuts,FlawlessFlatbreads,9050444
2026-07-06T03:08:26.413574,2026-07-06T03:08:26.423338+00:00,163.5,50,ask,DiligentDonuts,FlawlessFlatbreads,9050476
2026-07-06T03:08:28.520874,2026-07-06T03:08:28.532838+00:00,163.6,50,ask,EarnestEspressos,FlawlessFlatbreads,9050504
2026-07-06T03:08:29.440862,2026-07-06T03:08:29.449394+00:00,163.9,11,bid,Xuanyu Liu,DiligentDonuts,9050513
2026-07-06T03:08:29.962181,2026-07-06T03:08:29.971021+00:00,163.9,12,bid,Xuanyu Liu,DiligentDonuts,9050522
2026-07-06T03:08:30.577147,2026-07-06T03:08:30.588294+00:00,163.9,50,bid,FlawlessFlatbreads,DiligentDonuts,9050529
2026-07-06T03:08:32.671628,2026-07-06T03:08:32.683259+00:00,163.6,43,ask,DiligentDonuts,CostlyCorianders,9050552
2026-07-06T03:08:32.736903,2026-07-06T03:08:32.743237+00:00,163.6,50,ask,DiligentDonuts,FlawlessFlatbreads,9050553
2026-07-06T03:08:33.284253,2026-07-06T03:08:33.296067+00:00,163.6,7,ask,DiligentDonuts,CostlyCorianders,9050565
2026-07-06T03:08:34.848695,2026-07-06T03:08:34.853978+00:00,163.5,50,ask,EarnestEspressos,FlawlessFlatbreads,9050580
2026-07-06T03:08:36.905044,2026-07-06T03:08:36.913873+00:00,163.9,50,bid,FlawlessFlatbreads,EarnestEspressos,9050607
2026-07-06T03:08:37.700264,2026-07-06T03:08:37.709749+00:00,163.9,40,bid,CostlyCorianders,EarnestEspressos,9050618
2026-07-06T03:08:38.631125,2026-07-06T03:08:38.643190+00:00,163.9,41,bid,CostlyCorianders,EarnestEspressos,9050628
2026-07-06T03:08:39.015955,2026-07-06T03:08:39.027819+00:00,163.9,19,bid,FlawlessFlatbreads,EarnestEspressos,9050634
2026-07-06T03:08:39.015955,2026-07-06T03:08:39.027819+00:00,164.0,31,bid,FlawlessFlatbreads,DiligentDonuts,9050635
2026-07-06T03:08:39.128178,2026-07-06T03:08:39.139886+00:00,164.0,69,bid,EarnestEspressos,DiligentDonuts,9050637
2026-07-06T03:08:40.205130,2026-07-06T03:08:40.212976+00:00,164.0,48,ask,EarnestEspressos,CostlyCorianders,9050649
2026-07-06T03:08:42.490675,2026-07-06T03:08:42.502338+00:00,163.7,45,ask,DiligentDonuts,CostlyCorianders,9050677
2026-07-06T03:08:43.081886,2026-07-06T03:08:43.092841+00:00,164.0,40,bid,CostlyCorianders,EarnestEspressos,9050686
2026-07-06T03:08:43.232371,2026-07-06T03:08:43.243869+00:00,164.0,50,bid,FlawlessFlatbreads,EarnestEspressos,9050688
2026-07-06T03:08:45.338496,2026-07-06T03:08:45.350240+00:00,164.0,50,bid,FlawlessFlatbreads,EarnestEspressos,9050713
2026-07-06T03:08:45.452096,2026-07-06T03:08:45.463720+00:00,164.0,100,bid,EarnestEspressos,DiligentDonuts,9050714
2026-07-06T03:08:46.738584,2026-07-06T03:08:46.745999+00:00,164.0,40,ask,EarnestEspressos,CostlyCorianders,9050733
2026-07-06T03:08:47.339766,2026-07-06T03:08:47.348908+00:00,164.5,44,bid,CostlyCorianders,EarnestEspressos,9050741
2026-07-06T03:08:47.446736,2026-07-06T03:08:47.463732+00:00,164.5,50,bid,FlawlessFlatbreads,EarnestEspressos,9050743
2026-07-06T03:08:47.932422,2026-07-06T03:08:47.943980+00:00,164.0,10,ask,EarnestEspressos,CostlyCorianders,9050748
2026-07-06T03:08:47.932422,2026-07-06T03:08:47.943980+00:00,163.5,31,ask,DiligentDonuts,CostlyCorianders,9050749
2026-07-06T03:08:48.543121,2026-07-06T03:08:48.558569+00:00,164.3,40,bid,CostlyCorianders,DiligentDonuts,9050759
2026-07-06T03:08:49.556835,2026-07-06T03:08:49.558568+00:00,164.3,50,bid,FlawlessFlatbreads,DiligentDonuts,9050772
2026-07-06T03:08:51.714594,2026-07-06T03:08:51.726284+00:00,164.2,50,ask,DiligentDonuts,FlawlessFlatbreads,9050798
2026-07-06T03:08:53.821406,2026-07-06T03:08:53.829330+00:00,164.2,50,ask,DiligentDonuts,FlawlessFlatbreads,9050824
2026-07-06T03:08:55.928323,2026-07-06T03:08:55.939561+00:00,163.9,50,ask,DiligentDonuts,FlawlessFlatbreads,9050854
2026-07-06T03:08:56.639666,2026-07-06T03:08:56.649758+00:00,163.9,43,ask,DiligentDonuts,CostlyCorianders,9050864
2026-07-06T03:08:58.033411,2026-07-06T03:08:58.045048+00:00,163.8,50,ask,EarnestEspressos,FlawlessFlatbreads,9050883
2026-07-06T03:08:59.653207,2026-07-06T03:08:59.658590+00:00,164.0,44,bid,CostlyCorianders,DiligentDonuts,9050900
2026-07-06T03:09:00.089966,2026-07-06T03:09:00.101656+00:00,164.0,50,bid,FlawlessFlatbreads,DiligentDonuts,9050905
2026-07-06T03:09:02.253541,2026-07-06T03:09:02.263889+00:00,163.9,50,ask,DiligentDonuts,FlawlessFlatbreads,9050933
2026-07-06T03:09:02.429884,2026-07-06T03:09:02.441478+00:00,163.9,40,ask,DiligentDonuts,CostlyCorianders,9050934
2026-07-06T03:09:04.115862,2026-07-06T03:09:04.123610+00:00,163.8,45,ask,EarnestEspressos,CostlyCorianders,9050955
2026-07-06T03:09:05.720735,2026-07-06T03:09:05.732494+00:00,164.0,41,bid,CostlyCorianders,DiligentDonuts,9050972
2026-07-06T03:09:06.466499,2026-07-06T03:09:06.477984+00:00,163.7,50,ask,EarnestEspressos,FlawlessFlatbreads,9050979
2026-07-06T03:09:07.678672,2026-07-06T03:09:07.688059+00:00,163.8,11,bid,Xuanyu Liu,EarnestEspressos,9050993
2026-07-06T03:09:08.573498,2026-07-06T03:09:08.585556+00:00,163.6,50,ask,DiligentDonuts,FlawlessFlatbreads,9051005
2026-07-06T03:09:10.683076,2026-07-06T03:09:10.691389+00:00,163.5,50,ask,DiligentDonuts,FlawlessFlatbreads,9051034
2026-07-06T03:09:11.772863,2026-07-06T03:09:11.793902+00:00,163.8,11,bid,Xuanyu Liu,EarnestEspressos,9051050
2026-07-06T03:09:12.377054,2026-07-06T03:09:12.392622+00:00,163.8,12,bid,Xuanyu Liu,EarnestEspressos,9051062
2026-07-06T03:09:12.511227,2026-07-06T03:09:12.523132+00:00,163.8,49,bid,CostlyCorianders,EarnestEspressos,9051066
2026-07-06T03:09:12.790006,2026-07-06T03:09:12.801853+00:00,163.5,50,ask,DiligentDonuts,FlawlessFlatbreads,9051067
2026-07-06T03:09:13.937842,2026-07-06T03:09:13.948896+00:00,163.8,100,bid,EarnestEspressos,DiligentDonuts,9051087
2026-07-06T03:09:14.899503,2026-07-06T03:09:14.908990+00:00,163.8,50,ask,EarnestEspressos,FlawlessFlatbreads,9051094
2026-07-06T03:09:18.800892,2026-07-06T03:09:18.812795+00:00,164.0,42,bid,CostlyCorianders,EarnestEspressos,9051131
2026-07-06T03:09:19.108619,2026-07-06T03:09:19.120131+00:00,163.9,50,ask,DiligentDonuts,FlawlessFlatbreads,9051135
2026-07-06T03:09:20.923651,2026-07-06T03:09:20.935127+00:00,163.8,49,bid,CostlyCorianders,EarnestEspressos,9051154
2026-07-06T03:09:21.174536,2026-07-06T03:09:21.182427+00:00,163.8,50,bid,FlawlessFlatbreads,EarnestEspressos,9051155
2026-07-06T03:09:22.043748,2026-07-06T03:09:22.056165+00:00,163.8,11,bid,Xuanyu Liu,EarnestEspressos,9051162
2026-07-06T03:09:23.110486,2026-07-06T03:09:23.122507+00:00,163.7,43,ask,DiligentDonuts,CostlyCorianders,9051179
2026-07-06T03:09:23.332242,2026-07-06T03:09:23.344088+00:00,163.7,50,ask,DiligentDonuts,FlawlessFlatbreads,9051184
2026-07-06T03:09:25.439406,2026-07-06T03:09:25.450946+00:00,164.0,50,ask,EarnestEspressos,FlawlessFlatbreads,9051207
2026-07-06T03:09:26.236157,2026-07-06T03:09:26.247710+00:00,164.0,100,ask,EarnestEspressos,DiligentDonuts,9051212
2026-07-06T03:09:26.672240,2026-07-06T03:09:26.684545+00:00,163.6,42,ask,EarnestEspressos,CostlyCorianders,9051219
2026-07-06T03:09:27.494691,2026-07-06T03:09:27.504468+00:00,164.0,50,bid,FlawlessFlatbreads,EarnestEspressos,9051227
2026-07-06T03:09:27.599465,2026-07-06T03:09:27.611286+00:00,164.0,41,bid,CostlyCorianders,EarnestEspressos,9051229
2026-07-06T03:09:29.055177,2026-07-06T03:09:29.052739+00:00,163.6,42,ask,EarnestEspressos,CostlyCorianders,9051247
2026-07-06T03:09:29.602960,2026-07-06T03:09:29.614592+00:00,164.0,50,bid,FlawlessFlatbreads,EarnestEspressos,9051257
2026-07-06T03:09:31.681798,2026-07-06T03:09:31.688595+00:00,164.3,48,bid,CostlyCorianders,EarnestEspressos,9051279
2026-07-06T03:09:31.740171,2026-07-06T03:09:31.748454+00:00,164.3,50,bid,FlawlessFlatbreads,EarnestEspressos,9051280
2026-07-06T03:09:33.851407,2026-07-06T03:09:33.854106+00:00,164.3,50,bid,FlawlessFlatbreads,DiligentDonuts,9051303
2026-07-06T03:09:34.766664,2026-07-06T03:09:34.774941+00:00,164.1,45,ask,EarnestEspressos,CostlyCorianders,9051311
2026-07-06T03:09:35.237272,2026-07-06T03:09:35.249010+00:00,164.3,47,bid,CostlyCorianders,DiligentDonuts,9051316
2026-07-06T03:09:36.008085,2026-07-06T03:09:36.015671+00:00,164.3,50,ask,DiligentDonuts,FlawlessFlatbreads,9051325
2026-07-06T03:09:36.940465,2026-07-06T03:09:36.949250+00:00,164.3,11,ask,DiligentDonuts,Xuanyu Liu,9051334
2026-07-06T03:09:38.063596,2026-07-06T03:09:38.070438+00:00,164.7,50,bid,FlawlessFlatbreads,EarnestEspressos,9051354
2026-07-06T03:09:39.337939,2026-07-06T03:09:39.349572+00:00,164.2,46,ask,EarnestEspressos,CostlyCorianders,9051371
2026-07-06T03:09:40.198493,2026-07-06T03:09:40.208444+00:00,164.5,50,bid,FlawlessFlatbreads,DiligentDonuts,9051386
2026-07-06T03:09:40.887237,2026-07-06T03:09:40.896163+00:00,164.2,12,ask,EarnestEspressos,Xuanyu Liu,9051395
2026-07-06T03:09:42.019089,2026-07-06T03:09:42.028945+00:00,164.2,11,ask,EarnestEspressos,Xuanyu Liu,9051413
2026-07-06T03:09:42.305862,2026-07-06T03:09:42.317724+00:00,164.5,50,bid,FlawlessFlatbreads,DiligentDonuts,9051420
2026-07-06T03:09:42.318756,2026-07-06T03:09:42.328099+00:00,164.2,42,ask,EarnestEspressos,CostlyCorianders,9051421
2026-07-06T03:09:42.483509,2026-07-06T03:09:42.490239+00:00,164.0,100,ask,DiligentDonuts,EarnestEspressos,9051424
2026-07-06T03:09:42.497637,2026-07-06T03:09:42.509312+00:00,163.9,11,bid,Xuanyu Liu,EarnestEspressos,9051425
2026-07-06T03:09:44.299430,2026-07-06T03:09:44.311168+00:00,163.9,39,bid,CostlyCorianders,EarnestEspressos,9051455
2026-07-06T03:09:44.299430,2026-07-06T03:09:44.311168+00:00,164.5,7,bid,CostlyCorianders,DiligentDonuts,9051456
2026-07-06T03:09:44.412997,2026-07-06T03:09:44.425197+00:00,164.5,43,bid,FlawlessFlatbreads,DiligentDonuts,9051457
2026-07-06T03:09:46.260030,2026-07-06T03:09:46.271838+00:00,164.1,11,ask,EarnestEspressos,Xuanyu Liu,9051483
2026-07-06T03:09:46.289513,2026-07-06T03:09:46.301219+00:00,164.1,44,ask,EarnestEspressos,CostlyCorianders,9051486
2026-07-06T03:09:46.530342,2026-07-06T03:09:46.541978+00:00,164.4,50,bid,FlawlessFlatbreads,DiligentDonuts,9051489
2026-07-06T03:09:47.461882,2026-07-06T03:09:47.469844+00:00,164.1,11,ask,EarnestEspressos,Xuanyu Liu,9051499
2026-07-06T03:09:48.610736,2026-07-06T03:09:48.622779+00:00,164.4,41,bid,CostlyCorianders,DiligentDonuts,9051512
2026-07-06T03:09:48.635911,2026-07-06T03:09:48.647484+00:00,164.4,50,bid,FlawlessFlatbreads,DiligentDonuts,9051513
2026-07-06T03:09:49.727180,2026-07-06T03:09:49.738813+00:00,164.1,46,bid,CostlyCorianders,EarnestEspressos,9051526
2026-07-06T03:09:50.797772,2026-07-06T03:09:50.809926+00:00,163.9,50,ask,DiligentDonuts,FlawlessFlatbreads,9051542
2026-07-06T03:09:52.854512,2026-07-06T03:09:52.858591+00:00,164.2,50,bid,FlawlessFlatbreads,EarnestEspressos,9051560
2026-07-06T03:09:54.053069,2026-07-06T03:09:54.064895+00:00,164.0,46,ask,DiligentDonuts,CostlyCorianders,9051574
2026-07-06T03:09:54.965029,2026-07-06T03:09:54.975185+00:00,163.9,50,bid,FlawlessFlatbreads,DiligentDonuts,9051584
2026-07-06T03:09:55.147002,2026-07-06T03:09:55.153123+00:00,163.5,47,ask,EarnestEspressos,CostlyCorianders,9051587
2026-07-06T03:09:55.701408,2026-07-06T03:09:55.711822+00:00,163.9,46,bid,CostlyCorianders,DiligentDonuts,9051598
2026-07-06T03:09:57.071221,2026-07-06T03:09:57.083040+00:00,163.9,4,bid,FlawlessFlatbreads,DiligentDonuts,9051616
2026-07-06T03:09:57.071221,2026-07-06T03:09:57.083040+00:00,164.0,46,bid,CostlyCorianders,EarnestEspressos,9051617
2026-07-06T03:09:57.674521,2026-07-06T03:09:57.686506+00:00,164.0,46,bid,FlawlessFlatbreads,EarnestEspressos,9051624
2026-07-06T03:09:57.853965,2026-07-06T03:09:57.865600+00:00,164.0,58,bid,DiligentDonuts,EarnestEspressos,9051628
2026-07-06T03:09:58.256745,2026-07-06T03:09:58.270641+00:00,164.5,23,ask,EarnestEspressos,Xuanyu Liu,9051637
2026-07-06T03:09:59.179094,2026-07-06T03:09:59.190578+00:00,164.6,50,bid,FlawlessFlatbreads,DiligentDonuts,9051650
2026-07-06T03:10:00.561460,2026-07-06T03:10:00.571160+00:00,164.5,12,ask,EarnestEspressos,Xuanyu Liu,9051675
2026-07-06T03:10:01.294652,2026-07-06T03:10:01.301786+00:00,164.7,50,bid,FlawlessFlatbreads,DiligentDonuts,9051685
2026-07-06T03:10:03.405039,2026-07-06T03:10:03.416778+00:00,164.7,50,bid,FlawlessFlatbreads,DiligentDonuts,9051710
2026-07-06T03:10:03.693319,2026-07-06T03:10:03.705263+00:00,164.4,49,ask,EarnestEspressos,CostlyCorianders,9051711
2026-07-06T03:10:07.344480,2026-07-06T03:10:07.356181+00:00,164.5,100,bid,DiligentDonuts,EarnestEspressos,9051752
2026-07-06T03:10:07.668280,2026-07-06T03:10:07.679832+00:00,164.0,50,ask,EarnestEspressos,FlawlessFlatbreads,9051757
2026-07-06T03:10:09.776226,2026-07-06T03:10:09.785374+00:00,164.5,50,ask,EarnestEspressos,FlawlessFlatbreads,9051779
2026-07-06T03:10:11.883573,2026-07-06T03:10:11.895396+00:00,164.2,50,ask,DiligentDonuts,FlawlessFlatbreads,9051798
2026-07-06T03:10:13.938498,2026-07-06T03:10:13.950324+00:00,164.6,50,bid,FlawlessFlatbreads,EarnestEspressos,9051829
2026-07-06T03:10:14.672275,2026-07-06T03:10:14.684175+00:00,164.5,42,ask,EarnestEspressos,CostlyCorianders,9051836
2026-07-06T03:10:16.046962,2026-07-06T03:10:16.059070+00:00,164.8,50,bid,FlawlessFlatbreads,DiligentDonuts,9051863
2026-07-06T03:10:16.157562,2026-07-06T03:10:16.169763+00:00,164.5,40,ask,EarnestEspressos,CostlyCorianders,9051865
2026-07-06T03:10:17.307907,2026-07-06T03:10:17.318471+00:00,164.7,46,bid,CostlyCorianders,EarnestEspressos,9051883
2026-07-06T03:10:18.204457,2026-07-06T03:10:18.211768+00:00,164.3,50,ask,DiligentDonuts,FlawlessFlatbreads,9051894
2026-07-06T03:10:20.311644,2026-07-06T03:10:20.322445+00:00,164.3,50,ask,DiligentDonuts,FlawlessFlatbreads,9051914
2026-07-06T03:10:21.413563,2026-07-06T03:10:21.422291+00:00,164.3,46,ask,DiligentDonuts,CostlyCorianders,9051933
2026-07-06T03:10:22.004153,2026-07-06T03:10:22.014449+00:00,164.7,41,bid,CostlyCorianders,EarnestEspressos,9051937
2026-07-06T03:10:22.368300,2026-07-06T03:10:22.375514+00:00,164.7,50,bid,FlawlessFlatbreads,EarnestEspressos,9051945
2026-07-06T03:10:23.259479,2026-07-06T03:10:23.268644+00:00,164.3,12,bid,Xuanyu Liu,DiligentDonuts,9051957
2026-07-06T03:10:23.572737,2026-07-06T03:10:23.579360+00:00,164.3,88,bid,EarnestEspressos,DiligentDonuts,9051961
2026-07-06T03:10:23.640635,2026-07-06T03:10:23.649921+00:00,164.6,23,ask,EarnestEspressos,Xuanyu Liu,9051963
2026-07-06T03:10:23.643366,2026-07-06T03:10:23.649921+00:00,164.6,39,ask,EarnestEspressos,CostlyCorianders,9051964
2026-07-06T03:10:24.475094,2026-07-06T03:10:24.485651+00:00,165.1,50,bid,FlawlessFlatbreads,EarnestEspressos,9051979
2026-07-06T03:10:26.634047,2026-07-06T03:10:26.645787+00:00,164.2,50,ask,DiligentDonuts,FlawlessFlatbreads,9052006
2026-07-06T03:10:28.067184,2026-07-06T03:10:28.074215+00:00,164.7,49,bid,CostlyCorianders,DiligentDonuts,9052023
2026-07-06T03:10:29.569169,2026-07-06T03:10:29.580872+00:00,164.3,43,ask,EarnestEspressos,CostlyCorianders,9052041
2026-07-06T03:10:31.188766,2026-07-06T03:10:31.200666+00:00,164.6,41,bid,CostlyCorianders,EarnestEspressos,9052057
2026-07-06T03:10:32.188847,2026-07-06T03:10:32.200544+00:00,164.2,40,ask,DiligentDonuts,CostlyCorianders,9052069
2026-07-06T03:10:32.913970,2026-07-06T03:10:32.923665+00:00,164.4,50,bid,FlawlessFlatbreads,DiligentDonuts,9052076
2026-07-06T03:10:33.379942,2026-07-06T03:10:33.388335+00:00,164.4,23,bid,Xuanyu Liu,DiligentDonuts,9052086
2026-07-06T03:10:34.420729,2026-07-06T03:10:34.432478+00:00,164.4,27,bid,CostlyCorianders,DiligentDonuts,9052104
2026-07-06T03:10:34.420729,2026-07-06T03:10:34.432478+00:00,164.7,13,bid,CostlyCorianders,EarnestEspressos,9052105
2026-07-06T03:10:34.965085,2026-07-06T03:10:34.976647+00:00,164.7,47,bid,CostlyCorianders,EarnestEspressos,9052115
2026-07-06T03:10:35.019798,2026-07-06T03:10:35.031475+00:00,164.2,44,ask,EarnestEspressos,CostlyCorianders,9052118
2026-07-06T03:10:35.023876,2026-07-06T03:10:35.031475+00:00,164.7,50,bid,FlawlessFlatbreads,EarnestEspressos,9052119
2026-07-06T03:10:37.157574,2026-07-06T03:10:37.169518+00:00,164.5,41,ask,EarnestEspressos,CostlyCorianders,9052145
2026-07-06T03:10:37.157722,2026-07-06T03:10:37.169518+00:00,164.9,50,bid,FlawlessFlatbreads,DiligentDonuts,9052146
2026-07-06T03:10:37.757988,2026-07-06T03:10:37.770024+00:00,164.9,47,bid,CostlyCorianders,DiligentDonuts,9052153
2026-07-06T03:10:39.042248,2026-07-06T03:10:39.051390+00:00,164.9,12,ask,DiligentDonuts,Xuanyu Liu,9052176
2026-07-06T03:10:39.264589,2026-07-06T03:10:39.276392+00:00,165.0,50,bid,FlawlessFlatbreads,EarnestEspressos,9052178
2026-07-06T03:10:39.910297,2026-07-06T03:10:39.922502+00:00,164.9,42,ask,DiligentDonuts,CostlyCorianders,9052185
2026-07-06T03:10:43.531473,2026-07-06T03:10:43.543011+00:00,165.0,50,ask,EarnestEspressos,FlawlessFlatbreads,9052225
2026-07-06T03:10:43.740625,2026-07-06T03:10:43.752288+00:00,165.4,43,bid,CostlyCorianders,DiligentDonuts,9052227
2026-07-06T03:10:44.918115,2026-07-06T03:10:44.925823+00:00,165.0,43,ask,EarnestEspressos,CostlyCorianders,9052239
2026-07-06T03:10:45.459096,2026-07-06T03:10:45.470835+00:00,165.1,45,ask,DiligentDonuts,CostlyCorianders,9052250
2026-07-06T03:10:45.586586,2026-07-06T03:10:45.594250+00:00,165.5,50,bid,FlawlessFlatbreads,EarnestEspressos,9052251
2026-07-06T03:10:46.489158,2026-07-06T03:10:46.498712+00:00,165.1,11,ask,DiligentDonuts,Xuanyu Liu,9052261
2026-07-06T03:10:46.547826,2026-07-06T03:10:46.559658+00:00,165.4,49,bid,CostlyCorianders,EarnestEspressos,9052264
2026-07-06T03:10:47.807154,2026-07-06T03:10:47.816265+00:00,165.1,3,ask,DiligentDonuts,Xuanyu Liu,9052275
2026-07-06T03:10:49.413747,2026-07-06T03:10:49.425228+00:00,165.2,48,bid,CostlyCorianders,DiligentDonuts,9052307
2026-07-06T03:10:49.468066,2026-07-06T03:10:49.476963+00:00,164.9,48,ask,EarnestEspressos,CostlyCorianders,9052309
2026-07-06T03:10:49.874964,2026-07-06T03:10:49.885686+00:00,164.9,50,ask,EarnestEspressos,FlawlessFlatbreads,9052312
2026-07-06T03:10:51.164251,2026-07-06T03:10:51.175915+00:00,165.2,40,bid,CostlyCorianders,DiligentDonuts,9052331
2026-07-06T03:10:51.220921,2026-07-06T03:10:51.232724+00:00,164.9,43,ask,EarnestEspressos,CostlyCorianders,9052332
2026-07-06T03:10:51.678657,2026-07-06T03:10:51.690060+00:00,165.1,43,ask,DiligentDonuts,CostlyCorianders,9052341
2026-07-06T03:10:51.930506,2026-07-06T03:10:51.942411+00:00,165.4,50,bid,FlawlessFlatbreads,EarnestEspressos,9052348
2026-07-06T03:10:52.088562,2026-07-06T03:10:52.095744+00:00,165.1,57,ask,DiligentDonuts,EarnestEspressos,9052350
2026-07-06T03:10:52.324920,2026-07-06T03:10:52.334491+00:00,165.1,49,bid,CostlyCorianders,EarnestEspressos,9052356
2026-07-06T03:10:53.349738,2026-07-06T03:10:53.358590+00:00,165.1,40,bid,CostlyCorianders,EarnestEspressos,9052367
2026-07-06T03:10:54.039489,2026-07-06T03:10:54.051064+00:00,165.1,4,bid,FlawlessFlatbreads,EarnestEspressos,9052374
2026-07-06T03:10:54.039489,2026-07-06T03:10:54.051064+00:00,165.5,46,bid,FlawlessFlatbreads,DiligentDonuts,9052375
2026-07-06T03:10:55.460754,2026-07-06T03:10:55.472412+00:00,165.3,44,ask,EarnestEspressos,CostlyCorianders,9052396
2026-07-06T03:10:56.203403,2026-07-06T03:10:56.212022+00:00,165.3,50,ask,EarnestEspressos,FlawlessFlatbreads,9052407
2026-07-06T03:10:58.063643,2026-07-06T03:10:58.075190+00:00,165.5,47,bid,CostlyCorianders,DiligentDonuts,9052429
2026-07-06T03:10:58.310575,2026-07-06T03:10:58.320315+00:00,165.0,50,ask,DiligentDonuts,FlawlessFlatbreads,9052434
2026-07-06T03:11:02.054891,2026-07-06T03:11:02.056307+00:00,164.9,45,ask,DiligentDonuts,CostlyCorianders,9052497
2026-07-06T03:11:02.520921,2026-07-06T03:11:02.532683+00:00,164.9,50,ask,DiligentDonuts,FlawlessFlatbreads,9052502
2026-07-06T03:11:03.583284,2026-07-06T03:11:03.592288+00:00,165.3,42,bid,CostlyCorianders,EarnestEspressos,9052518
2026-07-06T03:11:04.470941,2026-07-06T03:11:04.482423+00:00,164.8,49,ask,EarnestEspressos,CostlyCorianders,9052526
2026-07-06T03:11:04.631773,2026-07-06T03:11:04.639561+00:00,164.6,50,ask,DiligentDonuts,FlawlessFlatbreads,9052530
2026-07-06T03:11:06.073921,2026-07-06T03:11:06.085735+00:00,165.1,40,bid,CostlyCorianders,DiligentDonuts,9052546
2026-07-06T03:11:06.738249,2026-07-06T03:11:06.744561+00:00,164.8,50,ask,EarnestEspressos,FlawlessFlatbreads,9052554
2026-07-06T03:11:08.200794,2026-07-06T03:11:08.212739+00:00,164.9,41,bid,CostlyCorianders,DiligentDonuts,9052572
2026-07-06T03:11:09.774379,2026-07-06T03:11:09.781326+00:00,164.5,44,ask,EarnestEspressos,CostlyCorianders,9052590
2026-07-06T03:11:10.102984,2026-07-06T03:11:10.112137+00:00,164.9,14,bid,Xuanyu Liu,DiligentDonuts,9052597
2026-07-06T03:11:10.405882,2026-07-06T03:11:10.417728+00:00,164.9,41,bid,CostlyCorianders,DiligentDonuts,9052602
2026-07-06T03:11:10.675715,2026-07-06T03:11:10.687803+00:00,165.0,100,bid,DiligentDonuts,EarnestEspressos,9052608
2026-07-06T03:11:10.945760,2026-07-06T03:11:10.952361+00:00,164.5,50,ask,EarnestEspressos,FlawlessFlatbreads,9052609
2026-07-06T03:11:12.869411,2026-07-06T03:11:12.884613+00:00,164.8,46,ask,EarnestEspressos,CostlyCorianders,9052637
2026-07-06T03:11:13.942301,2026-07-06T03:11:13.953315+00:00,164.8,44,ask,EarnestEspressos,CostlyCorianders,9052647
2026-07-06T03:11:14.558249,2026-07-06T03:11:14.569854+00:00,164.6,47,bid,CostlyCorianders,EarnestEspressos,9052660
2026-07-06T03:11:17.804175,2026-07-06T03:11:17.812454+00:00,164.2,49,ask,DiligentDonuts,CostlyCorianders,9052696
2026-07-06T03:11:19.010031,2026-07-06T03:11:19.021695+00:00,164.6,49,bid,CostlyCorianders,EarnestEspressos,9052714
2026-07-06T03:11:19.370637,2026-07-06T03:11:19.380472+00:00,164.2,50,ask,DiligentDonuts,FlawlessFlatbreads,9052721
2026-07-06T03:11:21.165863,2026-07-06T03:11:21.177587+00:00,164.6,43,bid,CostlyCorianders,DiligentDonuts,9052749
2026-07-06T03:11:21.476754,2026-07-06T03:11:21.488689+00:00,164.5,50,ask,EarnestEspressos,FlawlessFlatbreads,9052753
2026-07-06T03:11:23.223143,2026-07-06T03:11:23.232530+00:00,164.6,46,bid,Xuanyu Liu,DiligentDonuts,9052780
2026-07-06T03:11:23.583698,2026-07-06T03:11:23.595349+00:00,164.8,50,ask,DiligentDonuts,FlawlessFlatbreads,9052786
2026-07-06T03:11:24.481080,2026-07-06T03:11:24.492722+00:00,164.8,41,ask,DiligentDonuts,CostlyCorianders,9052797
2026-07-06T03:11:25.035688,2026-07-06T03:11:25.047456+00:00,165.2,40,bid,CostlyCorianders,EarnestEspressos,9052805
2026-07-06T03:11:25.639658,2026-07-06T03:11:25.648452+00:00,165.2,50,bid,FlawlessFlatbreads,EarnestEspressos,9052814
2026-07-06T03:11:25.845712,2026-07-06T03:11:25.853194+00:00,164.8,9,ask,DiligentDonuts,Xuanyu Liu,9052816
2026-07-06T03:11:26.816266,2026-07-06T03:11:26.829669+00:00,164.8,100,bid,EarnestEspressos,DiligentDonuts,9052836
2026-07-06T03:11:26.883916,2026-07-06T03:11:26.893431+00:00,164.9,14,ask,EarnestEspressos,Xuanyu Liu,9052839
2026-07-06T03:11:27.159603,2026-07-06T03:11:27.168761+00:00,164.9,11,ask,EarnestEspressos,Xuanyu Liu,9052843
2026-07-06T03:11:27.344245,2026-07-06T03:11:27.358565+00:00,164.9,25,ask,EarnestEspressos,CostlyCorianders,9052845
2026-07-06T03:11:27.344245,2026-07-06T03:11:27.358565+00:00,164.3,19,ask,DiligentDonuts,CostlyCorianders,9052846
2026-07-06T03:11:27.746612,2026-07-06T03:11:27.753179+00:00,165.4,50,bid,FlawlessFlatbreads,EarnestEspressos,9052852
2026-07-06T03:11:29.858230,2026-07-06T03:11:29.869934+00:00,165.0,50,bid,FlawlessFlatbreads,DiligentDonuts,9052876
2026-07-06T03:11:33.501559,2026-07-06T03:11:33.510835+00:00,164.8,44,ask,DiligentDonuts,CostlyCorianders,9052932
2026-07-06T03:11:34.131311,2026-07-06T03:11:34.140611+00:00,164.8,50,ask,DiligentDonuts,FlawlessFlatbreads,9052941
2026-07-06T03:11:36.058427,2026-07-06T03:11:36.070372+00:00,165.0,43,bid,CostlyCorianders,EarnestEspressos,9052963
2026-07-06T03:11:37.588457,2026-07-06T03:11:37.603148+00:00,165.1,49,bid,CostlyCorianders,DiligentDonuts,9052980
2026-07-06T03:11:37.714664,2026-07-06T03:11:37.725850+00:00,165.1,11,bid,Xuanyu Liu,DiligentDonuts,9052982
2026-07-06T03:11:38.340182,2026-07-06T03:11:38.350823+00:00,164.8,50,ask,EarnestEspressos,FlawlessFlatbreads,9052987
2026-07-06T03:11:40.446805,2026-07-06T03:11:40.463833+00:00,165.0,50,ask,DiligentDonuts,FlawlessFlatbreads,9053015
2026-07-06T03:11:43.066974,2026-07-06T03:11:43.078903+00:00,164.8,44,ask,DiligentDonuts,CostlyCorianders,9053043
2026-07-06T03:11:44.000692,2026-07-06T03:11:44.012304+00:00,165.3,45,bid,CostlyCorianders,DiligentDonuts,9053055
2026-07-06T03:11:44.657305,2026-07-06T03:11:44.669373+00:00,164.8,50,ask,DiligentDonuts,FlawlessFlatbreads,9053066
2026-07-06T03:11:46.254662,2026-07-06T03:11:46.266339+00:00,164.8,43,ask,DiligentDonuts,CostlyCorianders,9053083
2026-07-06T03:11:46.730511,2026-07-06T03:11:46.742225+00:00,165.2,43,bid,CostlyCorianders,EarnestEspressos,9053088
2026-07-06T03:11:46.764535,2026-07-06T03:11:46.776233+00:00,164.8,50,ask,DiligentDonuts,FlawlessFlatbreads,9053089
2026-07-06T03:11:48.759508,2026-07-06T03:11:48.768418+00:00,164.9,23,bid,Xuanyu Liu,DiligentDonuts,9053119
2026-07-06T03:11:48.820835,2026-07-06T03:11:48.832231+00:00,164.9,50,bid,FlawlessFlatbreads,DiligentDonuts,9053121
2026-07-06T03:11:48.957324,2026-07-06T03:11:48.969196+00:00,164.9,27,bid,EarnestEspressos,DiligentDonuts,9053123
2026-07-06T03:11:49.805295,2026-07-06T03:11:49.816633+00:00,165.0,46,ask,EarnestEspressos,CostlyCorianders,9053134
2026-07-06T03:11:50.925948,2026-07-06T03:11:50.937782+00:00,165.5,50,bid,FlawlessFlatbreads,EarnestEspressos,9053147
2026-07-06T03:11:51.148943,2026-07-06T03:11:51.155517+00:00,165.5,49,bid,CostlyCorianders,EarnestEspressos,9053152
2026-07-06T03:11:51.788674,2026-07-06T03:11:51.800591+00:00,165.0,48,ask,EarnestEspressos,CostlyCorianders,9053160
2026-07-06T03:11:52.787607,2026-07-06T03:11:52.800077+00:00,165.3,48,bid,CostlyCorianders,DiligentDonuts,9053167
2026-07-06T03:11:53.032520,2026-07-06T03:11:53.044413+00:00,165.3,50,bid,FlawlessFlatbreads,DiligentDonuts,9053172
2026-07-06T03:11:53.823313,2026-07-06T03:11:53.835176+00:00,165.0,40,ask,EarnestEspressos,CostlyCorianders,9053176
2026-07-06T03:11:55.140791,2026-07-06T03:11:55.152286+00:00,165.5,50,bid,FlawlessFlatbreads,EarnestEspressos,9053194
2026-07-06T03:11:55.764527,2026-07-06T03:11:55.776311+00:00,165.1,45,ask,DiligentDonuts,CostlyCorianders,9053201
2026-07-06T03:11:56.007630,2026-07-06T03:11:56.015737+00:00,165.1,11,ask,DiligentDonuts,Xuanyu Liu,9053206
2026-07-06T03:11:57.249050,2026-07-06T03:11:57.255773+00:00,165.6,50,bid,FlawlessFlatbreads,DiligentDonuts,9053218
2026-07-06T03:11:59.356424,2026-07-06T03:11:59.367992+00:00,165.7,50,bid,FlawlessFlatbreads,DiligentDonuts,9053248
2026-07-06T03:12:01.011402,2026-07-06T03:12:01.022963+00:00,165.7,49,bid,CostlyCorianders,DiligentDonuts,9053265
2026-07-06T03:12:01.462993,2026-07-06T03:12:01.474519+00:00,165.7,50,bid,FlawlessFlatbreads,EarnestEspressos,9053271
2026-07-06T03:12:03.622016,2026-07-06T03:12:03.628624+00:00,165.5,50,ask,DiligentDonuts,FlawlessFlatbreads,9053297
2026-07-06T03:12:05.560039,2026-07-06T03:12:05.568206+00:00,165.7,12,ask,DiligentDonuts,Xuanyu Liu,9053320
2026-07-06T03:12:07.516149,2026-07-06T03:12:07.524484+00:00,165.7,23,ask,DiligentDonuts,Xuanyu Liu,9053351
2026-07-06T03:12:07.523632,2026-07-06T03:12:07.540165+00:00,165.7,48,ask,DiligentDonuts,CostlyCorianders,9053353
2026-07-06T03:12:07.775532,2026-07-06T03:12:07.787700+00:00,165.7,100,ask,EarnestEspressos,DiligentDonuts,9053356
2026-07-06T03:12:07.832583,2026-07-06T03:12:07.844443+00:00,165.7,50,ask,EarnestEspressos,FlawlessFlatbreads,9053357
2026-07-06T03:12:08.006570,2026-07-06T03:12:08.015360+00:00,165.4,23,bid,Xuanyu Liu,EarnestEspressos,9053358
2026-07-06T03:12:08.542916,2026-07-06T03:12:08.558642+00:00,165.4,43,bid,CostlyCorianders,EarnestEspressos,9053364
2026-07-06T03:12:09.203260,2026-07-06T03:12:09.212515+00:00,165.4,45,bid,CostlyCorianders,EarnestEspressos,9053374
2026-07-06T03:12:09.939075,2026-07-06T03:12:09.950682+00:00,165.2,50,ask,DiligentDonuts,FlawlessFlatbreads,9053381
2026-07-06T03:12:12.045368,2026-07-06T03:12:12.056879+00:00,165.3,50,ask,DiligentDonuts,FlawlessFlatbreads,9053408
2026-07-06T03:12:12.223203,2026-07-06T03:12:12.231584+00:00,165.3,41,ask,DiligentDonuts,CostlyCorianders,9053410
2026-07-06T03:12:13.322406,2026-07-06T03:12:13.331600+00:00,165.8,43,bid,CostlyCorianders,DiligentDonuts,9053421
2026-07-06T03:12:13.952209,2026-07-06T03:12:13.959155+00:00,165.3,9,ask,DiligentDonuts,CostlyCorianders,9053427
2026-07-06T03:12:13.952209,2026-07-06T03:12:13.959155+00:00,165.3,34,ask,EarnestEspressos,CostlyCorianders,9053428
2026-07-06T03:12:16.075206,2026-07-06T03:12:16.086823+00:00,165.4,49,ask,EarnestEspressos,CostlyCorianders,9053459
2026-07-06T03:12:18.316216,2026-07-06T03:12:18.324498+00:00,165.6,50,bid,FlawlessFlatbreads,EarnestEspressos,9053479
2026-07-06T03:12:18.618464,2026-07-06T03:12:18.629928+00:00,165.6,48,bid,CostlyCorianders,EarnestEspressos,9053483
2026-07-06T03:12:19.930149,2026-07-06T03:12:19.941879+00:00,165.2,41,ask,DiligentDonuts,CostlyCorianders,9053498
2026-07-06T03:12:20.473612,2026-07-06T03:12:20.482912+00:00,165.2,50,ask,DiligentDonuts,FlawlessFlatbreads,9053501
2026-07-06T03:12:21.909292,2026-07-06T03:12:21.917484+00:00,165.7,41,bid,CostlyCorianders,DiligentDonuts,9053517
2026-07-06T03:12:22.528975,2026-07-06T03:12:22.536814+00:00,165.7,50,bid,FlawlessFlatbreads,DiligentDonuts,9053522
2026-07-06T03:12:22.812066,2026-07-06T03:12:22.833715+00:00,165.7,9,bid,CostlyCorianders,DiligentDonuts,9053525
2026-07-06T03:12:22.868018,2026-07-06T03:12:22.879990+00:00,165.6,41,ask,EarnestEspressos,CostlyCorianders,9053526
2026-07-06T03:12:24.455885,2026-07-06T03:12:24.458551+00:00,165.8,44,bid,CostlyCorianders,DiligentDonuts,9053551
2026-07-06T03:12:24.686662,2026-07-06T03:12:24.698651+00:00,165.4,50,ask,EarnestEspressos,FlawlessFlatbreads,9053552
2026-07-06T03:12:25.613364,2026-07-06T03:12:25.625092+00:00,165.4,47,ask,EarnestEspressos,CostlyCorianders,9053560
2026-07-06T03:12:26.213356,2026-07-06T03:12:26.224974+00:00,165.8,49,bid,CostlyCorianders,DiligentDonuts,9053574
2026-07-06T03:12:26.799175,2026-07-06T03:12:26.810650+00:00,165.8,50,ask,DiligentDonuts,EarnestEspressos,9053578
2026-07-06T03:12:26.989284,2026-07-06T03:12:26.998341+00:00,165.8,50,ask,DiligentDonuts,FlawlessFlatbreads,9053586
2026-07-06T03:12:28.136074,2026-07-06T03:12:28.147622+00:00,165.7,45,bid,CostlyCorianders,EarnestEspressos,9053596
2026-07-06T03:12:28.853240,2026-07-06T03:12:28.864857+00:00,165.7,50,bid,FlawlessFlatbreads,EarnestEspressos,9053600
2026-07-06T03:12:31.029234,2026-07-06T03:12:31.038464+00:00,165.6,50,ask,EarnestEspressos,FlawlessFlatbreads,9053624
2026-07-06T03:12:33.085226,2026-07-06T03:12:33.093876+00:00,165.8,50,bid,FlawlessFlatbreads,DiligentDonuts,9053651
2026-07-06T03:12:34.547837,2026-07-06T03:12:34.554276+00:00,165.4,49,ask,EarnestEspressos,CostlyCorianders,9053663
2026-07-06T03:12:35.218283,2026-07-06T03:12:35.228364+00:00,165.8,50,bid,FlawlessFlatbreads,DiligentDonuts,9053674
2026-07-06T03:12:36.480186,2026-07-06T03:12:36.488042+00:00,165.7,100,ask,DiligentDonuts,EarnestEspressos,9053692
2026-07-06T03:12:37.322953,2026-07-06T03:12:37.334677+00:00,165.7,50,bid,FlawlessFlatbreads,EarnestEspressos,9053698
2026-07-06T03:12:38.769506,2026-07-06T03:12:38.781450+00:00,165.3,48,ask,EarnestEspressos,CostlyCorianders,9053720
2026-07-06T03:12:39.433281,2026-07-06T03:12:39.445991+00:00,165.7,50,bid,FlawlessFlatbreads,DiligentDonuts,9053728
2026-07-06T03:12:40.356526,2026-07-06T03:12:40.368224+00:00,165.5,49,ask,EarnestEspressos,CostlyCorianders,9053736
2026-07-06T03:12:41.590720,2026-07-06T03:12:41.602378+00:00,165.5,50,ask,EarnestEspressos,FlawlessFlatbreads,9053750
2026-07-06T03:12:42.358824,2026-07-06T03:12:42.370300+00:00,165.7,43,bid,CostlyCorianders,DiligentDonuts,9053760
2026-07-06T03:12:43.440946,2026-07-06T03:12:43.458594+00:00,165.5,45,ask,DiligentDonuts,CostlyCorianders,9053772
2026-07-06T03:12:43.698426,2026-07-06T03:12:43.710265+00:00,165.5,50,ask,DiligentDonuts,FlawlessFlatbreads,9053775
2026-07-06T03:12:47.215026,2026-07-06T03:12:47.226648+00:00,165.7,43,bid,CostlyCorianders,EarnestEspressos,9053830
2026-07-06T03:12:47.917711,2026-07-06T03:12:47.931414+00:00,165.3,50,ask,DiligentDonuts,FlawlessFlatbreads,9053842
2026-07-06T03:12:49.809098,2026-07-06T03:12:49.817141+00:00,165.6,12,bid,Xuanyu Liu,DiligentDonuts,9053871
2026-07-06T03:12:49.972012,2026-07-06T03:12:49.984003+00:00,165.6,50,bid,FlawlessFlatbreads,DiligentDonuts,9053874
2026-07-06T03:12:50.708884,2026-07-06T03:12:50.718069+00:00,165.6,38,bid,CostlyCorianders,DiligentDonuts,9053878
2026-07-06T03:12:50.708884,2026-07-06T03:12:50.718069+00:00,165.8,11,bid,CostlyCorianders,EarnestEspressos,9053879
2026-07-06T03:12:52.081764,2026-07-06T03:12:52.093331+00:00,165.8,50,bid,FlawlessFlatbreads,EarnestEspressos,9053893
2026-07-06T03:12:52.434243,2026-07-06T03:12:52.443455+00:00,165.7,12,ask,EarnestEspressos,Xuanyu Liu,9053901
2026-07-06T03:12:53.512626,2026-07-06T03:12:53.521099+00:00,165.7,23,ask,EarnestEspressos,Xuanyu Liu,9053908
2026-07-06T03:12:54.240517,2026-07-06T03:12:54.252361+00:00,165.7,50,ask,EarnestEspressos,FlawlessFlatbreads,9053917
2026-07-06T03:12:55.710374,2026-07-06T03:12:55.722596+00:00,165.3,42,ask,DiligentDonuts,CostlyCorianders,9053932
2026-07-06T03:12:56.410848,2026-07-06T03:12:56.423387+00:00,165.6,12,bid,Xuanyu Liu,EarnestEspressos,9053945
2026-07-06T03:12:58.427238,2026-07-06T03:12:58.439208+00:00,165.6,50,bid,FlawlessFlatbreads,EarnestEspressos,9053971
2026-07-06T03:13:00.586574,2026-07-06T03:13:00.598106+00:00,165.5,50,ask,EarnestEspressos,FlawlessFlatbreads,9054000
2026-07-06T03:13:00.706918,2026-07-06T03:13:00.717960+00:00,165.9,43,bid,CostlyCorianders,DiligentDonuts,9054004
2026-07-06T03:13:01.752429,2026-07-06T03:13:01.764277+00:00,165.5,41,ask,DiligentDonuts,CostlyCorianders,9054022
2026-07-06T03:13:02.642678,2026-07-06T03:13:02.654348+00:00,165.8,50,bid,FlawlessFlatbreads,EarnestEspressos,9054028
2026-07-06T03:13:04.137498,2026-07-06T03:13:04.143980+00:00,165.5,46,ask,DiligentDonuts,CostlyCorianders,9054050
2026-07-06T03:13:04.749741,2026-07-06T03:13:04.758570+00:00,165.7,50,bid,FlawlessFlatbreads,DiligentDonuts,9054060
2026-07-06T03:13:06.700680,2026-07-06T03:13:06.727415+00:00,165.7,47,bid,CostlyCorianders,DiligentDonuts,9054082
2026-07-06T03:13:09.011194,2026-07-06T03:13:09.017731+00:00,165.6,50,ask,EarnestEspressos,FlawlessFlatbreads,9054118
2026-07-06T03:13:11.492430,2026-07-06T03:13:11.558692+00:00,165.8,42,ask,DiligentDonuts,CostlyCorianders,9054160
2026-07-06T03:13:13.220871,2026-07-06T03:13:13.229870+00:00,165.8,50,ask,DiligentDonuts,FlawlessFlatbreads,9054180
2026-07-06T03:13:17.380312,2026-07-06T03:13:17.391859+00:00,165.9,50,bid,FlawlessFlatbreads,DiligentDonuts,9054217
2026-07-06T03:13:19.191568,2026-07-06T03:13:19.203306+00:00,165.9,40,bid,CostlyCorianders,DiligentDonuts,9054243
2026-07-06T03:13:20.008629,2026-07-06T03:13:20.017290+00:00,165.9,10,bid,Xuanyu Liu,DiligentDonuts,9054255
2026-07-06T03:13:20.146744,2026-07-06T03:13:20.154972+00:00,166.0,1,bid,Xuanyu Liu,EarnestEspressos,9054260
2026-07-06T03:13:20.490327,2026-07-06T03:13:20.502152+00:00,166.0,100,bid,DiligentDonuts,EarnestEspressos,9054263
2026-07-06T03:13:21.226312,2026-07-06T03:13:21.239609+00:00,166.5,44,bid,CostlyCorianders,DiligentDonuts,9054270
2026-07-06T03:13:21.281103,2026-07-06T03:13:21.292969+00:00,166.1,40,ask,EarnestEspressos,CostlyCorianders,9054271
2026-07-06T03:13:21.592911,2026-07-06T03:13:21.604460+00:00,166.5,50,bid,FlawlessFlatbreads,DiligentDonuts,9054275
2026-07-06T03:13:22.425677,2026-07-06T03:13:22.433951+00:00,166.1,11,ask,EarnestEspressos,Xuanyu Liu,9054283
2026-07-06T03:13:22.962924,2026-07-06T03:13:22.974756+00:00,166.1,46,ask,EarnestEspressos,CostlyCorianders,9054295
2026-07-06T03:13:25.855584,2026-07-06T03:13:25.867439+00:00,165.8,50,ask,DiligentDonuts,FlawlessFlatbreads,9054325
2026-07-06T03:13:26.429177,2026-07-06T03:13:26.440765+00:00,166.1,41,bid,CostlyCorianders,EarnestEspressos,9054335
2026-07-06T03:13:27.023812,2026-07-06T03:13:27.033460+00:00,165.9,42,bid,CostlyCorianders,DiligentDonuts,9054344
2026-07-06T03:13:27.911583,2026-07-06T03:13:27.923116+00:00,165.9,50,bid,FlawlessFlatbreads,DiligentDonuts,9054351
2026-07-06T03:13:28.668216,2026-07-06T03:13:28.679909+00:00,165.9,8,bid,CostlyCorianders,DiligentDonuts,9054367
2026-07-06T03:13:28.668216,2026-07-06T03:13:28.679909+00:00,166.0,39,bid,CostlyCorianders,EarnestEspressos,9054368
2026-07-06T03:13:30.017837,2026-07-06T03:13:30.024951+00:00,166.0,50,bid,FlawlessFlatbreads,EarnestEspressos,9054387
2026-07-06T03:13:30.287815,2026-07-06T03:13:30.304033+00:00,166.1,12,ask,EarnestEspressos,Xuanyu Liu,9054388
2026-07-06T03:13:30.899280,2026-07-06T03:13:30.907942+00:00,166.1,11,ask,EarnestEspressos,Xuanyu Liu,9054395
2026-07-06T03:13:31.797502,2026-07-06T03:13:31.805388+00:00,166.1,47,ask,EarnestEspressos,CostlyCorianders,9054408
2026-07-06T03:13:32.176351,2026-07-06T03:13:32.188217+00:00,166.1,50,ask,EarnestEspressos,FlawlessFlatbreads,9054410
2026-07-06T03:13:34.282642,2026-07-06T03:13:34.289446+00:00,165.8,50,ask,DiligentDonuts,FlawlessFlatbreads,9054440
2026-07-06T03:13:36.400216,2026-07-06T03:13:36.409875+00:00,165.7,50,ask,EarnestEspressos,FlawlessFlatbreads,9054465
2026-07-06T03:13:36.570074,2026-07-06T03:13:36.578079+00:00,165.5,23,bid,Xuanyu Liu,EarnestEspressos,9054468
2026-07-06T03:13:38.061874,2026-07-06T03:13:38.073830+00:00,165.3,45,ask,DiligentDonuts,CostlyCorianders,9054484
2026-07-06T03:13:38.505859,2026-07-06T03:13:38.517551+00:00,165.3,50,ask,DiligentDonuts,FlawlessFlatbreads,9054492
2026-07-06T03:13:39.446522,2026-07-06T03:13:39.463641+00:00,165.0,45,ask,EarnestEspressos,CostlyCorianders,9054511
2026-07-06T03:13:39.515460,2026-07-06T03:13:39.526989+00:00,165.0,100,ask,EarnestEspressos,DiligentDonuts,9054514
2026-07-06T03:13:39.717940,2026-07-06T03:13:39.729479+00:00,164.3,100,ask,DiligentDonuts,EarnestEspressos,9054520
2026-07-06T03:13:39.730714,2026-07-06T03:13:39.738760+00:00,164.3,50,bid,Xuanyu Liu,EarnestEspressos,9054521
2026-07-06T03:13:40.629100,2026-07-06T03:13:40.637586+00:00,163.8,50,ask,EarnestEspressos,FlawlessFlatbreads,9054538
2026-07-06T03:13:43.460926,2026-07-06T03:13:43.469843+00:00,165.2,43,bid,CostlyCorianders,EarnestEspressos,9054566
2026-07-06T03:13:44.838587,2026-07-06T03:13:44.850300+00:00,164.8,50,ask,DiligentDonuts,FlawlessFlatbreads,9054585
2026-07-06T03:13:46.259664,2026-07-06T03:13:46.268752+00:00,164.8,16,ask,EarnestEspressos,Xuanyu Liu,9054611
2026-07-06T03:13:46.628355,2026-07-06T03:13:46.639802+00:00,165.1,42,bid,CostlyCorianders,DiligentDonuts,9054613
2026-07-06T03:13:46.946183,2026-07-06T03:13:46.957899+00:00,164.8,50,ask,EarnestEspressos,FlawlessFlatbreads,9054617
2026-07-06T03:13:48.232974,2026-07-06T03:13:48.244676+00:00,165.1,44,bid,CostlyCorianders,DiligentDonuts,9054636
2026-07-06T03:13:49.002790,2026-07-06T03:13:49.014292+00:00,165.2,50,bid,FlawlessFlatbreads,DiligentDonuts,9054642
2026-07-06T03:13:49.812261,2026-07-06T03:13:49.821549+00:00,164.7,48,ask,DiligentDonuts,CostlyCorianders,9054652
2026-07-06T03:13:50.877630,2026-07-06T03:13:50.884578+00:00,164.7,42,ask,DiligentDonuts,CostlyCorianders,9054666
2026-07-06T03:13:51.162510,2026-07-06T03:13:51.171770+00:00,164.7,10,ask,DiligentDonuts,FlawlessFlatbreads,9054669
2026-07-06T03:13:51.162510,2026-07-06T03:13:51.171770+00:00,164.4,40,ask,EarnestEspressos,FlawlessFlatbreads,9054670
2026-07-06T03:13:53.288332,2026-07-06T03:13:53.301281+00:00,164.7,50,ask,DiligentDonuts,FlawlessFlatbreads,9054692
2026-07-06T03:13:55.394734,2026-07-06T03:13:55.406433+00:00,164.5,50,ask,DiligentDonuts,FlawlessFlatbreads,9054711
2026-07-06T03:13:56.432688,2026-07-06T03:13:56.441470+00:00,164.7,11,bid,Xuanyu Liu,EarnestEspressos,9054728
2026-07-06T03:13:56.751828,2026-07-06T03:13:56.753111+00:00,164.7,48,bid,CostlyCorianders,EarnestEspressos,9054738
2026-07-06T03:13:57.239370,2026-07-06T03:13:57.247337+00:00,164.7,41,bid,CostlyCorianders,EarnestEspressos,9054748
2026-07-06T03:13:57.638338,2026-07-06T03:13:57.648040+00:00,164.7,12,bid,Xuanyu Liu,EarnestEspressos,9054750
2026-07-06T03:13:58.808565,2026-07-06T03:13:58.819106+00:00,164.6,48,ask,EarnestEspressos,CostlyCorianders,9054764
2026-07-06T03:13:59.426158,2026-07-06T03:13:59.437869+00:00,164.6,45,ask,EarnestEspressos,CostlyCorianders,9054771
2026-07-06T03:13:59.633153,2026-07-06T03:13:59.644731+00:00,164.6,50,ask,EarnestEspressos,FlawlessFlatbreads,9054772
2026-07-06T03:14:01.744105,2026-07-06T03:14:01.758749+00:00,164.6,7,ask,EarnestEspressos,FlawlessFlatbreads,9054806
2026-07-06T03:14:01.744105,2026-07-06T03:14:01.758749+00:00,164.5,43,ask,DiligentDonuts,FlawlessFlatbreads,9054807
2026-07-06T03:14:03.494609,2026-07-06T03:14:03.506121+00:00,164.7,48,bid,CostlyCorianders,EarnestEspressos,9054820
2026-07-06T03:14:03.851715,2026-07-06T03:14:03.857611+00:00,164.5,50,ask,DiligentDonuts,FlawlessFlatbreads,9054829
2026-07-06T03:14:04.899806,2026-07-06T03:14:04.910460+00:00,164.4,11,bid,Xuanyu Liu,DiligentDonuts,9054838
2026-07-06T03:14:05.907335,2026-07-06T03:14:05.915901+00:00,164.4,50,bid,FlawlessFlatbreads,DiligentDonuts,9054855
2026-07-06T03:14:06.143275,2026-07-06T03:14:06.163610+00:00,164.4,39,bid,CostlyCorianders,DiligentDonuts,9054860
2026-07-06T03:14:06.143275,2026-07-06T03:14:06.163610+00:00,164.7,1,bid,CostlyCorianders,EarnestEspressos,9054861
2026-07-06T03:14:08.013407,2026-07-06T03:14:08.026325+00:00,164.7,50,bid,FlawlessFlatbreads,EarnestEspressos,9054878
2026-07-06T03:14:08.414216,2026-07-06T03:14:08.422653+00:00,164.4,45,ask,EarnestEspressos,CostlyCorianders,9054884
2026-07-06T03:14:10.169697,2026-07-06T03:14:10.181666+00:00,164.4,50,ask,EarnestEspressos,FlawlessFlatbreads,9054899
2026-07-06T03:14:12.225272,2026-07-06T03:14:12.232331+00:00,164.6,50,bid,FlawlessFlatbreads,EarnestEspressos,9054924
2026-07-06T03:14:14.333229,2026-07-06T03:14:14.344851+00:00,164.6,50,bid,FlawlessFlatbreads,EarnestEspressos,9054951
