timestamp,recv_time,price,volume,aggressor_side,buyer,seller,trade_id
2026-07-10T05:00:00.896552,2026-07-10T05:00:00.861403+00:00,104.1,10,ask,DiligentDonuts,FlawlessFlatbreads,14819752
2026-07-10T05:00:00.896552,2026-07-10T05:00:00.861403+00:00,104.1,3,ask,Xinhong Shan,FlawlessFlatbreads,14819753
2026-07-10T05:00:00.896552,2026-07-10T05:00:00.944063+00:00,103.8,37,ask,EarnestEspressos,FlawlessFlatbreads,14819754
2026-07-10T05:00:01.441736,2026-07-10T05:00:01.455324+00:00,104.1,3,bid,Xuanyu Liu,DiligentDonuts,14819759
2026-07-10T05:00:01.751474,2026-07-10T05:00:01.758623+00:00,104.1,4,bid,Kelvin Chan,DiligentDonuts,14819765
2026-07-10T05:00:02.384529,2026-07-10T05:00:02.395617+00:00,104.1,42,bid,CostlyCorianders,DiligentDonuts,14819778
2026-07-10T05:00:03.014166,2026-07-10T05:00:03.025917+00:00,103.8,50,ask,EarnestEspressos,FlawlessFlatbreads,14819795
2026-07-10T05:00:03.936089,2026-07-10T05:00:03.958874+00:00,103.9,23,bid,Xuanyu Liu,EarnestEspressos,14819811
2026-07-10T05:00:03.957918,2026-07-10T05:00:03.974121+00:00,103.9,20,bid,Nelson Luo,EarnestEspressos,14819816
2026-07-10T05:00:04.044060,2026-07-10T05:00:04.056533+00:00,103.8,3,ask,Xinhong Shan,CostlyCorianders,14819819
2026-07-10T05:00:04.072451,2026-07-10T05:00:04.082331+00:00,103.9,20,bid,Nelson Luo,EarnestEspressos,14819821
2026-07-10T05:00:04.184145,2026-07-10T05:00:04.195706+00:00,103.9,20,bid,Nelson Luo,EarnestEspressos,14819823
2026-07-10T05:00:04.296066,2026-07-10T05:00:04.307226+00:00,103.9,20,bid,Nelson Luo,EarnestEspressos,14819826
2026-07-10T05:00:04.413018,2026-07-10T05:00:04.424778+00:00,103.9,20,bid,Nelson Luo,EarnestEspressos,14819829
2026-07-10T05:00:04.554933,2026-07-10T05:00:04.558601+00:00,103.9,20,bid,Nelson Luo,EarnestEspressos,14819833
2026-07-10T05:00:04.671143,2026-07-10T05:00:04.679370+00:00,103.9,4,bid,Nelson Luo,EarnestEspressos,14819838
2026-07-10T05:00:04.786288,2026-07-10T05:00:04.794721+00:00,103.9,3,bid,Nelson Luo,EarnestEspressos,14819842
2026-07-10T05:00:04.786288,2026-07-10T05:00:04.794721+00:00,103.9,2,bid,Nelson Luo,Xinhong Shan,14819843
2026-07-10T05:00:04.900952,2026-07-10T05:00:04.911418+00:00,103.9,2,bid,Nelson Luo,Xinhong Shan,14819847
2026-07-10T05:00:05.144912,2026-07-10T05:00:05.158615+00:00,103.7,50,ask,DiligentDonuts,FlawlessFlatbreads,14819849
2026-07-10T05:00:06.630663,2026-07-10T05:00:06.642571+00:00,103.7,42,ask,DiligentDonuts,CostlyCorianders,14819874
2026-07-10T05:00:07.199831,2026-07-10T05:00:07.212060+00:00,104.2,44,bid,CostlyCorianders,DiligentDonuts,14819884
2026-07-10T05:00:07.256776,2026-07-10T05:00:07.268998+00:00,104.0,50,ask,EarnestEspressos,FlawlessFlatbreads,14819887
2026-07-10T05:00:07.840373,2026-07-10T05:00:07.851137+00:00,104.2,3,bid,CostlyCorianders,Xinhong Shan,14819894
2026-07-10T05:00:07.840373,2026-07-10T05:00:07.851137+00:00,104.2,39,bid,CostlyCorianders,DiligentDonuts,14819895
2026-07-10T05:00:08.647960,2026-07-10T05:00:08.658531+00:00,104.2,5,bid,Nelson Luo,DiligentDonuts,14819909
2026-07-10T05:00:08.807919,2026-07-10T05:00:08.816672+00:00,104.2,5,bid,Nelson Luo,DiligentDonuts,14819918
2026-07-10T05:00:08.920676,2026-07-10T05:00:08.931756+00:00,104.2,5,bid,Nelson Luo,DiligentDonuts,14819920
2026-07-10T05:00:09.032712,2026-07-10T05:00:09.040086+00:00,104.2,5,bid,Nelson Luo,DiligentDonuts,14819922
2026-07-10T05:00:09.155373,2026-07-10T05:00:09.158605+00:00,104.2,5,bid,Nelson Luo,DiligentDonuts,14819924
2026-07-10T05:00:09.267753,2026-07-10T05:00:09.274870+00:00,104.2,5,bid,Nelson Luo,DiligentDonuts,14819926
2026-07-10T05:00:09.390836,2026-07-10T05:00:09.401937+00:00,104.0,50,ask,EarnestEspressos,FlawlessFlatbreads,14819929
2026-07-10T05:00:09.408372,2026-07-10T05:00:09.418057+00:00,104.2,5,bid,Nelson Luo,DiligentDonuts,14819933
2026-07-10T05:00:09.528093,2026-07-10T05:00:09.538645+00:00,104.2,5,bid,Nelson Luo,DiligentDonuts,14819939
2026-07-10T05:00:09.650506,2026-07-10T05:00:09.664069+00:00,104.2,5,bid,Nelson Luo,DiligentDonuts,14819947
2026-07-10T05:00:09.762600,2026-07-10T05:00:09.770297+00:00,104.2,5,bid,Nelson Luo,DiligentDonuts,14819949
2026-07-10T05:00:09.877279,2026-07-10T05:00:09.887798+00:00,104.2,5,bid,Nelson Luo,DiligentDonuts,14819951
2026-07-10T05:00:09.996932,2026-07-10T05:00:10.007541+00:00,104.2,4,bid,Nelson Luo,DiligentDonuts,14819955
2026-07-10T05:00:10.291986,2026-07-10T05:00:10.304564+00:00,104.0,1,ask,Kelvin Chan,CostlyCorianders,14819961
2026-07-10T05:00:10.291986,2026-07-10T05:00:10.304564+00:00,104.0,3,ask,Xinhong Shan,CostlyCorianders,14819962
2026-07-10T05:00:10.291986,2026-07-10T05:00:10.309585+00:00,103.7,42,ask,DiligentDonuts,CostlyCorianders,14819963
2026-07-10T05:00:10.822482,2026-07-10T05:00:10.832375+00:00,104.2,3,bid,Nelson Luo,EarnestEspressos,14819968
2026-07-10T05:00:11.437573,2026-07-10T05:00:11.449827+00:00,103.9,43,ask,DiligentDonuts,CostlyCorianders,14819978
2026-07-10T05:00:11.498661,2026-07-10T05:00:11.510395+00:00,103.9,50,ask,DiligentDonuts,FlawlessFlatbreads,14819981
2026-07-10T05:00:12.590418,2026-07-10T05:00:12.602220+00:00,104.2,46,bid,CostlyCorianders,EarnestEspressos,14820006
2026-07-10T05:00:13.612844,2026-07-10T05:00:13.625287+00:00,103.9,7,ask,DiligentDonuts,FlawlessFlatbreads,14820021
2026-07-10T05:00:13.612844,2026-07-10T05:00:13.630281+00:00,103.9,43,ask,EarnestEspressos,FlawlessFlatbreads,14820022
2026-07-10T05:00:13.631050,2026-07-10T05:00:13.640716+00:00,104.2,3,bid,CostlyCorianders,Xinhong Shan,14820023
2026-07-10T05:00:13.631050,2026-07-10T05:00:13.640716+00:00,104.4,1,bid,CostlyCorianders,Kelvin Chan,14820024
2026-07-10T05:00:13.631050,2026-07-10T05:00:13.645932+00:00,104.4,36,bid,CostlyCorianders,DiligentDonuts,14820025
2026-07-10T05:00:14.085016,2026-07-10T05:00:14.093247+00:00,103.9,100,ask,EarnestEspressos,DiligentDonuts,14820036
2026-07-10T05:00:15.672019,2026-07-10T05:00:15.684423+00:00,104.4,50,bid,FlawlessFlatbreads,EarnestEspressos,14820075
2026-07-10T05:00:16.529826,2026-07-10T05:00:16.541653+00:00,103.9,3,ask,Xinhong Shan,CostlyCorianders,14820088
2026-07-10T05:00:16.529826,2026-07-10T05:00:16.541653+00:00,103.4,37,ask,DiligentDonuts,CostlyCorianders,14820089
2026-07-10T05:00:16.559632,2026-07-10T05:00:16.572468+00:00,103.8,11,bid,Xuanyu Liu,EarnestEspressos,14820091
2026-07-10T05:00:17.783108,2026-07-10T05:00:17.793600+00:00,103.8,50,bid,FlawlessFlatbreads,EarnestEspressos,14820113
2026-07-10T05:00:18.269305,2026-07-10T05:00:18.278994+00:00,103.8,45,bid,CostlyCorianders,EarnestEspressos,14820132
2026-07-10T05:00:18.735865,2026-07-10T05:00:18.745902+00:00,103.7,40,ask,DiligentDonuts,CostlyCorianders,14820145
2026-07-10T05:00:19.692987,2026-07-10T05:00:19.710475+00:00,103.8,3,bid,EarnestEspressos,Xinhong Shan,14820165
2026-07-10T05:00:19.853235,2026-07-10T05:00:19.865725+00:00,104.2,5,bid,CostlyCorianders,Kelvin Chan,14820169
2026-07-10T05:00:19.853235,2026-07-10T05:00:19.865725+00:00,104.2,39,bid,CostlyCorianders,DiligentDonuts,14820170
2026-07-10T05:00:19.911823,2026-07-10T05:00:19.923658+00:00,103.8,45,ask,EarnestEspressos,CostlyCorianders,14820171
2026-07-10T05:00:22.026583,2026-07-10T05:00:22.039066+00:00,104.1,5,bid,FlawlessFlatbreads,Kelvin Chan,14820226
2026-07-10T05:00:22.026583,2026-07-10T05:00:22.039066+00:00,104.1,3,bid,FlawlessFlatbreads,Xinhong Shan,14820227
2026-07-10T05:00:22.026583,2026-07-10T05:00:22.039066+00:00,104.2,42,bid,FlawlessFlatbreads,DiligentDonuts,14820228
2026-07-10T05:00:22.706583,2026-07-10T05:00:22.729139+00:00,104.2,46,bid,CostlyCorianders,DiligentDonuts,14820243
2026-07-10T05:00:22.913518,2026-07-10T05:00:22.925424+00:00,103.8,3,ask,Xinhong Shan,EarnestEspressos,14820248
2026-07-10T05:00:23.563079,2026-07-10T05:00:23.575103+00:00,103.8,100,bid,DiligentDonuts,EarnestEspressos,14820257
2026-07-10T05:00:24.163020,2026-07-10T05:00:24.175203+00:00,103.8,47,bid,FlawlessFlatbreads,EarnestEspressos,14820272
2026-07-10T05:00:24.163020,2026-07-10T05:00:24.175203+00:00,103.8,3,bid,FlawlessFlatbreads,Xinhong Shan,14820273
2026-07-10T05:00:26.036349,2026-07-10T05:00:26.046607+00:00,103.9,11,ask,EarnestEspressos,Xuanyu Liu,14820312
2026-07-10T05:00:26.274251,2026-07-10T05:00:26.286465+00:00,104.2,1,bid,FlawlessFlatbreads,Kelvin Chan,14820316
2026-07-10T05:00:26.274251,2026-07-10T05:00:26.286465+00:00,104.2,3,bid,FlawlessFlatbreads,Xinhong Shan,14820317
2026-07-10T05:00:26.274251,2026-07-10T05:00:26.286465+00:00,104.4,46,bid,FlawlessFlatbreads,DiligentDonuts,14820318
2026-07-10T05:00:28.408018,2026-07-10T05:00:28.420313+00:00,104.2,50,bid,FlawlessFlatbreads,DiligentDonuts,14820357
2026-07-10T05:00:28.880703,2026-07-10T05:00:28.892661+00:00,104.2,40,bid,CostlyCorianders,DiligentDonuts,14820367
2026-07-10T05:00:29.894523,2026-07-10T05:00:29.907907+00:00,104.0,46,ask,DiligentDonuts,CostlyCorianders,14820390
2026-07-10T05:00:29.898424,2026-07-10T05:00:29.907907+00:00,104.0,3,ask,DiligentDonuts,Xuanyu Liu,14820391
2026-07-10T05:00:30.516299,2026-07-10T05:00:30.524046+00:00,104.2,4,bid,FlawlessFlatbreads,Kelvin Chan,14820400
2026-07-10T05:00:30.516299,2026-07-10T05:00:30.529291+00:00,104.4,46,bid,FlawlessFlatbreads,EarnestEspressos,14820401
2026-07-10T05:00:31.014124,2026-07-10T05:00:31.026554+00:00,104.0,48,ask,DiligentDonuts,CostlyCorianders,14820411
2026-07-10T05:00:32.359620,2026-07-10T05:00:32.371239+00:00,104.2,20,ask,EarnestEspressos,Xuanyu Liu,14820433
2026-07-10T05:00:32.632152,2026-07-10T05:00:32.644475+00:00,104.4,3,bid,FlawlessFlatbreads,Zijin Tang,14820438
2026-07-10T05:00:32.632152,2026-07-10T05:00:32.644475+00:00,104.5,47,bid,FlawlessFlatbreads,DiligentDonuts,14820439
2026-07-10T05:00:33.683679,2026-07-10T05:00:33.691615+00:00,104.4,3,bid,CostlyCorianders,Zijin Tang,14820466
2026-07-10T05:00:33.683679,2026-07-10T05:00:33.696905+00:00,104.5,39,bid,CostlyCorianders,DiligentDonuts,14820467
2026-07-10T05:00:34.741659,2026-07-10T05:00:34.758681+00:00,104.4,3,bid,FlawlessFlatbreads,Zijin Tang,14820490
2026-07-10T05:00:34.741659,2026-07-10T05:00:34.758681+00:00,104.5,47,bid,FlawlessFlatbreads,DiligentDonuts,14820491
2026-07-10T05:00:36.200130,2026-07-10T05:00:36.207955+00:00,104.4,3,bid,CostlyCorianders,Zijin Tang,14820517
2026-07-10T05:00:36.253893,2026-07-10T05:00:36.258628+00:00,104.2,3,ask,Xinhong Shan,CostlyCorianders,14820518
2026-07-10T05:00:36.253893,2026-07-10T05:00:36.263581+00:00,104.2,38,ask,DiligentDonuts,CostlyCorianders,14820519
2026-07-10T05:00:36.882093,2026-07-10T05:00:36.893959+00:00,104.6,50,bid,FlawlessFlatbreads,EarnestEspressos,14820526
2026-07-10T05:00:38.698632,2026-07-10T05:00:38.708952+00:00,104.3,3,ask,EarnestEspressos,Xuanyu Liu,14820566
2026-07-10T05:00:38.989715,2026-07-10T05:00:39.002044+00:00,104.4,3,bid,FlawlessFlatbreads,Xinhong Shan,14820571
2026-07-10T05:00:38.989715,2026-07-10T05:00:39.002044+00:00,104.5,2,bid,FlawlessFlatbreads,Kelvin Chan,14820572
2026-07-10T05:00:38.989715,2026-07-10T05:00:39.002044+00:00,104.7,45,bid,FlawlessFlatbreads,DiligentDonuts,14820573
2026-07-10T05:00:39.450258,2026-07-10T05:00:39.443338+00:00,104.3,43,ask,EarnestEspressos,CostlyCorianders,14820581
2026-07-10T05:00:41.135939,2026-07-10T05:00:41.148122+00:00,104.5,5,bid,FlawlessFlatbreads,Kelvin Chan,14820605
2026-07-10T05:00:41.135939,2026-07-10T05:00:41.148122+00:00,104.6,3,bid,FlawlessFlatbreads,Zijin Tang,14820606
2026-07-10T05:00:41.135939,2026-07-10T05:00:41.148122+00:00,104.7,42,bid,FlawlessFlatbreads,DiligentDonuts,14820607
2026-07-10T05:00:44.076998,2026-07-10T05:00:44.085465+00:00,104.5,3,ask,DiligentDonuts,Zijin Tang,14820685
2026-07-10T05:00:44.347725,2026-07-10T05:00:44.357302+00:00,104.5,3,ask,DiligentDonuts,Zijin Tang,14820691
2026-07-10T05:00:44.624553,2026-07-10T05:00:44.636480+00:00,104.5,3,ask,DiligentDonuts,Zijin Tang,14820703
2026-07-10T05:00:44.895289,2026-07-10T05:00:44.907533+00:00,104.5,3,ask,DiligentDonuts,Zijin Tang,14820708
2026-07-10T05:00:45.178900,2026-07-10T05:00:45.191014+00:00,104.5,3,ask,Xinhong Shan,Zijin Tang,14820714
2026-07-10T05:00:45.357964,2026-07-10T05:00:45.370365+00:00,104.6,3,bid,FlawlessFlatbreads,Zijin Tang,14820716
2026-07-10T05:00:45.357964,2026-07-10T05:00:45.370365+00:00,104.6,3,bid,FlawlessFlatbreads,Kelvin Chan,14820717
2026-07-10T05:00:45.357964,2026-07-10T05:00:45.375861+00:00,104.9,44,bid,FlawlessFlatbreads,EarnestEspressos,14820718
2026-07-10T05:00:45.478281,2026-07-10T05:00:45.498307+00:00,104.5,3,ask,DiligentDonuts,Zijin Tang,14820724
2026-07-10T05:00:45.791389,2026-07-10T05:00:45.801668+00:00,104.5,3,ask,DiligentDonuts,Zijin Tang,14820732
2026-07-10T05:00:46.066573,2026-07-10T05:00:46.078764+00:00,104.4,3,ask,EarnestEspressos,Zijin Tang,14820738
2026-07-10T05:00:46.233488,2026-07-10T05:00:46.242548+00:00,104.8,3,bid,CostlyCorianders,Zijin Tang,14820742
2026-07-10T05:00:46.233488,2026-07-10T05:00:46.242548+00:00,104.9,39,bid,CostlyCorianders,EarnestEspressos,14820743
2026-07-10T05:00:46.336649,2026-07-10T05:00:46.348364+00:00,104.4,3,ask,EarnestEspressos,Zijin Tang,14820748
2026-07-10T05:00:46.610131,2026-07-10T05:00:46.622473+00:00,104.4,3,ask,EarnestEspressos,Zijin Tang,14820755
2026-07-10T05:00:46.886220,2026-07-10T05:00:46.901053+00:00,104.4,3,ask,EarnestEspressos,Zijin Tang,14820764
2026-07-10T05:00:47.200710,2026-07-10T05:00:47.212736+00:00,104.4,3,ask,EarnestEspressos,Zijin Tang,14820777
2026-07-10T05:00:47.246252,2026-07-10T05:00:47.258136+00:00,104.4,48,ask,EarnestEspressos,CostlyCorianders,14820780
2026-07-10T05:00:47.477748,2026-07-10T05:00:47.490004+00:00,104.8,3,bid,FlawlessFlatbreads,Xinhong Shan,14820788
2026-07-10T05:00:47.477748,2026-07-10T05:00:47.490004+00:00,104.9,47,bid,FlawlessFlatbreads,EarnestEspressos,14820789
2026-07-10T05:00:47.484014,2026-07-10T05:00:47.495205+00:00,104.4,3,ask,EarnestEspressos,Zijin Tang,14820790
2026-07-10T05:00:47.751152,2026-07-10T05:00:47.758565+00:00,104.4,3,ask,EarnestEspressos,Zijin Tang,14820802
2026-07-10T05:00:47.779089,2026-07-10T05:00:47.790981+00:00,104.8,3,bid,CostlyCorianders,Zijin Tang,14820804
2026-07-10T05:00:47.779089,2026-07-10T05:00:47.790981+00:00,104.9,20,bid,CostlyCorianders,EarnestEspressos,14820805
2026-07-10T05:00:47.779089,2026-07-10T05:00:47.790981+00:00,104.9,24,bid,CostlyCorianders,DiligentDonuts,14820806
2026-07-10T05:00:48.023194,2026-07-10T05:00:48.045674+00:00,104.4,3,ask,DiligentDonuts,Zijin Tang,14820812
2026-07-10T05:00:48.028876,2026-07-10T05:00:48.045674+00:00,104.4,5,ask,DiligentDonuts,Zijin Tang,14820813
2026-07-10T05:00:48.032916,2026-07-10T05:00:48.045674+00:00,104.4,3,ask,DiligentDonuts,Zijin Tang,14820814
2026-07-10T05:00:48.212049,2026-07-10T05:00:48.224437+00:00,104.4,10,ask,DiligentDonuts,Weiqing Shi,14820824
2026-07-10T05:00:48.295515,2026-07-10T05:00:48.305130+00:00,104.4,3,ask,EarnestEspressos,Xuanyu Liu,14820827
2026-07-10T05:00:48.300809,2026-07-10T05:00:48.310595+00:00,104.4,5,ask,EarnestEspressos,Zijin Tang,14820828
2026-07-10T05:00:48.476192,2026-07-10T05:00:48.488582+00:00,104.4,10,ask,DiligentDonuts,Weiqing Shi,14820833
2026-07-10T05:00:48.565848,2026-07-10T05:00:48.572572+00:00,104.4,3,ask,EarnestEspressos,Zijin Tang,14820835
2026-07-10T05:00:48.571597,2026-07-10T05:00:48.583336+00:00,104.4,5,ask,DiligentDonuts,Zijin Tang,14820836
2026-07-10T05:00:48.740672,2026-07-10T05:00:48.748288+00:00,104.4,10,ask,DiligentDonuts,Weiqing Shi,14820843
2026-07-10T05:00:48.842052,2026-07-10T05:00:48.851280+00:00,104.4,5,ask,DiligentDonuts,Zijin Tang,14820848
2026-07-10T05:00:49.017763,2026-07-10T05:00:49.029730+00:00,104.4,10,ask,EarnestEspressos,Weiqing Shi,14820854
2026-07-10T05:00:49.116063,2026-07-10T05:00:49.125121+00:00,104.4,5,ask,EarnestEspressos,Zijin Tang,14820862
2026-07-10T05:00:49.288168,2026-07-10T05:00:49.297612+00:00,104.4,10,ask,EarnestEspressos,Weiqing Shi,14820866
2026-07-10T05:00:49.351831,2026-07-10T05:00:49.364042+00:00,104.4,4,ask,EarnestEspressos,Zijin Tang,14820869
2026-07-10T05:00:49.606331,2026-07-10T05:00:49.618473+00:00,104.5,50,bid,FlawlessFlatbreads,DiligentDonuts,14820873
2026-07-10T05:00:51.363172,2026-07-10T05:00:51.375058+00:00,104.5,50,bid,EarnestEspressos,DiligentDonuts,14820906
2026-07-10T05:00:51.718071,2026-07-10T05:00:51.730309+00:00,104.7,3,bid,FlawlessFlatbreads,Kelvin Chan,14820918
2026-07-10T05:00:51.718071,2026-07-10T05:00:51.730309+00:00,105.0,47,bid,FlawlessFlatbreads,EarnestEspressos,14820919
2026-07-10T05:00:51.872674,2026-07-10T05:00:51.881185+00:00,104.6,3,ask,Xinhong Shan,Zijin Tang,14820924
2026-07-10T05:00:51.996337,2026-07-10T05:00:52.006377+00:00,104.5,11,ask,EarnestEspressos,Xuanyu Liu,14820930
2026-07-10T05:00:52.086088,2026-07-10T05:00:52.093852+00:00,104.5,10,ask,EarnestEspressos,Zijin Tang,14820932
2026-07-10T05:00:52.096709,2026-07-10T05:00:52.104084+00:00,104.5,10,ask,EarnestEspressos,Zijin Tang,14820934
2026-07-10T05:00:52.298347,2026-07-10T05:00:52.304933+00:00,104.5,10,ask,EarnestEspressos,Weiqing Shi,14820938
2026-07-10T05:00:52.387150,2026-07-10T05:00:52.396060+00:00,104.5,10,ask,EarnestEspressos,Zijin Tang,14820942
2026-07-10T05:00:52.515830,2026-07-10T05:00:52.525544+00:00,104.5,10,ask,EarnestEspressos,Weiqing Shi,14820944
2026-07-10T05:00:52.648137,2026-07-10T05:00:52.654840+00:00,104.5,10,ask,EarnestEspressos,Weiqing Shi,14820950
2026-07-10T05:00:52.728407,2026-07-10T05:00:52.740553+00:00,104.5,10,ask,EarnestEspressos,Weiqing Shi,14820957
2026-07-10T05:00:52.919380,2026-07-10T05:00:52.932064+00:00,104.5,10,ask,EarnestEspressos,Zijin Tang,14820966
2026-07-10T05:00:52.947805,2026-07-10T05:00:52.954492+00:00,104.5,9,ask,EarnestEspressos,Zijin Tang,14820968
2026-07-10T05:00:52.947805,2026-07-10T05:00:52.954492+00:00,104.5,1,ask,Xinhong Shan,Zijin Tang,14820969
2026-07-10T05:00:53.172486,2026-07-10T05:00:53.179482+00:00,104.5,2,ask,Xinhong Shan,Zijin Tang,14820977
2026-07-10T05:00:53.433186,2026-07-10T05:00:53.444853+00:00,104.4,3,ask,Zijin Tang,Weiqing Shi,14820983
2026-07-10T05:00:53.697002,2026-07-10T05:00:53.709803+00:00,104.4,1,ask,Zijin Tang,Weiqing Shi,14820990
2026-07-10T05:00:53.743214,2026-07-10T05:00:53.756108+00:00,104.7,6,bid,CostlyCorianders,Kelvin Chan,14820992
2026-07-10T05:00:53.743214,2026-07-10T05:00:53.756108+00:00,104.7,3,bid,CostlyCorianders,Xinhong Shan,14820993
2026-07-10T05:00:53.743214,2026-07-10T05:00:53.756108+00:00,104.8,32,bid,CostlyCorianders,DiligentDonuts,14820994
2026-07-10T05:00:54.226855,2026-07-10T05:00:54.239186+00:00,104.4,3,ask,Xinhong Shan,CostlyCorianders,14821014
2026-07-10T05:00:54.226855,2026-07-10T05:00:54.239186+00:00,104.4,3,ask,Zijin Tang,CostlyCorianders,14821015
2026-07-10T05:00:54.226855,2026-07-10T05:00:54.244429+00:00,104.3,42,ask,DiligentDonuts,CostlyCorianders,14821016
2026-07-10T05:00:54.581988,2026-07-10T05:00:54.593753+00:00,104.4,3,ask,Zijin Tang,EarnestEspressos,14821022
2026-07-10T05:00:55.413527,2026-07-10T05:00:55.428248+00:00,104.4,48,bid,CostlyCorianders,EarnestEspressos,14821032
2026-07-10T05:00:55.423673,2026-07-10T05:00:55.438459+00:00,104.4,1,bid,Kelvin Chan,EarnestEspressos,14821033
2026-07-10T05:00:55.804939,2026-07-10T05:00:55.815274+00:00,104.4,1,bid,Kelvin Chan,EarnestEspressos,14821039
2026-07-10T05:00:55.895851,2026-07-10T05:00:55.908134+00:00,104.4,40,bid,CostlyCorianders,EarnestEspressos,14821042
2026-07-10T05:00:55.901188,2026-07-10T05:00:55.908134+00:00,104.4,1,bid,Kelvin Chan,EarnestEspressos,14821043
2026-07-10T05:00:55.933197,2026-07-10T05:00:55.949759+00:00,104.4,1,bid,Kelvin Chan,EarnestEspressos,14821044
2026-07-10T05:00:55.938491,2026-07-10T05:00:55.949759+00:00,104.4,11,bid,Xuanyu Liu,EarnestEspressos,14821045
2026-07-10T05:00:55.955014,2026-07-10T05:00:55.970254+00:00,104.4,44,bid,FlawlessFlatbreads,EarnestEspressos,14821047
2026-07-10T05:00:55.955014,2026-07-10T05:00:55.970254+00:00,104.7,5,bid,FlawlessFlatbreads,Kelvin Chan,14821048
2026-07-10T05:00:55.955014,2026-07-10T05:00:55.975738+00:00,104.8,1,bid,FlawlessFlatbreads,DiligentDonuts,14821049
2026-07-10T05:00:56.191936,2026-07-10T05:00:56.203357+00:00,104.4,1,bid,Kelvin Chan,Xinhong Shan,14821053
2026-07-10T05:00:56.215869,2026-07-10T05:00:56.227950+00:00,104.4,1,bid,Kelvin Chan,Xinhong Shan,14821054
2026-07-10T05:00:57.700701,2026-07-10T05:00:57.715282+00:00,104.6,11,ask,EarnestEspressos,Xuanyu Liu,14821080
2026-07-10T05:00:57.717658,2026-07-10T05:00:57.736084+00:00,104.6,10,ask,EarnestEspressos,Weiqing Shi,14821083
2026-07-10T05:00:57.872230,2026-07-10T05:00:57.884160+00:00,104.6,10,ask,EarnestEspressos,Weiqing Shi,14821085
2026-07-10T05:00:57.979942,2026-07-10T05:00:57.992037+00:00,104.6,10,ask,EarnestEspressos,Zijin Tang,14821090
2026-07-10T05:00:58.038191,2026-07-10T05:00:58.049915+00:00,104.6,43,ask,EarnestEspressos,CostlyCorianders,14821093
2026-07-10T05:00:58.067322,2026-07-10T05:00:58.077929+00:00,104.7,5,bid,FlawlessFlatbreads,Kelvin Chan,14821094
2026-07-10T05:00:58.067322,2026-07-10T05:00:58.077929+00:00,104.7,3,bid,FlawlessFlatbreads,Xinhong Shan,14821095
2026-07-10T05:00:58.067322,2026-07-10T05:00:58.083154+00:00,104.8,42,bid,FlawlessFlatbreads,DiligentDonuts,14821096
2026-07-10T05:00:58.089716,2026-07-10T05:00:58.099132+00:00,104.6,10,ask,EarnestEspressos,Zijin Tang,14821097
2026-07-10T05:00:58.241694,2026-07-10T05:00:58.253446+00:00,104.6,5,ask,EarnestEspressos,Weiqing Shi,14821103
2026-07-10T05:00:58.308647,2026-07-10T05:00:58.320692+00:00,104.6,10,ask,EarnestEspressos,Zijin Tang,14821107
2026-07-10T05:00:58.523887,2026-07-10T05:00:58.535893+00:00,104.6,8,ask,EarnestEspressos,Zijin Tang,14821114
2026-07-10T05:00:59.665202,2026-07-10T05:00:59.677136+00:00,104.6,12,ask,EarnestEspressos,Xuanyu Liu,14821145
2026-07-10T05:01:00.255846,2026-07-10T05:01:00.252893+00:00,104.6,21,ask,EarnestEspressos,FlawlessFlatbreads,14821155
2026-07-10T05:01:00.255846,2026-07-10T05:01:00.270012+00:00,104.6,3,ask,Xinhong Shan,FlawlessFlatbreads,14821156
2026-07-10T05:01:00.255846,2026-07-10T05:01:00.270012+00:00,104.5,26,ask,DiligentDonuts,FlawlessFlatbreads,14821157
2026-07-10T05:01:00.928156,2026-07-10T05:01:00.949102+00:00,104.5,74,ask,DiligentDonuts,EarnestEspressos,14821171
2026-07-10T05:01:00.939507,2026-07-10T05:01:00.949102+00:00,104.4,12,bid,Xuanyu Liu,EarnestEspressos,14821172
2026-07-10T05:01:01.225712,2026-07-10T05:01:01.237067+00:00,104.4,11,bid,Xuanyu Liu,EarnestEspressos,14821183
2026-07-10T05:01:02.487131,2026-07-10T05:01:02.494945+00:00,104.4,44,bid,CostlyCorianders,EarnestEspressos,14821208
2026-07-10T05:01:03.997857,2026-07-10T05:01:04.008363+00:00,104.2,3,ask,Xinhong Shan,Zijin Tang,14821250
2026-07-10T05:01:04.513114,2026-07-10T05:01:04.522512+00:00,104.2,50,ask,EarnestEspressos,FlawlessFlatbreads,14821261
2026-07-10T05:01:05.718109,2026-07-10T05:01:05.740632+00:00,104.2,11,ask,EarnestEspressos,Xuanyu Liu,14821302
2026-07-10T05:01:06.488146,2026-07-10T05:01:06.499311+00:00,104.2,23,ask,EarnestEspressos,Xuanyu Liu,14821313
2026-07-10T05:01:06.501805,2026-07-10T05:01:06.520198+00:00,104.2,5,ask,EarnestEspressos,Nelson Luo,14821315
2026-07-10T05:01:06.619765,2026-07-10T05:01:06.632020+00:00,104.2,5,ask,EarnestEspressos,Nelson Luo,14821320
2026-07-10T05:01:06.624911,2026-07-10T05:01:06.632020+00:00,104.2,50,ask,EarnestEspressos,FlawlessFlatbreads,14821321
2026-07-10T05:01:06.734962,2026-07-10T05:01:06.746780+00:00,104.2,5,ask,EarnestEspressos,Nelson Luo,14821323
2026-07-10T05:01:06.850592,2026-07-10T05:01:06.857715+00:00,104.2,1,ask,EarnestEspressos,Nelson Luo,14821327
2026-07-10T05:01:06.850592,2026-07-10T05:01:06.857715+00:00,104.2,3,ask,Xinhong Shan,Nelson Luo,14821328
2026-07-10T05:01:07.260118,2026-07-10T05:01:07.286606+00:00,103.9,100,ask,DiligentDonuts,EarnestEspressos,14821339
2026-07-10T05:01:07.275229,2026-07-10T05:01:07.286606+00:00,103.8,2,bid,Xuanyu Liu,EarnestEspressos,14821341
2026-07-10T05:01:07.289293,2026-07-10T05:01:07.299154+00:00,103.8,21,bid,Xuanyu Liu,EarnestEspressos,14821343
2026-07-10T05:01:07.803886,2026-07-10T05:01:07.822458+00:00,103.8,14,bid,Xuanyu Liu,EarnestEspressos,14821354
2026-07-10T05:01:07.826983,2026-07-10T05:01:07.837763+00:00,103.8,5,bid,Zijin Tang,EarnestEspressos,14821358
2026-07-10T05:01:08.027730,2026-07-10T05:01:08.035903+00:00,103.8,8,bid,Weiqing Shi,EarnestEspressos,14821363
2026-07-10T05:01:08.027730,2026-07-10T05:01:08.041377+00:00,103.8,2,bid,Weiqing Shi,Xinhong Shan,14821364
2026-07-10T05:01:08.042608,2026-07-10T05:01:08.051599+00:00,103.8,1,bid,Zijin Tang,Xinhong Shan,14821366
2026-07-10T05:01:08.131376,2026-07-10T05:01:08.143048+00:00,103.5,49,ask,DiligentDonuts,CostlyCorianders,14821367
2026-07-10T05:01:10.372203,2026-07-10T05:01:10.399192+00:00,104.0,100,bid,EarnestEspressos,DiligentDonuts,14821412
2026-07-10T05:01:10.372203,2026-07-10T05:01:10.399192+00:00,104.0,3,bid,EarnestEspressos,Xinhong Shan,14821413
2026-07-10T05:01:10.386287,2026-07-10T05:01:10.399192+00:00,104.0,3,ask,EarnestEspressos,Xuanyu Liu,14821414
2026-07-10T05:01:10.407209,2026-07-10T05:01:10.414880+00:00,104.0,5,ask,EarnestEspressos,Zijin Tang,14821418
2026-07-10T05:01:10.620240,2026-07-10T05:01:10.632798+00:00,104.0,1,ask,EarnestEspressos,Zijin Tang,14821422
2026-07-10T05:01:10.865610,2026-07-10T05:01:10.874003+00:00,104.0,38,ask,EarnestEspressos,FlawlessFlatbreads,14821426
2026-07-10T05:01:10.865610,2026-07-10T05:01:10.879222+00:00,104.0,3,ask,Xinhong Shan,FlawlessFlatbreads,14821427
2026-07-10T05:01:10.865610,2026-07-10T05:01:10.879222+00:00,103.5,9,ask,DiligentDonuts,FlawlessFlatbreads,14821428
2026-07-10T05:01:12.982960,2026-07-10T05:01:12.995109+00:00,103.6,50,ask,DiligentDonuts,FlawlessFlatbreads,14821466
2026-07-10T05:01:14.346561,2026-07-10T05:01:14.354021+00:00,103.6,3,ask,Xinhong Shan,DiligentDonuts,14821501
2026-07-10T05:01:14.346561,2026-07-10T05:01:14.359219+00:00,103.6,97,ask,EarnestEspressos,DiligentDonuts,14821502
2026-07-10T05:01:15.095741,2026-07-10T05:01:15.103090+00:00,103.6,50,ask,EarnestEspressos,FlawlessFlatbreads,14821516
2026-07-10T05:01:16.763896,2026-07-10T05:01:16.776890+00:00,103.6,3,ask,Zijin Tang,EarnestEspressos,14821544
2026-07-10T05:01:16.763896,2026-07-10T05:01:16.776890+00:00,103.6,3,ask,Xinhong Shan,EarnestEspressos,14821545
2026-07-10T05:01:16.783050,2026-07-10T05:01:16.797926+00:00,103.2,5,bid,Nelson Luo,EarnestEspressos,14821546
2026-07-10T05:01:16.799034,2026-07-10T05:01:16.814347+00:00,103.2,12,bid,Xuanyu Liu,EarnestEspressos,14821549
2026-07-10T05:01:16.818394,2026-07-10T05:01:16.829623+00:00,103.2,10,bid,Weiqing Shi,EarnestEspressos,14821553
2026-07-10T05:01:16.823301,2026-07-10T05:01:16.834986+00:00,103.2,5,bid,Xuanyu Liu,EarnestEspressos,14821554
2026-07-10T05:01:16.848460,2026-07-10T05:01:16.856320+00:00,103.2,20,bid,Zijin Tang,EarnestEspressos,14821556
2026-07-10T05:01:16.937039,2026-07-10T05:01:16.947349+00:00,103.2,5,bid,Nelson Luo,EarnestEspressos,14821558
2026-07-10T05:01:17.056082,2026-07-10T05:01:17.067572+00:00,103.2,35,bid,Xuanyu Liu,EarnestEspressos,14821565
2026-07-10T05:01:17.080484,2026-07-10T05:01:17.088457+00:00,103.2,10,bid,Weiqing Shi,EarnestEspressos,14821569
2026-07-10T05:01:17.114677,2026-07-10T05:01:17.124911+00:00,103.2,3,bid,Zijin Tang,EarnestEspressos,14821570
2026-07-10T05:01:17.124011,2026-07-10T05:01:17.135551+00:00,103.2,20,bid,Zijin Tang,EarnestEspressos,14821572
2026-07-10T05:01:17.150010,2026-07-10T05:01:17.161539+00:00,103.2,9,bid,Nelson Luo,EarnestEspressos,14821574
2026-07-10T05:01:17.225104,2026-07-10T05:01:17.232253+00:00,103.1,50,ask,DiligentDonuts,FlawlessFlatbreads,14821580
2026-07-10T05:01:17.381608,2026-07-10T05:01:17.394007+00:00,103.2,3,bid,Zijin Tang,EarnestEspressos,14821584
2026-07-10T05:01:17.458828,2026-07-10T05:01:17.470732+00:00,103.2,7,bid,DiligentDonuts,EarnestEspressos,14821585
2026-07-10T05:01:17.472042,2026-07-10T05:01:17.482238+00:00,103.2,12,ask,DiligentDonuts,Xuanyu Liu,14821586
2026-07-10T05:01:17.647069,2026-07-10T05:01:17.663599+00:00,103.7,3,bid,Zijin Tang,DiligentDonuts,14821590
2026-07-10T05:01:17.870684,2026-07-10T05:01:17.907626+00:00,103.2,11,ask,DiligentDonuts,Xuanyu Liu,14821595
2026-07-10T05:01:17.957946,2026-07-10T05:01:17.965937+00:00,103.7,3,bid,Zijin Tang,DiligentDonuts,14821597
2026-07-10T05:01:17.972298,2026-07-10T05:01:17.983789+00:00,103.2,3,ask,DiligentDonuts,Xuanyu Liu,14821598
2026-07-10T05:01:18.227217,2026-07-10T05:01:18.239772+00:00,103.7,3,bid,Zijin Tang,DiligentDonuts,14821605
2026-07-10T05:01:18.516031,2026-07-10T05:01:18.525021+00:00,103.7,3,bid,Zijin Tang,DiligentDonuts,14821609
2026-07-10T05:01:18.793014,2026-07-10T05:01:18.801953+00:00,103.7,3,bid,Zijin Tang,DiligentDonuts,14821617
2026-07-10T05:01:19.332307,2026-07-10T05:01:19.344453+00:00,103.2,50,ask,DiligentDonuts,FlawlessFlatbreads,14821630
2026-07-10T05:01:19.758934,2026-07-10T05:01:19.771055+00:00,103.7,3,bid,Zijin Tang,DiligentDonuts,14821637
2026-07-10T05:01:19.772393,2026-07-10T05:01:19.781566+00:00,103.7,5,bid,Zijin Tang,DiligentDonuts,14821639
2026-07-10T05:01:20.030180,2026-07-10T05:01:20.042504+00:00,103.7,3,bid,Zijin Tang,DiligentDonuts,14821646
2026-07-10T05:01:20.041367,2026-07-10T05:01:20.052738+00:00,103.7,5,bid,Zijin Tang,DiligentDonuts,14821648
2026-07-10T05:01:20.194474,2026-07-10T05:01:20.205062+00:00,103.7,4,bid,Kelvin Chan,DiligentDonuts,14821653
2026-07-10T05:01:20.308997,2026-07-10T05:01:20.317487+00:00,103.7,3,bid,Zijin Tang,Xinhong Shan,14821656
2026-07-10T05:01:20.321818,2026-07-10T05:01:20.333485+00:00,103.7,5,bid,Zijin Tang,DiligentDonuts,14821658
2026-07-10T05:01:20.534288,2026-07-10T05:01:20.546726+00:00,103.7,48,bid,CostlyCorianders,DiligentDonuts,14821662
2026-07-10T05:01:20.580653,2026-07-10T05:01:20.591317+00:00,103.7,3,bid,Zijin Tang,DiligentDonuts,14821666
2026-07-10T05:01:20.591821,2026-07-10T05:01:20.601561+00:00,103.7,1,bid,Zijin Tang,Xinhong Shan,14821668
2026-07-10T05:01:20.638839,2026-07-10T05:01:20.653459+00:00,103.6,20,ask,DiligentDonuts,Xuanyu Liu,14821669
2026-07-10T05:01:20.866654,2026-07-10T05:01:20.877554+00:00,103.9,3,bid,Zijin Tang,EarnestEspressos,14821675
2026-07-10T05:01:20.998314,2026-07-10T05:01:21.008702+00:00,103.6,3,ask,DiligentDonuts,Xuanyu Liu,14821677
2026-07-10T05:01:21.389422,2026-07-10T05:01:21.399351+00:00,103.9,50,bid,FlawlessFlatbreads,EarnestEspressos,14821693
2026-07-10T05:01:23.532798,2026-07-10T05:01:23.544734+00:00,103.9,3,bid,FlawlessFlatbreads,Xinhong Shan,14821748
2026-07-10T05:01:23.532798,2026-07-10T05:01:23.544734+00:00,104.0,4,bid,FlawlessFlatbreads,Kelvin Chan,14821749
2026-07-10T05:01:23.532798,2026-07-10T05:01:23.544734+00:00,104.0,43,bid,FlawlessFlatbreads,EarnestEspressos,14821750
2026-07-10T05:01:23.597680,2026-07-10T05:01:23.609867+00:00,104.0,3,bid,Zijin Tang,EarnestEspressos,14821753
2026-07-10T05:01:25.645065,2026-07-10T05:01:25.663631+00:00,104.0,50,bid,FlawlessFlatbreads,EarnestEspressos,14821781
2026-07-10T05:01:26.230559,2026-07-10T05:01:26.247018+00:00,103.9,3,ask,EarnestEspressos,Xuanyu Liu,14821789
2026-07-10T05:01:26.352319,2026-07-10T05:01:26.361787+00:00,103.9,7,ask,EarnestEspressos,Weiqing Shi,14821792
2026-07-10T05:01:26.431649,2026-07-10T05:01:26.443641+00:00,104.0,2,bid,Zijin Tang,DiligentDonuts,14821795
2026-07-10T05:01:27.120985,2026-07-10T05:01:27.131434+00:00,103.9,10,ask,EarnestEspressos,Weiqing Shi,14821808
2026-07-10T05:01:27.128802,2026-07-10T05:01:27.136683+00:00,103.9,5,ask,EarnestEspressos,Zijin Tang,14821809
2026-07-10T05:01:27.343909,2026-07-10T05:01:27.356161+00:00,103.9,5,ask,EarnestEspressos,Zijin Tang,14821813
2026-07-10T05:01:27.392038,2026-07-10T05:01:27.404383+00:00,103.9,10,ask,EarnestEspressos,Weiqing Shi,14821816
2026-07-10T05:01:27.561119,2026-07-10T05:01:27.572868+00:00,103.9,5,ask,EarnestEspressos,Zijin Tang,14821820
2026-07-10T05:01:27.660555,2026-07-10T05:01:27.672658+00:00,103.9,3,ask,EarnestEspressos,Weiqing Shi,14821823
2026-07-10T05:01:27.775519,2026-07-10T05:01:27.783603+00:00,103.9,5,ask,EarnestEspressos,Zijin Tang,14821826
2026-07-10T05:01:27.804164,2026-07-10T05:01:27.811463+00:00,103.9,50,ask,EarnestEspressos,FlawlessFlatbreads,14821828
2026-07-10T05:01:27.990513,2026-07-10T05:01:27.997762+00:00,103.9,5,ask,EarnestEspressos,Zijin Tang,14821831
2026-07-10T05:01:28.208116,2026-07-10T05:01:28.218912+00:00,103.9,5,ask,EarnestEspressos,Zijin Tang,14821837
2026-07-10T05:01:28.420382,2026-07-10T05:01:28.432082+00:00,103.9,5,ask,EarnestEspressos,Zijin Tang,14821844
2026-07-10T05:01:28.633196,2026-07-10T05:01:28.645186+00:00,103.9,5,ask,EarnestEspressos,Zijin Tang,14821847
2026-07-10T05:01:28.847020,2026-07-10T05:01:28.853829+00:00,103.9,5,ask,EarnestEspressos,Zijin Tang,14821850
2026-07-10T05:01:29.861157,2026-07-10T05:01:29.873049+00:00,104.0,50,bid,FlawlessFlatbreads,DiligentDonuts,14821863
2026-07-10T05:01:31.153542,2026-07-10T05:01:31.158582+00:00,103.9,3,ask,Xinhong Shan,Zijin Tang,14821879
2026-07-10T05:01:31.368432,2026-07-10T05:01:31.376098+00:00,103.9,3,ask,Xinhong Shan,Zijin Tang,14821884
2026-07-10T05:01:31.378626,2026-07-10T05:01:31.386624+00:00,103.8,4,ask,Kelvin Chan,CostlyCorianders,14821886
2026-07-10T05:01:31.378626,2026-07-10T05:01:31.392263+00:00,103.7,38,ask,DiligentDonuts,CostlyCorianders,14821887
2026-07-10T05:01:32.044561,2026-07-10T05:01:32.058590+00:00,103.8,3,ask,Zijin Tang,FlawlessFlatbreads,14821899
2026-07-10T05:01:32.044561,2026-07-10T05:01:32.058590+00:00,103.7,47,ask,DiligentDonuts,FlawlessFlatbreads,14821900
2026-07-10T05:01:33.366662,2026-07-10T05:01:33.378550+00:00,103.8,4,ask,Xinhong Shan,DiligentDonuts,14821929
2026-07-10T05:01:34.104506,2026-07-10T05:01:34.116455+00:00,103.8,50,bid,FlawlessFlatbreads,DiligentDonuts,14821944
2026-07-10T05:01:34.902225,2026-07-10T05:01:34.914196+00:00,103.4,44,ask,EarnestEspressos,CostlyCorianders,14821952
2026-07-10T05:01:35.805165,2026-07-10T05:01:35.817948+00:00,103.7,3,bid,Xuanyu Liu,EarnestEspressos,14821970
2026-07-10T05:01:36.235404,2026-07-10T05:01:36.247475+00:00,103.7,50,bid,FlawlessFlatbreads,EarnestEspressos,14821977
2026-07-10T05:01:37.883690,2026-07-10T05:01:37.895707+00:00,103.7,46,bid,CostlyCorianders,EarnestEspressos,14821995
2026-07-10T05:01:38.342457,2026-07-10T05:01:38.354268+00:00,103.7,50,bid,FlawlessFlatbreads,EarnestEspressos,14822009
2026-07-10T05:01:38.902811,2026-07-10T05:01:38.912435+00:00,103.7,4,bid,EarnestEspressos,Xinhong Shan,14822018
2026-07-10T05:01:38.954705,2026-07-10T05:01:38.964202+00:00,103.8,3,ask,Zijin Tang,Xuanyu Liu,14822020
2026-07-10T05:01:39.533252,2026-07-10T05:01:39.545178+00:00,103.8,3,ask,Zijin Tang,CostlyCorianders,14822027
2026-07-10T05:01:39.533252,2026-07-10T05:01:39.545178+00:00,103.8,4,ask,Xinhong Shan,CostlyCorianders,14822028
2026-07-10T05:01:39.533252,2026-07-10T05:01:39.545178+00:00,103.7,38,ask,EarnestEspressos,CostlyCorianders,14822029
2026-07-10T05:01:40.078413,2026-07-10T05:01:40.090553+00:00,103.9,40,bid,CostlyCorianders,DiligentDonuts,14822039
2026-07-10T05:01:40.455076,2026-07-10T05:01:40.458574+00:00,103.9,50,bid,FlawlessFlatbreads,DiligentDonuts,14822050
2026-07-10T05:01:41.581399,2026-07-10T05:01:41.592623+00:00,103.8,4,ask,Xinhong Shan,Zijin Tang,14822076
2026-07-10T05:01:42.613320,2026-07-10T05:01:42.625777+00:00,103.6,50,ask,EarnestEspressos,FlawlessFlatbreads,14822096
2026-07-10T05:01:44.204288,2026-07-10T05:01:44.211162+00:00,103.6,46,ask,EarnestEspressos,CostlyCorianders,14822117
2026-07-10T05:01:44.671919,2026-07-10T05:01:44.684091+00:00,103.9,4,bid,FlawlessFlatbreads,Xinhong Shan,14822129
2026-07-10T05:01:44.671919,2026-07-10T05:01:44.684091+00:00,104.1,1,bid,FlawlessFlatbreads,Kelvin Chan,14822130
2026-07-10T05:01:44.671919,2026-07-10T05:01:44.684091+00:00,104.1,45,bid,FlawlessFlatbreads,EarnestEspressos,14822131
2026-07-10T05:01:44.782281,2026-07-10T05:01:44.789654+00:00,103.6,5,ask,EarnestEspressos,Zijin Tang,14822137
2026-07-10T05:01:44.996671,2026-07-10T05:01:45.008434+00:00,103.6,5,ask,EarnestEspressos,Zijin Tang,14822144
2026-07-10T05:01:45.217037,2026-07-10T05:01:45.223949+00:00,103.6,5,ask,DiligentDonuts,Zijin Tang,14822148
2026-07-10T05:01:45.293457,2026-07-10T05:01:45.305666+00:00,103.6,95,ask,DiligentDonuts,EarnestEspressos,14822150
2026-07-10T05:01:45.293457,2026-07-10T05:01:45.305666+00:00,103.6,4,ask,Xinhong Shan,EarnestEspressos,14822151
2026-07-10T05:01:46.059505,2026-07-10T05:01:46.070269+00:00,103.5,3,bid,Xuanyu Liu,DiligentDonuts,14822164
2026-07-10T05:01:46.785876,2026-07-10T05:01:46.797907+00:00,103.5,50,bid,FlawlessFlatbreads,DiligentDonuts,14822175
2026-07-10T05:01:48.576783,2026-07-10T05:01:48.585510+00:00,103.5,44,bid,CostlyCorianders,DiligentDonuts,14822207
2026-07-10T05:01:48.632558,2026-07-10T05:01:48.644623+00:00,103.4,47,ask,EarnestEspressos,CostlyCorianders,14822210
2026-07-10T05:01:48.645664,2026-07-10T05:01:48.663728+00:00,103.5,3,bid,Zijin Tang,DiligentDonuts,14822212
2026-07-10T05:01:48.645664,2026-07-10T05:01:48.663728+00:00,103.5,2,bid,Zijin Tang,Xinhong Shan,14822213
2026-07-10T05:01:48.862217,2026-07-10T05:01:48.873586+00:00,103.5,4,bid,Zijin Tang,Xinhong Shan,14822215
2026-07-10T05:01:48.945941,2026-07-10T05:01:48.953050+00:00,103.4,50,ask,EarnestEspressos,FlawlessFlatbreads,14822217
2026-07-10T05:01:49.966837,2026-07-10T05:01:49.978047+00:00,103.8,3,ask,Zijin Tang,Xuanyu Liu,14822240
2026-07-10T05:01:50.009781,2026-07-10T05:01:50.019417+00:00,103.8,4,ask,Xinhong Shan,Zijin Tang,14822244
2026-07-10T05:01:50.866843,2026-07-10T05:01:50.874190+00:00,103.8,4,ask,Xinhong Shan,Zijin Tang,14822259
2026-07-10T05:01:51.055125,2026-07-10T05:01:51.067397+00:00,103.7,50,ask,DiligentDonuts,FlawlessFlatbreads,14822262
2026-07-10T05:01:51.625719,2026-07-10T05:01:51.637535+00:00,103.8,3,ask,Zijin Tang,EarnestEspressos,14822277
2026-07-10T05:01:51.703890,2026-07-10T05:01:51.715721+00:00,103.8,3,bid,Zijin Tang,EarnestEspressos,14822282
2026-07-10T05:01:51.913278,2026-07-10T05:01:51.925451+00:00,103.8,3,bid,Zijin Tang,EarnestEspressos,14822286
2026-07-10T05:01:52.122508,2026-07-10T05:01:52.134297+00:00,103.8,3,bid,Zijin Tang,EarnestEspressos,14822288
2026-07-10T05:01:52.429322,2026-07-10T05:01:52.437882+00:00,103.8,3,bid,Zijin Tang,EarnestEspressos,14822298
2026-07-10T05:01:52.705308,2026-07-10T05:01:52.716229+00:00,103.8,3,bid,Zijin Tang,EarnestEspressos,14822303
2026-07-10T05:01:52.962955,2026-07-10T05:01:52.976813+00:00,103.8,44,bid,CostlyCorianders,EarnestEspressos,14822314
2026-07-10T05:01:52.979305,2026-07-10T05:01:52.987290+00:00,103.8,3,bid,Zijin Tang,EarnestEspressos,14822316
2026-07-10T05:01:53.165042,2026-07-10T05:01:53.177203+00:00,103.7,4,ask,Xinhong Shan,FlawlessFlatbreads,14822318
2026-07-10T05:01:53.165042,2026-07-10T05:01:53.177203+00:00,103.5,46,ask,DiligentDonuts,FlawlessFlatbreads,14822319
2026-07-10T05:01:55.217913,2026-07-10T05:01:55.229686+00:00,103.8,4,bid,CostlyCorianders,Xinhong Shan,14822362
2026-07-10T05:01:55.849414,2026-07-10T05:01:55.858573+00:00,103.6,40,ask,EarnestEspressos,CostlyCorianders,14822383
2026-07-10T05:01:57.334320,2026-07-10T05:01:57.345654+00:00,103.9,1,bid,FlawlessFlatbreads,Kelvin Chan,14822411
2026-07-10T05:01:57.334320,2026-07-10T05:01:57.345654+00:00,103.9,49,bid,FlawlessFlatbreads,DiligentDonuts,14822412
2026-07-10T05:01:57.468753,2026-07-10T05:01:57.480743+00:00,103.6,43,ask,EarnestEspressos,CostlyCorianders,14822417
2026-07-10T05:01:57.979579,2026-07-10T05:01:57.989400+00:00,103.6,4,ask,Xinhong Shan,EarnestEspressos,14822424
2026-07-10T05:01:57.979579,2026-07-10T05:01:57.989400+00:00,103.6,3,ask,Zijin Tang,EarnestEspressos,14822425
2026-07-10T05:01:59.494499,2026-07-10T05:01:59.507033+00:00,103.4,4,ask,Xinhong Shan,FlawlessFlatbreads,14822453
2026-07-10T05:01:59.494499,2026-07-10T05:01:59.507033+00:00,103.4,3,ask,Zijin Tang,FlawlessFlatbreads,14822454
2026-07-10T05:01:59.494499,2026-07-10T05:01:59.507033+00:00,103.3,43,ask,DiligentDonuts,FlawlessFlatbreads,14822455
2026-07-10T05:01:59.677614,2026-07-10T05:01:59.688862+00:00,103.6,3,bid,Zijin Tang,EarnestEspressos,14822457
2026-07-10T05:01:59.960064,2026-07-10T05:01:59.969557+00:00,103.6,3,bid,Zijin Tang,EarnestEspressos,14822473
2026-07-10T05:02:00.249931,2026-07-10T05:02:00.254126+00:00,103.6,3,bid,Zijin Tang,EarnestEspressos,14822482
2026-07-10T05:02:00.541497,2026-07-10T05:02:00.550776+00:00,103.6,3,bid,Zijin Tang,EarnestEspressos,14822488
2026-07-10T05:02:00.828841,2026-07-10T05:02:00.836241+00:00,103.6,3,bid,Zijin Tang,EarnestEspressos,14822491
2026-07-10T05:02:01.109277,2026-07-10T05:02:01.117262+00:00,103.6,3,bid,Zijin Tang,Xinhong Shan,14822502
2026-07-10T05:02:01.388159,2026-07-10T05:02:01.398150+00:00,103.6,3,bid,Zijin Tang,Xinhong Shan,14822509
2026-07-10T05:02:01.561114,2026-07-10T05:02:01.569330+00:00,103.6,1,bid,FlawlessFlatbreads,Xinhong Shan,14822510
2026-07-10T05:02:01.561114,2026-07-10T05:02:01.574605+00:00,103.7,49,bid,CostlyCorianders,EarnestEspressos,14822511
2026-07-10T05:02:01.859455,2026-07-10T05:02:01.868998+00:00,103.7,49,bid,FlawlessFlatbreads,EarnestEspressos,14822518
2026-07-10T05:02:02.452422,2026-07-10T05:02:02.464686+00:00,103.7,45,bid,CostlyCorianders,EarnestEspressos,14822530
2026-07-10T05:02:02.749362,2026-07-10T05:02:02.759903+00:00,103.6,3,ask,Zijin Tang,Xuanyu Liu,14822540
2026-07-10T05:02:02.959874,2026-07-10T05:02:02.969843+00:00,103.6,3,ask,Zijin Tang,Xuanyu Liu,14822546
2026-07-10T05:02:03.214772,2026-07-10T05:02:03.224190+00:00,103.5,4,ask,Xinhong Shan,Zijin Tang,14822554
2026-07-10T05:02:04.272385,2026-07-10T05:02:04.281463+00:00,103.6,5,ask,EarnestEspressos,Xuanyu Liu,14822571
2026-07-10T05:02:04.301256,2026-07-10T05:02:04.312643+00:00,103.6,10,ask,EarnestEspressos,Zijin Tang,14822574
2026-07-10T05:02:04.514589,2026-07-10T05:02:04.526634+00:00,103.6,10,ask,EarnestEspressos,Zijin Tang,14822579
2026-07-10T05:02:04.731274,2026-07-10T05:02:04.743126+00:00,103.6,10,ask,EarnestEspressos,Zijin Tang,14822585
2026-07-10T05:02:04.945477,2026-07-10T05:02:04.953404+00:00,103.6,10,ask,EarnestEspressos,Zijin Tang,14822590
2026-07-10T05:02:05.073982,2026-07-10T05:02:05.084804+00:00,103.6,100,ask,EarnestEspressos,DiligentDonuts,14822593
2026-07-10T05:02:05.160177,2026-07-10T05:02:05.172579+00:00,103.6,5,ask,EarnestEspressos,Zijin Tang,14822594
2026-07-10T05:02:05.160177,2026-07-10T05:02:05.172579+00:00,103.6,4,ask,Xinhong Shan,Zijin Tang,14822595
2026-07-10T05:02:07.772564,2026-07-10T05:02:07.780951+00:00,103.2,4,ask,Xinhong Shan,CostlyCorianders,14822640
2026-07-10T05:02:07.772564,2026-07-10T05:02:07.780951+00:00,103.2,38,ask,EarnestEspressos,CostlyCorianders,14822641
2026-07-10T05:02:07.885895,2026-07-10T05:02:07.893247+00:00,103.7,4,bid,FlawlessFlatbreads,Xinhong Shan,14822643
2026-07-10T05:02:07.885895,2026-07-10T05:02:07.898367+00:00,103.7,46,bid,FlawlessFlatbreads,EarnestEspressos,14822644
2026-07-10T05:02:08.357677,2026-07-10T05:02:08.369880+00:00,103.5,46,ask,DiligentDonuts,CostlyCorianders,14822657
2026-07-10T05:02:08.885588,2026-07-10T05:02:08.897983+00:00,103.7,43,bid,CostlyCorianders,EarnestEspressos,14822666
2026-07-10T05:02:09.865743,2026-07-10T05:02:09.876917+00:00,103.6,4,ask,Xinhong Shan,Zijin Tang,14822696
2026-07-10T05:02:09.997065,2026-07-10T05:02:10.008900+00:00,103.7,50,bid,FlawlessFlatbreads,EarnestEspressos,14822699
2026-07-10T05:02:10.078111,2026-07-10T05:02:10.090100+00:00,103.5,5,ask,DiligentDonuts,Zijin Tang,14822702
2026-07-10T05:02:10.294811,2026-07-10T05:02:10.306922+00:00,103.5,5,ask,DiligentDonuts,Zijin Tang,14822709
2026-07-10T05:02:10.523582,2026-07-10T05:02:10.531536+00:00,103.5,5,ask,DiligentDonuts,Zijin Tang,14822714
2026-07-10T05:02:10.569846,2026-07-10T05:02:10.582403+00:00,103.7,4,bid,CostlyCorianders,Xinhong Shan,14822716
2026-07-10T05:02:10.569846,2026-07-10T05:02:10.582403+00:00,103.9,2,bid,CostlyCorianders,Kelvin Chan,14822717
2026-07-10T05:02:10.735672,2026-07-10T05:02:10.747908+00:00,103.5,5,ask,DiligentDonuts,Zijin Tang,14822722
2026-07-10T05:02:10.950948,2026-07-10T05:02:10.953041+00:00,103.5,4,ask,DiligentDonuts,Zijin Tang,14822729
2026-07-10T05:02:11.031797,2026-07-10T05:02:11.044082+00:00,103.5,30,ask,DiligentDonuts,CostlyCorianders,14822734
2026-07-10T05:02:11.031797,2026-07-10T05:02:11.044082+00:00,103.5,4,ask,Xinhong Shan,CostlyCorianders,14822735
2026-07-10T05:02:11.031797,2026-07-10T05:02:11.044082+00:00,103.4,12,ask,EarnestEspressos,CostlyCorianders,14822736
2026-07-10T05:02:12.104678,2026-07-10T05:02:12.116724+00:00,103.6,50,bid,FlawlessFlatbreads,DiligentDonuts,14822746
2026-07-10T05:02:12.648737,2026-07-10T05:02:12.664074+00:00,103.5,2,ask,Kelvin Chan,Zijin Tang,14822762
2026-07-10T05:02:13.589148,2026-07-10T05:02:13.598299+00:00,103.6,47,bid,CostlyCorianders,DiligentDonuts,14822777
2026-07-10T05:02:14.265711,2026-07-10T05:02:14.271287+00:00,103.4,2,ask,Kelvin Chan,FlawlessFlatbreads,14822791
2026-07-10T05:02:14.265711,2026-07-10T05:02:14.271287+00:00,103.4,4,ask,Xinhong Shan,FlawlessFlatbreads,14822792
2026-07-10T05:02:14.265711,2026-07-10T05:02:14.276472+00:00,103.4,44,ask,EarnestEspressos,FlawlessFlatbreads,14822793
2026-07-10T05:02:14.529126,2026-07-10T05:02:14.539066+00:00,103.4,47,ask,EarnestEspressos,CostlyCorianders,14822801
2026-07-10T05:02:17.559523,2026-07-10T05:02:17.571133+00:00,103.5,11,bid,Xuanyu Liu,EarnestEspressos,14822859
2026-07-10T05:02:17.685892,2026-07-10T05:02:17.698079+00:00,103.5,100,bid,DiligentDonuts,EarnestEspressos,14822865
2026-07-10T05:02:18.427566,2026-07-10T05:02:18.439537+00:00,103.5,39,bid,FlawlessFlatbreads,EarnestEspressos,14822889
2026-07-10T05:02:18.427566,2026-07-10T05:02:18.439537+00:00,103.5,4,bid,FlawlessFlatbreads,Xinhong Shan,14822890
2026-07-10T05:02:18.427566,2026-07-10T05:02:18.439537+00:00,103.8,2,bid,FlawlessFlatbreads,Kelvin Chan,14822891
2026-07-10T05:02:18.427566,2026-07-10T05:02:18.444821+00:00,104.0,5,bid,FlawlessFlatbreads,DiligentDonuts,14822892
2026-07-10T05:02:20.104668,2026-07-10T05:02:20.116135+00:00,103.7,11,ask,EarnestEspressos,Xuanyu Liu,14822921
2026-07-10T05:02:20.592792,2026-07-10T05:02:20.600488+00:00,103.8,3,ask,Zijin Tang,DiligentDonuts,14822929
2026-07-10T05:02:20.592792,2026-07-10T05:02:20.605774+00:00,103.7,47,ask,EarnestEspressos,FlawlessFlatbreads,14822930
2026-07-10T05:02:20.917099,2026-07-10T05:02:20.925267+00:00,103.8,3,ask,Zijin Tang,FlawlessFlatbreads,14822934
2026-07-10T05:02:20.917099,2026-07-10T05:02:20.930540+00:00,103.8,4,ask,Xinhong Shan,DiligentDonuts,14822935
2026-07-10T05:02:20.950675,2026-07-10T05:02:20.964064+00:00,103.7,5,ask,EarnestEspressos,Zijin Tang,14822936
2026-07-10T05:02:21.181427,2026-07-10T05:02:21.189645+00:00,103.8,3,bid,Zijin Tang,DiligentDonuts,14822940
2026-07-10T05:02:21.443007,2026-07-10T05:02:21.452623+00:00,103.8,3,bid,Zijin Tang,DiligentDonuts,14822948
2026-07-10T05:02:21.657106,2026-07-10T05:02:21.663796+00:00,103.8,3,bid,Zijin Tang,DiligentDonuts,14822953
2026-07-10T05:02:21.872797,2026-07-10T05:02:21.882011+00:00,103.8,3,bid,Zijin Tang,DiligentDonuts,14822957
2026-07-10T05:02:22.090339,2026-07-10T05:02:22.100801+00:00,103.8,3,bid,Zijin Tang,DiligentDonuts,14822959
2026-07-10T05:02:22.306220,2026-07-10T05:02:22.318131+00:00,103.8,3,bid,Zijin Tang,DiligentDonuts,14822964
2026-07-10T05:02:22.519530,2026-07-10T05:02:22.528749+00:00,103.8,3,bid,Zijin Tang,DiligentDonuts,14822973
2026-07-10T05:02:22.701406,2026-07-10T05:02:22.708630+00:00,103.7,50,ask,EarnestEspressos,FlawlessFlatbreads,14822975
2026-07-10T05:02:22.733155,2026-07-10T05:02:22.742503+00:00,103.8,3,bid,Zijin Tang,DiligentDonuts,14822976
2026-07-10T05:02:22.932570,2026-07-10T05:02:22.940920+00:00,103.8,40,bid,CostlyCorianders,DiligentDonuts,14822983
2026-07-10T05:02:22.947533,2026-07-10T05:02:22.956546+00:00,103.8,3,bid,Zijin Tang,DiligentDonuts,14822984
2026-07-10T05:02:23.010006,2026-07-10T05:02:23.021439+00:00,103.8,11,bid,Xuanyu Liu,DiligentDonuts,14822986
2026-07-10T05:02:23.247192,2026-07-10T05:02:23.247240+00:00,103.8,3,bid,Zijin Tang,DiligentDonuts,14822993
2026-07-10T05:02:23.528264,2026-07-10T05:02:23.540017+00:00,103.8,3,bid,Zijin Tang,DiligentDonuts,14822997
2026-07-10T05:02:23.801260,2026-07-10T05:02:23.809055+00:00,103.8,3,bid,Zijin Tang,DiligentDonuts,14823006
2026-07-10T05:02:24.031217,2026-07-10T05:02:24.043107+00:00,103.8,4,bid,DiligentDonuts,Xinhong Shan,14823013
2026-07-10T05:02:24.219893,2026-07-10T05:02:24.229963+00:00,103.8,11,ask,DiligentDonuts,Xuanyu Liu,14823018
2026-07-10T05:02:24.337453,2026-07-10T05:02:24.347380+00:00,103.8,10,ask,DiligentDonuts,Zijin Tang,14823022
2026-07-10T05:02:24.382209,2026-07-10T05:02:24.389753+00:00,104.1,44,bid,CostlyCorianders,EarnestEspressos,14823026
2026-07-10T05:02:24.550096,2026-07-10T05:02:24.558590+00:00,103.8,10,ask,DiligentDonuts,Zijin Tang,14823031
2026-07-10T05:02:24.766268,2026-07-10T05:02:24.778630+00:00,103.8,7,ask,DiligentDonuts,Zijin Tang,14823034
2026-07-10T05:02:24.808756,2026-07-10T05:02:24.820741+00:00,103.8,50,ask,DiligentDonuts,FlawlessFlatbreads,14823037
2026-07-10T05:02:28.119670,2026-07-10T05:02:28.129983+00:00,103.9,11,bid,Xuanyu Liu,DiligentDonuts,14823113
2026-07-10T05:02:28.886988,2026-07-10T05:02:28.898886+00:00,103.9,44,bid,CostlyCorianders,DiligentDonuts,14823124
2026-07-10T05:02:29.210644,2026-07-10T05:02:29.221194+00:00,103.8,3,ask,Xinhong Shan,Zijin Tang,14823132
2026-07-10T05:02:29.438348,2026-07-10T05:02:29.448289+00:00,103.8,1,ask,Xinhong Shan,Xuanyu Liu,14823135
2026-07-10T05:02:31.162414,2026-07-10T05:02:31.174668+00:00,103.6,5,ask,Kelvin Chan,CostlyCorianders,14823167
2026-07-10T05:02:31.162414,2026-07-10T05:02:31.174668+00:00,103.6,4,ask,Xinhong Shan,CostlyCorianders,14823168
2026-07-10T05:02:31.162414,2026-07-10T05:02:31.174668+00:00,103.6,3,ask,Zijin Tang,FlawlessFlatbreads,14823169
2026-07-10T05:02:31.162414,2026-07-10T05:02:31.180016+00:00,103.5,36,ask,EarnestEspressos,CostlyCorianders,14823170
2026-07-10T05:02:31.185942,2026-07-10T05:02:31.201105+00:00,103.6,3,ask,Zijin Tang,CostlyCorianders,14823173
2026-07-10T05:02:31.185942,2026-07-10T05:02:31.201105+00:00,103.5,47,ask,EarnestEspressos,FlawlessFlatbreads,14823174
2026-07-10T05:02:33.246519,2026-07-10T05:02:33.258234+00:00,103.8,50,bid,FlawlessFlatbreads,EarnestEspressos,14823223
2026-07-10T05:02:34.818323,2026-07-10T05:02:34.826163+00:00,103.6,3,ask,Xinhong Shan,Zijin Tang,14823254
2026-07-10T05:02:35.355221,2026-07-10T05:02:35.369073+00:00,103.8,50,bid,FlawlessFlatbreads,EarnestEspressos,14823260
2026-07-10T05:02:37.321777,2026-07-10T05:02:37.333322+00:00,103.6,5,ask,Xinhong Shan,Xuanyu Liu,14823291
2026-07-10T05:02:37.321777,2026-07-10T05:02:37.333322+00:00,103.6,3,ask,Zijin Tang,Xuanyu Liu,14823292
2026-07-10T05:02:38.441566,2026-07-10T05:02:38.448780+00:00,103.5,42,ask,EarnestEspressos,CostlyCorianders,14823308
2026-07-10T05:02:39.627196,2026-07-10T05:02:39.658583+00:00,103.5,5,ask,Xinhong Shan,FlawlessFlatbreads,14823332
2026-07-10T05:02:39.627196,2026-07-10T05:02:39.658583+00:00,103.4,45,ask,DiligentDonuts,FlawlessFlatbreads,14823333
2026-07-10T05:02:39.948644,2026-07-10T05:02:39.960384+00:00,103.6,9,bid,Xuanyu Liu,DiligentDonuts,14823339
2026-07-10T05:02:40.083220,2026-07-10T05:02:40.095074+00:00,103.6,49,bid,CostlyCorianders,DiligentDonuts,14823342
2026-07-10T05:02:40.728842,2026-07-10T05:02:40.735939+00:00,103.6,3,bid,Zijin Tang,DiligentDonuts,14823348
2026-07-10T05:02:40.947638,2026-07-10T05:02:40.958609+00:00,103.6,3,bid,Zijin Tang,DiligentDonuts,14823352
2026-07-10T05:02:41.164082,2026-07-10T05:02:41.175542+00:00,103.6,3,bid,Zijin Tang,DiligentDonuts,14823357
2026-07-10T05:02:41.432962,2026-07-10T05:02:41.440834+00:00,103.6,3,bid,Zijin Tang,DiligentDonuts,14823364
2026-07-10T05:02:41.701760,2026-07-10T05:02:41.712769+00:00,103.6,3,bid,Zijin Tang,DiligentDonuts,14823369
2026-07-10T05:02:41.741438,2026-07-10T05:02:41.749704+00:00,103.5,2,ask,Kelvin Chan,FlawlessFlatbreads,14823370
2026-07-10T05:02:41.741438,2026-07-10T05:02:41.754911+00:00,103.5,5,ask,Xinhong Shan,FlawlessFlatbreads,14823371
2026-07-10T05:02:41.741438,2026-07-10T05:02:41.754911+00:00,103.2,43,ask,EarnestEspressos,FlawlessFlatbreads,14823372
2026-07-10T05:02:43.226756,2026-07-10T05:02:43.238741+00:00,103.6,3,bid,Zijin Tang,Xinhong Shan,14823396
2026-07-10T05:02:43.498548,2026-07-10T05:02:43.505132+00:00,103.6,2,bid,Zijin Tang,Xinhong Shan,14823404
2026-07-10T05:02:43.770720,2026-07-10T05:02:43.784366+00:00,103.6,5,ask,Xinhong Shan,Zijin Tang,14823414
2026-07-10T05:02:43.882684,2026-07-10T05:02:43.891657+00:00,103.5,50,ask,DiligentDonuts,FlawlessFlatbreads,14823420
2026-07-10T05:02:44.371793,2026-07-10T05:02:44.384386+00:00,103.6,3,ask,Zijin Tang,CostlyCorianders,14823434
2026-07-10T05:02:44.371793,2026-07-10T05:02:44.384386+00:00,103.5,37,ask,DiligentDonuts,CostlyCorianders,14823435
2026-07-10T05:02:44.700671,2026-07-10T05:02:44.707962+00:00,103.6,5,ask,Xinhong Shan,Zijin Tang,14823438
2026-07-10T05:02:45.027914,2026-07-10T05:02:45.035548+00:00,103.7,48,bid,CostlyCorianders,EarnestEspressos,14823447
2026-07-10T05:02:45.560068,2026-07-10T05:02:45.572325+00:00,103.6,3,ask,Zijin Tang,Xuanyu Liu,14823463
2026-07-10T05:02:46.647714,2026-07-10T05:02:46.658548+00:00,103.6,3,ask,Zijin Tang,CostlyCorianders,14823479
2026-07-10T05:02:46.647714,2026-07-10T05:02:46.658548+00:00,103.5,4,ask,Kelvin Chan,CostlyCorianders,14823480
2026-07-10T05:02:46.647714,2026-07-10T05:02:46.658548+00:00,103.5,5,ask,Xinhong Shan,CostlyCorianders,14823481
2026-07-10T05:02:46.647714,2026-07-10T05:02:46.658548+00:00,103.4,37,ask,EarnestEspressos,CostlyCorianders,14823482
2026-07-10T05:02:47.175851,2026-07-10T05:02:47.188384+00:00,103.4,49,ask,EarnestEspressos,CostlyCorianders,14823490
2026-07-10T05:02:48.156925,2026-07-10T05:02:48.164717+00:00,103.6,5,ask,Xinhong Shan,FlawlessFlatbreads,14823508
2026-07-10T05:02:48.156925,2026-07-10T05:02:48.169756+00:00,103.5,4,ask,Kelvin Chan,FlawlessFlatbreads,14823509
2026-07-10T05:02:48.156925,2026-07-10T05:02:48.169756+00:00,103.4,41,ask,EarnestEspressos,FlawlessFlatbreads,14823510
2026-07-10T05:02:48.696101,2026-07-10T05:02:48.708877+00:00,103.4,6,bid,Xuanyu Liu,EarnestEspressos,14823523
2026-07-10T05:02:48.820411,2026-07-10T05:02:48.831861+00:00,103.4,5,bid,Zijin Tang,EarnestEspressos,14823531
2026-07-10T05:02:49.089900,2026-07-10T05:02:49.101356+00:00,103.4,5,bid,Zijin Tang,EarnestEspressos,14823535
2026-07-10T05:02:49.160211,2026-07-10T05:02:49.170027+00:00,103.4,4,bid,Kelvin Chan,EarnestEspressos,14823538
2026-07-10T05:02:49.296990,2026-07-10T05:02:49.308624+00:00,103.4,4,bid,Kelvin Chan,EarnestEspressos,14823545
2026-07-10T05:02:49.342952,2026-07-10T05:02:49.358640+00:00,103.4,4,bid,Kelvin Chan,EarnestEspressos,14823546
2026-07-10T05:02:49.366248,2026-07-10T05:02:49.375429+00:00,103.4,5,bid,Zijin Tang,EarnestEspressos,14823551
2026-07-10T05:02:49.638601,2026-07-10T05:02:49.646164+00:00,103.4,5,bid,Zijin Tang,EarnestEspressos,14823558
2026-07-10T05:02:49.915025,2026-07-10T05:02:49.922524+00:00,103.4,5,bid,Zijin Tang,EarnestEspressos,14823562
2026-07-10T05:02:50.182086,2026-07-10T05:02:50.192520+00:00,103.4,3,bid,Kelvin Chan,EarnestEspressos,14823566
2026-07-10T05:02:50.199454,2026-07-10T05:02:50.208233+00:00,103.4,5,bid,Zijin Tang,EarnestEspressos,14823569
2026-07-10T05:02:50.272753,2026-07-10T05:02:50.284929+00:00,103.3,50,ask,DiligentDonuts,FlawlessFlatbreads,14823574
2026-07-10T05:02:50.318700,2026-07-10T05:02:50.329570+00:00,103.4,3,bid,Kelvin Chan,EarnestEspressos,14823576
2026-07-10T05:02:50.411692,2026-07-10T05:02:50.424116+00:00,103.4,3,bid,Kelvin Chan,EarnestEspressos,14823579
2026-07-10T05:02:50.417117,2026-07-10T05:02:50.424116+00:00,103.4,5,bid,Zijin Tang,EarnestEspressos,14823580
2026-07-10T05:02:50.501001,2026-07-10T05:02:50.511500+00:00,103.4,3,bid,Kelvin Chan,EarnestEspressos,14823583
2026-07-10T05:02:50.654239,2026-07-10T05:02:50.663645+00:00,103.4,10,bid,Zijin Tang,EarnestEspressos,14823590
2026-07-10T05:02:50.688497,2026-07-10T05:02:50.695605+00:00,103.4,10,bid,Weiqing Shi,EarnestEspressos,14823594
2026-07-10T05:02:50.772977,2026-07-10T05:02:50.785126+00:00,103.4,44,bid,CostlyCorianders,EarnestEspressos,14823597
2026-07-10T05:02:50.916836,2026-07-10T05:02:50.923698+00:00,103.4,10,bid,Weiqing Shi,EarnestEspressos,14823601
2026-07-10T05:02:50.956660,2026-07-10T05:02:50.954450+00:00,103.4,10,bid,Zijin Tang,EarnestEspressos,14823606
2026-07-10T05:02:51.191628,2026-07-10T05:02:51.200400+00:00,103.4,1,bid,Kelvin Chan,EarnestEspressos,14823615
2026-07-10T05:02:51.191628,2026-07-10T05:02:51.200400+00:00,103.4,3,bid,Kelvin Chan,Xinhong Shan,14823616
2026-07-10T05:02:51.199303,2026-07-10T05:02:51.210845+00:00,103.4,2,bid,Weiqing Shi,Xinhong Shan,14823617
2026-07-10T05:02:51.785382,2026-07-10T05:02:51.795134+00:00,103.3,1,ask,DiligentDonuts,Zijin Tang,14823631
2026-07-10T05:02:51.874597,2026-07-10T05:02:51.882839+00:00,103.6,41,ask,EarnestEspressos,CostlyCorianders,14823638
2026-07-10T05:02:52.386677,2026-07-10T05:02:52.396062+00:00,103.6,50,ask,EarnestEspressos,FlawlessFlatbreads,14823650
2026-07-10T05:02:53.208022,2026-07-10T05:02:53.219148+00:00,103.7,10,bid,Zijin Tang,DiligentDonuts,14823672
2026-07-10T05:02:53.228419,2026-07-10T05:02:53.240265+00:00,103.7,10,bid,Weiqing Shi,DiligentDonuts,14823675
2026-07-10T05:02:53.421426,2026-07-10T05:02:53.432753+00:00,103.7,10,bid,Zijin Tang,DiligentDonuts,14823680
2026-07-10T05:02:53.494059,2026-07-10T05:02:53.504310+00:00,103.7,10,bid,Weiqing Shi,DiligentDonuts,14823684
2026-07-10T05:02:53.635111,2026-07-10T05:02:53.646536+00:00,103.7,10,bid,Zijin Tang,DiligentDonuts,14823686
2026-07-10T05:02:53.757552,2026-07-10T05:02:53.768150+00:00,103.7,10,bid,Zijin Tang,DiligentDonuts,14823693
2026-07-10T05:02:53.848212,2026-07-10T05:02:53.863992+00:00,103.7,10,bid,Weiqing Shi,DiligentDonuts,14823699
2026-07-10T05:02:54.021063,2026-07-10T05:02:54.032006+00:00,103.7,10,bid,Zijin Tang,DiligentDonuts,14823705
2026-07-10T05:02:54.062421,2026-07-10T05:02:54.073112+00:00,103.7,10,bid,Zijin Tang,DiligentDonuts,14823707
2026-07-10T05:02:54.281309,2026-07-10T05:02:54.297901+00:00,103.7,10,bid,Weiqing Shi,DiligentDonuts,14823714
2026-07-10T05:02:54.285280,2026-07-10T05:02:54.297901+00:00,103.7,5,bid,Weiqing Shi,Xinhong Shan,14823715
2026-07-10T05:02:54.442660,2026-07-10T05:02:54.458588+00:00,104.1,50,bid,FlawlessFlatbreads,EarnestEspressos,14823718
2026-07-10T05:02:56.608242,2026-07-10T05:02:56.617251+00:00,103.6,50,ask,DiligentDonuts,FlawlessFlatbreads,14823768
2026-07-10T05:02:56.679232,2026-07-10T05:02:56.690634+00:00,104.0,49,bid,CostlyCorianders,EarnestEspressos,14823771
2026-07-10T05:02:58.417388,2026-07-10T05:02:58.427248+00:00,103.9,3,ask,EarnestEspressos,Xuanyu Liu,14823809
2026-07-10T05:02:58.439036,2026-07-10T05:02:58.447695+00:00,103.9,5,ask,EarnestEspressos,Zijin Tang,14823811
2026-07-10T05:02:58.552630,2026-07-10T05:02:58.565221+00:00,103.9,10,ask,EarnestEspressos,Weiqing Shi,14823815
2026-07-10T05:02:58.651078,2026-07-10T05:02:58.663834+00:00,103.9,5,ask,EarnestEspressos,Zijin Tang,14823818
2026-07-10T05:02:58.726158,2026-07-10T05:02:58.733974+00:00,103.9,50,ask,EarnestEspressos,FlawlessFlatbreads,14823821
2026-07-10T05:02:58.818856,2026-07-10T05:02:58.831595+00:00,103.9,10,ask,EarnestEspressos,Weiqing Shi,14823824
2026-07-10T05:02:58.867659,2026-07-10T05:02:58.879619+00:00,103.9,5,ask,EarnestEspressos,Zijin Tang,14823827
2026-07-10T05:02:58.981445,2026-07-10T05:02:58.991108+00:00,103.9,62,ask,EarnestEspressos,DiligentDonuts,14823832
2026-07-10T05:02:58.981445,2026-07-10T05:02:58.991108+00:00,103.9,5,ask,Xinhong Shan,DiligentDonuts,14823833
2026-07-10T05:02:59.341612,2026-07-10T05:02:59.351088+00:00,103.8,5,bid,CostlyCorianders,Xinhong Shan,14823840
2026-07-10T05:02:59.341612,2026-07-10T05:02:59.351088+00:00,103.8,3,bid,CostlyCorianders,Zijin Tang,14823841
2026-07-10T05:02:59.341612,2026-07-10T05:02:59.356348+00:00,103.9,33,bid,CostlyCorianders,DiligentDonuts,14823842
2026-07-10T05:03:00.848161,2026-07-10T05:03:00.868690+00:00,103.4,5,ask,Kelvin Chan,FlawlessFlatbreads,14823874
2026-07-10T05:03:00.848161,2026-07-10T05:03:00.868690+00:00,103.4,45,ask,DiligentDonuts,FlawlessFlatbreads,14823875
2026-07-10T05:03:01.335311,2026-07-10T05:03:01.358859+00:00,103.4,55,ask,DiligentDonuts,EarnestEspressos,14823887
2026-07-10T05:03:01.335311,2026-07-10T05:03:01.358859+00:00,103.4,5,ask,Xinhong Shan,EarnestEspressos,14823888
2026-07-10T05:03:01.348798,2026-07-10T05:03:01.358859+00:00,103.4,3,bid,Xuanyu Liu,EarnestEspressos,14823889
2026-07-10T05:03:01.693733,2026-07-10T05:03:01.700823+00:00,103.4,6,bid,Kelvin Chan,EarnestEspressos,14823892
2026-07-10T05:03:01.904727,2026-07-10T05:03:01.915160+00:00,103.4,5,bid,Zijin Tang,EarnestEspressos,14823895
2026-07-10T05:03:02.120477,2026-07-10T05:03:02.129341+00:00,103.4,5,bid,FlawlessFlatbreads,Xinhong Shan,14823903
2026-07-10T05:03:02.335053,2026-07-10T05:03:02.345124+00:00,103.4,5,bid,Zijin Tang,EarnestEspressos,14823905
2026-07-10T05:03:02.549774,2026-07-10T05:03:02.558616+00:00,103.4,10,bid,Weiqing Shi,EarnestEspressos,14823909
2026-07-10T05:03:02.607763,2026-07-10T05:03:02.615206+00:00,103.4,10,bid,Zijin Tang,EarnestEspressos,14823911
2026-07-10T05:03:02.693316,2026-07-10T05:03:02.705277+00:00,103.4,6,bid,Kelvin Chan,EarnestEspressos,14823912
2026-07-10T05:03:02.767171,2026-07-10T05:03:02.776931+00:00,103.4,10,bid,Weiqing Shi,EarnestEspressos,14823914
2026-07-10T05:03:02.870110,2026-07-10T05:03:02.880856+00:00,103.4,10,bid,Zijin Tang,EarnestEspressos,14823916
2026-07-10T05:03:02.907342,2026-07-10T05:03:02.915658+00:00,103.4,20,bid,FlawlessFlatbreads,EarnestEspressos,14823919
2026-07-10T05:03:02.907342,2026-07-10T05:03:02.915658+00:00,103.4,5,bid,Zijin Tang,EarnestEspressos,14823920
2026-07-10T05:03:02.907342,2026-07-10T05:03:02.921095+00:00,103.8,25,bid,FlawlessFlatbreads,DiligentDonuts,14823921
2026-07-10T05:03:04.351384,2026-07-10T05:03:04.363932+00:00,103.4,5,ask,Xinhong Shan,CostlyCorianders,14823949
2026-07-10T05:03:04.351384,2026-07-10T05:03:04.363932+00:00,103.4,5,ask,Kelvin Chan,CostlyCorianders,14823950
2026-07-10T05:03:04.351384,2026-07-10T05:03:04.363932+00:00,103.3,38,ask,DiligentDonuts,CostlyCorianders,14823951
2026-07-10T05:03:04.986692,2026-07-10T05:03:04.996598+00:00,103.6,14,ask,EarnestEspressos,Xuanyu Liu,14823967
2026-07-10T05:03:05.128996,2026-07-10T05:03:05.141041+00:00,103.6,10,ask,EarnestEspressos,Zijin Tang,14823972
2026-07-10T05:03:05.159764,2026-07-10T05:03:05.167575+00:00,103.6,10,ask,EarnestEspressos,Zijin Tang,14823974
2026-07-10T05:03:05.308557,2026-07-10T05:03:05.320445+00:00,103.6,100,ask,EarnestEspressos,DiligentDonuts,14823977
2026-07-10T05:03:05.378206,2026-07-10T05:03:05.389948+00:00,103.6,10,ask,EarnestEspressos,Weiqing Shi,14823981
2026-07-10T05:03:05.393507,2026-07-10T05:03:05.400313+00:00,103.6,6,ask,EarnestEspressos,Weiqing Shi,14823983
2026-07-10T05:03:05.393507,2026-07-10T05:03:05.405451+00:00,103.6,4,ask,Xinhong Shan,Weiqing Shi,14823984
2026-07-10T05:03:05.591047,2026-07-10T05:03:05.602988+00:00,103.6,1,ask,Xinhong Shan,Zijin Tang,14823986
2026-07-10T05:03:06.547521,2026-07-10T05:03:06.553462+00:00,103.8,5,bid,CostlyCorianders,Xinhong Shan,14824003
2026-07-10T05:03:06.547521,2026-07-10T05:03:06.553462+00:00,103.8,3,bid,CostlyCorianders,Zijin Tang,14824004
2026-07-10T05:03:06.547521,2026-07-10T05:03:06.553462+00:00,104.1,40,bid,CostlyCorianders,EarnestEspressos,14824005
2026-07-10T05:03:06.964933,2026-07-10T05:03:06.976915+00:00,103.7,1,bid,Xuanyu Liu,Kelvin Chan,14824009
2026-07-10T05:03:07.086048,2026-07-10T05:03:07.095905+00:00,103.7,1,bid,Xuanyu Liu,Kelvin Chan,14824012
2026-07-10T05:03:07.155946,2026-07-10T05:03:07.168218+00:00,104.0,3,bid,FlawlessFlatbreads,Zijin Tang,14824014
2026-07-10T05:03:07.155946,2026-07-10T05:03:07.168218+00:00,104.1,47,bid,FlawlessFlatbreads,EarnestEspressos,14824015
2026-07-10T05:03:07.172358,2026-07-10T05:03:07.183616+00:00,103.4,5,ask,Xinhong Shan,CostlyCorianders,14824018
2026-07-10T05:03:07.172358,2026-07-10T05:03:07.183616+00:00,103.4,5,ask,Kelvin Chan,CostlyCorianders,14824019
2026-07-10T05:03:07.172358,2026-07-10T05:03:07.183616+00:00,103.0,34,ask,DiligentDonuts,CostlyCorianders,14824020
2026-07-10T05:03:09.147546,2026-07-10T05:03:09.154795+00:00,104.0,49,bid,CostlyCorianders,EarnestEspressos,14824054
2026-07-10T05:03:13.504282,2026-07-10T05:03:13.512490+00:00,103.5,40,ask,EarnestEspressos,CostlyCorianders,14824150
2026-07-10T05:03:13.931520,2026-07-10T05:03:13.938414+00:00,103.5,1,ask,Kelvin Chan,Zijin Tang,14824159
2026-07-10T05:03:13.931520,2026-07-10T05:03:13.943587+00:00,103.5,2,ask,Xinhong Shan,Zijin Tang,14824160
2026-07-10T05:03:14.202100,2026-07-10T05:03:14.214236+00:00,103.5,3,ask,EarnestEspressos,Zijin Tang,14824164
2026-07-10T05:03:14.477612,2026-07-10T05:03:14.488106+00:00,103.5,2,ask,Kelvin Chan,Zijin Tang,14824172
2026-07-10T05:03:14.773200,2026-07-10T05:03:14.782179+00:00,103.6,3,ask,DiligentDonuts,Zijin Tang,14824177
2026-07-10T05:03:15.620592,2026-07-10T05:03:15.632659+00:00,103.8,3,bid,FlawlessFlatbreads,Kelvin Chan,14824198
2026-07-10T05:03:15.620592,2026-07-10T05:03:15.632659+00:00,103.8,47,bid,FlawlessFlatbreads,EarnestEspressos,14824199
2026-07-10T05:03:17.153526,2026-07-10T05:03:17.171379+00:00,103.8,5,bid,CostlyCorianders,Xinhong Shan,14824234
2026-07-10T05:03:17.153526,2026-07-10T05:03:17.171379+00:00,103.8,3,bid,CostlyCorianders,Zijin Tang,14824235
2026-07-10T05:03:17.759218,2026-07-10T05:03:17.769106+00:00,104.0,3,bid,FlawlessFlatbreads,Zijin Tang,14824250
2026-07-10T05:03:17.759218,2026-07-10T05:03:17.769106+00:00,104.1,47,bid,FlawlessFlatbreads,DiligentDonuts,14824251
2026-07-10T05:03:19.869865,2026-07-10T05:03:19.881915+00:00,104.0,3,bid,FlawlessFlatbreads,Zijin Tang,14824297
2026-07-10T05:03:19.869865,2026-07-10T05:03:19.881915+00:00,104.0,5,bid,FlawlessFlatbreads,Xinhong Shan,14824298
2026-07-10T05:03:19.869865,2026-07-10T05:03:19.881915+00:00,104.1,42,bid,FlawlessFlatbreads,EarnestEspressos,14824299
2026-07-10T05:03:20.319333,2026-07-10T05:03:20.331700+00:00,103.8,4,bid,EarnestEspressos,Kelvin Chan,14824309
2026-07-10T05:03:20.319333,2026-07-10T05:03:20.331700+00:00,103.8,3,bid,EarnestEspressos,Zijin Tang,14824310
2026-07-10T05:03:20.388010,2026-07-10T05:03:20.395063+00:00,103.8,5,ask,EarnestEspressos,Zijin Tang,14824312
2026-07-10T05:03:20.603892,2026-07-10T05:03:20.615610+00:00,103.8,5,ask,EarnestEspressos,Zijin Tang,14824317
2026-07-10T05:03:20.817145,2026-07-10T05:03:20.829309+00:00,103.8,5,ask,EarnestEspressos,Zijin Tang,14824325
2026-07-10T05:03:21.458796,2026-07-10T05:03:21.470446+00:00,103.8,5,ask,EarnestEspressos,Zijin Tang,14824342
2026-07-10T05:03:21.605306,2026-07-10T05:03:21.617021+00:00,103.9,4,bid,CostlyCorianders,Kelvin Chan,14824347
2026-07-10T05:03:21.605306,2026-07-10T05:03:21.617021+00:00,103.9,5,bid,CostlyCorianders,Xinhong Shan,14824348
2026-07-10T05:03:21.676597,2026-07-10T05:03:21.686201+00:00,103.8,5,ask,EarnestEspressos,Zijin Tang,14824350
2026-07-10T05:03:21.938644,2026-07-10T05:03:21.948469+00:00,103.9,1,bid,Zijin Tang,Kelvin Chan,14824357
2026-07-10T05:03:21.943267,2026-07-10T05:03:21.953748+00:00,103.8,5,ask,EarnestEspressos,Zijin Tang,14824358
2026-07-10T05:03:22.002559,2026-07-10T05:03:22.017237+00:00,103.9,3,bid,FlawlessFlatbreads,Kelvin Chan,14824361
2026-07-10T05:03:22.002559,2026-07-10T05:03:22.017237+00:00,103.9,5,bid,FlawlessFlatbreads,Xinhong Shan,14824362
2026-07-10T05:03:22.002559,2026-07-10T05:03:22.022701+00:00,104.2,42,bid,FlawlessFlatbreads,DiligentDonuts,14824363
2026-07-10T05:03:23.468598,2026-07-10T05:03:23.479854+00:00,103.8,5,ask,Xinhong Shan,Zijin Tang,14824410
2026-07-10T05:03:24.096387,2026-07-10T05:03:24.103483+00:00,103.8,5,ask,Xinhong Shan,Zijin Tang,14824423
2026-07-10T05:03:24.121282,2026-07-10T05:03:24.133454+00:00,104.2,50,bid,FlawlessFlatbreads,DiligentDonuts,14824425
2026-07-10T05:03:24.272153,2026-07-10T05:03:24.282588+00:00,103.9,2,ask,DiligentDonuts,Xuanyu Liu,14824430
2026-07-10T05:03:24.309221,2026-07-10T05:03:24.321204+00:00,103.9,10,ask,DiligentDonuts,Zijin Tang,14824433
2026-07-10T05:03:24.438318,2026-07-10T05:03:24.450104+00:00,103.9,10,ask,DiligentDonuts,Zijin Tang,14824440
2026-07-10T05:03:24.527997,2026-07-10T05:03:24.535375+00:00,103.9,10,ask,DiligentDonuts,Weiqing Shi,14824443
2026-07-10T05:03:24.699878,2026-07-10T05:03:24.711861+00:00,103.9,10,ask,DiligentDonuts,Zijin Tang,14824446
2026-07-10T05:03:24.740198,2026-07-10T05:03:24.758726+00:00,103.9,10,ask,DiligentDonuts,Zijin Tang,14824449
2026-07-10T05:03:24.953699,2026-07-10T05:03:24.954134+00:00,103.9,10,ask,DiligentDonuts,Weiqing Shi,14824456
2026-07-10T05:03:24.967933,2026-07-10T05:03:24.975296+00:00,103.9,10,ask,DiligentDonuts,Weiqing Shi,14824458
2026-07-10T05:03:25.166887,2026-07-10T05:03:25.178749+00:00,103.9,10,ask,DiligentDonuts,Weiqing Shi,14824464
2026-07-10T05:03:25.229626,2026-07-10T05:03:25.241494+00:00,103.9,10,ask,DiligentDonuts,Zijin Tang,14824467
2026-07-10T05:03:25.381159,2026-07-10T05:03:25.393136+00:00,103.9,8,ask,DiligentDonuts,Zijin Tang,14824473
2026-07-10T05:03:25.381159,2026-07-10T05:03:25.393136+00:00,103.9,2,ask,Xinhong Shan,Zijin Tang,14824474
2026-07-10T05:03:25.492856,2026-07-10T05:03:25.500212+00:00,103.9,3,ask,Xinhong Shan,Weiqing Shi,14824476
2026-07-10T05:03:26.236797,2026-07-10T05:03:26.245862+00:00,104.2,50,bid,FlawlessFlatbreads,EarnestEspressos,14824493
2026-07-10T05:03:26.710698,2026-07-10T05:03:26.721279+00:00,103.9,10,ask,EarnestEspressos,Zijin Tang,14824498
2026-07-10T05:03:26.757498,2026-07-10T05:03:26.769349+00:00,103.9,4,ask,EarnestEspressos,Weiqing Shi,14824501
2026-07-10T05:03:26.926304,2026-07-10T05:03:26.938344+00:00,103.9,10,ask,EarnestEspressos,Zijin Tang,14824505
2026-07-10T05:03:27.144506,2026-07-10T05:03:27.158575+00:00,103.9,2,ask,EarnestEspressos,Zijin Tang,14824511
2026-07-10T05:03:28.343912,2026-07-10T05:03:28.356022+00:00,104.1,50,bid,FlawlessFlatbreads,DiligentDonuts,14824539
2026-07-10T05:03:28.697403,2026-07-10T05:03:28.708185+00:00,103.9,12,ask,EarnestEspressos,Xuanyu Liu,14824545
2026-07-10T05:03:30.468581,2026-07-10T05:03:30.479529+00:00,104.1,50,bid,FlawlessFlatbreads,DiligentDonuts,14824577
2026-07-10T05:03:32.580830,2026-07-10T05:03:32.588320+00:00,104.0,5,bid,FlawlessFlatbreads,Xinhong Shan,14824617
2026-07-10T05:03:32.580830,2026-07-10T05:03:32.593459+00:00,104.1,45,bid,FlawlessFlatbreads,EarnestEspressos,14824618
2026-07-10T05:03:34.137039,2026-07-10T05:03:34.148927+00:00,103.9,43,ask,EarnestEspressos,CostlyCorianders,14824637
2026-07-10T05:03:34.712448,2026-07-10T05:03:34.732404+00:00,104.3,5,bid,FlawlessFlatbreads,Xinhong Shan,14824644
2026-07-10T05:03:34.712448,2026-07-10T05:03:34.732404+00:00,104.4,45,bid,FlawlessFlatbreads,EarnestEspressos,14824645
2026-07-10T05:03:34.757184,2026-07-10T05:03:34.769029+00:00,103.9,44,ask,EarnestEspressos,CostlyCorianders,14824648
2026-07-10T05:03:35.835083,2026-07-10T05:03:35.844468+00:00,104.4,49,bid,CostlyCorianders,EarnestEspressos,14824664
2026-07-10T05:03:36.829057,2026-07-10T05:03:36.839755+00:00,104.4,50,bid,FlawlessFlatbreads,DiligentDonuts,14824676
2026-07-10T05:03:36.936063,2026-07-10T05:03:36.948065+00:00,104.2,11,ask,DiligentDonuts,Xuanyu Liu,14824677
2026-07-10T05:03:36.947437,2026-07-10T05:03:36.968806+00:00,104.2,5,ask,DiligentDonuts,Nelson Luo,14824679
2026-07-10T05:03:37.065127,2026-07-10T05:03:37.074898+00:00,104.2,5,ask,DiligentDonuts,Nelson Luo,14824683
2026-07-10T05:03:37.177830,2026-07-10T05:03:37.187503+00:00,104.2,5,ask,DiligentDonuts,Nelson Luo,14824688
2026-07-10T05:03:37.289399,2026-07-10T05:03:37.301190+00:00,104.2,5,ask,DiligentDonuts,Nelson Luo,14824691
2026-07-10T05:03:37.401276,2026-07-10T05:03:37.413273+00:00,104.2,5,ask,DiligentDonuts,Nelson Luo,14824696
2026-07-10T05:03:37.513099,2026-07-10T05:03:37.525278+00:00,104.2,5,ask,DiligentDonuts,Nelson Luo,14824701
2026-07-10T05:03:37.625541,2026-07-10T05:03:37.637528+00:00,104.2,5,ask,DiligentDonuts,Nelson Luo,14824703
2026-07-10T05:03:37.741717,2026-07-10T05:03:37.750375+00:00,104.2,5,ask,DiligentDonuts,Nelson Luo,14824708
2026-07-10T05:03:37.852512,2026-07-10T05:03:37.864357+00:00,104.2,5,ask,DiligentDonuts,Nelson Luo,14824711
2026-07-10T05:03:38.938333,2026-07-10T05:03:38.952314+00:00,104.4,5,bid,FlawlessFlatbreads,Xinhong Shan,14824730
2026-07-10T05:03:38.938333,2026-07-10T05:03:38.952314+00:00,104.5,45,bid,FlawlessFlatbreads,EarnestEspressos,14824731
2026-07-10T05:03:39.378840,2026-07-10T05:03:39.387218+00:00,104.3,5,ask,EarnestEspressos,Nelson Luo,14824738
2026-07-10T05:03:39.495655,2026-07-10T05:03:39.514171+00:00,104.3,20,ask,EarnestEspressos,Nelson Luo,14824742
2026-07-10T05:03:39.495938,2026-07-10T05:03:39.514171+00:00,104.3,23,ask,EarnestEspressos,Xuanyu Liu,14824743
2026-07-10T05:03:39.651754,2026-07-10T05:03:39.663707+00:00,104.3,20,ask,EarnestEspressos,Nelson Luo,14824748
2026-07-10T05:03:39.763633,2026-07-10T05:03:39.775297+00:00,104.3,20,ask,EarnestEspressos,Nelson Luo,14824751
2026-07-10T05:03:39.876406,2026-07-10T05:03:39.888595+00:00,104.3,20,ask,EarnestEspressos,Nelson Luo,14824754
2026-07-10T05:03:40.017400,2026-07-10T05:03:40.025755+00:00,104.3,20,ask,EarnestEspressos,Nelson Luo,14824759
2026-07-10T05:03:40.165578,2026-07-10T05:03:40.180042+00:00,104.3,20,ask,EarnestEspressos,Nelson Luo,14824766
2026-07-10T05:03:40.299208,2026-07-10T05:03:40.310669+00:00,104.3,2,ask,EarnestEspressos,Nelson Luo,14824772
2026-07-10T05:03:40.299208,2026-07-10T05:03:40.310669+00:00,104.3,5,ask,Xinhong Shan,Nelson Luo,14824773
2026-07-10T05:03:40.413280,2026-07-10T05:03:40.425340+00:00,104.1,4,ask,Kelvin Chan,Nelson Luo,14824775
2026-07-10T05:03:41.051809,2026-07-10T05:03:41.056799+00:00,104.4,50,bid,FlawlessFlatbreads,DiligentDonuts,14824786
2026-07-10T05:03:42.536324,2026-07-10T05:03:42.546146+00:00,104.0,23,bid,Xuanyu Liu,EarnestEspressos,14824814
2026-07-10T05:03:43.130004,2026-07-10T05:03:43.142448+00:00,104.0,45,bid,CostlyCorianders,EarnestEspressos,14824829
2026-07-10T05:03:43.193513,2026-07-10T05:03:43.210382+00:00,103.9,46,ask,DiligentDonuts,CostlyCorianders,14824835
2026-07-10T05:03:43.238095,2026-07-10T05:03:43.245769+00:00,103.9,5,ask,Xinhong Shan,FlawlessFlatbreads,14824837
2026-07-10T05:03:43.238095,2026-07-10T05:03:43.250940+00:00,103.5,45,ask,EarnestEspressos,FlawlessFlatbreads,14824838
2026-07-10T05:03:43.671734,2026-07-10T05:03:43.683700+00:00,103.8,49,ask,DiligentDonuts,CostlyCorianders,14824845
2026-07-10T05:03:44.163542,2026-07-10T05:03:44.174517+00:00,104.0,1,bid,Kelvin Chan,EarnestEspressos,14824853
2026-07-10T05:03:44.298656,2026-07-10T05:03:44.306095+00:00,104.0,1,bid,Kelvin Chan,EarnestEspressos,14824855
2026-07-10T05:03:44.449304,2026-07-10T05:03:44.459592+00:00,104.0,11,bid,Xuanyu Liu,EarnestEspressos,14824859
2026-07-10T05:03:45.053057,2026-07-10T05:03:45.061612+00:00,104.0,1,bid,Kelvin Chan,EarnestEspressos,14824867
2026-07-10T05:03:45.115947,2026-07-10T05:03:45.123474+00:00,104.0,1,bid,Kelvin Chan,EarnestEspressos,14824868
2026-07-10T05:03:45.160746,2026-07-10T05:03:45.170683+00:00,104.0,1,bid,Kelvin Chan,EarnestEspressos,14824869
2026-07-10T05:03:45.200378,2026-07-10T05:03:45.212584+00:00,104.0,1,bid,Kelvin Chan,EarnestEspressos,14824870
2026-07-10T05:03:45.249361,2026-07-10T05:03:45.257264+00:00,104.0,1,bid,Kelvin Chan,EarnestEspressos,14824872
2026-07-10T05:03:45.305408,2026-07-10T05:03:45.317354+00:00,104.0,1,bid,Kelvin Chan,EarnestEspressos,14824873
2026-07-10T05:03:45.334526,2026-07-10T05:03:45.344133+00:00,104.0,1,bid,Kelvin Chan,EarnestEspressos,14824874
2026-07-10T05:03:45.349321,2026-07-10T05:03:45.359761+00:00,103.8,50,ask,DiligentDonuts,FlawlessFlatbreads,14824877
2026-07-10T05:03:45.771003,2026-07-10T05:03:45.786872+00:00,104.0,5,bid,CostlyCorianders,Xinhong Shan,14824885
2026-07-10T05:03:45.771003,2026-07-10T05:03:45.786872+00:00,104.3,38,bid,CostlyCorianders,DiligentDonuts,14824886
2026-07-10T05:03:48.149643,2026-07-10T05:03:48.156859+00:00,104.0,1,ask,Kelvin Chan,Zijin Tang,14824923
2026-07-10T05:03:48.149643,2026-07-10T05:03:48.156859+00:00,104.0,2,ask,DiligentDonuts,Zijin Tang,14824924
2026-07-10T05:03:48.379786,2026-07-10T05:03:48.391482+00:00,104.3,45,bid,CostlyCorianders,EarnestEspressos,14824930
2026-07-10T05:03:49.560744,2026-07-10T05:03:49.568801+00:00,104.3,5,bid,FlawlessFlatbreads,Xinhong Shan,14824956
2026-07-10T05:03:49.560744,2026-07-10T05:03:49.574045+00:00,104.3,45,bid,FlawlessFlatbreads,EarnestEspressos,14824957
2026-07-10T05:03:50.871599,2026-07-10T05:03:50.884697+00:00,104.0,2,ask,Kelvin Chan,CostlyCorianders,14824978
2026-07-10T05:03:50.871599,2026-07-10T05:03:50.884697+00:00,104.0,5,ask,Xinhong Shan,CostlyCorianders,14824979
2026-07-10T05:03:50.871599,2026-07-10T05:03:50.884697+00:00,103.9,42,ask,DiligentDonuts,CostlyCorianders,14824980
2026-07-10T05:03:53.824589,2026-07-10T05:03:53.836974+00:00,104.1,50,ask,EarnestEspressos,FlawlessFlatbreads,14825066
2026-07-10T05:03:54.437239,2026-07-10T05:03:54.449105+00:00,104.2,49,bid,CostlyCorianders,DiligentDonuts,14825076
2026-07-10T05:03:55.030461,2026-07-10T05:03:55.052140+00:00,104.1,11,ask,EarnestEspressos,Xuanyu Liu,14825087
2026-07-10T05:03:55.063340,2026-07-10T05:03:55.072697+00:00,104.1,5,ask,EarnestEspressos,Nelson Luo,14825091
2026-07-10T05:03:55.174613,2026-07-10T05:03:55.186310+00:00,104.1,5,ask,Xinhong Shan,Nelson Luo,14825094
2026-07-10T05:03:55.955928,2026-07-10T05:03:55.968025+00:00,103.8,50,ask,EarnestEspressos,FlawlessFlatbreads,14825113
2026-07-10T05:03:58.063595,2026-07-10T05:03:58.075360+00:00,103.8,50,ask,EarnestEspressos,FlawlessFlatbreads,14825149
2026-07-10T05:03:58.407029,2026-07-10T05:03:58.416901+00:00,103.9,11,bid,Xuanyu Liu,EarnestEspressos,14825156
2026-07-10T05:04:00.206029,2026-07-10T05:04:00.218113+00:00,103.8,50,ask,DiligentDonuts,FlawlessFlatbreads,14825198
2026-07-10T05:04:00.292285,2026-07-10T05:04:00.301897+00:00,103.9,12,bid,Xuanyu Liu,EarnestEspressos,14825206
2026-07-10T05:04:02.314150,2026-07-10T05:04:02.323888+00:00,103.8,5,ask,Xinhong Shan,FlawlessFlatbreads,14825244
2026-07-10T05:04:02.314150,2026-07-10T05:04:02.323888+00:00,103.7,45,ask,DiligentDonuts,FlawlessFlatbreads,14825245
2026-07-10T05:04:04.459790,2026-07-10T05:04:04.472216+00:00,103.8,5,ask,Xinhong Shan,FlawlessFlatbreads,14825280
2026-07-10T05:04:04.459790,2026-07-10T05:04:04.472216+00:00,103.7,45,ask,DiligentDonuts,FlawlessFlatbreads,14825281
2026-07-10T05:04:05.880372,2026-07-10T05:04:05.887722+00:00,103.4,45,ask,EarnestEspressos,CostlyCorianders,14825313
2026-07-10T05:04:06.570652,2026-07-10T05:04:06.582827+00:00,103.4,50,ask,EarnestEspressos,FlawlessFlatbreads,14825327
2026-07-10T05:04:07.910190,2026-07-10T05:04:07.920706+00:00,103.5,14,bid,Xuanyu Liu,EarnestEspressos,14825368
2026-07-10T05:04:08.163737,2026-07-10T05:04:08.176236+00:00,103.4,3,ask,Xinhong Shan,Xuanyu Liu,14825378
2026-07-10T05:04:08.671253,2026-07-10T05:04:08.680849+00:00,103.4,5,ask,Xinhong Shan,DiligentDonuts,14825382
2026-07-10T05:04:08.678669,2026-07-10T05:04:08.696837+00:00,103.0,50,ask,EarnestEspressos,FlawlessFlatbreads,14825386
2026-07-10T05:04:09.478289,2026-07-10T05:04:09.488130+00:00,103.4,3,bid,Xuanyu Liu,DiligentDonuts,14825406
2026-07-10T05:04:10.613381,2026-07-10T05:04:10.625787+00:00,103.4,45,bid,CostlyCorianders,DiligentDonuts,14825435
2026-07-10T05:04:11.057522,2026-07-10T05:04:11.064376+00:00,103.0,5,ask,Xinhong Shan,EarnestEspressos,14825439
2026-07-10T05:04:11.057522,2026-07-10T05:04:11.069902+00:00,103.0,3,ask,Zijin Tang,EarnestEspressos,14825440
2026-07-10T05:04:11.094331,2026-07-10T05:04:11.105052+00:00,103.0,10,bid,Weiqing Shi,EarnestEspressos,14825442
2026-07-10T05:04:11.153510,2026-07-10T05:04:11.157008+00:00,103.0,10,bid,Zijin Tang,EarnestEspressos,14825447
2026-07-10T05:04:11.360251,2026-07-10T05:04:11.368818+00:00,103.0,5,bid,Zijin Tang,EarnestEspressos,14825453
2026-07-10T05:04:11.368277,2026-07-10T05:04:11.379477+00:00,103.0,5,bid,Zijin Tang,EarnestEspressos,14825455
2026-07-10T05:04:11.581410,2026-07-10T05:04:11.592579+00:00,103.0,5,bid,Weiqing Shi,EarnestEspressos,14825460
2026-07-10T05:04:11.785558,2026-07-10T05:04:11.795706+00:00,103.0,100,bid,DiligentDonuts,EarnestEspressos,14825466
2026-07-10T05:04:11.798949,2026-07-10T05:04:11.806151+00:00,103.0,5,bid,Zijin Tang,EarnestEspressos,14825468
2026-07-10T05:04:12.012565,2026-07-10T05:04:12.023605+00:00,103.0,2,bid,Weiqing Shi,Xinhong Shan,14825475
2026-07-10T05:04:12.012565,2026-07-10T05:04:12.023605+00:00,103.0,3,bid,Zijin Tang,Xinhong Shan,14825476
2026-07-10T05:04:12.124270,2026-07-10T05:04:12.132345+00:00,103.0,2,bid,Zijin Tang,EarnestEspressos,14825479
2026-07-10T05:04:12.929513,2026-07-10T05:04:12.940306+00:00,103.0,5,ask,Xinhong Shan,FlawlessFlatbreads,14825495
2026-07-10T05:04:12.929513,2026-07-10T05:04:12.940306+00:00,103.0,3,ask,Zijin Tang,FlawlessFlatbreads,14825496
2026-07-10T05:04:12.929513,2026-07-10T05:04:12.945340+00:00,102.5,42,ask,EarnestEspressos,FlawlessFlatbreads,14825497
2026-07-10T05:04:13.608887,2026-07-10T05:04:13.616112+00:00,103.5,3,bid,Zijin Tang,DiligentDonuts,14825513
2026-07-10T05:04:13.682497,2026-07-10T05:04:13.691832+00:00,102.6,3,ask,Zijin Tang,CostlyCorianders,14825514
2026-07-10T05:04:15.042195,2026-07-10T05:04:15.054390+00:00,103.0,5,ask,Xinhong Shan,FlawlessFlatbreads,14825537
2026-07-10T05:04:15.042195,2026-07-10T05:04:15.054390+00:00,103.0,3,ask,Zijin Tang,FlawlessFlatbreads,14825538
2026-07-10T05:04:15.042195,2026-07-10T05:04:15.054390+00:00,102.9,42,ask,EarnestEspressos,FlawlessFlatbreads,14825539
2026-07-10T05:04:15.406129,2026-07-10T05:04:15.418274+00:00,103.1,3,bid,Zijin Tang,DiligentDonuts,14825544
2026-07-10T05:04:15.689054,2026-07-10T05:04:15.699531+00:00,103.1,3,bid,Zijin Tang,DiligentDonuts,14825552
2026-07-10T05:04:15.957334,2026-07-10T05:04:15.969340+00:00,103.1,3,bid,Zijin Tang,DiligentDonuts,14825559
2026-07-10T05:04:16.232076,2026-07-10T05:04:16.241923+00:00,103.1,3,bid,Zijin Tang,DiligentDonuts,14825563
2026-07-10T05:04:16.509441,2026-07-10T05:04:16.523880+00:00,103.1,3,bid,Zijin Tang,DiligentDonuts,14825569
2026-07-10T05:04:16.607117,2026-07-10T05:04:16.619226+00:00,103.0,5,ask,Xinhong Shan,CostlyCorianders,14825571
2026-07-10T05:04:16.607117,2026-07-10T05:04:16.619226+00:00,103.0,3,ask,Zijin Tang,CostlyCorianders,14825572
2026-07-10T05:04:16.607117,2026-07-10T05:04:16.619226+00:00,102.9,35,ask,EarnestEspressos,CostlyCorianders,14825573
2026-07-10T05:04:16.783709,2026-07-10T05:04:16.792143+00:00,103.1,3,bid,Zijin Tang,DiligentDonuts,14825580
2026-07-10T05:04:17.055233,2026-07-10T05:04:17.066992+00:00,103.1,3,bid,Zijin Tang,DiligentDonuts,14825590
2026-07-10T05:04:17.169466,2026-07-10T05:04:17.181825+00:00,103.0,5,ask,Xinhong Shan,FlawlessFlatbreads,14825592
2026-07-10T05:04:17.169466,2026-07-10T05:04:17.181825+00:00,103.0,3,ask,Zijin Tang,FlawlessFlatbreads,14825593
2026-07-10T05:04:17.169466,2026-07-10T05:04:17.187107+00:00,102.9,42,ask,EarnestEspressos,FlawlessFlatbreads,14825594
2026-07-10T05:04:17.395040,2026-07-10T05:04:17.402341+00:00,103.0,3,ask,Zijin Tang,EarnestEspressos,14825599
2026-07-10T05:04:17.482278,2026-07-10T05:04:17.488898+00:00,102.8,10,bid,Zijin Tang,EarnestEspressos,14825604
2026-07-10T05:04:17.653044,2026-07-10T05:04:17.664184+00:00,102.8,10,bid,Zijin Tang,EarnestEspressos,14825608
2026-07-10T05:04:17.767035,2026-07-10T05:04:17.779018+00:00,102.8,3,bid,Zijin Tang,EarnestEspressos,14825609
2026-07-10T05:04:17.778644,2026-07-10T05:04:17.789556+00:00,102.8,10,bid,Weiqing Shi,EarnestEspressos,14825611
2026-07-10T05:04:17.916385,2026-07-10T05:04:17.926709+00:00,102.8,10,bid,Weiqing Shi,EarnestEspressos,14825613
2026-07-10T05:04:18.004639,2026-07-10T05:04:18.014117+00:00,102.8,10,bid,Zijin Tang,EarnestEspressos,14825617
2026-07-10T05:04:18.180973,2026-07-10T05:04:18.187640+00:00,102.8,10,bid,Weiqing Shi,EarnestEspressos,14825622
2026-07-10T05:04:18.215677,2026-07-10T05:04:18.227357+00:00,102.8,43,bid,CostlyCorianders,EarnestEspressos,14825623
2026-07-10T05:04:18.275475,2026-07-10T05:04:18.287377+00:00,102.8,10,bid,Weiqing Shi,EarnestEspressos,14825626
2026-07-10T05:04:18.443327,2026-07-10T05:04:18.454892+00:00,102.8,10,bid,Zijin Tang,EarnestEspressos,14825629
2026-07-10T05:04:18.493028,2026-07-10T05:04:18.500564+00:00,102.8,6,bid,Zijin Tang,EarnestEspressos,14825637
2026-07-10T05:04:18.708790,2026-07-10T05:04:18.716888+00:00,102.8,10,bid,Weiqing Shi,EarnestEspressos,14825645
2026-07-10T05:04:18.712644,2026-07-10T05:04:18.722107+00:00,102.8,5,bid,Zijin Tang,EarnestEspressos,14825646
2026-07-10T05:04:18.971689,2026-07-10T05:04:18.982309+00:00,102.8,3,bid,Weiqing Shi,Xinhong Shan,14825648
2026-07-10T05:04:19.148371,2026-07-10T05:04:19.152062+00:00,102.8,2,bid,Zijin Tang,Xinhong Shan,14825653
2026-07-10T05:04:19.281814,2026-07-10T05:04:19.294293+00:00,102.7,50,ask,DiligentDonuts,FlawlessFlatbreads,14825656
2026-07-10T05:04:19.862900,2026-07-10T05:04:19.874743+00:00,102.7,49,ask,DiligentDonuts,CostlyCorianders,14825662
2026-07-10T05:04:20.831927,2026-07-10T05:04:20.844579+00:00,103.2,42,bid,CostlyCorianders,DiligentDonuts,14825669
2026-07-10T05:04:21.419153,2026-07-10T05:04:21.428744+00:00,102.9,50,ask,EarnestEspressos,FlawlessFlatbreads,14825678
2026-07-10T05:04:21.844816,2026-07-10T05:04:21.852387+00:00,103.0,41,bid,CostlyCorianders,DiligentDonuts,14825688
2026-07-10T05:04:22.800068,2026-07-10T05:04:22.806610+00:00,103.0,5,bid,Zijin Tang,DiligentDonuts,14825705
2026-07-10T05:04:23.016664,2026-07-10T05:04:23.025216+00:00,103.0,5,bid,Zijin Tang,DiligentDonuts,14825707
2026-07-10T05:04:23.230277,2026-07-10T05:04:23.241740+00:00,103.0,5,bid,Zijin Tang,DiligentDonuts,14825711
2026-07-10T05:04:23.450169,2026-07-10T05:04:23.458567+00:00,103.0,5,bid,Zijin Tang,DiligentDonuts,14825716
2026-07-10T05:04:23.527816,2026-07-10T05:04:23.536076+00:00,102.9,50,ask,EarnestEspressos,FlawlessFlatbreads,14825717
2026-07-10T05:04:23.664292,2026-07-10T05:04:23.675295+00:00,103.0,5,bid,Zijin Tang,DiligentDonuts,14825721
2026-07-10T05:04:23.888725,2026-07-10T05:04:23.899204+00:00,103.0,5,bid,Zijin Tang,DiligentDonuts,14825730
2026-07-10T05:04:24.101627,2026-07-10T05:04:24.113593+00:00,103.0,5,bid,Zijin Tang,DiligentDonuts,14825743
2026-07-10T05:04:24.315255,2026-07-10T05:04:24.326255+00:00,103.0,5,bid,Zijin Tang,Xinhong Shan,14825750
2026-07-10T05:04:24.529790,2026-07-10T05:04:24.541568+00:00,103.0,5,bid,Zijin Tang,DiligentDonuts,14825754
2026-07-10T05:04:24.748043,2026-07-10T05:04:24.754875+00:00,103.1,5,bid,Zijin Tang,EarnestEspressos,14825758
2026-07-10T05:04:24.755144,2026-07-10T05:04:24.754875+00:00,103.1,10,bid,Weiqing Shi,EarnestEspressos,14825759
2026-07-10T05:04:24.985228,2026-07-10T05:04:24.995189+00:00,103.1,5,bid,Zijin Tang,EarnestEspressos,14825763
2026-07-10T05:04:25.017903,2026-07-10T05:04:25.029431+00:00,103.1,10,bid,Weiqing Shi,EarnestEspressos,14825765
2026-07-10T05:04:25.203706,2026-07-10T05:04:25.216314+00:00,103.1,5,bid,Zijin Tang,EarnestEspressos,14825772
2026-07-10T05:04:25.281914,2026-07-10T05:04:25.291269+00:00,103.1,10,bid,Weiqing Shi,EarnestEspressos,14825774
2026-07-10T05:04:25.590898,2026-07-10T05:04:25.600461+00:00,103.0,3,bid,FlawlessFlatbreads,Zijin Tang,14825786
2026-07-10T05:04:25.590898,2026-07-10T05:04:25.600461+00:00,103.1,47,bid,FlawlessFlatbreads,EarnestEspressos,14825787
2026-07-10T05:04:26.263635,2026-07-10T05:04:26.274611+00:00,103.0,5,bid,Zijin Tang,Xinhong Shan,14825811
2026-07-10T05:04:26.793358,2026-07-10T05:04:26.800410+00:00,103.0,3,bid,CostlyCorianders,Zijin Tang,14825818
2026-07-10T05:04:27.712178,2026-07-10T05:04:27.724254+00:00,103.2,5,bid,FlawlessFlatbreads,Xinhong Shan,14825834
2026-07-10T05:04:27.712178,2026-07-10T05:04:27.724254+00:00,103.2,3,bid,FlawlessFlatbreads,Zijin Tang,14825835
2026-07-10T05:04:27.712178,2026-07-10T05:04:27.724254+00:00,103.3,2,bid,FlawlessFlatbreads,Kelvin Chan,14825836
2026-07-10T05:04:27.712178,2026-07-10T05:04:27.729695+00:00,103.3,40,bid,FlawlessFlatbreads,DiligentDonuts,14825837
2026-07-10T05:04:31.893888,2026-07-10T05:04:31.904543+00:00,103.1,3,ask,DiligentDonuts,Xuanyu Liu,14825918
2026-07-10T05:04:32.000512,2026-07-10T05:04:32.008359+00:00,103.1,50,ask,DiligentDonuts,FlawlessFlatbreads,14825924
2026-07-10T05:04:32.061311,2026-07-10T05:04:32.073347+00:00,103.1,5,ask,DiligentDonuts,Zijin Tang,14825925
2026-07-10T05:04:32.275138,2026-07-10T05:04:32.287185+00:00,103.1,5,ask,DiligentDonuts,Zijin Tang,14825928
2026-07-10T05:04:32.489816,2026-07-10T05:04:32.501481+00:00,103.1,5,ask,DiligentDonuts,Zijin Tang,14825933
2026-07-10T05:04:32.709696,2026-07-10T05:04:32.720457+00:00,103.1,5,ask,DiligentDonuts,Zijin Tang,14825944
2026-07-10T05:04:32.922862,2026-07-10T05:04:32.934862+00:00,103.1,5,ask,DiligentDonuts,Zijin Tang,14825950
2026-07-10T05:04:33.136913,2026-07-10T05:04:33.149161+00:00,103.1,5,ask,DiligentDonuts,Zijin Tang,14825955
2026-07-10T05:04:33.357544,2026-07-10T05:04:33.364386+00:00,103.1,5,ask,Xinhong Shan,DiligentDonuts,14825962
2026-07-10T05:04:33.988830,2026-07-10T05:04:33.996033+00:00,103.1,5,ask,DiligentDonuts,Zijin Tang,14825979
2026-07-10T05:04:34.044136,2026-07-10T05:04:34.066053+00:00,103.0,3,bid,Xuanyu Liu,Zijin Tang,14825981
2026-07-10T05:04:34.117831,2026-07-10T05:04:34.128160+00:00,102.8,50,ask,EarnestEspressos,FlawlessFlatbreads,14825989
2026-07-10T05:04:36.224749,2026-07-10T05:04:36.237453+00:00,102.8,50,ask,EarnestEspressos,FlawlessFlatbreads,14826029
2026-07-10T05:04:38.355428,2026-07-10T05:04:38.363640+00:00,102.8,5,ask,Xinhong Shan,FlawlessFlatbreads,14826079
2026-07-10T05:04:38.355428,2026-07-10T05:04:38.369108+00:00,102.6,45,ask,DiligentDonuts,FlawlessFlatbreads,14826080
2026-07-10T05:04:40.363266,2026-07-10T05:04:40.370804+00:00,103.0,5,bid,Zijin Tang,EarnestEspressos,14826126
2026-07-10T05:04:40.487134,2026-07-10T05:04:40.501639+00:00,102.5,45,ask,EarnestEspressos,FlawlessFlatbreads,14826131
2026-07-10T05:04:40.578116,2026-07-10T05:04:40.586769+00:00,103.0,5,bid,Zijin Tang,EarnestEspressos,14826133
2026-07-10T05:04:40.797028,2026-07-10T05:04:40.803888+00:00,103.0,5,bid,Zijin Tang,EarnestEspressos,14826136
2026-07-10T05:04:41.012311,2026-07-10T05:04:41.022739+00:00,103.0,5,bid,Zijin Tang,EarnestEspressos,14826140
2026-07-10T05:04:41.227633,2026-07-10T05:04:41.235790+00:00,103.0,5,bid,Zijin Tang,EarnestEspressos,14826146
2026-07-10T05:04:42.619018,2026-07-10T05:04:42.630772+00:00,102.7,1,ask,Kelvin Chan,FlawlessFlatbreads,14826162
2026-07-10T05:04:42.619018,2026-07-10T05:04:42.630772+00:00,102.5,49,ask,EarnestEspressos,FlawlessFlatbreads,14826163
2026-07-10T05:04:42.792485,2026-07-10T05:04:42.803173+00:00,102.7,3,bid,Xuanyu Liu,EarnestEspressos,14826168
2026-07-10T05:04:42.824075,2026-07-10T05:04:42.834192+00:00,102.7,10,bid,Zijin Tang,EarnestEspressos,14826171
2026-07-10T05:04:42.981030,2026-07-10T05:04:42.992085+00:00,102.7,10,bid,Weiqing Shi,EarnestEspressos,14826175
2026-07-10T05:04:43.194861,2026-07-10T05:04:43.206032+00:00,102.7,10,bid,Zijin Tang,EarnestEspressos,14826183
2026-07-10T05:04:43.412735,2026-07-10T05:04:43.420179+00:00,102.7,6,bid,Zijin Tang,EarnestEspressos,14826190
2026-07-10T05:04:44.727416,2026-07-10T05:04:44.739292+00:00,102.5,50,ask,DiligentDonuts,FlawlessFlatbreads,14826207
2026-07-10T05:04:45.015557,2026-07-10T05:04:45.027743+00:00,102.7,11,bid,Xuanyu Liu,EarnestEspressos,14826214
2026-07-10T05:04:45.052913,2026-07-10T05:04:45.064110+00:00,102.7,5,bid,Nelson Luo,EarnestEspressos,14826219
2026-07-10T05:04:45.167551,2026-07-10T05:04:45.174738+00:00,102.7,5,bid,Nelson Luo,EarnestEspressos,14826222
2026-07-10T05:04:45.280040,2026-07-10T05:04:45.291188+00:00,102.7,5,bid,Nelson Luo,EarnestEspressos,14826226
2026-07-10T05:04:45.395637,2026-07-10T05:04:45.403813+00:00,102.7,5,bid,Nelson Luo,Xinhong Shan,14826228
2026-07-10T05:04:45.514662,2026-07-10T05:04:45.526133+00:00,102.7,5,bid,Nelson Luo,EarnestEspressos,14826230
2026-07-10T05:04:45.625687,2026-07-10T05:04:45.634654+00:00,102.7,5,bid,Nelson Luo,EarnestEspressos,14826238
2026-07-10T05:04:45.744721,2026-07-10T05:04:45.752675+00:00,102.7,5,bid,Nelson Luo,EarnestEspressos,14826242
2026-07-10T05:04:45.856149,2026-07-10T05:04:45.863554+00:00,102.7,5,bid,Nelson Luo,EarnestEspressos,14826245
2026-07-10T05:04:46.178186,2026-07-10T05:04:46.192831+00:00,102.6,6,ask,Kelvin Chan,CostlyCorianders,14826256
2026-07-10T05:04:46.178186,2026-07-10T05:04:46.198020+00:00,102.6,5,ask,Xinhong Shan,FlawlessFlatbreads,14826257
2026-07-10T05:04:46.178186,2026-07-10T05:04:46.198020+00:00,102.6,36,ask,EarnestEspressos,CostlyCorianders,14826258
2026-07-10T05:04:46.324540,2026-07-10T05:04:46.334729+00:00,102.6,11,ask,EarnestEspressos,Xuanyu Liu,14826260
2026-07-10T05:04:46.650620,2026-07-10T05:04:46.663621+00:00,102.6,100,ask,EarnestEspressos,DiligentDonuts,14826268
2026-07-10T05:04:46.865676,2026-07-10T05:04:46.876699+00:00,102.6,3,ask,EarnestEspressos,FlawlessFlatbreads,14826277
2026-07-10T05:04:46.865676,2026-07-10T05:04:46.876699+00:00,102.6,5,ask,Xinhong Shan,CostlyCorianders,14826278
2026-07-10T05:04:48.226603,2026-07-10T05:04:48.238801+00:00,103.0,5,bid,CostlyCorianders,Xinhong Shan,14826306
2026-07-10T05:04:48.226603,2026-07-10T05:04:48.238801+00:00,103.0,3,bid,CostlyCorianders,Zijin Tang,14826307
2026-07-10T05:04:49.105140,2026-07-10T05:04:49.112812+00:00,102.1,100,ask,DiligentDonuts,EarnestEspressos,14826330
2026-07-10T05:04:49.105140,2026-07-10T05:04:49.129836+00:00,102.1,5,ask,Xinhong Shan,EarnestEspressos,14826331
2026-07-10T05:04:49.119196,2026-07-10T05:04:49.129836+00:00,102.0,34,bid,Xuanyu Liu,EarnestEspressos,14826332
2026-07-10T05:04:49.247008,2026-07-10T05:04:49.258611+00:00,102.0,11,bid,Nelson Luo,EarnestEspressos,14826340
2026-07-10T05:04:49.923419,2026-07-10T05:04:49.931146+00:00,102.5,1,bid,Zijin Tang,DiligentDonuts,14826361
2026-07-10T05:04:50.531324,2026-07-10T05:04:50.540170+00:00,102.5,41,bid,CostlyCorianders,DiligentDonuts,14826376
2026-07-10T05:04:51.086237,2026-07-10T05:04:51.094607+00:00,102.0,50,ask,DiligentDonuts,FlawlessFlatbreads,14826386
2026-07-10T05:04:51.668077,2026-07-10T05:04:51.679382+00:00,102.5,5,bid,Nelson Luo,DiligentDonuts,14826397
2026-07-10T05:04:51.779712,2026-07-10T05:04:51.791039+00:00,102.5,5,bid,Nelson Luo,DiligentDonuts,14826404
2026-07-10T05:04:51.893079,2026-07-10T05:04:51.902549+00:00,102.5,5,bid,Nelson Luo,DiligentDonuts,14826410
2026-07-10T05:04:52.017666,2026-07-10T05:04:52.029261+00:00,102.5,5,bid,Nelson Luo,DiligentDonuts,14826417
2026-07-10T05:04:52.137771,2026-07-10T05:04:52.145040+00:00,102.5,5,bid,Nelson Luo,DiligentDonuts,14826420
2026-07-10T05:04:52.252076,2026-07-10T05:04:52.257540+00:00,102.5,5,bid,Nelson Luo,DiligentDonuts,14826423
2026-07-10T05:04:52.363534,2026-07-10T05:04:52.374780+00:00,102.5,5,bid,Nelson Luo,DiligentDonuts,14826426
2026-07-10T05:04:52.459543,2026-07-10T05:04:52.472239+00:00,102.4,11,ask,EarnestEspressos,Xuanyu Liu,14826428
2026-07-10T05:04:52.477041,2026-07-10T05:04:52.487855+00:00,102.5,5,bid,Nelson Luo,DiligentDonuts,14826432
2026-07-10T05:04:52.588791,2026-07-10T05:04:52.600150+00:00,102.5,5,bid,Nelson Luo,DiligentDonuts,14826436
2026-07-10T05:04:52.704139,2026-07-10T05:04:52.712031+00:00,102.5,13,bid,CostlyCorianders,DiligentDonuts,14826441
2026-07-10T05:04:52.704139,2026-07-10T05:04:52.717214+00:00,102.5,5,bid,CostlyCorianders,Xinhong Shan,14826442
2026-07-10T05:04:53.195464,2026-07-10T05:04:53.203636+00:00,102.4,50,ask,EarnestEspressos,FlawlessFlatbreads,14826455
2026-07-10T05:04:53.759483,2026-07-10T05:04:53.769477+00:00,102.4,44,ask,EarnestEspressos,CostlyCorianders,14826470
2026-07-10T05:04:54.335793,2026-07-10T05:04:54.343066+00:00,102.4,45,ask,EarnestEspressos,CostlyCorianders,14826482
2026-07-10T05:04:54.335793,2026-07-10T05:04:54.348108+00:00,102.4,3,ask,DiligentDonuts,CostlyCorianders,14826483
2026-07-10T05:04:55.263065,2026-07-10T05:04:55.274292+00:00,102.8,5,bid,FlawlessFlatbreads,Xinhong Shan,14826501
2026-07-10T05:04:55.263065,2026-07-10T05:04:55.274292+00:00,102.9,1,bid,FlawlessFlatbreads,Kelvin Chan,14826502
2026-07-10T05:04:55.263065,2026-07-10T05:04:55.279350+00:00,102.9,44,bid,FlawlessFlatbreads,EarnestEspressos,14826503
2026-07-10T05:04:56.533170,2026-07-10T05:04:56.540083+00:00,102.6,5,bid,Nelson Luo,EarnestEspressos,14826520
2026-07-10T05:04:56.648103,2026-07-10T05:04:56.658581+00:00,102.6,5,bid,Nelson Luo,EarnestEspressos,14826527
2026-07-10T05:04:56.759816,2026-07-10T05:04:56.771547+00:00,102.6,5,bid,Nelson Luo,EarnestEspressos,14826532
2026-07-10T05:04:56.864980,2026-07-10T05:04:56.877395+00:00,102.6,41,bid,CostlyCorianders,EarnestEspressos,14826533
2026-07-10T05:04:56.879696,2026-07-10T05:04:56.887774+00:00,102.6,5,bid,Nelson Luo,EarnestEspressos,14826535
2026-07-10T05:04:56.899162,2026-07-10T05:04:56.909004+00:00,102.6,11,bid,Xuanyu Liu,EarnestEspressos,14826536
2026-07-10T05:04:57.008514,2026-07-10T05:04:57.015577+00:00,102.6,20,bid,Nelson Luo,EarnestEspressos,14826541
2026-07-10T05:04:57.126071,2026-07-10T05:04:57.137464+00:00,102.6,20,bid,Nelson Luo,EarnestEspressos,14826543
2026-07-10T05:04:57.250089,2026-07-10T05:04:57.258585+00:00,102.6,20,bid,Nelson Luo,EarnestEspressos,14826550
2026-07-10T05:04:57.368703,2026-07-10T05:04:57.380337+00:00,102.6,10,bid,Nelson Luo,EarnestEspressos,14826559
2026-07-10T05:04:57.375000,2026-07-10T05:04:57.385783+00:00,102.6,8,bid,FlawlessFlatbreads,EarnestEspressos,14826560
2026-07-10T05:04:57.375000,2026-07-10T05:04:57.385783+00:00,102.6,5,bid,FlawlessFlatbreads,Xinhong Shan,14826561
2026-07-10T05:04:58.574805,2026-07-10T05:04:58.585002+00:00,102.9,100,bid,EarnestEspressos,DiligentDonuts,14826577
2026-07-10T05:04:58.574805,2026-07-10T05:04:58.590227+00:00,102.9,5,bid,EarnestEspressos,Xinhong Shan,14826578
2026-07-10T05:04:58.659585,2026-07-10T05:04:58.679194+00:00,102.9,23,ask,EarnestEspressos,Xuanyu Liu,14826581
2026-07-10T05:04:59.270397,2026-07-10T05:04:59.280434+00:00,103.0,11,ask,DiligentDonuts,Xuanyu Liu,14826603
2026-07-10T05:04:59.589288,2026-07-10T05:04:59.601688+00:00,103.0,50,ask,DiligentDonuts,FlawlessFlatbreads,14826613
2026-07-10T05:04:59.758294,2026-07-10T05:04:59.769058+00:00,103.4,43,bid,CostlyCorianders,EarnestEspressos,14826621
2026-07-10T05:05:01.662202,2026-07-10T05:05:01.674538+00:00,103.4,50,bid,FlawlessFlatbreads,EarnestEspressos,14826664
2026-07-10T05:05:02.925315,2026-07-10T05:05:02.933643+00:00,103.0,44,ask,EarnestEspressos,CostlyCorianders,14826694
2026-07-10T05:05:03.586705,2026-07-10T05:05:03.597239+00:00,103.2,2,bid,Zijin Tang,Xinhong Shan,14826710
2026-07-10T05:05:03.784338,2026-07-10T05:05:03.795386+00:00,103.2,3,bid,FlawlessFlatbreads,Xinhong Shan,14826716
2026-07-10T05:05:03.784338,2026-07-10T05:05:03.795386+00:00,103.3,47,bid,FlawlessFlatbreads,DiligentDonuts,14826717
2026-07-10T05:05:05.943973,2026-07-10T05:05:05.956560+00:00,103.1,50,ask,DiligentDonuts,FlawlessFlatbreads,14826757
2026-07-10T05:05:07.517121,2026-07-10T05:05:07.528681+00:00,103.1,47,ask,DiligentDonuts,CostlyCorianders,14826792
2026-07-10T05:05:08.053250,2026-07-10T05:05:08.065118+00:00,103.1,3,ask,DiligentDonuts,FlawlessFlatbreads,14826798
2026-07-10T05:05:08.053250,2026-07-10T05:05:08.065118+00:00,103.1,5,ask,Xinhong Shan,FlawlessFlatbreads,14826799
2026-07-10T05:05:08.053250,2026-07-10T05:05:08.065118+00:00,102.7,4,ask,Kelvin Chan,FlawlessFlatbreads,14826800
2026-07-10T05:05:10.166998,2026-07-10T05:05:10.174358+00:00,102.8,50,ask,EarnestEspressos,FlawlessFlatbreads,14826838
2026-07-10T05:05:10.578310,2026-07-10T05:05:10.590423+00:00,103.3,45,bid,CostlyCorianders,EarnestEspressos,14826845
2026-07-10T05:05:12.232963,2026-07-10T05:05:12.243711+00:00,103.3,50,bid,FlawlessFlatbreads,EarnestEspressos,14826877
2026-07-10T05:05:14.342079,2026-07-10T05:05:14.358590+00:00,103.1,5,bid,FlawlessFlatbreads,Kelvin Chan,14826916
2026-07-10T05:05:14.342079,2026-07-10T05:05:14.358590+00:00,103.1,5,bid,FlawlessFlatbreads,Xinhong Shan,14826917
2026-07-10T05:05:14.342079,2026-07-10T05:05:14.358590+00:00,103.3,40,bid,FlawlessFlatbreads,EarnestEspressos,14826918
2026-07-10T05:05:14.457592,2026-07-10T05:05:14.469387+00:00,103.3,45,bid,CostlyCorianders,DiligentDonuts,14826919
2026-07-10T05:05:16.455763,2026-07-10T05:05:16.475895+00:00,103.1,4,bid,FlawlessFlatbreads,Kelvin Chan,14826953
2026-07-10T05:05:16.455763,2026-07-10T05:05:16.481322+00:00,103.1,5,bid,FlawlessFlatbreads,Xinhong Shan,14826954
2026-07-10T05:05:16.455763,2026-07-10T05:05:16.481322+00:00,103.3,41,bid,FlawlessFlatbreads,EarnestEspressos,14826955
2026-07-10T05:05:16.726218,2026-07-10T05:05:16.738293+00:00,103.1,4,bid,Xuanyu Liu,Kelvin Chan,14826965
2026-07-10T05:05:17.569933,2026-07-10T05:05:17.582140+00:00,103.3,100,bid,EarnestEspressos,DiligentDonuts,14826984
2026-07-10T05:05:17.569933,2026-07-10T05:05:17.582140+00:00,103.3,5,bid,EarnestEspressos,Xinhong Shan,14826985
2026-07-10T05:05:17.628943,2026-07-10T05:05:17.636851+00:00,103.4,3,ask,EarnestEspressos,Kelvin Chan,14826987
2026-07-10T05:05:17.643301,2026-07-10T05:05:17.688894+00:00,103.4,7,ask,EarnestEspressos,Xuanyu Liu,14826989
2026-07-10T05:05:18.292625,2026-07-10T05:05:18.300185+00:00,103.4,35,ask,EarnestEspressos,CostlyCorianders,14827006
