timestamp,recv_time,price,volume,aggressor_side,buyer,seller,trade_id
2026-07-01T23:00:00.823160,2026-07-01T23:00:00.829741+00:00,90.0,50,ask,DiligentDonuts,FlawlessFlatbreads,3102841
2026-07-01T23:00:01.566842,2026-07-01T23:00:01.569796+00:00,90.3,5,bid,CostlyCorianders,Kelvin Chan,3102858
2026-07-01T23:00:01.566842,2026-07-01T23:00:01.575548+00:00,90.4,38,bid,CostlyCorianders,EarnestEspressos,3102859
2026-07-01T23:00:02.932362,2026-07-01T23:00:02.939774+00:00,90.0,50,ask,DiligentDonuts,FlawlessFlatbreads,3102885
2026-07-01T23:00:03.467299,2026-07-01T23:00:03.473467+00:00,90.0,47,ask,EarnestEspressos,CostlyCorianders,3102895
2026-07-01T23:00:04.604495,2026-07-01T23:00:04.616155+00:00,90.1,42,bid,CostlyCorianders,DiligentDonuts,3102911
2026-07-01T23:00:05.140913,2026-07-01T23:00:05.147211+00:00,89.9,2,ask,Kelvin Chan,CostlyCorianders,3102917
2026-07-01T23:00:05.140913,2026-07-01T23:00:05.147211+00:00,89.8,44,ask,EarnestEspressos,CostlyCorianders,3102918
2026-07-01T23:00:05.497505,2026-07-01T23:00:05.507816+00:00,90.1,11,bid,Xuanyu Liu,DiligentDonuts,3102934
2026-07-01T23:00:06.702958,2026-07-01T23:00:06.720950+00:00,90.1,40,bid,CostlyCorianders,DiligentDonuts,3102959
2026-07-01T23:00:07.095913,2026-07-01T23:00:07.107776+00:00,90.2,5,bid,FlawlessFlatbreads,Kelvin Chan,3102963
2026-07-01T23:00:07.095913,2026-07-01T23:00:07.107776+00:00,90.3,45,bid,FlawlessFlatbreads,EarnestEspressos,3102964
2026-07-01T23:00:08.385437,2026-07-01T23:00:08.409325+00:00,90.0,44,ask,EarnestEspressos,CostlyCorianders,3103005
2026-07-01T23:00:09.204510,2026-07-01T23:00:09.220711+00:00,90.3,6,bid,FlawlessFlatbreads,Kelvin Chan,3103029
2026-07-01T23:00:09.204510,2026-07-01T23:00:09.220711+00:00,90.4,44,bid,FlawlessFlatbreads,DiligentDonuts,3103030
2026-07-01T23:00:10.087222,2026-07-01T23:00:10.095907+00:00,90.5,48,bid,CostlyCorianders,EarnestEspressos,3103042
2026-07-01T23:00:12.060257,2026-07-01T23:00:12.069354+00:00,90.2,11,ask,DiligentDonuts,Xuanyu Liu,3103079
2026-07-01T23:00:13.470751,2026-07-01T23:00:13.497585+00:00,90.1,50,ask,EarnestEspressos,FlawlessFlatbreads,3103116
2026-07-01T23:00:15.525163,2026-07-01T23:00:15.536881+00:00,90.2,50,bid,FlawlessFlatbreads,EarnestEspressos,3103154
2026-07-01T23:00:15.991982,2026-07-01T23:00:16.001485+00:00,90.2,11,bid,Xuanyu Liu,EarnestEspressos,3103174
2026-07-01T23:00:16.363153,2026-07-01T23:00:16.389970+00:00,90.2,89,bid,DiligentDonuts,EarnestEspressos,3103182
2026-07-01T23:00:16.363153,2026-07-01T23:00:16.389970+00:00,90.3,8,bid,DiligentDonuts,Kelvin Chan,3103183
2026-07-01T23:00:17.280702,2026-07-01T23:00:17.289323+00:00,90.3,3,ask,DiligentDonuts,Xuanyu Liu,3103196
2026-07-01T23:00:17.633607,2026-07-01T23:00:17.640463+00:00,90.4,4,bid,FlawlessFlatbreads,Kelvin Chan,3103201
2026-07-01T23:00:17.633607,2026-07-01T23:00:17.640463+00:00,90.8,46,bid,FlawlessFlatbreads,DiligentDonuts,3103202
2026-07-01T23:00:17.765254,2026-07-01T23:00:17.787228+00:00,90.4,5,bid,EarnestEspressos,Kelvin Chan,3103204
2026-07-01T23:00:17.777981,2026-07-01T23:00:17.787228+00:00,90.4,11,ask,EarnestEspressos,Xuanyu Liu,3103205
2026-07-01T23:00:18.606414,2026-07-01T23:00:18.614589+00:00,90.4,4,ask,EarnestEspressos,Kelvin Chan,3103219
2026-07-01T23:00:19.578500,2026-07-01T23:00:19.604279+00:00,90.4,100,ask,EarnestEspressos,DiligentDonuts,3103238
2026-07-01T23:00:19.742653,2026-07-01T23:00:19.744855+00:00,90.5,4,bid,FlawlessFlatbreads,Kelvin Chan,3103246
2026-07-01T23:00:19.742653,2026-07-01T23:00:19.744855+00:00,90.9,46,bid,FlawlessFlatbreads,EarnestEspressos,3103247
2026-07-01T23:00:19.979646,2026-07-01T23:00:19.985833+00:00,90.4,30,ask,EarnestEspressos,CostlyCorianders,3103256
2026-07-01T23:00:19.979646,2026-07-01T23:00:19.985833+00:00,89.8,10,ask,DiligentDonuts,CostlyCorianders,3103257
2026-07-01T23:00:21.376097,2026-07-01T23:00:21.386730+00:00,90.4,49,bid,CostlyCorianders,EarnestEspressos,3103275
2026-07-01T23:00:21.849814,2026-07-01T23:00:21.858617+00:00,90.4,50,bid,FlawlessFlatbreads,EarnestEspressos,3103292
2026-07-01T23:00:23.919295,2026-07-01T23:00:23.930638+00:00,90.2,46,ask,DiligentDonuts,CostlyCorianders,3103341
2026-07-01T23:00:23.965335,2026-07-01T23:00:23.988903+00:00,90.4,50,bid,FlawlessFlatbreads,EarnestEspressos,3103344
2026-07-01T23:00:24.092553,2026-07-01T23:00:24.120467+00:00,90.5,4,bid,EarnestEspressos,Kelvin Chan,3103347
2026-07-01T23:00:24.092553,2026-07-01T23:00:24.125451+00:00,90.7,100,bid,EarnestEspressos,DiligentDonuts,3103348
2026-07-01T23:00:25.459632,2026-07-01T23:00:25.470235+00:00,90.7,3,ask,EarnestEspressos,Xuanyu Liu,3103371
2026-07-01T23:00:25.772094,2026-07-01T23:00:25.781248+00:00,90.7,4,ask,EarnestEspressos,Kelvin Chan,3103374
2026-07-01T23:00:26.071516,2026-07-01T23:00:26.079856+00:00,90.9,50,bid,FlawlessFlatbreads,DiligentDonuts,3103379
2026-07-01T23:00:26.617738,2026-07-01T23:00:26.628901+00:00,90.7,11,ask,EarnestEspressos,Xuanyu Liu,3103402
2026-07-01T23:00:26.619092,2026-07-01T23:00:26.628901+00:00,90.7,28,ask,EarnestEspressos,Chester Au,3103404
2026-07-01T23:00:27.316702,2026-07-01T23:00:27.323726+00:00,90.4,100,ask,DiligentDonuts,EarnestEspressos,3103416
2026-07-01T23:00:27.330371,2026-07-01T23:00:27.338720+00:00,90.4,14,bid,Xuanyu Liu,EarnestEspressos,3103417
2026-07-01T23:00:28.178134,2026-07-01T23:00:28.190052+00:00,90.4,36,bid,FlawlessFlatbreads,EarnestEspressos,3103435
2026-07-01T23:00:28.178134,2026-07-01T23:00:28.190052+00:00,90.6,6,bid,FlawlessFlatbreads,Kelvin Chan,3103436
2026-07-01T23:00:28.178134,2026-07-01T23:00:28.190052+00:00,90.9,8,bid,FlawlessFlatbreads,DiligentDonuts,3103437
2026-07-01T23:00:30.288715,2026-07-01T23:00:30.321343+00:00,90.7,50,bid,FlawlessFlatbreads,DiligentDonuts,3103475
2026-07-01T23:00:30.459656,2026-07-01T23:00:30.468848+00:00,90.5,3,ask,EarnestEspressos,Xuanyu Liu,3103479
2026-07-01T23:00:32.395636,2026-07-01T23:00:32.407497+00:00,90.7,5,bid,FlawlessFlatbreads,Kelvin Chan,3103509
2026-07-01T23:00:32.395636,2026-07-01T23:00:32.407497+00:00,91.0,45,bid,FlawlessFlatbreads,EarnestEspressos,3103510
2026-07-01T23:00:32.521518,2026-07-01T23:00:32.532979+00:00,90.5,44,ask,EarnestEspressos,CostlyCorianders,3103513
2026-07-01T23:00:34.504484,2026-07-01T23:00:34.536357+00:00,91.0,50,bid,FlawlessFlatbreads,DiligentDonuts,3103558
2026-07-01T23:00:35.669098,2026-07-01T23:00:35.679527+00:00,90.8,6,bid,CostlyCorianders,Kelvin Chan,3103589
2026-07-01T23:00:35.669098,2026-07-01T23:00:35.679527+00:00,91.0,36,bid,CostlyCorianders,EarnestEspressos,3103590
2026-07-01T23:00:36.730056,2026-07-01T23:00:36.733088+00:00,90.6,45,ask,DiligentDonuts,CostlyCorianders,3103610
2026-07-01T23:00:37.013748,2026-07-01T23:00:37.025297+00:00,90.8,11,ask,EarnestEspressos,Xuanyu Liu,3103625
2026-07-01T23:00:37.017062,2026-07-01T23:00:37.025297+00:00,90.8,139,ask,EarnestEspressos,Chester Au,3103626
2026-07-01T23:00:37.309696,2026-07-01T23:00:37.320610+00:00,91.1,42,bid,CostlyCorianders,DiligentDonuts,3103634
2026-07-01T23:00:38.715553,2026-07-01T23:00:38.764980+00:00,91.1,50,bid,FlawlessFlatbreads,DiligentDonuts,3103660
2026-07-01T23:00:39.969937,2026-07-01T23:00:39.979758+00:00,90.6,100,ask,DiligentDonuts,EarnestEspressos,3103678
2026-07-01T23:00:39.969937,2026-07-01T23:00:39.979758+00:00,90.6,5,ask,Kelvin Chan,EarnestEspressos,3103679
2026-07-01T23:00:40.107869,2026-07-01T23:00:40.121411+00:00,90.6,5,bid,Kelvin Chan,EarnestEspressos,3103686
2026-07-01T23:00:40.588489,2026-07-01T23:00:40.599727+00:00,90.1,43,ask,EarnestEspressos,CostlyCorianders,3103701
2026-07-01T23:00:40.822378,2026-07-01T23:00:40.827103+00:00,90.6,40,bid,FlawlessFlatbreads,EarnestEspressos,3103709
2026-07-01T23:00:40.822378,2026-07-01T23:00:40.827103+00:00,91.1,10,bid,FlawlessFlatbreads,DiligentDonuts,3103710
2026-07-01T23:00:42.672270,2026-07-01T23:00:42.700478+00:00,90.6,5,ask,Kelvin Chan,CostlyCorianders,3103740
2026-07-01T23:00:42.672270,2026-07-01T23:00:42.700478+00:00,90.4,39,ask,DiligentDonuts,CostlyCorianders,3103741
2026-07-01T23:00:42.929513,2026-07-01T23:00:42.963861+00:00,90.9,50,bid,FlawlessFlatbreads,DiligentDonuts,3103747
2026-07-01T23:00:45.092321,2026-07-01T23:00:45.099571+00:00,90.6,5,ask,Kelvin Chan,FlawlessFlatbreads,3103800
2026-07-01T23:00:45.092321,2026-07-01T23:00:45.105192+00:00,90.5,45,ask,EarnestEspressos,CostlyCorianders,3103801
2026-07-01T23:00:45.329094,2026-07-01T23:00:45.338372+00:00,90.9,45,bid,CostlyCorianders,DiligentDonuts,3103805
2026-07-01T23:00:45.792195,2026-07-01T23:00:45.799068+00:00,90.9,49,bid,CostlyCorianders,DiligentDonuts,3103808
2026-07-01T23:00:45.848572,2026-07-01T23:00:45.848484+00:00,90.5,45,ask,EarnestEspressos,FlawlessFlatbreads,3103810
2026-07-01T23:00:46.391492,2026-07-01T23:00:46.416690+00:00,90.4,47,ask,DiligentDonuts,CostlyCorianders,3103826
2026-07-01T23:00:47.218359,2026-07-01T23:00:47.238199+00:00,90.4,50,ask,DiligentDonuts,FlawlessFlatbreads,3103832
2026-07-01T23:00:48.821012,2026-07-01T23:00:48.829918+00:00,90.5,11,bid,Xuanyu Liu,EarnestEspressos,3103869
2026-07-01T23:00:49.327919,2026-07-01T23:00:49.359233+00:00,90.3,50,ask,DiligentDonuts,FlawlessFlatbreads,3103876
2026-07-01T23:00:51.435141,2026-07-01T23:00:51.464797+00:00,90.2,50,ask,EarnestEspressos,FlawlessFlatbreads,3103917
2026-07-01T23:00:51.932373,2026-07-01T23:00:51.958635+00:00,90.7,44,bid,CostlyCorianders,EarnestEspressos,3103924
2026-07-01T23:00:52.622807,2026-07-01T23:00:52.631817+00:00,90.5,4,ask,Kelvin Chan,EarnestEspressos,3103939
2026-07-01T23:00:53.008970,2026-07-01T23:00:53.064525+00:00,90.5,43,bid,CostlyCorianders,EarnestEspressos,3103948
2026-07-01T23:00:53.543199,2026-07-01T23:00:53.558807+00:00,90.2,50,ask,DiligentDonuts,FlawlessFlatbreads,3103955
2026-07-01T23:00:54.193053,2026-07-01T23:00:54.204849+00:00,90.4,4,ask,Kelvin Chan,CostlyCorianders,3103971
2026-07-01T23:00:54.193053,2026-07-01T23:00:54.204849+00:00,90.2,45,ask,DiligentDonuts,CostlyCorianders,3103972
2026-07-01T23:00:55.393787,2026-07-01T23:00:55.403479+00:00,90.3,3,bid,Xuanyu Liu,DiligentDonuts,3104001
2026-07-01T23:00:55.665174,2026-07-01T23:00:55.680238+00:00,90.0,50,ask,EarnestEspressos,FlawlessFlatbreads,3104005
2026-07-01T23:00:55.832333,2026-07-01T23:00:55.851129+00:00,90.3,2,bid,Kelvin Chan,DiligentDonuts,3104012
2026-07-01T23:00:56.175955,2026-07-01T23:00:56.192365+00:00,90.3,48,bid,CostlyCorianders,DiligentDonuts,3104014
2026-07-01T23:00:56.393627,2026-07-01T23:00:56.400949+00:00,90.3,1,bid,Kelvin Chan,DiligentDonuts,3104017
2026-07-01T23:00:56.682838,2026-07-01T23:00:56.692631+00:00,90.3,46,bid,Chester Au,DiligentDonuts,3104024
2026-07-01T23:00:56.685802,2026-07-01T23:00:56.692631+00:00,90.5,43,bid,CostlyCorianders,EarnestEspressos,3104025
2026-07-01T23:00:57.485415,2026-07-01T23:00:57.500840+00:00,90.5,100,bid,DiligentDonuts,EarnestEspressos,3104037
2026-07-01T23:00:57.777873,2026-07-01T23:00:57.787265+00:00,90.0,50,ask,EarnestEspressos,FlawlessFlatbreads,3104045
2026-07-01T23:00:58.343921,2026-07-01T23:00:58.355514+00:00,90.3,1,ask,Kelvin Chan,CostlyCorianders,3104067
2026-07-01T23:00:58.343921,2026-07-01T23:00:58.355514+00:00,90.0,41,ask,EarnestEspressos,CostlyCorianders,3104068
2026-07-01T23:00:59.888755,2026-07-01T23:00:59.900432+00:00,90.5,50,ask,EarnestEspressos,FlawlessFlatbreads,3104095
2026-07-01T23:01:00.626434,2026-07-01T23:01:00.636835+00:00,90.5,3,ask,EarnestEspressos,Xuanyu Liu,3104109
2026-07-01T23:01:00.700144,2026-07-01T23:01:00.711935+00:00,90.5,97,ask,EarnestEspressos,DiligentDonuts,3104112
2026-07-01T23:01:01.754180,2026-07-01T23:01:01.763999+00:00,89.9,49,ask,DiligentDonuts,CostlyCorianders,3104139
2026-07-01T23:01:01.995083,2026-07-01T23:01:02.017112+00:00,89.9,50,ask,DiligentDonuts,FlawlessFlatbreads,3104143
2026-07-01T23:01:02.128775,2026-07-01T23:01:02.138391+00:00,90.0,3,bid,Xuanyu Liu,EarnestEspressos,3104144
2026-07-01T23:01:02.960822,2026-07-01T23:01:02.990368+00:00,90.0,1,bid,Chester Au,EarnestEspressos,3104162
2026-07-01T23:01:03.238748,2026-07-01T23:01:03.269536+00:00,90.0,120,bid,Chester Au,EarnestEspressos,3104170
2026-07-01T23:01:03.259772,2026-07-01T23:01:03.269536+00:00,90.0,3,bid,Xuanyu Liu,EarnestEspressos,3104172
2026-07-01T23:01:04.051750,2026-07-01T23:01:04.063794+00:00,90.0,23,bid,FlawlessFlatbreads,EarnestEspressos,3104187
2026-07-01T23:01:04.051750,2026-07-01T23:01:04.063794+00:00,90.4,27,bid,FlawlessFlatbreads,DiligentDonuts,3104188
2026-07-01T23:01:05.231645,2026-07-01T23:01:05.240531+00:00,90.3,3,ask,EarnestEspressos,Xuanyu Liu,3104204
2026-07-01T23:01:06.185187,2026-07-01T23:01:06.196837+00:00,90.4,50,bid,FlawlessFlatbreads,DiligentDonuts,3104225
2026-07-01T23:01:07.092351,2026-07-01T23:01:07.108401+00:00,90.8,40,bid,CostlyCorianders,EarnestEspressos,3104235
2026-07-01T23:01:08.292104,2026-07-01T23:01:08.301358+00:00,90.6,5,bid,FlawlessFlatbreads,Kelvin Chan,3104247
2026-07-01T23:01:08.292104,2026-07-01T23:01:08.301358+00:00,90.8,45,bid,FlawlessFlatbreads,EarnestEspressos,3104248
2026-07-01T23:01:08.396789,2026-07-01T23:01:08.408420+00:00,90.5,3,ask,EarnestEspressos,Xuanyu Liu,3104255
2026-07-01T23:01:10.398323,2026-07-01T23:01:10.401488+00:00,90.7,50,bid,FlawlessFlatbreads,DiligentDonuts,3104294
2026-07-01T23:01:11.548826,2026-07-01T23:01:11.573893+00:00,90.7,50,bid,EarnestEspressos,DiligentDonuts,3104304
2026-07-01T23:01:11.548826,2026-07-01T23:01:11.573893+00:00,90.7,3,bid,EarnestEspressos,Kelvin Chan,3104305
2026-07-01T23:01:11.578925,2026-07-01T23:01:11.584519+00:00,90.7,3,ask,EarnestEspressos,Kelvin Chan,3104307
2026-07-01T23:01:12.509285,2026-07-01T23:01:12.519723+00:00,91.2,50,bid,FlawlessFlatbreads,EarnestEspressos,3104317
2026-07-01T23:01:12.619199,2026-07-01T23:01:12.628681+00:00,90.7,2,ask,EarnestEspressos,Kelvin Chan,3104321
2026-07-01T23:01:12.644218,2026-07-01T23:01:12.671504+00:00,90.7,92,ask,EarnestEspressos,Chester Au,3104323
2026-07-01T23:01:13.510485,2026-07-01T23:01:13.532495+00:00,90.5,41,ask,DiligentDonuts,CostlyCorianders,3104342
2026-07-01T23:01:14.618678,2026-07-01T23:01:14.638425+00:00,90.8,1,bid,FlawlessFlatbreads,Kelvin Chan,3104356
2026-07-01T23:01:14.618678,2026-07-01T23:01:14.638425+00:00,91.0,49,bid,FlawlessFlatbreads,DiligentDonuts,3104357
2026-07-01T23:01:14.663413,2026-07-01T23:01:14.686638+00:00,90.5,47,ask,DiligentDonuts,CostlyCorianders,3104362
2026-07-01T23:01:16.246541,2026-07-01T23:01:16.269277+00:00,90.8,1,bid,CostlyCorianders,Kelvin Chan,3104387
2026-07-01T23:01:16.246541,2026-07-01T23:01:16.269277+00:00,90.9,39,bid,CostlyCorianders,EarnestEspressos,3104388
2026-07-01T23:01:16.726431,2026-07-01T23:01:16.735999+00:00,90.9,50,bid,FlawlessFlatbreads,EarnestEspressos,3104391
2026-07-01T23:01:17.369756,2026-07-01T23:01:17.381022+00:00,90.5,4,ask,Kelvin Chan,CostlyCorianders,3104403
2026-07-01T23:01:18.427968,2026-07-01T23:01:18.448497+00:00,90.8,1,bid,FlawlessFlatbreads,Kelvin Chan,3104423
2026-07-01T23:01:18.427968,2026-07-01T23:01:18.448497+00:00,90.9,43,bid,CostlyCorianders,DiligentDonuts,3104424
2026-07-01T23:01:18.833489,2026-07-01T23:01:18.839343+00:00,90.8,1,bid,CostlyCorianders,Kelvin Chan,3104435
2026-07-01T23:01:18.833489,2026-07-01T23:01:18.839343+00:00,90.9,49,bid,FlawlessFlatbreads,DiligentDonuts,3104436
2026-07-01T23:01:19.389285,2026-07-01T23:01:19.400715+00:00,90.5,5,ask,Kelvin Chan,CostlyCorianders,3104445
2026-07-01T23:01:19.389285,2026-07-01T23:01:19.400715+00:00,90.5,35,ask,EarnestEspressos,CostlyCorianders,3104446
2026-07-01T23:01:19.911265,2026-07-01T23:01:19.929629+00:00,90.7,100,ask,DiligentDonuts,Chester Au,3104454
2026-07-01T23:01:20.942909,2026-07-01T23:01:20.963955+00:00,90.8,1,bid,FlawlessFlatbreads,Kelvin Chan,3104482
2026-07-01T23:01:20.942909,2026-07-01T23:01:20.963955+00:00,91.0,49,bid,FlawlessFlatbreads,EarnestEspressos,3104483
2026-07-01T23:01:21.333878,2026-07-01T23:01:21.342899+00:00,90.9,1,bid,CostlyCorianders,Kelvin Chan,3104491
2026-07-01T23:01:21.333878,2026-07-01T23:01:21.342899+00:00,91.1,40,bid,CostlyCorianders,EarnestEspressos,3104492
2026-07-01T23:01:21.389261,2026-07-01T23:01:21.400752+00:00,90.6,41,ask,EarnestEspressos,CostlyCorianders,3104494
2026-07-01T23:01:21.635137,2026-07-01T23:01:21.648461+00:00,90.6,8,ask,EarnestEspressos,Chester Au,3104499
2026-07-01T23:01:21.660382,2026-07-01T23:01:21.668835+00:00,90.6,11,ask,EarnestEspressos,Xuanyu Liu,3104501
2026-07-01T23:01:21.969162,2026-07-01T23:01:21.980676+00:00,90.6,47,ask,EarnestEspressos,CostlyCorianders,3104504
2026-07-01T23:01:23.050286,2026-07-01T23:01:23.042545+00:00,90.7,50,bid,FlawlessFlatbreads,DiligentDonuts,3104534
2026-07-01T23:01:25.208755,2026-07-01T23:01:25.220577+00:00,90.5,4,ask,Kelvin Chan,FlawlessFlatbreads,3104562
2026-07-01T23:01:25.208755,2026-07-01T23:01:25.220577+00:00,90.4,46,ask,EarnestEspressos,FlawlessFlatbreads,3104563
2026-07-01T23:01:27.317054,2026-07-01T23:01:27.324816+00:00,90.6,5,ask,Kelvin Chan,FlawlessFlatbreads,3104613
2026-07-01T23:01:27.317054,2026-07-01T23:01:27.329801+00:00,90.6,45,ask,DiligentDonuts,FlawlessFlatbreads,3104614
2026-07-01T23:01:29.424816,2026-07-01T23:01:29.435647+00:00,90.6,5,ask,Kelvin Chan,FlawlessFlatbreads,3104655
2026-07-01T23:01:29.424816,2026-07-01T23:01:29.435647+00:00,90.5,45,ask,DiligentDonuts,FlawlessFlatbreads,3104656
2026-07-01T23:01:29.673017,2026-07-01T23:01:29.684899+00:00,90.7,46,bid,CostlyCorianders,EarnestEspressos,3104664
2026-07-01T23:01:31.363118,2026-07-01T23:01:31.393185+00:00,90.8,2,bid,CostlyCorianders,Kelvin Chan,3104677
2026-07-01T23:01:31.363118,2026-07-01T23:01:31.393185+00:00,91.0,43,bid,CostlyCorianders,DiligentDonuts,3104678
2026-07-01T23:01:31.532907,2026-07-01T23:01:31.558716+00:00,90.5,50,ask,DiligentDonuts,FlawlessFlatbreads,3104686
2026-07-01T23:01:31.900955,2026-07-01T23:01:31.907339+00:00,90.9,2,bid,CostlyCorianders,Kelvin Chan,3104692
2026-07-01T23:01:33.639638,2026-07-01T23:01:33.651122+00:00,90.5,3,ask,Kelvin Chan,FlawlessFlatbreads,3104731
2026-07-01T23:01:33.639638,2026-07-01T23:01:33.651122+00:00,90.5,47,ask,EarnestEspressos,FlawlessFlatbreads,3104732
2026-07-01T23:01:34.976323,2026-07-01T23:01:34.983375+00:00,90.9,47,bid,CostlyCorianders,DiligentDonuts,3104744
2026-07-01T23:01:35.560458,2026-07-01T23:01:35.595033+00:00,90.6,3,ask,Kelvin Chan,CostlyCorianders,3104751
2026-07-01T23:01:35.560458,2026-07-01T23:01:35.595033+00:00,90.6,46,ask,DiligentDonuts,CostlyCorianders,3104752
2026-07-01T23:01:35.748890,2026-07-01T23:01:35.758758+00:00,90.6,50,ask,DiligentDonuts,FlawlessFlatbreads,3104762
2026-07-01T23:01:37.359490,2026-07-01T23:01:37.369753+00:00,90.9,2,bid,Xuanyu Liu,Kelvin Chan,3104795
2026-07-01T23:01:37.856141,2026-07-01T23:01:37.876342+00:00,90.6,4,ask,DiligentDonuts,FlawlessFlatbreads,3104801
2026-07-01T23:01:37.856141,2026-07-01T23:01:37.876342+00:00,90.5,46,ask,EarnestEspressos,FlawlessFlatbreads,3104802
2026-07-01T23:01:38.186979,2026-07-01T23:01:38.196697+00:00,90.9,2,bid,Xuanyu Liu,Kelvin Chan,3104806
2026-07-01T23:01:39.974800,2026-07-01T23:01:40.002630+00:00,90.6,4,ask,Kelvin Chan,FlawlessFlatbreads,3104850
2026-07-01T23:01:39.974800,2026-07-01T23:01:40.002630+00:00,90.5,46,ask,EarnestEspressos,FlawlessFlatbreads,3104851
2026-07-01T23:01:40.121722,2026-07-01T23:01:40.132091+00:00,90.6,10,bid,Xuanyu Liu,EarnestEspressos,3104857
2026-07-01T23:01:40.431021,2026-07-01T23:01:40.437391+00:00,90.4,42,ask,DiligentDonuts,CostlyCorianders,3104862
2026-07-01T23:01:40.683114,2026-07-01T23:01:40.713330+00:00,90.6,5,bid,Kelvin Chan,EarnestEspressos,3104865
2026-07-01T23:01:41.553950,2026-07-01T23:01:41.548466+00:00,90.6,46,bid,CostlyCorianders,EarnestEspressos,3104875
2026-07-01T23:01:42.083071,2026-07-01T23:01:42.089273+00:00,90.5,4,ask,Kelvin Chan,FlawlessFlatbreads,3104882
2026-07-01T23:01:42.083071,2026-07-01T23:01:42.089273+00:00,90.2,46,ask,DiligentDonuts,FlawlessFlatbreads,3104883
2026-07-01T23:01:43.253065,2026-07-01T23:01:43.253952+00:00,90.5,3,ask,Kelvin Chan,CostlyCorianders,3104901
2026-07-01T23:01:43.253065,2026-07-01T23:01:43.253952+00:00,90.4,40,ask,EarnestEspressos,CostlyCorianders,3104902
2026-07-01T23:01:44.195839,2026-07-01T23:01:44.207202+00:00,90.4,50,ask,EarnestEspressos,FlawlessFlatbreads,3104924
2026-07-01T23:01:44.906983,2026-07-01T23:01:44.919669+00:00,90.9,2,bid,CostlyCorianders,Kelvin Chan,3104931
2026-07-01T23:01:44.906983,2026-07-01T23:01:44.919669+00:00,90.9,44,bid,CostlyCorianders,EarnestEspressos,3104932
2026-07-01T23:01:45.247109,2026-07-01T23:01:45.263969+00:00,90.7,100,bid,Chester Au,DiligentDonuts,3104938
2026-07-01T23:01:46.304107,2026-07-01T23:01:46.325933+00:00,90.5,1,ask,Kelvin Chan,FlawlessFlatbreads,3104958
2026-07-01T23:01:46.304107,2026-07-01T23:01:46.325933+00:00,90.4,49,ask,EarnestEspressos,FlawlessFlatbreads,3104959
2026-07-01T23:01:46.472813,2026-07-01T23:01:46.485764+00:00,90.2,43,ask,DiligentDonuts,CostlyCorianders,3104961
2026-07-01T23:01:46.561352,2026-07-01T23:01:46.613048+00:00,90.4,100,bid,Chester Au,EarnestEspressos,3104963
2026-07-01T23:01:46.602326,2026-07-01T23:01:46.613048+00:00,90.4,14,bid,Xuanyu Liu,EarnestEspressos,3104965
2026-07-01T23:01:47.571691,2026-07-01T23:01:47.579760+00:00,90.4,36,bid,CostlyCorianders,EarnestEspressos,3104992
2026-07-01T23:01:47.571691,2026-07-01T23:01:47.590164+00:00,90.8,3,bid,CostlyCorianders,Kelvin Chan,3104993
2026-07-01T23:01:48.413747,2026-07-01T23:01:48.425079+00:00,90.3,50,ask,DiligentDonuts,FlawlessFlatbreads,3105011
2026-07-01T23:01:49.559643,2026-07-01T23:01:49.572338+00:00,90.7,11,ask,EarnestEspressos,Xuanyu Liu,3105037
2026-07-01T23:01:50.178442,2026-07-01T23:01:50.187630+00:00,90.7,3,ask,EarnestEspressos,Xuanyu Liu,3105047
2026-07-01T23:01:50.415095,2026-07-01T23:01:50.421975+00:00,90.7,48,ask,EarnestEspressos,CostlyCorianders,3105053
2026-07-01T23:01:50.522404,2026-07-01T23:01:50.529259+00:00,90.7,50,ask,EarnestEspressos,FlawlessFlatbreads,3105057
2026-07-01T23:01:51.329557,2026-07-01T23:01:51.340841+00:00,90.7,38,ask,EarnestEspressos,DiligentDonuts,3105072
2026-07-01T23:01:51.438856,2026-07-01T23:01:51.458590+00:00,90.5,42,bid,CostlyCorianders,DiligentDonuts,3105074
2026-07-01T23:01:52.628632,2026-07-01T23:01:52.659306+00:00,90.4,5,ask,Kelvin Chan,FlawlessFlatbreads,3105093
2026-07-01T23:01:54.061531,2026-07-01T23:01:54.073068+00:00,90.0,43,ask,DiligentDonuts,CostlyCorianders,3105115
2026-07-01T23:01:55.685261,2026-07-01T23:01:55.696765+00:00,90.3,47,bid,CostlyCorianders,EarnestEspressos,3105144
2026-07-01T23:01:56.809222,2026-07-01T23:01:56.819798+00:00,90.4,50,bid,FlawlessFlatbreads,DiligentDonuts,3105157
2026-07-01T23:01:58.915840,2026-07-01T23:01:58.942769+00:00,90.4,50,bid,FlawlessFlatbreads,EarnestEspressos,3105191
2026-07-01T23:01:59.584366,2026-07-01T23:01:59.595261+00:00,90.4,41,bid,CostlyCorianders,DiligentDonuts,3105203
2026-07-01T23:01:59.705619,2026-07-01T23:01:59.715985+00:00,90.4,3,bid,Xuanyu Liu,DiligentDonuts,3105205
2026-07-01T23:02:01.037273,2026-07-01T23:02:01.063956+00:00,90.7,50,bid,FlawlessFlatbreads,EarnestEspressos,3105232
2026-07-01T23:02:02.214353,2026-07-01T23:02:02.224755+00:00,90.4,3,ask,EarnestEspressos,Xuanyu Liu,3105249
2026-07-01T23:02:03.144260,2026-07-01T23:02:03.155737+00:00,90.8,50,bid,FlawlessFlatbreads,DiligentDonuts,3105260
2026-07-01T23:02:05.272045,2026-07-01T23:02:05.280207+00:00,90.9,50,bid,FlawlessFlatbreads,EarnestEspressos,3105301
2026-07-01T23:02:07.431686,2026-07-01T23:02:07.458633+00:00,90.5,50,ask,EarnestEspressos,FlawlessFlatbreads,3105352
2026-07-01T23:02:10.070785,2026-07-01T23:02:10.079352+00:00,90.6,49,ask,EarnestEspressos,CostlyCorianders,3105406
2026-07-01T23:02:10.574739,2026-07-01T23:02:10.586490+00:00,90.6,40,ask,EarnestEspressos,CostlyCorianders,3105422
2026-07-01T23:02:11.672178,2026-07-01T23:02:11.680360+00:00,90.6,50,ask,DiligentDonuts,FlawlessFlatbreads,3105446
2026-07-01T23:02:13.783596,2026-07-01T23:02:13.795848+00:00,90.5,3,ask,Kelvin Chan,FlawlessFlatbreads,3105482
2026-07-01T23:02:13.783596,2026-07-01T23:02:13.795848+00:00,90.4,47,ask,EarnestEspressos,FlawlessFlatbreads,3105483
2026-07-01T23:02:14.081691,2026-07-01T23:02:14.084762+00:00,90.9,41,bid,CostlyCorianders,EarnestEspressos,3105498
2026-07-01T23:02:14.617665,2026-07-01T23:02:14.629187+00:00,90.9,48,bid,CostlyCorianders,EarnestEspressos,3105508
2026-07-01T23:02:14.672577,2026-07-01T23:02:14.681004+00:00,90.4,43,ask,EarnestEspressos,CostlyCorianders,3105509
2026-07-01T23:02:15.893115,2026-07-01T23:02:15.920396+00:00,90.5,5,ask,Kelvin Chan,FlawlessFlatbreads,3105537
2026-07-01T23:02:15.893115,2026-07-01T23:02:15.920396+00:00,90.4,45,ask,DiligentDonuts,FlawlessFlatbreads,3105538
2026-07-01T23:02:16.316541,2026-07-01T23:02:16.339030+00:00,90.4,49,ask,DiligentDonuts,CostlyCorianders,3105544
2026-07-01T23:02:17.387679,2026-07-01T23:02:17.395189+00:00,90.5,5,bid,Kelvin Chan,DiligentDonuts,3105556
2026-07-01T23:02:17.558934,2026-07-01T23:02:17.583407+00:00,90.5,5,bid,Kelvin Chan,DiligentDonuts,3105557
2026-07-01T23:02:18.003071,2026-07-01T23:02:18.012336+00:00,90.0,50,ask,DiligentDonuts,FlawlessFlatbreads,3105563
2026-07-01T23:02:18.087191,2026-07-01T23:02:18.102339+00:00,90.5,3,bid,Xuanyu Liu,DiligentDonuts,3105566
2026-07-01T23:02:18.389770,2026-07-01T23:02:18.407837+00:00,90.5,5,bid,Kelvin Chan,DiligentDonuts,3105569
2026-07-01T23:02:19.401805,2026-07-01T23:02:19.411684+00:00,90.5,11,bid,Xuanyu Liu,DiligentDonuts,3105596
2026-07-01T23:02:20.113942,2026-07-01T23:02:20.128441+00:00,90.4,5,ask,Kelvin Chan,FlawlessFlatbreads,3105603
2026-07-01T23:02:20.113942,2026-07-01T23:02:20.128441+00:00,90.2,45,ask,EarnestEspressos,FlawlessFlatbreads,3105604
2026-07-01T23:02:21.159111,2026-07-01T23:02:21.169345+00:00,90.7,43,bid,CostlyCorianders,DiligentDonuts,3105625
2026-07-01T23:02:21.647415,2026-07-01T23:02:21.669054+00:00,90.5,48,bid,CostlyCorianders,EarnestEspressos,3105630
2026-07-01T23:02:22.224342,2026-07-01T23:02:22.235895+00:00,90.4,3,ask,Kelvin Chan,FlawlessFlatbreads,3105645
2026-07-01T23:02:22.224342,2026-07-01T23:02:22.235895+00:00,90.2,47,ask,DiligentDonuts,FlawlessFlatbreads,3105646
2026-07-01T23:02:23.645024,2026-07-01T23:02:23.658627+00:00,90.5,47,bid,CostlyCorianders,EarnestEspressos,3105678
2026-07-01T23:02:24.331820,2026-07-01T23:02:24.337977+00:00,90.4,3,ask,Kelvin Chan,FlawlessFlatbreads,3105691
2026-07-01T23:02:24.665586,2026-07-01T23:02:24.673657+00:00,90.4,14,ask,EarnestEspressos,Xuanyu Liu,3105696
2026-07-01T23:02:25.965724,2026-07-01T23:02:25.977437+00:00,90.5,3,bid,Xuanyu Liu,DiligentDonuts,3105726
2026-07-01T23:02:27.871871,2026-07-01T23:02:27.892901+00:00,90.4,42,ask,EarnestEspressos,CostlyCorianders,3105755
2026-07-01T23:02:28.490798,2026-07-01T23:02:28.498635+00:00,90.6,3,bid,FlawlessFlatbreads,Kelvin Chan,3105775
2026-07-01T23:02:28.490798,2026-07-01T23:02:28.503643+00:00,90.6,47,bid,FlawlessFlatbreads,DiligentDonuts,3105776
2026-07-01T23:02:28.934672,2026-07-01T23:02:28.934960+00:00,90.6,40,bid,CostlyCorianders,DiligentDonuts,3105787
2026-07-01T23:02:30.599871,2026-07-01T23:02:30.611220+00:00,90.6,2,bid,FlawlessFlatbreads,Kelvin Chan,3105821
2026-07-01T23:02:30.599871,2026-07-01T23:02:30.611220+00:00,90.9,48,bid,FlawlessFlatbreads,EarnestEspressos,3105822
2026-07-01T23:02:32.709688,2026-07-01T23:02:32.733427+00:00,90.7,2,bid,FlawlessFlatbreads,Kelvin Chan,3105867
2026-07-01T23:02:32.709688,2026-07-01T23:02:32.733427+00:00,90.8,48,bid,FlawlessFlatbreads,DiligentDonuts,3105868
2026-07-01T23:02:34.819643,2026-07-01T23:02:34.831092+00:00,90.7,1,bid,FlawlessFlatbreads,Kelvin Chan,3105909
2026-07-01T23:02:34.819643,2026-07-01T23:02:34.831092+00:00,90.8,49,bid,FlawlessFlatbreads,DiligentDonuts,3105910
2026-07-01T23:02:35.405504,2026-07-01T23:02:35.407313+00:00,90.4,49,ask,EarnestEspressos,CostlyCorianders,3105931
2026-07-01T23:02:38.715873,2026-07-01T23:02:38.718542+00:00,90.8,100,bid,DiligentDonuts,EarnestEspressos,3106001
2026-07-01T23:02:39.081298,2026-07-01T23:02:39.099335+00:00,90.5,5,ask,Kelvin Chan,FlawlessFlatbreads,3106008
2026-07-01T23:02:39.081298,2026-07-01T23:02:39.104311+00:00,90.3,45,ask,EarnestEspressos,FlawlessFlatbreads,3106009
2026-07-01T23:02:41.188103,2026-07-01T23:02:41.197370+00:00,90.5,50,ask,EarnestEspressos,FlawlessFlatbreads,3106040
2026-07-01T23:02:42.364739,2026-07-01T23:02:42.371132+00:00,90.5,47,ask,EarnestEspressos,CostlyCorianders,3106062
2026-07-01T23:02:43.244598,2026-07-01T23:02:43.246769+00:00,90.7,50,bid,FlawlessFlatbreads,DiligentDonuts,3106085
2026-07-01T23:02:45.354891,2026-07-01T23:02:45.363713+00:00,90.8,50,bid,FlawlessFlatbreads,EarnestEspressos,3106127
2026-07-01T23:02:47.511566,2026-07-01T23:02:47.522996+00:00,90.6,50,ask,DiligentDonuts,FlawlessFlatbreads,3106181
2026-07-01T23:02:49.567939,2026-07-01T23:02:49.579436+00:00,90.8,5,bid,FlawlessFlatbreads,Kelvin Chan,3106237
2026-07-01T23:02:49.567939,2026-07-01T23:02:49.579436+00:00,91.1,45,bid,FlawlessFlatbreads,EarnestEspressos,3106238
2026-07-01T23:02:49.960638,2026-07-01T23:02:49.973895+00:00,90.9,6,bid,CostlyCorianders,Kelvin Chan,3106242
2026-07-01T23:02:49.960638,2026-07-01T23:02:49.979088+00:00,91.1,40,bid,CostlyCorianders,DiligentDonuts,3106243
2026-07-01T23:02:51.676829,2026-07-01T23:02:51.688231+00:00,90.9,5,bid,FlawlessFlatbreads,Kelvin Chan,3106266
2026-07-01T23:02:51.676829,2026-07-01T23:02:51.688231+00:00,91.1,45,bid,FlawlessFlatbreads,EarnestEspressos,3106267
2026-07-01T23:02:52.849787,2026-07-01T23:02:52.858562+00:00,90.9,4,bid,EarnestEspressos,Kelvin Chan,3106285
2026-07-01T23:02:53.213188,2026-07-01T23:02:53.221612+00:00,90.9,3,ask,EarnestEspressos,Xuanyu Liu,3106297
2026-07-01T23:02:53.221593,2026-07-01T23:02:53.236884+00:00,90.9,43,ask,EarnestEspressos,CostlyCorianders,3106299
2026-07-01T23:02:53.658211,2026-07-01T23:02:53.669021+00:00,90.9,4,ask,EarnestEspressos,Kelvin Chan,3106304
2026-07-01T23:02:53.785062,2026-07-01T23:02:53.799910+00:00,91.1,50,bid,FlawlessFlatbreads,DiligentDonuts,3106305
2026-07-01T23:02:54.915775,2026-07-01T23:02:54.931270+00:00,90.9,49,ask,EarnestEspressos,CostlyCorianders,3106320
2026-07-01T23:02:55.893034,2026-07-01T23:02:55.899705+00:00,91.0,4,bid,FlawlessFlatbreads,Kelvin Chan,3106336
2026-07-01T23:02:55.893034,2026-07-01T23:02:55.899705+00:00,91.3,46,bid,FlawlessFlatbreads,DiligentDonuts,3106337
2026-07-01T23:02:57.354389,2026-07-01T23:02:57.368869+00:00,91.0,4,bid,CostlyCorianders,Kelvin Chan,3106360
2026-07-01T23:02:57.354389,2026-07-01T23:02:57.368869+00:00,91.0,42,bid,CostlyCorianders,EarnestEspressos,3106361
2026-07-01T23:02:58.003940,2026-07-01T23:02:58.015174+00:00,91.0,50,bid,FlawlessFlatbreads,EarnestEspressos,3106383
2026-07-01T23:02:59.935696,2026-07-01T23:02:59.941020+00:00,91.0,4,bid,CostlyCorianders,Kelvin Chan,3106416
2026-07-01T23:02:59.935696,2026-07-01T23:02:59.941020+00:00,91.2,41,bid,CostlyCorianders,DiligentDonuts,3106417
2026-07-01T23:02:59.992399,2026-07-01T23:02:59.999250+00:00,90.8,45,ask,EarnestEspressos,CostlyCorianders,3106421
2026-07-01T23:03:00.109015,2026-07-01T23:03:00.158606+00:00,91.2,50,bid,FlawlessFlatbreads,DiligentDonuts,3106430
2026-07-01T23:03:00.877072,2026-07-01T23:03:00.885756+00:00,91.0,3,ask,DiligentDonuts,Xuanyu Liu,3106444
2026-07-01T23:03:01.408286,2026-07-01T23:03:01.433016+00:00,91.0,97,ask,DiligentDonuts,Chester Au,3106460
2026-07-01T23:03:02.218453,2026-07-01T23:03:02.235308+00:00,91.3,50,bid,FlawlessFlatbreads,EarnestEspressos,3106468
2026-07-01T23:03:03.203656,2026-07-01T23:03:03.215365+00:00,90.7,47,ask,EarnestEspressos,CostlyCorianders,3106492
2026-07-01T23:03:03.784210,2026-07-01T23:03:03.791208+00:00,91.1,6,bid,CostlyCorianders,Kelvin Chan,3106498
2026-07-01T23:03:03.784210,2026-07-01T23:03:03.796842+00:00,91.2,43,bid,CostlyCorianders,EarnestEspressos,3106499
2026-07-01T23:03:04.324935,2026-07-01T23:03:04.327717+00:00,91.2,50,bid,FlawlessFlatbreads,EarnestEspressos,3106513
2026-07-01T23:03:05.778229,2026-07-01T23:03:05.793953+00:00,91.1,7,bid,CostlyCorianders,Kelvin Chan,3106539
2026-07-01T23:03:05.778229,2026-07-01T23:03:05.793953+00:00,91.2,35,bid,CostlyCorianders,DiligentDonuts,3106540
2026-07-01T23:03:06.480833,2026-07-01T23:03:06.507426+00:00,90.8,50,ask,EarnestEspressos,FlawlessFlatbreads,3106554
2026-07-01T23:03:07.193932,2026-07-01T23:03:07.221740+00:00,91.1,7,bid,DiligentDonuts,Kelvin Chan,3106572
2026-07-01T23:03:08.586497,2026-07-01T23:03:08.608430+00:00,91.1,50,ask,DiligentDonuts,FlawlessFlatbreads,3106591
2026-07-01T23:03:10.720441,2026-07-01T23:03:10.734108+00:00,90.9,3,ask,Kelvin Chan,CostlyCorianders,3106623
2026-07-01T23:03:10.720441,2026-07-01T23:03:10.734108+00:00,90.9,42,ask,DiligentDonuts,CostlyCorianders,3106624
2026-07-01T23:03:10.727057,2026-07-01T23:03:10.739581+00:00,90.9,50,ask,DiligentDonuts,FlawlessFlatbreads,3106625
2026-07-01T23:03:11.765579,2026-07-01T23:03:11.777679+00:00,91.2,2,bid,CostlyCorianders,Kelvin Chan,3106660
2026-07-01T23:03:11.765579,2026-07-01T23:03:11.777679+00:00,91.3,39,bid,CostlyCorianders,EarnestEspressos,3106661
2026-07-01T23:03:12.833973,2026-07-01T23:03:12.845702+00:00,90.9,8,ask,DiligentDonuts,FlawlessFlatbreads,3106681
2026-07-01T23:03:12.833973,2026-07-01T23:03:12.845702+00:00,90.9,42,ask,EarnestEspressos,FlawlessFlatbreads,3106682
2026-07-01T23:03:14.559468,2026-07-01T23:03:14.570407+00:00,91.3,3,bid,Xuanyu Liu,DiligentDonuts,3106725
2026-07-01T23:03:14.965207,2026-07-01T23:03:14.969120+00:00,90.9,4,ask,Kelvin Chan,FlawlessFlatbreads,3106734
2026-07-01T23:03:14.965207,2026-07-01T23:03:14.989724+00:00,90.8,46,ask,DiligentDonuts,FlawlessFlatbreads,3106735
2026-07-01T23:03:17.074337,2026-07-01T23:03:17.086097+00:00,91.1,50,ask,EarnestEspressos,FlawlessFlatbreads,3106765
2026-07-01T23:03:18.844857,2026-07-01T23:03:18.851084+00:00,91.0,45,ask,EarnestEspressos,CostlyCorianders,3106794
2026-07-01T23:03:19.133982,2026-07-01T23:03:19.143009+00:00,91.3,50,bid,FlawlessFlatbreads,DiligentDonuts,3106802
2026-07-01T23:03:19.459846,2026-07-01T23:03:19.471357+00:00,91.0,43,ask,EarnestEspressos,CostlyCorianders,3106807
2026-07-01T23:03:21.239718,2026-07-01T23:03:21.245979+00:00,91.4,50,bid,FlawlessFlatbreads,DiligentDonuts,3106855
2026-07-01T23:03:21.386764,2026-07-01T23:03:21.423109+00:00,91.1,97,bid,Chester Au,EarnestEspressos,3106858
2026-07-01T23:03:22.286729,2026-07-01T23:03:22.320635+00:00,91.1,40,bid,CostlyCorianders,EarnestEspressos,3106876
2026-07-01T23:03:23.349730,2026-07-01T23:03:23.363580+00:00,91.1,13,bid,FlawlessFlatbreads,EarnestEspressos,3106899
2026-07-01T23:03:23.349730,2026-07-01T23:03:23.363580+00:00,91.5,37,bid,FlawlessFlatbreads,DiligentDonuts,3106900
2026-07-01T23:03:24.836536,2026-07-01T23:03:24.845240+00:00,91.5,49,bid,CostlyCorianders,DiligentDonuts,3106926
2026-07-01T23:03:25.508582,2026-07-01T23:03:25.535593+00:00,91.3,50,ask,EarnestEspressos,FlawlessFlatbreads,3106946
2026-07-01T23:03:26.429656,2026-07-01T23:03:26.438685+00:00,91.6,3,ask,DiligentDonuts,Xuanyu Liu,3106959
2026-07-01T23:03:26.473760,2026-07-01T23:03:26.495227+00:00,91.6,49,ask,DiligentDonuts,CostlyCorianders,3106962
2026-07-01T23:03:26.711079,2026-07-01T23:03:26.721879+00:00,91.6,4,ask,DiligentDonuts,Kelvin Chan,3106969
2026-07-01T23:03:26.932014,2026-07-01T23:03:26.938946+00:00,91.6,4,ask,DiligentDonuts,Kelvin Chan,3106975
2026-07-01T23:03:26.972507,2026-07-01T23:03:26.994063+00:00,91.6,4,ask,DiligentDonuts,Kelvin Chan,3106976
2026-07-01T23:03:27.626189,2026-07-01T23:03:27.648340+00:00,91.6,36,ask,DiligentDonuts,FlawlessFlatbreads,3106991
2026-07-01T23:03:27.759768,2026-07-01T23:03:27.771095+00:00,91.5,3,bid,Xuanyu Liu,Kelvin Chan,3106999
2026-07-01T23:03:29.752182,2026-07-01T23:03:29.754276+00:00,91.3,50,ask,DiligentDonuts,FlawlessFlatbreads,3107033
2026-07-01T23:03:31.203547,2026-07-01T23:03:31.210110+00:00,91.5,2,bid,CostlyCorianders,Kelvin Chan,3107064
2026-07-01T23:03:31.203547,2026-07-01T23:03:31.215300+00:00,91.8,38,bid,CostlyCorianders,DiligentDonuts,3107065
2026-07-01T23:03:31.808531,2026-07-01T23:03:31.820796+00:00,91.8,50,bid,FlawlessFlatbreads,DiligentDonuts,3107073
2026-07-01T23:03:33.351678,2026-07-01T23:03:33.358101+00:00,91.3,41,ask,EarnestEspressos,CostlyCorianders,3107101
2026-07-01T23:03:33.845973,2026-07-01T23:03:33.858554+00:00,91.6,3,bid,CostlyCorianders,Kelvin Chan,3107116
2026-07-01T23:03:33.845973,2026-07-01T23:03:33.858554+00:00,91.7,41,bid,CostlyCorianders,DiligentDonuts,3107117
2026-07-01T23:03:33.902899,2026-07-01T23:03:33.909635+00:00,91.3,49,ask,EarnestEspressos,CostlyCorianders,3107118
2026-07-01T23:03:33.917129,2026-07-01T23:03:33.920012+00:00,91.7,50,bid,FlawlessFlatbreads,DiligentDonuts,3107119
2026-07-01T23:03:34.059025,2026-07-01T23:03:34.091286+00:00,91.2,3,ask,Kelvin Chan,EarnestEspressos,3107120
2026-07-01T23:03:34.059025,2026-07-01T23:03:34.091286+00:00,91.2,100,ask,DiligentDonuts,EarnestEspressos,3107121
2026-07-01T23:03:34.884054,2026-07-01T23:03:34.895921+00:00,91.2,3,bid,Xuanyu Liu,EarnestEspressos,3107142
2026-07-01T23:03:35.625239,2026-07-01T23:03:35.637162+00:00,91.2,11,bid,Xuanyu Liu,EarnestEspressos,3107156
2026-07-01T23:03:35.665229,2026-07-01T23:03:35.676489+00:00,91.2,33,bid,DiligentDonuts,EarnestEspressos,3107160
2026-07-01T23:03:35.731508,2026-07-01T23:03:35.740854+00:00,91.4,11,ask,DiligentDonuts,Xuanyu Liu,3107161
2026-07-01T23:03:36.023130,2026-07-01T23:03:36.032717+00:00,91.9,50,bid,FlawlessFlatbreads,DiligentDonuts,3107164
2026-07-01T23:03:37.204840,2026-07-01T23:03:37.213060+00:00,91.5,3,ask,EarnestEspressos,Xuanyu Liu,3107195
2026-07-01T23:03:37.667285,2026-07-01T23:03:37.674077+00:00,91.9,46,bid,CostlyCorianders,DiligentDonuts,3107206
2026-07-01T23:03:37.722669,2026-07-01T23:03:37.749248+00:00,91.5,40,ask,EarnestEspressos,CostlyCorianders,3107211
2026-07-01T23:03:38.149962,2026-07-01T23:03:38.158579+00:00,91.6,6,bid,FlawlessFlatbreads,Kelvin Chan,3107219
2026-07-01T23:03:38.149962,2026-07-01T23:03:38.158579+00:00,91.9,4,bid,FlawlessFlatbreads,DiligentDonuts,3107220
2026-07-01T23:03:38.149962,2026-07-01T23:03:38.158579+00:00,92.0,40,bid,FlawlessFlatbreads,EarnestEspressos,3107221
2026-07-01T23:03:39.385512,2026-07-01T23:03:39.397177+00:00,91.5,40,ask,EarnestEspressos,CostlyCorianders,3107243
2026-07-01T23:03:39.992322,2026-07-01T23:03:40.003872+00:00,92.0,43,bid,CostlyCorianders,EarnestEspressos,3107254
2026-07-01T23:03:40.338247,2026-07-01T23:03:40.347226+00:00,91.5,50,ask,DiligentDonuts,FlawlessFlatbreads,3107258
2026-07-01T23:03:42.444580,2026-07-01T23:03:42.463551+00:00,91.5,50,ask,EarnestEspressos,FlawlessFlatbreads,3107297
2026-07-01T23:03:43.898356,2026-07-01T23:03:43.909779+00:00,91.4,46,ask,EarnestEspressos,CostlyCorianders,3107318
2026-07-01T23:03:44.561724,2026-07-01T23:03:44.589650+00:00,91.4,50,ask,EarnestEspressos,FlawlessFlatbreads,3107328
2026-07-01T23:03:48.721917,2026-07-01T23:03:48.732324+00:00,91.5,50,bid,FlawlessFlatbreads,EarnestEspressos,3107410
2026-07-01T23:03:48.806479,2026-07-01T23:03:48.819664+00:00,91.5,3,bid,Xuanyu Liu,EarnestEspressos,3107413
2026-07-01T23:03:49.909316,2026-07-01T23:03:49.922292+00:00,91.8,2,bid,CostlyCorianders,Kelvin Chan,3107432
2026-07-01T23:03:49.909316,2026-07-01T23:03:49.922292+00:00,91.8,43,bid,CostlyCorianders,EarnestEspressos,3107433
2026-07-01T23:03:50.382624,2026-07-01T23:03:50.393993+00:00,91.8,49,bid,CostlyCorianders,EarnestEspressos,3107445
2026-07-01T23:03:50.833107,2026-07-01T23:03:50.858633+00:00,91.8,50,bid,FlawlessFlatbreads,EarnestEspressos,3107454
2026-07-01T23:03:51.008971,2026-07-01T23:03:51.020553+00:00,91.4,47,ask,DiligentDonuts,CostlyCorianders,3107455
2026-07-01T23:03:52.942979,2026-07-01T23:03:52.958733+00:00,92.1,50,bid,FlawlessFlatbreads,DiligentDonuts,3107493
2026-07-01T23:03:53.000180,2026-07-01T23:03:53.009135+00:00,91.9,1,ask,EarnestEspressos,Xuanyu Liu,3107497
2026-07-01T23:03:53.010097,2026-07-01T23:03:53.019327+00:00,91.9,2,ask,EarnestEspressos,Xuanyu Liu,3107499
2026-07-01T23:03:54.306984,2026-07-01T23:03:54.313902+00:00,91.9,41,ask,EarnestEspressos,CostlyCorianders,3107523
2026-07-01T23:03:55.050654,2026-07-01T23:03:55.074100+00:00,92.2,50,bid,FlawlessFlatbreads,DiligentDonuts,3107537
2026-07-01T23:03:57.160732,2026-07-01T23:03:57.172190+00:00,92.2,50,bid,FlawlessFlatbreads,DiligentDonuts,3107579
2026-07-01T23:03:59.267219,2026-07-01T23:03:59.289575+00:00,92.3,50,bid,FlawlessFlatbreads,EarnestEspressos,3107629
2026-07-01T23:04:00.622131,2026-07-01T23:04:00.644022+00:00,91.8,100,ask,DiligentDonuts,Chester Au,3107662
2026-07-01T23:04:00.622131,2026-07-01T23:04:00.644022+00:00,91.8,21,ask,EarnestEspressos,Chester Au,3107663
2026-07-01T23:04:01.426073,2026-07-01T23:04:01.458638+00:00,91.8,50,ask,EarnestEspressos,FlawlessFlatbreads,3107672
2026-07-01T23:04:01.940352,2026-07-01T23:04:01.958556+00:00,92.1,43,bid,CostlyCorianders,DiligentDonuts,3107685
2026-07-01T23:04:01.993700,2026-07-01T23:04:02.005490+00:00,91.8,41,ask,EarnestEspressos,CostlyCorianders,3107686
2026-07-01T23:04:03.487081,2026-07-01T23:04:03.513899+00:00,91.9,50,bid,FlawlessFlatbreads,EarnestEspressos,3107715
2026-07-01T23:04:04.483974,2026-07-01T23:04:04.490669+00:00,91.9,49,bid,CostlyCorianders,EarnestEspressos,3107728
2026-07-01T23:04:05.592742,2026-07-01T23:04:05.604099+00:00,91.9,50,bid,FlawlessFlatbreads,EarnestEspressos,3107750
2026-07-01T23:04:05.668247,2026-07-01T23:04:05.689782+00:00,92.1,3,bid,EarnestEspressos,Kelvin Chan,3107751
2026-07-01T23:04:05.668247,2026-07-01T23:04:05.689782+00:00,92.2,100,bid,EarnestEspressos,DiligentDonuts,3107752
2026-07-01T23:04:05.760101,2026-07-01T23:04:05.787219+00:00,92.2,5,ask,EarnestEspressos,Chester Au,3107755
2026-07-01T23:04:05.779539,2026-07-01T23:04:05.787219+00:00,92.2,3,ask,EarnestEspressos,Xuanyu Liu,3107756
2026-07-01T23:04:05.888551,2026-07-01T23:04:05.940188+00:00,92.2,39,ask,EarnestEspressos,Chester Au,3107763
2026-07-01T23:04:06.014025,2026-07-01T23:04:06.058633+00:00,91.7,44,ask,DiligentDonuts,CostlyCorianders,3107765
2026-07-01T23:04:07.225418,2026-07-01T23:04:07.236975+00:00,92.1,3,bid,Xuanyu Liu,Kelvin Chan,3107789
2026-07-01T23:04:07.290223,2026-07-01T23:04:07.301728+00:00,92.1,1,bid,DiligentDonuts,Kelvin Chan,3107791
2026-07-01T23:04:07.699683,2026-07-01T23:04:07.705106+00:00,92.7,50,bid,FlawlessFlatbreads,EarnestEspressos,3107799
2026-07-01T23:04:08.088520,2026-07-01T23:04:08.110093+00:00,92.2,42,ask,DiligentDonuts,CostlyCorianders,3107806
2026-07-01T23:04:08.524284,2026-07-01T23:04:08.533705+00:00,92.2,3,ask,DiligentDonuts,Xuanyu Liu,3107817
2026-07-01T23:04:08.566850,2026-07-01T23:04:08.578653+00:00,92.7,41,bid,CostlyCorianders,EarnestEspressos,3107819
2026-07-01T23:04:09.678318,2026-07-01T23:04:09.700307+00:00,92.2,40,ask,DiligentDonuts,CostlyCorianders,3107840
2026-07-01T23:04:10.286313,2026-07-01T23:04:10.294781+00:00,92.5,42,bid,CostlyCorianders,EarnestEspressos,3107854
2026-07-01T23:04:11.264917,2026-07-01T23:04:11.276352+00:00,92.4,49,bid,CostlyCorianders,DiligentDonuts,3107876
2026-07-01T23:04:11.908129,2026-07-01T23:04:11.918058+00:00,92.4,50,bid,FlawlessFlatbreads,DiligentDonuts,3107886
2026-07-01T23:04:14.066653,2026-07-01T23:04:14.077936+00:00,92.3,50,ask,DiligentDonuts,FlawlessFlatbreads,3107941
2026-07-01T23:04:14.586742,2026-07-01T23:04:14.619092+00:00,92.3,41,ask,DiligentDonuts,CostlyCorianders,3107953
2026-07-01T23:04:15.095892,2026-07-01T23:04:15.101179+00:00,92.3,9,ask,DiligentDonuts,Chester Au,3107964
2026-07-01T23:04:18.224593,2026-07-01T23:04:18.236276+00:00,92.3,50,bid,EarnestEspressos,DiligentDonuts,3108030
2026-07-01T23:04:18.336427,2026-07-01T23:04:18.358687+00:00,92.3,50,bid,FlawlessFlatbreads,DiligentDonuts,3108032
2026-07-01T23:04:18.557576,2026-07-01T23:04:18.568973+00:00,92.3,41,ask,EarnestEspressos,CostlyCorianders,3108040
2026-07-01T23:04:19.060529,2026-07-01T23:04:19.111039+00:00,92.3,26,ask,EarnestEspressos,Chester Au,3108054
2026-07-01T23:04:19.102141,2026-07-01T23:04:19.111039+00:00,92.3,11,ask,EarnestEspressos,Xuanyu Liu,3108056
2026-07-01T23:04:20.273992,2026-07-01T23:04:20.288908+00:00,92.3,12,ask,EarnestEspressos,Xuanyu Liu,3108090
2026-07-01T23:04:20.359558,2026-07-01T23:04:20.368783+00:00,92.3,10,ask,EarnestEspressos,Xuanyu Liu,3108093
2026-07-01T23:04:21.559068,2026-07-01T23:04:21.586215+00:00,92.2,100,ask,DiligentDonuts,EarnestEspressos,3108117
2026-07-01T23:04:21.559068,2026-07-01T23:04:21.586215+00:00,92.1,5,ask,Kelvin Chan,EarnestEspressos,3108118
2026-07-01T23:04:21.587658,2026-07-01T23:04:21.598056+00:00,91.9,10,bid,Xuanyu Liu,EarnestEspressos,3108119
2026-07-01T23:04:21.599151,2026-07-01T23:04:21.608874+00:00,91.9,12,bid,Xuanyu Liu,EarnestEspressos,3108121
2026-07-01T23:04:21.641416,2026-07-01T23:04:21.680121+00:00,91.9,23,bid,Chester Au,EarnestEspressos,3108127
2026-07-01T23:04:22.486885,2026-07-01T23:04:22.498857+00:00,91.4,50,ask,EarnestEspressos,FlawlessFlatbreads,3108147
2026-07-01T23:04:24.319353,2026-07-01T23:04:24.327252+00:00,92.2,43,bid,CostlyCorianders,DiligentDonuts,3108188
2026-07-01T23:04:24.872102,2026-07-01T23:04:24.894237+00:00,91.9,40,ask,EarnestEspressos,CostlyCorianders,3108199
2026-07-01T23:04:26.652257,2026-07-01T23:04:26.663650+00:00,92.2,50,bid,FlawlessFlatbreads,DiligentDonuts,3108246
2026-07-01T23:04:27.956784,2026-07-01T23:04:27.964294+00:00,92.2,49,bid,CostlyCorianders,DiligentDonuts,3108268
2026-07-01T23:04:28.472427,2026-07-01T23:04:28.494039+00:00,92.2,1,bid,CostlyCorianders,DiligentDonuts,3108276
2026-07-01T23:04:28.472427,2026-07-01T23:04:28.494039+00:00,92.3,44,bid,CostlyCorianders,EarnestEspressos,3108277
2026-07-01T23:04:28.818913,2026-07-01T23:04:28.833280+00:00,91.8,50,ask,EarnestEspressos,FlawlessFlatbreads,3108284
2026-07-01T23:04:29.510442,2026-07-01T23:04:29.522051+00:00,92.1,23,ask,DiligentDonuts,Chester Au,3108303
2026-07-01T23:04:30.932353,2026-07-01T23:04:30.958575+00:00,92.1,50,ask,DiligentDonuts,FlawlessFlatbreads,3108339
2026-07-01T23:04:31.067045,2026-07-01T23:04:31.095455+00:00,92.1,27,ask,DiligentDonuts,EarnestEspressos,3108341
2026-07-01T23:04:32.183671,2026-07-01T23:04:32.192098+00:00,92.1,5,bid,Kelvin Chan,EarnestEspressos,3108366
2026-07-01T23:04:33.048616,2026-07-01T23:04:33.063699+00:00,92.0,5,ask,Kelvin Chan,FlawlessFlatbreads,3108385
2026-07-01T23:04:33.048616,2026-07-01T23:04:33.063699+00:00,91.7,45,ask,EarnestEspressos,FlawlessFlatbreads,3108386
2026-07-01T23:04:33.465129,2026-07-01T23:04:33.473901+00:00,92.1,11,bid,Xuanyu Liu,EarnestEspressos,3108401
2026-07-01T23:04:35.157343,2026-07-01T23:04:35.178991+00:00,91.8,50,ask,EarnestEspressos,FlawlessFlatbreads,3108432
2026-07-01T23:04:37.291734,2026-07-01T23:04:37.322205+00:00,92.0,3,ask,Kelvin Chan,FlawlessFlatbreads,3108463
2026-07-01T23:04:37.291734,2026-07-01T23:04:37.322205+00:00,91.8,47,ask,EarnestEspressos,FlawlessFlatbreads,3108464
2026-07-01T23:04:40.568243,2026-07-01T23:04:40.574475+00:00,91.6,100,ask,DiligentDonuts,EarnestEspressos,3108532
2026-07-01T23:04:40.575787,2026-07-01T23:04:40.584555+00:00,91.6,3,bid,Xuanyu Liu,EarnestEspressos,3108533
2026-07-01T23:04:41.377975,2026-07-01T23:04:41.389260+00:00,91.6,45,bid,CostlyCorianders,EarnestEspressos,3108546
2026-07-01T23:04:41.466034,2026-07-01T23:04:41.495663+00:00,91.6,2,bid,FlawlessFlatbreads,EarnestEspressos,3108548
2026-07-01T23:04:41.466034,2026-07-01T23:04:41.495663+00:00,92.1,48,bid,FlawlessFlatbreads,DiligentDonuts,3108549
2026-07-01T23:04:41.559664,2026-07-01T23:04:41.568980+00:00,91.9,3,ask,Kelvin Chan,Xuanyu Liu,3108550
2026-07-01T23:04:42.612278,2026-07-01T23:04:42.628318+00:00,91.9,3,bid,Xuanyu Liu,DiligentDonuts,3108577
2026-07-01T23:04:43.572822,2026-07-01T23:04:43.580894+00:00,91.9,50,bid,FlawlessFlatbreads,DiligentDonuts,3108593
2026-07-01T23:04:43.677139,2026-07-01T23:04:43.685993+00:00,91.9,47,bid,EarnestEspressos,DiligentDonuts,3108594
2026-07-01T23:04:45.218881,2026-07-01T23:04:45.227654+00:00,92.0,3,ask,EarnestEspressos,Xuanyu Liu,3108633
2026-07-01T23:04:45.953324,2026-07-01T23:04:45.954670+00:00,92.0,40,ask,EarnestEspressos,CostlyCorianders,3108644
2026-07-01T23:04:46.895492,2026-07-01T23:04:46.912172+00:00,91.9,100,ask,DiligentDonuts,EarnestEspressos,3108657
2026-07-01T23:04:47.611576,2026-07-01T23:04:47.623021+00:00,91.4,43,ask,EarnestEspressos,CostlyCorianders,3108664
2026-07-01T23:04:47.836082,2026-07-01T23:04:47.863901+00:00,91.4,50,ask,EarnestEspressos,FlawlessFlatbreads,3108672
2026-07-01T23:04:49.743226,2026-07-01T23:04:49.774112+00:00,91.5,41,ask,DiligentDonuts,CostlyCorianders,3108709
2026-07-01T23:04:50.262494,2026-07-01T23:04:50.274273+00:00,91.9,45,bid,CostlyCorianders,EarnestEspressos,3108716
2026-07-01T23:04:50.681780,2026-07-01T23:04:50.691528+00:00,91.9,3,bid,Xuanyu Liu,EarnestEspressos,3108720
2026-07-01T23:04:51.723433,2026-07-01T23:04:51.758599+00:00,91.9,40,bid,CostlyCorianders,EarnestEspressos,3108737
2026-07-01T23:04:52.046036,2026-07-01T23:04:52.063918+00:00,91.8,1,ask,Kelvin Chan,FlawlessFlatbreads,3108743
2026-07-01T23:04:52.253374,2026-07-01T23:04:52.264563+00:00,91.4,43,ask,EarnestEspressos,CostlyCorianders,3108744
2026-07-01T23:04:53.751260,2026-07-01T23:04:53.758605+00:00,91.9,41,bid,CostlyCorianders,DiligentDonuts,3108768
2026-07-01T23:04:54.152279,2026-07-01T23:04:54.158675+00:00,91.7,50,ask,EarnestEspressos,FlawlessFlatbreads,3108779
2026-07-01T23:04:54.348930,2026-07-01T23:04:54.373985+00:00,91.9,41,bid,CostlyCorianders,DiligentDonuts,3108782
2026-07-01T23:04:56.258781,2026-07-01T23:04:56.270446+00:00,91.7,50,ask,EarnestEspressos,FlawlessFlatbreads,3108811
2026-07-01T23:04:58.316206,2026-07-01T23:04:58.327619+00:00,92.0,50,bid,FlawlessFlatbreads,EarnestEspressos,3108852
2026-07-01T23:05:00.423846,2026-07-01T23:05:00.448449+00:00,92.0,50,bid,FlawlessFlatbreads,EarnestEspressos,3108899
2026-07-01T23:05:00.988432,2026-07-01T23:05:00.995233+00:00,91.8,48,ask,DiligentDonuts,CostlyCorianders,3108912
2026-07-01T23:05:01.574965,2026-07-01T23:05:01.597893+00:00,91.7,1,ask,Kelvin Chan,CostlyCorianders,3108923
2026-07-01T23:05:01.574965,2026-07-01T23:05:01.597893+00:00,91.7,47,ask,DiligentDonuts,CostlyCorianders,3108924
2026-07-01T23:05:02.531215,2026-07-01T23:05:02.536535+00:00,92.0,50,bid,FlawlessFlatbreads,EarnestEspressos,3108959
2026-07-01T23:05:03.204809,2026-07-01T23:05:03.229682+00:00,92.1,4,bid,CostlyCorianders,Kelvin Chan,3108981
2026-07-01T23:05:03.204809,2026-07-01T23:05:03.229682+00:00,92.2,37,bid,CostlyCorianders,DiligentDonuts,3108982
2026-07-01T23:05:03.261474,2026-07-01T23:05:03.268828+00:00,92.0,49,ask,EarnestEspressos,CostlyCorianders,3108986
2026-07-01T23:05:04.272175,2026-07-01T23:05:04.283614+00:00,92.0,100,ask,EarnestEspressos,DiligentDonuts,3109000
2026-07-01T23:05:04.688774,2026-07-01T23:05:04.701170+00:00,92.0,1,ask,EarnestEspressos,FlawlessFlatbreads,3109011
2026-07-01T23:05:04.688774,2026-07-01T23:05:04.701170+00:00,91.8,1,ask,Kelvin Chan,FlawlessFlatbreads,3109012
2026-07-01T23:05:04.688774,2026-07-01T23:05:04.701170+00:00,91.5,48,ask,DiligentDonuts,FlawlessFlatbreads,3109013
2026-07-01T23:05:04.925724,2026-07-01T23:05:04.947544+00:00,92.1,4,bid,CostlyCorianders,Kelvin Chan,3109018
2026-07-01T23:05:04.925724,2026-07-01T23:05:04.947544+00:00,92.5,37,bid,CostlyCorianders,EarnestEspressos,3109019
2026-07-01T23:05:05.990516,2026-07-01T23:05:06.018056+00:00,92.1,46,bid,CostlyCorianders,EarnestEspressos,3109036
2026-07-01T23:05:06.797427,2026-07-01T23:05:06.824404+00:00,91.6,50,ask,EarnestEspressos,FlawlessFlatbreads,3109046
2026-07-01T23:05:08.909659,2026-07-01T23:05:08.921421+00:00,91.8,5,ask,Kelvin Chan,FlawlessFlatbreads,3109089
2026-07-01T23:05:08.909659,2026-07-01T23:05:08.921421+00:00,91.7,45,ask,DiligentDonuts,FlawlessFlatbreads,3109090
2026-07-01T23:05:11.018067,2026-07-01T23:05:11.029696+00:00,91.8,2,ask,Kelvin Chan,FlawlessFlatbreads,3109142
2026-07-01T23:05:11.018067,2026-07-01T23:05:11.029696+00:00,91.4,48,ask,EarnestEspressos,FlawlessFlatbreads,3109143
2026-07-01T23:05:12.343395,2026-07-01T23:05:12.358614+00:00,91.4,45,ask,DiligentDonuts,CostlyCorianders,3109169
2026-07-01T23:05:13.401724,2026-07-01T23:05:13.429294+00:00,91.7,46,bid,CostlyCorianders,EarnestEspressos,3109193
2026-07-01T23:05:14.758497,2026-07-01T23:05:14.785232+00:00,91.7,2,bid,Kelvin Chan,EarnestEspressos,3109218
2026-07-01T23:05:15.083546,2026-07-01T23:05:15.113316+00:00,91.7,2,bid,Kelvin Chan,EarnestEspressos,3109233
2026-07-01T23:05:15.230054,2026-07-01T23:05:15.249766+00:00,91.2,50,ask,EarnestEspressos,FlawlessFlatbreads,3109240
2026-07-01T23:05:16.589255,2026-07-01T23:05:16.600703+00:00,91.6,150,bid,Chester Au,EarnestEspressos,3109262
2026-07-01T23:05:17.191263,2026-07-01T23:05:17.202368+00:00,91.5,50,bid,Chester Au,DiligentDonuts,3109281
2026-07-01T23:05:17.191417,2026-07-01T23:05:17.202368+00:00,91.5,3,bid,Xuanyu Liu,DiligentDonuts,3109282
2026-07-01T23:05:17.338948,2026-07-01T23:05:17.346052+00:00,91.1,50,ask,EarnestEspressos,FlawlessFlatbreads,3109290
2026-07-01T23:05:17.378029,2026-07-01T23:05:17.404278+00:00,91.5,42,bid,CostlyCorianders,DiligentDonuts,3109293
2026-07-01T23:05:18.480787,2026-07-01T23:05:18.505687+00:00,91.5,5,bid,EarnestEspressos,DiligentDonuts,3109312
2026-07-01T23:05:19.396002,2026-07-01T23:05:19.419358+00:00,92.0,3,bid,FlawlessFlatbreads,Kelvin Chan,3109329
2026-07-01T23:05:19.396002,2026-07-01T23:05:19.424930+00:00,92.1,47,bid,FlawlessFlatbreads,EarnestEspressos,3109330
2026-07-01T23:05:21.659509,2026-07-01T23:05:21.667251+00:00,91.9,3,ask,EarnestEspressos,Xuanyu Liu,3109369
2026-07-01T23:05:23.664566,2026-07-01T23:05:23.676232+00:00,91.9,50,ask,EarnestEspressos,FlawlessFlatbreads,3109407
2026-07-01T23:05:24.000603,2026-07-01T23:05:24.011948+00:00,91.9,43,ask,EarnestEspressos,CostlyCorianders,3109414
2026-07-01T23:05:27.825545,2026-07-01T23:05:27.837325+00:00,92.1,50,bid,FlawlessFlatbreads,EarnestEspressos,3109485
2026-07-01T23:05:29.932426,2026-07-01T23:05:29.942179+00:00,92.3,50,bid,FlawlessFlatbreads,EarnestEspressos,3109544
2026-07-01T23:05:31.165726,2026-07-01T23:05:31.174603+00:00,92.0,3,ask,EarnestEspressos,Xuanyu Liu,3109566
2026-07-01T23:05:32.050153,2026-07-01T23:05:32.053394+00:00,92.3,50,bid,FlawlessFlatbreads,DiligentDonuts,3109583
2026-07-01T23:05:33.157470,2026-07-01T23:05:33.164128+00:00,92.0,46,ask,EarnestEspressos,CostlyCorianders,3109599
2026-07-01T23:05:34.156834,2026-07-01T23:05:34.158622+00:00,92.2,1,bid,FlawlessFlatbreads,Kelvin Chan,3109624
2026-07-01T23:05:34.156834,2026-07-01T23:05:34.164123+00:00,92.3,49,bid,FlawlessFlatbreads,DiligentDonuts,3109625
2026-07-01T23:05:34.167403,2026-07-01T23:05:34.174035+00:00,92.3,47,bid,CostlyCorianders,DiligentDonuts,3109626
2026-07-01T23:05:34.641375,2026-07-01T23:05:34.663777+00:00,91.8,4,ask,Kelvin Chan,CostlyCorianders,3109640
2026-07-01T23:05:34.641375,2026-07-01T23:05:34.663777+00:00,91.8,41,ask,DiligentDonuts,CostlyCorianders,3109641
2026-07-01T23:05:36.263388,2026-07-01T23:05:36.269567+00:00,92.3,50,bid,FlawlessFlatbreads,EarnestEspressos,3109679
2026-07-01T23:05:38.373342,2026-07-01T23:05:38.416768+00:00,92.5,50,bid,FlawlessFlatbreads,EarnestEspressos,3109726
2026-07-01T23:05:40.335695,2026-07-01T23:05:40.350808+00:00,92.2,11,ask,DiligentDonuts,Xuanyu Liu,3109753
2026-07-01T23:05:40.338849,2026-07-01T23:05:40.350808+00:00,92.2,89,ask,DiligentDonuts,Chester Au,3109754
2026-07-01T23:05:40.530397,2026-07-01T23:05:40.538155+00:00,92.0,50,ask,EarnestEspressos,FlawlessFlatbreads,3109764
2026-07-01T23:05:41.064958,2026-07-01T23:05:41.097446+00:00,91.9,2,ask,Kelvin Chan,CostlyCorianders,3109780
2026-07-01T23:05:41.064958,2026-07-01T23:05:41.097446+00:00,91.9,46,ask,EarnestEspressos,CostlyCorianders,3109781
2026-07-01T23:05:42.158487,2026-07-01T23:05:42.164665+00:00,92.0,3,ask,Kelvin Chan,CostlyCorianders,3109801
2026-07-01T23:05:42.647329,2026-07-01T23:05:42.679371+00:00,91.9,50,ask,EarnestEspressos,FlawlessFlatbreads,3109813
2026-07-01T23:05:43.838273,2026-07-01T23:05:43.847208+00:00,92.1,11,bid,Xuanyu Liu,EarnestEspressos,3109843
2026-07-01T23:05:44.260293,2026-07-01T23:05:44.268732+00:00,92.1,3,bid,Xuanyu Liu,EarnestEspressos,3109858
2026-07-01T23:05:46.873565,2026-07-01T23:05:46.916459+00:00,91.7,50,ask,DiligentDonuts,FlawlessFlatbreads,3109919
2026-07-01T23:05:48.929355,2026-07-01T23:05:48.937788+00:00,91.9,50,bid,FlawlessFlatbreads,EarnestEspressos,3109962
2026-07-01T23:05:50.292500,2026-07-01T23:05:50.301412+00:00,91.9,1,bid,Kelvin Chan,DiligentDonuts,3109973
2026-07-01T23:05:50.333195,2026-07-01T23:05:50.358783+00:00,91.9,1,bid,Kelvin Chan,DiligentDonuts,3109975
2026-07-01T23:05:50.363806,2026-07-01T23:05:50.375217+00:00,91.9,1,bid,Kelvin Chan,DiligentDonuts,3109976
2026-07-01T23:05:50.401133,2026-07-01T23:05:50.405801+00:00,91.9,1,bid,Kelvin Chan,DiligentDonuts,3109978
2026-07-01T23:05:50.467036,2026-07-01T23:05:50.495472+00:00,91.9,1,bid,Kelvin Chan,DiligentDonuts,3109981
2026-07-01T23:05:51.086060,2026-07-01T23:05:51.095384+00:00,91.7,50,ask,EarnestEspressos,FlawlessFlatbreads,3109984
2026-07-01T23:05:51.297132,2026-07-01T23:05:51.319555+00:00,91.9,41,bid,CostlyCorianders,DiligentDonuts,3109987
2026-07-01T23:05:51.823782,2026-07-01T23:05:51.844744+00:00,92.1,5,bid,CostlyCorianders,Kelvin Chan,3110006
2026-07-01T23:05:51.823782,2026-07-01T23:05:51.844744+00:00,92.1,38,bid,CostlyCorianders,DiligentDonuts,3110007
2026-07-01T23:05:55.322658,2026-07-01T23:05:55.348488+00:00,91.8,1,ask,Kelvin Chan,FlawlessFlatbreads,3110055
2026-07-01T23:05:55.322658,2026-07-01T23:05:55.348488+00:00,91.8,49,ask,DiligentDonuts,CostlyCorianders,3110056
2026-07-01T23:05:55.532054,2026-07-01T23:05:55.538234+00:00,91.8,49,ask,DiligentDonuts,FlawlessFlatbreads,3110060
2026-07-01T23:05:57.431247,2026-07-01T23:05:57.454053+00:00,91.8,2,ask,DiligentDonuts,FlawlessFlatbreads,3110091
2026-07-01T23:05:57.431247,2026-07-01T23:05:57.454053+00:00,91.8,1,ask,Kelvin Chan,FlawlessFlatbreads,3110092
2026-07-01T23:05:57.431247,2026-07-01T23:05:57.454053+00:00,91.5,47,ask,EarnestEspressos,FlawlessFlatbreads,3110093
2026-07-01T23:05:58.200910,2026-07-01T23:05:58.227587+00:00,91.5,43,ask,EarnestEspressos,CostlyCorianders,3110106
2026-07-01T23:05:58.665017,2026-07-01T23:05:58.695093+00:00,91.9,48,bid,CostlyCorianders,DiligentDonuts,3110112
2026-07-01T23:05:59.169329,2026-07-01T23:05:59.180874+00:00,91.5,41,ask,EarnestEspressos,CostlyCorianders,3110126
2026-07-01T23:05:59.563369,2026-07-01T23:05:59.590169+00:00,91.4,50,ask,DiligentDonuts,EarnestEspressos,3110137
2026-07-01T23:05:59.641394,2026-07-01T23:05:59.668220+00:00,91.4,50,ask,DiligentDonuts,FlawlessFlatbreads,3110140
2026-07-01T23:05:59.645758,2026-07-01T23:05:59.668220+00:00,91.3,89,bid,Chester Au,EarnestEspressos,3110141
2026-07-01T23:05:59.659879,2026-07-01T23:05:59.668220+00:00,91.3,11,bid,Xuanyu Liu,EarnestEspressos,3110144
2026-07-01T23:05:59.711795,2026-07-01T23:05:59.721245+00:00,91.9,47,bid,CostlyCorianders,DiligentDonuts,3110146
2026-07-01T23:06:00.226650,2026-07-01T23:06:00.269583+00:00,91.9,5,bid,CostlyCorianders,DiligentDonuts,3110165
2026-07-01T23:06:00.226650,2026-07-01T23:06:00.269583+00:00,92.1,2,bid,CostlyCorianders,Kelvin Chan,3110166
2026-07-01T23:06:01.325006,2026-07-01T23:06:01.334962+00:00,91.5,8,ask,DiligentDonuts,Xuanyu Liu,3110187
2026-07-01T23:06:01.673116,2026-07-01T23:06:01.684571+00:00,91.5,50,ask,DiligentDonuts,FlawlessFlatbreads,3110196
2026-07-01T23:06:01.827818,2026-07-01T23:06:01.838725+00:00,91.5,42,ask,DiligentDonuts,CostlyCorianders,3110199
2026-07-01T23:06:02.900712,2026-07-01T23:06:02.908480+00:00,91.8,48,bid,CostlyCorianders,EarnestEspressos,3110229
2026-07-01T23:06:03.785327,2026-07-01T23:06:03.808275+00:00,91.3,50,ask,EarnestEspressos,FlawlessFlatbreads,3110241
2026-07-01T23:06:05.101555,2026-07-01T23:06:05.113081+00:00,91.3,48,ask,EarnestEspressos,CostlyCorianders,3110270
2026-07-01T23:06:05.219831,2026-07-01T23:06:05.227261+00:00,91.6,2,bid,Kelvin Chan,DiligentDonuts,3110271
2026-07-01T23:06:05.254874,2026-07-01T23:06:05.247689+00:00,91.6,2,bid,Kelvin Chan,DiligentDonuts,3110272
2026-07-01T23:06:05.296030,2026-07-01T23:06:05.307636+00:00,91.6,2,bid,Kelvin Chan,DiligentDonuts,3110273
2026-07-01T23:06:05.333533,2026-07-01T23:06:05.344888+00:00,91.6,2,bid,Kelvin Chan,DiligentDonuts,3110274
2026-07-01T23:06:07.258103,2026-07-01T23:06:07.269248+00:00,91.6,2,bid,Kelvin Chan,DiligentDonuts,3110314
2026-07-01T23:06:07.290360,2026-07-01T23:06:07.306286+00:00,91.6,2,bid,Kelvin Chan,DiligentDonuts,3110317
2026-07-01T23:06:07.420530,2026-07-01T23:06:07.432881+00:00,91.6,2,bid,Kelvin Chan,DiligentDonuts,3110318
2026-07-01T23:06:07.945680,2026-07-01T23:06:07.955350+00:00,91.5,50,bid,FlawlessFlatbreads,DiligentDonuts,3110328
2026-07-01T23:06:08.380633,2026-07-01T23:06:08.400062+00:00,91.5,2,bid,Kelvin Chan,DiligentDonuts,3110332
2026-07-01T23:06:08.463604,2026-07-01T23:06:08.475413+00:00,91.5,2,bid,Kelvin Chan,DiligentDonuts,3110333
2026-07-01T23:06:08.631957,2026-07-01T23:06:08.635223+00:00,91.5,2,bid,Kelvin Chan,DiligentDonuts,3110338
2026-07-01T23:06:09.635009,2026-07-01T23:06:09.648484+00:00,91.5,1,bid,Kelvin Chan,DiligentDonuts,3110362
2026-07-01T23:06:09.835900,2026-07-01T23:06:09.858593+00:00,91.5,1,bid,Kelvin Chan,DiligentDonuts,3110366
2026-07-01T23:06:10.055019,2026-07-01T23:06:10.059641+00:00,91.5,1,bid,Kelvin Chan,DiligentDonuts,3110374
2026-07-01T23:06:10.080099,2026-07-01T23:06:10.107098+00:00,91.5,41,bid,FlawlessFlatbreads,DiligentDonuts,3110376
2026-07-01T23:06:10.080099,2026-07-01T23:06:10.107098+00:00,91.7,9,bid,FlawlessFlatbreads,EarnestEspressos,3110377
2026-07-01T23:06:12.189953,2026-07-01T23:06:12.201933+00:00,91.8,4,bid,FlawlessFlatbreads,Kelvin Chan,3110413
2026-07-01T23:06:12.189953,2026-07-01T23:06:12.201933+00:00,92.0,46,bid,FlawlessFlatbreads,DiligentDonuts,3110414
2026-07-01T23:06:17.059646,2026-07-01T23:06:17.068569+00:00,91.5,3,ask,DiligentDonuts,Xuanyu Liu,3110517
2026-07-01T23:06:17.488699,2026-07-01T23:06:17.515747+00:00,91.7,45,bid,CostlyCorianders,EarnestEspressos,3110522
2026-07-01T23:06:18.044508,2026-07-01T23:06:18.063554+00:00,91.5,47,ask,DiligentDonuts,CostlyCorianders,3110536
2026-07-01T23:06:18.583589,2026-07-01T23:06:18.593407+00:00,91.5,50,ask,DiligentDonuts,FlawlessFlatbreads,3110548
2026-07-01T23:06:18.682460,2026-07-01T23:06:18.689023+00:00,91.7,40,bid,CostlyCorianders,EarnestEspressos,3110549
2026-07-01T23:06:20.690434,2026-07-01T23:06:20.701969+00:00,91.2,50,ask,EarnestEspressos,FlawlessFlatbreads,3110591
2026-07-01T23:06:20.836868,2026-07-01T23:06:20.840590+00:00,91.3,49,bid,CostlyCorianders,DiligentDonuts,3110595
2026-07-01T23:06:20.873984,2026-07-01T23:06:20.880239+00:00,91.3,1,bid,Kelvin Chan,DiligentDonuts,3110596
2026-07-01T23:06:21.937983,2026-07-01T23:06:21.970294+00:00,91.3,1,bid,Kelvin Chan,DiligentDonuts,3110610
2026-07-01T23:06:21.979515,2026-07-01T23:06:22.001246+00:00,91.2,41,ask,EarnestEspressos,CostlyCorianders,3110611
2026-07-01T23:06:22.017098,2026-07-01T23:06:22.041003+00:00,91.3,1,bid,Kelvin Chan,DiligentDonuts,3110613
2026-07-01T23:06:22.090280,2026-07-01T23:06:22.119057+00:00,91.3,1,bid,Kelvin Chan,DiligentDonuts,3110615
2026-07-01T23:06:22.114361,2026-07-01T23:06:22.119057+00:00,91.3,1,bid,Kelvin Chan,DiligentDonuts,3110617
2026-07-01T23:06:22.167786,2026-07-01T23:06:22.191210+00:00,91.3,1,bid,Kelvin Chan,DiligentDonuts,3110621
2026-07-01T23:06:22.799673,2026-07-01T23:06:22.804340+00:00,91.2,50,ask,EarnestEspressos,FlawlessFlatbreads,3110641
2026-07-01T23:06:23.072630,2026-07-01T23:06:23.091112+00:00,91.2,42,ask,EarnestEspressos,CostlyCorianders,3110646
2026-07-01T23:06:24.149868,2026-07-01T23:06:24.179083+00:00,91.7,47,bid,CostlyCorianders,EarnestEspressos,3110658
2026-07-01T23:06:24.908336,2026-07-01T23:06:24.915014+00:00,91.2,50,ask,DiligentDonuts,FlawlessFlatbreads,3110666
2026-07-01T23:06:25.105351,2026-07-01T23:06:25.129175+00:00,91.4,46,bid,CostlyCorianders,EarnestEspressos,3110670
2026-07-01T23:06:28.109996,2026-07-01T23:06:28.120056+00:00,91.3,1,ask,Kelvin Chan,CostlyCorianders,3110719
2026-07-01T23:06:28.109996,2026-07-01T23:06:28.120056+00:00,91.1,48,ask,DiligentDonuts,CostlyCorianders,3110720
2026-07-01T23:06:29.116284,2026-07-01T23:06:29.137812+00:00,91.1,50,ask,DiligentDonuts,FlawlessFlatbreads,3110734
2026-07-01T23:06:29.759425,2026-07-01T23:06:29.772575+00:00,91.2,2,bid,Xuanyu Liu,DiligentDonuts,3110749
2026-07-01T23:06:30.159628,2026-07-01T23:06:30.176689+00:00,91.2,24,bid,Xuanyu Liu,DiligentDonuts,3110760
2026-07-01T23:06:31.206855,2026-07-01T23:06:31.218691+00:00,91.2,74,bid,EarnestEspressos,DiligentDonuts,3110789
2026-07-01T23:06:31.222650,2026-07-01T23:06:31.241082+00:00,91.2,50,ask,EarnestEspressos,FlawlessFlatbreads,3110790
2026-07-01T23:06:31.589235,2026-07-01T23:06:31.595945+00:00,91.2,26,ask,EarnestEspressos,CostlyCorianders,3110793
2026-07-01T23:06:33.163751,2026-07-01T23:06:33.190055+00:00,91.6,4,bid,CostlyCorianders,Kelvin Chan,3110821
2026-07-01T23:06:33.163751,2026-07-01T23:06:33.190055+00:00,91.6,45,bid,CostlyCorianders,DiligentDonuts,3110822
2026-07-01T23:06:33.278480,2026-07-01T23:06:33.300371+00:00,91.6,50,bid,FlawlessFlatbreads,DiligentDonuts,3110823
2026-07-01T23:06:34.424069,2026-07-01T23:06:34.441826+00:00,91.1,100,ask,DiligentDonuts,EarnestEspressos,3110836
2026-07-01T23:06:34.433304,2026-07-01T23:06:34.441826+00:00,91.0,11,bid,Xuanyu Liu,EarnestEspressos,3110837
2026-07-01T23:06:35.387628,2026-07-01T23:06:35.396992+00:00,91.0,39,bid,FlawlessFlatbreads,EarnestEspressos,3110847
2026-07-01T23:06:35.387628,2026-07-01T23:06:35.396992+00:00,91.6,5,bid,FlawlessFlatbreads,DiligentDonuts,3110848
2026-07-01T23:06:37.222360,2026-07-01T23:06:37.236967+00:00,91.6,45,bid,CostlyCorianders,DiligentDonuts,3110869
2026-07-01T23:06:37.495749,2026-07-01T23:06:37.506912+00:00,91.6,50,bid,FlawlessFlatbreads,DiligentDonuts,3110873
2026-07-01T23:06:39.170981,2026-07-01T23:06:39.180577+00:00,91.4,23,ask,DiligentDonuts,Xuanyu Liu,3110897
2026-07-01T23:06:40.622150,2026-07-01T23:06:40.630618+00:00,91.4,11,ask,DiligentDonuts,Xuanyu Liu,3110913
2026-07-01T23:06:41.710318,2026-07-01T23:06:41.721586+00:00,91.6,6,bid,FlawlessFlatbreads,Kelvin Chan,3110930
2026-07-01T23:06:41.710318,2026-07-01T23:06:41.721586+00:00,91.8,44,bid,FlawlessFlatbreads,EarnestEspressos,3110931
2026-07-01T23:06:41.970992,2026-07-01T23:06:41.979577+00:00,91.4,3,ask,DiligentDonuts,Xuanyu Liu,3110938
2026-07-01T23:06:42.965007,2026-07-01T23:06:42.990604+00:00,91.3,47,ask,EarnestEspressos,CostlyCorianders,3110953
2026-07-01T23:06:43.817852,2026-07-01T23:06:43.839213+00:00,91.6,50,bid,FlawlessFlatbreads,DiligentDonuts,3110974
2026-07-01T23:06:44.456070,2026-07-01T23:06:44.464343+00:00,91.2,42,ask,EarnestEspressos,CostlyCorianders,3110985
2026-07-01T23:06:45.095000,2026-07-01T23:06:45.119630+00:00,91.6,40,bid,CostlyCorianders,DiligentDonuts,3111002
2026-07-01T23:06:45.148961,2026-07-01T23:06:45.158614+00:00,91.2,40,ask,EarnestEspressos,CostlyCorianders,3111005
2026-07-01T23:06:47.068122,2026-07-01T23:06:47.072646+00:00,91.4,100,ask,DiligentDonuts,EarnestEspressos,3111038
2026-07-01T23:06:49.192886,2026-07-01T23:06:49.201549+00:00,91.4,40,bid,CostlyCorianders,EarnestEspressos,3111083
2026-07-01T23:06:49.249034,2026-07-01T23:06:49.279349+00:00,91.2,45,ask,DiligentDonuts,CostlyCorianders,3111086
2026-07-01T23:06:50.187788,2026-07-01T23:06:50.214501+00:00,91.6,50,ask,EarnestEspressos,FlawlessFlatbreads,3111103
2026-07-01T23:06:52.244251,2026-07-01T23:06:52.290596+00:00,91.7,3,bid,FlawlessFlatbreads,Kelvin Chan,3111145
2026-07-01T23:06:52.244251,2026-07-01T23:06:52.290596+00:00,91.7,47,bid,FlawlessFlatbreads,DiligentDonuts,3111146
2026-07-01T23:06:54.405920,2026-07-01T23:06:54.416271+00:00,91.4,2,ask,Kelvin Chan,FlawlessFlatbreads,3111182
2026-07-01T23:06:54.405920,2026-07-01T23:06:54.416271+00:00,91.4,48,ask,EarnestEspressos,FlawlessFlatbreads,3111183
2026-07-01T23:06:56.091376,2026-07-01T23:06:56.098128+00:00,91.7,2,bid,CostlyCorianders,Kelvin Chan,3111237
2026-07-01T23:06:56.091376,2026-07-01T23:06:56.098128+00:00,91.9,43,bid,CostlyCorianders,EarnestEspressos,3111238
2026-07-01T23:06:56.517610,2026-07-01T23:06:56.496282+00:00,91.4,50,ask,DiligentDonuts,FlawlessFlatbreads,3111246
2026-07-01T23:07:00.758524,2026-07-01T23:07:00.764771+00:00,91.4,4,ask,Kelvin Chan,FlawlessFlatbreads,3111332
2026-07-01T23:07:02.831497,2026-07-01T23:07:02.864221+00:00,91.4,2,ask,Kelvin Chan,CostlyCorianders,3111371
2026-07-01T23:07:02.831497,2026-07-01T23:07:02.864221+00:00,91.1,45,ask,DiligentDonuts,CostlyCorianders,3111372
2026-07-01T23:07:02.866375,2026-07-01T23:07:02.878923+00:00,91.2,50,ask,EarnestEspressos,FlawlessFlatbreads,3111373
2026-07-01T23:07:04.316929,2026-07-01T23:07:04.333898+00:00,91.6,44,bid,CostlyCorianders,DiligentDonuts,3111392
2026-07-01T23:07:04.964085,2026-07-01T23:07:04.989809+00:00,91.5,40,bid,CostlyCorianders,DiligentDonuts,3111410
2026-07-01T23:07:04.999197,2026-07-01T23:07:05.034822+00:00,91.2,50,ask,EarnestEspressos,FlawlessFlatbreads,3111412
2026-07-01T23:07:06.054351,2026-07-01T23:07:06.064211+00:00,91.4,4,ask,Kelvin Chan,EarnestEspressos,3111422
2026-07-01T23:07:07.105740,2026-07-01T23:07:07.117249+00:00,91.0,50,ask,DiligentDonuts,FlawlessFlatbreads,3111440
2026-07-01T23:07:07.112322,2026-07-01T23:07:07.122846+00:00,91.3,3,bid,Kelvin Chan,EarnestEspressos,3111441
2026-07-01T23:07:07.118532,2026-07-01T23:07:07.128034+00:00,91.0,47,ask,DiligentDonuts,CostlyCorianders,3111442
2026-07-01T23:07:07.967029,2026-07-01T23:07:07.975587+00:00,91.3,4,bid,Kelvin Chan,EarnestEspressos,3111458
2026-07-01T23:07:08.137350,2026-07-01T23:07:08.124924+00:00,91.3,48,bid,CostlyCorianders,EarnestEspressos,3111460
2026-07-01T23:07:08.142815,2026-07-01T23:07:08.190841+00:00,91.3,3,bid,Kelvin Chan,EarnestEspressos,3111461
2026-07-01T23:07:08.199653,2026-07-01T23:07:08.208864+00:00,91.3,3,bid,Kelvin Chan,EarnestEspressos,3111463
2026-07-01T23:07:08.297860,2026-07-01T23:07:08.308723+00:00,91.3,3,bid,Kelvin Chan,EarnestEspressos,3111467
2026-07-01T23:07:08.727762,2026-07-01T23:07:08.774231+00:00,91.3,4,bid,Kelvin Chan,EarnestEspressos,3111470
2026-07-01T23:07:12.136959,2026-07-01T23:07:12.145233+00:00,91.4,3,bid,Xuanyu Liu,DiligentDonuts,3111536
2026-07-01T23:07:12.932972,2026-07-01T23:07:12.958574+00:00,91.2,2,ask,Kelvin Chan,CostlyCorianders,3111547
2026-07-01T23:07:12.932972,2026-07-01T23:07:12.958574+00:00,91.0,42,ask,EarnestEspressos,CostlyCorianders,3111548
2026-07-01T23:07:13.429351,2026-07-01T23:07:13.464154+00:00,91.2,2,ask,Kelvin Chan,CostlyCorianders,3111550
2026-07-01T23:07:13.429351,2026-07-01T23:07:13.464154+00:00,91.0,48,ask,EarnestEspressos,FlawlessFlatbreads,3111551
2026-07-01T23:07:13.462069,2026-07-01T23:07:13.469158+00:00,91.4,44,bid,CostlyCorianders,DiligentDonuts,3111552
2026-07-01T23:07:15.194206,2026-07-01T23:07:15.200922+00:00,91.5,3,bid,CostlyCorianders,Kelvin Chan,3111575
2026-07-01T23:07:15.194206,2026-07-01T23:07:15.200922+00:00,91.5,41,bid,CostlyCorianders,EarnestEspressos,3111576
2026-07-01T23:07:15.485905,2026-07-01T23:07:15.494830+00:00,91.4,2,bid,FlawlessFlatbreads,Kelvin Chan,3111587
2026-07-01T23:07:15.485905,2026-07-01T23:07:15.494830+00:00,91.5,48,bid,FlawlessFlatbreads,DiligentDonuts,3111588
2026-07-01T23:07:15.582878,2026-07-01T23:07:15.591623+00:00,91.2,11,bid,Xuanyu Liu,EarnestEspressos,3111591
2026-07-01T23:07:16.809895,2026-07-01T23:07:16.817864+00:00,91.1,1,ask,Kelvin Chan,CostlyCorianders,3111623
2026-07-01T23:07:16.809895,2026-07-01T23:07:16.817864+00:00,91.0,45,ask,DiligentDonuts,CostlyCorianders,3111624
2026-07-01T23:07:17.662005,2026-07-01T23:07:17.674284+00:00,91.1,50,ask,DiligentDonuts,FlawlessFlatbreads,3111639
2026-07-01T23:07:17.814747,2026-07-01T23:07:17.831488+00:00,91.1,49,ask,DiligentDonuts,CostlyCorianders,3111642
2026-07-01T23:07:19.717242,2026-07-01T23:07:19.727454+00:00,91.2,50,bid,FlawlessFlatbreads,EarnestEspressos,3111687
2026-07-01T23:07:21.877121,2026-07-01T23:07:21.885086+00:00,90.9,50,ask,EarnestEspressos,FlawlessFlatbreads,3111724
2026-07-01T23:07:22.103147,2026-07-01T23:07:22.120386+00:00,91.2,49,bid,CostlyCorianders,DiligentDonuts,3111728
2026-07-01T23:07:22.718058,2026-07-01T23:07:22.748959+00:00,91.0,4,ask,Kelvin Chan,CostlyCorianders,3111748
2026-07-01T23:07:23.982347,2026-07-01T23:07:23.989912+00:00,91.0,50,ask,DiligentDonuts,FlawlessFlatbreads,3111770
2026-07-01T23:07:26.562025,2026-07-01T23:07:26.572027+00:00,91.3,4,bid,Xuanyu Liu,Kelvin Chan,3111823
2026-07-01T23:07:26.562025,2026-07-01T23:07:26.572027+00:00,91.3,8,bid,Xuanyu Liu,EarnestEspressos,3111824
2026-07-01T23:07:28.195496,2026-07-01T23:07:28.205119+00:00,91.0,50,ask,DiligentDonuts,FlawlessFlatbreads,3111857
2026-07-01T23:07:30.215295,2026-07-01T23:07:30.224752+00:00,91.3,41,bid,CostlyCorianders,EarnestEspressos,3111898
2026-07-01T23:07:30.301315,2026-07-01T23:07:30.319808+00:00,90.9,50,ask,DiligentDonuts,FlawlessFlatbreads,3111902
2026-07-01T23:07:30.872211,2026-07-01T23:07:30.889031+00:00,90.9,49,ask,DiligentDonuts,CostlyCorianders,3111915
2026-07-01T23:07:32.356261,2026-07-01T23:07:32.383961+00:00,91.3,3,bid,FlawlessFlatbreads,Kelvin Chan,3111939
2026-07-01T23:07:32.356261,2026-07-01T23:07:32.383961+00:00,91.4,47,bid,FlawlessFlatbreads,DiligentDonuts,3111940
2026-07-01T23:07:32.790959,2026-07-01T23:07:32.797182+00:00,91.3,3,bid,CostlyCorianders,Kelvin Chan,3111951
2026-07-01T23:07:32.790959,2026-07-01T23:07:32.797182+00:00,91.4,40,bid,CostlyCorianders,DiligentDonuts,3111952
2026-07-01T23:07:34.075824,2026-07-01T23:07:34.083856+00:00,91.2,11,bid,Xuanyu Liu,DiligentDonuts,3111973
2026-07-01T23:07:34.467593,2026-07-01T23:07:34.492631+00:00,91.2,50,bid,FlawlessFlatbreads,DiligentDonuts,3111978
2026-07-01T23:07:35.467803,2026-07-01T23:07:35.479629+00:00,91.2,39,bid,CostlyCorianders,DiligentDonuts,3111994
2026-07-01T23:07:35.467803,2026-07-01T23:07:35.479629+00:00,91.3,2,bid,CostlyCorianders,Kelvin Chan,3111995
2026-07-01T23:07:36.576007,2026-07-01T23:07:36.587339+00:00,91.3,2,bid,FlawlessFlatbreads,Kelvin Chan,3112012
2026-07-01T23:07:36.576007,2026-07-01T23:07:36.587339+00:00,91.5,48,bid,FlawlessFlatbreads,EarnestEspressos,3112013
2026-07-01T23:07:37.648132,2026-07-01T23:07:37.648479+00:00,91.1,48,ask,DiligentDonuts,CostlyCorianders,3112041
2026-07-01T23:07:38.558069,2026-07-01T23:07:38.569226+00:00,91.2,48,ask,EarnestEspressos,CostlyCorianders,3112057
2026-07-01T23:07:38.734154,2026-07-01T23:07:38.745531+00:00,91.2,50,ask,EarnestEspressos,FlawlessFlatbreads,3112060
2026-07-01T23:07:42.895543,2026-07-01T23:07:42.907015+00:00,91.3,2,bid,FlawlessFlatbreads,Kelvin Chan,3112140
2026-07-01T23:07:42.895543,2026-07-01T23:07:42.907015+00:00,91.4,48,bid,FlawlessFlatbreads,EarnestEspressos,3112141
2026-07-01T23:07:43.211173,2026-07-01T23:07:43.222553+00:00,91.4,48,bid,CostlyCorianders,EarnestEspressos,3112149
2026-07-01T23:07:43.751838,2026-07-01T23:07:43.763685+00:00,91.0,49,ask,DiligentDonuts,CostlyCorianders,3112157
2026-07-01T23:07:44.922081,2026-07-01T23:07:44.931134+00:00,91.3,11,ask,EarnestEspressos,Xuanyu Liu,3112187
2026-07-01T23:07:45.003757,2026-07-01T23:07:45.010474+00:00,91.4,6,bid,FlawlessFlatbreads,Kelvin Chan,3112190
2026-07-01T23:07:45.003757,2026-07-01T23:07:45.010474+00:00,91.5,44,bid,FlawlessFlatbreads,DiligentDonuts,3112191
2026-07-01T23:07:45.642487,2026-07-01T23:07:45.645257+00:00,91.3,100,ask,EarnestEspressos,DiligentDonuts,3112209
2026-07-01T23:07:45.813318,2026-07-01T23:07:45.820684+00:00,91.3,39,ask,EarnestEspressos,CostlyCorianders,3112214
2026-07-01T23:07:47.167580,2026-07-01T23:07:47.179101+00:00,90.8,50,ask,DiligentDonuts,FlawlessFlatbreads,3112249
2026-07-01T23:07:47.259493,2026-07-01T23:07:47.267325+00:00,91.1,2,bid,Xuanyu Liu,EarnestEspressos,3112251
2026-07-01T23:07:47.417216,2026-07-01T23:07:47.425929+00:00,91.1,21,bid,Xuanyu Liu,EarnestEspressos,3112258
2026-07-01T23:07:47.545735,2026-07-01T23:07:47.553784+00:00,91.1,11,bid,Xuanyu Liu,EarnestEspressos,3112264
2026-07-01T23:07:47.552539,2026-07-01T23:07:47.559038+00:00,91.1,42,bid,CostlyCorianders,EarnestEspressos,3112266
2026-07-01T23:07:48.859560,2026-07-01T23:07:48.868534+00:00,91.0,23,ask,DiligentDonuts,Xuanyu Liu,3112299
2026-07-01T23:07:49.277020,2026-07-01T23:07:49.278886+00:00,91.0,50,ask,DiligentDonuts,FlawlessFlatbreads,3112311
2026-07-01T23:07:50.191018,2026-07-01T23:07:50.202325+00:00,91.1,12,bid,Xuanyu Liu,EarnestEspressos,3112329
2026-07-01T23:07:53.487399,2026-07-01T23:07:53.503480+00:00,90.9,50,ask,DiligentDonuts,FlawlessFlatbreads,3112369
2026-07-01T23:07:55.545435,2026-07-01T23:07:55.547573+00:00,91.2,50,bid,FlawlessFlatbreads,DiligentDonuts,3112395
2026-07-01T23:07:56.724601,2026-07-01T23:07:56.733359+00:00,91.1,10,ask,Kelvin Chan,Xuanyu Liu,3112414
2026-07-01T23:07:57.202794,2026-07-01T23:07:57.212158+00:00,91.1,2,ask,Kelvin Chan,Xuanyu Liu,3112421
2026-07-01T23:07:59.754911,2026-07-01T23:07:59.779095+00:00,91.4,5,bid,FlawlessFlatbreads,Kelvin Chan,3112462
2026-07-01T23:07:59.754911,2026-07-01T23:07:59.779095+00:00,91.4,45,bid,FlawlessFlatbreads,EarnestEspressos,3112463
2026-07-01T23:08:01.477848,2026-07-01T23:08:01.505143+00:00,91.3,100,ask,EarnestEspressos,DiligentDonuts,3112495
2026-07-01T23:08:01.867777,2026-07-01T23:08:01.890622+00:00,91.4,5,bid,FlawlessFlatbreads,Kelvin Chan,3112502
2026-07-01T23:08:01.867777,2026-07-01T23:08:01.890622+00:00,91.8,45,bid,FlawlessFlatbreads,EarnestEspressos,3112503
2026-07-01T23:08:01.928534,2026-07-01T23:08:01.937158+00:00,91.3,11,ask,EarnestEspressos,Xuanyu Liu,3112504
2026-07-01T23:08:03.977423,2026-07-01T23:08:03.999364+00:00,91.5,50,bid,FlawlessFlatbreads,EarnestEspressos,3112532
2026-07-01T23:08:06.099742,2026-07-01T23:08:06.134774+00:00,91.5,50,bid,FlawlessFlatbreads,EarnestEspressos,3112585
2026-07-01T23:08:06.231568,2026-07-01T23:08:06.263654+00:00,91.4,44,ask,EarnestEspressos,CostlyCorianders,3112588
2026-07-01T23:08:07.946146,2026-07-01T23:08:07.969288+00:00,91.6,48,bid,CostlyCorianders,DiligentDonuts,3112627
2026-07-01T23:08:08.210556,2026-07-01T23:08:08.221965+00:00,91.6,50,bid,FlawlessFlatbreads,DiligentDonuts,3112635
2026-07-01T23:08:10.322131,2026-07-01T23:08:10.347254+00:00,91.6,2,bid,FlawlessFlatbreads,DiligentDonuts,3112676
2026-07-01T23:08:10.322131,2026-07-01T23:08:10.347254+00:00,91.7,48,bid,FlawlessFlatbreads,EarnestEspressos,3112677
2026-07-01T23:08:10.927489,2026-07-01T23:08:10.936805+00:00,91.5,6,bid,DiligentDonuts,Kelvin Chan,3112689
2026-07-01T23:08:10.959845,2026-07-01T23:08:10.981009+00:00,91.5,12,ask,DiligentDonuts,Xuanyu Liu,3112692
2026-07-01T23:08:11.183548,2026-07-01T23:08:11.194497+00:00,91.7,40,bid,CostlyCorianders,EarnestEspressos,3112701
2026-07-01T23:08:12.435073,2026-07-01T23:08:12.444172+00:00,91.7,50,bid,FlawlessFlatbreads,EarnestEspressos,3112729
2026-07-01T23:08:14.540896,2026-07-01T23:08:14.545764+00:00,92.0,50,bid,FlawlessFlatbreads,DiligentDonuts,3112770
2026-07-01T23:08:15.106008,2026-07-01T23:08:15.126895+00:00,91.6,43,ask,EarnestEspressos,CostlyCorianders,3112784
2026-07-01T23:08:15.626852,2026-07-01T23:08:15.638336+00:00,91.5,43,ask,DiligentDonuts,CostlyCorianders,3112792
2026-07-01T23:08:15.665203,2026-07-01T23:08:15.672921+00:00,91.7,2,ask,EarnestEspressos,Xuanyu Liu,3112793
2026-07-01T23:08:16.060025,2026-07-01T23:08:16.067873+00:00,91.7,1,ask,EarnestEspressos,Xuanyu Liu,3112799
2026-07-01T23:08:16.147400,2026-07-01T23:08:16.157088+00:00,91.7,2,ask,EarnestEspressos,Xuanyu Liu,3112803
2026-07-01T23:08:17.436080,2026-07-01T23:08:17.445674+00:00,91.7,2,ask,EarnestEspressos,Xuanyu Liu,3112823
2026-07-01T23:08:17.607430,2026-07-01T23:08:17.615825+00:00,91.7,1,ask,EarnestEspressos,Xuanyu Liu,3112825
2026-07-01T23:08:18.813905,2026-07-01T23:08:18.858753+00:00,91.6,50,ask,DiligentDonuts,FlawlessFlatbreads,3112851
2026-07-01T23:08:19.107821,2026-07-01T23:08:19.131427+00:00,92.1,40,bid,CostlyCorianders,DiligentDonuts,3112857
2026-07-01T23:08:20.920288,2026-07-01T23:08:20.930049+00:00,91.7,50,ask,EarnestEspressos,FlawlessFlatbreads,3112878
2026-07-01T23:08:21.280963,2026-07-01T23:08:21.288982+00:00,91.7,3,ask,EarnestEspressos,Xuanyu Liu,3112896
2026-07-01T23:08:24.918508,2026-07-01T23:08:24.928720+00:00,91.6,1,ask,Kelvin Chan,Xuanyu Liu,3112970
2026-07-01T23:08:24.929694,2026-07-01T23:08:24.937938+00:00,91.5,2,ask,DiligentDonuts,Xuanyu Liu,3112972
2026-07-01T23:08:25.629968,2026-07-01T23:08:25.658668+00:00,91.5,45,ask,DiligentDonuts,CostlyCorianders,3112993
2026-07-01T23:08:27.194867,2026-07-01T23:08:27.206676+00:00,91.5,50,bid,FlawlessFlatbreads,DiligentDonuts,3113023
2026-07-01T23:08:29.334235,2026-07-01T23:08:29.341126+00:00,91.5,50,bid,FlawlessFlatbreads,DiligentDonuts,3113059
2026-07-01T23:08:31.440072,2026-07-01T23:08:31.474148+00:00,91.8,50,bid,FlawlessFlatbreads,DiligentDonuts,3113084
2026-07-01T23:08:33.573753,2026-07-01T23:08:33.588331+00:00,91.8,50,bid,FlawlessFlatbreads,EarnestEspressos,3113117
2026-07-01T23:08:33.760189,2026-07-01T23:08:33.781846+00:00,91.8,40,bid,CostlyCorianders,EarnestEspressos,3113120
2026-07-01T23:08:35.729921,2026-07-01T23:08:35.764816+00:00,91.7,50,ask,EarnestEspressos,FlawlessFlatbreads,3113177
2026-07-01T23:08:36.382147,2026-07-01T23:08:36.401861+00:00,91.7,46,ask,EarnestEspressos,CostlyCorianders,3113187
2026-07-01T23:08:36.863043,2026-07-01T23:08:36.884966+00:00,91.9,1,bid,CostlyCorianders,Kelvin Chan,3113195
2026-07-01T23:08:36.863043,2026-07-01T23:08:36.884966+00:00,92.2,39,bid,CostlyCorianders,EarnestEspressos,3113196
2026-07-01T23:08:37.510473,2026-07-01T23:08:37.522084+00:00,91.7,40,ask,EarnestEspressos,CostlyCorianders,3113211
2026-07-01T23:08:37.785357,2026-07-01T23:08:37.794606+00:00,92.2,50,bid,FlawlessFlatbreads,DiligentDonuts,3113220
2026-07-01T23:08:39.443365,2026-07-01T23:08:39.486065+00:00,91.8,100,bid,DiligentDonuts,EarnestEspressos,3113251
2026-07-01T23:08:39.537440,2026-07-01T23:08:39.543665+00:00,91.8,48,bid,CostlyCorianders,EarnestEspressos,3113254
2026-07-01T23:08:39.891338,2026-07-01T23:08:39.903157+00:00,91.8,2,bid,FlawlessFlatbreads,EarnestEspressos,3113269
2026-07-01T23:08:39.891338,2026-07-01T23:08:39.903157+00:00,92.4,48,bid,FlawlessFlatbreads,DiligentDonuts,3113270
2026-07-01T23:08:40.711117,2026-07-01T23:08:40.736980+00:00,91.5,3,ask,Kelvin Chan,CostlyCorianders,3113282
2026-07-01T23:08:41.998501,2026-07-01T23:08:42.009840+00:00,92.4,50,bid,FlawlessFlatbreads,DiligentDonuts,3113315
2026-07-01T23:08:43.961983,2026-07-01T23:08:43.975345+00:00,91.9,150,ask,EarnestEspressos,Chester Au,3113363
2026-07-01T23:08:43.961983,2026-07-01T23:08:43.975345+00:00,91.9,50,ask,DiligentDonuts,Chester Au,3113364
2026-07-01T23:08:43.966501,2026-07-01T23:08:43.975345+00:00,91.9,37,ask,DiligentDonuts,Xuanyu Liu,3113365
2026-07-01T23:08:44.105129,2026-07-01T23:08:44.110991+00:00,92.4,50,bid,FlawlessFlatbreads,DiligentDonuts,3113368
2026-07-01T23:08:44.197283,2026-07-01T23:08:44.205624+00:00,91.9,13,ask,DiligentDonuts,EarnestEspressos,3113372
2026-07-01T23:08:44.197283,2026-07-01T23:08:44.210821+00:00,91.6,2,ask,Kelvin Chan,EarnestEspressos,3113373
2026-07-01T23:08:44.259113,2026-07-01T23:08:44.324496+00:00,91.4,37,bid,Xuanyu Liu,EarnestEspressos,3113374
2026-07-01T23:08:45.267844,2026-07-01T23:08:45.278022+00:00,91.4,98,bid,Chester Au,EarnestEspressos,3113395
2026-07-01T23:08:46.213249,2026-07-01T23:08:46.221644+00:00,92.2,50,bid,FlawlessFlatbreads,DiligentDonuts,3113412
2026-07-01T23:08:46.455325,2026-07-01T23:08:46.463670+00:00,91.7,42,ask,DiligentDonuts,CostlyCorianders,3113422
2026-07-01T23:08:47.907524,2026-07-01T23:08:47.916550+00:00,91.7,3,ask,DiligentDonuts,Xuanyu Liu,3113451
2026-07-01T23:08:49.455609,2026-07-01T23:08:49.473814+00:00,91.7,47,ask,EarnestEspressos,CostlyCorianders,3113485
2026-07-01T23:08:50.028694,2026-07-01T23:08:50.034717+00:00,91.9,47,bid,CostlyCorianders,DiligentDonuts,3113499
2026-07-01T23:08:50.422342,2026-07-01T23:08:50.443808+00:00,91.9,50,bid,FlawlessFlatbreads,DiligentDonuts,3113514
2026-07-01T23:08:52.529138,2026-07-01T23:08:52.539741+00:00,91.9,50,bid,FlawlessFlatbreads,EarnestEspressos,3113542
2026-07-01T23:08:54.003904,2026-07-01T23:08:54.011017+00:00,92.1,4,bid,CostlyCorianders,Kelvin Chan,3113589
2026-07-01T23:08:54.003904,2026-07-01T23:08:54.016423+00:00,92.2,42,bid,CostlyCorianders,DiligentDonuts,3113590
2026-07-01T23:08:54.060314,2026-07-01T23:08:54.064126+00:00,91.8,49,ask,EarnestEspressos,CostlyCorianders,3113592
2026-07-01T23:08:54.637598,2026-07-01T23:08:54.648450+00:00,92.1,4,bid,FlawlessFlatbreads,Kelvin Chan,3113603
2026-07-01T23:08:54.637598,2026-07-01T23:08:54.648450+00:00,92.2,46,bid,FlawlessFlatbreads,DiligentDonuts,3113604
2026-07-01T23:08:55.258749,2026-07-01T23:08:55.268642+00:00,92.0,98,ask,DiligentDonuts,Chester Au,3113615
2026-07-01T23:08:55.270871,2026-07-01T23:08:55.279526+00:00,92.0,2,ask,DiligentDonuts,Xuanyu Liu,3113617
2026-07-01T23:08:55.771977,2026-07-01T23:08:55.780662+00:00,91.8,9,ask,EarnestEspressos,Xuanyu Liu,3113626
2026-07-01T23:08:56.807302,2026-07-01T23:08:56.834678+00:00,91.4,50,ask,EarnestEspressos,FlawlessFlatbreads,3113652
2026-07-01T23:08:56.844010,2026-07-01T23:08:56.858723+00:00,91.9,46,bid,CostlyCorianders,EarnestEspressos,3113653
2026-07-01T23:08:58.005100,2026-07-01T23:08:58.026894+00:00,91.9,43,bid,CostlyCorianders,EarnestEspressos,3113671
2026-07-01T23:08:58.410247,2026-07-01T23:08:58.440215+00:00,91.9,61,bid,DiligentDonuts,EarnestEspressos,3113675
2026-07-01T23:08:58.512419,2026-07-01T23:08:58.520078+00:00,91.9,12,ask,DiligentDonuts,Xuanyu Liu,3113677
2026-07-01T23:08:58.913122,2026-07-01T23:08:58.924441+00:00,91.9,27,ask,DiligentDonuts,FlawlessFlatbreads,3113688
2026-07-01T23:08:58.913122,2026-07-01T23:08:58.924441+00:00,91.4,23,ask,EarnestEspressos,FlawlessFlatbreads,3113689
2026-07-01T23:08:59.072592,2026-07-01T23:08:59.079946+00:00,91.4,48,ask,EarnestEspressos,CostlyCorianders,3113692
2026-07-01T23:09:01.021559,2026-07-01T23:09:01.030251+00:00,91.8,5,ask,Kelvin Chan,FlawlessFlatbreads,3113731
2026-07-01T23:09:01.021559,2026-07-01T23:09:01.030251+00:00,91.6,45,ask,EarnestEspressos,FlawlessFlatbreads,3113732
2026-07-01T23:09:03.112248,2026-07-01T23:09:03.142210+00:00,92.1,46,bid,CostlyCorianders,DiligentDonuts,3113761
2026-07-01T23:09:05.181425,2026-07-01T23:09:05.214354+00:00,92.0,50,bid,FlawlessFlatbreads,EarnestEspressos,3113806
2026-07-01T23:09:07.286894,2026-07-01T23:09:07.293229+00:00,92.1,2,bid,FlawlessFlatbreads,Kelvin Chan,3113846
2026-07-01T23:09:07.286894,2026-07-01T23:09:07.293229+00:00,92.1,48,bid,FlawlessFlatbreads,DiligentDonuts,3113847
2026-07-01T23:09:09.446582,2026-07-01T23:09:09.452921+00:00,91.8,50,ask,DiligentDonuts,FlawlessFlatbreads,3113901
2026-07-01T23:09:11.504529,2026-07-01T23:09:11.515343+00:00,92.1,5,bid,FlawlessFlatbreads,Kelvin Chan,3113947
2026-07-01T23:09:11.504529,2026-07-01T23:09:11.515343+00:00,92.1,45,bid,FlawlessFlatbreads,DiligentDonuts,3113948
2026-07-01T23:09:12.558170,2026-07-01T23:09:12.591314+00:00,91.8,1,ask,Kelvin Chan,CostlyCorianders,3113963
2026-07-01T23:09:12.558170,2026-07-01T23:09:12.591314+00:00,91.6,42,ask,DiligentDonuts,CostlyCorianders,3113964
2026-07-01T23:09:15.716396,2026-07-01T23:09:15.732751+00:00,92.1,5,bid,FlawlessFlatbreads,Kelvin Chan,3114025
2026-07-01T23:09:15.716396,2026-07-01T23:09:15.732751+00:00,92.1,45,bid,FlawlessFlatbreads,DiligentDonuts,3114026
2026-07-01T23:09:17.527952,2026-07-01T23:09:17.541757+00:00,91.9,49,ask,DiligentDonuts,CostlyCorianders,3114061
2026-07-01T23:09:17.824761,2026-07-01T23:09:17.846825+00:00,92.1,50,bid,FlawlessFlatbreads,EarnestEspressos,3114066
2026-07-01T23:09:20.000684,2026-07-01T23:09:20.012282+00:00,91.9,50,ask,DiligentDonuts,FlawlessFlatbreads,3114116
2026-07-01T23:09:21.763124,2026-07-01T23:09:21.779838+00:00,91.9,44,ask,EarnestEspressos,CostlyCorianders,3114149
2026-07-01T23:09:22.001288,2026-07-01T23:09:22.012102+00:00,92.1,12,bid,Xuanyu Liu,DiligentDonuts,3114160
2026-07-01T23:09:22.106446,2026-07-01T23:09:22.114796+00:00,91.9,50,ask,EarnestEspressos,FlawlessFlatbreads,3114164
2026-07-01T23:09:24.214879,2026-07-01T23:09:24.215822+00:00,91.9,50,ask,EarnestEspressos,FlawlessFlatbreads,3114206
2026-07-01T23:09:25.320146,2026-07-01T23:09:25.331831+00:00,91.7,11,bid,Xuanyu Liu,EarnestEspressos,3114235
2026-07-01T23:09:26.322268,2026-07-01T23:09:26.329220+00:00,91.6,50,ask,DiligentDonuts,FlawlessFlatbreads,3114247
2026-07-01T23:09:29.302972,2026-07-01T23:09:29.319583+00:00,91.8,41,bid,CostlyCorianders,EarnestEspressos,3114314
2026-07-01T23:09:30.483855,2026-07-01T23:09:30.507034+00:00,91.8,50,bid,FlawlessFlatbreads,EarnestEspressos,3114327
2026-07-01T23:09:32.591748,2026-07-01T23:09:32.598207+00:00,91.8,50,bid,FlawlessFlatbreads,DiligentDonuts,3114367
2026-07-01T23:09:32.675448,2026-07-01T23:09:32.691017+00:00,91.8,46,bid,CostlyCorianders,DiligentDonuts,3114369
2026-07-01T23:09:33.711837,2026-07-01T23:09:33.720388+00:00,91.7,42,ask,EarnestEspressos,CostlyCorianders,3114399
2026-07-01T23:09:34.732758,2026-07-01T23:09:34.738904+00:00,92.2,50,bid,FlawlessFlatbreads,DiligentDonuts,3114411
2026-07-01T23:09:38.970383,2026-07-01T23:09:38.991620+00:00,92.1,3,bid,CostlyCorianders,Kelvin Chan,3114511
2026-07-01T23:09:38.970383,2026-07-01T23:09:38.991620+00:00,92.2,40,bid,CostlyCorianders,EarnestEspressos,3114512
2026-07-01T23:09:39.013975,2026-07-01T23:09:39.058562+00:00,91.8,50,ask,DiligentDonuts,FlawlessFlatbreads,3114513
2026-07-01T23:09:40.902568,2026-07-01T23:09:40.924377+00:00,91.8,44,ask,DiligentDonuts,CostlyCorianders,3114541
2026-07-01T23:09:41.127261,2026-07-01T23:09:41.158638+00:00,91.8,50,ask,DiligentDonuts,FlawlessFlatbreads,3114546
2026-07-01T23:09:42.010963,2026-07-01T23:09:42.028212+00:00,92.3,43,bid,CostlyCorianders,DiligentDonuts,3114558
2026-07-01T23:09:43.146321,2026-07-01T23:09:43.170923+00:00,92.1,45,bid,CostlyCorianders,DiligentDonuts,3114584
2026-07-01T23:09:45.366781,2026-07-01T23:09:45.427444+00:00,91.7,1,ask,Kelvin Chan,FlawlessFlatbreads,3114613
2026-07-01T23:09:45.366781,2026-07-01T23:09:45.427444+00:00,91.7,49,ask,EarnestEspressos,FlawlessFlatbreads,3114614
2026-07-01T23:09:47.475463,2026-07-01T23:09:47.486881+00:00,91.8,50,ask,DiligentDonuts,FlawlessFlatbreads,3114652
2026-07-01T23:09:47.783083,2026-07-01T23:09:47.830154+00:00,91.8,46,ask,DiligentDonuts,CostlyCorianders,3114661
2026-07-01T23:09:49.586102,2026-07-01T23:09:49.595308+00:00,91.8,4,ask,Kelvin Chan,FlawlessFlatbreads,3114698
2026-07-01T23:09:49.586102,2026-07-01T23:09:49.595308+00:00,91.6,46,ask,EarnestEspressos,FlawlessFlatbreads,3114699
2026-07-01T23:09:50.706399,2026-07-01T23:09:50.727952+00:00,91.9,49,bid,CostlyCorianders,DiligentDonuts,3114718
2026-07-01T23:09:51.643804,2026-07-01T23:09:51.658613+00:00,91.9,50,bid,FlawlessFlatbreads,DiligentDonuts,3114745
2026-07-01T23:09:52.143030,2026-07-01T23:09:52.163331+00:00,91.8,1,ask,Kelvin Chan,Xuanyu Liu,3114748
2026-07-01T23:09:53.750176,2026-07-01T23:09:53.758603+00:00,92.0,50,bid,FlawlessFlatbreads,DiligentDonuts,3114790
2026-07-01T23:09:53.799248,2026-07-01T23:09:53.808053+00:00,91.6,1,bid,Xuanyu Liu,EarnestEspressos,3114791
2026-07-01T23:09:54.763407,2026-07-01T23:09:54.771843+00:00,91.6,3,bid,Xuanyu Liu,EarnestEspressos,3114820
2026-07-01T23:09:55.403177,2026-07-01T23:09:55.418710+00:00,91.6,100,bid,DiligentDonuts,EarnestEspressos,3114827
2026-07-01T23:09:55.913077,2026-07-01T23:09:55.921599+00:00,91.1,50,ask,EarnestEspressos,FlawlessFlatbreads,3114841
2026-07-01T23:09:58.024926,2026-07-01T23:09:58.033654+00:00,91.4,50,ask,EarnestEspressos,FlawlessFlatbreads,3114892
2026-07-01T23:10:00.079881,2026-07-01T23:10:00.373720+00:00,91.9,5,bid,FlawlessFlatbreads,Kelvin Chan,3114937
2026-07-01T23:10:00.079881,2026-07-01T23:10:00.385903+00:00,91.9,45,bid,FlawlessFlatbreads,DiligentDonuts,3114938
2026-07-01T23:10:02.238564,2026-07-01T23:10:02.273848+00:00,91.6,50,ask,DiligentDonuts,FlawlessFlatbreads,3114972
2026-07-01T23:10:02.452634,2026-07-01T23:10:02.479510+00:00,91.6,44,ask,DiligentDonuts,CostlyCorianders,3114983
2026-07-01T23:10:04.345292,2026-07-01T23:10:04.337118+00:00,91.6,6,ask,DiligentDonuts,FlawlessFlatbreads,3115022
2026-07-01T23:10:04.345292,2026-07-01T23:10:04.337118+00:00,91.6,4,ask,Kelvin Chan,FlawlessFlatbreads,3115023
2026-07-01T23:10:04.345292,2026-07-01T23:10:04.337118+00:00,91.3,40,ask,EarnestEspressos,FlawlessFlatbreads,3115024
2026-07-01T23:10:04.607686,2026-07-01T23:10:04.616760+00:00,91.8,41,bid,CostlyCorianders,EarnestEspressos,3115029
2026-07-01T23:10:06.454873,2026-07-01T23:10:06.458653+00:00,91.2,50,ask,DiligentDonuts,FlawlessFlatbreads,3115057
2026-07-01T23:10:08.565645,2026-07-01T23:10:08.574368+00:00,91.2,50,ask,EarnestEspressos,FlawlessFlatbreads,3115118
2026-07-01T23:10:09.592446,2026-07-01T23:10:09.618840+00:00,91.5,5,ask,Kelvin Chan,EarnestEspressos,3115141
2026-07-01T23:10:09.741039,2026-07-01T23:10:09.763939+00:00,91.3,45,bid,CostlyCorianders,EarnestEspressos,3115144
2026-07-01T23:10:09.796121,2026-07-01T23:10:09.806182+00:00,91.1,44,ask,DiligentDonuts,CostlyCorianders,3115146
2026-07-01T23:10:10.678427,2026-07-01T23:10:10.687818+00:00,91.1,50,ask,DiligentDonuts,FlawlessFlatbreads,3115165
2026-07-01T23:10:11.275159,2026-07-01T23:10:11.279648+00:00,91.2,100,bid,Chester Au,DiligentDonuts,3115185
2026-07-01T23:10:11.437287,2026-07-01T23:10:11.473802+00:00,90.8,44,ask,EarnestEspressos,CostlyCorianders,3115190
2026-07-01T23:10:12.789376,2026-07-01T23:10:12.798358+00:00,90.9,50,ask,EarnestEspressos,FlawlessFlatbreads,3115213
2026-07-01T23:10:14.097359,2026-07-01T23:10:14.109036+00:00,91.4,49,bid,CostlyCorianders,EarnestEspressos,3115239
2026-07-01T23:10:14.477377,2026-07-01T23:10:14.490639+00:00,91.4,100,bid,Chester Au,EarnestEspressos,3115248
2026-07-01T23:10:14.756437,2026-07-01T23:10:14.755947+00:00,91.4,1,bid,CostlyCorianders,EarnestEspressos,3115254
2026-07-01T23:10:14.809412,2026-07-01T23:10:14.836259+00:00,91.1,49,ask,DiligentDonuts,CostlyCorianders,3115255
2026-07-01T23:10:14.895688,2026-07-01T23:10:14.920255+00:00,91.1,50,ask,DiligentDonuts,FlawlessFlatbreads,3115257
2026-07-01T23:10:15.751297,2026-07-01T23:10:15.757766+00:00,91.6,5,bid,CostlyCorianders,Kelvin Chan,3115277
2026-07-01T23:10:15.751297,2026-07-01T23:10:15.757766+00:00,91.6,38,bid,CostlyCorianders,DiligentDonuts,3115278
2026-07-01T23:10:17.003307,2026-07-01T23:10:17.005484+00:00,91.4,50,ask,EarnestEspressos,FlawlessFlatbreads,3115295
2026-07-01T23:10:17.608110,2026-07-01T23:10:17.629617+00:00,91.4,100,ask,EarnestEspressos,DiligentDonuts,3115303
2026-07-01T23:10:19.111397,2026-07-01T23:10:19.120624+00:00,90.9,50,ask,DiligentDonuts,FlawlessFlatbreads,3115335
2026-07-01T23:10:20.009670,2026-07-01T23:10:20.017898+00:00,91.2,3,bid,Xuanyu Liu,EarnestEspressos,3115356
2026-07-01T23:10:20.288112,2026-07-01T23:10:20.299889+00:00,90.9,40,ask,DiligentDonuts,CostlyCorianders,3115360
2026-07-01T23:10:21.059669,2026-07-01T23:10:21.069206+00:00,91.2,11,bid,Xuanyu Liu,EarnestEspressos,3115386
2026-07-01T23:10:21.219132,2026-07-01T23:10:21.225591+00:00,90.9,50,ask,DiligentDonuts,FlawlessFlatbreads,3115392
2026-07-01T23:10:23.325890,2026-07-01T23:10:23.332074+00:00,90.9,50,ask,DiligentDonuts,FlawlessFlatbreads,3115420
2026-07-01T23:10:24.649075,2026-07-01T23:10:24.652027+00:00,91.0,46,bid,CostlyCorianders,DiligentDonuts,3115440
2026-07-01T23:10:25.344357,2026-07-01T23:10:25.346699+00:00,91.0,1,bid,Kelvin Chan,DiligentDonuts,3115446
2026-07-01T23:10:25.382699,2026-07-01T23:10:25.389600+00:00,91.0,50,bid,FlawlessFlatbreads,DiligentDonuts,3115449
2026-07-01T23:10:25.615151,2026-07-01T23:10:25.641916+00:00,91.0,1,bid,Kelvin Chan,DiligentDonuts,3115454
2026-07-01T23:10:27.489814,2026-07-01T23:10:27.501167+00:00,91.3,50,bid,FlawlessFlatbreads,EarnestEspressos,3115478
2026-07-01T23:10:28.152025,2026-07-01T23:10:28.158361+00:00,91.3,43,bid,CostlyCorianders,EarnestEspressos,3115495
2026-07-01T23:10:28.896017,2026-07-01T23:10:28.905033+00:00,91.2,11,ask,EarnestEspressos,Xuanyu Liu,3115506
2026-07-01T23:10:29.349231,2026-07-01T23:10:29.359027+00:00,91.2,44,ask,EarnestEspressos,CostlyCorianders,3115516
2026-07-01T23:10:29.597371,2026-07-01T23:10:29.625480+00:00,91.4,4,bid,FlawlessFlatbreads,Kelvin Chan,3115523
2026-07-01T23:10:29.597371,2026-07-01T23:10:29.625480+00:00,91.4,46,bid,FlawlessFlatbreads,DiligentDonuts,3115524
2026-07-01T23:10:30.520838,2026-07-01T23:10:30.544962+00:00,91.2,43,ask,EarnestEspressos,CostlyCorianders,3115542
2026-07-01T23:10:31.020182,2026-07-01T23:10:31.043120+00:00,91.4,4,bid,CostlyCorianders,Kelvin Chan,3115551
2026-07-01T23:10:31.020182,2026-07-01T23:10:31.048398+00:00,91.5,40,bid,CostlyCorianders,DiligentDonuts,3115552
2026-07-01T23:10:31.523040,2026-07-01T23:10:31.533264+00:00,91.2,3,ask,EarnestEspressos,Xuanyu Liu,3115565
2026-07-01T23:10:31.705875,2026-07-01T23:10:31.715282+00:00,91.5,50,bid,FlawlessFlatbreads,DiligentDonuts,3115571
2026-07-01T23:10:32.574944,2026-07-01T23:10:32.586373+00:00,91.1,47,bid,CostlyCorianders,EarnestEspressos,3115582
2026-07-01T23:10:33.088834,2026-07-01T23:10:33.100603+00:00,91.0,1,ask,Kelvin Chan,CostlyCorianders,3115589
2026-07-01T23:10:33.088834,2026-07-01T23:10:33.100603+00:00,91.0,39,ask,DiligentDonuts,CostlyCorianders,3115590
2026-07-01T23:10:33.652667,2026-07-01T23:10:33.664036+00:00,91.1,6,bid,Kelvin Chan,EarnestEspressos,3115595
2026-07-01T23:10:33.695763,2026-07-01T23:10:33.707044+00:00,91.1,46,bid,CostlyCorianders,EarnestEspressos,3115596
2026-07-01T23:10:33.757573,2026-07-01T23:10:33.768813+00:00,91.1,6,bid,Kelvin Chan,EarnestEspressos,3115598
2026-07-01T23:10:33.815142,2026-07-01T23:10:33.837693+00:00,91.1,45,bid,FlawlessFlatbreads,EarnestEspressos,3115604
2026-07-01T23:10:34.233992,2026-07-01T23:10:34.256257+00:00,91.1,6,ask,Kelvin Chan,CostlyCorianders,3115619
2026-07-01T23:10:34.233992,2026-07-01T23:10:34.256257+00:00,91.0,43,ask,DiligentDonuts,CostlyCorianders,3115620
2026-07-01T23:10:34.817733,2026-07-01T23:10:34.847936+00:00,91.0,41,ask,DiligentDonuts,CostlyCorianders,3115629
2026-07-01T23:10:35.921190,2026-07-01T23:10:35.932457+00:00,91.5,50,bid,FlawlessFlatbreads,DiligentDonuts,3115654
2026-07-01T23:10:36.044852,2026-07-01T23:10:36.044223+00:00,91.5,45,bid,CostlyCorianders,DiligentDonuts,3115655
2026-07-01T23:10:38.082691,2026-07-01T23:10:38.090087+00:00,91.1,50,ask,EarnestEspressos,FlawlessFlatbreads,3115692
2026-07-01T23:10:40.187405,2026-07-01T23:10:40.198880+00:00,91.1,50,ask,EarnestEspressos,FlawlessFlatbreads,3115735
2026-07-01T23:10:42.299085,2026-07-01T23:10:42.324038+00:00,91.1,4,ask,Kelvin Chan,FlawlessFlatbreads,3115768
2026-07-01T23:10:42.299085,2026-07-01T23:10:42.324038+00:00,91.0,46,ask,DiligentDonuts,FlawlessFlatbreads,3115769
2026-07-01T23:10:44.407116,2026-07-01T23:10:44.413917+00:00,90.8,50,ask,DiligentDonuts,FlawlessFlatbreads,3115820
2026-07-01T23:10:44.573729,2026-07-01T23:10:44.592576+00:00,90.8,41,ask,DiligentDonuts,CostlyCorianders,3115826
2026-07-01T23:10:46.521250,2026-07-01T23:10:46.564019+00:00,90.8,50,ask,EarnestEspressos,FlawlessFlatbreads,3115867
2026-07-01T23:10:48.628669,2026-07-01T23:10:48.639938+00:00,91.0,2,ask,Kelvin Chan,FlawlessFlatbreads,3115905
2026-07-01T23:10:50.736203,2026-07-01T23:10:50.742971+00:00,90.8,50,ask,DiligentDonuts,FlawlessFlatbreads,3115935
2026-07-01T23:10:52.425949,2026-07-01T23:10:52.434206+00:00,91.1,3,bid,Xuanyu Liu,DiligentDonuts,3115977
2026-07-01T23:10:52.522161,2026-07-01T23:10:52.532569+00:00,91.1,23,bid,Xuanyu Liu,DiligentDonuts,3115982
2026-07-01T23:10:54.898341,2026-07-01T23:10:54.912861+00:00,91.1,50,bid,FlawlessFlatbreads,DiligentDonuts,3116022
2026-07-01T23:10:55.636005,2026-07-01T23:10:55.648501+00:00,91.0,5,ask,Kelvin Chan,CostlyCorianders,3116039
2026-07-01T23:10:56.691785,2026-07-01T23:10:56.718923+00:00,90.9,47,ask,EarnestEspressos,CostlyCorianders,3116071
2026-07-01T23:10:57.005353,2026-07-01T23:10:57.016700+00:00,91.3,50,bid,FlawlessFlatbreads,DiligentDonuts,3116073
2026-07-01T23:10:57.624109,2026-07-01T23:10:57.631758+00:00,90.9,3,bid,Kelvin Chan,EarnestEspressos,3116090
2026-07-01T23:10:57.728978,2026-07-01T23:10:57.750853+00:00,90.9,3,bid,Kelvin Chan,EarnestEspressos,3116091
2026-07-01T23:10:58.060251,2026-07-01T23:10:58.089374+00:00,90.9,3,bid,Kelvin Chan,EarnestEspressos,3116092
2026-07-01T23:10:58.182076,2026-07-01T23:10:58.207514+00:00,90.9,2,bid,Kelvin Chan,EarnestEspressos,3116094
2026-07-01T23:10:58.250808,2026-07-01T23:10:58.273293+00:00,90.9,2,bid,Kelvin Chan,EarnestEspressos,3116097
2026-07-01T23:10:58.695569,2026-07-01T23:10:58.733953+00:00,90.9,100,bid,DiligentDonuts,EarnestEspressos,3116104
2026-07-01T23:10:58.754374,2026-07-01T23:10:58.774334+00:00,90.9,37,bid,CostlyCorianders,EarnestEspressos,3116105
2026-07-01T23:10:58.754374,2026-07-01T23:10:58.774334+00:00,91.2,3,bid,CostlyCorianders,Kelvin Chan,3116106
2026-07-01T23:10:58.754374,2026-07-01T23:10:58.774334+00:00,91.4,4,bid,CostlyCorianders,DiligentDonuts,3116107
2026-07-01T23:10:59.112839,2026-07-01T23:10:59.121633+00:00,91.4,50,bid,FlawlessFlatbreads,DiligentDonuts,3116114
2026-07-01T23:11:00.197297,2026-07-01T23:11:00.217421+00:00,91.0,12,ask,EarnestEspressos,Xuanyu Liu,3116154
