timestamp,recv_time,price,volume,aggressor_side,buyer,seller,trade_id
2026-07-08T05:00:00.654507,2026-07-08T05:00:00.654780+00:00,117.0,50,bid,,,11730872
2026-07-08T05:00:02.523061,2026-07-08T05:00:02.531473+00:00,117.0,49,bid,,,11730906
2026-07-08T05:00:02.764942,2026-07-08T05:00:02.776834+00:00,117.0,50,bid,,,11730911
2026-07-08T05:00:02.834332,2026-07-08T05:00:02.846166+00:00,117.0,1,bid,,,11730913
2026-07-08T05:00:03.471261,2026-07-08T05:00:03.480409+00:00,116.9,1,ask,,,11730924
2026-07-08T05:00:03.500023,2026-07-08T05:00:03.523743+00:00,117.2,5,bid,,,11730925
2026-07-08T05:00:03.512982,2026-07-08T05:00:03.523743+00:00,117.2,1,ask,,,11730926
2026-07-08T05:00:04.751185,2026-07-08T05:00:04.753135+00:00,117.2,42,ask,,,11730945
2026-07-08T05:00:04.889287,2026-07-08T05:00:04.896686+00:00,117.3,50,bid,,,11730947
2026-07-08T05:00:05.317891,2026-07-08T05:00:05.328746+00:00,117.3,3,bid,,,11730954
2026-07-08T05:00:05.494159,2026-07-08T05:00:05.504235+00:00,117.3,6,bid,,,11730958
2026-07-08T05:00:06.668917,2026-07-08T05:00:06.680999+00:00,117.3,41,bid,,,11730977
2026-07-08T05:00:06.951828,2026-07-08T05:00:06.962508+00:00,117.5,3,ask,,,11730983
2026-07-08T05:00:06.996504,2026-07-08T05:00:07.008703+00:00,117.8,5,bid,,,11730985
2026-07-08T05:00:06.996504,2026-07-08T05:00:07.008703+00:00,117.9,45,bid,,,11730986
2026-07-08T05:00:08.128294,2026-07-08T05:00:08.140188+00:00,117.9,45,bid,,,11730997
2026-07-08T05:00:08.732476,2026-07-08T05:00:08.744133+00:00,117.6,5,ask,,,11731004
2026-07-08T05:00:08.732476,2026-07-08T05:00:08.744133+00:00,117.5,43,ask,,,11731005
2026-07-08T05:00:09.194324,2026-07-08T05:00:09.203807+00:00,117.6,5,ask,,,11731009
2026-07-08T05:00:09.194324,2026-07-08T05:00:09.203807+00:00,117.5,45,ask,,,11731010
2026-07-08T05:00:09.232166,2026-07-08T05:00:09.244376+00:00,117.7,5,bid,,,11731011
2026-07-08T05:00:09.232166,2026-07-08T05:00:09.244376+00:00,117.9,39,bid,,,11731012
2026-07-08T05:00:09.794157,2026-07-08T05:00:09.805961+00:00,117.6,5,ask,,,11731023
2026-07-08T05:00:09.794157,2026-07-08T05:00:09.805961+00:00,117.5,12,ask,,,11731024
2026-07-08T05:00:09.794157,2026-07-08T05:00:09.805961+00:00,117.3,5,ask,,,11731025
2026-07-08T05:00:11.306646,2026-07-08T05:00:11.316333+00:00,117.5,50,ask,,,11731045
2026-07-08T05:00:13.418067,2026-07-08T05:00:13.429888+00:00,117.4,50,ask,,,11731072
2026-07-08T05:00:13.424207,2026-07-08T05:00:13.435539+00:00,117.4,44,ask,,,11731073
2026-07-08T05:00:15.618991,2026-07-08T05:00:15.627525+00:00,117.7,45,bid,,,11731098
2026-07-08T05:00:16.582552,2026-07-08T05:00:16.591512+00:00,117.2,6,ask,,,11731111
2026-07-08T05:00:17.586501,2026-07-08T05:00:17.598505+00:00,117.5,43,bid,,,11731126
2026-07-08T05:00:17.616446,2026-07-08T05:00:17.624797+00:00,117.5,50,bid,,,11731129
2026-07-08T05:00:18.605676,2026-07-08T05:00:18.617427+00:00,117.5,1,bid,,,11731147
2026-07-08T05:00:19.723818,2026-07-08T05:00:19.735854+00:00,117.9,50,bid,,,11731158
2026-07-08T05:00:19.875194,2026-07-08T05:00:19.887127+00:00,117.6,47,ask,,,11731162
2026-07-08T05:00:20.935541,2026-07-08T05:00:20.947078+00:00,118.1,49,bid,,,11731178
2026-07-08T05:00:21.006322,2026-07-08T05:00:21.018120+00:00,117.9,43,ask,,,11731179
2026-07-08T05:00:21.622808,2026-07-08T05:00:21.632210+00:00,117.9,49,ask,,,11731187
2026-07-08T05:00:21.913041,2026-07-08T05:00:21.925068+00:00,117.9,8,ask,,,11731192
2026-07-08T05:00:21.913041,2026-07-08T05:00:21.925068+00:00,117.7,5,ask,,,11731193
2026-07-08T05:00:21.913041,2026-07-08T05:00:21.925068+00:00,117.6,37,ask,,,11731194
2026-07-08T05:00:24.526918,2026-07-08T05:00:24.533832+00:00,117.9,5,bid,,,11731231
2026-07-08T05:00:24.526918,2026-07-08T05:00:24.539280+00:00,118.0,44,bid,,,11731232
2026-07-08T05:00:24.992183,2026-07-08T05:00:25.001792+00:00,117.6,46,ask,,,11731239
2026-07-08T05:00:25.623267,2026-07-08T05:00:25.635273+00:00,117.6,5,ask,,,11731253
2026-07-08T05:00:26.106559,2026-07-08T05:00:26.118116+00:00,117.7,50,bid,,,11731257
2026-07-08T05:00:27.390632,2026-07-08T05:00:27.402895+00:00,117.7,46,bid,,,11731271
2026-07-08T05:00:28.683141,2026-07-08T05:00:28.694248+00:00,117.3,1,ask,,,11731288
2026-07-08T05:00:28.812695,2026-07-08T05:00:28.824882+00:00,117.6,5,bid,,,11731289
2026-07-08T05:00:29.515875,2026-07-08T05:00:29.527883+00:00,117.6,41,ask,,,11731303
2026-07-08T05:00:30.456304,2026-07-08T05:00:30.468442+00:00,117.9,5,bid,,,11731310
2026-07-08T05:00:30.456304,2026-07-08T05:00:30.468442+00:00,118.0,40,bid,,,11731311
2026-07-08T05:00:32.480718,2026-07-08T05:00:32.492614+00:00,117.7,50,ask,,,11731332
2026-07-08T05:00:32.801768,2026-07-08T05:00:32.811955+00:00,118.0,5,bid,,,11731335
2026-07-08T05:00:32.881564,2026-07-08T05:00:32.897927+00:00,118.0,10,ask,,,11731337
2026-07-08T05:00:32.888628,2026-07-08T05:00:32.897927+00:00,118.0,14,ask,,,11731339
2026-07-08T05:00:32.891438,2026-07-08T05:00:32.897927+00:00,118.0,10,ask,,,11731340
2026-07-08T05:00:32.901349,2026-07-08T05:00:32.913164+00:00,118.0,10,ask,,,11731343
2026-07-08T05:00:32.909969,2026-07-08T05:00:32.923951+00:00,118.0,51,ask,,,11731346
2026-07-08T05:00:32.926075,2026-07-08T05:00:32.934643+00:00,117.7,2,ask,,,11731348
2026-07-08T05:00:32.930351,2026-07-08T05:00:32.940303+00:00,117.7,2,ask,,,11731349
2026-07-08T05:00:32.934610,2026-07-08T05:00:32.945699+00:00,117.7,2,ask,,,11731350
2026-07-08T05:00:32.938804,2026-07-08T05:00:32.945699+00:00,117.7,2,ask,,,11731351
2026-07-08T05:00:32.943262,2026-07-08T05:00:32.950953+00:00,117.7,2,ask,,,11731352
2026-07-08T05:00:34.032944,2026-07-08T05:00:34.040269+00:00,117.7,41,ask,,,11731367
2026-07-08T05:00:34.589899,2026-07-08T05:00:34.600584+00:00,117.8,5,ask,,,11731374
2026-07-08T05:00:34.589899,2026-07-08T05:00:34.600584+00:00,117.7,45,ask,,,11731375
2026-07-08T05:00:35.158539,2026-07-08T05:00:35.169145+00:00,117.6,5,ask,,,11731380
2026-07-08T05:00:35.218094,2026-07-08T05:00:35.230968+00:00,117.4,17,bid,,,11731381
2026-07-08T05:00:35.242835,2026-07-08T05:00:35.251579+00:00,117.4,51,bid,,,11731383
2026-07-08T05:00:35.267594,2026-07-08T05:00:35.277787+00:00,117.4,10,bid,,,11731386
2026-07-08T05:00:35.278318,2026-07-08T05:00:35.288298+00:00,117.4,10,bid,,,11731388
2026-07-08T05:00:35.288901,2026-07-08T05:00:35.299000+00:00,117.4,10,bid,,,11731390
2026-07-08T05:00:35.301842,2026-07-08T05:00:35.317424+00:00,117.4,10,bid,,,11731392
2026-07-08T05:00:35.465244,2026-07-08T05:00:35.476045+00:00,117.3,5,bid,,,11731397
2026-07-08T05:00:35.752534,2026-07-08T05:00:35.754648+00:00,117.4,1,bid,,,11731405
2026-07-08T05:00:35.963398,2026-07-08T05:00:35.974598+00:00,117.4,41,bid,,,11731420
2026-07-08T05:00:35.963398,2026-07-08T05:00:35.974598+00:00,117.4,5,bid,,,11731421
2026-07-08T05:00:36.255067,2026-07-08T05:00:36.264323+00:00,117.4,5,ask,,,11731427
2026-07-08T05:00:36.507889,2026-07-08T05:00:36.517398+00:00,117.5,3,ask,,,11731432
2026-07-08T05:00:36.703721,2026-07-08T05:00:36.713721+00:00,117.5,2,ask,,,11731434
2026-07-08T05:00:36.703721,2026-07-08T05:00:36.713721+00:00,117.4,48,ask,,,11731435
2026-07-08T05:00:37.148299,2026-07-08T05:00:37.163664+00:00,117.7,5,bid,,,11731445
2026-07-08T05:00:37.148299,2026-07-08T05:00:37.163664+00:00,117.8,5,bid,,,11731446
2026-07-08T05:00:37.148299,2026-07-08T05:00:37.163664+00:00,117.9,31,bid,,,11731447
2026-07-08T05:00:38.813003,2026-07-08T05:00:38.824994+00:00,117.5,5,ask,,,11731474
2026-07-08T05:00:38.813003,2026-07-08T05:00:38.824994+00:00,117.4,1,ask,,,11731475
2026-07-08T05:00:39.486478,2026-07-08T05:00:39.497107+00:00,117.6,3,bid,,,11731485
2026-07-08T05:00:40.924561,2026-07-08T05:00:40.936913+00:00,117.4,50,ask,,,11731504
2026-07-08T05:00:41.475317,2026-07-08T05:00:41.486383+00:00,117.7,5,bid,,,11731517
2026-07-08T05:00:41.802793,2026-07-08T05:00:41.813001+00:00,117.7,1,ask,,,11731525
2026-07-08T05:00:42.028091,2026-07-08T05:00:42.039982+00:00,117.7,41,ask,,,11731529
2026-07-08T05:00:42.107295,2026-07-08T05:00:42.115781+00:00,117.7,3,ask,,,11731533
2026-07-08T05:00:42.338990,2026-07-08T05:00:42.349507+00:00,117.7,100,ask,,,11731536
2026-07-08T05:00:43.035278,2026-07-08T05:00:43.047444+00:00,117.3,5,ask,,,11731546
2026-07-08T05:00:43.035278,2026-07-08T05:00:43.047444+00:00,117.1,5,ask,,,11731547
2026-07-08T05:00:43.035278,2026-07-08T05:00:43.047444+00:00,117.0,40,ask,,,11731548
2026-07-08T05:00:43.426804,2026-07-08T05:00:43.442728+00:00,117.4,5,ask,,,11731554
2026-07-08T05:00:43.426804,2026-07-08T05:00:43.442728+00:00,117.3,5,ask,,,11731555
2026-07-08T05:00:43.449191,2026-07-08T05:00:43.459088+00:00,117.6,3,bid,,,11731558
2026-07-08T05:00:43.521498,2026-07-08T05:00:43.531273+00:00,117.5,5,bid,,,11731560
2026-07-08T05:00:43.822919,2026-07-08T05:00:43.837465+00:00,117.5,5,bid,,,11731570
2026-07-08T05:00:45.387615,2026-07-08T05:00:45.398366+00:00,117.5,1,bid,,,11731594
2026-07-08T05:00:45.450245,2026-07-08T05:00:45.457711+00:00,117.5,4,bid,,,11731598
2026-07-08T05:00:46.089676,2026-07-08T05:00:46.099557+00:00,117.6,12,bid,,,11731606
2026-07-08T05:00:46.869119,2026-07-08T05:00:46.878394+00:00,117.6,23,bid,,,11731619
2026-07-08T05:00:47.201439,2026-07-08T05:00:47.213424+00:00,117.6,50,bid,,,11731624
2026-07-08T05:00:49.013388,2026-07-08T05:00:49.024128+00:00,117.8,5,ask,,,11731647
2026-07-08T05:00:49.406741,2026-07-08T05:00:49.418601+00:00,118.0,5,bid,,,11731650
2026-07-08T05:00:49.406741,2026-07-08T05:00:49.418601+00:00,118.1,35,bid,,,11731651
2026-07-08T05:00:49.527211,2026-07-08T05:00:49.540308+00:00,117.8,5,ask,,,11731655
2026-07-08T05:00:49.615141,2026-07-08T05:00:49.625793+00:00,117.7,2,ask,,,11731660
2026-07-08T05:00:51.601283,2026-07-08T05:00:51.610627+00:00,117.9,5,ask,,,11731695
2026-07-08T05:00:52.634925,2026-07-08T05:00:52.645588+00:00,117.9,5,ask,,,11731715
2026-07-08T05:00:53.702641,2026-07-08T05:00:53.713793+00:00,117.9,1,ask,,,11731730
2026-07-08T05:00:54.809236,2026-07-08T05:00:54.819372+00:00,117.9,5,ask,,,11731749
2026-07-08T05:00:54.809236,2026-07-08T05:00:54.819372+00:00,117.8,35,ask,,,11731750
2026-07-08T05:00:55.809433,2026-07-08T05:00:55.818995+00:00,117.8,44,ask,,,11731773
2026-07-08T05:00:56.448322,2026-07-08T05:00:56.451364+00:00,118.2,49,bid,,,11731780
2026-07-08T05:00:57.072244,2026-07-08T05:00:57.081924+00:00,118.1,5,bid,,,11731794
2026-07-08T05:00:57.072244,2026-07-08T05:00:57.081924+00:00,118.2,39,bid,,,11731795
2026-07-08T05:00:57.131776,2026-07-08T05:00:57.141494+00:00,117.8,48,ask,,,11731796
2026-07-08T05:00:57.387906,2026-07-08T05:00:57.397722+00:00,117.8,5,ask,,,11731798
2026-07-08T05:00:57.387906,2026-07-08T05:00:57.397722+00:00,117.7,100,ask,,,11731799
2026-07-08T05:00:57.402734,2026-07-08T05:00:57.413825+00:00,117.7,5,bid,,,11731800
2026-07-08T05:00:57.730201,2026-07-08T05:00:57.742252+00:00,117.7,40,bid,,,11731805
2026-07-08T05:00:57.730201,2026-07-08T05:00:57.742252+00:00,118.1,5,bid,,,11731806
2026-07-08T05:00:57.730201,2026-07-08T05:00:57.742252+00:00,118.2,5,bid,,,11731807
2026-07-08T05:00:58.766229,2026-07-08T05:00:58.778088+00:00,117.7,5,bid,,,11731822
2026-07-08T05:00:58.766229,2026-07-08T05:00:58.778088+00:00,117.8,5,bid,,,11731823
2026-07-08T05:00:58.766229,2026-07-08T05:00:58.778088+00:00,118.0,31,bid,,,11731824
2026-07-08T05:00:59.357219,2026-07-08T05:00:59.369415+00:00,117.7,5,ask,,,11731833
2026-07-08T05:00:59.357219,2026-07-08T05:00:59.369415+00:00,117.5,41,ask,,,11731834
2026-07-08T05:00:59.842186,2026-07-08T05:00:59.858635+00:00,117.8,5,bid,,,11731840
2026-07-08T05:00:59.842186,2026-07-08T05:00:59.858635+00:00,117.9,5,bid,,,11731841
2026-07-08T05:00:59.842186,2026-07-08T05:00:59.858635+00:00,118.0,40,bid,,,11731842
2026-07-08T05:01:00.834896,2026-07-08T05:01:00.849682+00:00,118.2,11,bid,,,11731851
2026-07-08T05:01:01.828452,2026-07-08T05:01:01.837645+00:00,117.8,3,ask,,,11731865
2026-07-08T05:01:01.863619,2026-07-08T05:01:01.875293+00:00,117.8,41,ask,,,11731867
2026-07-08T05:01:01.956750,2026-07-08T05:01:01.963922+00:00,118.2,50,bid,,,11731868
2026-07-08T05:01:04.063754,2026-07-08T05:01:04.075867+00:00,118.3,50,bid,,,11731893
2026-07-08T05:01:04.450239,2026-07-08T05:01:04.461273+00:00,118.0,3,ask,,,11731897
2026-07-08T05:01:04.514461,2026-07-08T05:01:04.524240+00:00,118.0,2,ask,,,11731903
2026-07-08T05:01:05.012218,2026-07-08T05:01:05.019776+00:00,117.9,28,ask,,,11731909
2026-07-08T05:01:06.170486,2026-07-08T05:01:06.182329+00:00,118.1,50,bid,,,11731925
2026-07-08T05:01:07.076048,2026-07-08T05:01:07.085109+00:00,118.0,11,ask,,,11731939
2026-07-08T05:01:07.087296,2026-07-08T05:01:07.100835+00:00,118.0,2,ask,,,11731942
2026-07-08T05:01:07.090514,2026-07-08T05:01:07.100835+00:00,118.0,137,ask,,,11731943
2026-07-08T05:01:07.180937,2026-07-08T05:01:07.192295+00:00,117.9,5,ask,,,11731946
2026-07-08T05:01:08.278063,2026-07-08T05:01:08.286380+00:00,117.8,5,bid,,,11731959
2026-07-08T05:01:08.278063,2026-07-08T05:01:08.286380+00:00,117.9,5,bid,,,11731960
2026-07-08T05:01:08.278063,2026-07-08T05:01:08.291946+00:00,118.0,40,bid,,,11731961
2026-07-08T05:01:08.387752,2026-07-08T05:01:08.398501+00:00,118.0,14,bid,,,11731963
2026-07-08T05:01:08.426344,2026-07-08T05:01:08.438464+00:00,118.0,43,bid,,,11731965
2026-07-08T05:01:08.790934,2026-07-08T05:01:08.799759+00:00,117.9,5,bid,,,11731973
2026-07-08T05:01:09.055169,2026-07-08T05:01:09.058560+00:00,117.7,1,ask,,,11731981
2026-07-08T05:01:09.469583,2026-07-08T05:01:09.481349+00:00,117.6,5,ask,,,11731985
2026-07-08T05:01:09.469583,2026-07-08T05:01:09.481349+00:00,117.5,41,ask,,,11731986
2026-07-08T05:01:09.842898,2026-07-08T05:01:09.849714+00:00,117.8,5,bid,,,11731993
2026-07-08T05:01:10.095866,2026-07-08T05:01:10.102788+00:00,117.8,35,bid,,,11732001
2026-07-08T05:01:10.187357,2026-07-08T05:01:10.199429+00:00,117.8,35,bid,,,11732004
2026-07-08T05:01:10.278881,2026-07-08T05:01:10.291491+00:00,117.8,35,bid,,,11732007
2026-07-08T05:01:10.371600,2026-07-08T05:01:10.382431+00:00,117.8,29,bid,,,11732009
2026-07-08T05:01:10.447402,2026-07-08T05:01:10.453987+00:00,117.5,50,ask,,,11732011
2026-07-08T05:01:10.582650,2026-07-08T05:01:10.594515+00:00,117.8,16,bid,,,11732013
2026-07-08T05:01:10.582650,2026-07-08T05:01:10.594515+00:00,117.8,5,bid,,,11732014
2026-07-08T05:01:10.582650,2026-07-08T05:01:10.594515+00:00,118.0,3,bid,,,11732015
2026-07-08T05:01:11.015913,2026-07-08T05:01:11.026248+00:00,117.9,3,ask,,,11732022
2026-07-08T05:01:11.036510,2026-07-08T05:01:11.046997+00:00,117.9,35,ask,,,11732026
2026-07-08T05:01:11.128977,2026-07-08T05:01:11.139117+00:00,117.9,35,ask,,,11732028
2026-07-08T05:01:11.219116,2026-07-08T05:01:11.231149+00:00,117.9,27,ask,,,11732030
2026-07-08T05:01:11.219116,2026-07-08T05:01:11.231149+00:00,117.9,5,ask,,,11732031
2026-07-08T05:01:12.147847,2026-07-08T05:01:12.147437+00:00,117.7,5,ask,,,11732044
2026-07-08T05:01:12.147847,2026-07-08T05:01:12.147437+00:00,117.3,38,ask,,,11732045
2026-07-08T05:01:12.503994,2026-07-08T05:01:12.515787+00:00,118.0,5,bid,,,11732050
2026-07-08T05:01:12.503994,2026-07-08T05:01:12.515787+00:00,118.4,45,bid,,,11732051
2026-07-08T05:01:14.613340,2026-07-08T05:01:14.625350+00:00,117.8,50,bid,,,11732087
2026-07-08T05:01:14.950793,2026-07-08T05:01:14.962241+00:00,117.8,3,bid,,,11732094
2026-07-08T05:01:14.998982,2026-07-08T05:01:15.007815+00:00,117.7,5,bid,,,11732098
2026-07-08T05:01:16.049711,2026-07-08T05:01:16.063640+00:00,117.7,5,bid,,,11732111
2026-07-08T05:01:16.492603,2026-07-08T05:01:16.504476+00:00,117.8,47,bid,,,11732117
2026-07-08T05:01:16.727028,2026-07-08T05:01:16.737883+00:00,118.0,50,bid,,,11732126
2026-07-08T05:01:17.133356,2026-07-08T05:01:17.142119+00:00,117.8,5,bid,,,11732132
2026-07-08T05:01:18.835232,2026-07-08T05:01:18.847094+00:00,118.0,50,bid,,,11732152
2026-07-08T05:01:19.492785,2026-07-08T05:01:19.504535+00:00,118.1,5,bid,,,11732158
2026-07-08T05:01:19.942013,2026-07-08T05:01:19.951945+00:00,118.1,3,ask,,,11732160
2026-07-08T05:01:19.992152,2026-07-08T05:01:20.000999+00:00,118.1,35,ask,,,11732165
2026-07-08T05:01:20.082013,2026-07-08T05:01:20.088459+00:00,118.1,35,ask,,,11732167
2026-07-08T05:01:20.171465,2026-07-08T05:01:20.181144+00:00,118.1,13,ask,,,11732171
2026-07-08T05:01:20.280293,2026-07-08T05:01:20.290914+00:00,118.1,49,ask,,,11732178
2026-07-08T05:01:20.833251,2026-07-08T05:01:20.845321+00:00,118.3,5,ask,,,11732189
2026-07-08T05:01:20.833251,2026-07-08T05:01:20.845321+00:00,118.2,35,ask,,,11732190
2026-07-08T05:01:20.955287,2026-07-08T05:01:20.969061+00:00,118.5,5,bid,,,11732192
2026-07-08T05:01:20.955287,2026-07-08T05:01:20.969061+00:00,118.6,45,bid,,,11732193
2026-07-08T05:01:22.713007,2026-07-08T05:01:22.725096+00:00,118.3,5,ask,,,11732215
2026-07-08T05:01:22.841699,2026-07-08T05:01:22.853632+00:00,118.3,45,bid,,,11732216
2026-07-08T05:01:23.115732,2026-07-08T05:01:23.127844+00:00,118.2,50,ask,,,11732218
2026-07-08T05:01:26.757117,2026-07-08T05:01:26.764196+00:00,118.3,47,bid,,,11732258
2026-07-08T05:01:29.478021,2026-07-08T05:01:29.485065+00:00,118.0,5,ask,,,11732298
2026-07-08T05:01:29.478021,2026-07-08T05:01:29.490053+00:00,117.9,45,ask,,,11732299
2026-07-08T05:01:31.592206,2026-07-08T05:01:31.604591+00:00,118.0,5,ask,,,11732324
2026-07-08T05:01:31.592206,2026-07-08T05:01:31.604591+00:00,117.9,45,ask,,,11732325
2026-07-08T05:01:32.200110,2026-07-08T05:01:32.209586+00:00,117.9,5,ask,,,11732341
2026-07-08T05:01:33.386619,2026-07-08T05:01:33.397092+00:00,117.9,3,bid,,,11732355
2026-07-08T05:01:33.671644,2026-07-08T05:01:33.686865+00:00,117.9,50,bid,,,11732358
2026-07-08T05:01:33.700982,2026-07-08T05:01:33.708229+00:00,117.7,49,ask,,,11732359
2026-07-08T05:01:34.764846,2026-07-08T05:01:34.771827+00:00,117.9,92,bid,,,11732372
2026-07-08T05:01:34.842171,2026-07-08T05:01:34.853105+00:00,118.2,40,bid,,,11732375
2026-07-08T05:01:35.308768,2026-07-08T05:01:35.320590+00:00,118.1,5,bid,,,11732381
2026-07-08T05:01:35.308768,2026-07-08T05:01:35.320590+00:00,118.2,60,bid,,,11732382
2026-07-08T05:01:35.308768,2026-07-08T05:01:35.320590+00:00,118.2,5,bid,,,11732383
2026-07-08T05:01:35.340883,2026-07-08T05:01:35.352453+00:00,118.4,35,ask,,,11732385
2026-07-08T05:01:35.381676,2026-07-08T05:01:35.392013+00:00,118.4,3,ask,,,11732386
2026-07-08T05:01:35.430564,2026-07-08T05:01:35.439071+00:00,118.4,35,ask,,,11732389
2026-07-08T05:01:35.521315,2026-07-08T05:01:35.532264+00:00,118.4,7,ask,,,11732391
2026-07-08T05:01:35.783742,2026-07-08T05:01:35.796216+00:00,118.5,5,bid,,,11732395
2026-07-08T05:01:35.783742,2026-07-08T05:01:35.796216+00:00,118.6,5,bid,,,11732396
2026-07-08T05:01:35.783742,2026-07-08T05:01:35.801477+00:00,118.9,40,bid,,,11732397
2026-07-08T05:01:36.015019,2026-07-08T05:01:36.028857+00:00,118.3,5,ask,,,11732401
2026-07-08T05:01:36.112039,2026-07-08T05:01:36.122027+00:00,118.2,5,ask,,,11732404
2026-07-08T05:01:36.282531,2026-07-08T05:01:36.289528+00:00,118.2,5,ask,,,11732407
2026-07-08T05:01:37.923443,2026-07-08T05:01:37.931876+00:00,118.5,5,bid,,,11732427
2026-07-08T05:01:37.923443,2026-07-08T05:01:37.931876+00:00,118.6,45,bid,,,11732428
2026-07-08T05:01:38.661149,2026-07-08T05:01:38.672015+00:00,118.3,5,ask,,,11732433
2026-07-08T05:01:39.431369,2026-07-08T05:01:39.442298+00:00,118.1,5,ask,,,11732448
2026-07-08T05:01:39.953397,2026-07-08T05:01:39.957385+00:00,118.1,1,ask,,,11732452
2026-07-08T05:01:40.033868,2026-07-08T05:01:40.045495+00:00,118.2,5,bid,,,11732456
2026-07-08T05:01:40.033868,2026-07-08T05:01:40.045495+00:00,118.4,45,bid,,,11732457
2026-07-08T05:01:41.356559,2026-07-08T05:01:41.363748+00:00,118.1,1,ask,,,11732481
2026-07-08T05:01:41.500205,2026-07-08T05:01:41.512284+00:00,118.1,4,ask,,,11732482
2026-07-08T05:01:41.500205,2026-07-08T05:01:41.512284+00:00,118.0,36,ask,,,11732483
2026-07-08T05:01:42.162919,2026-07-08T05:01:42.179958+00:00,118.2,50,bid,,,11732491
2026-07-08T05:01:42.604820,2026-07-08T05:01:42.616626+00:00,118.1,5,bid,,,11732496
2026-07-08T05:01:43.117425,2026-07-08T05:01:43.126527+00:00,118.1,5,bid,,,11732507
2026-07-08T05:01:44.273797,2026-07-08T05:01:44.363637+00:00,118.1,5,bid,,,11732526
2026-07-08T05:01:44.273797,2026-07-08T05:01:44.363637+00:00,118.2,45,bid,,,11732527
2026-07-08T05:01:44.824033,2026-07-08T05:01:44.833071+00:00,118.2,10,ask,,,11732536
2026-07-08T05:01:45.423493,2026-07-08T05:01:45.433480+00:00,118.3,42,bid,,,11732543
2026-07-08T05:01:46.012297,2026-07-08T05:01:46.023863+00:00,118.2,48,ask,,,11732551
2026-07-08T05:01:46.222398,2026-07-08T05:01:46.231990+00:00,118.3,5,ask,,,11732554
2026-07-08T05:01:46.451288,2026-07-08T05:01:46.456035+00:00,118.2,50,ask,,,11732561
2026-07-08T05:01:46.475748,2026-07-08T05:01:46.487311+00:00,118.2,4,ask,,,11732562
2026-07-08T05:01:46.529144,2026-07-08T05:01:46.536473+00:00,118.2,38,ask,,,11732566
2026-07-08T05:01:46.529144,2026-07-08T05:01:46.541708+00:00,118.2,5,ask,,,11732567
2026-07-08T05:01:46.529144,2026-07-08T05:01:46.541708+00:00,118.1,4,ask,,,11732568
2026-07-08T05:01:46.565149,2026-07-08T05:01:46.576960+00:00,118.1,2,ask,,,11732570
2026-07-08T05:01:46.654164,2026-07-08T05:01:46.666150+00:00,118.1,2,ask,,,11732572
2026-07-08T05:01:46.744275,2026-07-08T05:01:46.758563+00:00,118.2,1,ask,,,11732574
2026-07-08T05:01:47.169583,2026-07-08T05:01:47.181662+00:00,118.4,5,bid,,,11732580
2026-07-08T05:01:47.169583,2026-07-08T05:01:47.181662+00:00,118.5,5,bid,,,11732581
2026-07-08T05:01:47.169583,2026-07-08T05:01:47.181662+00:00,118.6,37,bid,,,11732582
2026-07-08T05:01:47.313454,2026-07-08T05:01:47.325111+00:00,118.3,4,ask,,,11732584
2026-07-08T05:01:47.402895,2026-07-08T05:01:47.414618+00:00,118.3,1,ask,,,11732588
2026-07-08T05:01:47.424759,2026-07-08T05:01:47.431510+00:00,118.5,1,bid,,,11732591
2026-07-08T05:01:47.815396,2026-07-08T05:01:47.822292+00:00,118.2,4,ask,,,11732597
2026-07-08T05:01:47.854897,2026-07-08T05:01:47.864331+00:00,118.2,1,ask,,,11732601
2026-07-08T05:01:47.867325,2026-07-08T05:01:47.876325+00:00,118.1,6,ask,,,11732603
2026-07-08T05:01:47.904772,2026-07-08T05:01:47.913515+00:00,118.1,4,ask,,,11732605
2026-07-08T05:01:47.994805,2026-07-08T05:01:48.023890+00:00,118.1,4,ask,,,11732607
2026-07-08T05:01:48.026872,2026-07-08T05:01:48.039038+00:00,118.1,78,ask,,,11732609
2026-07-08T05:01:48.026872,2026-07-08T05:01:48.039038+00:00,118.1,5,ask,,,11732610
2026-07-08T05:01:48.319689,2026-07-08T05:01:48.333525+00:00,117.8,5,bid,,,11732615
2026-07-08T05:01:48.562435,2026-07-08T05:01:48.574263+00:00,117.5,5,ask,,,11732621
2026-07-08T05:01:48.562435,2026-07-08T05:01:48.574263+00:00,117.4,45,ask,,,11732622
2026-07-08T05:01:48.883190,2026-07-08T05:01:48.893203+00:00,117.9,42,bid,,,11732625
2026-07-08T05:01:48.972804,2026-07-08T05:01:48.982157+00:00,117.9,7,bid,,,11732626
2026-07-08T05:01:49.352329,2026-07-08T05:01:49.361667+00:00,117.9,18,bid,,,11732632
2026-07-08T05:01:49.424683,2026-07-08T05:01:49.431770+00:00,117.7,45,ask,,,11732634
2026-07-08T05:01:50.262309,2026-07-08T05:01:50.268996+00:00,117.8,2,ask,,,11732645
2026-07-08T05:01:50.352552,2026-07-08T05:01:50.359974+00:00,117.8,2,ask,,,11732647
2026-07-08T05:01:50.690476,2026-07-08T05:01:50.702724+00:00,117.7,50,ask,,,11732651
2026-07-08T05:01:50.926206,2026-07-08T05:01:50.934651+00:00,117.8,2,ask,,,11732655
2026-07-08T05:01:51.021395,2026-07-08T05:01:51.033048+00:00,117.8,2,ask,,,11732659
2026-07-08T05:01:51.062438,2026-07-08T05:01:51.074217+00:00,118.1,5,bid,,,11732661
2026-07-08T05:01:51.116077,2026-07-08T05:01:51.127951+00:00,117.8,1,ask,,,11732663
2026-07-08T05:01:51.121180,2026-07-08T05:01:51.127951+00:00,117.7,5,ask,,,11732664
2026-07-08T05:01:51.121180,2026-07-08T05:01:51.133240+00:00,117.7,5,ask,,,11732665
2026-07-08T05:01:51.231826,2026-07-08T05:01:51.241093+00:00,117.8,2,ask,,,11732667
2026-07-08T05:01:51.325119,2026-07-08T05:01:51.334278+00:00,117.8,2,ask,,,11732669
2026-07-08T05:01:51.414566,2026-07-08T05:01:51.426159+00:00,117.8,2,ask,,,11732672
2026-07-08T05:01:51.451385,2026-07-08T05:01:51.458547+00:00,117.9,1,ask,,,11732675
2026-07-08T05:01:51.505245,2026-07-08T05:01:51.514850+00:00,117.9,4,ask,,,11732677
2026-07-08T05:01:51.598777,2026-07-08T05:01:51.606470+00:00,117.8,2,ask,,,11732679
2026-07-08T05:01:51.688192,2026-07-08T05:01:51.700122+00:00,117.8,2,ask,,,11732682
2026-07-08T05:01:51.779009,2026-07-08T05:01:51.788772+00:00,117.8,2,ask,,,11732687
2026-07-08T05:01:51.868320,2026-07-08T05:01:51.879913+00:00,117.8,2,ask,,,11732692
2026-07-08T05:01:51.958195,2026-07-08T05:01:51.969805+00:00,117.8,2,ask,,,11732694
2026-07-08T05:01:52.037681,2026-07-08T05:01:52.049365+00:00,117.8,100,ask,,,11732698
2026-07-08T05:01:52.048087,2026-07-08T05:01:52.058610+00:00,117.8,2,ask,,,11732699
2026-07-08T05:01:52.140694,2026-07-08T05:01:52.150051+00:00,117.8,2,ask,,,11732703
2026-07-08T05:01:52.232313,2026-07-08T05:01:52.244367+00:00,117.8,2,ask,,,11732707
2026-07-08T05:01:52.324928,2026-07-08T05:01:52.337043+00:00,117.8,2,ask,,,11732709
2026-07-08T05:01:52.451227,2026-07-08T05:01:52.453176+00:00,117.8,2,ask,,,11732713
2026-07-08T05:01:52.542179,2026-07-08T05:01:52.553872+00:00,117.8,2,ask,,,11732716
2026-07-08T05:01:52.632350,2026-07-08T05:01:52.644385+00:00,117.8,2,ask,,,11732718
2026-07-08T05:01:52.723892,2026-07-08T05:01:52.735421+00:00,117.8,2,ask,,,11732721
2026-07-08T05:01:52.798121,2026-07-08T05:01:52.809926+00:00,117.8,18,ask,,,11732723
2026-07-08T05:01:52.798121,2026-07-08T05:01:52.809926+00:00,117.8,5,ask,,,11732724
2026-07-08T05:01:53.325630,2026-07-08T05:01:53.338698+00:00,117.8,5,bid,,,11732733
2026-07-08T05:01:53.325630,2026-07-08T05:01:53.338698+00:00,117.9,5,bid,,,11732734
2026-07-08T05:01:54.374863,2026-07-08T05:01:54.383962+00:00,117.7,11,bid,,,11732746
2026-07-08T05:01:54.412468,2026-07-08T05:01:54.421461+00:00,117.7,3,bid,,,11732750
2026-07-08T05:01:54.486326,2026-07-08T05:01:54.497221+00:00,117.7,1,bid,,,11732753
2026-07-08T05:01:55.125682,2026-07-08T05:01:55.135198+00:00,117.6,5,bid,,,11732764
2026-07-08T05:01:55.150228,2026-07-08T05:01:55.163894+00:00,117.7,100,bid,,,11732768
2026-07-08T05:01:56.012383,2026-07-08T05:01:56.022139+00:00,117.2,44,ask,,,11732781
2026-07-08T05:01:56.587176,2026-07-08T05:01:56.599629+00:00,117.6,5,bid,,,11732784
2026-07-08T05:01:56.587176,2026-07-08T05:01:56.599629+00:00,117.7,35,bid,,,11732785
2026-07-08T05:01:56.587176,2026-07-08T05:01:56.604864+00:00,117.7,5,bid,,,11732786
2026-07-08T05:01:56.587176,2026-07-08T05:01:56.604864+00:00,118.3,1,bid,,,11732787
2026-07-08T05:01:56.991375,2026-07-08T05:01:57.003058+00:00,118.1,5,bid,,,11732793
2026-07-08T05:01:56.991375,2026-07-08T05:01:57.003058+00:00,118.2,5,bid,,,11732794
2026-07-08T05:01:56.991375,2026-07-08T05:01:57.003058+00:00,118.3,40,bid,,,11732795
2026-07-08T05:01:57.170090,2026-07-08T05:01:57.179645+00:00,117.7,3,ask,,,11732797
2026-07-08T05:01:57.231826,2026-07-08T05:01:57.239415+00:00,117.7,2,ask,,,11732800
2026-07-08T05:01:59.102834,2026-07-08T05:01:59.114409+00:00,117.7,5,bid,,,11732823
2026-07-08T05:01:59.102834,2026-07-08T05:01:59.114409+00:00,117.8,45,bid,,,11732824
2026-07-08T05:01:59.231255,2026-07-08T05:01:59.242542+00:00,117.8,43,bid,,,11732826
2026-07-08T05:02:00.358897,2026-07-08T05:02:00.373185+00:00,117.5,48,ask,,,11732857
2026-07-08T05:02:01.210224,2026-07-08T05:02:01.222621+00:00,117.7,5,bid,,,11732864
2026-07-08T05:02:01.210224,2026-07-08T05:02:01.222621+00:00,117.8,12,bid,,,11732865
2026-07-08T05:02:01.210224,2026-07-08T05:02:01.222621+00:00,117.8,33,bid,,,11732866
2026-07-08T05:02:01.473927,2026-07-08T05:02:01.485896+00:00,117.7,5,bid,,,11732872
2026-07-08T05:02:02.337839,2026-07-08T05:02:02.347480+00:00,117.8,1,bid,,,11732890
2026-07-08T05:02:02.515018,2026-07-08T05:02:02.525184+00:00,117.8,47,bid,,,11732892
2026-07-08T05:02:02.569750,2026-07-08T05:02:02.576953+00:00,117.7,43,ask,,,11732894
2026-07-08T05:02:03.973908,2026-07-08T05:02:03.980618+00:00,117.9,3,ask,,,11732915
2026-07-08T05:02:04.763116,2026-07-08T05:02:04.775144+00:00,117.8,2,ask,,,11732921
2026-07-08T05:02:04.853851,2026-07-08T05:02:04.866023+00:00,117.8,2,ask,,,11732925
2026-07-08T05:02:05.165690,2026-07-08T05:02:05.174655+00:00,117.9,5,ask,,,11732934
2026-07-08T05:02:05.165690,2026-07-08T05:02:05.174655+00:00,117.8,41,ask,,,11732935
2026-07-08T05:02:05.504070,2026-07-08T05:02:05.512856+00:00,117.8,50,ask,,,11732942
2026-07-08T05:02:05.750572,2026-07-08T05:02:05.757767+00:00,118.2,47,bid,,,11732943
2026-07-08T05:02:06.228352,2026-07-08T05:02:06.241364+00:00,117.9,5,ask,,,11732948
2026-07-08T05:02:06.228352,2026-07-08T05:02:06.241364+00:00,117.8,37,ask,,,11732949
2026-07-08T05:02:06.240366,2026-07-08T05:02:06.252473+00:00,117.8,2,ask,,,11732952
2026-07-08T05:02:06.243487,2026-07-08T05:02:06.252473+00:00,117.8,11,ask,,,11732953
2026-07-08T05:02:06.324706,2026-07-08T05:02:06.336422+00:00,117.8,4,ask,,,11732955
2026-07-08T05:02:06.365716,2026-07-08T05:02:06.374627+00:00,117.8,1,ask,,,11732957
2026-07-08T05:02:06.452804,2026-07-08T05:02:06.460831+00:00,117.7,1,ask,,,11732962
2026-07-08T05:02:06.579706,2026-07-08T05:02:06.590788+00:00,117.8,1,ask,,,11732964
2026-07-08T05:02:06.617990,2026-07-08T05:02:06.627659+00:00,117.8,4,ask,,,11732965
2026-07-08T05:02:06.790955,2026-07-08T05:02:06.802894+00:00,117.7,42,ask,,,11732970
2026-07-08T05:02:07.012895,2026-07-08T05:02:07.025098+00:00,117.7,57,ask,,,11732974
2026-07-08T05:02:07.026373,2026-07-08T05:02:07.037127+00:00,117.5,14,bid,,,11732975
2026-07-08T05:02:07.104398,2026-07-08T05:02:07.116512+00:00,117.4,5,bid,,,11732979
2026-07-08T05:02:07.612421,2026-07-08T05:02:07.623733+00:00,117.5,1,bid,,,11732988
2026-07-08T05:02:07.624143,2026-07-08T05:02:07.634468+00:00,117.4,2,bid,,,11732990
2026-07-08T05:02:07.646905,2026-07-08T05:02:07.658546+00:00,117.2,5,ask,,,11732991
2026-07-08T05:02:07.646905,2026-07-08T05:02:07.658546+00:00,117.0,45,ask,,,11732992
2026-07-08T05:02:07.692215,2026-07-08T05:02:07.704039+00:00,117.4,2,bid,,,11732993
2026-07-08T05:02:07.783235,2026-07-08T05:02:07.795158+00:00,117.4,1,bid,,,11732995
2026-07-08T05:02:08.818992,2026-07-08T05:02:08.828188+00:00,117.5,47,bid,,,11733011
2026-07-08T05:02:09.556712,2026-07-08T05:02:09.553930+00:00,117.5,31,bid,,,11733027
2026-07-08T05:02:09.755006,2026-07-08T05:02:09.767103+00:00,117.5,5,ask,,,11733032
2026-07-08T05:02:09.755006,2026-07-08T05:02:09.767103+00:00,117.4,45,ask,,,11733033
2026-07-08T05:02:09.832955,2026-07-08T05:02:09.845101+00:00,117.8,5,bid,,,11733034
2026-07-08T05:02:09.832955,2026-07-08T05:02:09.845101+00:00,117.9,39,bid,,,11733035
2026-07-08T05:02:11.904701,2026-07-08T05:02:11.916529+00:00,117.5,50,ask,,,11733062
2026-07-08T05:02:11.957373,2026-07-08T05:02:11.965256+00:00,117.5,40,ask,,,11733063
2026-07-08T05:02:13.961333,2026-07-08T05:02:13.972969+00:00,117.5,50,bid,,,11733085
2026-07-08T05:02:16.072693,2026-07-08T05:02:16.079295+00:00,117.5,50,bid,,,11733106
2026-07-08T05:02:18.184814,2026-07-08T05:02:18.196839+00:00,117.9,5,bid,,,11733133
2026-07-08T05:02:18.184814,2026-07-08T05:02:18.196839+00:00,118.0,45,bid,,,11733134
2026-07-08T05:02:20.314309,2026-07-08T05:02:20.325922+00:00,118.0,50,bid,,,11733158
2026-07-08T05:02:20.674663,2026-07-08T05:02:20.684128+00:00,117.7,3,ask,,,11733163
2026-07-08T05:02:20.711593,2026-07-08T05:02:20.718492+00:00,117.7,35,ask,,,11733166
2026-07-08T05:02:20.774463,2026-07-08T05:02:20.786254+00:00,117.7,10,ask,,,11733167
2026-07-08T05:02:20.786329,2026-07-08T05:02:20.797131+00:00,117.7,10,ask,,,11733169
2026-07-08T05:02:20.796211,2026-07-08T05:02:20.807816+00:00,117.7,10,ask,,,11733171
2026-07-08T05:02:20.805744,2026-07-08T05:02:20.813103+00:00,117.7,4,ask,,,11733174
2026-07-08T05:02:20.808829,2026-07-08T05:02:20.818095+00:00,117.7,10,ask,,,11733175
2026-07-08T05:02:20.817956,2026-07-08T05:02:20.828906+00:00,117.7,10,ask,,,11733177
2026-07-08T05:02:20.827145,2026-07-08T05:02:20.834145+00:00,117.7,10,ask,,,11733179
2026-07-08T05:02:20.836132,2026-07-08T05:02:20.844528+00:00,117.7,10,ask,,,11733181
2026-07-08T05:02:20.845200,2026-07-08T05:02:20.854806+00:00,117.7,10,ask,,,11733183
2026-07-08T05:02:20.854020,2026-07-08T05:02:20.854806+00:00,117.7,10,ask,,,11733185
2026-07-08T05:02:20.862720,2026-07-08T05:02:20.870176+00:00,117.7,10,ask,,,11733187
2026-07-08T05:02:20.872032,2026-07-08T05:02:20.880675+00:00,117.7,8,ask,,,11733189
2026-07-08T05:02:22.430791,2026-07-08T05:02:22.437883+00:00,117.9,5,bid,,,11733205
2026-07-08T05:02:22.430791,2026-07-08T05:02:22.443163+00:00,118.0,45,bid,,,11733206
2026-07-08T05:02:22.653876,2026-07-08T05:02:22.658564+00:00,117.7,5,ask,,,11733212
2026-07-08T05:02:22.666655,2026-07-08T05:02:22.674712+00:00,117.5,2,ask,,,11733214
2026-07-08T05:02:22.670960,2026-07-08T05:02:22.680022+00:00,117.5,2,ask,,,11733215
2026-07-08T05:02:22.675392,2026-07-08T05:02:22.685256+00:00,117.5,1,ask,,,11733216
2026-07-08T05:02:22.827511,2026-07-08T05:02:22.836266+00:00,117.5,95,ask,,,11733217
2026-07-08T05:02:23.193387,2026-07-08T05:02:23.201700+00:00,117.4,3,bid,,,11733220
2026-07-08T05:02:24.541209,2026-07-08T05:02:24.550349+00:00,117.5,50,bid,,,11733231
2026-07-08T05:02:25.945859,2026-07-08T05:02:25.954064+00:00,117.5,10,ask,,,11733248
2026-07-08T05:02:25.955211,2026-07-08T05:02:25.954064+00:00,117.5,10,ask,,,11733250
2026-07-08T05:02:25.962459,2026-07-08T05:02:25.972690+00:00,117.5,3,ask,,,11733252
2026-07-08T05:02:25.965602,2026-07-08T05:02:25.972690+00:00,117.5,10,ask,,,11733253
2026-07-08T05:02:25.976471,2026-07-08T05:02:25.987938+00:00,117.5,10,ask,,,11733256
2026-07-08T05:02:25.987930,2026-07-08T05:02:25.998580+00:00,117.5,10,ask,,,11733258
2026-07-08T05:02:25.997452,2026-07-08T05:02:26.003903+00:00,117.5,10,ask,,,11733260
2026-07-08T05:02:26.006609,2026-07-08T05:02:26.014592+00:00,117.5,10,ask,,,11733262
2026-07-08T05:02:26.296492,2026-07-08T05:02:26.306831+00:00,117.6,5,ask,,,11733265
2026-07-08T05:02:26.699919,2026-07-08T05:02:26.711817+00:00,117.5,50,ask,,,11733273
2026-07-08T05:02:28.837449,2026-07-08T05:02:28.846384+00:00,117.5,27,ask,,,11733299
2026-07-08T05:02:28.837449,2026-07-08T05:02:28.846384+00:00,117.1,23,ask,,,11733300
2026-07-08T05:02:29.167171,2026-07-08T05:02:29.178221+00:00,117.4,5,bid,,,11733303
2026-07-08T05:02:29.737763,2026-07-08T05:02:29.750093+00:00,117.4,49,bid,,,11733310
2026-07-08T05:02:33.057250,2026-07-08T05:02:33.071895+00:00,117.1,50,ask,,,11733343
2026-07-08T05:02:35.168851,2026-07-08T05:02:35.178947+00:00,116.9,50,ask,,,11733374
2026-07-08T05:02:35.543103,2026-07-08T05:02:35.553079+00:00,117.0,3,bid,,,11733378
2026-07-08T05:02:36.292062,2026-07-08T05:02:36.303646+00:00,117.1,43,bid,,,11733384
2026-07-08T05:02:36.417750,2026-07-08T05:02:36.427544+00:00,117.1,10,bid,,,11733387
2026-07-08T05:02:36.430171,2026-07-08T05:02:36.437930+00:00,117.1,10,bid,,,11733389
2026-07-08T05:02:36.439961,2026-07-08T05:02:36.448264+00:00,117.1,35,bid,,,11733391
2026-07-08T05:02:36.443953,2026-07-08T05:02:36.453474+00:00,117.1,10,bid,,,11733392
2026-07-08T05:02:36.460307,2026-07-08T05:02:36.469094+00:00,117.1,10,bid,,,11733395
2026-07-08T05:02:36.472575,2026-07-08T05:02:36.479668+00:00,117.1,10,bid,,,11733397
2026-07-08T05:02:36.484519,2026-07-08T05:02:36.495223+00:00,117.1,10,bid,,,11733399
2026-07-08T05:02:36.495064,2026-07-08T05:02:36.505358+00:00,117.1,10,bid,,,11733401
2026-07-08T05:02:36.507331,2026-07-08T05:02:36.515755+00:00,117.1,2,bid,,,11733403
2026-07-08T05:02:36.512908,2026-07-08T05:02:36.521152+00:00,117.2,2,bid,,,11733404
2026-07-08T05:02:36.518698,2026-07-08T05:02:36.526306+00:00,117.2,2,bid,,,11733405
2026-07-08T05:02:36.524272,2026-07-08T05:02:36.531311+00:00,117.2,2,bid,,,11733406
2026-07-08T05:02:36.535132,2026-07-08T05:02:36.546788+00:00,117.2,2,bid,,,11733408
2026-07-08T05:02:36.620698,2026-07-08T05:02:36.630618+00:00,117.1,5,bid,,,11733412
2026-07-08T05:02:37.154259,2026-07-08T05:02:37.165982+00:00,117.1,5,bid,,,11733419
2026-07-08T05:02:37.281021,2026-07-08T05:02:37.290085+00:00,116.9,5,ask,,,11733423
2026-07-08T05:02:37.281021,2026-07-08T05:02:37.295326+00:00,116.7,45,ask,,,11733424
2026-07-08T05:02:37.646271,2026-07-08T05:02:37.658560+00:00,117.1,5,bid,,,11733433
2026-07-08T05:02:38.600160,2026-07-08T05:02:38.610026+00:00,117.1,5,bid,,,11733440
2026-07-08T05:02:38.600160,2026-07-08T05:02:38.610026+00:00,117.1,5,bid,,,11733441
2026-07-08T05:02:38.600160,2026-07-08T05:02:38.615347+00:00,117.2,92,bid,,,11733442
2026-07-08T05:02:38.780855,2026-07-08T05:02:38.796059+00:00,117.4,3,ask,,,11733443
2026-07-08T05:02:38.791801,2026-07-08T05:02:38.816618+00:00,117.4,2,ask,,,11733447
2026-07-08T05:02:39.042695,2026-07-08T05:02:39.052929+00:00,117.3,44,ask,,,11733450
2026-07-08T05:02:39.131812,2026-07-08T05:02:39.140005+00:00,117.3,4,ask,,,11733452
2026-07-08T05:02:39.406743,2026-07-08T05:02:39.418436+00:00,117.2,5,ask,,,11733466
2026-07-08T05:02:41.512275,2026-07-08T05:02:41.519500+00:00,117.0,5,ask,,,11733492
2026-07-08T05:02:41.512275,2026-07-08T05:02:41.524844+00:00,116.9,45,ask,,,11733493
2026-07-08T05:02:42.394430,2026-07-08T05:02:42.401082+00:00,116.9,45,ask,,,11733506
2026-07-08T05:02:42.719931,2026-07-08T05:02:42.733118+00:00,117.0,3,bid,,,11733508
2026-07-08T05:02:43.342885,2026-07-08T05:02:43.358796+00:00,116.9,5,bid,,,11733515
2026-07-08T05:02:43.518258,2026-07-08T05:02:43.530709+00:00,117.0,35,bid,,,11733519
2026-07-08T05:02:43.556564,2026-07-08T05:02:43.558583+00:00,117.0,10,bid,,,11733522
2026-07-08T05:02:43.567439,2026-07-08T05:02:43.575237+00:00,117.0,10,bid,,,11733524
2026-07-08T05:02:43.577964,2026-07-08T05:02:43.585682+00:00,117.0,10,bid,,,11733526
2026-07-08T05:02:43.590522,2026-07-08T05:02:43.601485+00:00,117.0,10,bid,,,11733528
2026-07-08T05:02:43.603267,2026-07-08T05:02:43.613113+00:00,117.0,10,bid,,,11733530
2026-07-08T05:02:43.613528,2026-07-08T05:02:43.628766+00:00,117.0,12,bid,,,11733533
2026-07-08T05:02:43.625750,2026-07-08T05:02:43.639252+00:00,116.7,5,ask,,,11733534
2026-07-08T05:02:43.625750,2026-07-08T05:02:43.639252+00:00,116.6,45,ask,,,11733535
2026-07-08T05:02:43.631941,2026-07-08T05:02:43.644436+00:00,117.1,2,bid,,,11733536
2026-07-08T05:02:43.646702,2026-07-08T05:02:43.658624+00:00,117.1,2,bid,,,11733538
2026-07-08T05:02:43.654863,2026-07-08T05:02:43.658624+00:00,117.1,2,bid,,,11733539
2026-07-08T05:02:43.660904,2026-07-08T05:02:43.670373+00:00,117.1,2,bid,,,11733540
2026-07-08T05:02:43.666305,2026-07-08T05:02:43.675615+00:00,117.1,2,bid,,,11733541
2026-07-08T05:02:43.883662,2026-07-08T05:02:43.895186+00:00,117.0,5,bid,,,11733543
2026-07-08T05:02:44.373859,2026-07-08T05:02:44.383435+00:00,117.0,5,bid,,,11733553
2026-07-08T05:02:44.560228,2026-07-08T05:02:44.570029+00:00,117.1,44,bid,,,11733555
2026-07-08T05:02:45.749568,2026-07-08T05:02:45.774081+00:00,116.8,5,ask,,,11733572
2026-07-08T05:02:45.749568,2026-07-08T05:02:45.774081+00:00,116.7,45,ask,,,11733573
2026-07-08T05:02:46.099440,2026-07-08T05:02:46.111111+00:00,117.1,5,bid,,,11733578
2026-07-08T05:02:46.099440,2026-07-08T05:02:46.111111+00:00,117.2,38,bid,,,11733579
2026-07-08T05:02:46.738596,2026-07-08T05:02:46.750804+00:00,116.9,5,ask,,,11733584
2026-07-08T05:02:46.738596,2026-07-08T05:02:46.750804+00:00,116.8,43,ask,,,11733585
2026-07-08T05:02:47.860763,2026-07-08T05:02:47.872667+00:00,116.9,5,ask,,,11733601
2026-07-08T05:02:47.860763,2026-07-08T05:02:47.872667+00:00,116.8,45,ask,,,11733602
2026-07-08T05:02:49.335551,2026-07-08T05:02:49.343974+00:00,116.7,45,ask,,,11733625
2026-07-08T05:02:49.596299,2026-07-08T05:02:49.607741+00:00,117.0,5,bid,,,11733627
2026-07-08T05:02:49.643471,2026-07-08T05:02:49.658718+00:00,117.1,10,bid,,,11733630
2026-07-08T05:02:49.654585,2026-07-08T05:02:49.663631+00:00,117.1,10,bid,,,11733632
2026-07-08T05:02:49.664553,2026-07-08T05:02:49.674199+00:00,117.1,10,bid,,,11733634
2026-07-08T05:02:49.676044,2026-07-08T05:02:49.684762+00:00,117.1,10,bid,,,11733636
2026-07-08T05:02:49.685514,2026-07-08T05:02:49.695110+00:00,117.1,10,bid,,,11733638
2026-07-08T05:02:49.688952,2026-07-08T05:02:49.700645+00:00,117.1,35,bid,,,11733639
2026-07-08T05:02:49.777862,2026-07-08T05:02:49.785460+00:00,117.1,29,bid,,,11733643
2026-07-08T05:02:49.918939,2026-07-08T05:02:49.930904+00:00,117.1,36,bid,,,11733645
2026-07-08T05:02:49.918939,2026-07-08T05:02:49.930904+00:00,117.2,14,bid,,,11733646
2026-07-08T05:02:51.268277,2026-07-08T05:02:51.275958+00:00,117.1,5,bid,,,11733665
2026-07-08T05:02:51.268277,2026-07-08T05:02:51.281217+00:00,117.2,86,bid,,,11733666
2026-07-08T05:02:51.319361,2026-07-08T05:02:51.329825+00:00,117.3,35,ask,,,11733668
2026-07-08T05:02:51.331349,2026-07-08T05:02:51.349231+00:00,117.3,10,ask,,,11733669
2026-07-08T05:02:51.338380,2026-07-08T05:02:51.349231+00:00,117.3,3,ask,,,11733670
2026-07-08T05:02:51.348248,2026-07-08T05:02:51.364901+00:00,117.3,10,ask,,,11733673
2026-07-08T05:02:51.357990,2026-07-08T05:02:51.364901+00:00,117.3,1,ask,,,11733675
2026-07-08T05:02:52.051088,2026-07-08T05:02:52.052337+00:00,117.5,5,bid,,,11733693
2026-07-08T05:02:52.051088,2026-07-08T05:02:52.052337+00:00,117.7,5,bid,,,11733694
2026-07-08T05:02:52.051088,2026-07-08T05:02:52.052337+00:00,117.8,40,bid,,,11733695
2026-07-08T05:02:52.194659,2026-07-08T05:02:52.203232+00:00,117.2,5,ask,,,11733697
2026-07-08T05:02:52.698759,2026-07-08T05:02:52.707776+00:00,117.1,3,bid,,,11733701
2026-07-08T05:02:56.101953,2026-07-08T05:02:56.113790+00:00,117.2,5,bid,,,11733753
2026-07-08T05:02:56.101953,2026-07-08T05:02:56.113790+00:00,117.3,42,bid,,,11733754
2026-07-08T05:02:56.268934,2026-07-08T05:02:56.281345+00:00,117.3,50,bid,,,11733757
2026-07-08T05:02:57.056885,2026-07-08T05:02:57.053685+00:00,116.9,5,ask,,,11733772
2026-07-08T05:02:57.056885,2026-07-08T05:02:57.070347+00:00,116.8,43,ask,,,11733773
2026-07-08T05:02:58.377827,2026-07-08T05:02:58.389762+00:00,117.3,50,bid,,,11733795
2026-07-08T05:02:59.611857,2026-07-08T05:02:59.620294+00:00,117.4,46,bid,,,11733812
2026-07-08T05:03:00.518394,2026-07-08T05:03:00.529952+00:00,117.4,50,bid,,,11733825
2026-07-08T05:03:02.706327,2026-07-08T05:03:02.715597+00:00,117.2,50,ask,,,11733854
2026-07-08T05:03:02.742866,2026-07-08T05:03:02.750983+00:00,117.2,3,ask,,,11733856
2026-07-08T05:03:02.790558,2026-07-08T05:03:02.800961+00:00,117.2,35,ask,,,11733859
2026-07-08T05:03:02.838550,2026-07-08T05:03:02.858623+00:00,117.2,4,ask,,,11733860
2026-07-08T05:03:02.845268,2026-07-08T05:03:02.858623+00:00,117.2,8,ask,,,11733862
2026-07-08T05:03:02.845268,2026-07-08T05:03:02.858623+00:00,117.2,3,ask,,,11733863
2026-07-08T05:03:02.849601,2026-07-08T05:03:02.858623+00:00,117.2,2,ask,,,11733865
2026-07-08T05:03:02.861835,2026-07-08T05:03:02.873867+00:00,117.0,2,ask,,,11733868
2026-07-08T05:03:02.867549,2026-07-08T05:03:02.884346+00:00,117.0,2,ask,,,11733870
2026-07-08T05:03:02.871785,2026-07-08T05:03:02.884346+00:00,117.0,2,ask,,,11733871
2026-07-08T05:03:02.876039,2026-07-08T05:03:02.884346+00:00,117.0,2,ask,,,11733872
2026-07-08T05:03:03.088019,2026-07-08T05:03:03.108110+00:00,117.1,2,ask,,,11733885
2026-07-08T05:03:03.124388,2026-07-08T05:03:03.134242+00:00,117.1,3,ask,,,11733888
2026-07-08T05:03:03.176586,2026-07-08T05:03:03.188585+00:00,117.1,2,ask,,,11733889
2026-07-08T05:03:03.208489,2026-07-08T05:03:03.217564+00:00,117.1,3,ask,,,11733891
2026-07-08T05:03:03.227059,2026-07-08T05:03:03.238475+00:00,117.0,2,ask,,,11733894
2026-07-08T05:03:03.232471,2026-07-08T05:03:03.243692+00:00,117.0,2,ask,,,11733895
2026-07-08T05:03:03.237859,2026-07-08T05:03:03.248881+00:00,117.0,2,ask,,,11733896
2026-07-08T05:03:03.253217,2026-07-08T05:03:03.255833+00:00,117.0,1,ask,,,11733897
2026-07-08T05:03:03.588469,2026-07-08T05:03:03.597108+00:00,117.1,2,ask,,,11733901
2026-07-08T05:03:03.591608,2026-07-08T05:03:03.602705+00:00,117.1,3,ask,,,11733902
2026-07-08T05:03:03.605281,2026-07-08T05:03:03.613107+00:00,117.0,2,ask,,,11733905
2026-07-08T05:03:03.609730,2026-07-08T05:03:03.618365+00:00,117.0,2,ask,,,11733906
2026-07-08T05:03:03.614306,2026-07-08T05:03:03.623345+00:00,117.0,2,ask,,,11733907
2026-07-08T05:03:03.618722,2026-07-08T05:03:03.628538+00:00,117.0,1,ask,,,11733908
2026-07-08T05:03:04.075993,2026-07-08T05:03:04.086991+00:00,117.1,5,bid,,,11733911
2026-07-08T05:03:04.108598,2026-07-08T05:03:04.117621+00:00,117.1,5,bid,,,11733913
2026-07-08T05:03:05.370558,2026-07-08T05:03:05.380876+00:00,117.2,4,bid,,,11733933
2026-07-08T05:03:06.024022,2026-07-08T05:03:06.035620+00:00,117.2,40,bid,,,11733944
2026-07-08T05:03:06.864111,2026-07-08T05:03:06.876259+00:00,117.2,50,bid,,,11733947
2026-07-08T05:03:07.087137,2026-07-08T05:03:07.098314+00:00,116.9,40,ask,,,11733951
2026-07-08T05:03:07.090786,2026-07-08T05:03:07.098314+00:00,117.2,5,bid,,,11733952
2026-07-08T05:03:07.090786,2026-07-08T05:03:07.103562+00:00,117.4,100,bid,,,11733953
2026-07-08T05:03:07.165698,2026-07-08T05:03:07.177283+00:00,117.4,3,ask,,,11733955
2026-07-08T05:03:07.169504,2026-07-08T05:03:07.177283+00:00,117.4,35,ask,,,11733956
2026-07-08T05:03:07.205118,2026-07-08T05:03:07.215267+00:00,117.5,5,ask,,,11733960
2026-07-08T05:03:07.218420,2026-07-08T05:03:07.230456+00:00,117.4,2,ask,,,11733963
2026-07-08T05:03:07.231907,2026-07-08T05:03:07.243419+00:00,117.4,5,ask,,,11733964
2026-07-08T05:03:08.061256,2026-07-08T05:03:08.067430+00:00,117.2,5,ask,,,11733981
2026-07-08T05:03:08.061256,2026-07-08T05:03:08.067430+00:00,117.2,5,ask,,,11733982
2026-07-08T05:03:08.473283,2026-07-08T05:03:08.481005+00:00,117.2,5,ask,,,11733990
2026-07-08T05:03:08.804787,2026-07-08T05:03:08.816304+00:00,117.2,5,ask,,,11733994
2026-07-08T05:03:08.804787,2026-07-08T05:03:08.816304+00:00,117.2,5,ask,,,11733995
2026-07-08T05:03:08.992398,2026-07-08T05:03:09.004939+00:00,117.4,5,bid,,,11733997
2026-07-08T05:03:08.992398,2026-07-08T05:03:09.004939+00:00,117.6,45,bid,,,11733998
2026-07-08T05:03:09.218743,2026-07-08T05:03:09.228728+00:00,117.2,5,ask,,,11734000
2026-07-08T05:03:09.388517,2026-07-08T05:03:09.396029+00:00,117.2,5,ask,,,11734004
2026-07-08T05:03:09.928103,2026-07-08T05:03:09.936828+00:00,117.2,5,ask,,,11734007
2026-07-08T05:03:09.936962,2026-07-08T05:03:09.947535+00:00,117.1,2,ask,,,11734009
2026-07-08T05:03:09.948440,2026-07-08T05:03:09.958559+00:00,117.1,2,ask,,,11734010
2026-07-08T05:03:09.981010,2026-07-08T05:03:09.990746+00:00,117.1,1,ask,,,11734012
2026-07-08T05:03:10.309627,2026-07-08T05:03:10.317194+00:00,117.1,95,ask,,,11734014
2026-07-08T05:03:10.309627,2026-07-08T05:03:10.336735+00:00,117.1,5,ask,,,11734015
2026-07-08T05:03:10.324472,2026-07-08T05:03:10.336735+00:00,117.1,5,bid,,,11734016
2026-07-08T05:03:10.359503,2026-07-08T05:03:10.370510+00:00,117.0,3,bid,,,11734019
2026-07-08T05:03:11.112076,2026-07-08T05:03:11.123146+00:00,117.0,5,bid,,,11734028
2026-07-08T05:03:11.112076,2026-07-08T05:03:11.123146+00:00,117.1,45,bid,,,11734029
2026-07-08T05:03:11.290368,2026-07-08T05:03:11.302406+00:00,116.9,44,ask,,,11734032
2026-07-08T05:03:13.293886,2026-07-08T05:03:13.303453+00:00,117.0,5,ask,,,11734061
2026-07-08T05:03:13.293886,2026-07-08T05:03:13.303453+00:00,116.9,45,ask,,,11734062
2026-07-08T05:03:13.421339,2026-07-08T05:03:13.433453+00:00,117.2,5,bid,,,11734063
2026-07-08T05:03:13.421339,2026-07-08T05:03:13.433453+00:00,117.2,5,bid,,,11734064
2026-07-08T05:03:13.914423,2026-07-08T05:03:13.926032+00:00,117.4,43,bid,,,11734071
2026-07-08T05:03:14.379712,2026-07-08T05:03:14.391753+00:00,117.2,41,ask,,,11734076
2026-07-08T05:03:14.571097,2026-07-08T05:03:14.584466+00:00,117.2,10,ask,,,11734085
2026-07-08T05:03:14.571322,2026-07-08T05:03:14.584466+00:00,117.2,14,ask,,,11734086
2026-07-08T05:03:14.586581,2026-07-08T05:03:14.599701+00:00,117.2,10,ask,,,11734089
2026-07-08T05:03:14.595927,2026-07-08T05:03:14.605358+00:00,117.2,10,ask,,,11734091
2026-07-08T05:03:14.607087,2026-07-08T05:03:14.615893+00:00,117.2,10,ask,,,11734094
2026-07-08T05:03:14.610483,2026-07-08T05:03:14.620903+00:00,117.2,34,ask,,,11734095
2026-07-08T05:03:14.618627,2026-07-08T05:03:14.626346+00:00,117.2,10,ask,,,11734097
2026-07-08T05:03:14.629061,2026-07-08T05:03:14.636590+00:00,117.2,1,ask,,,11734099
2026-07-08T05:03:14.638770,2026-07-08T05:03:14.647250+00:00,117.0,2,ask,,,11734101
2026-07-08T05:03:14.643612,2026-07-08T05:03:14.652273+00:00,117.0,2,ask,,,11734102
2026-07-08T05:03:14.648427,2026-07-08T05:03:14.657646+00:00,117.0,1,ask,,,11734103
2026-07-08T05:03:15.429590,2026-07-08T05:03:15.438490+00:00,116.9,5,ask,,,11734114
2026-07-08T05:03:15.429590,2026-07-08T05:03:15.438490+00:00,116.8,45,ask,,,11734115
2026-07-08T05:03:16.633739,2026-07-08T05:03:16.643234+00:00,117.1,5,bid,,,11734127
2026-07-08T05:03:16.633739,2026-07-08T05:03:16.643234+00:00,117.3,44,bid,,,11734128
2026-07-08T05:03:16.649502,2026-07-08T05:03:16.657788+00:00,117.0,11,bid,,,11734129
2026-07-08T05:03:17.196876,2026-07-08T05:03:17.206845+00:00,117.0,3,bid,,,11734140
2026-07-08T05:03:17.260255,2026-07-08T05:03:17.271726+00:00,117.0,35,bid,,,11734144
2026-07-08T05:03:17.279558,2026-07-08T05:03:17.291360+00:00,116.8,49,ask,,,11734146
2026-07-08T05:03:17.308520,2026-07-08T05:03:17.319161+00:00,117.0,10,bid,,,11734148
2026-07-08T05:03:17.318301,2026-07-08T05:03:17.329526+00:00,117.0,10,bid,,,11734150
2026-07-08T05:03:17.328578,2026-07-08T05:03:17.339711+00:00,117.0,10,bid,,,11734152
2026-07-08T05:03:17.338471,2026-07-08T05:03:17.344971+00:00,117.0,10,bid,,,11734154
2026-07-08T05:03:17.348481,2026-07-08T05:03:17.355365+00:00,117.0,10,bid,,,11734156
2026-07-08T05:03:17.352174,2026-07-08T05:03:17.360769+00:00,117.0,35,bid,,,11734157
2026-07-08T05:03:17.369520,2026-07-08T05:03:17.376408+00:00,117.0,10,bid,,,11734160
2026-07-08T05:03:17.381716,2026-07-08T05:03:17.391836+00:00,117.0,6,bid,,,11734162
2026-07-08T05:03:17.386945,2026-07-08T05:03:17.397013+00:00,117.1,2,bid,,,11734163
2026-07-08T05:03:17.391627,2026-07-08T05:03:17.402257+00:00,117.1,2,bid,,,11734164
2026-07-08T05:03:17.537941,2026-07-08T05:03:17.549787+00:00,116.7,5,ask,,,11734167
2026-07-08T05:03:17.537941,2026-07-08T05:03:17.549787+00:00,116.7,45,ask,,,11734168
2026-07-08T05:03:18.107495,2026-07-08T05:03:18.113899+00:00,117.0,5,bid,,,11734177
2026-07-08T05:03:18.112226,2026-07-08T05:03:18.119373+00:00,117.1,2,bid,,,11734178
2026-07-08T05:03:18.117002,2026-07-08T05:03:18.124336+00:00,117.1,2,bid,,,11734179
2026-07-08T05:03:18.121664,2026-07-08T05:03:18.129555+00:00,117.1,1,bid,,,11734180
2026-07-08T05:03:19.683374,2026-07-08T05:03:19.695217+00:00,116.7,50,ask,,,11734195
2026-07-08T05:03:19.745928,2026-07-08T05:03:19.753841+00:00,117.1,5,bid,,,11734196
2026-07-08T05:03:19.745928,2026-07-08T05:03:19.759080+00:00,117.2,100,bid,,,11734197
2026-07-08T05:03:19.745928,2026-07-08T05:03:19.759080+00:00,117.2,5,bid,,,11734198
2026-07-08T05:03:20.674987,2026-07-08T05:03:20.677664+00:00,117.3,5,ask,,,11734208
2026-07-08T05:03:20.674987,2026-07-08T05:03:20.688184+00:00,117.2,40,ask,,,11734209
2026-07-08T05:03:20.674987,2026-07-08T05:03:20.688184+00:00,117.2,5,ask,,,11734210
2026-07-08T05:03:21.140515,2026-07-08T05:03:21.150114+00:00,117.1,5,bid,,,11734215
2026-07-08T05:03:21.232857,2026-07-08T05:03:21.244733+00:00,117.2,35,bid,,,11734218
2026-07-08T05:03:21.287989,2026-07-08T05:03:21.295681+00:00,117.1,1,bid,,,11734223
2026-07-08T05:03:21.322800,2026-07-08T05:03:21.334490+00:00,117.1,4,bid,,,11734225
2026-07-08T05:03:21.338003,2026-07-08T05:03:21.345054+00:00,117.2,10,bid,,,11734228
2026-07-08T05:03:21.348583,2026-07-08T05:03:21.355467+00:00,117.2,5,bid,,,11734230
2026-07-08T05:03:21.348583,2026-07-08T05:03:21.360684+00:00,117.2,5,bid,,,11734231
2026-07-08T05:03:21.739615,2026-07-08T05:03:21.751321+00:00,117.5,5,bid,,,11734244
2026-07-08T05:03:21.739615,2026-07-08T05:03:21.751321+00:00,117.7,45,bid,,,11734245
2026-07-08T05:03:22.433684,2026-07-08T05:03:22.444334+00:00,117.5,5,bid,,,11734252
2026-07-08T05:03:22.433684,2026-07-08T05:03:22.444334+00:00,117.6,5,bid,,,11734253
2026-07-08T05:03:22.433684,2026-07-08T05:03:22.444334+00:00,117.7,30,bid,,,11734254
2026-07-08T05:03:23.012192,2026-07-08T05:03:23.024477+00:00,117.4,5,ask,,,11734264
2026-07-08T05:03:23.012192,2026-07-08T05:03:23.024477+00:00,117.3,5,ask,,,11734265
2026-07-08T05:03:23.012192,2026-07-08T05:03:23.024477+00:00,117.2,38,ask,,,11734266
2026-07-08T05:03:23.848379,2026-07-08T05:03:23.858556+00:00,117.5,5,bid,,,11734279
2026-07-08T05:03:23.848379,2026-07-08T05:03:23.858556+00:00,117.7,45,bid,,,11734280
2026-07-08T05:03:24.983623,2026-07-08T05:03:24.992639+00:00,117.4,5,ask,,,11734291
2026-07-08T05:03:25.317573,2026-07-08T05:03:25.327533+00:00,117.3,1,ask,,,11734295
2026-07-08T05:03:25.511013,2026-07-08T05:03:25.517925+00:00,117.7,41,bid,,,11734301
2026-07-08T05:03:25.961245,2026-07-08T05:03:25.972393+00:00,117.7,50,bid,,,11734308
2026-07-08T05:03:25.992896,2026-07-08T05:03:26.009760+00:00,117.4,5,ask,,,11734310
2026-07-08T05:03:26.002134,2026-07-08T05:03:26.009760+00:00,117.3,2,ask,,,11734312
2026-07-08T05:03:26.013229,2026-07-08T05:03:26.025012+00:00,117.3,2,ask,,,11734314
2026-07-08T05:03:26.018073,2026-07-08T05:03:26.025012+00:00,117.3,1,ask,,,11734315
2026-07-08T05:03:26.025065,2026-07-08T05:03:26.035793+00:00,117.3,47,ask,,,11734316
2026-07-08T05:03:26.102337,2026-07-08T05:03:26.111705+00:00,117.5,14,ask,,,11734320
2026-07-08T05:03:26.148407,2026-07-08T05:03:26.158605+00:00,117.5,114,ask,,,11734323
2026-07-08T05:03:26.273845,2026-07-08T05:03:26.281015+00:00,117.5,10,ask,,,11734326
2026-07-08T05:03:26.288007,2026-07-08T05:03:26.296563+00:00,117.5,10,ask,,,11734328
2026-07-08T05:03:26.326334,2026-07-08T05:03:26.333397+00:00,117.5,2,ask,,,11734330
2026-07-08T05:03:26.350500,2026-07-08T05:03:26.354233+00:00,117.3,2,ask,,,11734333
2026-07-08T05:03:26.356426,2026-07-08T05:03:26.363888+00:00,117.3,2,ask,,,11734334
2026-07-08T05:03:26.361283,2026-07-08T05:03:26.368852+00:00,117.3,2,ask,,,11734335
2026-07-08T05:03:26.367523,2026-07-08T05:03:26.374156+00:00,117.3,2,ask,,,11734336
2026-07-08T05:03:27.760591,2026-07-08T05:03:27.780135+00:00,117.3,5,bid,,,11734353
2026-07-08T05:03:28.070385,2026-07-08T05:03:28.087517+00:00,117.4,50,bid,,,11734363
2026-07-08T05:03:28.094179,2026-07-08T05:03:28.104979+00:00,117.3,5,bid,,,11734364
2026-07-08T05:03:29.072978,2026-07-08T05:03:29.083840+00:00,117.4,4,bid,,,11734376
2026-07-08T05:03:29.199458,2026-07-08T05:03:29.208560+00:00,117.3,5,bid,,,11734380
2026-07-08T05:03:32.137167,2026-07-08T05:03:32.149233+00:00,117.5,46,bid,,,11734417
2026-07-08T05:03:33.284304,2026-07-08T05:03:33.286879+00:00,117.3,100,bid,,,11734440
2026-07-08T05:03:33.532097,2026-07-08T05:03:33.543941+00:00,117.0,5,ask,,,11734444
2026-07-08T05:03:33.838825,2026-07-08T05:03:33.847538+00:00,117.1,5,bid,,,11734448
2026-07-08T05:03:33.843326,2026-07-08T05:03:33.852966+00:00,117.3,2,bid,,,11734449
2026-07-08T05:03:33.847779,2026-07-08T05:03:33.858558+00:00,117.3,2,bid,,,11734450
2026-07-08T05:03:33.852372,2026-07-08T05:03:33.858558+00:00,117.3,1,bid,,,11734451
2026-07-08T05:03:34.447777,2026-07-08T05:03:34.452072+00:00,117.0,5,ask,,,11734456
2026-07-08T05:03:34.447777,2026-07-08T05:03:34.452072+00:00,116.8,45,ask,,,11734457
2026-07-08T05:03:34.455783,2026-07-08T05:03:34.468974+00:00,117.2,5,bid,,,11734458
2026-07-08T05:03:34.455783,2026-07-08T05:03:34.468974+00:00,117.3,43,bid,,,11734459
2026-07-08T05:03:35.918499,2026-07-08T05:03:35.928664+00:00,117.4,3,ask,,,11734488
2026-07-08T05:03:35.947606,2026-07-08T05:03:35.954571+00:00,117.4,2,ask,,,11734491
2026-07-08T05:03:36.440088,2026-07-08T05:03:36.458571+00:00,117.4,3,ask,,,11734500
2026-07-08T05:03:36.500900,2026-07-08T05:03:36.511630+00:00,117.4,2,ask,,,11734501
2026-07-08T05:03:36.556190,2026-07-08T05:03:36.567946+00:00,117.3,50,ask,,,11734503
2026-07-08T05:03:37.006113,2026-07-08T05:03:37.017068+00:00,117.3,10,ask,,,11734508
2026-07-08T05:03:37.015769,2026-07-08T05:03:37.022635+00:00,117.3,10,ask,,,11734510
2026-07-08T05:03:37.024629,2026-07-08T05:03:37.032905+00:00,117.3,10,ask,,,11734512
2026-07-08T05:03:37.033506,2026-07-08T05:03:37.043340+00:00,117.3,10,ask,,,11734514
2026-07-08T05:03:37.046858,2026-07-08T05:03:37.054031+00:00,117.3,10,ask,,,11734518
2026-07-08T05:03:37.056048,2026-07-08T05:03:37.064222+00:00,117.3,10,ask,,,11734520
2026-07-08T05:03:37.065157,2026-07-08T05:03:37.074901+00:00,117.3,10,ask,,,11734522
2026-07-08T05:03:37.074362,2026-07-08T05:03:37.085370+00:00,117.3,10,ask,,,11734524
2026-07-08T05:03:37.083231,2026-07-08T05:03:37.090356+00:00,117.3,10,ask,,,11734526
2026-07-08T05:03:37.092003,2026-07-08T05:03:37.100821+00:00,117.3,10,ask,,,11734528
2026-07-08T05:03:38.238314,2026-07-08T05:03:38.249289+00:00,117.2,3,bid,,,11734544
2026-07-08T05:03:38.268306,2026-07-08T05:03:38.279978+00:00,117.2,2,bid,,,11734546
2026-07-08T05:03:38.665034,2026-07-08T05:03:38.677049+00:00,117.0,5,ask,,,11734550
2026-07-08T05:03:38.665034,2026-07-08T05:03:38.677049+00:00,116.9,45,ask,,,11734551
2026-07-08T05:03:38.804050,2026-07-08T05:03:38.815772+00:00,116.9,48,ask,,,11734555
2026-07-08T05:03:40.612505,2026-07-08T05:03:40.619303+00:00,117.0,5,bid,,,11734594
2026-07-08T05:03:40.778674,2026-07-08T05:03:40.790883+00:00,116.8,5,ask,,,11734596
2026-07-08T05:03:40.778674,2026-07-08T05:03:40.790883+00:00,116.7,45,ask,,,11734597
2026-07-08T05:03:40.943243,2026-07-08T05:03:40.958534+00:00,117.1,35,bid,,,11734599
2026-07-08T05:03:41.012312,2026-07-08T05:03:41.022744+00:00,117.1,10,bid,,,11734602
2026-07-08T05:03:41.024047,2026-07-08T05:03:41.033190+00:00,117.1,10,bid,,,11734604
2026-07-08T05:03:41.033856,2026-07-08T05:03:41.043375+00:00,117.1,35,bid,,,11734606
2026-07-08T05:03:41.038192,2026-07-08T05:03:41.048551+00:00,117.1,10,bid,,,11734607
2026-07-08T05:03:41.209380,2026-07-08T05:03:41.218146+00:00,117.1,5,bid,,,11734611
2026-07-08T05:03:41.692822,2026-07-08T05:03:41.701579+00:00,117.1,5,bid,,,11734623
2026-07-08T05:03:41.698021,2026-07-08T05:03:41.706711+00:00,117.2,2,bid,,,11734624
2026-07-08T05:03:41.702945,2026-07-08T05:03:41.711896+00:00,117.2,2,bid,,,11734625
2026-07-08T05:03:41.707535,2026-07-08T05:03:41.717313+00:00,117.2,1,bid,,,11734626
2026-07-08T05:03:42.023575,2026-07-08T05:03:42.035364+00:00,117.1,35,bid,,,11734627
2026-07-08T05:03:42.075780,2026-07-08T05:03:42.084556+00:00,117.1,10,bid,,,11734630
2026-07-08T05:03:42.085949,2026-07-08T05:03:42.094994+00:00,117.1,10,bid,,,11734632
2026-07-08T05:03:42.096480,2026-07-08T05:03:42.105461+00:00,117.1,10,bid,,,11734634
2026-07-08T05:03:42.106212,2026-07-08T05:03:42.116104+00:00,117.1,10,bid,,,11734636
2026-07-08T05:03:42.115748,2026-07-08T05:03:42.126540+00:00,117.1,35,bid,,,11734638
2026-07-08T05:03:42.122015,2026-07-08T05:03:42.131560+00:00,117.1,10,bid,,,11734639
2026-07-08T05:03:42.136279,2026-07-08T05:03:42.147162+00:00,117.1,10,bid,,,11734642
2026-07-08T05:03:42.145631,2026-07-08T05:03:42.158592+00:00,117.1,10,bid,,,11734644
2026-07-08T05:03:42.154908,2026-07-08T05:03:42.158592+00:00,117.1,10,bid,,,11734646
2026-07-08T05:03:42.555359,2026-07-08T05:03:42.555546+00:00,117.0,5,ask,,,11734658
2026-07-08T05:03:43.211419,2026-07-08T05:03:43.221674+00:00,117.2,5,bid,,,11734661
2026-07-08T05:03:43.211419,2026-07-08T05:03:43.221674+00:00,117.3,5,bid,,,11734662
2026-07-08T05:03:43.211419,2026-07-08T05:03:43.226670+00:00,117.4,34,bid,,,11734663
2026-07-08T05:03:44.942192,2026-07-08T05:03:44.954544+00:00,117.2,5,bid,,,11734685
2026-07-08T05:03:44.942192,2026-07-08T05:03:44.954544+00:00,117.4,45,bid,,,11734686
2026-07-08T05:03:45.373958,2026-07-08T05:03:45.383243+00:00,117.1,40,ask,,,11734694
2026-07-08T05:03:47.052805,2026-07-08T05:03:47.058637+00:00,117.6,50,bid,,,11734723
2026-07-08T05:03:47.443086,2026-07-08T05:03:47.464211+00:00,117.2,5,ask,,,11734735
2026-07-08T05:03:49.867488,2026-07-08T05:03:49.885295+00:00,117.5,41,bid,,,11734771
2026-07-08T05:03:49.921546,2026-07-08T05:03:49.933577+00:00,117.1,49,ask,,,11734772
2026-07-08T05:03:51.265171,2026-07-08T05:03:51.273220+00:00,117.4,5,bid,,,11734783
2026-07-08T05:03:51.265171,2026-07-08T05:03:51.278213+00:00,117.5,45,bid,,,11734784
2026-07-08T05:03:52.267737,2026-07-08T05:03:52.292901+00:00,117.4,10,ask,,,11734797
2026-07-08T05:03:52.278251,2026-07-08T05:03:52.292901+00:00,117.4,3,ask,,,11734799
2026-07-08T05:03:52.284181,2026-07-08T05:03:52.292901+00:00,117.4,10,ask,,,11734800
2026-07-08T05:03:52.297428,2026-07-08T05:03:52.308640+00:00,117.4,10,ask,,,11734803
2026-07-08T05:03:52.308319,2026-07-08T05:03:52.318957+00:00,117.4,10,ask,,,11734805
2026-07-08T05:03:52.322002,2026-07-08T05:03:52.329520+00:00,117.4,35,ask,,,11734808
2026-07-08T05:03:52.325859,2026-07-08T05:03:52.335076+00:00,117.4,10,ask,,,11734809
2026-07-08T05:03:52.339490,2026-07-08T05:03:52.350508+00:00,117.4,10,ask,,,11734811
2026-07-08T05:03:53.573359,2026-07-08T05:03:53.582833+00:00,117.4,2,ask,,,11734843
2026-07-08T05:03:53.687907,2026-07-08T05:03:53.696854+00:00,117.1,2,ask,,,11734845
2026-07-08T05:03:53.695721,2026-07-08T05:03:53.702418+00:00,117.1,3,ask,,,11734847
2026-07-08T05:03:54.078461,2026-07-08T05:03:54.090410+00:00,117.0,48,ask,,,11734857
2026-07-08T05:03:54.185450,2026-07-08T05:03:54.195847+00:00,117.1,2,ask,,,11734860
2026-07-08T05:03:54.188503,2026-07-08T05:03:54.195847+00:00,117.1,3,ask,,,11734861
2026-07-08T05:03:54.575400,2026-07-08T05:03:54.587154+00:00,117.4,5,bid,,,11734874
2026-07-08T05:03:54.575400,2026-07-08T05:03:54.587154+00:00,117.4,5,bid,,,11734875
2026-07-08T05:03:54.575400,2026-07-08T05:03:54.587154+00:00,117.9,32,bid,,,11734876
2026-07-08T05:03:54.644999,2026-07-08T05:03:54.671905+00:00,117.0,5,ask,,,11734877
2026-07-08T05:03:54.659692,2026-07-08T05:03:54.671905+00:00,117.0,2,bid,,,11734878
2026-07-08T05:03:54.718314,2026-07-08T05:03:54.736587+00:00,116.9,3,bid,,,11734880
2026-07-08T05:03:55.147687,2026-07-08T05:03:55.154443+00:00,116.9,2,bid,,,11734887
2026-07-08T05:03:55.147687,2026-07-08T05:03:55.154443+00:00,117.0,40,bid,,,11734888
2026-07-08T05:03:55.430333,2026-07-08T05:03:55.439799+00:00,117.0,100,bid,,,11734890
2026-07-08T05:03:55.487669,2026-07-08T05:03:55.498467+00:00,117.0,3,bid,,,11734891
2026-07-08T05:03:55.487669,2026-07-08T05:03:55.498467+00:00,117.1,5,bid,,,11734892
2026-07-08T05:03:56.281561,2026-07-08T05:03:56.295144+00:00,117.2,3,ask,,,11734905
2026-07-08T05:03:56.295688,2026-07-08T05:03:56.310740+00:00,117.2,2,ask,,,11734908
2026-07-08T05:03:57.999449,2026-07-08T05:03:58.007852+00:00,117.2,35,ask,,,11734935
2026-07-08T05:03:58.090736,2026-07-08T05:03:58.104216+00:00,117.2,35,ask,,,11734939
2026-07-08T05:03:58.153364,2026-07-08T05:03:58.150356+00:00,117.2,10,ask,,,11734941
2026-07-08T05:03:58.163368,2026-07-08T05:03:58.170079+00:00,117.2,10,ask,,,11734943
2026-07-08T05:03:58.172375,2026-07-08T05:03:58.180575+00:00,117.2,10,ask,,,11734945
2026-07-08T05:03:58.182069,2026-07-08T05:03:58.190814+00:00,117.2,35,ask,,,11734948
2026-07-08T05:03:58.185213,2026-07-08T05:03:58.196381+00:00,117.2,10,ask,,,11734949
2026-07-08T05:03:58.195085,2026-07-08T05:03:58.206657+00:00,117.2,5,ask,,,11734951
2026-07-08T05:03:58.195085,2026-07-08T05:03:58.206657+00:00,117.2,5,ask,,,11734952
2026-07-08T05:03:59.721112,2026-07-08T05:03:59.733226+00:00,117.2,50,bid,,,11734968
2026-07-08T05:03:59.885494,2026-07-08T05:03:59.895946+00:00,117.1,3,bid,,,11734969
2026-07-08T05:04:01.829162,2026-07-08T05:04:01.841080+00:00,117.2,50,bid,,,11734991
2026-07-08T05:04:02.457154,2026-07-08T05:04:02.469682+00:00,117.2,49,bid,,,11734998
2026-07-08T05:04:03.989876,2026-07-08T05:04:04.001010+00:00,116.9,50,ask,,,11735017
2026-07-08T05:04:04.052279,2026-07-08T05:04:04.064195+00:00,116.9,42,ask,,,11735019
2026-07-08T05:04:06.101089,2026-07-08T05:04:06.108263+00:00,116.9,50,ask,,,11735042
2026-07-08T05:04:08.208820,2026-07-08T05:04:08.220524+00:00,116.9,50,ask,,,11735061
2026-07-08T05:04:09.991348,2026-07-08T05:04:10.002949+00:00,117.2,45,bid,,,11735086
2026-07-08T05:04:10.046890,2026-07-08T05:04:10.058573+00:00,116.9,47,ask,,,11735087
2026-07-08T05:04:10.315390,2026-07-08T05:04:10.327512+00:00,116.9,50,ask,,,11735089
2026-07-08T05:04:10.468922,2026-07-08T05:04:10.481442+00:00,116.9,5,ask,,,11735091
2026-07-08T05:04:10.468922,2026-07-08T05:04:10.481442+00:00,116.7,100,ask,,,11735092
2026-07-08T05:04:10.481532,2026-07-08T05:04:10.491710+00:00,116.7,4,bid,,,11735094
2026-07-08T05:04:10.531297,2026-07-08T05:04:10.539178+00:00,116.7,41,bid,,,11735096
2026-07-08T05:04:10.623702,2026-07-08T05:04:10.635496+00:00,116.9,5,bid,,,11735100
2026-07-08T05:04:10.678219,2026-07-08T05:04:10.689978+00:00,116.5,5,ask,,,11735101
2026-07-08T05:04:10.949699,2026-07-08T05:04:10.958631+00:00,116.9,5,bid,,,11735105
2026-07-08T05:04:10.954927,2026-07-08T05:04:10.958631+00:00,117.1,2,bid,,,11735106
2026-07-08T05:04:10.960160,2026-07-08T05:04:10.972075+00:00,117.1,2,bid,,,11735107
2026-07-08T05:04:10.965341,2026-07-08T05:04:10.977122+00:00,117.1,1,bid,,,11735108
2026-07-08T05:04:11.649419,2026-07-08T05:04:11.658606+00:00,116.6,5,ask,,,11735119
2026-07-08T05:04:11.649419,2026-07-08T05:04:11.658606+00:00,116.5,43,ask,,,11735120
2026-07-08T05:04:12.424681,2026-07-08T05:04:12.436656+00:00,116.7,5,ask,,,11735128
2026-07-08T05:04:12.424681,2026-07-08T05:04:12.436656+00:00,116.6,5,ask,,,11735129
2026-07-08T05:04:12.424681,2026-07-08T05:04:12.436656+00:00,116.5,40,ask,,,11735130
2026-07-08T05:04:12.465066,2026-07-08T05:04:12.474391+00:00,116.9,5,bid,,,11735131
2026-07-08T05:04:12.553828,2026-07-08T05:04:12.558631+00:00,117.0,35,bid,,,11735133
2026-07-08T05:04:12.607343,2026-07-08T05:04:12.627935+00:00,117.0,10,bid,,,11735138
2026-07-08T05:04:12.621324,2026-07-08T05:04:12.633227+00:00,117.0,10,bid,,,11735140
2026-07-08T05:04:12.633925,2026-07-08T05:04:12.643551+00:00,117.0,10,bid,,,11735142
2026-07-08T05:04:12.646226,2026-07-08T05:04:12.664460+00:00,117.0,35,bid,,,11735145
2026-07-08T05:04:14.038404,2026-07-08T05:04:14.050055+00:00,117.4,5,bid,,,11735164
2026-07-08T05:04:14.038404,2026-07-08T05:04:14.050055+00:00,117.5,40,bid,,,11735165
2026-07-08T05:04:14.457009,2026-07-08T05:04:14.458586+00:00,117.2,5,ask,,,11735173
2026-07-08T05:04:14.457009,2026-07-08T05:04:14.470495+00:00,117.1,5,ask,,,11735174
2026-07-08T05:04:14.535087,2026-07-08T05:04:14.542001+00:00,117.0,50,ask,,,11735175
2026-07-08T05:04:16.110131,2026-07-08T05:04:16.122077+00:00,117.0,45,ask,,,11735204
2026-07-08T05:04:16.591470,2026-07-08T05:04:16.601768+00:00,117.1,41,bid,,,11735217
2026-07-08T05:04:16.642104,2026-07-08T05:04:16.653760+00:00,117.0,50,ask,,,11735218
2026-07-08T05:04:16.845131,2026-07-08T05:04:16.864112+00:00,116.9,35,bid,,,11735220
2026-07-08T05:04:16.934405,2026-07-08T05:04:16.946161+00:00,116.9,24,bid,,,11735223
2026-07-08T05:04:17.232037,2026-07-08T05:04:17.244088+00:00,116.9,46,bid,,,11735226
2026-07-08T05:04:19.946141,2026-07-08T05:04:19.954801+00:00,116.8,45,ask,,,11735258
2026-07-08T05:04:20.814899,2026-07-08T05:04:20.828453+00:00,117.1,5,bid,,,11735265
2026-07-08T05:04:20.814899,2026-07-08T05:04:20.828453+00:00,117.1,45,bid,,,11735266
2026-07-08T05:04:22.455976,2026-07-08T05:04:22.468026+00:00,116.8,42,ask,,,11735285
2026-07-08T05:04:23.110596,2026-07-08T05:04:23.122221+00:00,117.1,43,bid,,,11735288
2026-07-08T05:04:23.135735,2026-07-08T05:04:23.147673+00:00,116.8,5,ask,,,11735289
2026-07-08T05:04:23.921013,2026-07-08T05:04:23.933193+00:00,116.7,100,bid,,,11735298
2026-07-08T05:04:24.602759,2026-07-08T05:04:24.614133+00:00,116.6,3,bid,,,11735314
2026-07-08T05:04:24.813811,2026-07-08T05:04:24.825429+00:00,116.4,5,ask,,,11735318
2026-07-08T05:04:24.847248,2026-07-08T05:04:24.858547+00:00,116.6,2,bid,,,11735321
2026-07-08T05:04:25.033819,2026-07-08T05:04:25.045181+00:00,116.7,45,bid,,,11735324
2026-07-08T05:04:25.033819,2026-07-08T05:04:25.045181+00:00,116.7,5,bid,,,11735325
2026-07-08T05:04:25.433501,2026-07-08T05:04:25.440970+00:00,116.7,5,ask,,,11735330
2026-07-08T05:04:25.433501,2026-07-08T05:04:25.446166+00:00,116.7,5,ask,,,11735331
2026-07-08T05:04:25.433501,2026-07-08T05:04:25.446166+00:00,116.6,4,ask,,,11735332
2026-07-08T05:04:26.266914,2026-07-08T05:04:26.274767+00:00,116.7,5,bid,,,11735336
2026-07-08T05:04:26.266914,2026-07-08T05:04:26.290059+00:00,116.9,5,bid,,,11735337
2026-07-08T05:04:26.281175,2026-07-08T05:04:26.290059+00:00,117.0,3,ask,,,11735338
2026-07-08T05:04:27.142290,2026-07-08T05:04:27.158680+00:00,117.0,100,ask,,,11735355
2026-07-08T05:04:27.199402,2026-07-08T05:04:27.211161+00:00,117.0,37,ask,,,11735357
2026-07-08T05:04:27.199402,2026-07-08T05:04:27.211161+00:00,117.0,5,ask,,,11735358
2026-07-08T05:04:27.199402,2026-07-08T05:04:27.211161+00:00,116.5,8,ask,,,11735359
2026-07-08T05:04:27.970501,2026-07-08T05:04:27.979712+00:00,117.1,5,bid,,,11735367
2026-07-08T05:04:27.970501,2026-07-08T05:04:27.979712+00:00,117.2,5,bid,,,11735368
2026-07-08T05:04:28.511494,2026-07-08T05:04:28.518255+00:00,117.0,5,ask,,,11735374
2026-07-08T05:04:28.511494,2026-07-08T05:04:28.523450+00:00,116.8,5,ask,,,11735375
2026-07-08T05:04:29.347104,2026-07-08T05:04:29.359105+00:00,116.7,5,ask,,,11735388
2026-07-08T05:04:29.347104,2026-07-08T05:04:29.359105+00:00,116.5,45,ask,,,11735389
2026-07-08T05:04:30.558308,2026-07-08T05:04:30.569955+00:00,117.0,44,bid,,,11735405
2026-07-08T05:04:30.612952,2026-07-08T05:04:30.621861+00:00,116.7,40,ask,,,11735406
2026-07-08T05:04:31.228155,2026-07-08T05:04:31.239848+00:00,116.7,45,ask,,,11735412
2026-07-08T05:04:31.456651,2026-07-08T05:04:31.463630+00:00,116.7,15,ask,,,11735421
2026-07-08T05:04:31.456651,2026-07-08T05:04:31.469011+00:00,116.6,5,ask,,,11735422
2026-07-08T05:04:31.456651,2026-07-08T05:04:31.469011+00:00,116.5,30,ask,,,11735423
2026-07-08T05:04:31.920558,2026-07-08T05:04:31.928216+00:00,116.6,5,ask,,,11735431
2026-07-08T05:04:31.934406,2026-07-08T05:04:31.944870+00:00,116.6,1,bid,,,11735432
2026-07-08T05:04:33.590019,2026-07-08T05:04:33.601667+00:00,116.7,5,ask,,,11735451
2026-07-08T05:04:33.590019,2026-07-08T05:04:33.601667+00:00,116.6,45,ask,,,11735452
2026-07-08T05:04:33.946132,2026-07-08T05:04:33.963767+00:00,117.0,5,bid,,,11735461
2026-07-08T05:04:33.946132,2026-07-08T05:04:33.963767+00:00,117.0,37,bid,,,11735462
2026-07-08T05:04:35.633136,2026-07-08T05:04:35.645012+00:00,117.0,42,bid,,,11735482
2026-07-08T05:04:35.699242,2026-07-08T05:04:35.708489+00:00,116.6,50,ask,,,11735483
2026-07-08T05:04:35.816355,2026-07-08T05:04:35.838961+00:00,116.6,5,ask,,,11735484
2026-07-08T05:04:35.829529,2026-07-08T05:04:35.838961+00:00,116.6,2,bid,,,11735487
2026-07-08T05:04:35.969950,2026-07-08T05:04:35.979313+00:00,116.6,6,bid,,,11735493
2026-07-08T05:04:36.097121,2026-07-08T05:04:36.107246+00:00,116.6,23,bid,,,11735498
2026-07-08T05:04:36.601398,2026-07-08T05:04:36.609269+00:00,116.6,100,bid,,,11735508
2026-07-08T05:04:36.986861,2026-07-08T05:04:36.996850+00:00,116.6,14,bid,,,11735515
2026-07-08T05:04:36.986861,2026-07-08T05:04:36.996850+00:00,116.6,5,bid,,,11735516
2026-07-08T05:04:37.059770,2026-07-08T05:04:37.071608+00:00,116.6,4,ask,,,11735517
2026-07-08T05:04:37.817314,2026-07-08T05:04:37.825989+00:00,116.6,5,ask,,,11735529
2026-07-08T05:04:37.817314,2026-07-08T05:04:37.831282+00:00,116.5,5,ask,,,11735530
2026-07-08T05:04:37.817314,2026-07-08T05:04:37.831282+00:00,116.1,40,ask,,,11735531
2026-07-08T05:04:39.320923,2026-07-08T05:04:39.331944+00:00,116.8,5,bid,,,11735552
2026-07-08T05:04:39.320923,2026-07-08T05:04:39.331944+00:00,116.9,5,bid,,,11735553
2026-07-08T05:04:39.320923,2026-07-08T05:04:39.331944+00:00,117.0,39,bid,,,11735554
2026-07-08T05:04:39.930745,2026-07-08T05:04:39.942295+00:00,116.7,5,ask,,,11735561
2026-07-08T05:04:39.930745,2026-07-08T05:04:39.942295+00:00,116.6,5,ask,,,11735562
2026-07-08T05:04:42.004608,2026-07-08T05:04:42.013901+00:00,116.9,50,bid,,,11735582
2026-07-08T05:04:42.099329,2026-07-08T05:04:42.111486+00:00,116.9,50,bid,,,11735583
2026-07-08T05:04:42.099329,2026-07-08T05:04:42.111486+00:00,117.0,5,bid,,,11735584
2026-07-08T05:04:42.172298,2026-07-08T05:04:42.183413+00:00,117.0,12,ask,,,11735586
2026-07-08T05:04:42.299258,2026-07-08T05:04:42.308777+00:00,117.1,5,ask,,,11735592
2026-07-08T05:04:42.823811,2026-07-08T05:04:42.834683+00:00,117.1,5,ask,,,11735607
2026-07-08T05:04:43.359568,2026-07-08T05:04:43.368706+00:00,117.1,4,ask,,,11735612
2026-07-08T05:04:44.163831,2026-07-08T05:04:44.174474+00:00,117.0,50,ask,,,11735621
2026-07-08T05:04:46.475659,2026-07-08T05:04:46.486496+00:00,117.1,4,bid,,,11735647
2026-07-08T05:04:46.566585,2026-07-08T05:04:46.574468+00:00,117.1,4,bid,,,11735649
2026-07-08T05:04:46.604208,2026-07-08T05:04:46.614638+00:00,117.1,3,bid,,,11735651
2026-07-08T05:04:46.658527,2026-07-08T05:04:46.667326+00:00,117.1,4,bid,,,11735656
2026-07-08T05:04:46.749995,2026-07-08T05:04:46.761007+00:00,117.1,4,bid,,,11735660
2026-07-08T05:04:46.859789,2026-07-08T05:04:46.866527+00:00,117.1,4,bid,,,11735667
2026-07-08T05:04:46.950610,2026-07-08T05:04:46.961239+00:00,117.1,4,bid,,,11735669
2026-07-08T05:04:47.041525,2026-07-08T05:04:47.052895+00:00,117.1,4,bid,,,11735672
2026-07-08T05:04:47.132596,2026-07-08T05:04:47.139530+00:00,117.1,4,bid,,,11735676
2026-07-08T05:04:47.224620,2026-07-08T05:04:47.235298+00:00,117.1,4,bid,,,11735678
2026-07-08T05:04:47.317569,2026-07-08T05:04:47.327934+00:00,117.1,4,bid,,,11735680
2026-07-08T05:04:47.409181,2026-07-08T05:04:47.420379+00:00,117.1,4,bid,,,11735682
2026-07-08T05:04:47.499902,2026-07-08T05:04:47.511436+00:00,117.1,4,bid,,,11735684
2026-07-08T05:04:47.588870,2026-07-08T05:04:47.595630+00:00,117.1,4,bid,,,11735686
2026-07-08T05:04:47.626800,2026-07-08T05:04:47.638672+00:00,117.0,47,ask,,,11735687
2026-07-08T05:04:47.677968,2026-07-08T05:04:47.686137+00:00,117.1,4,bid,,,11735689
2026-07-08T05:04:47.768243,2026-07-08T05:04:47.779919+00:00,117.1,4,bid,,,11735692
2026-07-08T05:04:47.859452,2026-07-08T05:04:47.870890+00:00,117.1,4,bid,,,11735695
2026-07-08T05:04:48.359937,2026-07-08T05:04:48.369198+00:00,117.1,50,bid,,,11735708
2026-07-08T05:04:48.736891,2026-07-08T05:04:48.748575+00:00,117.2,5,bid,,,11735711
2026-07-08T05:04:48.792689,2026-07-08T05:04:48.804746+00:00,117.1,5,ask,,,11735712
2026-07-08T05:04:48.792689,2026-07-08T05:04:48.804746+00:00,117.0,39,ask,,,11735713
2026-07-08T05:04:50.500949,2026-07-08T05:04:50.509750+00:00,117.2,50,bid,,,11735744
2026-07-08T05:04:50.597844,2026-07-08T05:04:50.609359+00:00,117.2,2,bid,,,11735746
2026-07-08T05:04:50.687038,2026-07-08T05:04:50.694533+00:00,117.2,2,bid,,,11735749
2026-07-08T05:04:50.776772,2026-07-08T05:04:50.783386+00:00,117.2,2,bid,,,11735752
2026-07-08T05:04:50.867373,2026-07-08T05:04:50.878674+00:00,117.2,2,bid,,,11735755
2026-07-08T05:04:50.958309,2026-07-08T05:04:50.969769+00:00,117.2,2,bid,,,11735757
2026-07-08T05:04:51.047481,2026-07-08T05:04:51.058588+00:00,117.2,2,bid,,,11735761
2026-07-08T05:04:51.136945,2026-07-08T05:04:51.143689+00:00,117.2,2,bid,,,11735763
2026-07-08T05:04:51.227009,2026-07-08T05:04:51.238771+00:00,117.2,2,bid,,,11735768
2026-07-08T05:04:51.320969,2026-07-08T05:04:51.327754+00:00,117.2,2,bid,,,11735771
2026-07-08T05:04:51.414840,2026-07-08T05:04:51.426457+00:00,117.2,2,bid,,,11735773
2026-07-08T05:04:51.506193,2026-07-08T05:04:51.516409+00:00,117.2,2,bid,,,11735777
2026-07-08T05:04:51.595737,2026-07-08T05:04:51.604609+00:00,117.2,2,bid,,,11735779
2026-07-08T05:04:51.629391,2026-07-08T05:04:51.636857+00:00,117.1,5,ask,,,11735781
2026-07-08T05:04:51.713911,2026-07-08T05:04:51.721411+00:00,117.2,2,bid,,,11735783
2026-07-08T05:04:51.803257,2026-07-08T05:04:51.812636+00:00,117.2,2,bid,,,11735785
2026-07-08T05:04:52.967167,2026-07-08T05:04:52.978969+00:00,117.1,45,ask,,,11735803
2026-07-08T05:04:53.049740,2026-07-08T05:04:53.060621+00:00,117.1,3,ask,,,11735808
2026-07-08T05:04:54.718546,2026-07-08T05:04:54.739034+00:00,117.4,50,bid,,,11735828
2026-07-08T05:04:56.647090,2026-07-08T05:04:56.657274+00:00,117.2,48,bid,,,11735855
2026-07-08T05:04:56.880537,2026-07-08T05:04:56.890673+00:00,117.0,50,ask,,,11735859
2026-07-08T05:04:57.114397,2026-07-08T05:04:57.124942+00:00,117.2,2,bid,,,11735865
2026-07-08T05:04:57.174423,2026-07-08T05:04:57.185009+00:00,117.0,48,ask,,,11735870
2026-07-08T05:04:57.204128,2026-07-08T05:04:57.210876+00:00,117.2,2,bid,,,11735872
2026-07-08T05:04:57.294358,2026-07-08T05:04:57.305608+00:00,117.2,2,bid,,,11735875
2026-07-08T05:04:57.383717,2026-07-08T05:04:57.391641+00:00,117.2,1,bid,,,11735877
2026-07-08T05:04:58.963704,2026-07-08T05:04:58.973970+00:00,117.3,50,bid,,,11735891
2026-07-08T05:05:00.235372,2026-07-08T05:05:00.246190+00:00,117.3,43,bid,,,11735906
2026-07-08T05:05:00.774793,2026-07-08T05:05:00.787168+00:00,117.1,40,ask,,,11735913
2026-07-08T05:05:03.227253,2026-07-08T05:05:03.237853+00:00,117.0,50,ask,,,11735956
2026-07-08T05:05:03.936476,2026-07-08T05:05:03.947936+00:00,117.2,3,bid,,,11735966
2026-07-08T05:05:04.063620,2026-07-08T05:05:04.075186+00:00,117.3,41,bid,,,11735970
2026-07-08T05:05:05.171301,2026-07-08T05:05:05.180816+00:00,117.3,3,ask,,,11735992
2026-07-08T05:05:05.335200,2026-07-08T05:05:05.349146+00:00,117.3,2,ask,,,11735998
2026-07-08T05:05:05.335200,2026-07-08T05:05:05.349146+00:00,117.2,48,ask,,,11735999
2026-07-08T05:05:07.448364,2026-07-08T05:05:07.458564+00:00,117.2,5,ask,,,11736027
2026-07-08T05:05:07.448364,2026-07-08T05:05:07.458564+00:00,117.0,45,ask,,,11736028
2026-07-08T05:05:09.555230,2026-07-08T05:05:09.552152+00:00,117.1,50,ask,,,11736070
2026-07-08T05:05:11.186318,2026-07-08T05:05:11.198564+00:00,117.2,3,bid,,,11736095
2026-07-08T05:05:11.687145,2026-07-08T05:05:11.695462+00:00,117.1,50,ask,,,11736103
2026-07-08T05:05:12.730819,2026-07-08T05:05:12.741337+00:00,117.3,47,bid,,,11736125
2026-07-08T05:05:13.796293,2026-07-08T05:05:13.808102+00:00,117.1,50,ask,,,11736140
2026-07-08T05:05:14.281342,2026-07-08T05:05:14.288110+00:00,117.0,5,ask,,,11736152
2026-07-08T05:05:14.281342,2026-07-08T05:05:14.293491+00:00,116.9,39,ask,,,11736153
2026-07-08T05:05:15.903935,2026-07-08T05:05:15.915448+00:00,116.9,50,ask,,,11736185
2026-07-08T05:05:16.768691,2026-07-08T05:05:16.780589+00:00,117.2,5,bid,,,11736192
2026-07-08T05:05:16.768691,2026-07-08T05:05:16.780589+00:00,117.3,43,bid,,,11736193
2026-07-08T05:05:17.785685,2026-07-08T05:05:17.794757+00:00,117.0,5,bid,,,11736205
2026-07-08T05:05:17.878855,2026-07-08T05:05:17.888310+00:00,117.0,5,bid,,,11736208
2026-07-08T05:05:18.011354,2026-07-08T05:05:18.023295+00:00,116.8,5,ask,,,11736211
2026-07-08T05:05:18.418689,2026-07-08T05:05:18.430518+00:00,117.1,42,bid,,,11736221
2026-07-08T05:05:18.473429,2026-07-08T05:05:18.482277+00:00,116.8,5,ask,,,11736222
2026-07-08T05:05:18.473429,2026-07-08T05:05:18.482277+00:00,116.7,43,ask,,,11736223
2026-07-08T05:05:18.910130,2026-07-08T05:05:18.919927+00:00,117.0,1,bid,,,11736229
2026-07-08T05:05:20.067916,2026-07-08T05:05:20.074848+00:00,117.0,5,bid,,,11736241
2026-07-08T05:05:20.067916,2026-07-08T05:05:20.080272+00:00,117.1,45,bid,,,11736242
2026-07-08T05:05:20.475927,2026-07-08T05:05:20.487819+00:00,116.9,5,ask,,,11736249
2026-07-08T05:05:20.475927,2026-07-08T05:05:20.487819+00:00,116.8,35,ask,,,11736250
2026-07-08T05:05:21.061779,2026-07-08T05:05:21.069866+00:00,117.0,10,bid,,,11736259
2026-07-08T05:05:21.071255,2026-07-08T05:05:21.080783+00:00,117.0,10,bid,,,11736261
2026-07-08T05:05:21.082613,2026-07-08T05:05:21.091070+00:00,117.0,10,bid,,,11736263
2026-07-08T05:05:21.092006,2026-07-08T05:05:21.101633+00:00,117.0,10,bid,,,11736265
2026-07-08T05:05:21.103713,2026-07-08T05:05:21.112260+00:00,117.0,10,bid,,,11736268
2026-07-08T05:05:21.112816,2026-07-08T05:05:21.122944+00:00,117.0,10,bid,,,11736270
2026-07-08T05:05:21.121905,2026-07-08T05:05:21.133230+00:00,117.0,10,bid,,,11736272
2026-07-08T05:05:21.131444,2026-07-08T05:05:21.138460+00:00,117.0,10,bid,,,11736274
2026-07-08T05:05:21.140678,2026-07-08T05:05:21.158581+00:00,117.0,10,bid,,,11736276
2026-07-08T05:05:24.331452,2026-07-08T05:05:24.342911+00:00,116.8,50,ask,,,11736317
2026-07-08T05:05:24.583629,2026-07-08T05:05:24.592215+00:00,116.9,5,ask,,,11736321
2026-07-08T05:05:27.672648,2026-07-08T05:05:27.682116+00:00,116.7,5,bid,,,11736360
2026-07-08T05:05:28.191913,2026-07-08T05:05:28.202814+00:00,116.9,44,bid,,,11736370
2026-07-08T05:05:28.489304,2026-07-08T05:05:28.501180+00:00,116.9,50,bid,,,11736375
2026-07-08T05:05:29.648066,2026-07-08T05:05:29.663965+00:00,116.8,5,bid,,,11736399
2026-07-08T05:05:29.648066,2026-07-08T05:05:29.663965+00:00,116.9,100,bid,,,11736400
2026-07-08T05:05:29.786196,2026-07-08T05:05:29.796256+00:00,117.0,5,ask,,,11736402
2026-07-08T05:05:30.597525,2026-07-08T05:05:30.605341+00:00,117.2,5,bid,,,11736418
2026-07-08T05:05:30.597525,2026-07-08T05:05:30.610587+00:00,117.3,45,bid,,,11736419
2026-07-08T05:05:30.622386,2026-07-08T05:05:30.632157+00:00,116.9,6,ask,,,11736420
2026-07-08T05:05:30.819748,2026-07-08T05:05:30.830885+00:00,117.0,3,ask,,,11736426
2026-07-08T05:05:32.707181,2026-07-08T05:05:32.714316+00:00,117.3,50,bid,,,11736461
2026-07-08T05:05:32.866338,2026-07-08T05:05:32.876960+00:00,116.9,5,ask,,,11736466
2026-07-08T05:05:32.901049,2026-07-08T05:05:32.908675+00:00,116.8,41,ask,,,11736468
2026-07-08T05:05:33.633903,2026-07-08T05:05:33.642689+00:00,116.9,100,bid,,,11736476
2026-07-08T05:05:33.947235,2026-07-08T05:05:33.956091+00:00,116.8,3,bid,,,11736480
2026-07-08T05:05:35.980469,2026-07-08T05:05:35.992582+00:00,116.8,5,bid,,,11736503
2026-07-08T05:05:36.545929,2026-07-08T05:05:36.555091+00:00,117.0,3,ask,,,11736508
2026-07-08T05:05:36.755332,2026-07-08T05:05:36.764471+00:00,117.0,2,ask,,,11736512
2026-07-08T05:05:36.755332,2026-07-08T05:05:36.764471+00:00,116.9,5,ask,,,11736513
2026-07-08T05:05:36.755332,2026-07-08T05:05:36.769764+00:00,116.8,38,ask,,,11736514
2026-07-08T05:05:37.371640,2026-07-08T05:05:37.378749+00:00,116.9,48,bid,,,11736523
2026-07-08T05:05:38.346397,2026-07-08T05:05:38.353547+00:00,116.9,45,bid,,,11736536
2026-07-08T05:05:39.075614,2026-07-08T05:05:39.082706+00:00,116.8,50,ask,,,11736543
2026-07-08T05:05:39.338737,2026-07-08T05:05:39.346137+00:00,116.6,45,bid,,,11736549
2026-07-08T05:05:39.960921,2026-07-08T05:05:39.972518+00:00,116.6,100,bid,,,11736555
2026-07-08T05:05:40.378454,2026-07-08T05:05:40.390528+00:00,116.1,42,ask,,,11736559
2026-07-08T05:05:40.701030,2026-07-08T05:05:40.710297+00:00,116.5,3,bid,,,11736568
2026-07-08T05:05:40.981448,2026-07-08T05:05:40.993506+00:00,116.5,2,bid,,,11736570
2026-07-08T05:05:40.981448,2026-07-08T05:05:40.993506+00:00,116.6,5,bid,,,11736571
2026-07-08T05:05:40.981448,2026-07-08T05:05:40.993506+00:00,116.6,5,bid,,,11736572
2026-07-08T05:05:41.131174,2026-07-08T05:05:41.143366+00:00,116.9,5,bid,,,11736575
2026-07-08T05:05:41.131174,2026-07-08T05:05:41.143366+00:00,117.1,45,bid,,,11736576
2026-07-08T05:05:42.786672,2026-07-08T05:05:42.797130+00:00,116.8,3,ask,,,11736589
2026-07-08T05:05:43.242603,2026-07-08T05:05:43.254304+00:00,116.9,50,bid,,,11736600
2026-07-08T05:05:43.631542,2026-07-08T05:05:43.643382+00:00,116.7,42,ask,,,11736603
2026-07-08T05:05:45.163691,2026-07-08T05:05:45.174084+00:00,116.7,46,ask,,,11736621
2026-07-08T05:05:46.230695,2026-07-08T05:05:46.239918+00:00,116.4,45,ask,,,11736643
2026-07-08T05:05:47.457564,2026-07-08T05:05:47.465549+00:00,116.6,5,bid,,,11736659
2026-07-08T05:05:47.457564,2026-07-08T05:05:47.465549+00:00,116.7,45,bid,,,11736660
2026-07-08T05:05:48.956560,2026-07-08T05:05:48.965102+00:00,116.6,5,bid,,,11736674
2026-07-08T05:05:48.956560,2026-07-08T05:05:48.970730+00:00,116.7,5,bid,,,11736675
2026-07-08T05:05:48.956560,2026-07-08T05:05:48.970730+00:00,116.8,35,bid,,,11736676
2026-07-08T05:05:49.431985,2026-07-08T05:05:49.444153+00:00,116.5,5,ask,,,11736678
2026-07-08T05:05:49.567197,2026-07-08T05:05:49.575621+00:00,116.8,50,bid,,,11736681
2026-07-08T05:05:51.674166,2026-07-08T05:05:51.689837+00:00,116.8,50,bid,,,11736719
2026-07-08T05:05:51.691652,2026-07-08T05:05:51.700600+00:00,116.8,22,bid,,,11736721
2026-07-08T05:05:51.803138,2026-07-08T05:05:51.814988+00:00,116.8,5,bid,,,11736722
2026-07-08T05:05:51.803138,2026-07-08T05:05:51.814988+00:00,116.9,100,bid,,,11736723
2026-07-08T05:05:52.150660,2026-07-08T05:05:52.160687+00:00,117.1,3,ask,,,11736728
2026-07-08T05:05:52.159808,2026-07-08T05:05:52.175932+00:00,117.1,2,ask,,,11736730
2026-07-08T05:05:52.421701,2026-07-08T05:05:52.428320+00:00,117.0,35,ask,,,11736737
2026-07-08T05:05:52.511586,2026-07-08T05:05:52.518406+00:00,117.0,10,ask,,,11736740
2026-07-08T05:05:52.511586,2026-07-08T05:05:52.523718+00:00,117.0,5,ask,,,11736741
2026-07-08T05:05:52.705824,2026-07-08T05:05:52.717134+00:00,116.9,5,ask,,,11736744
2026-07-08T05:05:53.782574,2026-07-08T05:05:53.793404+00:00,117.1,5,bid,,,11736766
2026-07-08T05:05:53.782574,2026-07-08T05:05:53.793404+00:00,117.3,45,bid,,,11736767
2026-07-08T05:05:55.021841,2026-07-08T05:05:55.029063+00:00,116.8,100,ask,,,11736785
2026-07-08T05:05:55.021841,2026-07-08T05:05:55.034319+00:00,116.8,5,ask,,,11736786
2026-07-08T05:05:55.051766,2026-07-08T05:05:55.061031+00:00,116.8,3,bid,,,11736791
2026-07-08T05:05:55.066213,2026-07-08T05:05:55.076273+00:00,116.8,2,bid,,,11736794
2026-07-08T05:05:55.082781,2026-07-08T05:05:55.094724+00:00,116.8,40,bid,,,11736795
2026-07-08T05:05:55.768708,2026-07-08T05:05:55.796194+00:00,116.6,5,ask,,,11736806
2026-07-08T05:05:55.779265,2026-07-08T05:05:55.796194+00:00,116.6,1,bid,,,11736807
2026-07-08T05:05:55.783379,2026-07-08T05:05:55.796194+00:00,116.9,5,bid,,,11736809
2026-07-08T05:05:55.895620,2026-07-08T05:05:55.914054+00:00,117.4,50,bid,,,11736813
2026-07-08T05:05:56.012619,2026-07-08T05:05:56.020340+00:00,117.4,49,bid,,,11736814
2026-07-08T05:05:56.059484,2026-07-08T05:05:56.075417+00:00,116.9,1,ask,,,11736815
2026-07-08T05:05:56.780002,2026-07-08T05:05:56.788870+00:00,117.0,2,ask,,,11736830
2026-07-08T05:05:58.052999,2026-07-08T05:05:58.058669+00:00,117.0,5,ask,,,11736845
2026-07-08T05:05:58.052999,2026-07-08T05:05:58.063769+00:00,116.9,45,ask,,,11736846
2026-07-08T05:05:58.798349,2026-07-08T05:05:58.810382+00:00,117.1,2,ask,,,11736854
2026-07-08T05:05:58.809534,2026-07-08T05:05:58.820624+00:00,117.1,2,ask,,,11736856
2026-07-08T05:05:59.691358,2026-07-08T05:05:59.701412+00:00,117.1,3,ask,,,11736866
2026-07-08T05:05:59.723075,2026-07-08T05:05:59.734753+00:00,117.1,2,ask,,,11736869
2026-07-08T05:05:59.745794,2026-07-08T05:05:59.752165+00:00,117.1,35,ask,,,11736872
2026-07-08T05:05:59.812236,2026-07-08T05:05:59.824092+00:00,117.1,2,ask,,,11736875
2026-07-08T05:05:59.823830,2026-07-08T05:05:59.834519+00:00,117.1,2,ask,,,11736878
2026-07-08T05:05:59.835293,2026-07-08T05:05:59.844875+00:00,117.1,35,ask,,,11736880
2026-07-08T05:05:59.903640,2026-07-08T05:05:59.915489+00:00,117.1,2,ask,,,11736882
2026-07-08T05:05:59.926563,2026-07-08T05:05:59.936378+00:00,117.1,35,ask,,,11736886
2026-07-08T05:05:59.996901,2026-07-08T05:06:00.004965+00:00,117.1,2,ask,,,11736888
2026-07-08T05:06:00.023657,2026-07-08T05:06:00.031286+00:00,117.1,28,ask,,,11736894
2026-07-08T05:06:00.170953,2026-07-08T05:06:00.179839+00:00,116.9,50,ask,,,11736898
2026-07-08T05:06:01.354585,2026-07-08T05:06:01.357750+00:00,116.9,50,ask,,,11736909
2026-07-08T05:06:01.362902,2026-07-08T05:06:01.372730+00:00,116.9,3,bid,,,11736910
2026-07-08T05:06:01.855817,2026-07-08T05:06:01.855953+00:00,116.4,4,ask,,,11736916
2026-07-08T05:06:02.032175,2026-07-08T05:06:02.044018+00:00,116.8,5,bid,,,11736917
2026-07-08T05:06:02.280971,2026-07-08T05:06:02.291487+00:00,116.6,50,ask,,,11736923
2026-07-08T05:06:02.882063,2026-07-08T05:06:02.888923+00:00,116.6,2,ask,,,11736934
2026-07-08T05:06:03.003827,2026-07-08T05:06:03.015754+00:00,116.9,35,bid,,,11736937
2026-07-08T05:06:03.092347,2026-07-08T05:06:03.103818+00:00,116.9,35,bid,,,11736940
2026-07-08T05:06:03.182310,2026-07-08T05:06:03.191393+00:00,116.9,27,bid,,,11736943
2026-07-08T05:06:03.608213,2026-07-08T05:06:03.616705+00:00,116.7,5,ask,,,11736956
2026-07-08T05:06:03.608213,2026-07-08T05:06:03.616705+00:00,116.6,35,ask,,,11736957
2026-07-08T05:06:03.903437,2026-07-08T05:06:03.912650+00:00,116.6,2,ask,,,11736965
2026-07-08T05:06:04.068259,2026-07-08T05:06:04.077246+00:00,116.9,5,bid,,,11736967
2026-07-08T05:06:04.185725,2026-07-08T05:06:04.197532+00:00,117.1,42,bid,,,11736976
2026-07-08T05:06:04.395411,2026-07-08T05:06:04.409276+00:00,116.6,11,ask,,,11736982
2026-07-08T05:06:04.395411,2026-07-08T05:06:04.409276+00:00,116.5,5,ask,,,11736983
2026-07-08T05:06:04.395411,2026-07-08T05:06:04.409276+00:00,116.4,34,ask,,,11736984
2026-07-08T05:06:04.838694,2026-07-08T05:06:04.847249+00:00,116.8,49,ask,,,11736992
2026-07-08T05:06:05.345271,2026-07-08T05:06:05.354281+00:00,116.8,100,ask,,,11736997
2026-07-08T05:06:05.925387,2026-07-08T05:06:05.937612+00:00,116.9,2,ask,,,11737009
2026-07-08T05:06:05.938423,2026-07-08T05:06:05.948190+00:00,116.9,2,ask,,,11737011
2026-07-08T05:06:06.505913,2026-07-08T05:06:06.516457+00:00,116.8,1,ask,,,11737014
2026-07-08T05:06:06.505913,2026-07-08T05:06:06.516457+00:00,116.7,5,ask,,,11737015
2026-07-08T05:06:06.505913,2026-07-08T05:06:06.516457+00:00,116.3,44,ask,,,11737016
2026-07-08T05:06:07.679374,2026-07-08T05:06:07.688367+00:00,116.6,35,bid,,,11737035
2026-07-08T05:06:07.769862,2026-07-08T05:06:07.781622+00:00,116.6,6,bid,,,11737039
2026-07-08T05:06:07.937443,2026-07-08T05:06:07.947929+00:00,116.6,10,bid,,,11737043
2026-07-08T05:06:08.624401,2026-07-08T05:06:08.634288+00:00,116.4,50,ask,,,11737058
2026-07-08T05:06:10.399312,2026-07-08T05:06:10.411222+00:00,116.6,46,bid,,,11737083
2026-07-08T05:06:10.686566,2026-07-08T05:06:10.696138+00:00,116.6,50,bid,,,11737087
2026-07-08T05:06:11.529938,2026-07-08T05:06:11.541516+00:00,116.9,40,bid,,,11737114
2026-07-08T05:06:12.868113,2026-07-08T05:06:12.884626+00:00,116.6,50,ask,,,11737131
2026-07-08T05:06:14.807333,2026-07-08T05:06:14.816606+00:00,116.8,3,bid,,,11737165
2026-07-08T05:06:14.959944,2026-07-08T05:06:14.969932+00:00,116.7,5,bid,,,11737169
2026-07-08T05:06:14.975884,2026-07-08T05:06:14.985521+00:00,116.5,50,ask,,,11737171
2026-07-08T05:06:17.048730,2026-07-08T05:06:17.055139+00:00,116.5,20,ask,,,11737201
2026-07-08T05:06:17.113280,2026-07-08T05:06:17.123441+00:00,116.5,50,ask,,,11737202
2026-07-08T05:06:18.743544,2026-07-08T05:06:18.752885+00:00,116.9,1,ask,,,11737227
2026-07-08T05:06:19.082999,2026-07-08T05:06:19.093436+00:00,116.7,1,ask,,,11737233
2026-07-08T05:06:19.169313,2026-07-08T05:06:19.175711+00:00,117.0,50,bid,,,11737235
2026-07-08T05:06:21.275156,2026-07-08T05:06:21.285224+00:00,117.1,50,bid,,,11737258
2026-07-08T05:06:22.738274,2026-07-08T05:06:22.747662+00:00,116.8,4,ask,,,11737268
2026-07-08T05:06:25.497159,2026-07-08T05:06:25.508791+00:00,117.1,50,bid,,,11737300
2026-07-08T05:06:26.547289,2026-07-08T05:06:26.553783+00:00,116.6,43,ask,,,11737311
2026-07-08T05:06:26.871142,2026-07-08T05:06:26.880314+00:00,116.8,3,ask,,,11737313
2026-07-08T05:06:27.090454,2026-07-08T05:06:27.099545+00:00,116.8,2,ask,,,11737315
2026-07-08T05:06:27.090454,2026-07-08T05:06:27.104858+00:00,116.7,41,ask,,,11737316
2026-07-08T05:06:27.631813,2026-07-08T05:06:27.643600+00:00,117.1,50,bid,,,11737323
2026-07-08T05:06:28.539708,2026-07-08T05:06:28.551673+00:00,117.0,5,bid,,,11737334
2026-07-08T05:06:28.539708,2026-07-08T05:06:28.551673+00:00,117.1,41,bid,,,11737335
2026-07-08T05:06:29.591667,2026-07-08T05:06:29.603880+00:00,117.0,5,bid,,,11737358
2026-07-08T05:06:29.591667,2026-07-08T05:06:29.603880+00:00,117.1,9,bid,,,11737359
2026-07-08T05:06:30.136723,2026-07-08T05:06:30.148412+00:00,116.6,40,ask,,,11737374
2026-07-08T05:06:30.148649,2026-07-08T05:06:30.158589+00:00,116.9,1,bid,,,11737375
2026-07-08T05:06:30.600698,2026-07-08T05:06:30.610040+00:00,117.0,100,bid,,,11737384
2026-07-08T05:06:31.927630,2026-07-08T05:06:31.937221+00:00,116.9,3,bid,,,11737395
2026-07-08T05:06:32.167981,2026-07-08T05:06:32.178960+00:00,116.9,2,bid,,,11737401
2026-07-08T05:06:32.950733,2026-07-08T05:06:32.968980+00:00,117.2,5,bid,,,11737409
2026-07-08T05:06:32.959521,2026-07-08T05:06:32.968980+00:00,117.2,3,ask,,,11737410
2026-07-08T05:06:33.305532,2026-07-08T05:06:33.312228+00:00,117.5,44,bid,,,11737421
2026-07-08T05:06:33.817448,2026-07-08T05:06:33.829293+00:00,117.3,5,ask,,,11737426
2026-07-08T05:06:33.867336,2026-07-08T05:06:33.879290+00:00,117.2,42,ask,,,11737427
2026-07-08T05:06:34.063188,2026-07-08T05:06:34.075587+00:00,117.2,50,ask,,,11737429
2026-07-08T05:06:35.925213,2026-07-08T05:06:35.937468+00:00,117.2,42,ask,,,11737454
2026-07-08T05:06:36.170352,2026-07-08T05:06:36.179684+00:00,117.1,5,ask,,,11737457
2026-07-08T05:06:37.222904,2026-07-08T05:06:37.236700+00:00,116.8,3,ask,,,11737472
2026-07-08T05:06:38.230227,2026-07-08T05:06:38.240635+00:00,117.0,50,bid,,,11737480
2026-07-08T05:06:40.337001,2026-07-08T05:06:40.349178+00:00,117.2,50,bid,,,11737509
2026-07-08T05:06:42.447029,2026-07-08T05:06:42.458584+00:00,117.3,5,bid,,,11737531
2026-07-08T05:06:42.447029,2026-07-08T05:06:42.458584+00:00,117.4,45,bid,,,11737532
2026-07-08T05:06:43.604556,2026-07-08T05:06:43.616407+00:00,117.4,5,bid,,,11737544
2026-07-08T05:06:43.604556,2026-07-08T05:06:43.616407+00:00,117.5,40,bid,,,11737545
2026-07-08T05:06:44.587849,2026-07-08T05:06:44.594711+00:00,117.5,50,bid,,,11737556
2026-07-08T05:06:44.780585,2026-07-08T05:06:44.794033+00:00,117.5,41,bid,,,11737558
2026-07-08T05:06:44.836701,2026-07-08T05:06:44.847920+00:00,117.1,42,ask,,,11737559
2026-07-08T05:06:45.452721,2026-07-08T05:06:45.451898+00:00,117.1,40,ask,,,11737578
2026-07-08T05:06:45.641488,2026-07-08T05:06:45.651254+00:00,117.6,100,bid,,,11737580
2026-07-08T05:06:45.673109,2026-07-08T05:06:45.682469+00:00,117.7,5,ask,,,11737583
2026-07-08T05:06:45.697796,2026-07-08T05:06:45.708934+00:00,117.7,45,ask,,,11737585
2026-07-08T05:06:45.953892,2026-07-08T05:06:45.966029+00:00,118.1,5,bid,,,11737591
2026-07-08T05:06:45.953892,2026-07-08T05:06:45.966029+00:00,118.2,37,bid,,,11737592
2026-07-08T05:06:46.695897,2026-07-08T05:06:46.705138+00:00,117.8,5,bid,,,11737601
2026-07-08T05:06:46.695897,2026-07-08T05:06:46.705138+00:00,117.8,45,bid,,,11737602
2026-07-08T05:06:46.962003,2026-07-08T05:06:46.969031+00:00,117.6,5,ask,,,11737605
2026-07-08T05:06:48.385782,2026-07-08T05:06:48.394850+00:00,117.3,44,ask,,,11737625
2026-07-08T05:06:48.804471,2026-07-08T05:06:48.816270+00:00,117.7,5,bid,,,11737629
2026-07-08T05:06:48.804471,2026-07-08T05:06:48.816270+00:00,117.8,45,bid,,,11737630
2026-07-08T05:06:50.290919,2026-07-08T05:06:50.300645+00:00,117.7,43,bid,,,11737647
2026-07-08T05:06:50.914001,2026-07-08T05:06:50.926155+00:00,117.6,5,bid,,,11737651
2026-07-08T05:06:50.914001,2026-07-08T05:06:50.926155+00:00,117.7,45,bid,,,11737652
2026-07-08T05:06:51.974746,2026-07-08T05:06:51.999250+00:00,117.6,5,bid,,,11737664
2026-07-08T05:06:51.987994,2026-07-08T05:06:51.999250+00:00,117.6,3,ask,,,11737665
2026-07-08T05:06:52.005940,2026-07-08T05:06:52.014912+00:00,117.6,2,ask,,,11737669
2026-07-08T05:06:52.040020,2026-07-08T05:06:52.051610+00:00,117.6,35,ask,,,11737672
2026-07-08T05:06:52.096394,2026-07-08T05:06:52.103296+00:00,117.6,2,ask,,,11737674
2026-07-08T05:06:52.132136,2026-07-08T05:06:52.140031+00:00,117.6,35,ask,,,11737680
2026-07-08T05:06:52.169903,2026-07-08T05:06:52.182017+00:00,117.6,10,ask,,,11737681
2026-07-08T05:06:52.185481,2026-07-08T05:06:52.192240+00:00,117.6,10,ask,,,11737683
2026-07-08T05:06:52.189575,2026-07-08T05:06:52.197739+00:00,117.6,2,ask,,,11737684
2026-07-08T05:06:52.201633,2026-07-08T05:06:52.213631+00:00,117.6,10,ask,,,11737687
2026-07-08T05:06:52.244123,2026-07-08T05:06:52.255764+00:00,117.6,5,ask,,,11737691
2026-07-08T05:06:52.244342,2026-07-08T05:06:52.255764+00:00,117.6,10,ask,,,11737692
2026-07-08T05:06:52.255062,2026-07-08T05:06:52.265972+00:00,117.6,10,ask,,,11737694
2026-07-08T05:06:52.265268,2026-07-08T05:06:52.276785+00:00,117.6,10,ask,,,11737696
2026-07-08T05:06:52.275496,2026-07-08T05:06:52.287318+00:00,117.6,1,ask,,,11737698
2026-07-08T05:06:52.284982,2026-07-08T05:06:52.292570+00:00,117.5,2,ask,,,11737700
2026-07-08T05:06:52.289881,2026-07-08T05:06:52.297849+00:00,117.5,2,ask,,,11737701
2026-07-08T05:06:52.294842,2026-07-08T05:06:52.303073+00:00,117.5,1,ask,,,11737702
2026-07-08T05:06:53.052998,2026-07-08T05:06:53.064559+00:00,117.7,5,bid,,,11737712
2026-07-08T05:06:53.052998,2026-07-08T05:06:53.064559+00:00,117.8,5,bid,,,11737713
2026-07-08T05:06:53.052998,2026-07-08T05:06:53.064559+00:00,117.9,40,bid,,,11737714
2026-07-08T05:06:53.216881,2026-07-08T05:06:53.227932+00:00,117.6,5,ask,,,11737717
2026-07-08T05:06:53.467186,2026-07-08T05:06:53.479224+00:00,117.5,5,ask,,,11737720
2026-07-08T05:06:53.467186,2026-07-08T05:06:53.479224+00:00,117.4,35,ask,,,11737721
2026-07-08T05:06:54.543834,2026-07-08T05:06:54.550653+00:00,117.4,41,ask,,,11737733
2026-07-08T05:06:55.078649,2026-07-08T05:06:55.086486+00:00,117.8,5,bid,,,11737736
2026-07-08T05:06:55.078649,2026-07-08T05:06:55.091765+00:00,117.9,40,bid,,,11737737
2026-07-08T05:06:55.160972,2026-07-08T05:06:55.173339+00:00,117.9,20,bid,,,11737738
2026-07-08T05:06:55.160972,2026-07-08T05:06:55.173339+00:00,117.9,5,bid,,,11737739
2026-07-08T05:06:55.192631,2026-07-08T05:06:55.204932+00:00,117.5,5,ask,,,11737740
2026-07-08T05:06:55.940857,2026-07-08T05:06:55.952959+00:00,117.5,100,bid,,,11737752
2026-07-08T05:06:56.322567,2026-07-08T05:06:56.331758+00:00,117.4,3,bid,,,11737757
2026-07-08T05:06:57.153486,2026-07-08T05:06:57.165277+00:00,117.5,44,bid,,,11737769
2026-07-08T05:06:58.305503,2026-07-08T05:06:58.307186+00:00,117.5,5,bid,,,11737785
2026-07-08T05:06:58.324966,2026-07-08T05:06:58.334255+00:00,117.7,3,ask,,,11737786
2026-07-08T05:06:58.355769,2026-07-08T05:06:58.362743+00:00,117.7,35,ask,,,11737790
2026-07-08T05:06:58.447252,2026-07-08T05:06:58.457450+00:00,117.7,15,ask,,,11737792
2026-07-08T05:06:58.520267,2026-07-08T05:06:58.528040+00:00,117.7,10,ask,,,11737793
2026-07-08T05:06:58.531487,2026-07-08T05:06:58.538526+00:00,117.7,10,ask,,,11737795
2026-07-08T05:06:58.541636,2026-07-08T05:06:58.548759+00:00,117.7,10,ask,,,11737797
2026-07-08T05:06:58.551280,2026-07-08T05:06:58.553975+00:00,117.7,10,ask,,,11737799
2026-07-08T05:06:58.561051,2026-07-08T05:06:58.569481+00:00,117.7,10,ask,,,11737801
2026-07-08T05:06:58.571944,2026-07-08T05:06:58.579980+00:00,117.7,10,ask,,,11737803
2026-07-08T05:06:58.588702,2026-07-08T05:06:58.606289+00:00,117.7,10,ask,,,11737807
2026-07-08T05:06:58.599766,2026-07-08T05:06:58.611224+00:00,117.7,10,ask,,,11737809
2026-07-08T05:06:58.609524,2026-07-08T05:06:58.616794+00:00,117.7,10,ask,,,11737811
2026-07-08T05:06:58.619074,2026-07-08T05:06:58.627348+00:00,117.7,2,ask,,,11737813
2026-07-08T05:06:58.619074,2026-07-08T05:06:58.627348+00:00,117.7,5,ask,,,11737814
2026-07-08T05:06:59.406906,2026-07-08T05:06:59.415466+00:00,117.8,50,bid,,,11737827
2026-07-08T05:07:01.543952,2026-07-08T05:07:01.550598+00:00,117.6,50,bid,,,11737850
2026-07-08T05:07:01.803470,2026-07-08T05:07:01.815256+00:00,117.5,5,ask,,,11737854
2026-07-08T05:07:01.803470,2026-07-08T05:07:01.815256+00:00,117.4,5,ask,,,11737855
2026-07-08T05:07:01.803470,2026-07-08T05:07:01.815256+00:00,117.3,30,ask,,,11737856
2026-07-08T05:07:05.426324,2026-07-08T05:07:05.438027+00:00,117.8,44,bid,,,11737909
2026-07-08T05:07:05.840905,2026-07-08T05:07:05.851955+00:00,117.4,5,ask,,,11737912
2026-07-08T05:07:05.840905,2026-07-08T05:07:05.851955+00:00,117.3,45,ask,,,11737913
2026-07-08T05:07:07.959599,2026-07-08T05:07:07.976766+00:00,117.3,50,ask,,,11737947
2026-07-08T05:07:08.655666,2026-07-08T05:07:08.664850+00:00,117.4,5,ask,,,11737956
2026-07-08T05:07:08.655666,2026-07-08T05:07:08.664850+00:00,117.3,5,ask,,,11737957
2026-07-08T05:07:08.655666,2026-07-08T05:07:08.670073+00:00,117.2,38,ask,,,11737958
2026-07-08T05:07:10.069012,2026-07-08T05:07:10.080613+00:00,117.3,5,ask,,,11737977
2026-07-08T05:07:10.069012,2026-07-08T05:07:10.080613+00:00,117.2,45,ask,,,11737978
2026-07-08T05:07:11.020599,2026-07-08T05:07:11.030101+00:00,117.3,3,bid,,,11737991
2026-07-08T05:07:11.140037,2026-07-08T05:07:11.148506+00:00,117.3,46,bid,,,11737994
2026-07-08T05:07:11.764129,2026-07-08T05:07:11.775897+00:00,117.0,5,ask,,,11737999
2026-07-08T05:07:11.764129,2026-07-08T05:07:11.775897+00:00,116.8,39,ask,,,11738000
2026-07-08T05:07:12.216466,2026-07-08T05:07:12.228583+00:00,116.9,50,ask,,,11738008
