timestamp,recv_time,price,volume,aggressor_side,buyer,seller,trade_id
2026-07-01T04:59:59.117568,2026-06-30T19:00:00.284003+00:00,71.8,50,bid,FlawlessFlatbreads,DiligentDonuts,1035721
2026-07-01T05:00:00.382207,2026-06-30T19:00:01.554025+00:00,71.3,44,ask,DiligentDonuts,CostlyCorianders,1035743
2026-07-01T05:00:01.464655,2026-06-30T19:00:02.636191+00:00,71.7,45,bid,CostlyCorianders,EarnestEspressos,1035762
2026-07-01T05:00:02.439204,2026-06-30T19:00:03.606857+00:00,71.5,49,ask,EarnestEspressos,CostlyCorianders,1035774
2026-07-01T05:00:04.037688,2026-06-30T19:00:05.206114+00:00,72.0,42,bid,CostlyCorianders,EarnestEspressos,1035794
2026-07-01T05:00:04.090591,2026-06-30T19:00:05.260630+00:00,71.5,46,ask,EarnestEspressos,CostlyCorianders,1035795
2026-07-01T05:00:05.470184,2026-06-30T19:00:06.634854+00:00,71.7,47,bid,CostlyCorianders,DiligentDonuts,1035814
2026-07-01T05:00:07.588876,2026-06-30T19:00:08.757068+00:00,71.5,50,ask,DiligentDonuts,FlawlessFlatbreads,1035832
2026-07-01T05:00:08.103162,2026-06-30T19:00:09.266823+00:00,71.5,44,ask,DiligentDonuts,CostlyCorianders,1035838
2026-07-01T05:00:09.645430,2026-06-30T19:00:10.817769+00:00,71.6,50,bid,FlawlessFlatbreads,EarnestEspressos,1035857
2026-07-01T05:00:11.611268,2026-06-30T19:00:12.777608+00:00,71.6,41,bid,CostlyCorianders,EarnestEspressos,1035884
2026-07-01T05:00:13.096095,2026-06-30T19:00:14.265653+00:00,71.7,46,bid,CostlyCorianders,DiligentDonuts,1035894
2026-07-01T05:00:13.855042,2026-06-30T19:00:15.018740+00:00,71.8,50,bid,FlawlessFlatbreads,DiligentDonuts,1035901
2026-07-01T05:00:15.976629,2026-06-30T19:00:17.144096+00:00,71.8,50,bid,FlawlessFlatbreads,DiligentDonuts,1035931
2026-07-01T05:00:16.255750,2026-06-30T19:00:17.428720+00:00,71.4,45,ask,EarnestEspressos,CostlyCorianders,1035933
2026-07-01T05:00:17.844927,2026-06-30T19:00:19.015783+00:00,71.6,40,ask,DiligentDonuts,CostlyCorianders,1035963
2026-07-01T05:00:20.073217,2026-06-30T19:00:21.246525+00:00,71.6,45,ask,DiligentDonuts,CostlyCorianders,1036006
2026-07-01T05:00:20.204240,2026-06-30T19:00:21.378328+00:00,71.8,50,bid,FlawlessFlatbreads,EarnestEspressos,1036008
2026-07-01T05:00:22.310863,2026-06-30T19:00:23.478326+00:00,72.1,50,bid,FlawlessFlatbreads,DiligentDonuts,1036030
2026-07-01T05:00:22.444705,2026-06-30T19:00:23.610809+00:00,72.1,45,bid,CostlyCorianders,DiligentDonuts,1036038
2026-07-01T05:00:23.924267,2026-06-30T19:00:25.089341+00:00,71.7,43,ask,DiligentDonuts,CostlyCorianders,1036066
2026-07-01T05:00:26.518873,2026-06-30T19:00:27.691879+00:00,72.0,50,bid,FlawlessFlatbreads,DiligentDonuts,1036109
2026-07-01T05:00:28.041304,2026-06-30T19:00:29.210562+00:00,72.0,45,bid,CostlyCorianders,DiligentDonuts,1036125
2026-07-01T05:00:28.626231,2026-06-30T19:00:29.797967+00:00,72.0,5,bid,FlawlessFlatbreads,DiligentDonuts,1036137
2026-07-01T05:00:28.626231,2026-06-30T19:00:29.797967+00:00,72.1,45,bid,FlawlessFlatbreads,EarnestEspressos,1036138
2026-07-01T05:00:29.318852,2026-06-30T19:00:30.485182+00:00,72.1,100,bid,DiligentDonuts,EarnestEspressos,1036143
2026-07-01T05:00:30.735519,2026-06-30T19:00:31.906251+00:00,72.6,50,bid,FlawlessFlatbreads,DiligentDonuts,1036170
2026-07-01T05:00:30.758485,2026-06-30T19:00:31.928744+00:00,72.4,150,ask,EarnestEspressos,Chester Au,1036172
2026-07-01T05:00:32.843976,2026-06-30T19:00:34.014252+00:00,72.7,50,bid,FlawlessFlatbreads,DiligentDonuts,1036194
2026-07-01T05:00:33.518750,2026-06-30T19:00:34.691638+00:00,72.2,50,ask,DiligentDonuts,Chester Au,1036208
2026-07-01T05:00:33.963342,2026-06-30T19:00:35.128503+00:00,72.2,50,ask,DiligentDonuts,EarnestEspressos,1036217
2026-07-01T05:00:33.963342,2026-06-30T19:00:35.139022+00:00,72.2,10,ask,Zijun Feng,EarnestEspressos,1036218
2026-07-01T05:00:34.952259,2026-06-30T19:00:36.123465+00:00,72.2,50,bid,FlawlessFlatbreads,EarnestEspressos,1036241
2026-07-01T05:00:35.955929,2026-06-30T19:00:37.128902+00:00,71.7,48,ask,EarnestEspressos,CostlyCorianders,1036255
2026-07-01T05:00:37.110622,2026-06-30T19:00:38.278266+00:00,72.0,50,ask,EarnestEspressos,FlawlessFlatbreads,1036280
2026-07-01T05:00:38.376019,2026-06-30T19:00:39.543943+00:00,72.2,40,bid,CostlyCorianders,DiligentDonuts,1036304
2026-07-01T05:00:38.944320,2026-06-30T19:00:40.113027+00:00,72.0,41,ask,EarnestEspressos,CostlyCorianders,1036318
2026-07-01T05:00:39.218399,2026-06-30T19:00:40.386392+00:00,72.0,50,ask,EarnestEspressos,FlawlessFlatbreads,1036321
2026-07-01T05:00:39.854182,2026-06-30T19:00:41.019440+00:00,72.4,46,bid,CostlyCorianders,DiligentDonuts,1036331
2026-07-01T05:00:40.285891,2026-06-30T19:00:41.457681+00:00,72.0,10,ask,Zijun Feng,EarnestEspressos,1036341
2026-07-01T05:00:40.285891,2026-06-30T19:00:41.457681+00:00,71.9,100,ask,DiligentDonuts,EarnestEspressos,1036342
2026-07-01T05:00:40.313044,2026-06-30T19:00:41.479197+00:00,71.9,40,bid,CostlyCorianders,EarnestEspressos,1036343
2026-07-01T05:00:40.313044,2026-06-30T19:00:41.479197+00:00,72.4,2,bid,CostlyCorianders,DiligentDonuts,1036344
2026-07-01T05:00:41.323875,2026-06-30T19:00:42.492679+00:00,71.4,50,ask,EarnestEspressos,FlawlessFlatbreads,1036360
2026-07-01T05:00:43.431808,2026-06-30T19:00:44.604032+00:00,71.9,50,ask,DiligentDonuts,FlawlessFlatbreads,1036390
2026-07-01T05:00:45.539087,2026-06-30T19:00:46.703613+00:00,71.9,50,ask,EarnestEspressos,FlawlessFlatbreads,1036422
2026-07-01T05:00:47.643986,2026-06-30T19:00:48.816664+00:00,71.6,50,ask,DiligentDonuts,FlawlessFlatbreads,1036451
2026-07-01T05:00:49.748933,2026-06-30T19:00:50.918896+00:00,71.8,50,ask,EarnestEspressos,FlawlessFlatbreads,1036486
2026-07-01T05:00:51.856068,2026-06-30T19:00:53.026403+00:00,71.8,50,ask,EarnestEspressos,FlawlessFlatbreads,1036529
2026-07-01T05:00:53.963317,2026-06-30T19:00:55.133632+00:00,71.6,50,ask,DiligentDonuts,FlawlessFlatbreads,1036567
2026-07-01T05:00:54.530447,2026-06-30T19:00:55.700743+00:00,71.6,40,ask,DiligentDonuts,CostlyCorianders,1036584
2026-07-01T05:00:56.068717,2026-06-30T19:00:57.234575+00:00,71.4,10,ask,Zijun Feng,FlawlessFlatbreads,1036603
2026-07-01T05:00:56.068717,2026-06-30T19:00:57.234575+00:00,71.3,40,ask,DiligentDonuts,FlawlessFlatbreads,1036604
2026-07-01T05:00:57.169631,2026-06-30T19:00:58.346905+00:00,71.8,45,bid,CostlyCorianders,DiligentDonuts,1036612
2026-07-01T05:00:58.195041,2026-06-30T19:00:59.363145+00:00,71.3,50,ask,EarnestEspressos,FlawlessFlatbreads,1036634
2026-07-01T05:00:59.281746,2026-06-30T19:01:00.452987+00:00,71.5,150,bid,Chester Au,EarnestEspressos,1036654
2026-07-01T05:00:59.556295,2026-06-30T19:01:00.726235+00:00,71.8,40,bid,CostlyCorianders,DiligentDonuts,1036659
2026-07-01T05:01:00.090075,2026-06-30T19:01:01.262589+00:00,71.3,42,ask,DiligentDonuts,CostlyCorianders,1036671
2026-07-01T05:01:00.300317,2026-06-30T19:01:01.471237+00:00,71.3,50,ask,DiligentDonuts,FlawlessFlatbreads,1036672
2026-07-01T05:01:01.024384,2026-06-30T19:01:02.201711+00:00,71.7,50,bid,Chester Au,DiligentDonuts,1036688
2026-07-01T05:01:01.222972,2026-06-30T19:01:02.388248+00:00,71.2,46,ask,DiligentDonuts,CostlyCorianders,1036698
2026-07-01T05:01:01.855136,2026-06-30T19:01:03.022720+00:00,71.7,43,bid,CostlyCorianders,DiligentDonuts,1036705
2026-07-01T05:01:02.430873,2026-06-30T19:01:03.603963+00:00,71.6,50,ask,EarnestEspressos,FlawlessFlatbreads,1036713
2026-07-01T05:01:03.176397,2026-06-30T19:01:04.346386+00:00,71.7,7,bid,CostlyCorianders,DiligentDonuts,1036728
2026-07-01T05:01:03.176397,2026-06-30T19:01:04.346386+00:00,71.7,10,bid,CostlyCorianders,Zijun Feng,1036729
2026-07-01T05:01:04.537824,2026-06-30T19:01:05.707627+00:00,71.6,50,ask,EarnestEspressos,FlawlessFlatbreads,1036758
2026-07-01T05:01:05.885215,2026-06-30T19:01:07.053560+00:00,71.3,49,ask,DiligentDonuts,CostlyCorianders,1036779
2026-07-01T05:01:06.657044,2026-06-30T19:01:07.828785+00:00,71.3,50,ask,DiligentDonuts,FlawlessFlatbreads,1036791
2026-07-01T05:01:08.763728,2026-06-30T19:01:09.936909+00:00,71.2,50,ask,EarnestEspressos,FlawlessFlatbreads,1036829
2026-07-01T05:01:10.869962,2026-06-30T19:01:12.037180+00:00,71.2,50,ask,EarnestEspressos,FlawlessFlatbreads,1036843
2026-07-01T05:01:11.451728,2026-06-30T19:01:12.622539+00:00,71.5,40,bid,CostlyCorianders,DiligentDonuts,1036863
2026-07-01T05:01:12.977730,2026-06-30T19:01:14.173879+00:00,71.0,50,ask,DiligentDonuts,FlawlessFlatbreads,1036890
2026-07-01T05:01:15.087586,2026-06-30T19:01:16.276850+00:00,71.1,50,ask,DiligentDonuts,FlawlessFlatbreads,1036930
2026-07-01T05:01:16.325295,2026-06-30T19:01:17.499448+00:00,71.5,49,bid,CostlyCorianders,EarnestEspressos,1036954
2026-07-01T05:01:19.245500,2026-06-30T19:01:20.427650+00:00,71.5,50,bid,FlawlessFlatbreads,DiligentDonuts,1037003
2026-07-01T05:01:21.414267,2026-06-30T19:01:22.610509+00:00,71.3,50,ask,EarnestEspressos,FlawlessFlatbreads,1037029
2026-07-01T05:01:22.126832,2026-06-30T19:01:23.308997+00:00,71.4,44,bid,CostlyCorianders,DiligentDonuts,1037040
2026-07-01T05:01:22.742574,2026-06-30T19:01:23.931473+00:00,71.3,47,ask,EarnestEspressos,CostlyCorianders,1037048
2026-07-01T05:01:23.470237,2026-06-30T19:01:24.654976+00:00,71.6,50,bid,FlawlessFlatbreads,DiligentDonuts,1037058
2026-07-01T05:01:24.577922,2026-06-30T19:01:25.771650+00:00,71.3,10,ask,Zijun Feng,EarnestEspressos,1037066
2026-07-01T05:01:24.577922,2026-06-30T19:01:25.771650+00:00,71.1,100,ask,DiligentDonuts,EarnestEspressos,1037067
2026-07-01T05:01:25.601777,2026-06-30T19:01:26.810960+00:00,71.1,40,bid,FlawlessFlatbreads,EarnestEspressos,1037089
2026-07-01T05:01:25.601777,2026-06-30T19:01:26.810960+00:00,71.1,10,bid,FlawlessFlatbreads,Zijun Feng,1037090
2026-07-01T05:01:26.518922,2026-06-30T19:01:27.707790+00:00,71.0,48,ask,DiligentDonuts,CostlyCorianders,1037106
2026-07-01T05:01:29.864614,2026-06-30T19:01:31.098117+00:00,71.2,50,ask,EarnestEspressos,FlawlessFlatbreads,1037174
2026-07-01T05:01:31.973131,2026-06-30T19:01:33.209201+00:00,71.1,50,ask,EarnestEspressos,FlawlessFlatbreads,1037199
2026-07-01T05:01:34.976298,2026-06-30T19:01:36.170841+00:00,71.4,46,bid,CostlyCorianders,DiligentDonuts,1037235
2026-07-01T05:01:36.184038,2026-06-30T19:01:37.373162+00:00,70.9,50,ask,EarnestEspressos,FlawlessFlatbreads,1037257
2026-07-01T05:01:38.238630,2026-06-30T19:01:39.420122+00:00,71.1,50,bid,FlawlessFlatbreads,EarnestEspressos,1037287
2026-07-01T05:01:38.709589,2026-06-30T19:01:39.901310+00:00,71.1,49,bid,CostlyCorianders,EarnestEspressos,1037290
2026-07-01T05:01:39.785785,2026-06-30T19:01:40.975015+00:00,70.9,47,ask,DiligentDonuts,CostlyCorianders,1037301
2026-07-01T05:01:40.333914,2026-06-30T19:01:41.521677+00:00,71.1,10,bid,EarnestEspressos,Zijun Feng,1037313
2026-07-01T05:01:40.345087,2026-06-30T19:01:41.532690+00:00,71.4,50,bid,FlawlessFlatbreads,DiligentDonuts,1037314
2026-07-01T05:01:40.392519,2026-06-30T19:01:41.576405+00:00,71.1,43,ask,EarnestEspressos,CostlyCorianders,1037315
2026-07-01T05:01:42.412054,2026-06-30T19:01:43.602522+00:00,71.1,43,ask,EarnestEspressos,CostlyCorianders,1037341
2026-07-01T05:01:46.661521,2026-06-30T19:01:47.860441+00:00,71.0,50,bid,FlawlessFlatbreads,DiligentDonuts,1037414
2026-07-01T05:01:47.667907,2026-06-30T19:01:48.865511+00:00,71.0,49,bid,CostlyCorianders,DiligentDonuts,1037424
2026-07-01T05:01:48.437265,2026-06-30T19:01:49.610017+00:00,71.0,100,bid,DiligentDonuts,EarnestEspressos,1037432
2026-07-01T05:01:48.820689,2026-06-30T19:01:49.993042+00:00,70.5,50,ask,EarnestEspressos,FlawlessFlatbreads,1037436
2026-07-01T05:01:50.927427,2026-06-30T19:01:52.112180+00:00,70.8,50,ask,EarnestEspressos,FlawlessFlatbreads,1037474
2026-07-01T05:01:55.138431,2026-06-30T19:01:56.327814+00:00,70.8,50,ask,DiligentDonuts,FlawlessFlatbreads,1037539
2026-07-01T05:01:56.847261,2026-06-30T19:01:58.027084+00:00,71.3,45,bid,CostlyCorianders,DiligentDonuts,1037562
2026-07-01T05:01:57.926147,2026-06-30T19:01:59.120856+00:00,71.3,42,bid,CostlyCorianders,EarnestEspressos,1037574
2026-07-01T05:02:01.406778,2026-06-30T19:02:02.586641+00:00,71.4,50,bid,FlawlessFlatbreads,EarnestEspressos,1037612
2026-07-01T05:02:03.513826,2026-06-30T19:02:04.682917+00:00,71.5,50,bid,FlawlessFlatbreads,DiligentDonuts,1037642
2026-07-01T05:02:05.621641,2026-06-30T19:02:06.793346+00:00,71.5,50,bid,FlawlessFlatbreads,DiligentDonuts,1037672
2026-07-01T05:02:07.728784,2026-06-30T19:02:08.899657+00:00,71.5,10,bid,FlawlessFlatbreads,Zijun Feng,1037689
2026-07-01T05:02:07.728784,2026-06-30T19:02:08.899657+00:00,71.6,40,bid,FlawlessFlatbreads,EarnestEspressos,1037690
2026-07-01T05:02:08.238240,2026-06-30T19:02:09.410847+00:00,71.2,42,ask,DiligentDonuts,CostlyCorianders,1037699
2026-07-01T05:02:09.838754,2026-06-30T19:02:11.009437+00:00,71.7,50,bid,FlawlessFlatbreads,DiligentDonuts,1037721
2026-07-01T05:02:11.949302,2026-06-30T19:02:13.120354+00:00,71.6,50,bid,FlawlessFlatbreads,DiligentDonuts,1037748
2026-07-01T05:02:12.303887,2026-06-30T19:02:13.467660+00:00,71.2,10,ask,Zijun Feng,CostlyCorianders,1037750
2026-07-01T05:02:12.303887,2026-06-30T19:02:13.477965+00:00,71.1,37,ask,DiligentDonuts,CostlyCorianders,1037751
2026-07-01T05:02:14.057804,2026-06-30T19:02:15.222890+00:00,71.6,50,bid,FlawlessFlatbreads,EarnestEspressos,1037782
2026-07-01T05:02:16.163045,2026-06-30T19:02:17.330653+00:00,71.6,50,bid,FlawlessFlatbreads,DiligentDonuts,1037812
2026-07-01T05:02:16.673460,2026-06-30T19:02:17.845743+00:00,71.4,43,ask,EarnestEspressos,CostlyCorianders,1037828
2026-07-01T05:02:16.923954,2026-06-30T19:02:18.097880+00:00,71.6,10,bid,DiligentDonuts,Zijun Feng,1037829
2026-07-01T05:02:17.147936,2026-06-30T19:02:18.316147+00:00,71.9,49,bid,CostlyCorianders,EarnestEspressos,1037835
2026-07-01T05:02:18.269067,2026-06-30T19:02:19.441003+00:00,72.2,50,bid,FlawlessFlatbreads,DiligentDonuts,1037857
2026-07-01T05:02:20.376255,2026-06-30T19:02:21.542899+00:00,72.1,50,bid,FlawlessFlatbreads,DiligentDonuts,1037899
2026-07-01T05:02:22.484980,2026-06-30T19:02:23.649605+00:00,72.1,50,bid,FlawlessFlatbreads,DiligentDonuts,1037933
2026-07-01T05:02:24.592375,2026-06-30T19:02:25.757417+00:00,72.6,50,bid,FlawlessFlatbreads,DiligentDonuts,1037949
2026-07-01T05:02:25.325782,2026-06-30T19:02:26.499650+00:00,72.1,40,ask,DiligentDonuts,CostlyCorianders,1037963
2026-07-01T05:02:26.749478,2026-06-30T19:02:27.918735+00:00,72.3,50,ask,DiligentDonuts,FlawlessFlatbreads,1037985
2026-07-01T05:02:26.764306,2026-06-30T19:02:27.929539+00:00,72.3,47,ask,DiligentDonuts,CostlyCorianders,1037986
2026-07-01T05:02:28.805406,2026-06-30T19:02:29.972311+00:00,72.4,50,bid,FlawlessFlatbreads,EarnestEspressos,1038015
2026-07-01T05:02:29.638739,2026-06-30T19:02:30.807265+00:00,72.3,10,ask,Zijun Feng,DiligentDonuts,1038028
2026-07-01T05:02:30.816670,2026-06-30T19:02:31.984553+00:00,72.3,49,bid,CostlyCorianders,DiligentDonuts,1038043
2026-07-01T05:02:30.912272,2026-06-30T19:02:32.083605+00:00,72.3,41,bid,FlawlessFlatbreads,DiligentDonuts,1038049
2026-07-01T05:02:30.912272,2026-06-30T19:02:32.083605+00:00,72.3,9,bid,FlawlessFlatbreads,Zijun Feng,1038050
2026-07-01T05:02:31.948317,2026-06-30T19:02:33.121290+00:00,72.0,44,ask,EarnestEspressos,CostlyCorianders,1038057
2026-07-01T05:02:32.915331,2026-06-30T19:02:34.087975+00:00,72.5,41,bid,CostlyCorianders,EarnestEspressos,1038079
2026-07-01T05:02:33.019323,2026-06-30T19:02:34.186155+00:00,72.5,50,bid,FlawlessFlatbreads,EarnestEspressos,1038080
2026-07-01T05:02:35.137714,2026-06-30T19:02:36.303660+00:00,72.1,48,ask,DiligentDonuts,CostlyCorianders,1038098
2026-07-01T05:02:35.178089,2026-06-30T19:02:36.347178+00:00,72.1,50,ask,DiligentDonuts,FlawlessFlatbreads,1038099
2026-07-01T05:02:37.232673,2026-06-30T19:02:38.405314+00:00,72.3,50,bid,FlawlessFlatbreads,DiligentDonuts,1038128
2026-07-01T05:02:38.886978,2026-06-30T19:02:40.058200+00:00,72.3,48,bid,CostlyCorianders,DiligentDonuts,1038156
2026-07-01T05:02:39.391001,2026-06-30T19:02:40.558927+00:00,72.3,50,ask,DiligentDonuts,FlawlessFlatbreads,1038163
2026-07-01T05:02:39.475510,2026-06-30T19:02:40.644938+00:00,72.3,40,ask,DiligentDonuts,CostlyCorianders,1038170
2026-07-01T05:02:40.789107,2026-06-30T19:02:41.956656+00:00,72.3,10,ask,Zijun Feng,Chester Au,1038183
2026-07-01T05:02:40.789107,2026-06-30T19:02:41.956656+00:00,72.3,10,ask,DiligentDonuts,Chester Au,1038184
2026-07-01T05:02:41.499435,2026-06-30T19:02:42.668718+00:00,72.2,50,ask,EarnestEspressos,FlawlessFlatbreads,1038198
2026-07-01T05:02:43.609748,2026-06-30T19:02:44.782676+00:00,72.3,50,ask,DiligentDonuts,FlawlessFlatbreads,1038232
2026-07-01T05:02:43.822945,2026-06-30T19:02:44.989272+00:00,72.6,41,bid,CostlyCorianders,EarnestEspressos,1038236
2026-07-01T05:02:44.422773,2026-06-30T19:02:45.597826+00:00,72.3,49,ask,DiligentDonuts,CostlyCorianders,1038246
2026-07-01T05:02:45.721694,2026-06-30T19:02:46.895162+00:00,72.1,50,ask,EarnestEspressos,FlawlessFlatbreads,1038273
2026-07-01T05:02:47.703740,2026-06-30T19:02:48.874361+00:00,72.4,44,bid,CostlyCorianders,DiligentDonuts,1038313
2026-07-01T05:02:47.828313,2026-06-30T19:02:48.992464+00:00,72.1,50,ask,EarnestEspressos,FlawlessFlatbreads,1038317
2026-07-01T05:02:49.279535,2026-06-30T19:02:50.451760+00:00,72.5,47,bid,CostlyCorianders,DiligentDonuts,1038342
2026-07-01T05:02:49.891392,2026-06-30T19:02:51.060601+00:00,72.1,10,ask,Zijun Feng,CostlyCorianders,1038351
2026-07-01T05:02:49.891392,2026-06-30T19:02:51.060601+00:00,72.0,30,ask,DiligentDonuts,CostlyCorianders,1038352
2026-07-01T05:02:49.935086,2026-06-30T19:02:51.104508+00:00,72.0,50,ask,DiligentDonuts,FlawlessFlatbreads,1038354
2026-07-01T05:02:52.013731,2026-06-30T19:02:53.187965+00:00,72.3,50,bid,FlawlessFlatbreads,EarnestEspressos,1038385
2026-07-01T05:02:53.961563,2026-06-30T19:02:55.128757+00:00,72.3,40,bid,CostlyCorianders,DiligentDonuts,1038407
2026-07-01T05:02:54.120830,2026-06-30T19:02:55.293003+00:00,72.3,50,bid,FlawlessFlatbreads,DiligentDonuts,1038410
2026-07-01T05:02:55.026176,2026-06-30T19:02:56.197757+00:00,72.1,40,ask,DiligentDonuts,CostlyCorianders,1038420
2026-07-01T05:02:56.293665,2026-06-30T19:02:57.466555+00:00,72.1,50,ask,DiligentDonuts,FlawlessFlatbreads,1038446
2026-07-01T05:02:58.399246,2026-06-30T19:02:59.573594+00:00,72.2,50,ask,EarnestEspressos,FlawlessFlatbreads,1038479
2026-07-01T05:02:58.715331,2026-06-30T19:02:59.889288+00:00,72.4,48,bid,CostlyCorianders,DiligentDonuts,1038482
2026-07-01T05:03:00.505852,2026-06-30T19:03:01.671875+00:00,72.0,50,ask,EarnestEspressos,FlawlessFlatbreads,1038511
2026-07-01T05:03:01.346637,2026-06-30T19:03:02.514045+00:00,72.4,10,bid,CostlyCorianders,Zijun Feng,1038523
2026-07-01T05:03:01.933666,2026-06-30T19:03:03.103125+00:00,72.2,44,ask,DiligentDonuts,CostlyCorianders,1038532
2026-07-01T05:03:02.560910,2026-06-30T19:03:03.733583+00:00,72.5,50,bid,FlawlessFlatbreads,EarnestEspressos,1038542
2026-07-01T05:03:04.668238,2026-06-30T19:03:05.841456+00:00,72.3,50,bid,FlawlessFlatbreads,DiligentDonuts,1038566
2026-07-01T05:03:05.865309,2026-06-30T19:03:07.036536+00:00,72.3,44,bid,CostlyCorianders,DiligentDonuts,1038584
2026-07-01T05:03:06.783647,2026-06-30T19:03:07.953997+00:00,72.3,6,bid,FlawlessFlatbreads,DiligentDonuts,1038606
2026-07-01T05:03:06.783647,2026-06-30T19:03:07.953997+00:00,72.3,10,bid,FlawlessFlatbreads,Zijun Feng,1038607
2026-07-01T05:03:06.783647,2026-06-30T19:03:07.953997+00:00,72.4,34,bid,FlawlessFlatbreads,EarnestEspressos,1038608
2026-07-01T05:03:06.975578,2026-06-30T19:03:08.149831+00:00,71.9,45,ask,EarnestEspressos,CostlyCorianders,1038614
2026-07-01T05:03:08.568907,2026-06-30T19:03:09.734862+00:00,72.4,42,bid,CostlyCorianders,EarnestEspressos,1038642
2026-07-01T05:03:08.944225,2026-06-30T19:03:10.115965+00:00,72.0,50,ask,DiligentDonuts,FlawlessFlatbreads,1038651
2026-07-01T05:03:10.754393,2026-06-30T19:03:11.919369+00:00,72.1,41,ask,DiligentDonuts,CostlyCorianders,1038678
2026-07-01T05:03:11.051798,2026-06-30T19:03:12.226330+00:00,72.1,50,ask,DiligentDonuts,FlawlessFlatbreads,1038682
2026-07-01T05:03:13.159091,2026-06-30T19:03:14.331182+00:00,72.1,9,ask,DiligentDonuts,FlawlessFlatbreads,1038702
2026-07-01T05:03:13.159091,2026-06-30T19:03:14.331182+00:00,72.1,41,ask,EarnestEspressos,FlawlessFlatbreads,1038703
2026-07-01T05:03:14.319348,2026-06-30T19:03:15.490588+00:00,72.3,46,bid,CostlyCorianders,DiligentDonuts,1038718
2026-07-01T05:03:14.395838,2026-06-30T19:03:15.567660+00:00,72.1,45,ask,EarnestEspressos,CostlyCorianders,1038719
2026-07-01T05:03:15.217423,2026-06-30T19:03:16.388130+00:00,72.3,50,bid,FlawlessFlatbreads,DiligentDonuts,1038735
2026-07-01T05:03:16.160398,2026-06-30T19:03:17.327419+00:00,72.3,4,bid,Chester Au,DiligentDonuts,1038750
2026-07-01T05:03:16.160398,2026-06-30T19:03:17.327419+00:00,72.3,16,bid,Chester Au,EarnestEspressos,1038751
2026-07-01T05:03:17.906791,2026-06-30T19:03:19.079203+00:00,72.2,44,ask,DiligentDonuts,CostlyCorianders,1038764
2026-07-01T05:03:19.476506,2026-06-30T19:03:20.644607+00:00,72.2,50,ask,DiligentDonuts,FlawlessFlatbreads,1038790
2026-07-01T05:03:21.582318,2026-06-30T19:03:22.748097+00:00,72.0,50,ask,DiligentDonuts,FlawlessFlatbreads,1038814
2026-07-01T05:03:23.556789,2026-06-30T19:03:24.726937+00:00,72.1,42,bid,CostlyCorianders,DiligentDonuts,1038841
2026-07-01T05:03:23.688100,2026-06-30T19:03:24.857907+00:00,72.0,50,ask,EarnestEspressos,FlawlessFlatbreads,1038843
2026-07-01T05:03:25.795862,2026-06-30T19:03:26.964574+00:00,71.7,50,ask,EarnestEspressos,FlawlessFlatbreads,1038876
2026-07-01T05:03:26.347700,2026-06-30T19:03:27.520078+00:00,72.1,42,bid,CostlyCorianders,DiligentDonuts,1038884
2026-07-01T05:03:27.594382,2026-06-30T19:03:28.759513+00:00,71.9,49,ask,DiligentDonuts,CostlyCorianders,1038900
2026-07-01T05:03:27.903789,2026-06-30T19:03:29.071330+00:00,71.9,50,ask,DiligentDonuts,FlawlessFlatbreads,1038910
2026-07-01T05:03:30.009719,2026-06-30T19:03:31.178733+00:00,71.9,50,ask,DiligentDonuts,FlawlessFlatbreads,1038939
2026-07-01T05:03:31.173467,2026-06-30T19:03:32.337955+00:00,72.2,49,bid,CostlyCorianders,EarnestEspressos,1038960
2026-07-01T05:03:31.823077,2026-06-30T19:03:32.995389+00:00,71.9,45,ask,DiligentDonuts,CostlyCorianders,1038969
2026-07-01T05:03:32.116402,2026-06-30T19:03:33.290862+00:00,71.9,5,ask,DiligentDonuts,FlawlessFlatbreads,1038976
2026-07-01T05:03:32.116402,2026-06-30T19:03:33.290862+00:00,71.9,10,ask,Zijun Feng,FlawlessFlatbreads,1038977
2026-07-01T05:03:32.116402,2026-06-30T19:03:33.290862+00:00,71.7,35,ask,EarnestEspressos,FlawlessFlatbreads,1038978
2026-07-01T05:03:32.853331,2026-06-30T19:03:34.026381+00:00,72.2,42,bid,CostlyCorianders,EarnestEspressos,1038988
2026-07-01T05:03:33.330612,2026-06-30T19:03:34.496163+00:00,71.9,46,bid,CostlyCorianders,DiligentDonuts,1038994
2026-07-01T05:03:33.937823,2026-06-30T19:03:35.108458+00:00,71.7,44,ask,EarnestEspressos,CostlyCorianders,1039009
2026-07-01T05:03:34.230664,2026-06-30T19:03:35.404059+00:00,71.7,10,ask,Zijun Feng,FlawlessFlatbreads,1039011
2026-07-01T05:03:34.230664,2026-06-30T19:03:35.404059+00:00,71.4,40,ask,DiligentDonuts,FlawlessFlatbreads,1039012
2026-07-01T05:03:35.013218,2026-06-30T19:03:36.180259+00:00,71.9,41,bid,CostlyCorianders,DiligentDonuts,1039027
2026-07-01T05:03:36.340095,2026-06-30T19:03:37.508574+00:00,71.6,50,ask,EarnestEspressos,FlawlessFlatbreads,1039046
2026-07-01T05:03:38.449049,2026-06-30T19:03:39.619833+00:00,71.5,50,ask,DiligentDonuts,FlawlessFlatbreads,1039071
2026-07-01T05:03:38.487216,2026-06-30T19:03:39.662871+00:00,71.5,44,ask,DiligentDonuts,CostlyCorianders,1039072
2026-07-01T05:03:39.051168,2026-06-30T19:03:40.220925+00:00,71.9,43,bid,CostlyCorianders,EarnestEspressos,1039079
2026-07-01T05:03:40.517237,2026-06-30T19:03:41.683114+00:00,71.4,40,ask,EarnestEspressos,CostlyCorianders,1039104
2026-07-01T05:03:40.555731,2026-06-30T19:03:41.727112+00:00,71.4,10,ask,Zijun Feng,FlawlessFlatbreads,1039105
2026-07-01T05:03:40.555731,2026-06-30T19:03:41.727112+00:00,71.3,40,ask,DiligentDonuts,FlawlessFlatbreads,1039106
2026-07-01T05:03:40.995300,2026-06-30T19:03:42.164933+00:00,71.8,41,bid,CostlyCorianders,DiligentDonuts,1039109
2026-07-01T05:03:42.664191,2026-06-30T19:03:43.834774+00:00,71.6,50,ask,EarnestEspressos,FlawlessFlatbreads,1039148
2026-07-01T05:03:43.789409,2026-06-30T19:03:44.959498+00:00,71.6,10,ask,Zijun Feng,EarnestEspressos,1039160
2026-07-01T05:03:44.723253,2026-06-30T19:03:45.889019+00:00,71.6,50,bid,FlawlessFlatbreads,EarnestEspressos,1039175
2026-07-01T05:03:45.047744,2026-06-30T19:03:46.214942+00:00,71.6,46,bid,CostlyCorianders,EarnestEspressos,1039186
2026-07-01T05:03:46.880195,2026-06-30T19:03:48.052507+00:00,71.2,50,ask,DiligentDonuts,FlawlessFlatbreads,1039215
2026-07-01T05:03:47.515203,2026-06-30T19:03:48.683348+00:00,71.5,48,ask,EarnestEspressos,CostlyCorianders,1039225
2026-07-01T05:03:47.992051,2026-06-30T19:03:49.163843+00:00,71.5,42,ask,EarnestEspressos,CostlyCorianders,1039231
2026-07-01T05:03:48.942760,2026-06-30T19:03:50.108716+00:00,71.6,50,bid,FlawlessFlatbreads,DiligentDonuts,1039247
2026-07-01T05:03:50.050966,2026-06-30T19:03:51.221221+00:00,71.5,10,ask,Zijun Feng,CostlyCorianders,1039265
2026-07-01T05:03:51.050078,2026-06-30T19:03:52.225620+00:00,71.6,50,bid,FlawlessFlatbreads,DiligentDonuts,1039279
2026-07-01T05:03:53.158021,2026-06-30T19:03:54.327699+00:00,71.7,50,bid,FlawlessFlatbreads,EarnestEspressos,1039306
2026-07-01T05:03:54.215759,2026-06-30T19:03:55.387179+00:00,71.7,47,bid,CostlyCorianders,DiligentDonuts,1039321
2026-07-01T05:03:56.875760,2026-06-30T19:03:58.041887+00:00,71.5,46,ask,DiligentDonuts,CostlyCorianders,1039365
2026-07-01T05:03:57.445547,2026-06-30T19:03:58.612751+00:00,71.5,50,ask,DiligentDonuts,FlawlessFlatbreads,1039370
2026-07-01T05:03:59.553682,2026-06-30T19:04:00.723702+00:00,71.3,50,ask,DiligentDonuts,FlawlessFlatbreads,1039407
2026-07-01T05:04:00.404065,2026-06-30T19:04:01.576967+00:00,71.8,43,bid,CostlyCorianders,DiligentDonuts,1039412
2026-07-01T05:04:01.661279,2026-06-30T19:04:02.831241+00:00,71.6,50,ask,EarnestEspressos,FlawlessFlatbreads,1039427
2026-07-01T05:04:02.784201,2026-06-30T19:04:03.957871+00:00,71.6,10,ask,Zijun Feng,EarnestEspressos,1039437
2026-07-01T05:04:03.401767,2026-06-30T19:04:04.568449+00:00,71.6,48,bid,CostlyCorianders,EarnestEspressos,1039453
2026-07-01T05:04:03.716043,2026-06-30T19:04:04.884602+00:00,71.6,50,bid,FlawlessFlatbreads,EarnestEspressos,1039458
2026-07-01T05:04:05.823775,2026-06-30T19:04:06.993308+00:00,71.6,42,bid,FlawlessFlatbreads,EarnestEspressos,1039483
2026-07-01T05:04:05.823775,2026-06-30T19:04:06.993308+00:00,71.6,8,bid,FlawlessFlatbreads,Zijun Feng,1039484
2026-07-01T05:04:05.916329,2026-06-30T19:04:07.081275+00:00,71.6,2,bid,EarnestEspressos,Zijun Feng,1039485
2026-07-01T05:04:05.916329,2026-06-30T19:04:07.092275+00:00,71.8,100,bid,EarnestEspressos,DiligentDonuts,1039486
2026-07-01T05:04:07.696770,2026-06-30T19:04:08.868208+00:00,71.9,48,ask,EarnestEspressos,DiligentDonuts,1039528
2026-07-01T05:04:07.696770,2026-06-30T19:04:08.868208+00:00,71.9,10,ask,Zijun Feng,DiligentDonuts,1039529
2026-07-01T05:04:10.087935,2026-06-30T19:04:11.261735+00:00,71.4,50,ask,EarnestEspressos,FlawlessFlatbreads,1039566
2026-07-01T05:04:11.440064,2026-06-30T19:04:12.610699+00:00,71.7,43,ask,DiligentDonuts,CostlyCorianders,1039583
2026-07-01T05:04:12.192664,2026-06-30T19:04:13.364617+00:00,71.7,50,ask,DiligentDonuts,FlawlessFlatbreads,1039593
2026-07-01T05:04:12.294195,2026-06-30T19:04:13.462935+00:00,71.7,7,ask,DiligentDonuts,EarnestEspressos,1039595
2026-07-01T05:04:12.294195,2026-06-30T19:04:13.462935+00:00,71.7,10,ask,Zijun Feng,EarnestEspressos,1039596
2026-07-01T05:04:12.624865,2026-06-30T19:04:13.802147+00:00,71.7,42,bid,CostlyCorianders,EarnestEspressos,1039605
2026-07-01T05:04:14.298976,2026-06-30T19:04:15.473824+00:00,71.5,50,ask,DiligentDonuts,FlawlessFlatbreads,1039635
2026-07-01T05:04:16.407120,2026-06-30T19:04:17.582588+00:00,71.5,50,ask,DiligentDonuts,FlawlessFlatbreads,1039679
2026-07-01T05:04:17.856976,2026-06-30T19:04:19.039092+00:00,71.3,48,ask,EarnestEspressos,CostlyCorianders,1039707
2026-07-01T05:04:18.515454,2026-06-30T19:04:19.682903+00:00,71.3,50,ask,EarnestEspressos,FlawlessFlatbreads,1039713
2026-07-01T05:04:20.140497,2026-06-30T19:04:21.307085+00:00,71.6,40,bid,CostlyCorianders,DiligentDonuts,1039735
2026-07-01T05:04:20.571192,2026-06-30T19:04:21.742443+00:00,71.8,50,bid,FlawlessFlatbreads,EarnestEspressos,1039741
2026-07-01T05:04:21.156720,2026-06-30T19:04:22.321048+00:00,71.3,47,ask,EarnestEspressos,CostlyCorianders,1039747
2026-07-01T05:04:22.684197,2026-06-30T19:04:23.855173+00:00,71.5,50,bid,FlawlessFlatbreads,EarnestEspressos,1039768
2026-07-01T05:04:23.913677,2026-06-30T19:04:25.082297+00:00,71.5,49,bid,CostlyCorianders,EarnestEspressos,1039789
2026-07-01T05:04:24.842174,2026-06-30T19:04:26.014700+00:00,71.4,50,ask,DiligentDonuts,FlawlessFlatbreads,1039809
2026-07-01T05:04:24.906037,2026-06-30T19:04:26.080396+00:00,71.5,10,bid,EarnestEspressos,Zijun Feng,1039810
2026-07-01T05:04:26.897174,2026-06-30T19:04:28.068282+00:00,71.8,50,bid,FlawlessFlatbreads,DiligentDonuts,1039836
2026-07-01T05:04:29.002775,2026-06-30T19:04:30.174565+00:00,71.8,50,bid,FlawlessFlatbreads,DiligentDonuts,1039862
2026-07-01T05:04:30.916765,2026-06-30T19:04:32.087882+00:00,71.6,42,ask,DiligentDonuts,CostlyCorianders,1039885
2026-07-01T05:04:31.111371,2026-06-30T19:04:32.282727+00:00,72.0,50,bid,FlawlessFlatbreads,EarnestEspressos,1039888
2026-07-01T05:04:31.564322,2026-06-30T19:04:32.730272+00:00,71.7,41,ask,EarnestEspressos,CostlyCorianders,1039896
2026-07-01T05:04:33.221510,2026-06-30T19:04:34.394109+00:00,72.1,10,bid,FlawlessFlatbreads,Zijun Feng,1039917
2026-07-01T05:04:33.221510,2026-06-30T19:04:34.394109+00:00,72.1,40,bid,FlawlessFlatbreads,DiligentDonuts,1039918
2026-07-01T05:04:35.332479,2026-06-30T19:04:36.505972+00:00,72.1,50,bid,FlawlessFlatbreads,DiligentDonuts,1039955
2026-07-01T05:04:39.075649,2026-06-30T19:04:40.247001+00:00,72.1,45,bid,CostlyCorianders,EarnestEspressos,1039996
2026-07-01T05:04:39.684025,2026-06-30T19:04:40.857310+00:00,72.1,41,bid,CostlyCorianders,EarnestEspressos,1040014
2026-07-01T05:04:41.647505,2026-06-30T19:04:42.818862+00:00,72.3,50,bid,FlawlessFlatbreads,DiligentDonuts,1040036
2026-07-01T05:04:43.753672,2026-06-30T19:04:44.917741+00:00,72.5,50,bid,FlawlessFlatbreads,EarnestEspressos,1040067
2026-07-01T05:04:44.217770,2026-06-30T19:04:45.388509+00:00,72.2,49,ask,EarnestEspressos,CostlyCorianders,1040078
2026-07-01T05:04:44.858423,2026-06-30T19:04:46.022618+00:00,72.5,44,bid,CostlyCorianders,DiligentDonuts,1040089
2026-07-01T05:04:45.863685,2026-06-30T19:04:47.029911+00:00,72.7,50,bid,FlawlessFlatbreads,EarnestEspressos,1040108
2026-07-01T05:04:45.942637,2026-06-30T19:04:47.118075+00:00,72.2,45,ask,EarnestEspressos,CostlyCorianders,1040109
2026-07-01T05:04:48.000119,2026-06-30T19:04:49.172662+00:00,72.7,50,bid,FlawlessFlatbreads,DiligentDonuts,1040143
2026-07-01T05:04:50.108373,2026-06-30T19:04:51.275859+00:00,72.7,50,bid,FlawlessFlatbreads,EarnestEspressos,1040180
2026-07-01T05:04:52.219404,2026-06-30T19:04:53.391213+00:00,72.7,50,bid,FlawlessFlatbreads,EarnestEspressos,1040213
2026-07-01T05:04:54.326671,2026-06-30T19:04:55.500243+00:00,72.9,50,bid,FlawlessFlatbreads,DiligentDonuts,1040233
2026-07-01T05:04:56.691210,2026-06-30T19:04:57.856754+00:00,72.6,41,ask,DiligentDonuts,CostlyCorianders,1040284
2026-07-01T05:04:58.537075,2026-06-30T19:04:59.706644+00:00,72.7,50,bid,FlawlessFlatbreads,DiligentDonuts,1040316
2026-07-01T05:04:59.364972,2026-06-30T19:05:00.539632+00:00,72.5,42,ask,EarnestEspressos,CostlyCorianders,1040329
2026-07-01T05:05:00.702221,2026-06-30T19:05:01.872452+00:00,72.2,50,ask,DiligentDonuts,FlawlessFlatbreads,1040343
2026-07-01T05:05:02.810888,2026-06-30T19:05:03.982111+00:00,72.4,50,ask,DiligentDonuts,FlawlessFlatbreads,1040383
2026-07-01T05:05:04.501361,2026-06-30T19:05:05.671643+00:00,72.7,47,bid,CostlyCorianders,EarnestEspressos,1040399
2026-07-01T05:05:05.551965,2026-06-30T19:05:06.719492+00:00,72.7,41,bid,CostlyCorianders,EarnestEspressos,1040418
2026-07-01T05:05:06.027052,2026-06-30T19:05:07.198052+00:00,72.7,10,bid,EarnestEspressos,Zijun Feng,1040432
2026-07-01T05:05:06.565728,2026-06-30T19:05:07.738889+00:00,72.7,48,ask,EarnestEspressos,CostlyCorianders,1040444
2026-07-01T05:05:06.969768,2026-06-30T19:05:08.143244+00:00,72.8,50,bid,FlawlessFlatbreads,DiligentDonuts,1040449
2026-07-01T05:05:07.567144,2026-06-30T19:05:08.731866+00:00,72.7,43,ask,EarnestEspressos,CostlyCorianders,1040454
2026-07-01T05:05:09.074908,2026-06-30T19:05:10.241019+00:00,73.0,50,bid,FlawlessFlatbreads,DiligentDonuts,1040486
2026-07-01T05:05:09.244122,2026-06-30T19:05:10.416209+00:00,72.7,10,ask,Zijun Feng,EarnestEspressos,1040490
2026-07-01T05:05:09.263762,2026-06-30T19:05:10.438210+00:00,72.7,47,bid,CostlyCorianders,EarnestEspressos,1040491
2026-07-01T05:05:11.181376,2026-06-30T19:05:12.347106+00:00,72.7,50,bid,FlawlessFlatbreads,EarnestEspressos,1040519
2026-07-01T05:05:11.640651,2026-06-30T19:05:12.814360+00:00,72.7,42,bid,CostlyCorianders,EarnestEspressos,1040528
2026-07-01T05:05:12.353354,2026-06-30T19:05:13.527964+00:00,72.7,10,bid,EarnestEspressos,Zijun Feng,1040542
2026-07-01T05:05:13.288903,2026-06-30T19:05:14.462870+00:00,73.1,50,bid,FlawlessFlatbreads,DiligentDonuts,1040562
2026-07-01T05:05:15.395771,2026-06-30T19:05:16.563690+00:00,73.1,50,bid,FlawlessFlatbreads,DiligentDonuts,1040582
2026-07-01T05:05:17.502205,2026-06-30T19:05:18.673877+00:00,73.1,10,bid,FlawlessFlatbreads,Zijun Feng,1040613
2026-07-01T05:05:17.502205,2026-06-30T19:05:18.673877+00:00,73.3,40,bid,FlawlessFlatbreads,DiligentDonuts,1040614
2026-07-01T05:05:17.655570,2026-06-30T19:05:18.825402+00:00,72.9,40,ask,EarnestEspressos,CostlyCorianders,1040619
2026-07-01T05:05:19.378478,2026-06-30T19:05:20.542614+00:00,72.8,47,ask,DiligentDonuts,CostlyCorianders,1040638
2026-07-01T05:05:19.610441,2026-06-30T19:05:20.783148+00:00,73.1,50,bid,FlawlessFlatbreads,EarnestEspressos,1040642
2026-07-01T05:05:21.418324,2026-06-30T19:05:22.583950+00:00,73.1,48,bid,CostlyCorianders,EarnestEspressos,1040661
2026-07-01T05:05:21.793730,2026-06-30T19:05:22.959502+00:00,72.8,50,ask,DiligentDonuts,FlawlessFlatbreads,1040668
2026-07-01T05:05:23.849316,2026-06-30T19:05:25.023138+00:00,73.1,50,bid,FlawlessFlatbreads,DiligentDonuts,1040691
2026-07-01T05:05:27.280156,2026-06-30T19:05:28.451506+00:00,72.9,42,ask,EarnestEspressos,CostlyCorianders,1040729
2026-07-01T05:05:28.062484,2026-06-30T19:05:29.232303+00:00,73.2,50,bid,FlawlessFlatbreads,DiligentDonuts,1040739
2026-07-01T05:05:30.168977,2026-06-30T19:05:31.338628+00:00,73.3,50,bid,FlawlessFlatbreads,EarnestEspressos,1040773
2026-07-01T05:05:31.447656,2026-06-30T19:05:32.620719+00:00,72.9,43,ask,DiligentDonuts,CostlyCorianders,1040800
2026-07-01T05:05:32.327383,2026-06-30T19:05:33.495140+00:00,72.9,50,ask,DiligentDonuts,FlawlessFlatbreads,1040810
2026-07-01T05:05:32.561364,2026-06-30T19:05:33.736307+00:00,72.9,7,ask,DiligentDonuts,Chester Au,1040814
2026-07-01T05:05:32.561364,2026-06-30T19:05:33.736307+00:00,72.9,118,ask,EarnestEspressos,Chester Au,1040815
2026-07-01T05:05:33.885680,2026-06-30T19:05:35.058597+00:00,72.9,32,ask,EarnestEspressos,Chester Au,1040853
2026-07-01T05:05:33.885680,2026-06-30T19:05:35.058597+00:00,72.9,10,ask,Zijun Feng,Chester Au,1040854
2026-07-01T05:05:34.443462,2026-06-30T19:05:35.616294+00:00,72.6,50,ask,DiligentDonuts,FlawlessFlatbreads,1040863
2026-07-01T05:05:36.552454,2026-06-30T19:05:37.725201+00:00,72.6,10,ask,Zijun Feng,FlawlessFlatbreads,1040891
2026-07-01T05:05:36.552454,2026-06-30T19:05:37.725201+00:00,72.4,40,ask,EarnestEspressos,FlawlessFlatbreads,1040892
2026-07-01T05:05:38.609919,2026-06-30T19:05:39.775041+00:00,72.7,50,bid,FlawlessFlatbreads,EarnestEspressos,1040918
2026-07-01T05:05:39.006346,2026-06-30T19:05:40.177554+00:00,72.7,45,bid,Zijun Feng,EarnestEspressos,1040926
2026-07-01T05:05:40.719891,2026-06-30T19:05:41.894808+00:00,72.7,50,bid,FlawlessFlatbreads,EarnestEspressos,1040942
2026-07-01T05:05:42.447587,2026-06-30T19:05:43.620046+00:00,72.6,44,ask,EarnestEspressos,CostlyCorianders,1040964
2026-07-01T05:05:42.626133,2026-06-30T19:05:43.794336+00:00,72.6,100,ask,EarnestEspressos,DiligentDonuts,1040965
2026-07-01T05:05:42.877701,2026-06-30T19:05:44.045120+00:00,72.6,6,ask,EarnestEspressos,FlawlessFlatbreads,1040966
2026-07-01T05:05:42.877701,2026-06-30T19:05:44.045120+00:00,72.0,44,ask,DiligentDonuts,FlawlessFlatbreads,1040967
2026-07-01T05:05:43.073418,2026-06-30T19:05:44.242662+00:00,73.1,43,bid,CostlyCorianders,EarnestEspressos,1040970
2026-07-01T05:05:44.445826,2026-06-30T19:05:45.621086+00:00,72.5,10,bid,Chester Au,Zijun Feng,1040994
2026-07-01T05:05:49.866843,2026-06-30T19:05:51.037730+00:00,72.7,43,bid,CostlyCorianders,EarnestEspressos,1041063
2026-07-01T05:05:51.298206,2026-06-30T19:05:52.471905+00:00,72.3,50,ask,DiligentDonuts,FlawlessFlatbreads,1041085
2026-07-01T05:05:52.188822,2026-06-30T19:05:53.355496+00:00,72.1,48,ask,EarnestEspressos,CostlyCorianders,1041096
2026-07-01T05:05:52.685370,2026-06-30T19:05:53.857160+00:00,72.6,45,bid,CostlyCorianders,EarnestEspressos,1041107
2026-07-01T05:05:53.405978,2026-06-30T19:05:54.579147+00:00,72.1,50,ask,EarnestEspressos,FlawlessFlatbreads,1041116
2026-07-01T05:05:54.210910,2026-06-30T19:05:55.384682+00:00,72.1,41,ask,DiligentDonuts,CostlyCorianders,1041135
2026-07-01T05:05:55.515990,2026-06-30T19:05:56.686404+00:00,71.9,50,ask,DiligentDonuts,FlawlessFlatbreads,1041159
2026-07-01T05:05:56.159190,2026-06-30T19:05:57.331033+00:00,72.3,115,bid,Chester Au,EarnestEspressos,1041171
2026-07-01T05:05:56.165216,2026-06-30T19:05:57.331033+00:00,72.3,35,bid,CostlyCorianders,EarnestEspressos,1041172
2026-07-01T05:05:56.165216,2026-06-30T19:05:57.342033+00:00,72.4,14,bid,CostlyCorianders,DiligentDonuts,1041173
2026-07-01T05:05:56.628668,2026-06-30T19:05:57.801096+00:00,72.3,10,bid,CostlyCorianders,Zijun Feng,1041179
2026-07-01T05:05:56.628668,2026-06-30T19:05:57.801096+00:00,72.4,32,bid,CostlyCorianders,DiligentDonuts,1041180
2026-07-01T05:05:56.653988,2026-06-30T19:05:57.823096+00:00,72.4,54,bid,EarnestEspressos,DiligentDonuts,1041181
2026-07-01T05:05:57.468453,2026-06-30T19:05:58.641212+00:00,72.7,10,ask,Zijun Feng,Chester Au,1041202
2026-07-01T05:05:57.587670,2026-06-30T19:05:58.761782+00:00,72.7,10,ask,Zijun Feng,Chester Au,1041207
2026-07-01T05:05:57.624313,2026-06-30T19:05:58.794782+00:00,72.6,50,ask,EarnestEspressos,FlawlessFlatbreads,1041212
2026-07-01T05:05:58.100484,2026-06-30T19:05:59.265948+00:00,72.7,10,ask,Zijun Feng,Chester Au,1041224
2026-07-01T05:05:58.433433,2026-06-30T19:05:59.605068+00:00,72.6,46,ask,EarnestEspressos,DiligentDonuts,1041230
2026-07-01T05:05:59.166678,2026-06-30T19:06:00.338399+00:00,72.1,47,ask,DiligentDonuts,CostlyCorianders,1041240
2026-07-01T05:05:59.729065,2026-06-30T19:06:00.896323+00:00,72.1,50,ask,DiligentDonuts,FlawlessFlatbreads,1041247
2026-07-01T05:05:59.782086,2026-06-30T19:06:00.951507+00:00,72.1,3,ask,DiligentDonuts,CostlyCorianders,1041248
2026-07-01T05:06:00.261897,2026-06-30T19:06:01.433306+00:00,72.3,10,bid,CostlyCorianders,Zijun Feng,1041249
2026-07-01T05:06:00.261897,2026-06-30T19:06:01.433306+00:00,72.4,31,bid,CostlyCorianders,EarnestEspressos,1041250
2026-07-01T05:06:01.331270,2026-06-30T19:06:02.506152+00:00,72.3,10,bid,CostlyCorianders,Zijun Feng,1041266
2026-07-01T05:06:01.331270,2026-06-30T19:06:02.506152+00:00,72.4,37,bid,CostlyCorianders,EarnestEspressos,1041267
2026-07-01T05:06:01.657872,2026-06-30T19:06:02.832170+00:00,72.3,10,bid,Chester Au,Zijun Feng,1041276
2026-07-01T05:06:01.836049,2026-06-30T19:06:03.006519+00:00,72.0,50,ask,DiligentDonuts,FlawlessFlatbreads,1041282
2026-07-01T05:06:02.167217,2026-06-30T19:06:03.335331+00:00,72.3,10,bid,Chester Au,Zijun Feng,1041288
2026-07-01T05:06:02.681343,2026-06-30T19:06:03.849180+00:00,72.3,10,bid,Chester Au,Zijun Feng,1041293
2026-07-01T05:06:03.214744,2026-06-30T19:06:04.384711+00:00,72.4,46,ask,EarnestEspressos,CostlyCorianders,1041306
2026-07-01T05:06:03.944485,2026-06-30T19:06:05.116812+00:00,72.4,50,ask,EarnestEspressos,FlawlessFlatbreads,1041315
2026-07-01T05:06:04.382644,2026-06-30T19:06:05.555629+00:00,72.4,45,ask,EarnestEspressos,CostlyCorianders,1041327
2026-07-01T05:06:04.758281,2026-06-30T19:06:05.927834+00:00,72.5,10,ask,Zijun Feng,DiligentDonuts,1041338
2026-07-01T05:06:04.758281,2026-06-30T19:06:05.927834+00:00,72.4,9,ask,EarnestEspressos,DiligentDonuts,1041339
2026-07-01T05:06:04.771232,2026-06-30T19:06:05.938381+00:00,72.3,42,bid,Chester Au,DiligentDonuts,1041340
2026-07-01T05:06:04.856840,2026-06-30T19:06:06.025957+00:00,72.3,39,bid,CostlyCorianders,DiligentDonuts,1041344
2026-07-01T05:06:04.856840,2026-06-30T19:06:06.025957+00:00,72.9,6,bid,CostlyCorianders,EarnestEspressos,1041345
2026-07-01T05:06:06.273665,2026-06-30T19:06:07.447628+00:00,72.0,10,bid,CostlyCorianders,Zijun Feng,1041366
2026-07-01T05:06:06.273665,2026-06-30T19:06:07.447628+00:00,72.1,38,bid,CostlyCorianders,EarnestEspressos,1041367
2026-07-01T05:06:06.761216,2026-06-30T19:06:07.928811+00:00,71.8,48,ask,DiligentDonuts,CostlyCorianders,1041381
2026-07-01T05:06:07.283738,2026-06-30T19:06:08.455301+00:00,72.0,10,bid,DiligentDonuts,Zijun Feng,1041388
2026-07-01T05:06:07.283738,2026-06-30T19:06:08.455301+00:00,72.1,38,bid,CostlyCorianders,EarnestEspressos,1041389
2026-07-01T05:06:07.868251,2026-06-30T19:06:09.034794+00:00,72.0,10,bid,CostlyCorianders,Zijun Feng,1041401
2026-07-01T05:06:07.925064,2026-06-30T19:06:09.099532+00:00,72.0,41,ask,DiligentDonuts,CostlyCorianders,1041404
2026-07-01T05:06:09.056041,2026-06-30T19:06:10.228810+00:00,72.1,44,bid,CostlyCorianders,EarnestEspressos,1041436
2026-07-01T05:06:09.331177,2026-06-30T19:06:10.502141+00:00,72.4,10,bid,EarnestEspressos,Zijun Feng,1041442
2026-07-01T05:06:10.208099,2026-06-30T19:06:11.376247+00:00,72.5,50,bid,FlawlessFlatbreads,DiligentDonuts,1041455
2026-07-01T05:06:12.313430,2026-06-30T19:06:13.483186+00:00,72.5,50,bid,FlawlessFlatbreads,DiligentDonuts,1041495
2026-07-01T05:06:14.475143,2026-06-30T19:06:15.650255+00:00,72.3,50,ask,EarnestEspressos,FlawlessFlatbreads,1041519
2026-07-01T05:06:16.583444,2026-06-30T19:06:17.754585+00:00,72.1,10,ask,Zijun Feng,FlawlessFlatbreads,1041565
2026-07-01T05:06:16.583444,2026-06-30T19:06:17.754585+00:00,72.0,40,ask,DiligentDonuts,FlawlessFlatbreads,1041566
2026-07-01T05:06:16.593329,2026-06-30T19:06:17.765584+00:00,72.0,43,ask,DiligentDonuts,CostlyCorianders,1041567
2026-07-01T05:06:17.406067,2026-06-30T19:06:18.572344+00:00,72.1,10,ask,Zijun Feng,DiligentDonuts,1041577
2026-07-01T05:06:18.695751,2026-06-30T19:06:19.865230+00:00,72.0,50,ask,EarnestEspressos,FlawlessFlatbreads,1041599
2026-07-01T05:06:19.086218,2026-06-30T19:06:20.259358+00:00,72.0,10,bid,CostlyCorianders,Zijun Feng,1041608
2026-07-01T05:06:19.086218,2026-06-30T19:06:20.259358+00:00,72.1,32,bid,CostlyCorianders,DiligentDonuts,1041609
2026-07-01T05:06:20.802386,2026-06-30T19:06:21.967081+00:00,71.7,10,ask,Zijun Feng,FlawlessFlatbreads,1041629
2026-07-01T05:06:20.802386,2026-06-30T19:06:21.978080+00:00,71.6,40,ask,EarnestEspressos,FlawlessFlatbreads,1041630
2026-07-01T05:06:22.857476,2026-06-30T19:06:24.027245+00:00,71.8,50,bid,FlawlessFlatbreads,EarnestEspressos,1041659
2026-07-01T05:06:23.720063,2026-06-30T19:06:24.886470+00:00,71.8,100,bid,DiligentDonuts,EarnestEspressos,1041666
2026-07-01T05:06:24.967009,2026-06-30T19:06:26.135754+00:00,72.4,50,bid,FlawlessFlatbreads,DiligentDonuts,1041685
2026-07-01T05:06:26.815068,2026-06-30T19:06:27.982239+00:00,72.2,45,ask,EarnestEspressos,CostlyCorianders,1041705
2026-07-01T05:06:26.936113,2026-06-30T19:06:28.102860+00:00,72.2,100,ask,EarnestEspressos,DiligentDonuts,1041707
2026-07-01T05:06:27.133808,2026-06-30T19:06:28.311513+00:00,72.2,5,ask,EarnestEspressos,FlawlessFlatbreads,1041712
2026-07-01T05:06:27.133808,2026-06-30T19:06:28.311513+00:00,72.2,10,ask,Zijun Feng,FlawlessFlatbreads,1041713
2026-07-01T05:06:27.133808,2026-06-30T19:06:28.311513+00:00,71.7,35,ask,DiligentDonuts,FlawlessFlatbreads,1041714
2026-07-01T05:06:27.927677,2026-06-30T19:06:29.098780+00:00,71.7,47,ask,DiligentDonuts,CostlyCorianders,1041723
2026-07-01T05:06:28.387604,2026-06-30T19:06:29.557956+00:00,72.1,49,bid,CostlyCorianders,EarnestEspressos,1041727
2026-07-01T05:06:29.242269,2026-06-30T19:06:30.410919+00:00,71.7,18,ask,DiligentDonuts,FlawlessFlatbreads,1041742
2026-07-01T05:06:29.242269,2026-06-30T19:06:30.410919+00:00,71.6,32,ask,EarnestEspressos,FlawlessFlatbreads,1041743
2026-07-01T05:06:31.349395,2026-06-30T19:06:32.523876+00:00,71.9,50,ask,DiligentDonuts,FlawlessFlatbreads,1041770
2026-07-01T05:06:31.941990,2026-06-30T19:06:33.115096+00:00,71.9,46,ask,DiligentDonuts,CostlyCorianders,1041776
2026-07-01T05:06:33.459075,2026-06-30T19:06:34.624047+00:00,71.7,50,ask,DiligentDonuts,FlawlessFlatbreads,1041804
2026-07-01T05:06:34.191363,2026-06-30T19:06:35.362490+00:00,72.0,10,bid,CostlyCorianders,Zijun Feng,1041809
2026-07-01T05:06:34.191363,2026-06-30T19:06:35.362490+00:00,72.1,33,bid,CostlyCorianders,EarnestEspressos,1041810
2026-07-01T05:06:34.777769,2026-06-30T19:06:35.952635+00:00,72.0,10,bid,CostlyCorianders,Zijun Feng,1041822
2026-07-01T05:06:34.777769,2026-06-30T19:06:35.952635+00:00,72.2,34,bid,CostlyCorianders,DiligentDonuts,1041823
2026-07-01T05:06:34.834200,2026-06-30T19:06:36.007634+00:00,71.9,44,ask,EarnestEspressos,CostlyCorianders,1041825
2026-07-01T05:06:35.480680,2026-06-30T19:06:36.651417+00:00,71.9,47,ask,EarnestEspressos,CostlyCorianders,1041832
2026-07-01T05:06:35.568810,2026-06-30T19:06:36.733924+00:00,71.9,50,ask,EarnestEspressos,FlawlessFlatbreads,1041837
2026-07-01T05:06:36.605378,2026-06-30T19:06:37.772058+00:00,72.1,49,bid,CostlyCorianders,DiligentDonuts,1041858
2026-07-01T05:06:37.624342,2026-06-30T19:06:38.799668+00:00,72.1,50,bid,FlawlessFlatbreads,DiligentDonuts,1041870
2026-07-01T05:06:39.532900,2026-06-30T19:06:40.699651+00:00,71.9,100,bid,DiligentDonuts,EarnestEspressos,1041898
2026-07-01T05:06:39.783765,2026-06-30T19:06:40.950339+00:00,71.4,50,ask,EarnestEspressos,FlawlessFlatbreads,1041904
2026-07-01T05:06:41.838349,2026-06-30T19:06:43.005057+00:00,71.9,10,bid,FlawlessFlatbreads,Zijun Feng,1041949
2026-07-01T05:06:41.838349,2026-06-30T19:06:43.016056+00:00,72.0,40,bid,FlawlessFlatbreads,EarnestEspressos,1041950
2026-07-01T05:06:41.868865,2026-06-30T19:06:43.038057+00:00,72.0,47,bid,CostlyCorianders,EarnestEspressos,1041951
2026-07-01T05:06:42.481383,2026-06-30T19:06:43.650264+00:00,71.9,10,bid,CostlyCorianders,Zijun Feng,1041957
2026-07-01T05:06:42.481383,2026-06-30T19:06:43.650264+00:00,72.0,37,bid,CostlyCorianders,EarnestEspressos,1041958
2026-07-01T05:06:44.117316,2026-06-30T19:06:45.290134+00:00,72.0,10,bid,EarnestEspressos,Zijun Feng,1041987
2026-07-01T05:06:46.051597,2026-06-30T19:06:47.224887+00:00,72.2,50,bid,FlawlessFlatbreads,DiligentDonuts,1042006
2026-07-01T05:06:48.157643,2026-06-30T19:06:49.330697+00:00,72.2,50,bid,FlawlessFlatbreads,DiligentDonuts,1042038
2026-07-01T05:06:48.542946,2026-06-30T19:06:49.711030+00:00,72.0,40,ask,EarnestEspressos,CostlyCorianders,1042040
2026-07-01T05:06:50.263201,2026-06-30T19:06:51.436241+00:00,72.5,50,bid,FlawlessFlatbreads,EarnestEspressos,1042067
2026-07-01T05:06:52.371628,2026-06-30T19:06:53.538731+00:00,72.4,50,bid,FlawlessFlatbreads,EarnestEspressos,1042101
2026-07-01T05:06:54.477768,2026-06-30T19:06:55.651554+00:00,72.7,50,bid,FlawlessFlatbreads,DiligentDonuts,1042148
2026-07-01T05:06:56.635345,2026-06-30T19:06:57.807906+00:00,72.5,10,ask,Zijun Feng,FlawlessFlatbreads,1042178
2026-07-01T05:06:56.635345,2026-06-30T19:06:57.807906+00:00,72.4,40,ask,EarnestEspressos,FlawlessFlatbreads,1042179
2026-07-01T05:06:57.926264,2026-06-30T19:06:59.095641+00:00,72.4,10,ask,Zijun Feng,CostlyCorianders,1042203
2026-07-01T05:06:57.926264,2026-06-30T19:06:59.095641+00:00,72.3,30,ask,DiligentDonuts,CostlyCorianders,1042204
2026-07-01T05:06:58.535334,2026-06-30T19:06:59.706331+00:00,72.4,10,ask,Zijun Feng,CostlyCorianders,1042213
2026-07-01T05:06:58.535334,2026-06-30T19:06:59.706331+00:00,72.3,38,ask,EarnestEspressos,CostlyCorianders,1042214
2026-07-01T05:06:58.753417,2026-06-30T19:06:59.925183+00:00,72.3,50,ask,EarnestEspressos,FlawlessFlatbreads,1042217
2026-07-01T05:06:59.676307,2026-06-30T19:07:00.853669+00:00,72.7,44,bid,CostlyCorianders,DiligentDonuts,1042229
2026-07-01T05:07:00.796068,2026-06-30T19:07:01.965172+00:00,72.2,40,ask,DiligentDonuts,CostlyCorianders,1042250
2026-07-01T05:07:00.861594,2026-06-30T19:07:02.031186+00:00,72.2,50,ask,DiligentDonuts,FlawlessFlatbreads,1042252
2026-07-01T05:07:01.900497,2026-06-30T19:07:03.069605+00:00,72.5,10,bid,CostlyCorianders,Zijun Feng,1042266
2026-07-01T05:07:01.900497,2026-06-30T19:07:03.069605+00:00,72.6,38,bid,CostlyCorianders,EarnestEspressos,1042267
2026-07-01T05:07:02.917203,2026-06-30T19:07:04.091729+00:00,72.6,50,bid,FlawlessFlatbreads,EarnestEspressos,1042283
2026-07-01T05:07:05.075139,2026-06-30T19:07:06.244284+00:00,72.4,50,ask,EarnestEspressos,FlawlessFlatbreads,1042323
2026-07-01T05:07:07.474420,2026-06-30T19:07:08.650905+00:00,72.9,42,bid,CostlyCorianders,DiligentDonuts,1042352
2026-07-01T05:07:09.302252,2026-06-30T19:07:10.474468+00:00,72.6,50,ask,DiligentDonuts,FlawlessFlatbreads,1042387
2026-07-01T05:07:09.977579,2026-06-30T19:07:11.150044+00:00,72.7,10,ask,Zijun Feng,CostlyCorianders,1042396
2026-07-01T05:07:09.977579,2026-06-30T19:07:11.150044+00:00,72.6,38,ask,DiligentDonuts,CostlyCorianders,1042397
2026-07-01T05:07:11.975209,2026-06-30T19:07:13.140810+00:00,72.8,40,bid,CostlyCorianders,DiligentDonuts,1042449
2026-07-01T05:07:13.467274,2026-06-30T19:07:14.632453+00:00,72.7,10,bid,FlawlessFlatbreads,Zijun Feng,1042472
2026-07-01T05:07:13.467274,2026-06-30T19:07:14.643453+00:00,72.8,40,bid,FlawlessFlatbreads,DiligentDonuts,1042473
2026-07-01T05:07:15.628265,2026-06-30T19:07:16.795267+00:00,72.6,50,ask,DiligentDonuts,FlawlessFlatbreads,1042510
2026-07-01T05:07:16.583697,2026-06-30T19:07:17.748388+00:00,72.7,10,ask,Zijun Feng,CostlyCorianders,1042523
2026-07-01T05:07:16.583697,2026-06-30T19:07:17.759389+00:00,72.6,36,ask,DiligentDonuts,CostlyCorianders,1042524
2026-07-01T05:07:17.626270,2026-06-30T19:07:18.797778+00:00,72.5,41,ask,EarnestEspressos,CostlyCorianders,1042540
2026-07-01T05:07:17.733309,2026-06-30T19:07:18.907045+00:00,72.5,50,ask,EarnestEspressos,FlawlessFlatbreads,1042542
2026-07-01T05:07:18.124566,2026-06-30T19:07:19.300069+00:00,72.6,40,bid,CostlyCorianders,DiligentDonuts,1042552
2026-07-01T05:07:18.984698,2026-06-30T19:07:20.154388+00:00,72.5,10,ask,Zijun Feng,EarnestEspressos,1042561
2026-07-01T05:07:19.839580,2026-06-30T19:07:21.013791+00:00,72.1,50,ask,DiligentDonuts,FlawlessFlatbreads,1042573
2026-07-01T05:07:21.895129,2026-06-30T19:07:23.069074+00:00,72.3,50,bid,FlawlessFlatbreads,EarnestEspressos,1042619
2026-07-01T05:07:24.002902,2026-06-30T19:07:25.178859+00:00,72.5,10,bid,FlawlessFlatbreads,Zijun Feng,1042645
2026-07-01T05:07:24.002902,2026-06-30T19:07:25.178859+00:00,72.5,40,bid,FlawlessFlatbreads,DiligentDonuts,1042646
2026-07-01T05:07:24.863525,2026-06-30T19:07:26.032975+00:00,72.1,44,ask,EarnestEspressos,CostlyCorianders,1042669
2026-07-01T05:07:26.111039,2026-06-30T19:07:27.280444+00:00,72.3,50,bid,FlawlessFlatbreads,EarnestEspressos,1042695
2026-07-01T05:07:30.723099,2026-06-30T19:07:31.890681+00:00,72.2,48,bid,CostlyCorianders,EarnestEspressos,1042746
2026-07-01T05:07:32.477081,2026-06-30T19:07:33.650373+00:00,72.0,50,ask,EarnestEspressos,FlawlessFlatbreads,1042782
2026-07-01T05:07:32.686962,2026-06-30T19:07:33.859397+00:00,72.3,10,bid,CostlyCorianders,Zijun Feng,1042787
2026-07-01T05:07:32.686962,2026-06-30T19:07:33.859397+00:00,72.4,37,bid,CostlyCorianders,DiligentDonuts,1042788
2026-07-01T05:07:34.366002,2026-06-30T19:07:35.532113+00:00,72.1,10,ask,Zijun Feng,CostlyCorianders,1042803
2026-07-01T05:07:34.366002,2026-06-30T19:07:35.543114+00:00,72.0,37,ask,EarnestEspressos,CostlyCorianders,1042804
2026-07-01T05:07:34.583803,2026-06-30T19:07:35.751182+00:00,72.0,50,ask,EarnestEspressos,FlawlessFlatbreads,1042808
2026-07-01T05:07:34.792403,2026-06-30T19:07:35.959084+00:00,71.9,100,ask,DiligentDonuts,EarnestEspressos,1042810
2026-07-01T05:07:36.457870,2026-06-30T19:07:37.628719+00:00,71.8,10,bid,CostlyCorianders,Zijun Feng,1042834
2026-07-01T05:07:36.457870,2026-06-30T19:07:37.628719+00:00,71.9,31,bid,CostlyCorianders,EarnestEspressos,1042835
2026-07-01T05:07:36.639426,2026-06-30T19:07:37.814801+00:00,71.8,10,bid,FlawlessFlatbreads,Zijun Feng,1042838
2026-07-01T05:07:36.639426,2026-06-30T19:07:37.814801+00:00,71.9,19,bid,FlawlessFlatbreads,EarnestEspressos,1042839
2026-07-01T05:07:36.639426,2026-06-30T19:07:37.814801+00:00,72.0,21,bid,FlawlessFlatbreads,DiligentDonuts,1042840
2026-07-01T05:07:37.902425,2026-06-30T19:07:39.071095+00:00,71.9,10,bid,EarnestEspressos,Zijun Feng,1042856
2026-07-01T05:07:38.800624,2026-06-30T19:07:39.968667+00:00,71.9,50,ask,EarnestEspressos,FlawlessFlatbreads,1042867
2026-07-01T05:07:39.324516,2026-06-30T19:07:40.493704+00:00,71.9,43,ask,EarnestEspressos,CostlyCorianders,1042883
2026-07-01T05:07:40.859459,2026-06-30T19:07:42.029191+00:00,72.0,50,bid,FlawlessFlatbreads,DiligentDonuts,1042899
2026-07-01T05:07:42.846274,2026-06-30T19:07:44.015082+00:00,71.8,10,bid,CostlyCorianders,Zijun Feng,1042934
2026-07-01T05:07:42.846274,2026-06-30T19:07:44.015082+00:00,71.9,35,bid,CostlyCorianders,EarnestEspressos,1042935
2026-07-01T05:07:43.020475,2026-06-30T19:07:44.189433+00:00,71.7,50,ask,DiligentDonuts,FlawlessFlatbreads,1042940
2026-07-01T05:07:45.126626,2026-06-30T19:07:46.293911+00:00,71.8,10,ask,Zijun Feng,FlawlessFlatbreads,1042972
2026-07-01T05:07:45.126626,2026-06-30T19:07:46.304911+00:00,71.7,40,ask,DiligentDonuts,FlawlessFlatbreads,1042973
2026-07-01T05:07:47.235987,2026-06-30T19:07:48.403954+00:00,71.6,50,ask,EarnestEspressos,FlawlessFlatbreads,1043007
2026-07-01T05:07:49.343411,2026-06-30T19:07:50.512285+00:00,71.2,50,ask,EarnestEspressos,FlawlessFlatbreads,1043027
2026-07-01T05:07:51.398958,2026-06-30T19:07:52.569536+00:00,71.5,50,bid,FlawlessFlatbreads,EarnestEspressos,1043068
2026-07-01T05:07:52.289382,2026-06-30T19:07:53.456630+00:00,71.5,46,bid,CostlyCorianders,EarnestEspressos,1043079
2026-07-01T05:07:53.505450,2026-06-30T19:07:54.679695+00:00,71.4,10,bid,FlawlessFlatbreads,Zijun Feng,1043113
2026-07-01T05:07:53.505450,2026-06-30T19:07:54.679695+00:00,71.5,40,bid,FlawlessFlatbreads,EarnestEspressos,1043114
2026-07-01T05:07:53.731686,2026-06-30T19:07:54.898869+00:00,71.6,100,bid,EarnestEspressos,DiligentDonuts,1043117
2026-07-01T05:07:55.500202,2026-06-30T19:07:56.671663+00:00,71.7,10,ask,Zijun Feng,CostlyCorianders,1043131
2026-07-01T05:07:55.500202,2026-06-30T19:07:56.671663+00:00,71.6,32,ask,EarnestEspressos,CostlyCorianders,1043132
2026-07-01T05:07:55.630418,2026-06-30T19:07:56.801907+00:00,72.1,50,bid,FlawlessFlatbreads,EarnestEspressos,1043138
2026-07-01T05:07:56.516406,2026-06-30T19:07:57.687944+00:00,71.7,10,ask,Zijun Feng,CostlyCorianders,1043164
2026-07-01T05:07:56.516406,2026-06-30T19:07:57.687944+00:00,71.6,18,ask,EarnestEspressos,CostlyCorianders,1043165
2026-07-01T05:07:56.516406,2026-06-30T19:07:57.687944+00:00,71.6,14,ask,DiligentDonuts,CostlyCorianders,1043166
2026-07-01T05:07:57.736981,2026-06-30T19:07:58.902130+00:00,71.7,50,bid,FlawlessFlatbreads,EarnestEspressos,1043181
2026-07-01T05:07:59.259015,2026-06-30T19:08:00.425084+00:00,71.6,46,ask,DiligentDonuts,CostlyCorianders,1043197
2026-07-01T05:07:59.898815,2026-06-30T19:08:01.069096+00:00,71.6,50,ask,DiligentDonuts,FlawlessFlatbreads,1043214
2026-07-01T05:08:04.107919,2026-06-30T19:08:05.287580+00:00,71.5,50,ask,EarnestEspressos,FlawlessFlatbreads,1043277
2026-07-01T05:08:06.161854,2026-06-30T19:08:07.332294+00:00,71.7,50,bid,FlawlessFlatbreads,DiligentDonuts,1043313
2026-07-01T05:08:07.967299,2026-06-30T19:08:09.138480+00:00,71.7,47,bid,CostlyCorianders,DiligentDonuts,1043337
2026-07-01T05:08:08.267603,2026-06-30T19:08:09.433199+00:00,71.8,10,bid,FlawlessFlatbreads,Zijun Feng,1043339
2026-07-01T05:08:08.267603,2026-06-30T19:08:09.444209+00:00,71.9,40,bid,FlawlessFlatbreads,EarnestEspressos,1043340
2026-07-01T05:08:08.525156,2026-06-30T19:08:09.705025+00:00,71.9,43,bid,CostlyCorianders,EarnestEspressos,1043341
2026-07-01T05:08:12.477919,2026-06-30T19:08:13.652878+00:00,72.1,50,bid,FlawlessFlatbreads,EarnestEspressos,1043399
2026-07-01T05:08:13.681684,2026-06-30T19:08:14.855203+00:00,71.9,10,ask,Zijun Feng,CostlyCorianders,1043417
2026-07-01T05:08:13.681684,2026-06-30T19:08:14.855203+00:00,71.8,32,ask,EarnestEspressos,CostlyCorianders,1043418
2026-07-01T05:08:14.587274,2026-06-30T19:08:15.752811+00:00,72.1,50,bid,FlawlessFlatbreads,DiligentDonuts,1043449
2026-07-01T05:08:16.445043,2026-06-30T19:08:17.611304+00:00,71.7,10,ask,Zijun Feng,CostlyCorianders,1043473
2026-07-01T05:08:16.445043,2026-06-30T19:08:17.622304+00:00,71.6,30,ask,DiligentDonuts,CostlyCorianders,1043474
2026-07-01T05:08:16.697854,2026-06-30T19:08:17.874288+00:00,72.0,50,bid,FlawlessFlatbreads,EarnestEspressos,1043479
2026-07-01T05:08:18.805562,2026-06-30T19:08:19.975118+00:00,72.0,50,bid,FlawlessFlatbreads,EarnestEspressos,1043515
2026-07-01T05:08:20.271293,2026-06-30T19:08:21.441458+00:00,71.7,46,ask,EarnestEspressos,CostlyCorianders,1043528
2026-07-01T05:08:20.912771,2026-06-30T19:08:22.086044+00:00,71.9,50,bid,FlawlessFlatbreads,DiligentDonuts,1043552
2026-07-01T05:08:23.025107,2026-06-30T19:08:24.195931+00:00,71.9,50,bid,FlawlessFlatbreads,DiligentDonuts,1043579
2026-07-01T05:08:25.131932,2026-06-30T19:08:26.301682+00:00,72.1,50,bid,FlawlessFlatbreads,EarnestEspressos,1043607
2026-07-01T05:08:27.239464,2026-06-30T19:08:28.415571+00:00,72.2,50,bid,FlawlessFlatbreads,DiligentDonuts,1043630
2026-07-01T05:08:29.346163,2026-06-30T19:08:30.516103+00:00,72.1,50,bid,FlawlessFlatbreads,EarnestEspressos,1043678
2026-07-01T05:08:31.454261,2026-06-30T19:08:32.629370+00:00,72.1,50,bid,FlawlessFlatbreads,EarnestEspressos,1043712
2026-07-01T05:08:32.383541,2026-06-30T19:08:33.549875+00:00,72.2,42,ask,EarnestEspressos,CostlyCorianders,1043723
2026-07-01T05:08:33.620242,2026-06-30T19:08:34.788396+00:00,72.2,50,ask,EarnestEspressos,FlawlessFlatbreads,1043741
2026-07-01T05:08:34.622066,2026-06-30T19:08:35.793028+00:00,72.4,49,bid,CostlyCorianders,DiligentDonuts,1043758
2026-07-01T05:08:35.727345,2026-06-30T19:08:36.893076+00:00,72.1,10,ask,Zijun Feng,FlawlessFlatbreads,1043791
2026-07-01T05:08:35.727345,2026-06-30T19:08:36.904076+00:00,72.0,40,ask,EarnestEspressos,FlawlessFlatbreads,1043792
2026-07-01T05:08:36.269663,2026-06-30T19:08:37.438205+00:00,72.1,10,ask,Zijun Feng,CostlyCorianders,1043799
2026-07-01T05:08:36.269663,2026-06-30T19:08:37.438205+00:00,72.0,31,ask,EarnestEspressos,CostlyCorianders,1043800
2026-07-01T05:08:37.835978,2026-06-30T19:08:39.012324+00:00,72.1,10,ask,Zijun Feng,FlawlessFlatbreads,1043816
2026-07-01T05:08:37.835978,2026-06-30T19:08:39.012324+00:00,72.0,40,ask,EarnestEspressos,FlawlessFlatbreads,1043817
2026-07-01T05:08:38.066825,2026-06-30T19:08:39.241405+00:00,72.0,100,ask,DiligentDonuts,EarnestEspressos,1043819
2026-07-01T05:08:39.892491,2026-06-30T19:08:41.058426+00:00,71.8,50,bid,FlawlessFlatbreads,EarnestEspressos,1043847
2026-07-01T05:08:41.027581,2026-06-30T19:08:42.198773+00:00,72.1,44,bid,CostlyCorianders,DiligentDonuts,1043861
2026-07-01T05:08:41.998334,2026-06-30T19:08:43.168755+00:00,72.1,50,bid,FlawlessFlatbreads,DiligentDonuts,1043887
2026-07-01T05:08:44.131207,2026-06-30T19:08:45.304958+00:00,72.3,50,bid,FlawlessFlatbreads,EarnestEspressos,1043901
2026-07-01T05:08:46.237507,2026-06-30T19:08:47.404061+00:00,72.6,50,bid,FlawlessFlatbreads,EarnestEspressos,1043936
2026-07-01T05:08:47.979502,2026-06-30T19:08:49.146190+00:00,72.4,10,ask,Zijun Feng,Chester Au,1043959
2026-07-01T05:08:48.112297,2026-06-30T19:08:49.289241+00:00,72.3,150,ask,EarnestEspressos,Chester Au,1043968
2026-07-01T05:08:48.394768,2026-06-30T19:08:49.562330+00:00,72.1,50,ask,DiligentDonuts,FlawlessFlatbreads,1043971
2026-07-01T05:08:48.809438,2026-06-30T19:08:49.977521+00:00,72.2,10,ask,Zijun Feng,CostlyCorianders,1043977
2026-07-01T05:08:48.809438,2026-06-30T19:08:49.977521+00:00,72.1,38,ask,DiligentDonuts,CostlyCorianders,1043978
2026-07-01T05:08:49.357370,2026-06-30T19:08:50.524765+00:00,72.2,10,ask,Zijun Feng,DiligentDonuts,1043987
2026-07-01T05:08:52.052671,2026-06-30T19:08:53.227816+00:00,72.1,90,bid,Chester Au,DiligentDonuts,1044024
2026-07-01T05:08:52.556312,2026-06-30T19:08:53.730298+00:00,72.3,50,bid,FlawlessFlatbreads,EarnestEspressos,1044039
2026-07-01T05:08:53.487859,2026-06-30T19:08:54.662091+00:00,72.3,10,bid,Zijun Feng,EarnestEspressos,1044060
2026-07-01T05:08:54.113211,2026-06-30T19:08:55.285251+00:00,72.7,41,bid,CostlyCorianders,DiligentDonuts,1044067
2026-07-01T05:08:54.719640,2026-06-30T19:08:55.886705+00:00,72.2,50,ask,DiligentDonuts,FlawlessFlatbreads,1044070
2026-07-01T05:08:55.793471,2026-06-30T19:08:56.959914+00:00,72.2,46,ask,EarnestEspressos,CostlyCorianders,1044083
2026-07-01T05:08:56.255370,2026-06-30T19:08:57.429186+00:00,72.6,48,bid,CostlyCorianders,DiligentDonuts,1044094
2026-07-01T05:08:56.844579,2026-06-30T19:08:58.018392+00:00,72.2,50,ask,EarnestEspressos,FlawlessFlatbreads,1044102
2026-07-01T05:08:57.790342,2026-06-30T19:08:58.958597+00:00,72.2,44,bid,CostlyCorianders,EarnestEspressos,1044108
2026-07-01T05:08:58.951189,2026-06-30T19:09:00.116706+00:00,72.0,50,ask,DiligentDonuts,FlawlessFlatbreads,1044135
2026-07-01T05:09:01.008497,2026-06-30T19:09:02.185311+00:00,72.4,50,bid,FlawlessFlatbreads,EarnestEspressos,1044172
2026-07-01T05:09:03.113920,2026-06-30T19:09:04.290463+00:00,72.4,50,bid,FlawlessFlatbreads,EarnestEspressos,1044201
2026-07-01T05:09:03.810006,2026-06-30T19:09:04.986221+00:00,72.3,48,ask,EarnestEspressos,CostlyCorianders,1044204
2026-07-01T05:09:04.333368,2026-06-30T19:09:05.512159+00:00,72.3,48,ask,EarnestEspressos,CostlyCorianders,1044214
2026-07-01T05:09:05.224033,2026-06-30T19:09:06.398900+00:00,72.5,50,bid,FlawlessFlatbreads,DiligentDonuts,1044226
2026-07-01T05:09:07.384368,2026-06-30T19:09:08.555702+00:00,72.0,50,ask,DiligentDonuts,FlawlessFlatbreads,1044256
2026-07-01T05:09:09.492197,2026-06-30T19:09:10.659915+00:00,72.0,50,ask,DiligentDonuts,FlawlessFlatbreads,1044281
2026-07-01T05:09:11.602804,2026-06-30T19:09:12.771866+00:00,71.9,50,ask,EarnestEspressos,FlawlessFlatbreads,1044326
2026-07-01T05:09:13.659849,2026-06-30T19:09:14.834966+00:00,72.1,50,bid,FlawlessFlatbreads,EarnestEspressos,1044376
2026-07-01T05:09:13.728377,2026-06-30T19:09:14.900483+00:00,72.1,42,bid,CostlyCorianders,EarnestEspressos,1044379
2026-07-01T05:09:14.333409,2026-06-30T19:09:15.500555+00:00,72.1,58,bid,Chester Au,EarnestEspressos,1044389
2026-07-01T05:09:15.820449,2026-06-30T19:09:16.993239+00:00,71.8,50,ask,DiligentDonuts,FlawlessFlatbreads,1044410
2026-07-01T05:09:15.852823,2026-06-30T19:09:17.026237+00:00,72.3,40,bid,CostlyCorianders,DiligentDonuts,1044411
2026-07-01T05:09:16.416577,2026-06-30T19:09:17.588859+00:00,72.3,45,bid,CostlyCorianders,DiligentDonuts,1044418
2026-07-01T05:09:17.928790,2026-06-30T19:09:19.099325+00:00,72.2,50,ask,EarnestEspressos,FlawlessFlatbreads,1044435
2026-07-01T05:09:19.851750,2026-06-30T19:09:21.029739+00:00,71.9,47,ask,DiligentDonuts,CostlyCorianders,1044474
2026-07-01T05:09:20.036246,2026-06-30T19:09:21.203888+00:00,71.9,50,ask,DiligentDonuts,FlawlessFlatbreads,1044479
2026-07-01T05:09:22.035976,2026-06-30T19:09:23.204412+00:00,72.0,49,bid,CostlyCorianders,DiligentDonuts,1044509
2026-07-01T05:09:22.143861,2026-06-30T19:09:23.313451+00:00,71.9,50,ask,EarnestEspressos,FlawlessFlatbreads,1044510
2026-07-01T05:09:22.212917,2026-06-30T19:09:23.379449+00:00,72.0,12,bid,Chester Au,DiligentDonuts,1044511
2026-07-01T05:09:22.602637,2026-06-30T19:09:23.772865+00:00,71.9,48,ask,EarnestEspressos,CostlyCorianders,1044518
2026-07-01T05:09:24.251518,2026-06-30T19:09:25.424314+00:00,71.9,50,ask,EarnestEspressos,FlawlessFlatbreads,1044541
2026-07-01T05:09:26.358981,2026-06-30T19:09:27.534751+00:00,71.8,50,ask,DiligentDonuts,FlawlessFlatbreads,1044566
2026-07-01T05:09:28.465733,2026-06-30T19:09:29.638776+00:00,71.4,50,ask,EarnestEspressos,FlawlessFlatbreads,1044602
2026-07-01T05:09:30.572458,2026-06-30T19:09:31.742611+00:00,71.4,50,ask,DiligentDonuts,FlawlessFlatbreads,1044631
2026-07-01T05:09:32.628554,2026-06-30T19:09:33.801198+00:00,71.8,50,bid,FlawlessFlatbreads,EarnestEspressos,1044664
2026-07-01T05:09:34.241122,2026-06-30T19:09:35.411241+00:00,71.8,45,bid,CostlyCorianders,EarnestEspressos,1044687
2026-07-01T05:09:34.785722,2026-06-30T19:09:35.957952+00:00,71.6,50,ask,DiligentDonuts,FlawlessFlatbreads,1044696
2026-07-01T05:09:36.837862,2026-06-30T19:09:38.012548+00:00,71.8,100,ask,EarnestEspressos,DiligentDonuts,1044722
2026-07-01T05:09:36.893079,2026-06-30T19:09:38.067578+00:00,71.8,50,ask,EarnestEspressos,FlawlessFlatbreads,1044723
2026-07-01T05:09:37.291308,2026-06-30T19:09:38.460906+00:00,71.3,47,ask,DiligentDonuts,CostlyCorianders,1044724
2026-07-01T05:09:38.419582,2026-06-30T19:09:39.593041+00:00,71.6,48,bid,CostlyCorianders,EarnestEspressos,1044743
2026-07-01T05:09:39.002321,2026-06-30T19:09:40.173050+00:00,71.3,50,ask,DiligentDonuts,FlawlessFlatbreads,1044753
2026-07-01T05:09:41.114207,2026-06-30T19:09:42.286390+00:00,71.5,50,ask,DiligentDonuts,FlawlessFlatbreads,1044792
2026-07-01T05:09:42.672674,2026-06-30T19:09:43.839977+00:00,71.5,47,ask,DiligentDonuts,CostlyCorianders,1044811
2026-07-01T05:09:44.233249,2026-06-30T19:09:45.402793+00:00,71.7,41,bid,CostlyCorianders,DiligentDonuts,1044831
2026-07-01T05:09:45.204679,2026-06-30T19:09:46.371579+00:00,71.7,48,bid,CostlyCorianders,DiligentDonuts,1044848
2026-07-01T05:09:47.433982,2026-06-30T19:09:48.606312+00:00,71.4,50,ask,EarnestEspressos,FlawlessFlatbreads,1044884
2026-07-01T05:09:47.562905,2026-06-30T19:09:48.737194+00:00,71.2,41,ask,DiligentDonuts,CostlyCorianders,1044887
2026-07-01T05:09:51.663775,2026-06-30T19:09:52.830544+00:00,71.3,50,ask,DiligentDonuts,FlawlessFlatbreads,1044961
2026-07-01T05:09:52.001031,2026-06-30T19:09:53.167843+00:00,71.7,45,bid,CostlyCorianders,EarnestEspressos,1044964
2026-07-01T05:09:52.633298,2026-06-30T19:09:53.803307+00:00,71.2,43,ask,EarnestEspressos,CostlyCorianders,1044979
2026-07-01T05:09:55.839731,2026-06-30T19:09:57.007046+00:00,71.5,50,bid,FlawlessFlatbreads,DiligentDonuts,1045024
2026-07-01T05:09:57.948579,2026-06-30T19:09:59.121996+00:00,71.4,50,bid,FlawlessFlatbreads,EarnestEspressos,1045051
2026-07-01T05:10:00.054384,2026-06-30T19:10:01.226253+00:00,71.4,50,bid,FlawlessFlatbreads,EarnestEspressos,1045087
2026-07-01T05:10:00.559153,2026-06-30T19:10:01.730820+00:00,71.6,42,bid,CostlyCorianders,DiligentDonuts,1045096
2026-07-01T05:10:02.211688,2026-06-30T19:10:03.386011+00:00,71.5,50,ask,EarnestEspressos,FlawlessFlatbreads,1045135
2026-07-01T05:10:02.738636,2026-06-30T19:10:03.914072+00:00,71.5,42,ask,EarnestEspressos,CostlyCorianders,1045157
2026-07-01T05:10:03.796132,2026-06-30T19:10:04.966951+00:00,71.6,48,bid,CostlyCorianders,EarnestEspressos,1045174
2026-07-01T05:10:05.343266,2026-06-30T19:10:06.516354+00:00,71.6,43,bid,CostlyCorianders,EarnestEspressos,1045193
2026-07-01T05:10:06.370876,2026-06-30T19:10:07.541722+00:00,71.6,50,bid,FlawlessFlatbreads,EarnestEspressos,1045216
2026-07-01T05:10:07.677685,2026-06-30T19:10:08.843689+00:00,71.8,40,ask,EarnestEspressos,CostlyCorianders,1045233
2026-07-01T05:10:08.478686,2026-06-30T19:10:09.650460+00:00,71.9,50,bid,FlawlessFlatbreads,DiligentDonuts,1045242
2026-07-01T05:10:10.072997,2026-06-30T19:10:11.238522+00:00,71.8,49,ask,EarnestEspressos,CostlyCorianders,1045276
2026-07-01T05:10:10.638576,2026-06-30T19:10:11.807596+00:00,71.8,50,ask,EarnestEspressos,FlawlessFlatbreads,1045285
2026-07-01T05:10:10.678499,2026-06-30T19:10:11.851667+00:00,71.8,42,ask,EarnestEspressos,CostlyCorianders,1045286
2026-07-01T05:10:11.695850,2026-06-30T19:10:12.869099+00:00,72.3,48,bid,CostlyCorianders,EarnestEspressos,1045298
2026-07-01T05:10:13.711732,2026-06-30T19:10:14.880450+00:00,71.8,40,ask,DiligentDonuts,CostlyCorianders,1045335
2026-07-01T05:10:14.849540,2026-06-30T19:10:16.017933+00:00,71.6,50,ask,DiligentDonuts,FlawlessFlatbreads,1045351
2026-07-01T05:10:16.956311,2026-06-30T19:10:18.127067+00:00,71.6,50,ask,DiligentDonuts,FlawlessFlatbreads,1045393
2026-07-01T05:10:19.065120,2026-06-30T19:10:20.239800+00:00,71.3,50,ask,EarnestEspressos,FlawlessFlatbreads,1045419
2026-07-01T05:10:21.174170,2026-06-30T19:10:22.349288+00:00,71.5,50,ask,DiligentDonuts,FlawlessFlatbreads,1045447
2026-07-01T05:10:23.281879,2026-06-30T19:10:24.447626+00:00,71.5,50,ask,DiligentDonuts,FlawlessFlatbreads,1045480
2026-07-01T05:10:23.767992,2026-06-30T19:10:24.938688+00:00,71.7,40,bid,CostlyCorianders,EarnestEspressos,1045490
2026-07-01T05:10:25.389460,2026-06-30T19:10:26.556291+00:00,71.2,50,ask,EarnestEspressos,FlawlessFlatbreads,1045516
2026-07-01T05:10:28.632619,2026-06-30T19:10:29.805183+00:00,71.5,46,bid,CostlyCorianders,EarnestEspressos,1045568
2026-07-01T05:10:29.257553,2026-06-30T19:10:30.429871+00:00,71.7,41,bid,CostlyCorianders,DiligentDonuts,1045581
2026-07-01T05:10:29.548440,2026-06-30T19:10:30.724720+00:00,71.7,50,bid,FlawlessFlatbreads,DiligentDonuts,1045590
2026-07-01T05:10:29.820456,2026-06-30T19:10:30.987543+00:00,71.4,48,ask,EarnestEspressos,CostlyCorianders,1045596
2026-07-01T05:10:30.847817,2026-06-30T19:10:32.019073+00:00,71.4,40,ask,EarnestEspressos,CostlyCorianders,1045606
2026-07-01T05:10:31.705695,2026-06-30T19:10:32.871144+00:00,71.4,50,ask,EarnestEspressos,FlawlessFlatbreads,1045617
2026-07-01T05:10:31.995956,2026-06-30T19:10:33.166188+00:00,71.2,100,ask,DiligentDonuts,EarnestEspressos,1045622
2026-07-01T05:10:33.784880,2026-06-30T19:10:34.951455+00:00,71.2,50,bid,FlawlessFlatbreads,EarnestEspressos,1045647
2026-07-01T05:10:34.031416,2026-06-30T19:10:35.200653+00:00,71.5,41,bid,CostlyCorianders,DiligentDonuts,1045649
2026-07-01T05:10:35.591907,2026-06-30T19:10:36.762977+00:00,71.3,43,ask,EarnestEspressos,CostlyCorianders,1045669
2026-07-01T05:10:35.896727,2026-06-30T19:10:37.065784+00:00,71.5,50,bid,FlawlessFlatbreads,DiligentDonuts,1045682
2026-07-01T05:10:36.097749,2026-06-30T19:10:37.273348+00:00,71.5,9,bid,CostlyCorianders,DiligentDonuts,1045688
2026-07-01T05:10:36.097749,2026-06-30T19:10:37.273348+00:00,71.8,31,bid,CostlyCorianders,EarnestEspressos,1045689
2026-07-01T05:10:38.007625,2026-06-30T19:10:39.184470+00:00,71.8,50,bid,FlawlessFlatbreads,EarnestEspressos,1045703
2026-07-01T05:10:38.220377,2026-06-30T19:10:39.392496+00:00,71.5,48,ask,DiligentDonuts,CostlyCorianders,1045710
2026-07-01T05:10:39.272514,2026-06-30T19:10:40.443633+00:00,72.0,41,bid,CostlyCorianders,DiligentDonuts,1045724
2026-07-01T05:10:40.166170,2026-06-30T19:10:41.338742+00:00,71.7,50,ask,EarnestEspressos,FlawlessFlatbreads,1045744
2026-07-01T05:10:40.721687,2026-06-30T19:10:41.895805+00:00,71.7,40,ask,EarnestEspressos,CostlyCorianders,1045763
2026-07-01T05:10:41.269631,2026-06-30T19:10:42.443877+00:00,71.8,44,bid,CostlyCorianders,DiligentDonuts,1045770
2026-07-01T05:10:42.221962,2026-06-30T19:10:43.393975+00:00,71.7,50,bid,FlawlessFlatbreads,EarnestEspressos,1045782
2026-07-01T05:10:44.327075,2026-06-30T19:10:45.501968+00:00,71.7,50,bid,FlawlessFlatbreads,EarnestEspressos,1045806
2026-07-01T05:10:44.442572,2026-06-30T19:10:45.610152+00:00,71.6,41,ask,DiligentDonuts,CostlyCorianders,1045807
2026-07-01T05:10:46.065430,2026-06-30T19:10:47.239467+00:00,72.1,42,bid,CostlyCorianders,DiligentDonuts,1045821
2026-07-01T05:10:46.120744,2026-06-30T19:10:47.294030+00:00,71.8,43,ask,EarnestEspressos,CostlyCorianders,1045822
2026-07-01T05:10:46.433055,2026-06-30T19:10:47.602105+00:00,72.3,50,bid,FlawlessFlatbreads,EarnestEspressos,1045824
2026-07-01T05:10:46.609245,2026-06-30T19:10:47.777535+00:00,71.8,46,ask,EarnestEspressos,CostlyCorianders,1045828
2026-07-01T05:10:48.553167,2026-06-30T19:10:49.725480+00:00,71.8,50,bid,FlawlessFlatbreads,EarnestEspressos,1045846
2026-07-01T05:10:49.088861,2026-06-30T19:10:50.262840+00:00,71.8,48,bid,CostlyCorianders,EarnestEspressos,1045853
2026-07-01T05:10:50.659524,2026-06-30T19:10:51.830486+00:00,71.8,50,bid,FlawlessFlatbreads,EarnestEspressos,1045870
2026-07-01T05:10:50.939218,2026-06-30T19:10:52.105081+00:00,71.9,100,bid,EarnestEspressos,DiligentDonuts,1045872
2026-07-01T05:10:52.764775,2026-06-30T19:10:53.935581+00:00,72.2,50,bid,FlawlessFlatbreads,DiligentDonuts,1045902
2026-07-01T05:10:54.874058,2026-06-30T19:10:56.045993+00:00,72.1,50,bid,FlawlessFlatbreads,EarnestEspressos,1045938
2026-07-01T05:10:56.559139,2026-06-30T19:10:57.725039+00:00,71.9,43,ask,DiligentDonuts,CostlyCorianders,1045965
2026-07-01T05:10:57.033072,2026-06-30T19:10:58.205877+00:00,71.9,50,ask,DiligentDonuts,FlawlessFlatbreads,1045972
2026-07-01T05:10:59.140000,2026-06-30T19:11:00.305712+00:00,71.9,50,ask,EarnestEspressos,FlawlessFlatbreads,1046010
2026-07-01T05:11:01.247910,2026-06-30T19:11:02.422022+00:00,71.6,50,ask,DiligentDonuts,FlawlessFlatbreads,1046031
2026-07-01T05:11:03.045603,2026-06-30T19:11:04.216938+00:00,72.1,41,bid,CostlyCorianders,EarnestEspressos,1046059
2026-07-01T05:11:03.353381,2026-06-30T19:11:04.522989+00:00,71.6,50,ask,EarnestEspressos,FlawlessFlatbreads,1046064
2026-07-01T05:11:03.602582,2026-06-30T19:11:04.776148+00:00,72.1,49,bid,CostlyCorianders,DiligentDonuts,1046070
2026-07-01T05:11:05.460416,2026-06-30T19:11:06.626234+00:00,71.7,50,ask,EarnestEspressos,FlawlessFlatbreads,1046092
2026-07-01T05:11:07.514830,2026-06-30T19:11:08.681298+00:00,71.9,50,bid,FlawlessFlatbreads,EarnestEspressos,1046120
2026-07-01T05:11:07.797647,2026-06-30T19:11:08.966132+00:00,71.7,43,ask,DiligentDonuts,CostlyCorianders,1046124
2026-07-01T05:11:08.379990,2026-06-30T19:11:09.555247+00:00,71.7,43,ask,DiligentDonuts,CostlyCorianders,1046134
2026-07-01T05:11:09.622266,2026-06-30T19:11:10.792397+00:00,71.6,50,bid,FlawlessFlatbreads,DiligentDonuts,1046157
2026-07-01T05:11:11.730839,2026-06-30T19:11:12.905183+00:00,72.0,50,bid,FlawlessFlatbreads,EarnestEspressos,1046186
2026-07-01T05:11:11.879110,2026-06-30T19:11:13.045369+00:00,72.0,40,bid,CostlyCorianders,EarnestEspressos,1046188
2026-07-01T05:11:12.415248,2026-06-30T19:11:13.581264+00:00,72.0,42,bid,CostlyCorianders,EarnestEspressos,1046200
2026-07-01T05:11:12.988206,2026-06-30T19:11:14.159982+00:00,71.5,45,ask,EarnestEspressos,CostlyCorianders,1046210
2026-07-01T05:11:13.838821,2026-06-30T19:11:15.010016+00:00,72.0,50,bid,FlawlessFlatbreads,DiligentDonuts,1046220
2026-07-01T05:11:14.389399,2026-06-30T19:11:15.558632+00:00,71.8,45,ask,EarnestEspressos,CostlyCorianders,1046228
2026-07-01T05:11:15.944586,2026-06-30T19:11:17.113192+00:00,72.3,50,bid,FlawlessFlatbreads,EarnestEspressos,1046254
2026-07-01T05:11:16.992625,2026-06-30T19:11:18.217764+00:00,72.3,45,bid,CostlyCorianders,DiligentDonuts,1046267
2026-07-01T05:11:18.052558,2026-06-30T19:11:19.223448+00:00,72.5,50,bid,FlawlessFlatbreads,EarnestEspressos,1046284
2026-07-01T05:11:18.659119,2026-06-30T19:11:19.826415+00:00,72.0,48,ask,EarnestEspressos,CostlyCorianders,1046292
2026-07-01T05:11:19.835680,2026-06-30T19:11:21.008047+00:00,72.3,44,bid,CostlyCorianders,DiligentDonuts,1046312
2026-07-01T05:11:19.888607,2026-06-30T19:11:21.061771+00:00,72.0,48,ask,EarnestEspressos,CostlyCorianders,1046313
2026-07-01T05:11:20.159287,2026-06-30T19:11:21.334710+00:00,72.3,50,bid,FlawlessFlatbreads,DiligentDonuts,1046320
2026-07-01T05:11:20.468592,2026-06-30T19:11:21.641111+00:00,72.0,47,ask,EarnestEspressos,CostlyCorianders,1046328
2026-07-01T05:11:22.265886,2026-06-30T19:11:23.434749+00:00,72.5,50,bid,FlawlessFlatbreads,EarnestEspressos,1046342
2026-07-01T05:11:23.215860,2026-06-30T19:11:24.385742+00:00,72.3,46,bid,CostlyCorianders,EarnestEspressos,1046358
2026-07-01T05:11:24.372946,2026-06-30T19:11:25.546233+00:00,72.3,50,bid,FlawlessFlatbreads,EarnestEspressos,1046370
2026-07-01T05:11:25.279489,2026-06-30T19:11:26.453806+00:00,72.3,44,bid,CostlyCorianders,EarnestEspressos,1046380
2026-07-01T05:11:26.481846,2026-06-30T19:11:27.658009+00:00,72.4,50,bid,FlawlessFlatbreads,DiligentDonuts,1046401
2026-07-01T05:11:28.651056,2026-06-30T19:11:29.827282+00:00,72.2,50,ask,DiligentDonuts,FlawlessFlatbreads,1046429
2026-07-01T05:11:30.084160,2026-06-30T19:11:31.258468+00:00,72.3,42,ask,EarnestEspressos,CostlyCorianders,1046450
2026-07-01T05:11:30.781801,2026-06-30T19:11:31.950069+00:00,72.3,50,ask,EarnestEspressos,FlawlessFlatbreads,1046457
2026-07-01T05:11:31.299114,2026-06-30T19:11:32.465105+00:00,72.3,46,ask,EarnestEspressos,CostlyCorianders,1046462
2026-07-01T05:11:32.902967,2026-06-30T19:11:34.070306+00:00,72.1,50,ask,DiligentDonuts,FlawlessFlatbreads,1046484
2026-07-01T05:11:35.028502,2026-06-30T19:11:36.200558+00:00,71.9,50,ask,DiligentDonuts,FlawlessFlatbreads,1046522
2026-07-01T05:11:37.136198,2026-06-30T19:11:38.310456+00:00,72.1,50,ask,DiligentDonuts,FlawlessFlatbreads,1046557
2026-07-01T05:11:37.722196,2026-06-30T19:11:38.890969+00:00,72.4,44,bid,CostlyCorianders,EarnestEspressos,1046563
2026-07-01T05:11:39.244279,2026-06-30T19:11:40.410096+00:00,72.2,50,ask,EarnestEspressos,FlawlessFlatbreads,1046581
2026-07-01T05:11:41.349849,2026-06-30T19:11:42.527348+00:00,72.2,50,ask,EarnestEspressos,FlawlessFlatbreads,1046621
2026-07-01T05:11:41.548840,2026-06-30T19:11:42.723921+00:00,72.4,45,bid,CostlyCorianders,DiligentDonuts,1046622
2026-07-01T05:11:42.100387,2026-06-30T19:11:43.271486+00:00,72.3,43,bid,CostlyCorianders,EarnestEspressos,1046629
2026-07-01T05:11:43.460385,2026-06-30T19:11:44.634634+00:00,72.1,50,ask,DiligentDonuts,FlawlessFlatbreads,1046658
2026-07-01T05:11:47.618407,2026-06-30T19:11:48.787147+00:00,72.4,50,bid,FlawlessFlatbreads,DiligentDonuts,1046723
2026-07-01T05:11:48.208483,2026-06-30T19:11:49.377697+00:00,71.9,43,ask,DiligentDonuts,CostlyCorianders,1046733
2026-07-01T05:11:48.733145,2026-06-30T19:11:49.900926+00:00,71.9,42,ask,DiligentDonuts,CostlyCorianders,1046737
2026-07-01T05:11:49.725320,2026-06-30T19:11:50.893397+00:00,72.1,50,bid,FlawlessFlatbreads,DiligentDonuts,1046754
2026-07-01T05:11:50.485332,2026-06-30T19:11:51.663377+00:00,72.1,44,bid,CostlyCorianders,DiligentDonuts,1046774
2026-07-01T05:11:51.832282,2026-06-30T19:11:53.008219+00:00,72.1,6,bid,FlawlessFlatbreads,DiligentDonuts,1046788
2026-07-01T05:11:51.832282,2026-06-30T19:11:53.008219+00:00,72.5,44,bid,FlawlessFlatbreads,EarnestEspressos,1046789
2026-07-01T05:11:51.991329,2026-06-30T19:11:53.162372+00:00,72.0,43,ask,EarnestEspressos,CostlyCorianders,1046792
2026-07-01T05:11:53.941914,2026-06-30T19:11:55.108844+00:00,72.5,50,bid,FlawlessFlatbreads,EarnestEspressos,1046823
2026-07-01T05:11:56.100883,2026-06-30T19:11:57.274275+00:00,72.2,50,ask,EarnestEspressos,FlawlessFlatbreads,1046853
2026-07-01T05:11:57.246081,2026-06-30T19:11:58.421701+00:00,72.6,45,bid,CostlyCorianders,DiligentDonuts,1046869
2026-07-01T05:11:59.316725,2026-06-30T19:12:00.486965+00:00,72.1,43,ask,DiligentDonuts,CostlyCorianders,1046899
2026-07-01T05:11:59.852596,2026-06-30T19:12:01.024064+00:00,72.5,47,bid,CostlyCorianders,EarnestEspressos,1046907
2026-07-01T05:12:00.260637,2026-06-30T19:12:01.428106+00:00,72.5,50,bid,FlawlessFlatbreads,EarnestEspressos,1046908
2026-07-01T05:12:02.366866,2026-06-30T19:12:03.533974+00:00,72.8,50,bid,FlawlessFlatbreads,EarnestEspressos,1046949
2026-07-01T05:12:03.602174,2026-06-30T19:12:04.769664+00:00,72.4,100,bid,EarnestEspressos,DiligentDonuts,1046960
2026-07-01T05:12:04.473726,2026-06-30T19:12:05.645232+00:00,72.9,50,bid,FlawlessFlatbreads,EarnestEspressos,1046982
2026-07-01T05:12:06.592221,2026-06-30T19:12:07.767410+00:00,72.7,50,bid,FlawlessFlatbreads,DiligentDonuts,1047006
2026-07-01T05:12:07.793471,2026-06-30T19:12:08.960339+00:00,72.2,42,ask,DiligentDonuts,CostlyCorianders,1047019
2026-07-01T05:12:08.700749,2026-06-30T19:12:09.877167+00:00,72.6,50,bid,FlawlessFlatbreads,EarnestEspressos,1047037
2026-07-01T05:12:08.864879,2026-06-30T19:12:10.040512+00:00,72.2,49,ask,DiligentDonuts,CostlyCorianders,1047039
2026-07-01T05:12:10.808231,2026-06-30T19:12:11.977021+00:00,72.7,50,bid,FlawlessFlatbreads,DiligentDonuts,1047069
2026-07-01T05:12:11.008497,2026-06-30T19:12:12.174138+00:00,72.7,47,bid,CostlyCorianders,DiligentDonuts,1047073
2026-07-01T05:12:12.914691,2026-06-30T19:12:14.106311+00:00,72.6,50,bid,FlawlessFlatbreads,DiligentDonuts,1047103
2026-07-01T05:12:15.123344,2026-06-30T19:12:16.292552+00:00,72.1,48,ask,EarnestEspressos,CostlyCorianders,1047129
2026-07-01T05:12:15.628942,2026-06-30T19:12:16.795050+00:00,72.6,42,bid,CostlyCorianders,EarnestEspressos,1047140
2026-07-01T05:12:16.133955,2026-06-30T19:12:17.307829+00:00,72.1,44,ask,EarnestEspressos,CostlyCorianders,1047145
2026-07-01T05:12:16.665644,2026-06-30T19:12:17.833348+00:00,72.2,43,bid,CostlyCorianders,EarnestEspressos,1047150
2026-07-01T05:12:17.189023,2026-06-30T19:12:18.357813+00:00,72.1,50,ask,DiligentDonuts,FlawlessFlatbreads,1047160
2026-07-01T05:12:17.236011,2026-06-30T19:12:18.401823+00:00,72.2,42,bid,CostlyCorianders,EarnestEspressos,1047161
2026-07-01T05:12:19.295635,2026-06-30T19:12:20.471070+00:00,71.9,50,ask,DiligentDonuts,FlawlessFlatbreads,1047197
2026-07-01T05:12:21.134825,2026-06-30T19:12:22.310680+00:00,72.0,46,ask,EarnestEspressos,CostlyCorianders,1047221
2026-07-01T05:12:21.403016,2026-06-30T19:12:22.573882+00:00,72.0,50,ask,EarnestEspressos,FlawlessFlatbreads,1047228
2026-07-01T05:12:22.366867,2026-06-30T19:12:23.538002+00:00,72.1,40,bid,CostlyCorianders,DiligentDonuts,1047251
2026-07-01T05:12:23.520804,2026-06-30T19:12:24.688606+00:00,71.6,50,ask,DiligentDonuts,FlawlessFlatbreads,1047263
2026-07-01T05:12:25.632625,2026-06-30T19:12:26.802862+00:00,71.7,50,ask,DiligentDonuts,FlawlessFlatbreads,1047296
2026-07-01T05:12:27.739277,2026-06-30T19:12:28.905656+00:00,71.9,50,ask,EarnestEspressos,FlawlessFlatbreads,1047322
2026-07-01T05:12:29.845284,2026-06-30T19:12:31.021061+00:00,71.8,50,ask,DiligentDonuts,FlawlessFlatbreads,1047366
2026-07-01T05:12:33.072788,2026-06-30T19:12:34.238814+00:00,71.5,46,ask,DiligentDonuts,CostlyCorianders,1047426
2026-07-01T05:12:34.009645,2026-06-30T19:12:35.178396+00:00,72.0,50,bid,FlawlessFlatbreads,EarnestEspressos,1047442
2026-07-01T05:12:35.232810,2026-06-30T19:12:36.399670+00:00,71.8,100,bid,EarnestEspressos,DiligentDonuts,1047457
2026-07-01T05:12:36.115666,2026-06-30T19:12:37.285166+00:00,72.4,50,bid,FlawlessFlatbreads,EarnestEspressos,1047487
2026-07-01T05:12:38.223117,2026-06-30T19:12:39.394431+00:00,72.0,50,bid,FlawlessFlatbreads,DiligentDonuts,1047518
2026-07-01T05:12:38.613642,2026-06-30T19:12:39.789367+00:00,71.8,42,bid,CostlyCorianders,EarnestEspressos,1047523
2026-07-01T05:12:40.102848,2026-06-30T19:12:41.273173+00:00,71.8,48,bid,CostlyCorianders,EarnestEspressos,1047554
2026-07-01T05:12:40.380505,2026-06-30T19:12:41.547208+00:00,71.6,50,ask,DiligentDonuts,FlawlessFlatbreads,1047563
2026-07-01T05:12:42.485949,2026-06-30T19:12:43.662689+00:00,71.7,50,ask,EarnestEspressos,FlawlessFlatbreads,1047587
2026-07-01T05:12:44.595053,2026-06-30T19:12:45.762225+00:00,71.7,50,ask,EarnestEspressos,FlawlessFlatbreads,1047620
2026-07-01T05:12:45.070626,2026-06-30T19:12:46.244280+00:00,71.5,44,ask,DiligentDonuts,CostlyCorianders,1047623
2026-07-01T05:12:45.531506,2026-06-30T19:12:46.705334+00:00,71.9,48,bid,CostlyCorianders,EarnestEspressos,1047633
2026-07-01T05:12:46.651555,2026-06-30T19:12:47.820485+00:00,71.9,50,bid,FlawlessFlatbreads,EarnestEspressos,1047661
2026-07-01T05:12:47.002709,2026-06-30T19:12:48.168756+00:00,71.4,49,ask,EarnestEspressos,CostlyCorianders,1047666
2026-07-01T05:12:48.758417,2026-06-30T19:12:49.927297+00:00,71.7,50,bid,FlawlessFlatbreads,DiligentDonuts,1047685
2026-07-01T05:12:50.541808,2026-06-30T19:12:51.714961+00:00,71.6,48,ask,EarnestEspressos,CostlyCorianders,1047716
2026-07-01T05:12:50.864836,2026-06-30T19:12:52.042007+00:00,72.1,50,bid,FlawlessFlatbreads,EarnestEspressos,1047721
2026-07-01T05:12:51.103184,2026-06-30T19:12:52.273033+00:00,72.1,45,bid,CostlyCorianders,DiligentDonuts,1047722
2026-07-01T05:12:53.021514,2026-06-30T19:12:54.234938+00:00,71.6,50,ask,EarnestEspressos,FlawlessFlatbreads,1047760
2026-07-01T05:12:54.783130,2026-06-30T19:12:55.957896+00:00,71.6,47,ask,DiligentDonuts,CostlyCorianders,1047787
2026-07-01T05:12:55.128611,2026-06-30T19:12:56.304993+00:00,71.6,50,ask,DiligentDonuts,FlawlessFlatbreads,1047794
2026-07-01T05:12:57.234114,2026-06-30T19:12:58.400372+00:00,71.2,50,ask,EarnestEspressos,FlawlessFlatbreads,1047831
2026-07-01T05:12:59.339511,2026-06-30T19:13:00.510442+00:00,71.2,50,ask,DiligentDonuts,FlawlessFlatbreads,1047856
2026-07-01T05:13:03.499398,2026-06-30T19:13:04.670461+00:00,71.3,50,bid,FlawlessFlatbreads,DiligentDonuts,1047905
2026-07-01T05:13:05.605455,2026-06-30T19:13:06.771931+00:00,71.5,50,bid,FlawlessFlatbreads,EarnestEspressos,1047940
2026-07-01T05:13:09.866493,2026-06-30T19:13:11.037365+00:00,71.1,50,ask,DiligentDonuts,FlawlessFlatbreads,1048006
2026-07-01T05:13:11.922837,2026-06-30T19:13:13.097629+00:00,71.5,50,bid,FlawlessFlatbreads,EarnestEspressos,1048037
2026-07-01T05:13:12.813120,2026-06-30T19:13:13.982922+00:00,71.4,48,bid,CostlyCorianders,DiligentDonuts,1048043
2026-07-01T05:13:13.343149,2026-06-30T19:13:14.517778+00:00,71.3,40,ask,EarnestEspressos,CostlyCorianders,1048054
2026-07-01T05:13:14.937446,2026-06-30T19:13:16.103750+00:00,71.4,41,bid,CostlyCorianders,DiligentDonuts,1048077
2026-07-01T05:13:15.554251,2026-06-30T19:13:16.721756+00:00,71.3,45,ask,EarnestEspressos,CostlyCorianders,1048089
2026-07-01T05:13:16.183856,2026-06-30T19:13:17.354931+00:00,71.3,50,ask,EarnestEspressos,FlawlessFlatbreads,1048102
2026-07-01T05:13:16.402873,2026-06-30T19:13:17.574151+00:00,71.3,100,ask,DiligentDonuts,EarnestEspressos,1048104
2026-07-01T05:13:18.123642,2026-06-30T19:13:19.293514+00:00,71.0,40,bid,CostlyCorianders,EarnestEspressos,1048127
2026-07-01T05:13:18.241502,2026-06-30T19:13:19.413574+00:00,71.0,10,bid,FlawlessFlatbreads,EarnestEspressos,1048129
2026-07-01T05:13:19.512086,2026-06-30T19:13:20.677878+00:00,71.3,100,bid,EarnestEspressos,DiligentDonuts,1048144
2026-07-01T05:13:21.507568,2026-06-30T19:13:22.702858+00:00,71.4,50,ask,EarnestEspressos,DiligentDonuts,1048179
2026-07-01T05:13:22.451477,2026-06-30T19:13:23.621453+00:00,71.4,50,bid,FlawlessFlatbreads,DiligentDonuts,1048195
2026-07-01T05:13:23.244414,2026-06-30T19:13:24.411502+00:00,71.2,41,bid,CostlyCorianders,EarnestEspressos,1048203
2026-07-01T05:13:23.723334,2026-06-30T19:13:24.893882+00:00,70.9,42,ask,DiligentDonuts,CostlyCorianders,1048208
2026-07-01T05:13:24.557280,2026-06-30T19:13:25.727003+00:00,71.2,50,bid,FlawlessFlatbreads,EarnestEspressos,1048229
2026-07-01T05:13:24.616872,2026-06-30T19:13:25.791554+00:00,71.2,59,bid,DiligentDonuts,EarnestEspressos,1048232
2026-07-01T05:13:25.246065,2026-06-30T19:13:26.420791+00:00,71.2,40,ask,DiligentDonuts,CostlyCorianders,1048245
2026-07-01T05:13:26.664969,2026-06-30T19:13:27.841455+00:00,71.7,50,bid,FlawlessFlatbreads,DiligentDonuts,1048269
2026-07-01T05:13:26.735871,2026-06-30T19:13:27.907471+00:00,71.7,48,bid,CostlyCorianders,DiligentDonuts,1048270
2026-07-01T05:13:28.821693,2026-06-30T19:13:29.997728+00:00,71.2,50,ask,EarnestEspressos,FlawlessFlatbreads,1048296
2026-07-01T05:13:29.800507,2026-06-30T19:13:30.968078+00:00,71.1,41,ask,DiligentDonuts,CostlyCorianders,1048318
2026-07-01T05:13:30.450241,2026-06-30T19:13:31.624938+00:00,71.5,42,bid,CostlyCorianders,EarnestEspressos,1048331
2026-07-01T05:13:30.878217,2026-06-30T19:13:32.053667+00:00,71.5,50,bid,FlawlessFlatbreads,EarnestEspressos,1048334
2026-07-01T05:13:31.015864,2026-06-30T19:13:32.196008+00:00,71.0,47,ask,EarnestEspressos,CostlyCorianders,1048337
2026-07-01T05:13:32.989574,2026-06-30T19:13:34.156248+00:00,71.5,50,bid,FlawlessFlatbreads,DiligentDonuts,1048368
2026-07-01T05:13:35.148242,2026-06-30T19:13:36.319116+00:00,71.3,50,ask,DiligentDonuts,FlawlessFlatbreads,1048404
2026-07-01T05:13:36.158831,2026-06-30T19:13:37.325732+00:00,71.3,43,ask,DiligentDonuts,CostlyCorianders,1048420
2026-07-01T05:13:37.255409,2026-06-30T19:13:38.430780+00:00,70.9,50,ask,EarnestEspressos,FlawlessFlatbreads,1048433
2026-07-01T05:13:42.830299,2026-06-30T19:13:44.020487+00:00,71.5,47,bid,CostlyCorianders,DiligentDonuts,1048516
2026-07-01T05:13:43.575495,2026-06-30T19:13:44.743043+00:00,71.1,50,ask,EarnestEspressos,FlawlessFlatbreads,1048525
2026-07-01T05:13:44.948386,2026-06-30T19:13:46.116178+00:00,71.3,40,bid,CostlyCorianders,EarnestEspressos,1048538
2026-07-01T05:13:45.681754,2026-06-30T19:13:46.859448+00:00,71.1,50,ask,DiligentDonuts,FlawlessFlatbreads,1048557
2026-07-01T05:13:46.840629,2026-06-30T19:13:48.017536+00:00,71.0,43,ask,DiligentDonuts,CostlyCorianders,1048582
2026-07-01T05:13:47.789423,2026-06-30T19:13:48.956558+00:00,71.0,50,ask,DiligentDonuts,FlawlessFlatbreads,1048601
2026-07-01T05:13:49.900824,2026-06-30T19:13:51.071130+00:00,71.0,7,ask,DiligentDonuts,FlawlessFlatbreads,1048629
2026-07-01T05:13:49.900824,2026-06-30T19:13:51.071130+00:00,70.9,43,ask,EarnestEspressos,FlawlessFlatbreads,1048630
2026-07-01T05:13:51.550587,2026-06-30T19:13:52.724052+00:00,71.0,43,bid,CostlyCorianders,EarnestEspressos,1048653
2026-07-01T05:13:52.015905,2026-06-30T19:13:53.194708+00:00,70.6,50,ask,DiligentDonuts,FlawlessFlatbreads,1048663
2026-07-01T05:13:52.157612,2026-06-30T19:13:53.326224+00:00,70.6,43,ask,DiligentDonuts,CostlyCorianders,1048664
2026-07-01T05:13:54.118571,2026-06-30T19:13:55.291096+00:00,70.8,41,bid,CostlyCorianders,DiligentDonuts,1048682
2026-07-01T05:13:54.322428,2026-06-30T19:13:55.499294+00:00,70.8,59,bid,EarnestEspressos,DiligentDonuts,1048685
2026-07-01T05:13:54.762467,2026-06-30T19:13:55.937464+00:00,71.3,42,bid,CostlyCorianders,EarnestEspressos,1048695
2026-07-01T05:13:56.228047,2026-06-30T19:13:57.401811+00:00,70.8,50,ask,EarnestEspressos,FlawlessFlatbreads,1048727
2026-07-01T05:13:58.332573,2026-06-30T19:13:59.502479+00:00,70.7,50,ask,DiligentDonuts,FlawlessFlatbreads,1048758
2026-07-01T05:13:59.852491,2026-06-30T19:14:01.028092+00:00,70.9,42,bid,CostlyCorianders,DiligentDonuts,1048782
2026-07-01T05:14:00.389034,2026-06-30T19:14:01.566649+00:00,70.9,50,bid,FlawlessFlatbreads,DiligentDonuts,1048794
2026-07-01T05:14:01.008160,2026-06-30T19:14:02.178658+00:00,70.6,40,ask,EarnestEspressos,CostlyCorianders,1048799
2026-07-01T05:14:02.508590,2026-06-30T19:14:03.688932+00:00,70.9,8,bid,FlawlessFlatbreads,DiligentDonuts,1048818
2026-07-01T05:14:03.897083,2026-06-30T19:14:05.069023+00:00,70.7,100,ask,DiligentDonuts,EarnestEspressos,1048844
2026-07-01T05:14:03.909260,2026-06-30T19:14:05.079540+00:00,70.2,47,ask,EarnestEspressos,CostlyCorianders,1048845
2026-07-01T05:14:04.617405,2026-06-30T19:14:05.789199+00:00,70.7,50,bid,FlawlessFlatbreads,EarnestEspressos,1048858
2026-07-01T05:14:06.723596,2026-06-30T19:14:07.898343+00:00,70.9,50,bid,FlawlessFlatbreads,DiligentDonuts,1048882
2026-07-01T05:14:07.006289,2026-06-30T19:14:08.181461+00:00,70.9,50,bid,EarnestEspressos,DiligentDonuts,1048892
2026-07-01T05:14:07.647281,2026-06-30T19:14:08.823564+00:00,70.9,48,ask,EarnestEspressos,CostlyCorianders,1048899
2026-07-01T05:14:08.830253,2026-06-30T19:14:10.006514+00:00,71.4,50,bid,FlawlessFlatbreads,EarnestEspressos,1048912
2026-07-01T05:14:10.937923,2026-06-30T19:14:12.106140+00:00,71.3,50,bid,FlawlessFlatbreads,DiligentDonuts,1048945
2026-07-01T05:14:13.045622,2026-06-30T19:14:14.212131+00:00,71.3,50,bid,FlawlessFlatbreads,EarnestEspressos,1048975
2026-07-01T05:14:13.677568,2026-06-30T19:14:14.853332+00:00,71.5,47,bid,CostlyCorianders,EarnestEspressos,1048984
2026-07-01T05:14:15.153292,2026-06-30T19:14:16.329439+00:00,71.5,50,bid,FlawlessFlatbreads,EarnestEspressos,1049013
2026-07-01T05:14:15.346785,2026-06-30T19:14:16.516527+00:00,71.5,47,bid,CostlyCorianders,EarnestEspressos,1049015
2026-07-01T05:14:17.310738,2026-06-30T19:14:18.485415+00:00,71.3,50,ask,EarnestEspressos,FlawlessFlatbreads,1049033
2026-07-01T05:14:17.481371,2026-06-30T19:14:18.648455+00:00,71.3,49,ask,EarnestEspressos,CostlyCorianders,1049039
2026-07-01T05:14:18.481639,2026-06-30T19:14:19.652113+00:00,71.3,51,ask,EarnestEspressos,DiligentDonuts,1049047
2026-07-01T05:14:18.520370,2026-06-30T19:14:19.696113+00:00,70.8,42,ask,DiligentDonuts,CostlyCorianders,1049049
2026-07-01T05:14:19.367289,2026-06-30T19:14:20.537280+00:00,71.3,49,bid,FlawlessFlatbreads,DiligentDonuts,1049066
2026-07-01T05:14:19.367289,2026-06-30T19:14:20.537280+00:00,71.8,1,bid,FlawlessFlatbreads,EarnestEspressos,1049067
2026-07-01T05:14:21.475599,2026-06-30T19:14:22.649977+00:00,71.3,50,bid,FlawlessFlatbreads,EarnestEspressos,1049100
2026-07-01T05:14:23.178105,2026-06-30T19:14:24.345301+00:00,71.4,49,bid,CostlyCorianders,DiligentDonuts,1049117
2026-07-01T05:14:23.583611,2026-06-30T19:14:24.760101+00:00,71.4,50,bid,FlawlessFlatbreads,DiligentDonuts,1049126
2026-07-01T05:14:25.691409,2026-06-30T19:14:26.869050+00:00,71.4,50,bid,FlawlessFlatbreads,EarnestEspressos,1049164
2026-07-01T05:14:27.380885,2026-06-30T19:14:28.547916+00:00,71.3,46,ask,EarnestEspressos,CostlyCorianders,1049188
2026-07-01T05:14:27.800035,2026-06-30T19:14:28.974068+00:00,71.7,50,bid,FlawlessFlatbreads,DiligentDonuts,1049201
2026-07-01T05:14:29.908489,2026-06-30T19:14:31.076346+00:00,71.5,50,bid,FlawlessFlatbreads,EarnestEspressos,1049232
2026-07-01T05:14:30.495896,2026-06-30T19:14:31.667353+00:00,71.5,44,bid,CostlyCorianders,EarnestEspressos,1049245
2026-07-01T05:14:32.015435,2026-06-30T19:14:33.191955+00:00,71.5,50,bid,FlawlessFlatbreads,EarnestEspressos,1049277
2026-07-01T05:14:33.120533,2026-06-30T19:14:34.295300+00:00,71.6,48,ask,EarnestEspressos,CostlyCorianders,1049283
2026-07-01T05:14:33.665291,2026-06-30T19:14:34.842266+00:00,71.6,44,ask,EarnestEspressos,CostlyCorianders,1049296
2026-07-01T05:14:34.122604,2026-06-30T19:14:35.291264+00:00,71.8,50,bid,FlawlessFlatbreads,DiligentDonuts,1049299
2026-07-01T05:14:34.550372,2026-06-30T19:14:35.726822+00:00,71.6,58,ask,EarnestEspressos,Chester Au,1049313
2026-07-01T05:14:34.550372,2026-06-30T19:14:35.726822+00:00,71.6,100,ask,DiligentDonuts,Chester Au,1049314
2026-07-01T05:14:36.228731,2026-06-30T19:14:37.397757+00:00,71.4,50,bid,FlawlessFlatbreads,EarnestEspressos,1049341
2026-07-01T05:14:36.511269,2026-06-30T19:14:37.681552+00:00,71.4,43,bid,CostlyCorianders,EarnestEspressos,1049344
2026-07-01T05:14:39.031734,2026-06-30T19:14:40.198470+00:00,71.7,47,bid,CostlyCorianders,DiligentDonuts,1049377
2026-07-01T05:14:39.086658,2026-06-30T19:14:40.253032+00:00,71.2,46,ask,DiligentDonuts,CostlyCorianders,1049378
2026-07-01T05:14:39.647361,2026-06-30T19:14:40.822018+00:00,71.7,49,bid,CostlyCorianders,DiligentDonuts,1049391
2026-07-01T05:14:40.456814,2026-06-30T19:14:41.631918+00:00,71.7,4,bid,FlawlessFlatbreads,DiligentDonuts,1049401
2026-07-01T05:14:40.456814,2026-06-30T19:14:41.631918+00:00,71.7,46,bid,FlawlessFlatbreads,EarnestEspressos,1049402
2026-07-01T05:14:41.103306,2026-06-30T19:14:42.276729+00:00,71.5,42,ask,DiligentDonuts,Chester Au,1049412
2026-07-01T05:14:42.564244,2026-06-30T19:14:43.739322+00:00,71.9,50,bid,FlawlessFlatbreads,EarnestEspressos,1049437
2026-07-01T05:14:44.677391,2026-06-30T19:14:45.860042+00:00,71.9,50,bid,FlawlessFlatbreads,EarnestEspressos,1049470
2026-07-01T05:14:46.537303,2026-06-30T19:14:47.706133+00:00,71.8,42,ask,EarnestEspressos,CostlyCorianders,1049491
2026-07-01T05:14:46.835464,2026-06-30T19:14:48.001878+00:00,71.8,50,ask,EarnestEspressos,FlawlessFlatbreads,1049497
2026-07-01T05:14:46.949389,2026-06-30T19:14:48.122878+00:00,71.8,58,ask,EarnestEspressos,DiligentDonuts,1049499
2026-07-01T05:14:48.943963,2026-06-30T19:14:50.110321+00:00,71.4,50,ask,EarnestEspressos,FlawlessFlatbreads,1049521
2026-07-01T05:14:49.162708,2026-06-30T19:14:50.329219+00:00,71.8,40,bid,CostlyCorianders,DiligentDonuts,1049527
2026-07-01T05:14:50.060177,2026-06-30T19:14:51.234963+00:00,71.7,10,bid,DiligentDonuts,Zijun Feng,1049532
2026-07-01T05:14:51.051305,2026-06-30T19:14:52.221191+00:00,71.7,50,ask,DiligentDonuts,FlawlessFlatbreads,1049546
2026-07-01T05:14:51.352581,2026-06-30T19:14:52.527362+00:00,71.7,40,ask,DiligentDonuts,EarnestEspressos,1049551
2026-07-01T05:14:53.106448,2026-06-30T19:14:54.277645+00:00,71.6,10,bid,FlawlessFlatbreads,Zijun Feng,1049582
2026-07-01T05:14:53.106448,2026-06-30T19:14:54.277645+00:00,71.7,40,bid,FlawlessFlatbreads,EarnestEspressos,1049583
2026-07-01T05:14:53.192393,2026-06-30T19:14:54.365056+00:00,71.3,10,ask,Zijun Feng,CostlyCorianders,1049585
2026-07-01T05:14:53.192393,2026-06-30T19:14:54.365056+00:00,71.2,30,ask,EarnestEspressos,CostlyCorianders,1049586
2026-07-01T05:14:55.223303,2026-06-30T19:14:56.394706+00:00,71.6,10,bid,CostlyCorianders,Zijun Feng,1049607
2026-07-01T05:14:55.223303,2026-06-30T19:14:56.394706+00:00,71.7,40,bid,FlawlessFlatbreads,DiligentDonuts,1049608
2026-07-01T05:14:55.642938,2026-06-30T19:14:56.809463+00:00,71.6,10,bid,FlawlessFlatbreads,Zijun Feng,1049622
2026-07-01T05:14:55.642938,2026-06-30T19:14:56.820464+00:00,71.7,38,bid,CostlyCorianders,DiligentDonuts,1049623
2026-07-01T05:14:56.185212,2026-06-30T19:14:57.356314+00:00,71.3,10,ask,Zijun Feng,CostlyCorianders,1049635
2026-07-01T05:14:56.185212,2026-06-30T19:14:57.356314+00:00,71.2,33,ask,DiligentDonuts,CostlyCorianders,1049636
2026-07-01T05:14:56.662395,2026-06-30T19:14:57.837379+00:00,71.6,10,bid,CostlyCorianders,Zijun Feng,1049639
2026-07-01T05:14:56.662395,2026-06-30T19:14:57.837379+00:00,71.7,38,bid,CostlyCorianders,EarnestEspressos,1049640
2026-07-01T05:14:57.388741,2026-06-30T19:14:58.569849+00:00,71.5,50,ask,DiligentDonuts,FlawlessFlatbreads,1049653
2026-07-01T05:14:58.388483,2026-06-30T19:14:59.564399+00:00,71.6,10,ask,Zijun Feng,CostlyCorianders,1049666
2026-07-01T05:14:58.388483,2026-06-30T19:14:59.564399+00:00,71.5,32,ask,DiligentDonuts,CostlyCorianders,1049667
2026-07-01T05:14:59.495114,2026-06-30T19:15:00.666516+00:00,71.6,10,ask,Zijun Feng,FlawlessFlatbreads,1049692
2026-07-01T05:15:01.550599,2026-06-30T19:15:02.723788+00:00,71.6,50,bid,FlawlessFlatbreads,DiligentDonuts,1049716
2026-07-01T05:15:01.700300,2026-06-30T19:15:02.866776+00:00,71.6,46,bid,CostlyCorianders,DiligentDonuts,1049717
2026-07-01T05:15:02.859316,2026-06-30T19:15:04.027063+00:00,71.4,44,ask,EarnestEspressos,CostlyCorianders,1049743
2026-07-01T05:15:03.709486,2026-06-30T19:15:04.880549+00:00,71.4,50,ask,EarnestEspressos,FlawlessFlatbreads,1049757
2026-07-01T05:15:04.513959,2026-06-30T19:15:05.683714+00:00,71.5,47,bid,CostlyCorianders,EarnestEspressos,1049760
2026-07-01T05:15:04.570120,2026-06-30T19:15:05.737266+00:00,71.4,47,ask,DiligentDonuts,CostlyCorianders,1049762
2026-07-01T05:15:05.817532,2026-06-30T19:15:06.984336+00:00,71.4,50,ask,DiligentDonuts,FlawlessFlatbreads,1049785
2026-07-01T05:15:06.102358,2026-06-30T19:15:07.269839+00:00,71.4,10,bid,CostlyCorianders,Zijun Feng,1049793
2026-07-01T05:15:06.102358,2026-06-30T19:15:07.280839+00:00,71.5,35,bid,CostlyCorianders,EarnestEspressos,1049794
2026-07-01T05:15:06.620049,2026-06-30T19:15:07.795429+00:00,71.2,10,ask,Zijun Feng,CostlyCorianders,1049803
2026-07-01T05:15:06.620049,2026-06-30T19:15:07.795429+00:00,71.1,32,ask,DiligentDonuts,CostlyCorianders,1049804
2026-07-01T05:15:07.923723,2026-06-30T19:15:09.091220+00:00,71.4,50,ask,EarnestEspressos,FlawlessFlatbreads,1049828
2026-07-01T05:15:08.088844,2026-06-30T19:15:09.265596+00:00,71.4,49,ask,EarnestEspressos,CostlyCorianders,1049829
2026-07-01T05:15:08.660291,2026-06-30T19:15:09.832866+00:00,71.4,49,ask,EarnestEspressos,CostlyCorianders,1049843
2026-07-01T05:15:09.113259,2026-06-30T19:15:10.281079+00:00,71.4,2,ask,EarnestEspressos,DiligentDonuts,1049849
2026-07-01T05:15:10.032271,2026-06-30T19:15:11.200335+00:00,71.0,10,ask,Zijun Feng,FlawlessFlatbreads,1049874
2026-07-01T05:15:14.194939,2026-06-30T19:15:15.369897+00:00,71.1,50,bid,FlawlessFlatbreads,EarnestEspressos,1049928
2026-07-01T05:15:16.300675,2026-06-30T19:15:17.469111+00:00,71.1,50,bid,FlawlessFlatbreads,EarnestEspressos,1049960
2026-07-01T05:15:16.427524,2026-06-30T19:15:17.599926+00:00,71.1,47,bid,CostlyCorianders,EarnestEspressos,1049962
2026-07-01T05:15:16.528193,2026-06-30T19:15:17.699139+00:00,71.1,3,bid,Chester Au,EarnestEspressos,1049967
2026-07-01T05:15:16.528193,2026-06-30T19:15:17.710140+00:00,71.1,10,bid,Chester Au,Zijun Feng,1049968
2026-07-01T05:15:16.599228,2026-06-30T19:15:17.775656+00:00,71.4,100,bid,EarnestEspressos,DiligentDonuts,1049975
2026-07-01T05:15:18.232670,2026-06-30T19:15:19.402352+00:00,71.8,10,bid,CostlyCorianders,Zijun Feng,1049999
2026-07-01T05:15:18.232670,2026-06-30T19:15:19.402352+00:00,71.9,38,bid,CostlyCorianders,EarnestEspressos,1050000
