timestamp,recv_time,price,volume,aggressor_side,buyer,seller,trade_id
2026-07-09T09:00:01.129327,2026-07-09T09:00:01.141661+00:00,123.6,4,ask,EarnestEspressos,CostlyCorianders,13351834
2026-07-09T09:00:01.129327,2026-07-09T09:00:01.141661+00:00,123.3,38,ask,DiligentDonuts,CostlyCorianders,13351835
2026-07-09T09:00:01.137615,2026-07-09T09:00:01.173262+00:00,123.8,50,bid,FlawlessFlatbreads,DiligentDonuts,13351836
2026-07-09T09:00:01.636295,2026-07-09T09:00:01.646896+00:00,123.5,100,bid,DiligentDonuts,EarnestEspressos,13351841
2026-07-09T09:00:03.266003,2026-07-09T09:00:03.251042+00:00,123.5,50,bid,FlawlessFlatbreads,EarnestEspressos,13351884
2026-07-09T09:00:05.211818,2026-07-09T09:00:05.224142+00:00,123.9,42,bid,CostlyCorianders,DiligentDonuts,13351912
2026-07-09T09:00:05.374451,2026-07-09T09:00:05.386714+00:00,123.9,50,bid,FlawlessFlatbreads,DiligentDonuts,13351915
2026-07-09T09:00:07.489581,2026-07-09T09:00:07.501622+00:00,123.9,8,bid,FlawlessFlatbreads,DiligentDonuts,13351942
2026-07-09T09:00:07.489581,2026-07-09T09:00:07.501622+00:00,124.1,42,bid,FlawlessFlatbreads,EarnestEspressos,13351943
2026-07-09T09:00:07.496812,2026-07-09T09:00:07.506975+00:00,123.6,48,ask,EarnestEspressos,CostlyCorianders,13351944
2026-07-09T09:00:08.202950,2026-07-09T09:00:08.210119+00:00,123.9,75,ask,EarnestEspressos,Lachy Miller,13351952
2026-07-09T09:00:08.563312,2026-07-09T09:00:08.575366+00:00,123.9,44,ask,EarnestEspressos,CostlyCorianders,13351955
2026-07-09T09:00:09.598852,2026-07-09T09:00:09.608623+00:00,124.4,50,bid,FlawlessFlatbreads,EarnestEspressos,13351971
2026-07-09T09:00:09.725485,2026-07-09T09:00:09.737299+00:00,124.4,44,bid,CostlyCorianders,EarnestEspressos,13351973
2026-07-09T09:00:11.435311,2026-07-09T09:00:11.447259+00:00,124.4,43,bid,CostlyCorianders,EarnestEspressos,13352002
2026-07-09T09:00:11.710686,2026-07-09T09:00:11.722751+00:00,124.4,50,bid,FlawlessFlatbreads,EarnestEspressos,13352008
2026-07-09T09:00:12.139018,2026-07-09T09:00:12.156764+00:00,124.0,3,ask,DiligentDonuts,Xuanyu Liu,13352015
2026-07-09T09:00:12.880485,2026-07-09T09:00:12.890674+00:00,124.0,23,ask,DiligentDonuts,Xuanyu Liu,13352034
2026-07-09T09:00:13.040653,2026-07-09T09:00:13.049230+00:00,124.0,24,ask,DiligentDonuts,Lachy Miller,13352039
2026-07-09T09:00:13.819054,2026-07-09T09:00:13.831166+00:00,124.4,50,bid,FlawlessFlatbreads,EarnestEspressos,13352057
2026-07-09T09:00:14.333170,2026-07-09T09:00:14.342671+00:00,124.3,11,ask,EarnestEspressos,Xuanyu Liu,13352066
2026-07-09T09:00:14.358504,2026-07-09T09:00:14.368804+00:00,124.3,100,ask,EarnestEspressos,DiligentDonuts,13352068
2026-07-09T09:00:15.067169,2026-07-09T09:00:15.074144+00:00,124.3,39,ask,EarnestEspressos,CostlyCorianders,13352078
2026-07-09T09:00:15.067169,2026-07-09T09:00:15.079397+00:00,123.7,1,ask,DiligentDonuts,CostlyCorianders,13352079
2026-07-09T09:00:15.979126,2026-07-09T09:00:15.985693+00:00,123.7,50,ask,DiligentDonuts,FlawlessFlatbreads,13352088
2026-07-09T09:00:18.085881,2026-07-09T09:00:18.092947+00:00,123.9,50,ask,DiligentDonuts,FlawlessFlatbreads,13352120
2026-07-09T09:00:18.974129,2026-07-09T09:00:18.982683+00:00,124.2,45,bid,CostlyCorianders,EarnestEspressos,13352143
2026-07-09T09:00:20.192846,2026-07-09T09:00:20.204896+00:00,123.9,50,ask,DiligentDonuts,FlawlessFlatbreads,13352162
2026-07-09T09:00:22.300816,2026-07-09T09:00:22.312548+00:00,124.0,50,ask,EarnestEspressos,FlawlessFlatbreads,13352194
2026-07-09T09:00:24.408431,2026-07-09T09:00:24.420292+00:00,123.9,50,ask,EarnestEspressos,FlawlessFlatbreads,13352236
2026-07-09T09:00:24.943024,2026-07-09T09:00:24.953077+00:00,123.9,47,ask,EarnestEspressos,CostlyCorianders,13352239
2026-07-09T09:00:26.065758,2026-07-09T09:00:26.075697+00:00,124.3,47,bid,CostlyCorianders,DiligentDonuts,13352248
2026-07-09T09:00:26.518398,2026-07-09T09:00:26.530408+00:00,123.9,50,ask,EarnestEspressos,FlawlessFlatbreads,13352264
2026-07-09T09:00:26.982835,2026-07-09T09:00:27.005606+00:00,123.8,100,ask,DiligentDonuts,EarnestEspressos,13352270
2026-07-09T09:00:26.995917,2026-07-09T09:00:27.005606+00:00,123.6,37,bid,Xuanyu Liu,EarnestEspressos,13352271
2026-07-09T09:00:27.084349,2026-07-09T09:00:27.094972+00:00,123.6,13,bid,Lachy Miller,EarnestEspressos,13352274
2026-07-09T09:00:28.630370,2026-07-09T09:00:28.639412+00:00,123.1,50,ask,EarnestEspressos,FlawlessFlatbreads,13352300
2026-07-09T09:00:30.738146,2026-07-09T09:00:30.746828+00:00,123.5,50,ask,EarnestEspressos,FlawlessFlatbreads,13352323
2026-07-09T09:00:32.306508,2026-07-09T09:00:32.316601+00:00,123.9,47,bid,CostlyCorianders,DiligentDonuts,13352354
2026-07-09T09:00:32.362851,2026-07-09T09:00:32.374623+00:00,123.5,44,ask,EarnestEspressos,CostlyCorianders,13352356
2026-07-09T09:00:32.844634,2026-07-09T09:00:32.858619+00:00,123.5,50,ask,EarnestEspressos,FlawlessFlatbreads,13352359
2026-07-09T09:00:33.326352,2026-07-09T09:00:33.340397+00:00,123.6,100,ask,DiligentDonuts,EarnestEspressos,13352367
2026-07-09T09:00:33.342881,2026-07-09T09:00:33.351821+00:00,123.4,3,bid,Xuanyu Liu,EarnestEspressos,13352368
2026-07-09T09:00:33.506194,2026-07-09T09:00:33.514811+00:00,123.4,47,bid,Lachy Miller,EarnestEspressos,13352374
2026-07-09T09:00:34.441705,2026-07-09T09:00:34.449485+00:00,124.1,41,bid,CostlyCorianders,DiligentDonuts,13352380
2026-07-09T09:00:34.955603,2026-07-09T09:00:34.964409+00:00,122.9,50,ask,EarnestEspressos,FlawlessFlatbreads,13352385
2026-07-09T09:00:36.566218,2026-07-09T09:00:36.578650+00:00,123.6,46,ask,DiligentDonuts,CostlyCorianders,13352406
2026-07-09T09:00:37.063429,2026-07-09T09:00:37.075252+00:00,123.6,50,ask,DiligentDonuts,FlawlessFlatbreads,13352413
2026-07-09T09:00:39.129174,2026-07-09T09:00:39.138407+00:00,123.6,3,ask,DiligentDonuts,Xuanyu Liu,13352445
2026-07-09T09:00:39.170246,2026-07-09T09:00:39.182320+00:00,123.6,1,ask,DiligentDonuts,FlawlessFlatbreads,13352447
2026-07-09T09:00:39.170246,2026-07-09T09:00:39.182320+00:00,123.5,49,ask,EarnestEspressos,FlawlessFlatbreads,13352448
2026-07-09T09:00:39.697111,2026-07-09T09:00:39.706875+00:00,123.5,42,bid,CostlyCorianders,DiligentDonuts,13352456
2026-07-09T09:00:39.730756,2026-07-09T09:00:39.738653+00:00,123.5,39,bid,Lachy Miller,DiligentDonuts,13352460
2026-07-09T09:00:40.643405,2026-07-09T09:00:40.652294+00:00,123.5,14,bid,Xuanyu Liu,DiligentDonuts,13352475
2026-07-09T09:00:40.742347,2026-07-09T09:00:40.749093+00:00,123.5,5,bid,Lachy Miller,DiligentDonuts,13352479
2026-07-09T09:00:40.742347,2026-07-09T09:00:40.758587+00:00,123.5,20,bid,Lachy Miller,EarnestEspressos,13352480
2026-07-09T09:00:41.241219,2026-07-09T09:00:41.252418+00:00,123.5,40,bid,CostlyCorianders,EarnestEspressos,13352493
2026-07-09T09:00:42.352482,2026-07-09T09:00:42.364367+00:00,123.0,43,ask,DiligentDonuts,CostlyCorianders,13352517
2026-07-09T09:00:43.387505,2026-07-09T09:00:43.399593+00:00,123.3,50,ask,DiligentDonuts,FlawlessFlatbreads,13352528
2026-07-09T09:00:45.445941,2026-07-09T09:00:45.460410+00:00,123.8,50,bid,FlawlessFlatbreads,DiligentDonuts,13352551
2026-07-09T09:00:46.632268,2026-07-09T09:00:46.642338+00:00,123.6,46,ask,DiligentDonuts,CostlyCorianders,13352563
2026-07-09T09:00:49.691054,2026-07-09T09:00:49.701734+00:00,123.9,50,bid,FlawlessFlatbreads,DiligentDonuts,13352598
2026-07-09T09:00:51.801934,2026-07-09T09:00:51.810494+00:00,123.9,40,bid,CostlyCorianders,DiligentDonuts,13352626
2026-07-09T09:00:53.236384,2026-07-09T09:00:53.245035+00:00,123.7,43,ask,DiligentDonuts,CostlyCorianders,13352643
2026-07-09T09:00:53.905765,2026-07-09T09:00:53.917890+00:00,124.1,50,bid,FlawlessFlatbreads,EarnestEspressos,13352657
2026-07-09T09:00:55.441505,2026-07-09T09:00:55.450564+00:00,124.0,11,ask,EarnestEspressos,Xuanyu Liu,13352675
2026-07-09T09:00:56.064128,2026-07-09T09:00:56.076107+00:00,124.0,50,ask,EarnestEspressos,FlawlessFlatbreads,13352690
2026-07-09T09:00:56.427506,2026-07-09T09:00:56.436849+00:00,124.0,3,ask,EarnestEspressos,Xuanyu Liu,13352694
2026-07-09T09:00:58.171797,2026-07-09T09:00:58.179593+00:00,124.0,50,ask,EarnestEspressos,FlawlessFlatbreads,13352718
2026-07-09T09:01:00.202438,2026-07-09T09:01:00.214492+00:00,124.0,41,bid,CostlyCorianders,EarnestEspressos,13352746
2026-07-09T09:01:00.278654,2026-07-09T09:01:00.290611+00:00,123.7,50,ask,DiligentDonuts,FlawlessFlatbreads,13352747
2026-07-09T09:01:02.828556,2026-07-09T09:01:02.840567+00:00,124.1,49,bid,CostlyCorianders,DiligentDonuts,13352781
2026-07-09T09:01:02.884962,2026-07-09T09:01:02.897367+00:00,123.7,41,ask,EarnestEspressos,CostlyCorianders,13352782
2026-07-09T09:01:04.512355,2026-07-09T09:01:04.524456+00:00,123.7,50,ask,EarnestEspressos,FlawlessFlatbreads,13352802
2026-07-09T09:01:04.999274,2026-07-09T09:01:05.008389+00:00,123.8,14,bid,Xuanyu Liu,EarnestEspressos,13352810
2026-07-09T09:01:05.348497,2026-07-09T09:01:05.358595+00:00,123.7,49,ask,DiligentDonuts,CostlyCorianders,13352812
2026-07-09T09:01:05.517172,2026-07-09T09:01:05.536975+00:00,123.8,23,bid,Xuanyu Liu,EarnestEspressos,13352821
2026-07-09T09:01:05.600776,2026-07-09T09:01:05.612390+00:00,123.8,25,bid,Lachy Miller,EarnestEspressos,13352827
2026-07-09T09:01:06.621186,2026-07-09T09:01:06.628220+00:00,123.7,50,ask,DiligentDonuts,FlawlessFlatbreads,13352848
2026-07-09T09:01:08.727411,2026-07-09T09:01:08.735397+00:00,123.7,50,ask,EarnestEspressos,FlawlessFlatbreads,13352887
2026-07-09T09:01:09.331082,2026-07-09T09:01:09.343045+00:00,124.0,40,bid,CostlyCorianders,DiligentDonuts,13352891
2026-07-09T09:01:10.785609,2026-07-09T09:01:10.792553+00:00,124.0,50,bid,FlawlessFlatbreads,DiligentDonuts,13352916
2026-07-09T09:01:11.854347,2026-07-09T09:01:11.866401+00:00,124.0,40,bid,CostlyCorianders,EarnestEspressos,13352930
2026-07-09T09:01:12.181385,2026-07-09T09:01:12.190270+00:00,123.8,11,ask,DiligentDonuts,Xuanyu Liu,13352934
2026-07-09T09:01:12.892734,2026-07-09T09:01:12.901664+00:00,124.0,50,bid,FlawlessFlatbreads,EarnestEspressos,13352960
2026-07-09T09:01:15.051972,2026-07-09T09:01:15.058456+00:00,123.8,50,ask,EarnestEspressos,FlawlessFlatbreads,13352996
2026-07-09T09:01:15.998070,2026-07-09T09:01:16.006374+00:00,123.8,44,ask,EarnestEspressos,CostlyCorianders,13353011
2026-07-09T09:01:17.119313,2026-07-09T09:01:17.127453+00:00,123.8,41,ask,EarnestEspressos,CostlyCorianders,13353032
2026-07-09T09:01:17.157470,2026-07-09T09:01:17.169579+00:00,123.8,15,ask,EarnestEspressos,FlawlessFlatbreads,13353034
2026-07-09T09:01:17.633780,2026-07-09T09:01:17.640551+00:00,123.6,100,ask,DiligentDonuts,EarnestEspressos,13353041
2026-07-09T09:01:18.675736,2026-07-09T09:01:18.684653+00:00,123.6,23,bid,Xuanyu Liu,EarnestEspressos,13353057
2026-07-09T09:01:18.835794,2026-07-09T09:01:18.844907+00:00,123.6,27,bid,Lachy Miller,EarnestEspressos,13353061
2026-07-09T09:01:19.726601,2026-07-09T09:01:19.734636+00:00,124.1,45,bid,CostlyCorianders,DiligentDonuts,13353081
2026-07-09T09:01:20.759604,2026-07-09T09:01:20.770680+00:00,123.8,12,ask,EarnestEspressos,Xuanyu Liu,13353101
2026-07-09T09:01:21.383000,2026-07-09T09:01:21.392072+00:00,123.8,50,ask,EarnestEspressos,FlawlessFlatbreads,13353111
2026-07-09T09:01:21.661574,2026-07-09T09:01:21.673673+00:00,124.1,49,bid,CostlyCorianders,DiligentDonuts,13353112
2026-07-09T09:01:21.717389,2026-07-09T09:01:21.729063+00:00,123.8,49,ask,EarnestEspressos,CostlyCorianders,13353113
2026-07-09T09:01:23.491938,2026-07-09T09:01:23.501088+00:00,123.8,39,ask,EarnestEspressos,FlawlessFlatbreads,13353134
2026-07-09T09:01:23.491938,2026-07-09T09:01:23.501088+00:00,123.6,11,ask,DiligentDonuts,FlawlessFlatbreads,13353135
2026-07-09T09:01:23.938136,2026-07-09T09:01:23.948919+00:00,123.7,11,ask,DiligentDonuts,Xuanyu Liu,13353142
2026-07-09T09:01:25.669266,2026-07-09T09:01:25.681092+00:00,123.7,45,ask,DiligentDonuts,CostlyCorianders,13353179
2026-07-09T09:01:26.737655,2026-07-09T09:01:26.747406+00:00,123.7,12,ask,DiligentDonuts,Xuanyu Liu,13353203
2026-07-09T09:01:27.133428,2026-07-09T09:01:27.142474+00:00,123.4,23,bid,Xuanyu Liu,EarnestEspressos,13353208
2026-07-09T09:01:27.247533,2026-07-09T09:01:27.256440+00:00,123.4,44,bid,CostlyCorianders,EarnestEspressos,13353210
2026-07-09T09:01:27.653220,2026-07-09T09:01:27.664962+00:00,123.4,50,bid,FlawlessFlatbreads,EarnestEspressos,13353215
2026-07-09T09:01:29.688246,2026-07-09T09:01:29.697521+00:00,123.4,33,bid,CostlyCorianders,EarnestEspressos,13353239
2026-07-09T09:01:29.688246,2026-07-09T09:01:29.703123+00:00,123.7,8,bid,CostlyCorianders,DiligentDonuts,13353240
2026-07-09T09:01:29.759808,2026-07-09T09:01:29.771656+00:00,123.7,50,bid,FlawlessFlatbreads,DiligentDonuts,13353246
2026-07-09T09:01:30.376061,2026-07-09T09:01:30.385777+00:00,123.5,11,ask,EarnestEspressos,Xuanyu Liu,13353254
2026-07-09T09:01:31.868564,2026-07-09T09:01:31.879482+00:00,123.9,50,bid,FlawlessFlatbreads,DiligentDonuts,13353277
2026-07-09T09:01:33.205813,2026-07-09T09:01:33.215200+00:00,123.9,48,bid,CostlyCorianders,DiligentDonuts,13353295
2026-07-09T09:01:34.027101,2026-07-09T09:01:34.038597+00:00,124.1,50,ask,DiligentDonuts,FlawlessFlatbreads,13353312
2026-07-09T09:01:34.437085,2026-07-09T09:01:34.447098+00:00,124.1,23,ask,DiligentDonuts,Xuanyu Liu,13353323
2026-07-09T09:01:35.349460,2026-07-09T09:01:35.356262+00:00,124.1,27,ask,DiligentDonuts,CostlyCorianders,13353337
2026-07-09T09:01:35.349460,2026-07-09T09:01:35.356262+00:00,123.9,19,ask,EarnestEspressos,CostlyCorianders,13353338
2026-07-09T09:01:36.133406,2026-07-09T09:01:36.145414+00:00,123.9,50,ask,EarnestEspressos,FlawlessFlatbreads,13353355
2026-07-09T09:01:37.083020,2026-07-09T09:01:37.092779+00:00,123.9,23,bid,Xuanyu Liu,EarnestEspressos,13353362
2026-07-09T09:01:38.189537,2026-07-09T09:01:38.201138+00:00,123.9,50,bid,FlawlessFlatbreads,EarnestEspressos,13353379
2026-07-09T09:01:40.299339,2026-07-09T09:01:40.306139+00:00,124.4,50,bid,FlawlessFlatbreads,DiligentDonuts,13353409
2026-07-09T09:01:40.596710,2026-07-09T09:01:40.605213+00:00,124.0,47,ask,EarnestEspressos,CostlyCorianders,13353415
2026-07-09T09:01:42.411731,2026-07-09T09:01:42.421879+00:00,124.4,50,bid,FlawlessFlatbreads,DiligentDonuts,13353443
2026-07-09T09:01:42.761699,2026-07-09T09:01:42.773636+00:00,124.0,49,ask,EarnestEspressos,CostlyCorianders,13353451
2026-07-09T09:01:42.954754,2026-07-09T09:01:42.966490+00:00,124.0,100,ask,DiligentDonuts,EarnestEspressos,13353460
2026-07-09T09:01:43.749052,2026-07-09T09:01:43.759059+00:00,124.0,47,bid,CostlyCorianders,EarnestEspressos,13353465
2026-07-09T09:01:45.328672,2026-07-09T09:01:45.340454+00:00,124.0,3,bid,CostlyCorianders,EarnestEspressos,13353496
2026-07-09T09:01:46.629234,2026-07-09T09:01:46.641252+00:00,124.3,50,bid,FlawlessFlatbreads,DiligentDonuts,13353511
2026-07-09T09:01:48.737387,2026-07-09T09:01:48.749379+00:00,124.3,50,bid,FlawlessFlatbreads,DiligentDonuts,13353551
2026-07-09T09:01:49.260183,2026-07-09T09:01:49.273517+00:00,124.2,12,ask,EarnestEspressos,Xuanyu Liu,13353556
2026-07-09T09:01:50.158173,2026-07-09T09:01:50.170653+00:00,124.2,45,ask,EarnestEspressos,CostlyCorianders,13353572
2026-07-09T09:01:50.848934,2026-07-09T09:01:50.855882+00:00,124.6,50,bid,FlawlessFlatbreads,DiligentDonuts,13353579
2026-07-09T09:01:52.426869,2026-07-09T09:01:52.438246+00:00,124.6,11,ask,DiligentDonuts,Xuanyu Liu,13353605
2026-07-09T09:01:52.955843,2026-07-09T09:01:52.967835+00:00,124.8,50,bid,FlawlessFlatbreads,EarnestEspressos,13353613
2026-07-09T09:01:53.699931,2026-07-09T09:01:53.709051+00:00,124.8,40,bid,CostlyCorianders,EarnestEspressos,13353622
2026-07-09T09:01:55.062760,2026-07-09T09:01:55.075020+00:00,124.8,50,bid,FlawlessFlatbreads,EarnestEspressos,13353650
2026-07-09T09:01:55.588719,2026-07-09T09:01:55.598567+00:00,125.1,3,ask,EarnestEspressos,Xuanyu Liu,13353658
2026-07-09T09:01:55.967683,2026-07-09T09:01:55.976895+00:00,125.1,42,ask,EarnestEspressos,CostlyCorianders,13353663
2026-07-09T09:01:57.196199,2026-07-09T09:01:57.208127+00:00,125.3,50,bid,FlawlessFlatbreads,DiligentDonuts,13353680
2026-07-09T09:01:59.302689,2026-07-09T09:01:59.314395+00:00,125.5,50,bid,FlawlessFlatbreads,EarnestEspressos,13353706
2026-07-09T09:01:59.889536,2026-07-09T09:01:59.901355+00:00,125.5,40,bid,CostlyCorianders,EarnestEspressos,13353714
2026-07-09T09:02:00.916387,2026-07-09T09:02:00.926819+00:00,125.1,47,ask,DiligentDonuts,CostlyCorianders,13353727
2026-07-09T09:02:01.410815,2026-07-09T09:02:01.422856+00:00,125.5,50,bid,FlawlessFlatbreads,EarnestEspressos,13353736
2026-07-09T09:02:01.936568,2026-07-09T09:02:01.944241+00:00,125.4,100,bid,EarnestEspressos,DiligentDonuts,13353742
2026-07-09T09:02:02.003812,2026-07-09T09:02:02.013418+00:00,125.5,26,ask,EarnestEspressos,Xuanyu Liu,13353745
2026-07-09T09:02:02.126993,2026-07-09T09:02:02.135888+00:00,125.5,24,ask,EarnestEspressos,Lachy Miller,13353750
2026-07-09T09:02:03.519334,2026-07-09T09:02:03.531307+00:00,126.0,50,bid,FlawlessFlatbreads,EarnestEspressos,13353775
2026-07-09T09:02:04.068618,2026-07-09T09:02:04.076883+00:00,124.9,43,ask,DiligentDonuts,CostlyCorianders,13353784
2026-07-09T09:02:04.672719,2026-07-09T09:02:04.680894+00:00,126.0,40,bid,CostlyCorianders,EarnestEspressos,13353797
2026-07-09T09:02:05.144263,2026-07-09T09:02:05.154430+00:00,125.3,53,ask,EarnestEspressos,Lachy Miller,13353807
2026-07-09T09:02:05.629129,2026-07-09T09:02:05.638785+00:00,125.6,50,bid,FlawlessFlatbreads,DiligentDonuts,13353816
2026-07-09T09:02:07.736919,2026-07-09T09:02:07.748881+00:00,125.6,50,bid,FlawlessFlatbreads,DiligentDonuts,13353840
2026-07-09T09:02:07.759883,2026-07-09T09:02:07.775906+00:00,125.3,25,ask,EarnestEspressos,Lachy Miller,13353842
2026-07-09T09:02:09.896192,2026-07-09T09:02:09.906546+00:00,125.3,50,ask,DiligentDonuts,FlawlessFlatbreads,13353867
2026-07-09T09:02:09.930812,2026-07-09T09:02:09.942617+00:00,125.4,44,bid,CostlyCorianders,EarnestEspressos,13353868
2026-07-09T09:02:11.216937,2026-07-09T09:02:11.227681+00:00,125.4,12,bid,Xuanyu Liu,EarnestEspressos,13353879
2026-07-09T09:02:12.002879,2026-07-09T09:02:12.014752+00:00,125.3,50,ask,DiligentDonuts,FlawlessFlatbreads,13353895
2026-07-09T09:02:14.662184,2026-07-09T09:02:14.674332+00:00,125.2,45,ask,EarnestEspressos,CostlyCorianders,13353932
2026-07-09T09:02:16.215546,2026-07-09T09:02:16.227660+00:00,125.2,50,ask,EarnestEspressos,FlawlessFlatbreads,13353962
2026-07-09T09:02:16.226783,2026-07-09T09:02:16.239015+00:00,125.2,41,ask,EarnestEspressos,CostlyCorianders,13353963
2026-07-09T09:02:17.237914,2026-07-09T09:02:17.250229+00:00,125.5,41,bid,CostlyCorianders,DiligentDonuts,13353980
2026-07-09T09:02:17.831717,2026-07-09T09:02:17.843677+00:00,124.9,100,ask,DiligentDonuts,EarnestEspressos,13353989
2026-07-09T09:02:17.844948,2026-07-09T09:02:17.855983+00:00,124.9,14,bid,Xuanyu Liu,EarnestEspressos,13353990
2026-07-09T09:02:19.807842,2026-07-09T09:02:19.820171+00:00,124.9,36,bid,CostlyCorianders,EarnestEspressos,13354022
2026-07-09T09:02:19.807842,2026-07-09T09:02:19.820171+00:00,125.4,7,bid,CostlyCorianders,DiligentDonuts,13354023
2026-07-09T09:02:21.749403,2026-07-09T09:02:21.801491+00:00,125.2,3,ask,EarnestEspressos,Xuanyu Liu,13354047
2026-07-09T09:02:22.482865,2026-07-09T09:02:22.494424+00:00,125.3,50,bid,FlawlessFlatbreads,DiligentDonuts,13354063
2026-07-09T09:02:23.059539,2026-07-09T09:02:23.068874+00:00,125.2,11,ask,EarnestEspressos,Xuanyu Liu,13354078
2026-07-09T09:02:24.480637,2026-07-09T09:02:24.487153+00:00,125.4,48,ask,EarnestEspressos,CostlyCorianders,13354101
2026-07-09T09:02:24.590919,2026-07-09T09:02:24.598041+00:00,125.7,50,bid,FlawlessFlatbreads,DiligentDonuts,13354103
2026-07-09T09:02:25.090727,2026-07-09T09:02:25.097947+00:00,125.7,43,bid,CostlyCorianders,DiligentDonuts,13354110
2026-07-09T09:02:26.699486,2026-07-09T09:02:26.707680+00:00,125.7,7,bid,FlawlessFlatbreads,DiligentDonuts,13354136
2026-07-09T09:02:26.699486,2026-07-09T09:02:26.712871+00:00,125.9,43,bid,FlawlessFlatbreads,EarnestEspressos,13354137
2026-07-09T09:02:26.806586,2026-07-09T09:02:26.817167+00:00,125.4,50,ask,EarnestEspressos,Lachy Miller,13354139
2026-07-09T09:02:29.262668,2026-07-09T09:02:29.274560+00:00,125.5,44,bid,CostlyCorianders,EarnestEspressos,13354174
2026-07-09T09:02:30.351164,2026-07-09T09:02:30.358578+00:00,125.5,100,bid,DiligentDonuts,EarnestEspressos,13354199
2026-07-09T09:02:30.470706,2026-07-09T09:02:30.480804+00:00,125.8,23,ask,EarnestEspressos,Xuanyu Liu,13354201
2026-07-09T09:02:30.723615,2026-07-09T09:02:30.735505+00:00,125.8,40,ask,EarnestEspressos,CostlyCorianders,13354204
2026-07-09T09:02:30.914640,2026-07-09T09:02:30.922180+00:00,126.0,50,bid,FlawlessFlatbreads,DiligentDonuts,13354206
2026-07-09T09:02:32.267254,2026-07-09T09:02:32.279210+00:00,125.8,47,ask,EarnestEspressos,CostlyCorianders,13354227
2026-07-09T09:02:33.074555,2026-07-09T09:02:33.082766+00:00,125.8,40,ask,EarnestEspressos,FlawlessFlatbreads,13354242
2026-07-09T09:02:34.293405,2026-07-09T09:02:34.303921+00:00,125.6,46,ask,DiligentDonuts,CostlyCorianders,13354251
2026-07-09T09:02:34.859732,2026-07-09T09:02:34.868670+00:00,125.9,11,bid,Xuanyu Liu,EarnestEspressos,13354258
2026-07-09T09:02:34.921725,2026-07-09T09:02:34.933842+00:00,125.9,46,bid,CostlyCorianders,EarnestEspressos,13354264
2026-07-09T09:02:35.131229,2026-07-09T09:02:35.139588+00:00,125.9,50,bid,FlawlessFlatbreads,EarnestEspressos,13354270
2026-07-09T09:02:35.431779,2026-07-09T09:02:35.439142+00:00,125.6,47,ask,DiligentDonuts,CostlyCorianders,13354274
2026-07-09T09:02:36.787652,2026-07-09T09:02:36.795264+00:00,125.9,100,bid,EarnestEspressos,DiligentDonuts,13354303
2026-07-09T09:02:39.917158,2026-07-09T09:02:39.928990+00:00,126.4,43,bid,CostlyCorianders,DiligentDonuts,13354342
2026-07-09T09:02:41.410648,2026-07-09T09:02:41.420060+00:00,126.2,23,bid,Xuanyu Liu,EarnestEspressos,13354366
2026-07-09T09:02:43.000818,2026-07-09T09:02:43.008624+00:00,126.2,100,bid,DiligentDonuts,EarnestEspressos,13354388
2026-07-09T09:02:43.128052,2026-07-09T09:02:43.136962+00:00,126.4,11,ask,EarnestEspressos,Xuanyu Liu,13354391
2026-07-09T09:02:43.595564,2026-07-09T09:02:43.606652+00:00,126.8,50,bid,FlawlessFlatbreads,DiligentDonuts,13354401
2026-07-09T09:02:44.036752,2026-07-09T09:02:44.047493+00:00,126.4,23,ask,EarnestEspressos,Xuanyu Liu,13354406
2026-07-09T09:02:44.077789,2026-07-09T09:02:44.085333+00:00,126.4,24,ask,EarnestEspressos,Lachy Miller,13354409
2026-07-09T09:02:45.707582,2026-07-09T09:02:45.719218+00:00,126.8,50,bid,FlawlessFlatbreads,DiligentDonuts,13354436
2026-07-09T09:02:46.366872,2026-07-09T09:02:46.378817+00:00,126.7,42,bid,CostlyCorianders,DiligentDonuts,13354442
2026-07-09T09:02:47.850200,2026-07-09T09:02:47.864043+00:00,126.7,50,bid,FlawlessFlatbreads,DiligentDonuts,13354455
2026-07-09T09:02:49.320787,2026-07-09T09:02:49.328669+00:00,126.7,100,bid,DiligentDonuts,EarnestEspressos,13354484
2026-07-09T09:02:49.459613,2026-07-09T09:02:49.470700+00:00,126.6,12,ask,EarnestEspressos,Xuanyu Liu,13354485
2026-07-09T09:02:50.019170,2026-07-09T09:02:50.031258+00:00,126.6,50,ask,EarnestEspressos,FlawlessFlatbreads,13354494
2026-07-09T09:02:52.132466,2026-07-09T09:02:52.140002+00:00,126.6,50,ask,EarnestEspressos,FlawlessFlatbreads,13354520
2026-07-09T09:02:53.227673,2026-07-09T09:02:53.236656+00:00,126.6,12,bid,Xuanyu Liu,EarnestEspressos,13354534
2026-07-09T09:02:54.239184,2026-07-09T09:02:54.258612+00:00,126.2,50,ask,DiligentDonuts,FlawlessFlatbreads,13354546
2026-07-09T09:02:56.360047,2026-07-09T09:02:56.371876+00:00,126.4,50,ask,EarnestEspressos,FlawlessFlatbreads,13354573
2026-07-09T09:02:57.417699,2026-07-09T09:02:57.429603+00:00,126.4,42,ask,EarnestEspressos,CostlyCorianders,13354583
2026-07-09T09:02:58.416876,2026-07-09T09:02:58.423788+00:00,126.8,50,bid,FlawlessFlatbreads,DiligentDonuts,13354602
2026-07-09T09:02:58.481237,2026-07-09T09:02:58.488891+00:00,126.4,49,ask,EarnestEspressos,CostlyCorianders,13354603
2026-07-09T09:02:58.992941,2026-07-09T09:02:59.014715+00:00,126.4,100,ask,DiligentDonuts,EarnestEspressos,13354608
2026-07-09T09:02:59.004410,2026-07-09T09:02:59.014715+00:00,126.4,34,bid,Xuanyu Liu,EarnestEspressos,13354609
2026-07-09T09:02:59.474785,2026-07-09T09:02:59.486687+00:00,126.4,16,bid,CostlyCorianders,EarnestEspressos,13354617
2026-07-09T09:02:59.474785,2026-07-09T09:02:59.486687+00:00,126.9,24,bid,CostlyCorianders,DiligentDonuts,13354618
2026-07-09T09:03:00.549080,2026-07-09T09:03:00.555775+00:00,126.9,50,bid,FlawlessFlatbreads,DiligentDonuts,13354641
2026-07-09T09:03:02.094646,2026-07-09T09:03:02.106524+00:00,127.0,43,bid,CostlyCorianders,DiligentDonuts,13354674
2026-07-09T09:03:02.662168,2026-07-09T09:03:02.673916+00:00,127.0,50,bid,FlawlessFlatbreads,DiligentDonuts,13354684
2026-07-09T09:03:04.994310,2026-07-09T09:03:05.005492+00:00,126.5,40,ask,DiligentDonuts,CostlyCorianders,13354724
2026-07-09T09:03:05.132201,2026-07-09T09:03:05.143994+00:00,127.0,100,bid,DiligentDonuts,EarnestEspressos,13354725
2026-07-09T09:03:05.272557,2026-07-09T09:03:05.282785+00:00,127.3,46,ask,EarnestEspressos,Xuanyu Liu,13354728
2026-07-09T09:03:06.565676,2026-07-09T09:03:06.574095+00:00,127.3,45,ask,EarnestEspressos,CostlyCorianders,13354744
2026-07-09T09:03:06.933872,2026-07-09T09:03:06.941751+00:00,127.3,50,ask,EarnestEspressos,FlawlessFlatbreads,13354756
2026-07-09T09:03:07.732181,2026-07-09T09:03:07.744227+00:00,127.3,9,ask,EarnestEspressos,CostlyCorianders,13354763
2026-07-09T09:03:08.440027,2026-07-09T09:03:08.449373+00:00,127.2,5,bid,Xuanyu Liu,James Nguyen,13354771
2026-07-09T09:03:08.977162,2026-07-09T09:03:08.988311+00:00,127.2,5,bid,Xuanyu Liu,James Nguyen,13354783
2026-07-09T09:03:09.072923,2026-07-09T09:03:09.084703+00:00,127.0,5,ask,James Nguyen,FlawlessFlatbreads,13354789
2026-07-09T09:03:09.072923,2026-07-09T09:03:09.084703+00:00,126.8,45,ask,DiligentDonuts,FlawlessFlatbreads,13354790
2026-07-09T09:03:09.503339,2026-07-09T09:03:09.512846+00:00,127.2,2,bid,Xuanyu Liu,James Nguyen,13354798
2026-07-09T09:03:11.181477,2026-07-09T09:03:11.193642+00:00,126.9,5,ask,James Nguyen,FlawlessFlatbreads,13354822
2026-07-09T09:03:11.181477,2026-07-09T09:03:11.193642+00:00,126.8,45,ask,DiligentDonuts,FlawlessFlatbreads,13354823
2026-07-09T09:03:11.583774,2026-07-09T09:03:11.592403+00:00,127.0,23,bid,Xuanyu Liu,DiligentDonuts,13354837
2026-07-09T09:03:13.290530,2026-07-09T09:03:13.300215+00:00,126.8,50,ask,EarnestEspressos,FlawlessFlatbreads,13354870
2026-07-09T09:03:15.345956,2026-07-09T09:03:15.358543+00:00,127.0,50,bid,FlawlessFlatbreads,DiligentDonuts,13354899
2026-07-09T09:03:15.521624,2026-07-09T09:03:15.531134+00:00,127.0,11,bid,Xuanyu Liu,DiligentDonuts,13354902
2026-07-09T09:03:15.688610,2026-07-09T09:03:15.709922+00:00,127.0,3,bid,Xuanyu Liu,DiligentDonuts,13354905
2026-07-09T09:03:17.507015,2026-07-09T09:03:17.515844+00:00,126.5,50,ask,DiligentDonuts,FlawlessFlatbreads,13354940
2026-07-09T09:03:18.184681,2026-07-09T09:03:18.196369+00:00,127.2,3,bid,CostlyCorianders,James Nguyen,13354948
2026-07-09T09:03:18.184681,2026-07-09T09:03:18.196369+00:00,127.3,38,bid,CostlyCorianders,DiligentDonuts,13354949
2026-07-09T09:03:19.614095,2026-07-09T09:03:19.625671+00:00,126.8,50,ask,DiligentDonuts,FlawlessFlatbreads,13354964
2026-07-09T09:03:21.743178,2026-07-09T09:03:21.751942+00:00,126.9,50,ask,DiligentDonuts,FlawlessFlatbreads,13354990
2026-07-09T09:03:23.798934,2026-07-09T09:03:23.810414+00:00,127.3,50,bid,FlawlessFlatbreads,EarnestEspressos,13355028
2026-07-09T09:03:24.523602,2026-07-09T09:03:24.530635+00:00,127.1,41,bid,CostlyCorianders,DiligentDonuts,13355036
2026-07-09T09:03:25.015374,2026-07-09T09:03:25.027465+00:00,126.9,44,ask,EarnestEspressos,CostlyCorianders,13355039
2026-07-09T09:03:25.592958,2026-07-09T09:03:25.604705+00:00,127.1,40,bid,CostlyCorianders,DiligentDonuts,13355053
2026-07-09T09:03:25.904976,2026-07-09T09:03:25.916878+00:00,127.1,19,bid,FlawlessFlatbreads,DiligentDonuts,13355055
2026-07-09T09:03:25.904976,2026-07-09T09:03:25.916878+00:00,127.4,31,bid,FlawlessFlatbreads,EarnestEspressos,13355056
2026-07-09T09:03:30.198604,2026-07-09T09:03:30.210686+00:00,126.9,50,ask,DiligentDonuts,FlawlessFlatbreads,13355134
2026-07-09T09:03:30.772729,2026-07-09T09:03:30.784773+00:00,127.3,40,bid,CostlyCorianders,DiligentDonuts,13355145
2026-07-09T09:03:32.306835,2026-07-09T09:03:32.316286+00:00,126.9,50,ask,EarnestEspressos,FlawlessFlatbreads,13355163
2026-07-09T09:03:34.414844,2026-07-09T09:03:34.426582+00:00,126.9,50,ask,DiligentDonuts,FlawlessFlatbreads,13355193
2026-07-09T09:03:36.268075,2026-07-09T09:03:36.279843+00:00,127.2,43,bid,CostlyCorianders,EarnestEspressos,13355229
2026-07-09T09:03:36.522053,2026-07-09T09:03:36.528768+00:00,126.9,50,ask,DiligentDonuts,FlawlessFlatbreads,13355237
2026-07-09T09:03:40.734544,2026-07-09T09:03:40.746524+00:00,127.0,50,ask,EarnestEspressos,FlawlessFlatbreads,13355299
2026-07-09T09:03:41.484953,2026-07-09T09:03:41.494929+00:00,127.0,45,ask,EarnestEspressos,CostlyCorianders,13355308
2026-07-09T09:03:42.411151,2026-07-09T09:03:42.418476+00:00,127.2,99,bid,Lachy Miller,DiligentDonuts,13355323
2026-07-09T09:03:42.642407,2026-07-09T09:03:42.663882+00:00,127.0,45,ask,EarnestEspressos,CostlyCorianders,13355328
2026-07-09T09:03:42.843045,2026-07-09T09:03:42.854090+00:00,127.0,10,ask,EarnestEspressos,FlawlessFlatbreads,13355330
2026-07-09T09:03:42.843045,2026-07-09T09:03:42.854090+00:00,126.7,40,ask,DiligentDonuts,FlawlessFlatbreads,13355331
2026-07-09T09:03:43.157109,2026-07-09T09:03:43.169091+00:00,127.5,48,bid,CostlyCorianders,EarnestEspressos,13355338
2026-07-09T09:03:43.630554,2026-07-09T09:03:43.639921+00:00,127.2,48,ask,DiligentDonuts,CostlyCorianders,13355349
2026-07-09T09:03:44.708185,2026-07-09T09:03:44.720374+00:00,127.4,49,bid,CostlyCorianders,EarnestEspressos,13355359
2026-07-09T09:03:44.952157,2026-07-09T09:03:44.963852+00:00,127.2,50,ask,DiligentDonuts,FlawlessFlatbreads,13355367
2026-07-09T09:03:45.828167,2026-07-09T09:03:45.837325+00:00,127.4,46,bid,CostlyCorianders,EarnestEspressos,13355377
2026-07-09T09:03:46.796638,2026-07-09T09:03:46.808428+00:00,127.3,43,ask,EarnestEspressos,CostlyCorianders,13355388
2026-07-09T09:03:47.059291,2026-07-09T09:03:47.069508+00:00,127.3,50,ask,EarnestEspressos,FlawlessFlatbreads,13355394
2026-07-09T09:03:47.389439,2026-07-09T09:03:47.400672+00:00,127.3,49,ask,EarnestEspressos,CostlyCorianders,13355400
2026-07-09T09:03:48.878490,2026-07-09T09:03:48.889454+00:00,127.5,40,bid,CostlyCorianders,DiligentDonuts,13355422
2026-07-09T09:03:49.164580,2026-07-09T09:03:49.176560+00:00,127.3,8,ask,EarnestEspressos,FlawlessFlatbreads,13355431
2026-07-09T09:03:49.678921,2026-07-09T09:03:49.687969+00:00,127.2,14,bid,Xuanyu Liu,EarnestEspressos,13355435
2026-07-09T09:03:49.836529,2026-07-09T09:03:49.847190+00:00,127.2,25,bid,Lachy Miller,EarnestEspressos,13355438
2026-07-09T09:03:51.224573,2026-07-09T09:03:51.233928+00:00,127.2,50,bid,FlawlessFlatbreads,EarnestEspressos,13355461
2026-07-09T09:03:52.687562,2026-07-09T09:03:52.695435+00:00,127.2,61,bid,DiligentDonuts,EarnestEspressos,13355472
2026-07-09T09:03:52.788534,2026-07-09T09:03:52.798404+00:00,127.5,11,ask,EarnestEspressos,Xuanyu Liu,13355475
2026-07-09T09:03:53.331118,2026-07-09T09:03:53.343440+00:00,127.8,50,bid,FlawlessFlatbreads,DiligentDonuts,13355490
2026-07-09T09:03:54.519295,2026-07-09T09:03:54.528700+00:00,127.5,3,ask,EarnestEspressos,Xuanyu Liu,13355505
2026-07-09T09:03:57.059566,2026-07-09T09:03:57.068991+00:00,127.6,25,ask,EarnestEspressos,Lachy Miller,13355542
2026-07-09T09:03:57.501572,2026-07-09T09:03:57.512472+00:00,127.6,45,ask,EarnestEspressos,CostlyCorianders,13355549
2026-07-09T09:03:58.159642,2026-07-09T09:03:58.169535+00:00,127.6,3,ask,EarnestEspressos,Xuanyu Liu,13355566
2026-07-09T09:03:58.440464,2026-07-09T09:03:58.452840+00:00,127.6,46,ask,EarnestEspressos,CostlyCorianders,13355570
2026-07-09T09:03:59.170499,2026-07-09T09:03:59.181172+00:00,127.3,3,bid,Xuanyu Liu,EarnestEspressos,13355580
2026-07-09T09:03:59.653597,2026-07-09T09:03:59.665408+00:00,127.3,50,bid,FlawlessFlatbreads,EarnestEspressos,13355592
2026-07-09T09:04:01.760911,2026-07-09T09:04:01.772690+00:00,127.3,50,bid,FlawlessFlatbreads,EarnestEspressos,13355621
2026-07-09T09:04:03.867571,2026-07-09T09:04:03.874713+00:00,127.4,50,bid,FlawlessFlatbreads,DiligentDonuts,13355651
2026-07-09T09:04:05.986217,2026-07-09T09:04:05.993871+00:00,127.7,50,bid,FlawlessFlatbreads,DiligentDonuts,13355688
2026-07-09T09:04:06.471825,2026-07-09T09:04:06.483635+00:00,127.7,46,bid,CostlyCorianders,DiligentDonuts,13355692
2026-07-09T09:04:08.927327,2026-07-09T09:04:08.937259+00:00,127.5,46,ask,DiligentDonuts,CostlyCorianders,13355724
2026-07-09T09:04:09.953182,2026-07-09T09:04:09.958609+00:00,127.7,44,bid,CostlyCorianders,EarnestEspressos,13355744
2026-07-09T09:04:10.468845,2026-07-09T09:04:10.480883+00:00,127.7,45,bid,CostlyCorianders,EarnestEspressos,13355749
2026-07-09T09:04:11.895490,2026-07-09T09:04:11.903510+00:00,127.7,46,ask,EarnestEspressos,CostlyCorianders,13355769
2026-07-09T09:04:12.353687,2026-07-09T09:04:12.365762+00:00,127.7,50,ask,EarnestEspressos,FlawlessFlatbreads,13355773
2026-07-09T09:04:12.695219,2026-07-09T09:04:12.705339+00:00,127.7,3,ask,EarnestEspressos,Xuanyu Liu,13355781
2026-07-09T09:04:13.459257,2026-07-09T09:04:13.471072+00:00,127.9,45,bid,CostlyCorianders,DiligentDonuts,13355791
2026-07-09T09:04:14.444643,2026-07-09T09:04:14.454235+00:00,127.7,46,ask,EarnestEspressos,CostlyCorianders,13355804
2026-07-09T09:04:14.487562,2026-07-09T09:04:14.497056+00:00,127.7,5,ask,EarnestEspressos,FlawlessFlatbreads,13355806
2026-07-09T09:04:14.963485,2026-07-09T09:04:14.986928+00:00,127.5,100,ask,DiligentDonuts,EarnestEspressos,13355807
2026-07-09T09:04:14.976292,2026-07-09T09:04:14.986928+00:00,127.5,3,bid,Xuanyu Liu,EarnestEspressos,13355808
2026-07-09T09:04:16.595386,2026-07-09T09:04:16.607563+00:00,127.0,50,ask,EarnestEspressos,FlawlessFlatbreads,13355836
2026-07-09T09:04:18.730994,2026-07-09T09:04:18.739815+00:00,127.2,50,ask,DiligentDonuts,FlawlessFlatbreads,13355866
2026-07-09T09:04:20.838708,2026-07-09T09:04:20.845861+00:00,127.2,50,ask,DiligentDonuts,FlawlessFlatbreads,13355892
2026-07-09T09:04:21.267160,2026-07-09T09:04:21.277308+00:00,127.3,100,bid,EarnestEspressos,DiligentDonuts,13355897
2026-07-09T09:04:21.782794,2026-07-09T09:04:21.794736+00:00,127.8,49,bid,CostlyCorianders,EarnestEspressos,13355910
2026-07-09T09:04:23.956534,2026-07-09T09:04:23.968811+00:00,127.3,45,ask,EarnestEspressos,CostlyCorianders,13355936
2026-07-09T09:04:24.450779,2026-07-09T09:04:24.463617+00:00,128.0,41,bid,CostlyCorianders,DiligentDonuts,13355941
2026-07-09T09:04:25.002516,2026-07-09T09:04:25.014076+00:00,127.6,50,bid,FlawlessFlatbreads,EarnestEspressos,13355950
2026-07-09T09:04:25.533576,2026-07-09T09:04:25.545397+00:00,127.5,41,ask,DiligentDonuts,CostlyCorianders,13355953
2026-07-09T09:04:26.658653,2026-07-09T09:04:26.669205+00:00,127.6,40,bid,CostlyCorianders,EarnestEspressos,13355964
2026-07-09T09:04:27.143941,2026-07-09T09:04:27.158583+00:00,127.6,50,bid,FlawlessFlatbreads,EarnestEspressos,13355974
2026-07-09T09:04:28.395374,2026-07-09T09:04:28.407059+00:00,127.6,43,ask,EarnestEspressos,CostlyCorianders,13355999
2026-07-09T09:04:29.873449,2026-07-09T09:04:29.885478+00:00,127.6,46,ask,EarnestEspressos,CostlyCorianders,13356022
2026-07-09T09:04:30.389030,2026-07-09T09:04:30.400594+00:00,127.9,41,bid,CostlyCorianders,DiligentDonuts,13356024
2026-07-09T09:04:33.543380,2026-07-09T09:04:33.550530+00:00,127.5,50,ask,DiligentDonuts,FlawlessFlatbreads,13356071
2026-07-09T09:04:35.611426,2026-07-09T09:04:35.618999+00:00,127.9,43,bid,CostlyCorianders,EarnestEspressos,13356102
2026-07-09T09:04:35.655849,2026-07-09T09:04:35.644549+00:00,127.5,50,ask,DiligentDonuts,FlawlessFlatbreads,13356103
2026-07-09T09:04:37.696751,2026-07-09T09:04:37.709160+00:00,128.1,42,bid,CostlyCorianders,DiligentDonuts,13356134
2026-07-09T09:04:37.762880,2026-07-09T09:04:37.769958+00:00,127.7,50,ask,EarnestEspressos,FlawlessFlatbreads,13356135
2026-07-09T09:04:38.794333,2026-07-09T09:04:38.805462+00:00,127.7,43,ask,EarnestEspressos,CostlyCorianders,13356142
2026-07-09T09:04:39.898134,2026-07-09T09:04:39.909781+00:00,127.7,50,ask,EarnestEspressos,FlawlessFlatbreads,13356158
2026-07-09T09:04:40.342269,2026-07-09T09:04:40.369247+00:00,127.5,100,ask,DiligentDonuts,EarnestEspressos,13356161
2026-07-09T09:04:40.359583,2026-07-09T09:04:40.369247+00:00,127.5,3,bid,Xuanyu Liu,EarnestEspressos,13356162
2026-07-09T09:04:40.534218,2026-07-09T09:04:40.543550+00:00,127.5,11,bid,CostlyCorianders,EarnestEspressos,13356166
2026-07-09T09:04:40.549791,2026-07-09T09:04:40.558823+00:00,127.5,25,bid,Lachy Miller,EarnestEspressos,13356169
2026-07-09T09:04:40.733598,2026-07-09T09:04:40.745779+00:00,127.5,11,bid,Xuanyu Liu,EarnestEspressos,13356175
2026-07-09T09:04:40.733598,2026-07-09T09:04:40.745779+00:00,128.0,29,bid,CostlyCorianders,DiligentDonuts,13356176
2026-07-09T09:04:41.895297,2026-07-09T09:04:41.904019+00:00,127.0,40,ask,EarnestEspressos,CostlyCorianders,13356191
2026-07-09T09:04:42.004569,2026-07-09T09:04:42.016375+00:00,127.0,50,ask,EarnestEspressos,FlawlessFlatbreads,13356194
2026-07-09T09:04:44.115722,2026-07-09T09:04:44.127626+00:00,127.1,50,ask,DiligentDonuts,FlawlessFlatbreads,13356233
2026-07-09T09:04:46.222414,2026-07-09T09:04:46.234412+00:00,127.1,50,ask,DiligentDonuts,FlawlessFlatbreads,13356259
2026-07-09T09:04:48.331137,2026-07-09T09:04:48.338651+00:00,127.2,50,ask,EarnestEspressos,FlawlessFlatbreads,13356291
2026-07-09T09:04:50.386230,2026-07-09T09:04:50.398053+00:00,127.5,50,bid,FlawlessFlatbreads,DiligentDonuts,13356324
2026-07-09T09:04:52.324745,2026-07-09T09:04:52.336634+00:00,127.5,46,bid,FlawlessFlatbreads,EarnestEspressos,13356357
2026-07-09T09:04:52.494350,2026-07-09T09:04:52.506428+00:00,127.5,4,bid,FlawlessFlatbreads,DiligentDonuts,13356358
2026-07-09T09:04:52.494350,2026-07-09T09:04:52.506428+00:00,127.5,46,bid,CostlyCorianders,DiligentDonuts,13356359
2026-07-09T09:04:54.619690,2026-07-09T09:04:54.629061+00:00,127.8,50,bid,FlawlessFlatbreads,EarnestEspressos,13356386
2026-07-09T09:04:56.727672,2026-07-09T09:04:56.739378+00:00,127.9,50,bid,FlawlessFlatbreads,DiligentDonuts,13356420
2026-07-09T09:04:58.662611,2026-07-09T09:04:58.674784+00:00,127.5,48,ask,EarnestEspressos,CostlyCorianders,13356452
2026-07-09T09:04:58.834708,2026-07-09T09:04:58.846433+00:00,127.9,50,bid,FlawlessFlatbreads,DiligentDonuts,13356454
2026-07-09T09:04:59.176871,2026-07-09T09:04:59.186854+00:00,127.7,11,ask,DiligentDonuts,Xuanyu Liu,13356459
2026-07-09T09:04:59.188574,2026-07-09T09:04:59.202165+00:00,128.0,40,bid,CostlyCorianders,EarnestEspressos,13356461
2026-07-09T09:05:00.948842,2026-07-09T09:05:00.955433+00:00,127.7,41,ask,DiligentDonuts,CostlyCorianders,13356505
2026-07-09T09:05:00.997833,2026-07-09T09:05:01.007333+00:00,127.7,48,ask,DiligentDonuts,FlawlessFlatbreads,13356507
2026-07-09T09:05:00.997833,2026-07-09T09:05:01.007333+00:00,127.4,2,ask,EarnestEspressos,FlawlessFlatbreads,13356508
2026-07-09T09:05:01.462532,2026-07-09T09:05:01.474568+00:00,127.4,42,ask,EarnestEspressos,CostlyCorianders,13356517
2026-07-09T09:05:03.107011,2026-07-09T09:05:03.117343+00:00,127.3,50,ask,DiligentDonuts,FlawlessFlatbreads,13356545
2026-07-09T09:05:05.214269,2026-07-09T09:05:05.226041+00:00,127.3,50,ask,DiligentDonuts,FlawlessFlatbreads,13356589
2026-07-09T09:05:08.487613,2026-07-09T09:05:08.496898+00:00,127.3,34,bid,Xuanyu Liu,DiligentDonuts,13356628
2026-07-09T09:05:09.809697,2026-07-09T09:05:09.823958+00:00,127.3,11,ask,EarnestEspressos,Xuanyu Liu,13356650
2026-07-09T09:05:10.087776,2026-07-09T09:05:10.099923+00:00,127.7,41,bid,CostlyCorianders,DiligentDonuts,13356656
2026-07-09T09:05:11.096801,2026-07-09T09:05:11.103765+00:00,127.3,43,ask,EarnestEspressos,CostlyCorianders,13356674
2026-07-09T09:05:12.767147,2026-07-09T09:05:12.777599+00:00,127.3,40,bid,CostlyCorianders,EarnestEspressos,13356698
2026-07-09T09:05:13.633687,2026-07-09T09:05:13.645305+00:00,127.0,50,ask,DiligentDonuts,FlawlessFlatbreads,13356713
2026-07-09T09:05:15.419609,2026-07-09T09:05:15.431376+00:00,127.3,44,bid,CostlyCorianders,DiligentDonuts,13356735
2026-07-09T09:05:17.847057,2026-07-09T09:05:17.853754+00:00,126.9,50,ask,EarnestEspressos,FlawlessFlatbreads,13356770
2026-07-09T09:05:19.904599,2026-07-09T09:05:19.916208+00:00,127.2,50,bid,FlawlessFlatbreads,EarnestEspressos,13356803
2026-07-09T09:05:20.330341,2026-07-09T09:05:20.342495+00:00,127.2,43,bid,CostlyCorianders,EarnestEspressos,13356810
2026-07-09T09:05:22.066806,2026-07-09T09:05:22.074285+00:00,126.9,50,ask,EarnestEspressos,FlawlessFlatbreads,13356841
2026-07-09T09:05:24.123975,2026-07-09T09:05:24.131866+00:00,127.3,50,bid,FlawlessFlatbreads,DiligentDonuts,13356872
2026-07-09T09:05:25.921455,2026-07-09T09:05:25.931586+00:00,126.9,44,ask,DiligentDonuts,CostlyCorianders,13356888
2026-07-09T09:05:26.232528,2026-07-09T09:05:26.243604+00:00,127.2,50,bid,FlawlessFlatbreads,EarnestEspressos,13356891
2026-07-09T09:05:27.480276,2026-07-09T09:05:27.492249+00:00,127.2,47,bid,CostlyCorianders,EarnestEspressos,13356904
2026-07-09T09:05:27.785506,2026-07-09T09:05:27.795171+00:00,127.1,12,ask,EarnestEspressos,Xuanyu Liu,13356907
2026-07-09T09:05:28.342723,2026-07-09T09:05:28.358603+00:00,127.3,50,bid,FlawlessFlatbreads,DiligentDonuts,13356911
2026-07-09T09:05:29.123272,2026-07-09T09:05:29.135360+00:00,127.1,47,ask,EarnestEspressos,CostlyCorianders,13356918
2026-07-09T09:05:29.371983,2026-07-09T09:05:29.377595+00:00,127.1,25,ask,EarnestEspressos,Lachy Miller,13356922
2026-07-09T09:05:30.449246,2026-07-09T09:05:30.458575+00:00,127.3,50,bid,FlawlessFlatbreads,DiligentDonuts,13356930
2026-07-09T09:05:32.627806,2026-07-09T09:05:32.639544+00:00,127.1,50,ask,DiligentDonuts,FlawlessFlatbreads,13356962
2026-07-09T09:05:33.945952,2026-07-09T09:05:33.953680+00:00,126.7,42,ask,EarnestEspressos,CostlyCorianders,13356976
2026-07-09T09:05:36.794062,2026-07-09T09:05:36.811085+00:00,127.3,50,bid,FlawlessFlatbreads,EarnestEspressos,13357028
2026-07-09T09:05:41.038284,2026-07-09T09:05:41.048071+00:00,127.5,50,bid,FlawlessFlatbreads,EarnestEspressos,13357086
2026-07-09T09:05:43.670963,2026-07-09T09:05:43.682977+00:00,127.5,44,bid,CostlyCorianders,DiligentDonuts,13357121
2026-07-09T09:05:45.302337,2026-07-09T09:05:45.309399+00:00,127.1,50,ask,EarnestEspressos,FlawlessFlatbreads,13357136
2026-07-09T09:05:45.727212,2026-07-09T09:05:45.734904+00:00,127.1,45,ask,EarnestEspressos,CostlyCorianders,13357137
2026-07-09T09:05:46.736088,2026-07-09T09:05:46.745789+00:00,127.8,46,bid,CostlyCorianders,DiligentDonuts,13357153
2026-07-09T09:05:46.790761,2026-07-09T09:05:46.798842+00:00,127.3,44,ask,DiligentDonuts,CostlyCorianders,13357154
2026-07-09T09:05:46.816454,2026-07-09T09:05:46.828465+00:00,127.3,56,ask,DiligentDonuts,EarnestEspressos,13357155
2026-07-09T09:05:47.410242,2026-07-09T09:05:47.420314+00:00,126.8,50,ask,EarnestEspressos,FlawlessFlatbreads,13357169
2026-07-09T09:05:48.421404,2026-07-09T09:05:48.433244+00:00,127.3,41,bid,CostlyCorianders,EarnestEspressos,13357183
2026-07-09T09:05:49.516196,2026-07-09T09:05:49.528053+00:00,126.8,50,ask,EarnestEspressos,FlawlessFlatbreads,13357205
2026-07-09T09:05:51.623873,2026-07-09T09:05:51.635509+00:00,127.1,50,ask,DiligentDonuts,FlawlessFlatbreads,13357229
2026-07-09T09:05:52.644363,2026-07-09T09:05:52.654935+00:00,127.1,45,ask,DiligentDonuts,CostlyCorianders,13357247
2026-07-09T09:05:53.732972,2026-07-09T09:05:53.740577+00:00,126.8,50,ask,DiligentDonuts,FlawlessFlatbreads,13357263
2026-07-09T09:05:55.199055,2026-07-09T09:05:55.211210+00:00,127.3,43,bid,CostlyCorianders,DiligentDonuts,13357285
2026-07-09T09:05:55.714136,2026-07-09T09:05:55.722305+00:00,127.3,12,bid,Xuanyu Liu,DiligentDonuts,13357294
2026-07-09T09:05:55.789105,2026-07-09T09:05:55.796321+00:00,127.3,45,bid,FlawlessFlatbreads,DiligentDonuts,13357298
2026-07-09T09:05:55.789105,2026-07-09T09:05:55.801664+00:00,127.3,5,bid,FlawlessFlatbreads,EarnestEspressos,13357299
2026-07-09T09:05:57.384328,2026-07-09T09:05:57.396361+00:00,127.2,48,ask,DiligentDonuts,CostlyCorianders,13357323
2026-07-09T09:05:57.898763,2026-07-09T09:05:57.907527+00:00,127.5,50,bid,FlawlessFlatbreads,EarnestEspressos,13357334
2026-07-09T09:05:59.390749,2026-07-09T09:05:59.398985+00:00,127.4,46,bid,CostlyCorianders,DiligentDonuts,13357353
2026-07-09T09:06:04.268122,2026-07-09T09:06:04.277200+00:00,126.8,50,ask,DiligentDonuts,FlawlessFlatbreads,13357425
2026-07-09T09:06:04.268372,2026-07-09T09:06:04.282419+00:00,127.3,48,bid,CostlyCorianders,DiligentDonuts,13357426
2026-07-09T09:06:04.323164,2026-07-09T09:06:04.335139+00:00,126.8,45,ask,DiligentDonuts,CostlyCorianders,13357427
2026-07-09T09:06:05.932725,2026-07-09T09:06:05.944752+00:00,126.6,45,ask,EarnestEspressos,CostlyCorianders,13357449
2026-07-09T09:06:06.378191,2026-07-09T09:06:06.385867+00:00,126.6,50,ask,EarnestEspressos,FlawlessFlatbreads,13357454
2026-07-09T09:06:07.105360,2026-07-09T09:06:07.121333+00:00,127.0,43,bid,CostlyCorianders,DiligentDonuts,13357466
2026-07-09T09:06:08.794374,2026-07-09T09:06:08.806325+00:00,127.1,45,bid,CostlyCorianders,EarnestEspressos,13357494
2026-07-09T09:06:10.536492,2026-07-09T09:06:10.543665+00:00,126.9,50,bid,FlawlessFlatbreads,EarnestEspressos,13357517
2026-07-09T09:06:10.747858,2026-07-09T09:06:10.759625+00:00,126.9,11,bid,Xuanyu Liu,EarnestEspressos,13357520
2026-07-09T09:06:11.519417,2026-07-09T09:06:11.529673+00:00,126.9,12,bid,Xuanyu Liu,EarnestEspressos,13357528
2026-07-09T09:06:11.921453,2026-07-09T09:06:11.930724+00:00,126.9,48,bid,CostlyCorianders,EarnestEspressos,13357534
2026-07-09T09:06:12.008067,2026-07-09T09:06:12.020114+00:00,126.9,29,bid,DiligentDonuts,EarnestEspressos,13357538
2026-07-09T09:06:12.127284,2026-07-09T09:06:12.136822+00:00,127.4,35,ask,EarnestEspressos,Xuanyu Liu,13357544
2026-07-09T09:06:12.643387,2026-07-09T09:06:12.663875+00:00,127.5,50,bid,FlawlessFlatbreads,DiligentDonuts,13357554
2026-07-09T09:06:12.838078,2026-07-09T09:06:12.848132+00:00,127.4,11,ask,EarnestEspressos,Xuanyu Liu,13357557
2026-07-09T09:06:13.819937,2026-07-09T09:06:13.828494+00:00,127.4,3,ask,EarnestEspressos,Xuanyu Liu,13357589
2026-07-09T09:06:14.750685,2026-07-09T09:06:14.757480+00:00,127.5,50,bid,FlawlessFlatbreads,DiligentDonuts,13357608
2026-07-09T09:06:18.963915,2026-07-09T09:06:18.975732+00:00,127.9,50,bid,FlawlessFlatbreads,DiligentDonuts,13357668
2026-07-09T09:06:21.315332,2026-07-09T09:06:21.326846+00:00,127.5,48,ask,EarnestEspressos,CostlyCorianders,13357707
2026-07-09T09:06:23.466766,2026-07-09T09:06:23.474274+00:00,127.6,42,ask,DiligentDonuts,CostlyCorianders,13357740
2026-07-09T09:06:24.104326,2026-07-09T09:06:24.115968+00:00,127.6,47,ask,DiligentDonuts,CostlyCorianders,13357750
2026-07-09T09:06:25.666255,2026-07-09T09:06:25.673110+00:00,127.6,40,ask,EarnestEspressos,CostlyCorianders,13357766
2026-07-09T09:06:27.433671,2026-07-09T09:06:27.445473+00:00,127.6,50,ask,EarnestEspressos,FlawlessFlatbreads,13357779
2026-07-09T09:06:27.987300,2026-07-09T09:06:27.998894+00:00,127.5,100,ask,DiligentDonuts,EarnestEspressos,13357786
2026-07-09T09:06:28.000176,2026-07-09T09:06:28.008787+00:00,127.5,26,bid,Xuanyu Liu,EarnestEspressos,13357787
2026-07-09T09:06:29.116538,2026-07-09T09:06:29.134583+00:00,127.5,24,bid,CostlyCorianders,EarnestEspressos,13357800
2026-07-09T09:06:29.116538,2026-07-09T09:06:29.139847+00:00,128.0,23,bid,CostlyCorianders,DiligentDonuts,13357801
2026-07-09T09:06:31.281014,2026-07-09T09:06:31.289297+00:00,127.7,41,bid,CostlyCorianders,DiligentDonuts,13357829
2026-07-09T09:06:31.677640,2026-07-09T09:06:31.689353+00:00,127.6,50,ask,EarnestEspressos,FlawlessFlatbreads,13357839
2026-07-09T09:06:31.791579,2026-07-09T09:06:31.801308+00:00,127.7,46,bid,CostlyCorianders,DiligentDonuts,13357841
2026-07-09T09:06:31.847335,2026-07-09T09:06:31.854628+00:00,127.6,41,ask,EarnestEspressos,CostlyCorianders,13357847
2026-07-09T09:06:32.462421,2026-07-09T09:06:32.477365+00:00,127.7,13,bid,CostlyCorianders,DiligentDonuts,13357854
2026-07-09T09:06:32.517724,2026-07-09T09:06:32.525061+00:00,127.6,47,ask,EarnestEspressos,CostlyCorianders,13357855
2026-07-09T09:06:34.007911,2026-07-09T09:06:34.019620+00:00,127.6,12,ask,EarnestEspressos,CostlyCorianders,13357887
2026-07-09T09:06:34.310331,2026-07-09T09:06:34.322600+00:00,127.5,100,ask,DiligentDonuts,EarnestEspressos,13357892
2026-07-09T09:06:35.229241,2026-07-09T09:06:35.238482+00:00,127.5,11,bid,Xuanyu Liu,EarnestEspressos,13357903
2026-07-09T09:06:35.837770,2026-07-09T09:06:35.844958+00:00,127.5,39,bid,FlawlessFlatbreads,EarnestEspressos,13357909
2026-07-09T09:06:35.837770,2026-07-09T09:06:35.850454+00:00,128.0,11,bid,FlawlessFlatbreads,DiligentDonuts,13357910
2026-07-09T09:06:37.459545,2026-07-09T09:06:37.469178+00:00,127.4,11,ask,EarnestEspressos,Xuanyu Liu,13357935
2026-07-09T09:06:37.953110,2026-07-09T09:06:37.958584+00:00,127.6,50,bid,FlawlessFlatbreads,DiligentDonuts,13357942
2026-07-09T09:06:38.574403,2026-07-09T09:06:38.585353+00:00,127.6,43,bid,CostlyCorianders,DiligentDonuts,13357958
2026-07-09T09:06:39.233902,2026-07-09T09:06:39.244524+00:00,127.6,7,bid,CostlyCorianders,DiligentDonuts,13357967
2026-07-09T09:06:40.139567,2026-07-09T09:06:40.151690+00:00,127.4,50,ask,EarnestEspressos,FlawlessFlatbreads,13357985
2026-07-09T09:06:40.232306,2026-07-09T09:06:40.239358+00:00,127.4,46,ask,EarnestEspressos,CostlyCorianders,13357986
2026-07-09T09:06:42.116513,2026-07-09T09:06:42.128677+00:00,127.7,47,bid,CostlyCorianders,EarnestEspressos,13358014
2026-07-09T09:06:42.251458,2026-07-09T09:06:42.269329+00:00,127.4,50,ask,DiligentDonuts,FlawlessFlatbreads,13358018
2026-07-09T09:06:44.310176,2026-07-09T09:06:44.319689+00:00,127.9,50,bid,FlawlessFlatbreads,DiligentDonuts,13358043
2026-07-09T09:06:46.416697,2026-07-09T09:06:46.428791+00:00,127.9,50,bid,FlawlessFlatbreads,DiligentDonuts,13358076
2026-07-09T09:06:46.845382,2026-07-09T09:06:46.854525+00:00,127.8,12,ask,DiligentDonuts,Xuanyu Liu,13358081
2026-07-09T09:06:48.567483,2026-07-09T09:06:48.577108+00:00,128.0,50,bid,FlawlessFlatbreads,EarnestEspressos,13358104
2026-07-09T09:06:50.678681,2026-07-09T09:06:50.690543+00:00,128.2,50,bid,FlawlessFlatbreads,EarnestEspressos,13358150
2026-07-09T09:06:52.805552,2026-07-09T09:06:52.813383+00:00,128.2,50,bid,FlawlessFlatbreads,EarnestEspressos,13358181
2026-07-09T09:06:53.279031,2026-07-09T09:06:53.289907+00:00,128.1,14,ask,EarnestEspressos,Xuanyu Liu,13358196
2026-07-09T09:06:54.911402,2026-07-09T09:06:54.923239+00:00,128.2,50,bid,FlawlessFlatbreads,DiligentDonuts,13358214
2026-07-09T09:06:55.719781,2026-07-09T09:06:55.727059+00:00,128.1,46,ask,EarnestEspressos,CostlyCorianders,13358228
2026-07-09T09:06:57.021456,2026-07-09T09:06:57.033522+00:00,128.6,50,bid,FlawlessFlatbreads,DiligentDonuts,13358247
2026-07-09T09:06:57.780035,2026-07-09T09:06:57.791768+00:00,128.1,47,ask,DiligentDonuts,CostlyCorianders,13358260
2026-07-09T09:06:59.135119,2026-07-09T09:06:59.158578+00:00,128.6,50,bid,FlawlessFlatbreads,DiligentDonuts,13358274
2026-07-09T09:07:01.265677,2026-07-09T09:07:01.277790+00:00,128.7,50,bid,FlawlessFlatbreads,EarnestEspressos,13358296
2026-07-09T09:07:02.045185,2026-07-09T09:07:02.058593+00:00,128.7,49,bid,CostlyCorianders,EarnestEspressos,13358314
2026-07-09T09:07:02.672692,2026-07-09T09:07:02.689868+00:00,128.7,45,bid,CostlyCorianders,EarnestEspressos,13358321
2026-07-09T09:07:02.787653,2026-07-09T09:07:02.797777+00:00,128.8,3,ask,EarnestEspressos,Xuanyu Liu,13358327
2026-07-09T09:07:02.798915,2026-07-09T09:07:02.807745+00:00,128.8,11,ask,EarnestEspressos,Xuanyu Liu,13358329
2026-07-09T09:07:03.146764,2026-07-09T09:07:03.156172+00:00,128.8,40,ask,EarnestEspressos,CostlyCorianders,13358338
2026-07-09T09:07:05.532601,2026-07-09T09:07:05.541373+00:00,128.8,50,ask,EarnestEspressos,FlawlessFlatbreads,13358373
2026-07-09T09:07:07.640814,2026-07-09T09:07:07.658570+00:00,128.6,50,ask,DiligentDonuts,FlawlessFlatbreads,13358397
2026-07-09T09:07:09.735322,2026-07-09T09:07:09.744759+00:00,128.5,48,ask,EarnestEspressos,CostlyCorianders,13358416
2026-07-09T09:07:09.748576,2026-07-09T09:07:09.755345+00:00,128.5,50,ask,EarnestEspressos,FlawlessFlatbreads,13358417
2026-07-09T09:07:10.324159,2026-07-09T09:07:10.336260+00:00,128.9,42,bid,CostlyCorianders,DiligentDonuts,13358421
2026-07-09T09:07:11.382580,2026-07-09T09:07:11.394426+00:00,128.9,40,bid,CostlyCorianders,DiligentDonuts,13358441
2026-07-09T09:07:11.976929,2026-07-09T09:07:11.985482+00:00,128.9,11,bid,Xuanyu Liu,DiligentDonuts,13358447
2026-07-09T09:07:12.001902,2026-07-09T09:07:12.010888+00:00,128.9,3,bid,Xuanyu Liu,DiligentDonuts,13358449
2026-07-09T09:07:12.147874,2026-07-09T09:07:12.161136+00:00,129.0,100,bid,DiligentDonuts,EarnestEspressos,13358451
2026-07-09T09:07:13.907628,2026-07-09T09:07:13.916589+00:00,129.4,50,bid,FlawlessFlatbreads,EarnestEspressos,13358480
2026-07-09T09:07:14.092958,2026-07-09T09:07:14.105104+00:00,128.9,40,ask,EarnestEspressos,CostlyCorianders,13358483
2026-07-09T09:07:18.175831,2026-07-09T09:07:18.187626+00:00,128.7,50,ask,EarnestEspressos,FlawlessFlatbreads,13358541
2026-07-09T09:07:20.282813,2026-07-09T09:07:20.294556+00:00,128.7,50,ask,DiligentDonuts,FlawlessFlatbreads,13358574
2026-07-09T09:07:22.390188,2026-07-09T09:07:22.402232+00:00,128.5,50,ask,DiligentDonuts,FlawlessFlatbreads,13358602
2026-07-09T09:07:25.579214,2026-07-09T09:07:25.586161+00:00,128.7,40,bid,CostlyCorianders,DiligentDonuts,13358657
2026-07-09T09:07:28.656670,2026-07-09T09:07:28.668434+00:00,128.8,50,bid,FlawlessFlatbreads,DiligentDonuts,13358697
2026-07-09T09:07:29.387755,2026-07-09T09:07:29.398340+00:00,128.5,44,ask,EarnestEspressos,CostlyCorianders,13358703
2026-07-09T09:07:30.763722,2026-07-09T09:07:30.771293+00:00,128.8,50,bid,FlawlessFlatbreads,DiligentDonuts,13358724
2026-07-09T09:07:31.494229,2026-07-09T09:07:31.506044+00:00,128.9,49,bid,CostlyCorianders,EarnestEspressos,13358737
2026-07-09T09:07:32.872304,2026-07-09T09:07:32.881317+00:00,128.9,50,bid,FlawlessFlatbreads,EarnestEspressos,13358770
2026-07-09T09:07:33.715051,2026-07-09T09:07:33.722385+00:00,128.7,47,ask,DiligentDonuts,CostlyCorianders,13358779
2026-07-09T09:07:35.031345,2026-07-09T09:07:35.043138+00:00,128.7,50,ask,EarnestEspressos,FlawlessFlatbreads,13358797
2026-07-09T09:07:35.767316,2026-07-09T09:07:35.779241+00:00,128.7,48,ask,EarnestEspressos,CostlyCorianders,13358805
2026-07-09T09:07:37.088326,2026-07-09T09:07:37.095125+00:00,129.0,50,bid,FlawlessFlatbreads,DiligentDonuts,13358821
2026-07-09T09:07:37.975312,2026-07-09T09:07:37.986229+00:00,129.0,48,bid,CostlyCorianders,EarnestEspressos,13358826
2026-07-09T09:07:39.206957,2026-07-09T09:07:39.222065+00:00,129.0,50,bid,FlawlessFlatbreads,EarnestEspressos,13358848
2026-07-09T09:07:39.544145,2026-07-09T09:07:39.554122+00:00,128.8,14,ask,DiligentDonuts,Xuanyu Liu,13358855
2026-07-09T09:07:41.366579,2026-07-09T09:07:41.378598+00:00,128.4,50,ask,DiligentDonuts,FlawlessFlatbreads,13358877
2026-07-09T09:07:42.170660,2026-07-09T09:07:42.179595+00:00,128.9,11,bid,Xuanyu Liu,DiligentDonuts,13358895
2026-07-09T09:07:43.497794,2026-07-09T09:07:43.509916+00:00,128.4,50,ask,DiligentDonuts,FlawlessFlatbreads,13358913
2026-07-09T09:07:45.614001,2026-07-09T09:07:45.626111+00:00,128.8,50,ask,EarnestEspressos,FlawlessFlatbreads,13358947
2026-07-09T09:07:46.116545,2026-07-09T09:07:46.126735+00:00,128.9,3,bid,Xuanyu Liu,DiligentDonuts,13358952
2026-07-09T09:07:47.433813,2026-07-09T09:07:47.442891+00:00,128.7,3,ask,EarnestEspressos,Xuanyu Liu,13358963
2026-07-09T09:07:47.726654,2026-07-09T09:07:47.736452+00:00,128.7,50,ask,EarnestEspressos,FlawlessFlatbreads,13358970
2026-07-09T09:07:49.834543,2026-07-09T09:07:49.846488+00:00,128.7,50,ask,EarnestEspressos,FlawlessFlatbreads,13359007
2026-07-09T09:07:50.187634,2026-07-09T09:07:50.199496+00:00,128.7,47,ask,EarnestEspressos,DiligentDonuts,13359016
2026-07-09T09:07:50.298270,2026-07-09T09:07:50.306224+00:00,128.2,100,ask,DiligentDonuts,EarnestEspressos,13359019
2026-07-09T09:07:50.312424,2026-07-09T09:07:50.322209+00:00,128.2,6,bid,Xuanyu Liu,EarnestEspressos,13359020
2026-07-09T09:07:50.755858,2026-07-09T09:07:50.769677+00:00,128.2,11,bid,Xuanyu Liu,EarnestEspressos,13359028
2026-07-09T09:07:51.160061,2026-07-09T09:07:51.167414+00:00,128.2,33,bid,CostlyCorianders,EarnestEspressos,13359038
2026-07-09T09:07:51.160061,2026-07-09T09:07:51.172769+00:00,128.7,16,bid,CostlyCorianders,DiligentDonuts,13359039
2026-07-09T09:07:51.698804,2026-07-09T09:07:51.710365+00:00,127.7,43,ask,EarnestEspressos,CostlyCorianders,13359053
2026-07-09T09:07:51.971790,2026-07-09T09:07:51.980433+00:00,127.7,50,ask,EarnestEspressos,FlawlessFlatbreads,13359063
2026-07-09T09:07:54.082543,2026-07-09T09:07:54.090795+00:00,128.2,50,ask,DiligentDonuts,FlawlessFlatbreads,13359099
2026-07-09T09:07:54.533650,2026-07-09T09:07:54.544925+00:00,128.2,44,ask,DiligentDonuts,CostlyCorianders,13359104
2026-07-09T09:07:56.191228,2026-07-09T09:07:56.203119+00:00,128.2,6,ask,DiligentDonuts,FlawlessFlatbreads,13359124
2026-07-09T09:07:56.191228,2026-07-09T09:07:56.203119+00:00,128.1,44,ask,EarnestEspressos,FlawlessFlatbreads,13359125
2026-07-09T09:07:57.693850,2026-07-09T09:07:57.703242+00:00,128.5,44,bid,CostlyCorianders,DiligentDonuts,13359138
2026-07-09T09:07:58.261147,2026-07-09T09:07:58.273303+00:00,128.5,41,bid,CostlyCorianders,DiligentDonuts,13359151
2026-07-09T09:07:58.300602,2026-07-09T09:07:58.312622+00:00,128.0,50,ask,DiligentDonuts,FlawlessFlatbreads,13359152
2026-07-09T09:08:00.433949,2026-07-09T09:08:00.443891+00:00,128.2,50,ask,DiligentDonuts,FlawlessFlatbreads,13359186
2026-07-09T09:08:01.522903,2026-07-09T09:08:01.534814+00:00,128.2,48,ask,DiligentDonuts,CostlyCorianders,13359199
2026-07-09T09:08:02.546445,2026-07-09T09:08:02.558574+00:00,128.2,2,ask,DiligentDonuts,FlawlessFlatbreads,13359215
2026-07-09T09:08:02.546445,2026-07-09T09:08:02.558574+00:00,128.1,48,ask,EarnestEspressos,FlawlessFlatbreads,13359216
2026-07-09T09:08:02.891420,2026-07-09T09:08:02.901881+00:00,128.3,12,bid,Xuanyu Liu,DiligentDonuts,13359220
2026-07-09T09:08:03.650460,2026-07-09T09:08:03.653210+00:00,128.3,44,bid,CostlyCorianders,DiligentDonuts,13359224
2026-07-09T09:08:04.471076,2026-07-09T09:08:04.481393+00:00,128.3,11,bid,Xuanyu Liu,DiligentDonuts,13359238
2026-07-09T09:08:04.684915,2026-07-09T09:08:04.696822+00:00,127.8,50,ask,DiligentDonuts,FlawlessFlatbreads,13359242
2026-07-09T09:08:05.781861,2026-07-09T09:08:05.792712+00:00,128.3,12,bid,Xuanyu Liu,DiligentDonuts,13359253
2026-07-09T09:08:06.334414,2026-07-09T09:08:06.343253+00:00,128.1,42,ask,DiligentDonuts,CostlyCorianders,13359269
2026-07-09T09:08:06.792187,2026-07-09T09:08:06.802050+00:00,128.1,50,ask,DiligentDonuts,FlawlessFlatbreads,13359276
2026-07-09T09:08:08.888791,2026-07-09T09:08:08.901326+00:00,128.6,44,bid,CostlyCorianders,DiligentDonuts,13359293
2026-07-09T09:08:08.933482,2026-07-09T09:08:08.944972+00:00,128.1,8,ask,DiligentDonuts,FlawlessFlatbreads,13359295
2026-07-09T09:08:08.933482,2026-07-09T09:08:08.944972+00:00,128.1,42,ask,EarnestEspressos,FlawlessFlatbreads,13359296
2026-07-09T09:08:10.378168,2026-07-09T09:08:10.388420+00:00,128.0,46,ask,DiligentDonuts,CostlyCorianders,13359324
2026-07-09T09:08:10.873007,2026-07-09T09:08:10.883989+00:00,128.4,48,bid,CostlyCorianders,EarnestEspressos,13359333
2026-07-09T09:08:11.042584,2026-07-09T09:08:11.051625+00:00,128.0,50,ask,DiligentDonuts,FlawlessFlatbreads,13359343
2026-07-09T09:08:12.383074,2026-07-09T09:08:12.397377+00:00,128.0,22,bid,Xuanyu Liu,DiligentDonuts,13359365
2026-07-09T09:08:12.511103,2026-07-09T09:08:12.519137+00:00,128.0,49,bid,CostlyCorianders,DiligentDonuts,13359367
2026-07-09T09:08:12.546341,2026-07-09T09:08:12.557856+00:00,128.0,23,bid,Xuanyu Liu,DiligentDonuts,13359369
2026-07-09T09:08:13.067467,2026-07-09T09:08:13.074773+00:00,128.0,6,bid,CostlyCorianders,DiligentDonuts,13359382
2026-07-09T09:08:13.154583,2026-07-09T09:08:13.162275+00:00,127.9,50,ask,EarnestEspressos,FlawlessFlatbreads,13359387
2026-07-09T09:08:15.260834,2026-07-09T09:08:15.272457+00:00,127.9,50,ask,EarnestEspressos,FlawlessFlatbreads,13359423
2026-07-09T09:08:15.367013,2026-07-09T09:08:15.378759+00:00,127.9,49,ask,EarnestEspressos,CostlyCorianders,13359424
2026-07-09T09:08:15.599200,2026-07-09T09:08:15.611239+00:00,128.1,100,ask,DiligentDonuts,EarnestEspressos,13359426
2026-07-09T09:08:17.369458,2026-07-09T09:08:17.381489+00:00,127.6,50,ask,EarnestEspressos,FlawlessFlatbreads,13359448
2026-07-09T09:08:21.529775,2026-07-09T09:08:21.541696+00:00,128.2,50,bid,FlawlessFlatbreads,DiligentDonuts,13359522
2026-07-09T09:08:22.542751,2026-07-09T09:08:22.549684+00:00,128.1,44,bid,CostlyCorianders,EarnestEspressos,13359540
2026-07-09T09:08:23.545320,2026-07-09T09:08:23.554053+00:00,127.8,40,ask,DiligentDonuts,CostlyCorianders,13359561
2026-07-09T09:08:23.658736,2026-07-09T09:08:23.668980+00:00,128.1,50,bid,FlawlessFlatbreads,EarnestEspressos,13359562
2026-07-09T09:08:25.088597,2026-07-09T09:08:25.098006+00:00,128.2,43,bid,CostlyCorianders,DiligentDonuts,13359581
2026-07-09T09:08:25.766972,2026-07-09T09:08:25.777770+00:00,128.2,50,bid,FlawlessFlatbreads,DiligentDonuts,13359589
2026-07-09T09:08:27.881436,2026-07-09T09:08:27.888708+00:00,128.2,7,bid,FlawlessFlatbreads,DiligentDonuts,13359628
2026-07-09T09:08:27.881436,2026-07-09T09:08:27.893730+00:00,128.5,43,bid,FlawlessFlatbreads,EarnestEspressos,13359629
2026-07-09T09:08:28.203248,2026-07-09T09:08:28.214216+00:00,128.2,23,ask,EarnestEspressos,Xuanyu Liu,13359634
2026-07-09T09:08:30.004419,2026-07-09T09:08:30.016330+00:00,128.5,50,bid,FlawlessFlatbreads,DiligentDonuts,13359662
2026-07-09T09:08:31.205155,2026-07-09T09:08:31.216775+00:00,128.2,45,ask,EarnestEspressos,CostlyCorianders,13359682
2026-07-09T09:08:31.721397,2026-07-09T09:08:31.733937+00:00,128.5,47,bid,CostlyCorianders,EarnestEspressos,13359691
2026-07-09T09:08:32.054776,2026-07-09T09:08:32.066149+00:00,128.2,22,ask,DiligentDonuts,Xuanyu Liu,13359700
2026-07-09T09:08:32.332536,2026-07-09T09:08:32.344710+00:00,128.2,44,ask,DiligentDonuts,CostlyCorianders,13359704
2026-07-09T09:08:33.953670,2026-07-09T09:08:33.965432+00:00,128.2,34,ask,DiligentDonuts,CostlyCorianders,13359728
2026-07-09T09:08:33.953670,2026-07-09T09:08:33.965432+00:00,128.0,12,ask,EarnestEspressos,CostlyCorianders,13359729
2026-07-09T09:08:34.238604,2026-07-09T09:08:34.250465+00:00,128.5,50,bid,FlawlessFlatbreads,EarnestEspressos,13359733
2026-07-09T09:08:34.540668,2026-07-09T09:08:34.552744+00:00,128.4,100,bid,EarnestEspressos,DiligentDonuts,13359734
2026-07-09T09:08:35.608574,2026-07-09T09:08:35.620631+00:00,128.8,41,bid,CostlyCorianders,EarnestEspressos,13359751
2026-07-09T09:08:36.344758,2026-07-09T09:08:36.358580+00:00,128.8,50,bid,FlawlessFlatbreads,EarnestEspressos,13359761
2026-07-09T09:08:37.341134,2026-07-09T09:08:37.359571+00:00,128.4,12,ask,EarnestEspressos,Xuanyu Liu,13359771
2026-07-09T09:08:38.453899,2026-07-09T09:08:38.468694+00:00,128.6,50,bid,FlawlessFlatbreads,DiligentDonuts,13359787
2026-07-09T09:08:40.562475,2026-07-09T09:08:40.574025+00:00,128.6,50,bid,FlawlessFlatbreads,DiligentDonuts,13359816
2026-07-09T09:08:40.787178,2026-07-09T09:08:40.798821+00:00,128.6,100,bid,DiligentDonuts,EarnestEspressos,13359821
2026-07-09T09:08:40.884229,2026-07-09T09:08:40.893568+00:00,128.8,11,ask,EarnestEspressos,Xuanyu Liu,13359822
2026-07-09T09:08:41.251873,2026-07-09T09:08:41.261757+00:00,128.8,12,ask,EarnestEspressos,Xuanyu Liu,13359828
2026-07-09T09:08:42.565077,2026-07-09T09:08:42.576647+00:00,128.8,11,ask,EarnestEspressos,Xuanyu Liu,13359851
2026-07-09T09:08:42.681509,2026-07-09T09:08:42.693342+00:00,129.1,50,bid,FlawlessFlatbreads,DiligentDonuts,13359854
2026-07-09T09:08:43.008200,2026-07-09T09:08:43.017569+00:00,128.8,42,ask,EarnestEspressos,CostlyCorianders,13359858
2026-07-09T09:08:44.672260,2026-07-09T09:08:44.684538+00:00,128.6,41,ask,DiligentDonuts,CostlyCorianders,13359898
2026-07-09T09:08:44.788251,2026-07-09T09:08:44.800491+00:00,129.1,50,bid,FlawlessFlatbreads,DiligentDonuts,13359900
2026-07-09T09:08:45.237749,2026-07-09T09:08:45.253535+00:00,129.1,44,bid,CostlyCorianders,DiligentDonuts,13359904
2026-07-09T09:08:46.325018,2026-07-09T09:08:46.337258+00:00,129.1,6,bid,CostlyCorianders,DiligentDonuts,13359924
2026-07-09T09:08:46.325018,2026-07-09T09:08:46.337258+00:00,129.1,43,bid,CostlyCorianders,EarnestEspressos,13359925
2026-07-09T09:08:46.897523,2026-07-09T09:08:46.909569+00:00,129.1,50,bid,FlawlessFlatbreads,EarnestEspressos,13359939
2026-07-09T09:08:49.004900,2026-07-09T09:08:49.016998+00:00,129.3,50,bid,FlawlessFlatbreads,DiligentDonuts,13359966
2026-07-09T09:08:51.170439,2026-07-09T09:08:51.182193+00:00,128.8,46,ask,DiligentDonuts,CostlyCorianders,13359988
2026-07-09T09:08:52.698663,2026-07-09T09:08:52.708054+00:00,129.3,48,bid,CostlyCorianders,DiligentDonuts,13360012
2026-07-09T09:08:55.377233,2026-07-09T09:08:55.386420+00:00,128.9,50,ask,EarnestEspressos,FlawlessFlatbreads,13360047
2026-07-09T09:08:57.483678,2026-07-09T09:08:57.495779+00:00,128.9,50,ask,DiligentDonuts,FlawlessFlatbreads,13360076
2026-07-09T09:08:59.415299,2026-07-09T09:08:59.422943+00:00,128.9,45,ask,DiligentDonuts,CostlyCorianders,13360120
2026-07-09T09:08:59.592799,2026-07-09T09:08:59.604685+00:00,128.9,5,ask,DiligentDonuts,FlawlessFlatbreads,13360121
2026-07-09T09:08:59.592799,2026-07-09T09:08:59.604685+00:00,128.8,45,ask,EarnestEspressos,FlawlessFlatbreads,13360122
2026-07-09T09:09:01.705640,2026-07-09T09:09:01.716523+00:00,128.5,50,ask,DiligentDonuts,FlawlessFlatbreads,13360153
2026-07-09T09:09:03.438812,2026-07-09T09:09:03.447112+00:00,128.5,45,ask,EarnestEspressos,CostlyCorianders,13360179
2026-07-09T09:09:03.565045,2026-07-09T09:09:03.573582+00:00,128.9,11,bid,Xuanyu Liu,DiligentDonuts,13360182
2026-07-09T09:09:03.814265,2026-07-09T09:09:03.823466+00:00,128.5,50,ask,EarnestEspressos,FlawlessFlatbreads,13360187
2026-07-09T09:09:05.920882,2026-07-09T09:09:05.932534+00:00,128.5,50,ask,EarnestEspressos,FlawlessFlatbreads,13360219
2026-07-09T09:09:06.266738,2026-07-09T09:09:06.277496+00:00,128.5,100,ask,DiligentDonuts,EarnestEspressos,13360222
2026-07-09T09:09:06.278682,2026-07-09T09:09:06.288382+00:00,128.5,46,bid,Xuanyu Liu,EarnestEspressos,13360223
2026-07-09T09:09:07.739667,2026-07-09T09:09:07.749018+00:00,128.5,4,bid,CostlyCorianders,EarnestEspressos,13360239
2026-07-09T09:09:07.739667,2026-07-09T09:09:07.749018+00:00,129.0,43,bid,CostlyCorianders,DiligentDonuts,13360240
2026-07-09T09:09:08.027778,2026-07-09T09:09:08.037015+00:00,128.0,50,ask,EarnestEspressos,FlawlessFlatbreads,13360245
2026-07-09T09:09:10.135328,2026-07-09T09:09:10.146952+00:00,128.4,50,ask,DiligentDonuts,FlawlessFlatbreads,13360276
2026-07-09T09:09:10.891310,2026-07-09T09:09:10.903258+00:00,128.8,49,bid,CostlyCorianders,DiligentDonuts,13360285
2026-07-09T09:09:12.242262,2026-07-09T09:09:12.258592+00:00,128.4,50,ask,DiligentDonuts,FlawlessFlatbreads,13360309
2026-07-09T09:09:12.356452,2026-07-09T09:09:12.368237+00:00,128.8,48,bid,CostlyCorianders,DiligentDonuts,13360314
2026-07-09T09:09:14.355728,2026-07-09T09:09:14.358563+00:00,128.6,50,ask,EarnestEspressos,FlawlessFlatbreads,13360346
2026-07-09T09:09:16.461989,2026-07-09T09:09:16.472542+00:00,128.2,50,ask,DiligentDonuts,FlawlessFlatbreads,13360375
2026-07-09T09:09:18.597892,2026-07-09T09:09:18.609772+00:00,128.2,50,ask,DiligentDonuts,FlawlessFlatbreads,13360398
2026-07-09T09:09:20.705978,2026-07-09T09:09:20.717903+00:00,128.4,50,ask,EarnestEspressos,FlawlessFlatbreads,13360426
2026-07-09T09:09:21.985928,2026-07-09T09:09:21.995696+00:00,128.5,11,bid,Xuanyu Liu,DiligentDonuts,13360446
2026-07-09T09:09:22.837932,2026-07-09T09:09:22.847905+00:00,128.2,50,ask,EarnestEspressos,FlawlessFlatbreads,13360472
2026-07-09T09:09:24.944489,2026-07-09T09:09:24.958558+00:00,128.2,50,ask,EarnestEspressos,FlawlessFlatbreads,13360503
2026-07-09T09:09:25.249931,2026-07-09T09:09:25.254481+00:00,128.1,100,ask,DiligentDonuts,EarnestEspressos,13360509
2026-07-09T09:09:25.259512,2026-07-09T09:09:25.268539+00:00,128.1,29,bid,Xuanyu Liu,EarnestEspressos,13360510
2026-07-09T09:09:26.164547,2026-07-09T09:09:26.176556+00:00,127.6,48,ask,EarnestEspressos,CostlyCorianders,13360528
2026-07-09T09:09:27.060292,2026-07-09T09:09:27.072261+00:00,127.6,50,ask,EarnestEspressos,FlawlessFlatbreads,13360553
2026-07-09T09:09:28.247327,2026-07-09T09:09:28.258550+00:00,128.1,21,bid,DiligentDonuts,EarnestEspressos,13360576
2026-07-09T09:09:29.132185,2026-07-09T09:09:29.144370+00:00,128.6,50,bid,FlawlessFlatbreads,DiligentDonuts,13360584
2026-07-09T09:09:30.575674,2026-07-09T09:09:30.587570+00:00,128.6,46,bid,CostlyCorianders,DiligentDonuts,13360607
2026-07-09T09:09:31.253923,2026-07-09T09:09:31.269409+00:00,128.6,4,bid,FlawlessFlatbreads,DiligentDonuts,13360621
2026-07-09T09:09:31.253923,2026-07-09T09:09:31.269409+00:00,128.7,46,bid,FlawlessFlatbreads,EarnestEspressos,13360622
2026-07-09T09:09:31.482604,2026-07-09T09:09:31.494201+00:00,128.5,43,ask,DiligentDonuts,CostlyCorianders,13360624
2026-07-09T09:09:33.102938,2026-07-09T09:09:33.111506+00:00,128.5,49,ask,DiligentDonuts,CostlyCorianders,13360646
2026-07-09T09:09:33.360334,2026-07-09T09:09:33.372230+00:00,129.0,50,bid,FlawlessFlatbreads,DiligentDonuts,13360654
2026-07-09T09:09:33.658926,2026-07-09T09:09:33.668812+00:00,129.0,45,bid,CostlyCorianders,DiligentDonuts,13360659
2026-07-09T09:09:34.195246,2026-07-09T09:09:34.202296+00:00,128.5,8,ask,DiligentDonuts,CostlyCorianders,13360665
2026-07-09T09:09:34.195246,2026-07-09T09:09:34.207308+00:00,128.5,40,ask,EarnestEspressos,CostlyCorianders,13360666
2026-07-09T09:09:35.468006,2026-07-09T09:09:35.479789+00:00,128.8,50,bid,FlawlessFlatbreads,EarnestEspressos,13360685
2026-07-09T09:09:37.085062,2026-07-09T09:09:37.094386+00:00,128.8,48,bid,CostlyCorianders,EarnestEspressos,13360714
2026-07-09T09:09:37.586337,2026-07-09T09:09:37.596566+00:00,128.8,50,bid,FlawlessFlatbreads,EarnestEspressos,13360721
2026-07-09T09:09:37.860769,2026-07-09T09:09:37.878482+00:00,128.9,17,ask,EarnestEspressos,Xuanyu Liu,13360724
2026-07-09T09:09:38.287657,2026-07-09T09:09:38.299340+00:00,128.9,40,ask,EarnestEspressos,CostlyCorianders,13360730
2026-07-09T09:09:39.066446,2026-07-09T09:09:39.075747+00:00,128.9,12,ask,EarnestEspressos,Xuanyu Liu,13360741
2026-07-09T09:09:39.693773,2026-07-09T09:09:39.705726+00:00,129.0,50,bid,FlawlessFlatbreads,DiligentDonuts,13360750
2026-07-09T09:09:40.693073,2026-07-09T09:09:40.702411+00:00,128.9,45,ask,EarnestEspressos,CostlyCorianders,13360770
2026-07-09T09:09:41.690653,2026-07-09T09:09:41.699679+00:00,128.9,12,bid,Xuanyu Liu,EarnestEspressos,13360786
2026-07-09T09:09:41.815020,2026-07-09T09:09:41.822911+00:00,128.9,50,bid,FlawlessFlatbreads,EarnestEspressos,13360788
2026-07-09T09:09:42.668743,2026-07-09T09:09:42.680587+00:00,128.9,44,bid,CostlyCorianders,EarnestEspressos,13360804
2026-07-09T09:09:43.985008,2026-07-09T09:09:43.995404+00:00,128.6,50,ask,DiligentDonuts,FlawlessFlatbreads,13360822
2026-07-09T09:09:44.186118,2026-07-09T09:09:44.198118+00:00,129.1,100,bid,EarnestEspressos,DiligentDonuts,13360825
2026-07-09T09:09:45.631612,2026-07-09T09:09:45.642398+00:00,129.1,12,ask,EarnestEspressos,Xuanyu Liu,13360852
2026-07-09T09:09:46.092279,2026-07-09T09:09:46.103111+00:00,129.1,38,ask,EarnestEspressos,FlawlessFlatbreads,13360860
2026-07-09T09:09:46.092279,2026-07-09T09:09:46.103111+00:00,128.6,12,ask,DiligentDonuts,FlawlessFlatbreads,13360861
2026-07-09T09:09:46.255810,2026-07-09T09:09:46.254814+00:00,129.6,48,bid,CostlyCorianders,EarnestEspressos,13360865
2026-07-09T09:09:47.842195,2026-07-09T09:09:47.850375+00:00,129.0,43,bid,CostlyCorianders,EarnestEspressos,13360887
2026-07-09T09:09:48.149435,2026-07-09T09:09:48.156213+00:00,129.0,50,bid,FlawlessFlatbreads,EarnestEspressos,13360890
2026-07-09T09:09:52.169886,2026-07-09T09:09:52.178555+00:00,129.2,25,bid,Xinhong Shan,DiligentDonuts,13360947
2026-07-09T09:09:52.374385,2026-07-09T09:09:52.382545+00:00,129.2,50,bid,FlawlessFlatbreads,DiligentDonuts,13360953
2026-07-09T09:09:52.382165,2026-07-09T09:09:52.392979+00:00,129.2,25,bid,Xinhong Shan,DiligentDonuts,13360955
2026-07-09T09:09:52.592520,2026-07-09T09:09:52.599471+00:00,129.3,25,bid,Xinhong Shan,EarnestEspressos,13360957
2026-07-09T09:09:52.812412,2026-07-09T09:09:52.828549+00:00,129.3,25,bid,Xinhong Shan,EarnestEspressos,13360966
2026-07-09T09:09:54.480151,2026-07-09T09:09:54.489315+00:00,129.6,50,bid,FlawlessFlatbreads,DiligentDonuts,13360992
2026-07-09T09:09:56.588001,2026-07-09T09:09:56.599691+00:00,129.6,50,bid,FlawlessFlatbreads,DiligentDonuts,13361013
2026-07-09T09:09:56.745924,2026-07-09T09:09:56.755796+00:00,129.5,34,ask,DiligentDonuts,Xuanyu Liu,13361018
2026-07-09T09:09:57.877144,2026-07-09T09:09:57.889015+00:00,129.5,45,ask,DiligentDonuts,CostlyCorianders,13361027
2026-07-09T09:09:58.695440,2026-07-09T09:09:58.707455+00:00,129.7,50,bid,FlawlessFlatbreads,EarnestEspressos,13361041
2026-07-09T09:10:00.005866,2026-07-09T09:10:00.017802+00:00,129.1,45,ask,DiligentDonuts,CostlyCorianders,13361060
2026-07-09T09:10:00.487767,2026-07-09T09:10:00.495485+00:00,129.6,46,bid,CostlyCorianders,DiligentDonuts,13361069
2026-07-09T09:10:00.806482,2026-07-09T09:10:00.815833+00:00,129.6,50,bid,FlawlessFlatbreads,DiligentDonuts,13361073
2026-07-09T09:10:02.918721,2026-07-09T09:10:02.930425+00:00,129.6,4,bid,FlawlessFlatbreads,DiligentDonuts,13361112
2026-07-09T09:10:02.918721,2026-07-09T09:10:02.930425+00:00,129.7,46,bid,FlawlessFlatbreads,EarnestEspressos,13361113
2026-07-09T09:10:03.199954,2026-07-09T09:10:03.211032+00:00,129.8,23,ask,EarnestEspressos,Xuanyu Liu,13361114
2026-07-09T09:10:04.020484,2026-07-09T09:10:04.032323+00:00,129.8,11,ask,EarnestEspressos,Xuanyu Liu,13361138
2026-07-09T09:10:04.374993,2026-07-09T09:10:04.386023+00:00,129.8,44,ask,EarnestEspressos,CostlyCorianders,13361141
2026-07-09T09:10:05.029544,2026-07-09T09:10:05.041543+00:00,130.1,50,bid,FlawlessFlatbreads,DiligentDonuts,13361158
2026-07-09T09:10:06.447496,2026-07-09T09:10:06.456813+00:00,129.7,11,bid,Xuanyu Liu,EarnestEspressos,13361177
2026-07-09T09:10:07.139122,2026-07-09T09:10:07.150821+00:00,129.7,50,bid,FlawlessFlatbreads,EarnestEspressos,13361183
2026-07-09T09:10:07.405291,2026-07-09T09:10:07.417199+00:00,129.4,43,ask,DiligentDonuts,CostlyCorianders,13361189
2026-07-09T09:10:08.032389,2026-07-09T09:10:08.043707+00:00,129.7,40,bid,CostlyCorianders,EarnestEspressos,13361202
2026-07-09T09:10:08.710486,2026-07-09T09:10:08.722407+00:00,129.7,43,bid,CostlyCorianders,EarnestEspressos,13361213
2026-07-09T09:10:09.248353,2026-07-09T09:10:09.258594+00:00,129.7,6,bid,FlawlessFlatbreads,EarnestEspressos,13361223
2026-07-09T09:10:09.248353,2026-07-09T09:10:09.258594+00:00,129.9,44,bid,FlawlessFlatbreads,DiligentDonuts,13361224
2026-07-09T09:10:09.527035,2026-07-09T09:10:09.537316+00:00,130.0,14,ask,EarnestEspressos,Xuanyu Liu,13361226
2026-07-09T09:10:11.358558,2026-07-09T09:10:11.365184+00:00,130.1,50,bid,FlawlessFlatbreads,DiligentDonuts,13361255
2026-07-09T09:10:13.515604,2026-07-09T09:10:13.527820+00:00,129.9,50,ask,EarnestEspressos,FlawlessFlatbreads,13361284
2026-07-09T09:10:15.111328,2026-07-09T09:10:15.118891+00:00,129.9,40,ask,EarnestEspressos,CostlyCorianders,13361301
2026-07-09T09:10:15.622846,2026-07-09T09:10:15.634684+00:00,129.9,50,ask,EarnestEspressos,FlawlessFlatbreads,13361314
2026-07-09T09:10:15.892294,2026-07-09T09:10:15.903969+00:00,129.9,100,ask,DiligentDonuts,EarnestEspressos,13361318
2026-07-09T09:10:17.730650,2026-07-09T09:10:17.740067+00:00,129.4,50,ask,EarnestEspressos,FlawlessFlatbreads,13361346
2026-07-09T09:10:18.676612,2026-07-09T09:10:18.685234+00:00,129.9,3,bid,Xuanyu Liu,EarnestEspressos,13361360
2026-07-09T09:10:21.955095,2026-07-09T09:10:21.958577+00:00,129.7,50,ask,DiligentDonuts,FlawlessFlatbreads,13361409
2026-07-09T09:10:22.245168,2026-07-09T09:10:22.258536+00:00,129.9,45,bid,CostlyCorianders,DiligentDonuts,13361410
2026-07-09T09:10:24.062006,2026-07-09T09:10:24.071689+00:00,129.6,50,ask,EarnestEspressos,FlawlessFlatbreads,13361438
2026-07-09T09:10:26.173456,2026-07-09T09:10:26.185624+00:00,129.5,50,ask,DiligentDonuts,FlawlessFlatbreads,13361470
2026-07-09T09:10:27.408170,2026-07-09T09:10:27.419996+00:00,129.5,47,ask,DiligentDonuts,CostlyCorianders,13361484
2026-07-09T09:10:28.232806,2026-07-09T09:10:28.241907+00:00,129.8,50,bid,FlawlessFlatbreads,EarnestEspressos,13361491
2026-07-09T09:10:28.462763,2026-07-09T09:10:28.476202+00:00,129.6,11,bid,Xuanyu Liu,DiligentDonuts,13361500
2026-07-09T09:10:29.425400,2026-07-09T09:10:29.437065+00:00,129.6,42,bid,CostlyCorianders,DiligentDonuts,13361517
2026-07-09T09:10:30.094583,2026-07-09T09:10:30.106481+00:00,129.5,49,ask,EarnestEspressos,CostlyCorianders,13361528
2026-07-09T09:10:30.340263,2026-07-09T09:10:30.352317+00:00,129.6,47,bid,FlawlessFlatbreads,DiligentDonuts,13361531
2026-07-09T09:10:31.124998,2026-07-09T09:10:31.134767+00:00,129.5,46,ask,EarnestEspressos,CostlyCorianders,13361540
2026-07-09T09:10:34.611320,2026-07-09T09:10:34.623053+00:00,129.4,50,ask,DiligentDonuts,FlawlessFlatbreads,13361581
2026-07-09T09:10:35.861760,2026-07-09T09:10:35.871282+00:00,129.7,42,bid,CostlyCorianders,DiligentDonuts,13361597
2026-07-09T09:10:36.734425,2026-07-09T09:10:36.743594+00:00,129.2,50,ask,DiligentDonuts,FlawlessFlatbreads,13361613
2026-07-09T09:10:38.142185,2026-07-09T09:10:38.151047+00:00,129.6,12,bid,Xuanyu Liu,DiligentDonuts,13361639
2026-07-09T09:10:38.842465,2026-07-09T09:10:38.854512+00:00,129.1,50,ask,DiligentDonuts,FlawlessFlatbreads,13361652
2026-07-09T09:10:39.170230,2026-07-09T09:10:39.179647+00:00,129.6,46,bid,CostlyCorianders,DiligentDonuts,13361660
2026-07-09T09:10:39.462870,2026-07-09T09:10:39.475901+00:00,129.6,11,bid,Xuanyu Liu,DiligentDonuts,13361665
2026-07-09T09:10:40.446602,2026-07-09T09:10:40.455947+00:00,129.6,31,bid,CostlyCorianders,DiligentDonuts,13361684
2026-07-09T09:10:40.446602,2026-07-09T09:10:40.455947+00:00,129.6,13,bid,CostlyCorianders,EarnestEspressos,13361685
2026-07-09T09:10:40.953005,2026-07-09T09:10:40.963672+00:00,129.1,50,ask,DiligentDonuts,FlawlessFlatbreads,13361695
2026-07-09T09:10:41.631437,2026-07-09T09:10:41.643619+00:00,129.4,48,ask,DiligentDonuts,CostlyCorianders,13361704
2026-07-09T09:10:42.687890,2026-07-09T09:10:42.696986+00:00,129.4,48,ask,DiligentDonuts,CostlyCorianders,13361718
2026-07-09T09:10:43.062200,2026-07-09T09:10:43.071557+00:00,129.4,4,ask,DiligentDonuts,FlawlessFlatbreads,13361727
2026-07-09T09:10:43.062200,2026-07-09T09:10:43.076607+00:00,129.4,46,ask,EarnestEspressos,FlawlessFlatbreads,13361728
2026-07-09T09:10:47.321521,2026-07-09T09:10:47.332854+00:00,129.1,50,ask,EarnestEspressos,FlawlessFlatbreads,13361796
2026-07-09T09:10:47.775490,2026-07-09T09:10:47.787126+00:00,129.3,12,bid,Xuanyu Liu,DiligentDonuts,13361802
2026-07-09T09:10:49.453730,2026-07-09T09:10:49.465519+00:00,128.8,50,ask,DiligentDonuts,FlawlessFlatbreads,13361826
2026-07-09T09:10:50.615695,2026-07-09T09:10:50.625465+00:00,129.2,11,bid,Xuanyu Liu,DiligentDonuts,13361845
2026-07-09T09:10:51.560134,2026-07-09T09:10:51.572163+00:00,128.9,50,ask,EarnestEspressos,FlawlessFlatbreads,13361862
2026-07-09T09:10:53.366237,2026-07-09T09:10:53.375431+00:00,129.2,44,bid,CostlyCorianders,DiligentDonuts,13361887
2026-07-09T09:10:53.646777,2026-07-09T09:10:53.658597+00:00,129.2,45,bid,FlawlessFlatbreads,DiligentDonuts,13361895
2026-07-09T09:10:53.646777,2026-07-09T09:10:53.658597+00:00,129.4,5,bid,FlawlessFlatbreads,EarnestEspressos,13361896
2026-07-09T09:10:54.003226,2026-07-09T09:10:54.014005+00:00,129.2,47,bid,CostlyCorianders,EarnestEspressos,13361904
2026-07-09T09:10:55.759722,2026-07-09T09:10:55.771778+00:00,129.2,50,bid,FlawlessFlatbreads,EarnestEspressos,13361934
2026-07-09T09:10:59.983023,2026-07-09T09:10:59.992228+00:00,129.5,50,bid,FlawlessFlatbreads,DiligentDonuts,13362004
2026-07-09T09:11:01.677740,2026-07-09T09:11:01.684471+00:00,129.2,42,ask,DiligentDonuts,CostlyCorianders,13362025
2026-07-09T09:11:02.167546,2026-07-09T09:11:02.179932+00:00,129.2,50,ask,DiligentDonuts,FlawlessFlatbreads,13362032
2026-07-09T09:11:04.277293,2026-07-09T09:11:04.289256+00:00,129.1,50,ask,EarnestEspressos,FlawlessFlatbreads,13362057
2026-07-09T09:11:05.294977,2026-07-09T09:11:05.302423+00:00,129.5,45,bid,CostlyCorianders,DiligentDonuts,13362071
2026-07-09T09:11:05.349066,2026-07-09T09:11:05.360750+00:00,129.1,41,ask,EarnestEspressos,CostlyCorianders,13362072
2026-07-09T09:11:06.419460,2026-07-09T09:11:06.431172+00:00,129.2,50,ask,DiligentDonuts,FlawlessFlatbreads,13362090
2026-07-09T09:11:07.107113,2026-07-09T09:11:07.116363+00:00,129.3,11,bid,Xuanyu Liu,EarnestEspressos,13362101
2026-07-09T09:11:08.417536,2026-07-09T09:11:08.426582+00:00,129.3,23,bid,Xuanyu Liu,EarnestEspressos,13362121
2026-07-09T09:11:08.526836,2026-07-09T09:11:08.538568+00:00,129.2,50,ask,DiligentDonuts,FlawlessFlatbreads,13362123
2026-07-09T09:11:11.893505,2026-07-09T09:11:11.902727+00:00,129.2,46,ask,DiligentDonuts,CostlyCorianders,13362171
2026-07-09T09:11:12.766268,2026-07-09T09:11:12.775435+00:00,129.0,50,ask,DiligentDonuts,FlawlessFlatbreads,13362183
2026-07-09T09:11:14.844350,2026-07-09T09:11:14.856146+00:00,129.5,45,bid,CostlyCorianders,DiligentDonuts,13362221
2026-07-09T09:11:15.460083,2026-07-09T09:11:15.472026+00:00,129.2,43,ask,EarnestEspressos,CostlyCorianders,13362228
2026-07-09T09:11:16.938988,2026-07-09T09:11:16.950843+00:00,129.5,50,bid,FlawlessFlatbreads,DiligentDonuts,13362252
2026-07-09T09:11:19.129253,2026-07-09T09:11:19.141344+00:00,128.9,50,ask,DiligentDonuts,FlawlessFlatbreads,13362287
2026-07-09T09:11:21.236868,2026-07-09T09:11:21.248690+00:00,128.9,50,ask,DiligentDonuts,FlawlessFlatbreads,13362316
2026-07-09T09:11:22.842201,2026-07-09T09:11:22.843178+00:00,129.4,45,bid,CostlyCorianders,DiligentDonuts,13362338
2026-07-09T09:11:23.377193,2026-07-09T09:11:23.386030+00:00,129.0,50,ask,EarnestEspressos,FlawlessFlatbreads,13362348
2026-07-09T09:11:25.485717,2026-07-09T09:11:25.497331+00:00,128.9,50,ask,DiligentDonuts,FlawlessFlatbreads,13362379
2026-07-09T09:11:25.538786,2026-07-09T09:11:25.548965+00:00,129.2,6,bid,Xuanyu Liu,EarnestEspressos,13362380
2026-07-09T09:11:26.778486,2026-07-09T09:11:26.787894+00:00,129.2,42,bid,CostlyCorianders,EarnestEspressos,13362396
2026-07-09T09:11:29.243855,2026-07-09T09:11:29.255801+00:00,128.9,45,ask,EarnestEspressos,CostlyCorianders,13362432
2026-07-09T09:11:29.661497,2026-07-09T09:11:29.673255+00:00,129.2,50,bid,FlawlessFlatbreads,DiligentDonuts,13362441
2026-07-09T09:11:30.327707,2026-07-09T09:11:30.335225+00:00,129.2,45,bid,CostlyCorianders,DiligentDonuts,13362449
2026-07-09T09:11:30.873722,2026-07-09T09:11:30.886024+00:00,128.9,45,ask,EarnestEspressos,CostlyCorianders,13362456
2026-07-09T09:11:31.793951,2026-07-09T09:11:31.806699+00:00,129.4,50,bid,FlawlessFlatbreads,DiligentDonuts,13362464
2026-07-09T09:11:31.866850,2026-07-09T09:11:31.878500+00:00,128.9,100,ask,DiligentDonuts,EarnestEspressos,13362468
2026-07-09T09:11:31.982492,2026-07-09T09:11:31.990848+00:00,128.9,45,bid,CostlyCorianders,EarnestEspressos,13362470
2026-07-09T09:11:33.139077,2026-07-09T09:11:33.148147+00:00,128.9,5,bid,CostlyCorianders,EarnestEspressos,13362481
2026-07-09T09:11:36.087708,2026-07-09T09:11:36.099541+00:00,129.0,50,ask,EarnestEspressos,FlawlessFlatbreads,13362520
2026-07-09T09:11:36.484807,2026-07-09T09:11:36.493731+00:00,129.0,44,ask,EarnestEspressos,CostlyCorianders,13362527
2026-07-09T09:11:38.197409,2026-07-09T09:11:38.206860+00:00,128.7,50,ask,DiligentDonuts,FlawlessFlatbreads,13362554
2026-07-09T09:11:40.258216,2026-07-09T09:11:40.266188+00:00,129.1,50,bid,FlawlessFlatbreads,EarnestEspressos,13362573
2026-07-09T09:11:42.364501,2026-07-09T09:11:42.376341+00:00,129.0,50,bid,FlawlessFlatbreads,DiligentDonuts,13362596
2026-07-09T09:11:43.679667,2026-07-09T09:11:43.687863+00:00,129.0,42,bid,CostlyCorianders,DiligentDonuts,13362618
2026-07-09T09:11:44.472663,2026-07-09T09:11:44.482518+00:00,129.1,50,bid,FlawlessFlatbreads,DiligentDonuts,13362624
2026-07-09T09:11:45.298324,2026-07-09T09:11:45.305834+00:00,128.7,46,ask,EarnestEspressos,CostlyCorianders,13362633
2026-07-09T09:11:46.578982,2026-07-09T09:11:46.586529+00:00,129.1,50,bid,FlawlessFlatbreads,DiligentDonuts,13362649
2026-07-09T09:11:47.544939,2026-07-09T09:11:47.555246+00:00,129.1,100,bid,DiligentDonuts,EarnestEspressos,13362657
2026-07-09T09:11:47.646129,2026-07-09T09:11:47.658593+00:00,129.0,48,ask,EarnestEspressos,CostlyCorianders,13362659
2026-07-09T09:11:48.686849,2026-07-09T09:11:48.693658+00:00,129.5,50,bid,FlawlessFlatbreads,EarnestEspressos,13362678
2026-07-09T09:11:49.094646,2026-07-09T09:11:49.106822+00:00,129.5,47,bid,CostlyCorianders,EarnestEspressos,13362682
2026-07-09T09:11:50.807697,2026-07-09T09:11:50.817356+00:00,129.2,17,ask,EarnestEspressos,Xuanyu Liu,13362715
2026-07-09T09:11:50.830394,2026-07-09T09:11:50.837910+00:00,129.2,46,ask,EarnestEspressos,CostlyCorianders,13362719
2026-07-09T09:11:52.960144,2026-07-09T09:11:52.972245+00:00,129.2,50,ask,EarnestEspressos,FlawlessFlatbreads,13362746
2026-07-09T09:11:52.999635,2026-07-09T09:11:53.019401+00:00,129.3,41,bid,CostlyCorianders,DiligentDonuts,13362748
2026-07-09T09:11:53.497988,2026-07-09T09:11:53.509333+00:00,129.3,40,bid,CostlyCorianders,DiligentDonuts,13362760
2026-07-09T09:11:55.017469,2026-07-09T09:11:55.029477+00:00,129.3,50,bid,FlawlessFlatbreads,EarnestEspressos,13362789
2026-07-09T09:11:57.126981,2026-07-09T09:11:57.133847+00:00,129.5,50,bid,FlawlessFlatbreads,DiligentDonuts,13362821
2026-07-09T09:11:58.359588,2026-07-09T09:11:58.368918+00:00,129.1,23,ask,EarnestEspressos,Xuanyu Liu,13362840
2026-07-09T09:11:59.232997,2026-07-09T09:11:59.243170+00:00,129.5,50,bid,FlawlessFlatbreads,DiligentDonuts,13362853
2026-07-09T09:12:00.280380,2026-07-09T09:12:00.291860+00:00,129.2,43,ask,DiligentDonuts,CostlyCorianders,13362872
2026-07-09T09:12:00.364349,2026-07-09T09:12:00.376251+00:00,129.2,57,ask,DiligentDonuts,EarnestEspressos,13362874
2026-07-09T09:12:00.866485,2026-07-09T09:12:00.876609+00:00,129.2,46,bid,CostlyCorianders,EarnestEspressos,13362881
2026-07-09T09:12:01.347888,2026-07-09T09:12:01.358562+00:00,129.2,47,bid,FlawlessFlatbreads,EarnestEspressos,13362887
2026-07-09T09:12:01.347888,2026-07-09T09:12:01.358562+00:00,129.7,3,bid,FlawlessFlatbreads,DiligentDonuts,13362888
2026-07-09T09:12:03.114616,2026-07-09T09:12:03.122485+00:00,128.7,44,ask,EarnestEspressos,CostlyCorianders,13362903
2026-07-09T09:12:03.458489,2026-07-09T09:12:03.470072+00:00,129.3,50,bid,FlawlessFlatbreads,DiligentDonuts,13362911
2026-07-09T09:12:04.897653,2026-07-09T09:12:04.909490+00:00,129.3,48,bid,CostlyCorianders,DiligentDonuts,13362928
2026-07-09T09:12:05.564271,2026-07-09T09:12:05.576169+00:00,129.3,2,bid,FlawlessFlatbreads,DiligentDonuts,13362939
2026-07-09T09:12:05.564271,2026-07-09T09:12:05.576169+00:00,129.5,48,bid,FlawlessFlatbreads,EarnestEspressos,13362940
2026-07-09T09:12:07.670592,2026-07-09T09:12:07.682515+00:00,129.5,50,bid,FlawlessFlatbreads,DiligentDonuts,13362974
2026-07-09T09:12:08.455229,2026-07-09T09:12:08.464254+00:00,129.2,47,ask,EarnestEspressos,CostlyCorianders,13362989
2026-07-09T09:12:08.875348,2026-07-09T09:12:08.883450+00:00,129.2,11,ask,EarnestEspressos,Xuanyu Liu,13362992
2026-07-09T09:12:09.776589,2026-07-09T09:12:09.788526+00:00,129.7,50,bid,FlawlessFlatbreads,DiligentDonuts,13363016
2026-07-09T09:12:10.474722,2026-07-09T09:12:10.481982+00:00,129.2,43,ask,DiligentDonuts,CostlyCorianders,13363025
2026-07-09T09:12:11.456899,2026-07-09T09:12:11.468775+00:00,129.5,42,bid,CostlyCorianders,EarnestEspressos,13363047
2026-07-09T09:12:11.884667,2026-07-09T09:12:11.896590+00:00,129.5,50,bid,FlawlessFlatbreads,EarnestEspressos,13363049
2026-07-09T09:12:12.024240,2026-07-09T09:12:12.036268+00:00,129.5,44,bid,CostlyCorianders,EarnestEspressos,13363055
2026-07-09T09:12:12.535688,2026-07-09T09:12:12.547821+00:00,129.2,47,ask,DiligentDonuts,CostlyCorianders,13363067
2026-07-09T09:12:12.999065,2026-07-09T09:12:13.007952+00:00,129.8,35,ask,EarnestEspressos,Xuanyu Liu,13363069
2026-07-09T09:12:13.994899,2026-07-09T09:12:14.005929+00:00,129.9,50,bid,FlawlessFlatbreads,DiligentDonuts,13363089
2026-07-09T09:12:15.432780,2026-07-09T09:12:15.441878+00:00,129.8,14,ask,EarnestEspressos,Xuanyu Liu,13363109
2026-07-09T09:12:16.074323,2026-07-09T09:12:16.083906+00:00,129.8,100,ask,EarnestEspressos,DiligentDonuts,13363117
2026-07-09T09:12:16.218621,2026-07-09T09:12:16.228470+00:00,129.4,14,bid,Xuanyu Liu,EarnestEspressos,13363120
2026-07-09T09:12:16.288332,2026-07-09T09:12:16.296959+00:00,129.4,12,bid,Xuanyu Liu,EarnestEspressos,13363127
2026-07-09T09:12:16.794908,2026-07-09T09:12:16.803419+00:00,129.4,47,bid,CostlyCorianders,EarnestEspressos,13363136
2026-07-09T09:12:18.045204,2026-07-09T09:12:18.053306+00:00,129.4,11,bid,Xuanyu Liu,EarnestEspressos,13363158
2026-07-09T09:12:19.183742,2026-07-09T09:12:19.195617+00:00,129.4,66,bid,DiligentDonuts,EarnestEspressos,13363176
2026-07-09T09:12:19.251961,2026-07-09T09:12:19.263926+00:00,129.8,23,ask,DiligentDonuts,Xuanyu Liu,13363178
2026-07-09T09:12:19.359568,2026-07-09T09:12:19.370544+00:00,129.8,11,ask,DiligentDonuts,Xuanyu Liu,13363180
2026-07-09T09:12:19.912273,2026-07-09T09:12:19.921050+00:00,129.8,3,ask,EarnestEspressos,Xuanyu Liu,13363186
2026-07-09T09:12:20.283445,2026-07-09T09:12:20.290343+00:00,129.8,41,ask,EarnestEspressos,CostlyCorianders,13363195
2026-07-09T09:12:20.308813,2026-07-09T09:12:20.320553+00:00,130.2,50,bid,FlawlessFlatbreads,EarnestEspressos,13363196
2026-07-09T09:12:22.416775,2026-07-09T09:12:22.428471+00:00,129.9,50,bid,FlawlessFlatbreads,DiligentDonuts,13363215
2026-07-09T09:12:22.457902,2026-07-09T09:12:22.465175+00:00,129.4,43,ask,DiligentDonuts,CostlyCorianders,13363218
2026-07-09T09:12:23.481857,2026-07-09T09:12:23.493556+00:00,129.7,44,ask,EarnestEspressos,CostlyCorianders,13363226
2026-07-09T09:12:24.496327,2026-07-09T09:12:24.508774+00:00,129.9,44,bid,CostlyCorianders,DiligentDonuts,13363238
2026-07-09T09:12:24.523595,2026-07-09T09:12:24.535516+00:00,129.9,6,bid,FlawlessFlatbreads,DiligentDonuts,13363239
2026-07-09T09:12:24.523595,2026-07-09T09:12:24.535516+00:00,130.2,44,bid,FlawlessFlatbreads,EarnestEspressos,13363240
2026-07-09T09:12:26.633503,2026-07-09T09:12:26.645246+00:00,130.0,50,bid,FlawlessFlatbreads,DiligentDonuts,13363265
2026-07-09T09:12:28.067897,2026-07-09T09:12:28.080664+00:00,129.6,42,ask,EarnestEspressos,CostlyCorianders,13363285
2026-07-09T09:12:28.717360,2026-07-09T09:12:28.724968+00:00,130.1,42,bid,CostlyCorianders,EarnestEspressos,13363297
2026-07-09T09:12:28.741031,2026-07-09T09:12:28.758647+00:00,130.1,50,bid,FlawlessFlatbreads,EarnestEspressos,13363298
2026-07-09T09:12:30.848742,2026-07-09T09:12:30.860773+00:00,130.3,50,bid,FlawlessFlatbreads,DiligentDonuts,13363325
2026-07-09T09:12:32.601887,2026-07-09T09:12:32.611217+00:00,130.0,44,ask,DiligentDonuts,CostlyCorianders,13363344
2026-07-09T09:12:32.963383,2026-07-09T09:12:32.974329+00:00,130.5,50,bid,FlawlessFlatbreads,DiligentDonuts,13363352
2026-07-09T09:12:35.072511,2026-07-09T09:12:35.084402+00:00,130.3,50,bid,FlawlessFlatbreads,DiligentDonuts,13363381
2026-07-09T09:12:36.701115,2026-07-09T09:12:36.709037+00:00,130.3,48,bid,CostlyCorianders,DiligentDonuts,13363403
2026-07-09T09:12:37.171791,2026-07-09T09:12:37.183913+00:00,129.8,47,ask,DiligentDonuts,CostlyCorianders,13363406
2026-07-09T09:12:37.213025,2026-07-09T09:12:37.223507+00:00,130.3,2,bid,FlawlessFlatbreads,DiligentDonuts,13363407
2026-07-09T09:12:37.213025,2026-07-09T09:12:37.223507+00:00,130.3,48,bid,FlawlessFlatbreads,EarnestEspressos,13363408
2026-07-09T09:12:37.825254,2026-07-09T09:12:37.836459+00:00,130.3,40,bid,CostlyCorianders,EarnestEspressos,13363425
2026-07-09T09:12:38.317032,2026-07-09T09:12:38.326529+00:00,130.3,14,ask,EarnestEspressos,Xuanyu Liu,13363435
2026-07-09T09:12:38.477536,2026-07-09T09:12:38.489275+00:00,130.3,25,ask,EarnestEspressos,Xinhong Shan,13363438
2026-07-09T09:12:38.694288,2026-07-09T09:12:38.705654+00:00,130.3,25,ask,EarnestEspressos,Xinhong Shan,13363443
2026-07-09T09:12:38.904385,2026-07-09T09:12:38.915504+00:00,130.3,25,ask,EarnestEspressos,Xinhong Shan,13363448
2026-07-09T09:12:39.318594,2026-07-09T09:12:39.330245+00:00,130.6,50,bid,FlawlessFlatbreads,DiligentDonuts,13363460
2026-07-09T09:12:40.516809,2026-07-09T09:12:40.527271+00:00,130.3,25,ask,EarnestEspressos,Xinhong Shan,13363482
2026-07-09T09:12:40.726696,2026-07-09T09:12:40.737964+00:00,130.3,25,ask,EarnestEspressos,Xinhong Shan,13363484
2026-07-09T09:12:40.833295,2026-07-09T09:12:40.845801+00:00,130.3,11,ask,EarnestEspressos,CostlyCorianders,13363489
2026-07-09T09:12:40.833295,2026-07-09T09:12:40.845801+00:00,130.1,33,ask,DiligentDonuts,CostlyCorianders,13363490
2026-07-09T09:12:41.430980,2026-07-09T09:12:41.440515+00:00,130.7,50,bid,FlawlessFlatbreads,DiligentDonuts,13363500
2026-07-09T09:12:41.730305,2026-07-09T09:12:41.740201+00:00,130.3,11,bid,Xuanyu Liu,EarnestEspressos,13363506
2026-07-09T09:12:43.535766,2026-07-09T09:12:43.547833+00:00,130.3,50,bid,FlawlessFlatbreads,EarnestEspressos,13363530
2026-07-09T09:12:44.489288,2026-07-09T09:12:44.500360+00:00,130.3,89,bid,DiligentDonuts,EarnestEspressos,13363536
2026-07-09T09:12:44.742581,2026-07-09T09:12:44.749322+00:00,130.4,11,ask,DiligentDonuts,Xinhong Shan,13363543
2026-07-09T09:12:44.742581,2026-07-09T09:12:44.754852+00:00,130.4,14,ask,EarnestEspressos,Xinhong Shan,13363544
2026-07-09T09:12:44.954089,2026-07-09T09:12:44.966165+00:00,130.4,25,ask,EarnestEspressos,Xinhong Shan,13363547
2026-07-09T09:12:45.167038,2026-07-09T09:12:45.174447+00:00,130.4,25,ask,EarnestEspressos,Xinhong Shan,13363552
2026-07-09T09:12:46.587613,2026-07-09T09:12:46.599458+00:00,130.4,45,ask,EarnestEspressos,CostlyCorianders,13363573
2026-07-09T09:12:47.815006,2026-07-09T09:12:47.824419+00:00,130.2,50,ask,DiligentDonuts,FlawlessFlatbreads,13363592
2026-07-09T09:12:49.101405,2026-07-09T09:12:49.113314+00:00,130.5,46,bid,CostlyCorianders,EarnestEspressos,13363614
2026-07-09T09:12:49.593270,2026-07-09T09:12:49.608386+00:00,130.2,48,ask,DiligentDonuts,CostlyCorianders,13363622
2026-07-09T09:12:49.941222,2026-07-09T09:12:49.952119+00:00,130.2,2,ask,DiligentDonuts,FlawlessFlatbreads,13363627
2026-07-09T09:12:49.941222,2026-07-09T09:12:49.952119+00:00,130.0,48,ask,EarnestEspressos,FlawlessFlatbreads,13363628
2026-07-09T09:12:52.050282,2026-07-09T09:12:52.057075+00:00,130.0,50,ask,EarnestEspressos,FlawlessFlatbreads,13363664
2026-07-09T09:12:53.965534,2026-07-09T09:12:53.974547+00:00,130.5,47,bid,CostlyCorianders,EarnestEspressos,13363693
2026-07-09T09:12:54.035491,2026-07-09T09:12:54.044867+00:00,130.0,100,ask,EarnestEspressos,DiligentDonuts,13363694
2026-07-09T09:12:54.194943,2026-07-09T09:12:54.232923+00:00,129.5,50,ask,DiligentDonuts,FlawlessFlatbreads,13363696
2026-07-09T09:12:54.213693,2026-07-09T09:12:54.232923+00:00,129.8,3,bid,Xuanyu Liu,EarnestEspressos,13363699
2026-07-09T09:12:54.996032,2026-07-09T09:12:55.007165+00:00,129.8,25,bid,Xinhong Shan,EarnestEspressos,13363711
2026-07-09T09:12:55.056624,2026-07-09T09:12:55.066148+00:00,129.8,3,bid,Xuanyu Liu,EarnestEspressos,13363712
2026-07-09T09:12:55.208422,2026-07-09T09:12:55.218935+00:00,129.8,25,bid,Xinhong Shan,EarnestEspressos,13363717
2026-07-09T09:12:55.423889,2026-07-09T09:12:55.432828+00:00,129.8,25,bid,Xinhong Shan,EarnestEspressos,13363722
2026-07-09T09:12:55.488337,2026-07-09T09:12:55.500714+00:00,129.8,44,bid,CostlyCorianders,EarnestEspressos,13363723
2026-07-09T09:12:55.638299,2026-07-09T09:12:55.645598+00:00,129.8,25,bid,Xinhong Shan,EarnestEspressos,13363728
2026-07-09T09:12:56.303170,2026-07-09T09:12:56.315176+00:00,129.5,50,ask,DiligentDonuts,FlawlessFlatbreads,13363741
2026-07-09T09:12:57.317039,2026-07-09T09:12:57.327408+00:00,130.0,3,ask,EarnestEspressos,Xuanyu Liu,13363755
2026-07-09T09:12:58.413660,2026-07-09T09:12:58.432243+00:00,130.0,50,ask,EarnestEspressos,FlawlessFlatbreads,13363774
2026-07-09T09:12:58.621470,2026-07-09T09:12:58.628766+00:00,130.0,47,ask,EarnestEspressos,CostlyCorianders,13363778
2026-07-09T09:13:00.090126,2026-07-09T09:13:00.099093+00:00,130.2,42,bid,CostlyCorianders,DiligentDonuts,13363798
2026-07-09T09:13:00.523474,2026-07-09T09:13:00.532187+00:00,129.8,50,ask,DiligentDonuts,FlawlessFlatbreads,13363807
2026-07-09T09:13:00.688950,2026-07-09T09:13:00.696298+00:00,129.8,40,ask,DiligentDonuts,CostlyCorianders,13363810
2026-07-09T09:13:02.579751,2026-07-09T09:13:02.591679+00:00,130.1,50,bid,FlawlessFlatbreads,EarnestEspressos,13363834
2026-07-09T09:13:04.235173,2026-07-09T09:13:04.247243+00:00,130.3,43,bid,CostlyCorianders,EarnestEspressos,13363854
2026-07-09T09:13:04.762666,2026-07-09T09:13:04.770021+00:00,129.8,50,ask,EarnestEspressos,FlawlessFlatbreads,13363862
2026-07-09T09:13:06.818505,2026-07-09T09:13:06.828355+00:00,130.3,50,bid,FlawlessFlatbreads,DiligentDonuts,13363893
2026-07-09T09:13:06.865744,2026-07-09T09:13:06.874352+00:00,129.9,25,bid,Xinhong Shan,EarnestEspressos,13363896
2026-07-09T09:13:07.075347,2026-07-09T09:13:07.082753+00:00,129.9,25,bid,Xinhong Shan,EarnestEspressos,13363904
2026-07-09T09:13:07.288477,2026-07-09T09:13:07.297547+00:00,129.9,25,bid,Xinhong Shan,EarnestEspressos,13363906
2026-07-09T09:13:07.525451,2026-07-09T09:13:07.535658+00:00,129.9,25,bid,Xinhong Shan,EarnestEspressos,13363909
2026-07-09T09:13:07.911543,2026-07-09T09:13:07.923451+00:00,129.9,41,bid,CostlyCorianders,EarnestEspressos,13363920
2026-07-09T09:13:08.976660,2026-07-09T09:13:08.988347+00:00,129.8,50,ask,DiligentDonuts,FlawlessFlatbreads,13363940
2026-07-09T09:13:11.033385,2026-07-09T09:13:11.045179+00:00,130.3,50,bid,FlawlessFlatbreads,DiligentDonuts,13363971
2026-07-09T09:13:11.657024,2026-07-09T09:13:11.664007+00:00,129.9,48,ask,EarnestEspressos,CostlyCorianders,13363986
2026-07-09T09:13:13.142154,2026-07-09T09:13:13.153884+00:00,130.4,50,bid,FlawlessFlatbreads,DiligentDonuts,13364006
2026-07-09T09:13:13.205688,2026-07-09T09:13:13.213620+00:00,129.9,14,ask,DiligentDonuts,Xuanyu Liu,13364008
2026-07-09T09:13:13.339033,2026-07-09T09:13:13.346042+00:00,129.9,25,ask,DiligentDonuts,Xinhong Shan,13364014
2026-07-09T09:13:13.565672,2026-07-09T09:13:13.580838+00:00,129.9,25,ask,DiligentDonuts,Xinhong Shan,13364017
2026-07-09T09:13:14.681555,2026-07-09T09:13:14.690864+00:00,129.9,36,ask,DiligentDonuts,CostlyCorianders,13364036
2026-07-09T09:13:14.681555,2026-07-09T09:13:14.690864+00:00,129.7,5,ask,EarnestEspressos,CostlyCorianders,13364037
2026-07-09T09:13:15.248973,2026-07-09T09:13:15.260955+00:00,130.2,50,bid,FlawlessFlatbreads,EarnestEspressos,13364053
2026-07-09T09:13:17.357407,2026-07-09T09:13:17.369094+00:00,130.0,50,bid,FlawlessFlatbreads,DiligentDonuts,13364072
2026-07-09T09:13:19.465406,2026-07-09T09:13:19.477264+00:00,130.2,50,bid,FlawlessFlatbreads,DiligentDonuts,13364111
2026-07-09T09:13:20.922221,2026-07-09T09:13:20.930703+00:00,130.2,45,bid,CostlyCorianders,DiligentDonuts,13364132
2026-07-09T09:13:21.574267,2026-07-09T09:13:21.583104+00:00,130.2,5,bid,FlawlessFlatbreads,DiligentDonuts,13364144
2026-07-09T09:13:21.574267,2026-07-09T09:13:21.588311+00:00,130.2,45,bid,FlawlessFlatbreads,EarnestEspressos,13364145
2026-07-09T09:13:22.597841,2026-07-09T09:13:22.607690+00:00,130.1,25,ask,DiligentDonuts,Xinhong Shan,13364168
2026-07-09T09:13:22.808926,2026-07-09T09:13:22.817601+00:00,130.1,25,ask,DiligentDonuts,Xinhong Shan,13364174
2026-07-09T09:13:23.019999,2026-07-09T09:13:23.031869+00:00,130.1,25,ask,DiligentDonuts,Xinhong Shan,13364180
2026-07-09T09:13:23.239860,2026-07-09T09:13:23.254554+00:00,130.1,25,ask,DiligentDonuts,Xinhong Shan,13364183
2026-07-09T09:13:23.684485,2026-07-09T09:13:23.694830+00:00,130.5,50,bid,FlawlessFlatbreads,EarnestEspressos,13364195
2026-07-09T09:13:24.259260,2026-07-09T09:13:24.271115+00:00,130.0,25,ask,EarnestEspressos,Xinhong Shan,13364210
2026-07-09T09:13:24.475349,2026-07-09T09:13:24.484595+00:00,130.0,25,ask,EarnestEspressos,Xinhong Shan,13364214
2026-07-09T09:13:25.790633,2026-07-09T09:13:25.799880+00:00,130.3,50,bid,FlawlessFlatbreads,DiligentDonuts,13364228
2026-07-09T09:13:26.663418,2026-07-09T09:13:26.675437+00:00,130.0,44,ask,EarnestEspressos,CostlyCorianders,13364239
2026-07-09T09:13:27.949444,2026-07-09T09:13:27.952292+00:00,130.0,50,ask,EarnestEspressos,FlawlessFlatbreads,13364255
2026-07-09T09:13:29.030457,2026-07-09T09:13:29.041607+00:00,129.9,100,ask,DiligentDonuts,EarnestEspressos,13364272
2026-07-09T09:13:29.042944,2026-07-09T09:13:29.052641+00:00,129.9,14,bid,Xuanyu Liu,EarnestEspressos,13364273
2026-07-09T09:13:29.059970,2026-07-09T09:13:29.068117+00:00,129.9,36,bid,CostlyCorianders,EarnestEspressos,13364275
