timestamp,recv_time,price,volume,aggressor_side,buyer,seller,trade_id
2026-07-04T00:00:00.351825,2026-07-04T00:00:00.362089+00:00,134.4,42,bid,CostlyCorianders,EarnestEspressos,6339295
2026-07-04T00:00:00.396030,2026-07-04T00:00:00.402426+00:00,134.4,50,bid,FlawlessFlatbreads,EarnestEspressos,6339296
2026-07-04T00:00:02.501911,2026-07-04T00:00:02.513603+00:00,134.6,50,bid,FlawlessFlatbreads,DiligentDonuts,6339328
2026-07-04T00:00:04.610611,2026-07-04T00:00:04.622173+00:00,135.0,50,bid,FlawlessFlatbreads,EarnestEspressos,6339349
2026-07-04T00:00:05.093057,2026-07-04T00:00:05.109809+00:00,134.8,12,ask,EarnestEspressos,Xuanyu Liu,6339361
2026-07-04T00:00:06.769691,2026-07-04T00:00:06.781507+00:00,134.8,50,ask,EarnestEspressos,FlawlessFlatbreads,6339387
2026-07-04T00:00:08.815933,2026-07-04T00:00:08.827716+00:00,134.7,42,ask,EarnestEspressos,CostlyCorianders,6339427
2026-07-04T00:00:08.880265,2026-07-04T00:00:08.889020+00:00,134.7,50,ask,EarnestEspressos,FlawlessFlatbreads,6339428
2026-07-04T00:00:10.996083,2026-07-04T00:00:11.008042+00:00,134.7,50,ask,EarnestEspressos,FlawlessFlatbreads,6339458
2026-07-04T00:00:11.476803,2026-07-04T00:00:11.487499+00:00,134.7,12,bid,Xuanyu Liu,EarnestEspressos,6339473
2026-07-04T00:00:11.480584,2026-07-04T00:00:11.487499+00:00,134.5,48,ask,DiligentDonuts,CostlyCorianders,6339474
2026-07-04T00:00:13.103242,2026-07-04T00:00:13.114883+00:00,134.5,50,ask,DiligentDonuts,FlawlessFlatbreads,6339487
2026-07-04T00:00:14.261310,2026-07-04T00:00:14.273073+00:00,134.5,43,ask,DiligentDonuts,CostlyCorianders,6339504
2026-07-04T00:00:14.635732,2026-07-04T00:00:14.647225+00:00,134.5,7,ask,DiligentDonuts,EarnestEspressos,6339509
2026-07-04T00:00:15.209888,2026-07-04T00:00:15.221476+00:00,134.1,50,ask,EarnestEspressos,FlawlessFlatbreads,6339518
2026-07-04T00:00:17.317044,2026-07-04T00:00:17.328677+00:00,134.1,50,ask,EarnestEspressos,FlawlessFlatbreads,6339547
2026-07-04T00:00:17.812284,2026-07-04T00:00:17.820344+00:00,134.2,14,bid,Xuanyu Liu,EarnestEspressos,6339552
2026-07-04T00:00:17.939328,2026-07-04T00:00:17.947986+00:00,134.2,46,bid,CostlyCorianders,EarnestEspressos,6339557
2026-07-04T00:00:18.908131,2026-07-04T00:00:18.919785+00:00,134.2,40,bid,CostlyCorianders,EarnestEspressos,6339568
2026-07-04T00:00:19.398201,2026-07-04T00:00:19.410009+00:00,134.2,44,bid,CostlyCorianders,EarnestEspressos,6339580
2026-07-04T00:00:19.427292,2026-07-04T00:00:19.438640+00:00,134.1,50,ask,DiligentDonuts,FlawlessFlatbreads,6339581
2026-07-04T00:00:19.960928,2026-07-04T00:00:19.972513+00:00,134.1,43,ask,DiligentDonuts,CostlyCorianders,6339586
2026-07-04T00:00:23.590753,2026-07-04T00:00:23.602604+00:00,134.4,50,bid,FlawlessFlatbreads,DiligentDonuts,6339622
2026-07-04T00:00:25.160248,2026-07-04T00:00:25.168834+00:00,134.3,45,ask,EarnestEspressos,CostlyCorianders,6339641
2026-07-04T00:00:25.699901,2026-07-04T00:00:25.711353+00:00,134.4,50,bid,FlawlessFlatbreads,DiligentDonuts,6339646
2026-07-04T00:00:27.204724,2026-07-04T00:00:27.216072+00:00,134.4,43,bid,CostlyCorianders,DiligentDonuts,6339668
2026-07-04T00:00:27.807072,2026-07-04T00:00:27.816087+00:00,134.4,7,bid,FlawlessFlatbreads,DiligentDonuts,6339676
2026-07-04T00:00:27.807072,2026-07-04T00:00:27.816087+00:00,134.7,43,bid,FlawlessFlatbreads,EarnestEspressos,6339677
2026-07-04T00:00:27.812765,2026-07-04T00:00:27.821678+00:00,134.7,46,bid,CostlyCorianders,EarnestEspressos,6339678
2026-07-04T00:00:29.915075,2026-07-04T00:00:29.926559+00:00,134.7,50,bid,FlawlessFlatbreads,EarnestEspressos,6339696
2026-07-04T00:00:30.401649,2026-07-04T00:00:30.408745+00:00,134.8,14,ask,EarnestEspressos,Xuanyu Liu,6339702
2026-07-04T00:00:30.414909,2026-07-04T00:00:30.429450+00:00,134.8,44,ask,EarnestEspressos,CostlyCorianders,6339704
2026-07-04T00:00:31.523317,2026-07-04T00:00:31.535020+00:00,134.8,92,ask,EarnestEspressos,DiligentDonuts,6339723
2026-07-04T00:00:32.023006,2026-07-04T00:00:32.033594+00:00,134.8,8,bid,FlawlessFlatbreads,DiligentDonuts,6339726
2026-07-04T00:00:32.023006,2026-07-04T00:00:32.033594+00:00,135.3,42,bid,FlawlessFlatbreads,EarnestEspressos,6339727
2026-07-04T00:00:33.606452,2026-07-04T00:00:33.615949+00:00,134.7,44,bid,CostlyCorianders,EarnestEspressos,6339744
2026-07-04T00:00:34.130128,2026-07-04T00:00:34.142234+00:00,134.7,50,bid,FlawlessFlatbreads,EarnestEspressos,6339751
2026-07-04T00:00:34.297741,2026-07-04T00:00:34.305817+00:00,134.7,11,bid,Xuanyu Liu,EarnestEspressos,6339753
2026-07-04T00:00:34.630302,2026-07-04T00:00:34.641934+00:00,134.7,45,bid,DiligentDonuts,EarnestEspressos,6339763
2026-07-04T00:00:36.291241,2026-07-04T00:00:36.301855+00:00,134.8,50,ask,DiligentDonuts,FlawlessFlatbreads,6339783
2026-07-04T00:00:36.381574,2026-07-04T00:00:36.393230+00:00,134.8,5,ask,DiligentDonuts,CostlyCorianders,6339786
2026-07-04T00:00:36.381574,2026-07-04T00:00:36.393230+00:00,134.2,38,ask,EarnestEspressos,CostlyCorianders,6339787
2026-07-04T00:00:36.717572,2026-07-04T00:00:36.725345+00:00,134.9,11,ask,EarnestEspressos,Xuanyu Liu,6339792
2026-07-04T00:00:38.397269,2026-07-04T00:00:38.408954+00:00,134.9,50,ask,EarnestEspressos,FlawlessFlatbreads,6339825
2026-07-04T00:00:39.463299,2026-07-04T00:00:39.475330+00:00,134.9,44,ask,EarnestEspressos,CostlyCorianders,6339836
2026-07-04T00:00:40.527982,2026-07-04T00:00:40.539983+00:00,134.6,50,ask,EarnestEspressos,FlawlessFlatbreads,6339844
2026-07-04T00:00:40.865342,2026-07-04T00:00:40.873956+00:00,135.0,11,bid,Xuanyu Liu,DiligentDonuts,6339848
2026-07-04T00:00:41.490293,2026-07-04T00:00:41.501932+00:00,135.1,40,bid,CostlyCorianders,EarnestEspressos,6339856
2026-07-04T00:00:42.076437,2026-07-04T00:00:42.088035+00:00,135.1,47,bid,CostlyCorianders,EarnestEspressos,6339868
2026-07-04T00:00:42.636380,2026-07-04T00:00:42.647868+00:00,134.8,50,ask,DiligentDonuts,FlawlessFlatbreads,6339874
2026-07-04T00:00:43.993990,2026-07-04T00:00:44.005835+00:00,134.9,46,ask,EarnestEspressos,CostlyCorianders,6339884
2026-07-04T00:00:44.744227,2026-07-04T00:00:44.755816+00:00,134.9,50,ask,EarnestEspressos,FlawlessFlatbreads,6339902
2026-07-04T00:00:45.128491,2026-07-04T00:00:45.140055+00:00,135.1,43,bid,CostlyCorianders,DiligentDonuts,6339906
2026-07-04T00:00:45.182702,2026-07-04T00:00:45.194418+00:00,134.9,43,ask,EarnestEspressos,CostlyCorianders,6339907
2026-07-04T00:00:46.259646,2026-07-04T00:00:46.269243+00:00,134.9,3,bid,Xuanyu Liu,EarnestEspressos,6339922
2026-07-04T00:00:46.646675,2026-07-04T00:00:46.658598+00:00,134.9,45,bid,CostlyCorianders,EarnestEspressos,6339931
2026-07-04T00:00:46.851516,2026-07-04T00:00:46.857993+00:00,134.6,50,ask,DiligentDonuts,FlawlessFlatbreads,6339935
2026-07-04T00:00:48.759757,2026-07-04T00:00:48.768633+00:00,134.9,3,bid,Xuanyu Liu,EarnestEspressos,6339952
2026-07-04T00:00:48.958086,2026-07-04T00:00:48.969579+00:00,134.7,50,ask,DiligentDonuts,FlawlessFlatbreads,6339958
2026-07-04T00:00:49.517291,2026-07-04T00:00:49.528967+00:00,134.9,43,ask,EarnestEspressos,CostlyCorianders,6339967
2026-07-04T00:00:50.597961,2026-07-04T00:00:50.606600+00:00,134.9,45,ask,EarnestEspressos,CostlyCorianders,6339979
2026-07-04T00:00:51.065826,2026-07-04T00:00:51.077561+00:00,134.9,50,ask,EarnestEspressos,FlawlessFlatbreads,6339991
2026-07-04T00:00:52.033908,2026-07-04T00:00:52.043228+00:00,134.9,3,ask,EarnestEspressos,Xuanyu Liu,6340001
2026-07-04T00:00:52.585314,2026-07-04T00:00:52.596065+00:00,134.8,100,ask,DiligentDonuts,EarnestEspressos,6340012
2026-07-04T00:00:52.597136,2026-07-04T00:00:52.605211+00:00,134.6,14,bid,Xuanyu Liu,EarnestEspressos,6340013
2026-07-04T00:00:52.717052,2026-07-04T00:00:52.724624+00:00,134.6,23,bid,Xuanyu Liu,EarnestEspressos,6340020
2026-07-04T00:00:53.186469,2026-07-04T00:00:53.193886+00:00,134.1,50,ask,EarnestEspressos,FlawlessFlatbreads,6340024
2026-07-04T00:00:54.292190,2026-07-04T00:00:54.303994+00:00,134.6,13,bid,CostlyCorianders,EarnestEspressos,6340043
2026-07-04T00:00:54.292190,2026-07-04T00:00:54.303994+00:00,135.0,36,bid,CostlyCorianders,DiligentDonuts,6340044
2026-07-04T00:00:54.794779,2026-07-04T00:00:54.806483+00:00,135.0,49,bid,CostlyCorianders,DiligentDonuts,6340051
2026-07-04T00:00:55.291995,2026-07-04T00:00:55.303876+00:00,134.5,50,ask,DiligentDonuts,FlawlessFlatbreads,6340061
2026-07-04T00:00:56.657178,2026-07-04T00:00:56.665346+00:00,134.6,11,ask,EarnestEspressos,Xuanyu Liu,6340083
2026-07-04T00:00:57.400974,2026-07-04T00:00:57.412453+00:00,134.6,50,ask,EarnestEspressos,FlawlessFlatbreads,6340091
2026-07-04T00:00:59.507578,2026-07-04T00:00:59.519193+00:00,134.3,50,ask,DiligentDonuts,FlawlessFlatbreads,6340123
2026-07-04T00:01:00.687869,2026-07-04T00:01:00.699712+00:00,134.3,46,ask,EarnestEspressos,CostlyCorianders,6340144
2026-07-04T00:01:01.563289,2026-07-04T00:01:01.574699+00:00,134.7,50,bid,FlawlessFlatbreads,DiligentDonuts,6340154
2026-07-04T00:01:03.669551,2026-07-04T00:01:03.681188+00:00,134.7,50,bid,FlawlessFlatbreads,EarnestEspressos,6340181
2026-07-04T00:01:05.827974,2026-07-04T00:01:05.836304+00:00,134.4,50,ask,DiligentDonuts,FlawlessFlatbreads,6340205
2026-07-04T00:01:06.831228,2026-07-04T00:01:06.842821+00:00,134.8,42,bid,CostlyCorianders,DiligentDonuts,6340216
2026-07-04T00:01:07.882041,2026-07-04T00:01:07.894153+00:00,134.8,50,bid,FlawlessFlatbreads,DiligentDonuts,6340232
2026-07-04T00:01:10.048359,2026-07-04T00:01:10.054765+00:00,134.6,50,ask,DiligentDonuts,FlawlessFlatbreads,6340263
2026-07-04T00:01:11.354650,2026-07-04T00:01:11.348457+00:00,134.9,48,bid,CostlyCorianders,EarnestEspressos,6340268
2026-07-04T00:01:12.154912,2026-07-04T00:01:12.166585+00:00,134.7,50,ask,EarnestEspressos,FlawlessFlatbreads,6340285
2026-07-04T00:01:14.006494,2026-07-04T00:01:14.018256+00:00,134.7,42,ask,EarnestEspressos,CostlyCorianders,6340312
2026-07-04T00:01:14.262285,2026-07-04T00:01:14.274245+00:00,134.7,50,ask,EarnestEspressos,FlawlessFlatbreads,6340314
2026-07-04T00:01:14.533128,2026-07-04T00:01:14.544685+00:00,134.7,8,ask,EarnestEspressos,CostlyCorianders,6340320
2026-07-04T00:01:14.533128,2026-07-04T00:01:14.544685+00:00,134.5,34,ask,DiligentDonuts,CostlyCorianders,6340321
2026-07-04T00:01:14.737538,2026-07-04T00:01:14.745613+00:00,134.5,11,bid,Xuanyu Liu,EarnestEspressos,6340326
2026-07-04T00:01:15.001849,2026-07-04T00:01:15.016035+00:00,134.5,42,bid,CostlyCorianders,EarnestEspressos,6340329
2026-07-04T00:01:16.250172,2026-07-04T00:01:16.259798+00:00,134.5,12,bid,Xuanyu Liu,EarnestEspressos,6340342
2026-07-04T00:01:16.371195,2026-07-04T00:01:16.381551+00:00,134.2,50,ask,DiligentDonuts,FlawlessFlatbreads,6340345
2026-07-04T00:01:17.555903,2026-07-04T00:01:17.567496+00:00,134.2,43,ask,DiligentDonuts,CostlyCorianders,6340365
2026-07-04T00:01:17.659519,2026-07-04T00:01:17.668578+00:00,134.5,11,bid,Xuanyu Liu,EarnestEspressos,6340367
2026-07-04T00:01:17.835346,2026-07-04T00:01:17.847489+00:00,134.7,100,bid,EarnestEspressos,DiligentDonuts,6340370
2026-07-04T00:01:17.903923,2026-07-04T00:01:17.913017+00:00,134.8,11,ask,EarnestEspressos,Xuanyu Liu,6340371
2026-07-04T00:01:18.047394,2026-07-04T00:01:18.058911+00:00,135.3,42,bid,CostlyCorianders,EarnestEspressos,6340374
2026-07-04T00:01:18.478051,2026-07-04T00:01:18.489745+00:00,134.8,39,ask,EarnestEspressos,FlawlessFlatbreads,6340384
2026-07-04T00:01:18.478051,2026-07-04T00:01:18.489745+00:00,134.2,7,ask,DiligentDonuts,FlawlessFlatbreads,6340385
2026-07-04T00:01:20.187528,2026-07-04T00:01:20.199197+00:00,134.9,49,bid,CostlyCorianders,DiligentDonuts,6340410
2026-07-04T00:01:20.242134,2026-07-04T00:01:20.253622+00:00,134.4,42,ask,DiligentDonuts,CostlyCorianders,6340412
2026-07-04T00:01:20.584903,2026-07-04T00:01:20.596361+00:00,134.4,50,ask,DiligentDonuts,FlawlessFlatbreads,6340416
2026-07-04T00:01:22.257454,2026-07-04T00:01:22.265373+00:00,134.4,46,ask,EarnestEspressos,CostlyCorianders,6340439
2026-07-04T00:01:22.690469,2026-07-04T00:01:22.701979+00:00,134.4,50,ask,EarnestEspressos,FlawlessFlatbreads,6340443
2026-07-04T00:01:23.356831,2026-07-04T00:01:23.368483+00:00,134.7,49,bid,CostlyCorianders,DiligentDonuts,6340452
2026-07-04T00:01:24.232766,2026-07-04T00:01:24.245565+00:00,134.5,11,bid,Xuanyu Liu,EarnestEspressos,6340466
2026-07-04T00:01:26.033190,2026-07-04T00:01:26.044766+00:00,134.5,45,bid,CostlyCorianders,EarnestEspressos,6340483
2026-07-04T00:01:26.848774,2026-07-04T00:01:26.860407+00:00,134.5,50,bid,FlawlessFlatbreads,EarnestEspressos,6340495
2026-07-04T00:01:28.957121,2026-07-04T00:01:28.958605+00:00,134.7,50,bid,FlawlessFlatbreads,EarnestEspressos,6340530
2026-07-04T00:01:31.062844,2026-07-04T00:01:31.074492+00:00,134.8,50,bid,FlawlessFlatbreads,DiligentDonuts,6340558
2026-07-04T00:01:31.666404,2026-07-04T00:01:31.677660+00:00,134.5,47,ask,EarnestEspressos,CostlyCorianders,6340564
2026-07-04T00:01:33.228259,2026-07-04T00:01:33.238028+00:00,134.5,50,ask,EarnestEspressos,FlawlessFlatbreads,6340585
2026-07-04T00:01:33.836608,2026-07-04T00:01:33.845053+00:00,134.5,44,ask,DiligentDonuts,CostlyCorianders,6340592
2026-07-04T00:01:35.335006,2026-07-04T00:01:35.341312+00:00,134.5,50,ask,DiligentDonuts,FlawlessFlatbreads,6340605
2026-07-04T00:01:35.420803,2026-07-04T00:01:35.432407+00:00,134.8,41,bid,CostlyCorianders,EarnestEspressos,6340608
2026-07-04T00:01:37.441412,2026-07-04T00:01:37.451747+00:00,134.5,50,ask,DiligentDonuts,FlawlessFlatbreads,6340641
2026-07-04T00:01:39.495178,2026-07-04T00:01:39.506861+00:00,134.4,50,bid,FlawlessFlatbreads,DiligentDonuts,6340664
2026-07-04T00:01:39.498675,2026-07-04T00:01:39.506861+00:00,134.4,45,bid,CostlyCorianders,DiligentDonuts,6340665
2026-07-04T00:01:40.138665,2026-07-04T00:01:40.150438+00:00,134.2,45,ask,EarnestEspressos,CostlyCorianders,6340678
2026-07-04T00:01:40.677007,2026-07-04T00:01:40.688760+00:00,134.4,5,bid,CostlyCorianders,DiligentDonuts,6340685
2026-07-04T00:01:40.677007,2026-07-04T00:01:40.688760+00:00,134.7,37,bid,CostlyCorianders,EarnestEspressos,6340686
2026-07-04T00:01:41.247154,2026-07-04T00:01:41.253927+00:00,134.2,46,ask,EarnestEspressos,CostlyCorianders,6340695
2026-07-04T00:01:41.625255,2026-07-04T00:01:41.633780+00:00,134.7,50,bid,FlawlessFlatbreads,EarnestEspressos,6340702
2026-07-04T00:01:41.725165,2026-07-04T00:01:41.736559+00:00,134.7,41,bid,CostlyCorianders,EarnestEspressos,6340704
2026-07-04T00:01:43.730507,2026-07-04T00:01:43.742116+00:00,134.7,50,bid,FlawlessFlatbreads,DiligentDonuts,6340727
2026-07-04T00:01:44.864348,2026-07-04T00:01:44.876967+00:00,134.2,42,ask,EarnestEspressos,CostlyCorianders,6340746
2026-07-04T00:01:45.403600,2026-07-04T00:01:45.409857+00:00,134.7,46,bid,CostlyCorianders,EarnestEspressos,6340751
2026-07-04T00:01:45.927917,2026-07-04T00:01:45.936656+00:00,134.2,40,ask,EarnestEspressos,CostlyCorianders,6340762
2026-07-04T00:01:47.646839,2026-07-04T00:01:47.658591+00:00,134.2,41,ask,DiligentDonuts,CostlyCorianders,6340783
2026-07-04T00:01:47.941264,2026-07-04T00:01:47.952909+00:00,134.6,50,bid,FlawlessFlatbreads,EarnestEspressos,6340789
2026-07-04T00:01:50.056323,2026-07-04T00:01:50.067819+00:00,134.7,50,bid,FlawlessFlatbreads,DiligentDonuts,6340811
2026-07-04T00:01:52.183419,2026-07-04T00:01:52.195189+00:00,134.9,50,bid,FlawlessFlatbreads,EarnestEspressos,6340836
2026-07-04T00:01:52.675299,2026-07-04T00:01:52.685499+00:00,134.7,11,ask,EarnestEspressos,Xuanyu Liu,6340840
2026-07-04T00:01:54.291588,2026-07-04T00:01:54.303181+00:00,135.0,50,bid,FlawlessFlatbreads,DiligentDonuts,6340861
2026-07-04T00:01:56.462625,2026-07-04T00:01:56.474065+00:00,134.6,50,ask,EarnestEspressos,FlawlessFlatbreads,6340879
2026-07-04T00:01:58.570512,2026-07-04T00:01:58.578384+00:00,134.6,50,ask,EarnestEspressos,FlawlessFlatbreads,6340909
2026-07-04T00:02:00.681451,2026-07-04T00:02:00.688773+00:00,134.6,50,ask,DiligentDonuts,FlawlessFlatbreads,6340943
2026-07-04T00:02:02.207494,2026-07-04T00:02:02.216045+00:00,134.6,50,ask,DiligentDonuts,EarnestEspressos,6340961
2026-07-04T00:02:02.787983,2026-07-04T00:02:02.794337+00:00,134.1,50,ask,EarnestEspressos,FlawlessFlatbreads,6340968
2026-07-04T00:02:03.961435,2026-07-04T00:02:03.973204+00:00,134.6,47,bid,CostlyCorianders,EarnestEspressos,6340980
2026-07-04T00:02:04.894073,2026-07-04T00:02:04.905777+00:00,134.4,50,ask,DiligentDonuts,FlawlessFlatbreads,6340996
2026-07-04T00:02:05.091429,2026-07-04T00:02:05.102968+00:00,134.6,40,bid,CostlyCorianders,EarnestEspressos,6340997
2026-07-04T00:02:06.190449,2026-07-04T00:02:06.202915+00:00,134.4,12,ask,DiligentDonuts,Xuanyu Liu,6341012
2026-07-04T00:02:07.000877,2026-07-04T00:02:07.012468+00:00,134.1,50,ask,EarnestEspressos,FlawlessFlatbreads,6341025
2026-07-04T00:02:09.056803,2026-07-04T00:02:09.068730+00:00,134.2,50,bid,FlawlessFlatbreads,DiligentDonuts,6341054
2026-07-04T00:02:13.267665,2026-07-04T00:02:13.279232+00:00,134.3,50,bid,FlawlessFlatbreads,DiligentDonuts,6341122
2026-07-04T00:02:15.375399,2026-07-04T00:02:15.386845+00:00,134.3,50,bid,FlawlessFlatbreads,DiligentDonuts,6341150
2026-07-04T00:02:17.480810,2026-07-04T00:02:17.492754+00:00,134.4,50,bid,FlawlessFlatbreads,EarnestEspressos,6341169
2026-07-04T00:02:19.401289,2026-07-04T00:02:19.408026+00:00,134.3,45,ask,DiligentDonuts,CostlyCorianders,6341190
2026-07-04T00:02:19.589683,2026-07-04T00:02:19.601191+00:00,134.6,50,bid,FlawlessFlatbreads,EarnestEspressos,6341193
2026-07-04T00:02:19.865022,2026-07-04T00:02:19.876590+00:00,134.3,40,ask,DiligentDonuts,CostlyCorianders,6341197
2026-07-04T00:02:21.393494,2026-07-04T00:02:21.404338+00:00,134.4,42,ask,EarnestEspressos,CostlyCorianders,6341212
2026-07-04T00:02:21.918541,2026-07-04T00:02:21.926455+00:00,134.4,23,ask,EarnestEspressos,Xuanyu Liu,6341226
2026-07-04T00:02:22.271910,2026-07-04T00:02:22.283708+00:00,134.4,85,ask,EarnestEspressos,DiligentDonuts,6341232
2026-07-04T00:02:22.863209,2026-07-04T00:02:22.871591+00:00,134.2,12,bid,Xuanyu Liu,DiligentDonuts,6341241
2026-07-04T00:02:23.799456,2026-07-04T00:02:23.810941+00:00,134.2,3,bid,FlawlessFlatbreads,DiligentDonuts,6341252
2026-07-04T00:02:24.366449,2026-07-04T00:02:24.379111+00:00,134.1,11,bid,Xuanyu Liu,EarnestEspressos,6341264
2026-07-04T00:02:25.042964,2026-07-04T00:02:25.058547+00:00,134.1,48,bid,CostlyCorianders,EarnestEspressos,6341272
2026-07-04T00:02:25.397278,2026-07-04T00:02:25.409152+00:00,134.1,91,bid,DiligentDonuts,EarnestEspressos,6341273
2026-07-04T00:02:25.960772,2026-07-04T00:02:25.972753+00:00,134.1,9,ask,DiligentDonuts,FlawlessFlatbreads,6341282
2026-07-04T00:02:25.960772,2026-07-04T00:02:25.972753+00:00,133.6,41,ask,EarnestEspressos,FlawlessFlatbreads,6341283
2026-07-04T00:02:26.535285,2026-07-04T00:02:26.547024+00:00,134.6,42,bid,CostlyCorianders,DiligentDonuts,6341292
2026-07-04T00:02:28.477381,2026-07-04T00:02:28.486308+00:00,134.2,11,ask,EarnestEspressos,Xuanyu Liu,6341315
2026-07-04T00:02:28.668584,2026-07-04T00:02:28.680302+00:00,134.2,42,ask,EarnestEspressos,CostlyCorianders,6341317
2026-07-04T00:02:29.307583,2026-07-04T00:02:29.319344+00:00,134.2,41,ask,EarnestEspressos,CostlyCorianders,6341322
2026-07-04T00:02:30.396892,2026-07-04T00:02:30.405798+00:00,134.3,49,bid,CostlyCorianders,DiligentDonuts,6341330
2026-07-04T00:02:32.103831,2026-07-04T00:02:32.112918+00:00,134.2,42,bid,CostlyCorianders,EarnestEspressos,6341359
2026-07-04T00:02:34.340126,2026-07-04T00:02:34.348030+00:00,134.3,50,bid,FlawlessFlatbreads,EarnestEspressos,6341391
2026-07-04T00:02:36.447183,2026-07-04T00:02:36.463621+00:00,134.3,50,bid,FlawlessFlatbreads,EarnestEspressos,6341422
2026-07-04T00:02:38.574770,2026-07-04T00:02:38.584600+00:00,134.3,12,ask,EarnestEspressos,Xuanyu Liu,6341451
2026-07-04T00:02:38.627613,2026-07-04T00:02:38.639508+00:00,134.3,50,ask,EarnestEspressos,FlawlessFlatbreads,6341456
2026-07-04T00:02:38.970159,2026-07-04T00:02:38.979104+00:00,134.3,11,ask,EarnestEspressos,Xuanyu Liu,6341461
2026-07-04T00:02:39.773354,2026-07-04T00:02:39.784554+00:00,134.3,42,ask,EarnestEspressos,CostlyCorianders,6341470
2026-07-04T00:02:40.196177,2026-07-04T00:02:40.202871+00:00,134.2,100,ask,DiligentDonuts,EarnestEspressos,6341478
2026-07-04T00:02:40.209081,2026-07-04T00:02:40.218770+00:00,134.0,11,bid,Xuanyu Liu,EarnestEspressos,6341479
2026-07-04T00:02:40.425337,2026-07-04T00:02:40.436786+00:00,134.0,39,bid,CostlyCorianders,EarnestEspressos,6341484
2026-07-04T00:02:40.736109,2026-07-04T00:02:40.748029+00:00,133.5,50,ask,EarnestEspressos,FlawlessFlatbreads,6341487
2026-07-04T00:02:41.271313,2026-07-04T00:02:41.280854+00:00,134.0,12,bid,Xuanyu Liu,DiligentDonuts,6341495
2026-07-04T00:02:42.478456,2026-07-04T00:02:42.489906+00:00,133.6,41,ask,DiligentDonuts,CostlyCorianders,6341516
2026-07-04T00:02:42.844078,2026-07-04T00:02:42.858577+00:00,133.6,50,ask,DiligentDonuts,FlawlessFlatbreads,6341523
2026-07-04T00:02:44.225276,2026-07-04T00:02:44.233386+00:00,134.0,11,bid,Xuanyu Liu,DiligentDonuts,6341539
2026-07-04T00:02:44.422087,2026-07-04T00:02:44.431522+00:00,133.9,100,ask,EarnestEspressos,DiligentDonuts,6341542
2026-07-04T00:02:44.626249,2026-07-04T00:02:44.639076+00:00,133.9,11,ask,EarnestEspressos,Xuanyu Liu,6341546
2026-07-04T00:02:44.953168,2026-07-04T00:02:44.958593+00:00,133.9,39,ask,EarnestEspressos,FlawlessFlatbreads,6341555
2026-07-04T00:02:44.953168,2026-07-04T00:02:44.958593+00:00,133.4,11,ask,DiligentDonuts,FlawlessFlatbreads,6341556
2026-07-04T00:02:46.559581,2026-07-04T00:02:46.567236+00:00,133.7,11,bid,Xuanyu Liu,EarnestEspressos,6341577
2026-07-04T00:02:47.008765,2026-07-04T00:02:47.020528+00:00,133.7,50,bid,FlawlessFlatbreads,EarnestEspressos,6341582
2026-07-04T00:02:49.122156,2026-07-04T00:02:49.128591+00:00,133.7,50,bid,FlawlessFlatbreads,EarnestEspressos,6341613
2026-07-04T00:02:49.490788,2026-07-04T00:02:49.498704+00:00,133.7,23,bid,Xuanyu Liu,EarnestEspressos,6341616
2026-07-04T00:02:49.667670,2026-07-04T00:02:49.677736+00:00,133.8,100,bid,EarnestEspressos,DiligentDonuts,6341621
2026-07-04T00:02:49.731490,2026-07-04T00:02:49.739501+00:00,133.9,11,ask,EarnestEspressos,Xuanyu Liu,6341623
2026-07-04T00:02:50.782896,2026-07-04T00:02:50.790635+00:00,133.9,12,ask,EarnestEspressos,Xuanyu Liu,6341632
2026-07-04T00:02:51.284238,2026-07-04T00:02:51.294492+00:00,133.9,27,ask,EarnestEspressos,FlawlessFlatbreads,6341639
2026-07-04T00:02:51.284238,2026-07-04T00:02:51.294492+00:00,133.9,23,ask,DiligentDonuts,FlawlessFlatbreads,6341640
2026-07-04T00:02:52.881371,2026-07-04T00:02:52.893121+00:00,133.9,77,ask,DiligentDonuts,EarnestEspressos,6341659
2026-07-04T00:02:52.894149,2026-07-04T00:02:52.901233+00:00,133.8,12,bid,Xuanyu Liu,EarnestEspressos,6341660
2026-07-04T00:02:53.340939,2026-07-04T00:02:53.348467+00:00,133.8,50,bid,FlawlessFlatbreads,EarnestEspressos,6341665
2026-07-04T00:02:55.503293,2026-07-04T00:02:55.513776+00:00,133.6,50,ask,DiligentDonuts,FlawlessFlatbreads,6341689
2026-07-04T00:02:57.046058,2026-07-04T00:02:57.055222+00:00,134.4,46,bid,CostlyCorianders,EarnestEspressos,6341712
2026-07-04T00:02:57.557521,2026-07-04T00:02:57.564250+00:00,134.1,50,bid,FlawlessFlatbreads,DiligentDonuts,6341722
2026-07-04T00:02:59.153301,2026-07-04T00:02:59.168918+00:00,134.1,50,bid,EarnestEspressos,DiligentDonuts,6341746
2026-07-04T00:02:59.220306,2026-07-04T00:02:59.227333+00:00,134.1,23,ask,EarnestEspressos,Xuanyu Liu,6341748
2026-07-04T00:02:59.662596,2026-07-04T00:02:59.671452+00:00,134.6,50,bid,FlawlessFlatbreads,EarnestEspressos,6341755
2026-07-04T00:03:01.821784,2026-07-04T00:03:01.831861+00:00,134.1,50,ask,EarnestEspressos,FlawlessFlatbreads,6341785
2026-07-04T00:03:03.928137,2026-07-04T00:03:03.939953+00:00,133.9,50,ask,EarnestEspressos,FlawlessFlatbreads,6341806
2026-07-04T00:03:04.420103,2026-07-04T00:03:04.431902+00:00,133.9,40,ask,EarnestEspressos,CostlyCorianders,6341810
2026-07-04T00:03:06.035567,2026-07-04T00:03:06.047129+00:00,133.8,50,ask,DiligentDonuts,FlawlessFlatbreads,6341826
2026-07-04T00:03:06.480812,2026-07-04T00:03:06.492440+00:00,134.1,47,bid,CostlyCorianders,EarnestEspressos,6341832
2026-07-04T00:03:07.578661,2026-07-04T00:03:07.590236+00:00,133.7,42,ask,DiligentDonuts,CostlyCorianders,6341844
2026-07-04T00:03:08.152527,2026-07-04T00:03:08.164438+00:00,133.7,50,ask,DiligentDonuts,FlawlessFlatbreads,6341855
2026-07-04T00:03:09.202872,2026-07-04T00:03:09.214257+00:00,134.2,44,bid,CostlyCorianders,DiligentDonuts,6341869
2026-07-04T00:03:09.763480,2026-07-04T00:03:09.774893+00:00,133.7,41,ask,EarnestEspressos,CostlyCorianders,6341875
2026-07-04T00:03:10.210382,2026-07-04T00:03:10.222072+00:00,134.2,50,bid,FlawlessFlatbreads,EarnestEspressos,6341884
2026-07-04T00:03:12.318026,2026-07-04T00:03:12.325241+00:00,134.0,50,bid,FlawlessFlatbreads,EarnestEspressos,6341915
2026-07-04T00:03:12.339831,2026-07-04T00:03:12.351308+00:00,134.0,40,bid,CostlyCorianders,EarnestEspressos,6341916
2026-07-04T00:03:13.080420,2026-07-04T00:03:13.088760+00:00,133.9,23,bid,Xuanyu Liu,DiligentDonuts,6341927
2026-07-04T00:03:13.296600,2026-07-04T00:03:13.313643+00:00,133.9,47,bid,CostlyCorianders,DiligentDonuts,6341931
2026-07-04T00:03:14.481295,2026-07-04T00:03:14.493049+00:00,133.5,50,ask,EarnestEspressos,FlawlessFlatbreads,6341948
2026-07-04T00:03:16.589909,2026-07-04T00:03:16.601806+00:00,133.8,50,ask,EarnestEspressos,FlawlessFlatbreads,6341977
2026-07-04T00:03:18.698461,2026-07-04T00:03:18.706345+00:00,133.6,50,ask,DiligentDonuts,FlawlessFlatbreads,6341998
2026-07-04T00:03:20.805707,2026-07-04T00:03:20.816077+00:00,133.6,50,ask,EarnestEspressos,FlawlessFlatbreads,6342027
2026-07-04T00:03:22.912479,2026-07-04T00:03:22.924074+00:00,133.6,50,ask,DiligentDonuts,FlawlessFlatbreads,6342044
2026-07-04T00:03:24.967058,2026-07-04T00:03:24.978646+00:00,134.1,50,bid,FlawlessFlatbreads,DiligentDonuts,6342065
2026-07-04T00:03:25.802637,2026-07-04T00:03:25.809345+00:00,133.6,40,ask,EarnestEspressos,CostlyCorianders,6342082
2026-07-04T00:03:27.126890,2026-07-04T00:03:27.138600+00:00,133.6,50,ask,EarnestEspressos,FlawlessFlatbreads,6342106
2026-07-04T00:03:27.705529,2026-07-04T00:03:27.713533+00:00,133.7,22,bid,Xuanyu Liu,EarnestEspressos,6342110
2026-07-04T00:03:28.196924,2026-07-04T00:03:28.208661+00:00,133.4,47,ask,DiligentDonuts,CostlyCorianders,6342113
2026-07-04T00:03:28.741576,2026-07-04T00:03:28.748485+00:00,133.7,46,bid,CostlyCorianders,EarnestEspressos,6342122
2026-07-04T00:03:29.237186,2026-07-04T00:03:29.248555+00:00,133.5,50,ask,DiligentDonuts,FlawlessFlatbreads,6342128
2026-07-04T00:03:29.391511,2026-07-04T00:03:29.403528+00:00,133.7,49,bid,CostlyCorianders,EarnestEspressos,6342130
2026-07-04T00:03:31.048171,2026-07-04T00:03:31.063846+00:00,133.5,47,ask,DiligentDonuts,CostlyCorianders,6342153
2026-07-04T00:03:33.123053,2026-07-04T00:03:33.133839+00:00,133.7,46,bid,CostlyCorianders,DiligentDonuts,6342181
2026-07-04T00:03:33.395550,2026-07-04T00:03:33.407037+00:00,133.7,50,bid,FlawlessFlatbreads,DiligentDonuts,6342189
2026-07-04T00:03:35.503604,2026-07-04T00:03:35.512539+00:00,133.8,50,bid,FlawlessFlatbreads,DiligentDonuts,6342214
2026-07-04T00:03:35.704553,2026-07-04T00:03:35.716124+00:00,133.6,43,ask,EarnestEspressos,CostlyCorianders,6342216
2026-07-04T00:03:36.357638,2026-07-04T00:03:36.368968+00:00,133.8,46,bid,CostlyCorianders,DiligentDonuts,6342228
2026-07-04T00:03:36.640938,2026-07-04T00:03:36.648625+00:00,133.6,22,ask,EarnestEspressos,Xuanyu Liu,6342232
2026-07-04T00:03:36.991207,2026-07-04T00:03:37.002782+00:00,133.6,43,ask,EarnestEspressos,CostlyCorianders,6342236
2026-07-04T00:03:37.184191,2026-07-04T00:03:37.194682+00:00,133.3,100,ask,DiligentDonuts,EarnestEspressos,6342237
2026-07-04T00:03:37.195836,2026-07-04T00:03:37.203424+00:00,133.2,22,bid,Xuanyu Liu,EarnestEspressos,6342238
2026-07-04T00:03:37.580315,2026-07-04T00:03:37.592054+00:00,132.7,43,ask,EarnestEspressos,CostlyCorianders,6342252
2026-07-04T00:03:37.608520,2026-07-04T00:03:37.620237+00:00,133.2,28,bid,FlawlessFlatbreads,EarnestEspressos,6342253
2026-07-04T00:03:37.608520,2026-07-04T00:03:37.620237+00:00,133.8,4,bid,FlawlessFlatbreads,DiligentDonuts,6342254
2026-07-04T00:03:39.719996,2026-07-04T00:03:39.731562+00:00,133.7,50,bid,FlawlessFlatbreads,DiligentDonuts,6342279
2026-07-04T00:03:40.961324,2026-07-04T00:03:40.972329+00:00,133.7,45,bid,CostlyCorianders,DiligentDonuts,6342290
2026-07-04T00:03:43.087265,2026-07-04T00:03:43.096262+00:00,133.4,48,ask,EarnestEspressos,CostlyCorianders,6342312
2026-07-04T00:03:43.987507,2026-07-04T00:03:43.995202+00:00,133.4,50,ask,DiligentDonuts,FlawlessFlatbreads,6342323
2026-07-04T00:03:44.017548,2026-07-04T00:03:44.029184+00:00,133.4,11,ask,DiligentDonuts,Xuanyu Liu,6342324
2026-07-04T00:03:45.450894,2026-07-04T00:03:45.452570+00:00,133.5,41,bid,CostlyCorianders,EarnestEspressos,6342339
2026-07-04T00:03:46.084974,2026-07-04T00:03:46.096551+00:00,133.1,48,ask,DiligentDonuts,CostlyCorianders,6342347
2026-07-04T00:03:46.092646,2026-07-04T00:03:46.096551+00:00,133.1,50,ask,DiligentDonuts,FlawlessFlatbreads,6342348
2026-07-04T00:03:47.746209,2026-07-04T00:03:47.752815+00:00,133.0,100,ask,EarnestEspressos,DiligentDonuts,6342368
2026-07-04T00:03:48.151378,2026-07-04T00:03:48.158587+00:00,133.5,50,bid,FlawlessFlatbreads,EarnestEspressos,6342378
2026-07-04T00:03:49.236263,2026-07-04T00:03:49.244349+00:00,133.5,41,bid,CostlyCorianders,EarnestEspressos,6342398
2026-07-04T00:03:50.279331,2026-07-04T00:03:50.290822+00:00,133.2,50,bid,FlawlessFlatbreads,EarnestEspressos,6342414
2026-07-04T00:03:51.390589,2026-07-04T00:03:51.401050+00:00,132.9,42,ask,DiligentDonuts,CostlyCorianders,6342432
2026-07-04T00:03:52.385192,2026-07-04T00:03:52.396848+00:00,133.2,50,bid,FlawlessFlatbreads,EarnestEspressos,6342445
2026-07-04T00:03:53.366557,2026-07-04T00:03:53.378415+00:00,133.4,40,bid,CostlyCorianders,DiligentDonuts,6342460
2026-07-04T00:03:55.127733,2026-07-04T00:03:55.139400+00:00,133.2,49,ask,EarnestEspressos,CostlyCorianders,6342493
2026-07-04T00:03:56.596246,2026-07-04T00:03:56.607741+00:00,133.5,50,bid,FlawlessFlatbreads,DiligentDonuts,6342509
2026-07-04T00:03:58.662437,2026-07-04T00:03:58.673876+00:00,133.5,48,bid,CostlyCorianders,EarnestEspressos,6342545
2026-07-04T00:03:58.703057,2026-07-04T00:03:58.710075+00:00,133.5,50,bid,FlawlessFlatbreads,EarnestEspressos,6342547
2026-07-04T00:03:59.273903,2026-07-04T00:03:59.281333+00:00,133.5,100,bid,EarnestEspressos,DiligentDonuts,6342553
2026-07-04T00:03:59.336158,2026-07-04T00:03:59.345139+00:00,133.5,23,ask,EarnestEspressos,Xuanyu Liu,6342555
2026-07-04T00:03:59.658400,2026-07-04T00:03:59.670003+00:00,133.5,27,ask,EarnestEspressos,CostlyCorianders,6342565
2026-07-04T00:03:59.658400,2026-07-04T00:03:59.670003+00:00,133.0,14,ask,DiligentDonuts,CostlyCorianders,6342566
2026-07-04T00:04:00.809474,2026-07-04T00:04:00.821617+00:00,133.9,50,bid,FlawlessFlatbreads,DiligentDonuts,6342579
2026-07-04T00:04:00.814963,2026-07-04T00:04:00.821617+00:00,133.9,40,bid,CostlyCorianders,DiligentDonuts,6342580
2026-07-04T00:04:02.489051,2026-07-04T00:04:02.497937+00:00,133.4,100,ask,DiligentDonuts,EarnestEspressos,6342611
2026-07-04T00:04:02.968471,2026-07-04T00:04:02.980091+00:00,132.8,50,ask,EarnestEspressos,FlawlessFlatbreads,6342618
2026-07-04T00:04:03.499904,2026-07-04T00:04:03.511374+00:00,133.3,50,bid,DiligentDonuts,EarnestEspressos,6342623
2026-07-04T00:04:05.008469,2026-07-04T00:04:05.019889+00:00,133.3,42,ask,DiligentDonuts,CostlyCorianders,6342638
2026-07-04T00:04:05.075083,2026-07-04T00:04:05.086710+00:00,133.3,8,ask,DiligentDonuts,FlawlessFlatbreads,6342639
2026-07-04T00:04:05.075083,2026-07-04T00:04:05.086710+00:00,132.8,42,ask,EarnestEspressos,FlawlessFlatbreads,6342640
2026-07-04T00:04:07.184450,2026-07-04T00:04:07.196364+00:00,133.0,50,ask,EarnestEspressos,FlawlessFlatbreads,6342665
2026-07-04T00:04:09.291330,2026-07-04T00:04:09.300107+00:00,133.0,50,ask,EarnestEspressos,FlawlessFlatbreads,6342691
2026-07-04T00:04:10.704629,2026-07-04T00:04:10.716361+00:00,133.5,49,bid,CostlyCorianders,EarnestEspressos,6342707
2026-07-04T00:04:13.449931,2026-07-04T00:04:13.463841+00:00,133.3,50,bid,FlawlessFlatbreads,EarnestEspressos,6342741
2026-07-04T00:04:14.417342,2026-07-04T00:04:14.428652+00:00,132.9,42,ask,DiligentDonuts,CostlyCorianders,6342753
2026-07-04T00:04:15.418542,2026-07-04T00:04:15.430088+00:00,132.9,44,ask,DiligentDonuts,CostlyCorianders,6342765
2026-07-04T00:04:17.330462,2026-07-04T00:04:17.339056+00:00,133.1,12,bid,Xuanyu Liu,DiligentDonuts,6342798
2026-07-04T00:04:17.663171,2026-07-04T00:04:17.674800+00:00,133.1,50,bid,FlawlessFlatbreads,DiligentDonuts,6342805
2026-07-04T00:04:18.002026,2026-07-04T00:04:18.013644+00:00,133.1,38,bid,CostlyCorianders,DiligentDonuts,6342813
2026-07-04T00:04:18.002026,2026-07-04T00:04:18.013644+00:00,133.2,11,bid,CostlyCorianders,EarnestEspressos,6342814
2026-07-04T00:04:18.640440,2026-07-04T00:04:18.651925+00:00,133.1,40,ask,EarnestEspressos,CostlyCorianders,6342827
2026-07-04T00:04:19.178964,2026-07-04T00:04:19.190401+00:00,133.1,44,ask,EarnestEspressos,CostlyCorianders,6342832
2026-07-04T00:04:19.770964,2026-07-04T00:04:19.782542+00:00,133.3,50,bid,FlawlessFlatbreads,DiligentDonuts,6342838
2026-07-04T00:04:21.814330,2026-07-04T00:04:21.826240+00:00,133.0,45,bid,CostlyCorianders,EarnestEspressos,6342858
2026-07-04T00:04:21.877120,2026-07-04T00:04:21.888742+00:00,133.0,50,bid,FlawlessFlatbreads,EarnestEspressos,6342859
2026-07-04T00:04:22.480039,2026-07-04T00:04:22.491066+00:00,133.0,55,bid,DiligentDonuts,EarnestEspressos,6342872
2026-07-04T00:04:24.032938,2026-07-04T00:04:24.044797+00:00,133.0,45,ask,DiligentDonuts,FlawlessFlatbreads,6342887
2026-07-04T00:04:24.032938,2026-07-04T00:04:24.044797+00:00,132.5,5,ask,EarnestEspressos,FlawlessFlatbreads,6342888
2026-07-04T00:04:26.143593,2026-07-04T00:04:26.150785+00:00,133.0,50,ask,EarnestEspressos,FlawlessFlatbreads,6342908
2026-07-04T00:04:28.253431,2026-07-04T00:04:28.264860+00:00,132.9,50,ask,EarnestEspressos,FlawlessFlatbreads,6342937
2026-07-04T00:04:28.801514,2026-07-04T00:04:28.810756+00:00,133.4,45,bid,CostlyCorianders,EarnestEspressos,6342944
2026-07-04T00:04:30.308678,2026-07-04T00:04:30.320233+00:00,133.1,50,bid,FlawlessFlatbreads,DiligentDonuts,6342965
2026-07-04T00:04:30.462558,2026-07-04T00:04:30.470559+00:00,133.1,48,bid,CostlyCorianders,DiligentDonuts,6342969
2026-07-04T00:04:31.648361,2026-07-04T00:04:31.654641+00:00,132.9,45,ask,EarnestEspressos,CostlyCorianders,6342985
2026-07-04T00:04:32.421041,2026-07-04T00:04:32.432452+00:00,133.4,50,bid,FlawlessFlatbreads,EarnestEspressos,6343003
2026-07-04T00:04:32.762964,2026-07-04T00:04:32.774720+00:00,133.4,48,bid,CostlyCorianders,EarnestEspressos,6343007
2026-07-04T00:04:34.059530,2026-07-04T00:04:34.066944+00:00,133.2,12,ask,EarnestEspressos,Xuanyu Liu,6343021
2026-07-04T00:04:34.527942,2026-07-04T00:04:34.539461+00:00,133.5,50,bid,FlawlessFlatbreads,DiligentDonuts,6343030
2026-07-04T00:04:36.685714,2026-07-04T00:04:36.695388+00:00,133.2,50,ask,EarnestEspressos,FlawlessFlatbreads,6343066
2026-07-04T00:04:36.964244,2026-07-04T00:04:36.975842+00:00,133.2,49,ask,EarnestEspressos,CostlyCorianders,6343068
2026-07-04T00:04:38.007366,2026-07-04T00:04:38.018870+00:00,133.1,49,ask,DiligentDonuts,CostlyCorianders,6343086
2026-07-04T00:04:38.614990,2026-07-04T00:04:38.622050+00:00,133.3,42,bid,CostlyCorianders,EarnestEspressos,6343097
2026-07-04T00:04:38.793422,2026-07-04T00:04:38.801561+00:00,133.0,50,ask,DiligentDonuts,FlawlessFlatbreads,6343100
2026-07-04T00:04:39.537585,2026-07-04T00:04:39.549181+00:00,133.3,40,bid,CostlyCorianders,EarnestEspressos,6343111
2026-07-04T00:04:40.901111,2026-07-04T00:04:40.910253+00:00,133.0,50,ask,DiligentDonuts,FlawlessFlatbreads,6343123
2026-07-04T00:04:42.576411,2026-07-04T00:04:42.588070+00:00,132.9,43,ask,EarnestEspressos,CostlyCorianders,6343153
2026-07-04T00:04:43.005926,2026-07-04T00:04:43.017601+00:00,132.9,50,ask,EarnestEspressos,FlawlessFlatbreads,6343160
2026-07-04T00:04:45.152642,2026-07-04T00:04:45.164099+00:00,133.0,50,ask,DiligentDonuts,FlawlessFlatbreads,6343187
2026-07-04T00:04:46.110403,2026-07-04T00:04:46.122206+00:00,133.4,42,bid,CostlyCorianders,EarnestEspressos,6343209
2026-07-04T00:04:46.166202,2026-07-04T00:04:46.177958+00:00,133.0,45,ask,DiligentDonuts,CostlyCorianders,6343210
2026-07-04T00:04:47.263332,2026-07-04T00:04:47.275168+00:00,133.1,50,ask,EarnestEspressos,FlawlessFlatbreads,6343221
2026-07-04T00:04:47.833964,2026-07-04T00:04:47.840930+00:00,133.1,100,ask,EarnestEspressos,DiligentDonuts,6343230
2026-07-04T00:04:49.369872,2026-07-04T00:04:49.381164+00:00,132.5,50,ask,DiligentDonuts,FlawlessFlatbreads,6343245
2026-07-04T00:04:49.937315,2026-07-04T00:04:49.944433+00:00,132.9,34,bid,Xuanyu Liu,EarnestEspressos,6343259
2026-07-04T00:04:49.972789,2026-07-04T00:04:49.979918+00:00,132.9,12,bid,Xuanyu Liu,EarnestEspressos,6343263
2026-07-04T00:04:50.091680,2026-07-04T00:04:50.100277+00:00,132.9,11,bid,Xuanyu Liu,EarnestEspressos,6343266
2026-07-04T00:04:53.115485,2026-07-04T00:04:53.126857+00:00,133.1,41,bid,CostlyCorianders,EarnestEspressos,6343308
2026-07-04T00:04:53.578210,2026-07-04T00:04:53.587508+00:00,132.8,50,ask,DiligentDonuts,FlawlessFlatbreads,6343316
2026-07-04T00:04:54.699795,2026-07-04T00:04:54.711701+00:00,133.1,40,bid,CostlyCorianders,EarnestEspressos,6343325
2026-07-04T00:04:55.686203,2026-07-04T00:04:55.698033+00:00,132.7,50,ask,DiligentDonuts,FlawlessFlatbreads,6343340
2026-07-04T00:04:56.197929,2026-07-04T00:04:56.209354+00:00,133.2,100,bid,EarnestEspressos,DiligentDonuts,6343352
2026-07-04T00:04:56.261300,2026-07-04T00:04:56.268875+00:00,133.2,11,ask,EarnestEspressos,Xuanyu Liu,6343354
2026-07-04T00:04:56.692695,2026-07-04T00:04:56.700787+00:00,133.2,12,ask,EarnestEspressos,Xuanyu Liu,6343359
2026-07-04T00:04:57.742753,2026-07-04T00:04:57.748967+00:00,133.3,50,bid,FlawlessFlatbreads,DiligentDonuts,6343375
2026-07-04T00:04:59.433763,2026-07-04T00:04:59.458604+00:00,132.8,42,ask,DiligentDonuts,CostlyCorianders,6343394
2026-07-04T00:04:59.846814,2026-07-04T00:04:59.854412+00:00,133.1,50,bid,FlawlessFlatbreads,EarnestEspressos,6343404
2026-07-04T00:05:00.278168,2026-07-04T00:05:00.289184+00:00,133.1,12,bid,Xuanyu Liu,EarnestEspressos,6343409
2026-07-04T00:05:00.638930,2026-07-04T00:05:00.650626+00:00,133.1,44,bid,CostlyCorianders,EarnestEspressos,6343418
2026-07-04T00:05:01.760870,2026-07-04T00:05:01.770174+00:00,132.8,48,ask,DiligentDonuts,CostlyCorianders,6343442
2026-07-04T00:05:01.953034,2026-07-04T00:05:01.958577+00:00,133.1,44,bid,FlawlessFlatbreads,EarnestEspressos,6343444
2026-07-04T00:05:01.953034,2026-07-04T00:05:01.958577+00:00,133.3,6,bid,FlawlessFlatbreads,DiligentDonuts,6343445
2026-07-04T00:05:02.520470,2026-07-04T00:05:02.530892+00:00,133.3,94,bid,EarnestEspressos,DiligentDonuts,6343453
2026-07-04T00:05:02.595215,2026-07-04T00:05:02.603769+00:00,133.3,12,ask,EarnestEspressos,Xuanyu Liu,6343456
2026-07-04T00:05:03.467175,2026-07-04T00:05:03.478779+00:00,133.3,44,ask,EarnestEspressos,CostlyCorianders,6343468
2026-07-04T00:05:04.061863,2026-07-04T00:05:04.073300+00:00,133.6,50,bid,FlawlessFlatbreads,DiligentDonuts,6343477
2026-07-04T00:05:06.167654,2026-07-04T00:05:06.174887+00:00,133.2,50,bid,FlawlessFlatbreads,EarnestEspressos,6343509
2026-07-04T00:05:06.749369,2026-07-04T00:05:06.755751+00:00,133.2,100,bid,DiligentDonuts,EarnestEspressos,6343515
2026-07-04T00:05:07.560479,2026-07-04T00:05:07.571854+00:00,133.7,45,bid,CostlyCorianders,DiligentDonuts,6343524
2026-07-04T00:05:08.274591,2026-07-04T00:05:08.286513+00:00,133.7,50,bid,FlawlessFlatbreads,DiligentDonuts,6343542
2026-07-04T00:05:09.287562,2026-07-04T00:05:09.293887+00:00,133.3,48,ask,EarnestEspressos,CostlyCorianders,6343551
2026-07-04T00:05:10.381418,2026-07-04T00:05:10.393153+00:00,133.7,50,bid,FlawlessFlatbreads,DiligentDonuts,6343568
2026-07-04T00:05:11.835218,2026-07-04T00:05:11.844131+00:00,133.3,45,ask,EarnestEspressos,CostlyCorianders,6343582
2026-07-04T00:05:12.487188,2026-07-04T00:05:12.498784+00:00,133.4,50,bid,FlawlessFlatbreads,EarnestEspressos,6343592
2026-07-04T00:05:13.098579,2026-07-04T00:05:13.108164+00:00,133.3,11,ask,DiligentDonuts,Xuanyu Liu,6343596
2026-07-04T00:05:14.248270,2026-07-04T00:05:14.252495+00:00,133.4,42,bid,CostlyCorianders,EarnestEspressos,6343615
2026-07-04T00:05:14.595005,2026-07-04T00:05:14.606425+00:00,133.4,50,bid,FlawlessFlatbreads,EarnestEspressos,6343619
2026-07-04T00:05:15.181399,2026-07-04T00:05:15.190244+00:00,133.5,11,ask,EarnestEspressos,Xuanyu Liu,6343625
2026-07-04T00:05:16.702275,2026-07-04T00:05:16.714102+00:00,133.9,50,bid,FlawlessFlatbreads,DiligentDonuts,6343644
2026-07-04T00:05:16.807808,2026-07-04T00:05:16.819398+00:00,133.5,44,ask,EarnestEspressos,CostlyCorianders,6343645
2026-07-04T00:05:18.809326,2026-07-04T00:05:18.820926+00:00,133.7,50,bid,FlawlessFlatbreads,EarnestEspressos,6343668
2026-07-04T00:05:19.413805,2026-07-04T00:05:19.422570+00:00,133.7,100,bid,DiligentDonuts,EarnestEspressos,6343672
2026-07-04T00:05:21.492173,2026-07-04T00:05:21.501524+00:00,134.2,45,bid,CostlyCorianders,DiligentDonuts,6343704
2026-07-04T00:05:21.523342,2026-07-04T00:05:21.531762+00:00,134.0,35,ask,EarnestEspressos,Xuanyu Liu,6343705
2026-07-04T00:05:23.020132,2026-07-04T00:05:23.031710+00:00,134.2,50,bid,FlawlessFlatbreads,DiligentDonuts,6343721
2026-07-04T00:05:25.127970,2026-07-04T00:05:25.134495+00:00,134.2,50,bid,FlawlessFlatbreads,DiligentDonuts,6343747
2026-07-04T00:05:27.233994,2026-07-04T00:05:27.245547+00:00,134.5,50,bid,FlawlessFlatbreads,DiligentDonuts,6343775
2026-07-04T00:05:29.248595,2026-07-04T00:05:29.255038+00:00,134.1,44,ask,DiligentDonuts,CostlyCorianders,6343803
2026-07-04T00:05:29.348053,2026-07-04T00:05:29.358582+00:00,134.5,50,bid,FlawlessFlatbreads,EarnestEspressos,6343805
2026-07-04T00:05:31.011591,2026-07-04T00:05:31.019371+00:00,134.4,11,ask,EarnestEspressos,Xuanyu Liu,6343829
2026-07-04T00:05:31.504874,2026-07-04T00:05:31.516497+00:00,134.4,50,ask,EarnestEspressos,FlawlessFlatbreads,6343836
2026-07-04T00:05:31.817181,2026-07-04T00:05:31.825778+00:00,134.4,3,ask,EarnestEspressos,Xuanyu Liu,6343842
2026-07-04T00:05:32.363393,2026-07-04T00:05:32.371114+00:00,134.6,41,bid,CostlyCorianders,DiligentDonuts,6343847
2026-07-04T00:05:32.901115,2026-07-04T00:05:32.912637+00:00,134.4,49,ask,EarnestEspressos,CostlyCorianders,6343852
2026-07-04T00:05:33.509648,2026-07-04T00:05:33.521245+00:00,134.6,41,bid,CostlyCorianders,DiligentDonuts,6343858
2026-07-04T00:05:33.582744,2026-07-04T00:05:33.594628+00:00,134.6,18,bid,FlawlessFlatbreads,DiligentDonuts,6343860
2026-07-04T00:05:33.582921,2026-07-04T00:05:33.599637+00:00,134.4,37,ask,EarnestEspressos,CostlyCorianders,6343861
2026-07-04T00:05:34.211195,2026-07-04T00:05:34.238908+00:00,134.1,100,ask,DiligentDonuts,EarnestEspressos,6343872
2026-07-04T00:05:34.231084,2026-07-04T00:05:34.238908+00:00,134.1,3,bid,Xuanyu Liu,EarnestEspressos,6343873
2026-07-04T00:05:35.694551,2026-07-04T00:05:35.706375+00:00,134.1,47,bid,FlawlessFlatbreads,EarnestEspressos,6343893
2026-07-04T00:05:35.694551,2026-07-04T00:05:35.706375+00:00,134.5,3,bid,FlawlessFlatbreads,DiligentDonuts,6343894
2026-07-04T00:05:37.651982,2026-07-04T00:05:37.658554+00:00,134.5,40,bid,CostlyCorianders,DiligentDonuts,6343924
2026-07-04T00:05:37.811815,2026-07-04T00:05:37.820035+00:00,134.5,50,bid,FlawlessFlatbreads,DiligentDonuts,6343925
2026-07-04T00:05:38.545400,2026-07-04T00:05:38.558539+00:00,134.1,44,ask,DiligentDonuts,CostlyCorianders,6343936
2026-07-04T00:05:38.600718,2026-07-04T00:05:38.610065+00:00,134.1,3,ask,DiligentDonuts,Xuanyu Liu,6343937
2026-07-04T00:05:39.038899,2026-07-04T00:05:39.050691+00:00,134.5,41,bid,CostlyCorianders,EarnestEspressos,6343941
2026-07-04T00:05:39.969637,2026-07-04T00:05:39.981578+00:00,134.1,50,ask,DiligentDonuts,FlawlessFlatbreads,6343958
2026-07-04T00:05:41.184067,2026-07-04T00:05:41.195684+00:00,134.2,43,ask,EarnestEspressos,CostlyCorianders,6343968
2026-07-04T00:05:41.765165,2026-07-04T00:05:41.776793+00:00,134.3,48,bid,CostlyCorianders,DiligentDonuts,6343980
2026-07-04T00:05:42.079766,2026-07-04T00:05:42.087423+00:00,134.2,50,ask,EarnestEspressos,FlawlessFlatbreads,6343986
2026-07-04T00:05:42.836869,2026-07-04T00:05:42.848562+00:00,134.3,45,bid,CostlyCorianders,DiligentDonuts,6343999
2026-07-04T00:05:44.186361,2026-07-04T00:05:44.198076+00:00,134.1,50,ask,EarnestEspressos,FlawlessFlatbreads,6344017
2026-07-04T00:05:44.783996,2026-07-04T00:05:44.795732+00:00,134.2,44,ask,DiligentDonuts,CostlyCorianders,6344027
2026-07-04T00:05:46.307539,2026-07-04T00:05:46.316297+00:00,134.2,50,ask,DiligentDonuts,FlawlessFlatbreads,6344043
2026-07-04T00:05:46.456364,2026-07-04T00:05:46.454880+00:00,134.2,6,ask,DiligentDonuts,CostlyCorianders,6344051
2026-07-04T00:05:46.456364,2026-07-04T00:05:46.469344+00:00,134.1,43,ask,EarnestEspressos,CostlyCorianders,6344052
2026-07-04T00:05:47.551685,2026-07-04T00:05:47.559509+00:00,134.1,14,bid,Xuanyu Liu,EarnestEspressos,6344073
2026-07-04T00:05:48.362597,2026-07-04T00:05:48.370602+00:00,134.1,50,bid,FlawlessFlatbreads,EarnestEspressos,6344083
2026-07-04T00:05:49.071846,2026-07-04T00:05:49.078947+00:00,134.1,23,bid,Xuanyu Liu,EarnestEspressos,6344100
2026-07-04T00:05:49.982316,2026-07-04T00:05:49.992219+00:00,134.3,100,bid,EarnestEspressos,DiligentDonuts,6344115
2026-07-04T00:05:50.280391,2026-07-04T00:05:50.292009+00:00,134.8,40,bid,CostlyCorianders,EarnestEspressos,6344120
2026-07-04T00:05:50.376863,2026-07-04T00:05:50.384594+00:00,134.3,11,ask,EarnestEspressos,Xuanyu Liu,6344121
2026-07-04T00:05:51.074198,2026-07-04T00:05:51.082430+00:00,134.5,23,ask,DiligentDonuts,Xuanyu Liu,6344129
2026-07-04T00:05:52.629081,2026-07-04T00:05:52.663711+00:00,134.5,50,ask,DiligentDonuts,FlawlessFlatbreads,6344153
2026-07-04T00:05:52.901646,2026-07-04T00:05:52.909149+00:00,134.5,27,ask,DiligentDonuts,CostlyCorianders,6344159
2026-07-04T00:05:52.901646,2026-07-04T00:05:52.914121+00:00,134.3,20,ask,EarnestEspressos,CostlyCorianders,6344160
2026-07-04T00:05:54.456449,2026-07-04T00:05:54.465617+00:00,134.4,44,bid,CostlyCorianders,EarnestEspressos,6344181
2026-07-04T00:05:54.686075,2026-07-04T00:05:54.697566+00:00,134.4,50,bid,FlawlessFlatbreads,EarnestEspressos,6344186
2026-07-04T00:05:57.649158,2026-07-04T00:05:57.663981+00:00,134.8,43,bid,CostlyCorianders,EarnestEspressos,6344215
2026-07-04T00:05:57.704372,2026-07-04T00:05:57.764287+00:00,134.3,45,ask,EarnestEspressos,CostlyCorianders,6344216
2026-07-04T00:05:58.895591,2026-07-04T00:05:58.959324+00:00,134.8,50,bid,FlawlessFlatbreads,EarnestEspressos,6344231
2026-07-04T00:06:01.001057,2026-07-04T00:06:04.594304+00:00,134.8,50,bid,FlawlessFlatbreads,DiligentDonuts,6344268
2026-07-04T00:06:01.349751,2026-07-04T00:06:04.594304+00:00,134.6,40,ask,EarnestEspressos,CostlyCorianders,6344270
2026-07-04T00:06:02.511506,2026-07-04T00:06:04.594304+00:00,134.6,44,ask,EarnestEspressos,CostlyCorianders,6344282
2026-07-04T00:06:03.106631,2026-07-04T00:06:04.594304+00:00,134.6,50,bid,FlawlessFlatbreads,EarnestEspressos,6344289
2026-07-04T00:06:03.127598,2026-07-04T00:06:04.594304+00:00,134.6,40,bid,CostlyCorianders,EarnestEspressos,6344290
2026-07-04T00:06:05.057700,2026-07-04T00:06:05.069465+00:00,134.6,45,bid,CostlyCorianders,EarnestEspressos,6344321
2026-07-04T00:06:05.213898,2026-07-04T00:06:05.225803+00:00,134.6,15,bid,FlawlessFlatbreads,EarnestEspressos,6344324
2026-07-04T00:06:05.213898,2026-07-04T00:06:05.225803+00:00,134.8,35,bid,FlawlessFlatbreads,DiligentDonuts,6344325
2026-07-04T00:06:05.870160,2026-07-04T00:06:05.878919+00:00,134.6,3,ask,EarnestEspressos,Xuanyu Liu,6344333
2026-07-04T00:06:07.321971,2026-07-04T00:06:07.333512+00:00,134.8,50,bid,FlawlessFlatbreads,DiligentDonuts,6344351
2026-07-04T00:06:08.965610,2026-07-04T00:06:08.974434+00:00,134.8,50,bid,EarnestEspressos,DiligentDonuts,6344368
2026-07-04T00:06:09.428819,2026-07-04T00:06:09.436625+00:00,135.4,50,bid,FlawlessFlatbreads,EarnestEspressos,6344371
2026-07-04T00:06:11.534663,2026-07-04T00:06:11.542196+00:00,135.3,50,bid,FlawlessFlatbreads,DiligentDonuts,6344399
2026-07-04T00:06:12.531601,2026-07-04T00:06:12.543103+00:00,134.9,40,ask,EarnestEspressos,CostlyCorianders,6344414
2026-07-04T00:06:13.235925,2026-07-04T00:06:13.244739+00:00,135.0,3,ask,DiligentDonuts,Xuanyu Liu,6344416
2026-07-04T00:06:13.641728,2026-07-04T00:06:13.653126+00:00,135.4,50,bid,FlawlessFlatbreads,EarnestEspressos,6344425
2026-07-04T00:06:15.417321,2026-07-04T00:06:15.425860+00:00,135.0,11,ask,DiligentDonuts,Xuanyu Liu,6344442
2026-07-04T00:06:15.748955,2026-07-04T00:06:15.758616+00:00,135.3,50,bid,FlawlessFlatbreads,EarnestEspressos,6344445
2026-07-04T00:06:16.698343,2026-07-04T00:06:16.707437+00:00,135.3,49,bid,CostlyCorianders,EarnestEspressos,6344462
2026-07-04T00:06:16.752541,2026-07-04T00:06:16.760793+00:00,134.9,40,ask,DiligentDonuts,CostlyCorianders,6344463
2026-07-04T00:06:17.363766,2026-07-04T00:06:17.375488+00:00,134.9,42,ask,DiligentDonuts,CostlyCorianders,6344468
2026-07-04T00:06:17.854049,2026-07-04T00:06:17.865839+00:00,135.3,50,bid,FlawlessFlatbreads,EarnestEspressos,6344472
2026-07-04T00:06:17.869811,2026-07-04T00:06:17.881465+00:00,134.9,18,ask,DiligentDonuts,CostlyCorianders,6344473
2026-07-04T00:06:18.482128,2026-07-04T00:06:18.491626+00:00,135.3,35,ask,EarnestEspressos,Xuanyu Liu,6344479
2026-07-04T00:06:19.603573,2026-07-04T00:06:19.613975+00:00,135.3,100,ask,EarnestEspressos,DiligentDonuts,6344490
2026-07-04T00:06:19.960286,2026-07-04T00:06:19.971859+00:00,135.8,50,bid,FlawlessFlatbreads,EarnestEspressos,6344494
2026-07-04T00:06:19.968229,2026-07-04T00:06:19.977306+00:00,135.8,44,bid,CostlyCorianders,EarnestEspressos,6344495
2026-07-04T00:06:21.765097,2026-07-04T00:06:21.777083+00:00,135.4,48,ask,EarnestEspressos,CostlyCorianders,6344522
2026-07-04T00:06:22.068109,2026-07-04T00:06:22.079494+00:00,135.9,50,bid,FlawlessFlatbreads,EarnestEspressos,6344525
2026-07-04T00:06:22.765420,2026-07-04T00:06:22.776799+00:00,135.4,100,ask,EarnestEspressos,DiligentDonuts,6344532
2026-07-04T00:06:22.827786,2026-07-04T00:06:22.838307+00:00,135.9,41,bid,CostlyCorianders,EarnestEspressos,6344533
2026-07-04T00:06:23.860625,2026-07-04T00:06:23.873090+00:00,135.4,2,ask,EarnestEspressos,Xuanyu Liu,6344546
2026-07-04T00:06:24.238277,2026-07-04T00:06:24.250217+00:00,134.9,46,ask,DiligentDonuts,CostlyCorianders,6344555
2026-07-04T00:06:26.272846,2026-07-04T00:06:26.284838+00:00,135.4,14,bid,Xuanyu Liu,EarnestEspressos,6344578
2026-07-04T00:06:26.276631,2026-07-04T00:06:26.284838+00:00,135.4,50,bid,FlawlessFlatbreads,EarnestEspressos,6344579
2026-07-04T00:06:27.463453,2026-07-04T00:06:27.474693+00:00,135.4,48,bid,CostlyCorianders,EarnestEspressos,6344599
2026-07-04T00:06:27.984106,2026-07-04T00:06:27.993471+00:00,135.6,100,bid,EarnestEspressos,DiligentDonuts,6344606
2026-07-04T00:06:28.080019,2026-07-04T00:06:28.088086+00:00,135.6,23,ask,EarnestEspressos,Xuanyu Liu,6344610
2026-07-04T00:06:30.510371,2026-07-04T00:06:30.520676+00:00,136.0,50,bid,FlawlessFlatbreads,DiligentDonuts,6344647
2026-07-04T00:06:30.933924,2026-07-04T00:06:30.945865+00:00,135.6,27,ask,EarnestEspressos,CostlyCorianders,6344658
2026-07-04T00:06:30.933924,2026-07-04T00:06:30.945865+00:00,135.5,14,ask,DiligentDonuts,CostlyCorianders,6344659
2026-07-04T00:06:31.220229,2026-07-04T00:06:31.226976+00:00,135.5,86,ask,DiligentDonuts,EarnestEspressos,6344666
2026-07-04T00:06:32.336053,2026-07-04T00:06:32.366114+00:00,135.5,11,bid,Xuanyu Liu,EarnestEspressos,6344683
2026-07-04T00:06:36.259534,2026-07-04T00:06:36.268771+00:00,135.6,11,ask,DiligentDonuts,Xuanyu Liu,6344727
2026-07-04T00:06:36.908725,2026-07-04T00:06:36.920270+00:00,135.6,50,ask,DiligentDonuts,FlawlessFlatbreads,6344733
2026-07-04T00:06:37.612310,2026-07-04T00:06:37.623715+00:00,135.8,49,bid,CostlyCorianders,EarnestEspressos,6344747
2026-07-04T00:06:37.666936,2026-07-04T00:06:37.678477+00:00,135.6,39,ask,DiligentDonuts,CostlyCorianders,6344751
2026-07-04T00:06:39.019371,2026-07-04T00:06:39.032277+00:00,135.3,50,ask,EarnestEspressos,FlawlessFlatbreads,6344766
2026-07-04T00:06:41.126165,2026-07-04T00:06:41.147344+00:00,135.6,50,ask,EarnestEspressos,FlawlessFlatbreads,6344795
2026-07-04T00:06:41.575428,2026-07-04T00:06:41.587230+00:00,135.7,47,bid,CostlyCorianders,DiligentDonuts,6344804
2026-07-04T00:06:43.008139,2026-07-04T00:06:43.019787+00:00,135.6,48,ask,EarnestEspressos,CostlyCorianders,6344832
2026-07-04T00:06:43.255188,2026-07-04T00:06:43.263568+00:00,135.6,11,ask,EarnestEspressos,Xuanyu Liu,6344838
2026-07-04T00:06:43.262717,2026-07-04T00:06:43.284269+00:00,135.6,41,ask,EarnestEspressos,FlawlessFlatbreads,6344840
2026-07-04T00:06:43.262717,2026-07-04T00:06:43.284269+00:00,135.3,9,ask,DiligentDonuts,FlawlessFlatbreads,6344841
2026-07-04T00:06:43.608809,2026-07-04T00:06:43.620461+00:00,135.8,49,bid,CostlyCorianders,DiligentDonuts,6344851
2026-07-04T00:06:43.865189,2026-07-04T00:06:43.872793+00:00,135.3,91,ask,DiligentDonuts,EarnestEspressos,6344864
2026-07-04T00:06:43.879049,2026-07-04T00:06:43.887919+00:00,135.2,22,bid,Xuanyu Liu,EarnestEspressos,6344865
2026-07-04T00:06:45.371542,2026-07-04T00:06:45.383253+00:00,134.9,50,ask,DiligentDonuts,FlawlessFlatbreads,6344882
2026-07-04T00:06:45.459542,2026-07-04T00:06:45.471921+00:00,135.2,12,bid,Xuanyu Liu,EarnestEspressos,6344883
2026-07-04T00:06:46.912549,2026-07-04T00:06:46.922304+00:00,134.9,49,ask,DiligentDonuts,CostlyCorianders,6344909
2026-07-04T00:06:47.984247,2026-07-04T00:06:47.995949+00:00,135.4,49,bid,CostlyCorianders,EarnestEspressos,6344915
2026-07-04T00:06:48.058214,2026-07-04T00:06:48.068697+00:00,134.9,100,ask,EarnestEspressos,DiligentDonuts,6344919
2026-07-04T00:06:51.634709,2026-07-04T00:06:51.646185+00:00,135.1,50,bid,FlawlessFlatbreads,DiligentDonuts,6344967
2026-07-04T00:06:52.247429,2026-07-04T00:06:52.258557+00:00,134.7,47,ask,EarnestEspressos,CostlyCorianders,6344975
2026-07-04T00:06:52.744080,2026-07-04T00:06:52.763851+00:00,135.1,49,bid,CostlyCorianders,DiligentDonuts,6344977
2026-07-04T00:06:53.791767,2026-07-04T00:06:53.803492+00:00,134.6,50,ask,DiligentDonuts,FlawlessFlatbreads,6344992
2026-07-04T00:06:54.258375,2026-07-04T00:06:54.269864+00:00,135.0,46,bid,CostlyCorianders,EarnestEspressos,6345003
2026-07-04T00:06:55.848682,2026-07-04T00:06:55.858592+00:00,135.0,50,bid,FlawlessFlatbreads,EarnestEspressos,6345014
2026-07-04T00:06:57.975024,2026-07-04T00:06:57.986970+00:00,135.4,50,bid,FlawlessFlatbreads,EarnestEspressos,6345039
2026-07-04T00:06:58.089582,2026-07-04T00:06:58.097768+00:00,134.9,45,ask,EarnestEspressos,CostlyCorianders,6345043
2026-07-04T00:06:59.885718,2026-07-04T00:06:59.893844+00:00,135.1,12,ask,EarnestEspressos,Xuanyu Liu,6345073
2026-07-04T00:07:00.808818,2026-07-04T00:07:00.817493+00:00,135.3,40,ask,DiligentDonuts,CostlyCorianders,6345089
2026-07-04T00:07:01.932174,2026-07-04T00:07:01.939240+00:00,135.3,42,ask,DiligentDonuts,CostlyCorianders,6345107
2026-07-04T00:07:02.268882,2026-07-04T00:07:02.280725+00:00,135.3,18,ask,DiligentDonuts,FlawlessFlatbreads,6345111
2026-07-04T00:07:02.268882,2026-07-04T00:07:02.280725+00:00,135.1,32,ask,EarnestEspressos,FlawlessFlatbreads,6345112
2026-07-04T00:07:02.949355,2026-07-04T00:07:02.955655+00:00,135.4,41,bid,CostlyCorianders,EarnestEspressos,6345121
2026-07-04T00:07:03.446252,2026-07-04T00:07:03.458598+00:00,134.9,41,ask,EarnestEspressos,CostlyCorianders,6345131
2026-07-04T00:07:04.384176,2026-07-04T00:07:04.395213+00:00,134.9,50,ask,EarnestEspressos,FlawlessFlatbreads,6345137
2026-07-04T00:07:04.471350,2026-07-04T00:07:04.482954+00:00,135.2,49,bid,CostlyCorianders,DiligentDonuts,6345138
2026-07-04T00:07:06.424442,2026-07-04T00:07:06.432942+00:00,135.2,23,bid,Xuanyu Liu,DiligentDonuts,6345176
2026-07-04T00:07:06.490476,2026-07-04T00:07:06.502076+00:00,135.1,50,ask,EarnestEspressos,FlawlessFlatbreads,6345178
2026-07-04T00:07:06.541585,2026-07-04T00:07:06.552942+00:00,135.1,45,ask,EarnestEspressos,CostlyCorianders,6345179
2026-07-04T00:07:08.034952,2026-07-04T00:07:08.046594+00:00,135.6,49,bid,CostlyCorianders,EarnestEspressos,6345195
2026-07-04T00:07:08.596728,2026-07-04T00:07:08.608379+00:00,135.2,50,ask,DiligentDonuts,FlawlessFlatbreads,6345204
2026-07-04T00:07:08.631168,2026-07-04T00:07:08.639771+00:00,135.6,46,bid,CostlyCorianders,EarnestEspressos,6345206
2026-07-04T00:07:10.703143,2026-07-04T00:07:10.711030+00:00,135.0,50,ask,EarnestEspressos,FlawlessFlatbreads,6345233
2026-07-04T00:07:12.350057,2026-07-04T00:07:12.361450+00:00,135.0,41,ask,DiligentDonuts,CostlyCorianders,6345253
2026-07-04T00:07:12.808396,2026-07-04T00:07:12.820149+00:00,135.0,50,ask,DiligentDonuts,FlawlessFlatbreads,6345260
2026-07-04T00:07:14.915681,2026-07-04T00:07:14.927070+00:00,134.8,50,ask,EarnestEspressos,FlawlessFlatbreads,6345287
2026-07-04T00:07:14.939008,2026-07-04T00:07:14.950451+00:00,135.2,43,bid,CostlyCorianders,DiligentDonuts,6345288
2026-07-04T00:07:15.543842,2026-07-04T00:07:15.553058+00:00,135.1,12,bid,Xuanyu Liu,EarnestEspressos,6345297
2026-07-04T00:07:15.614710,2026-07-04T00:07:15.622692+00:00,135.1,11,bid,Xuanyu Liu,EarnestEspressos,6345299
2026-07-04T00:07:17.023583,2026-07-04T00:07:17.035040+00:00,135.0,50,ask,DiligentDonuts,FlawlessFlatbreads,6345320
2026-07-04T00:07:17.118860,2026-07-04T00:07:17.129419+00:00,135.1,40,bid,CostlyCorianders,EarnestEspressos,6345321
2026-07-04T00:07:17.178167,2026-07-04T00:07:17.187943+00:00,135.1,3,bid,Xuanyu Liu,EarnestEspressos,6345322
2026-07-04T00:07:19.130462,2026-07-04T00:07:19.139370+00:00,135.0,50,ask,DiligentDonuts,FlawlessFlatbreads,6345345
2026-07-04T00:07:21.235569,2026-07-04T00:07:21.247170+00:00,135.0,50,ask,EarnestEspressos,FlawlessFlatbreads,6345372
2026-07-04T00:07:23.341917,2026-07-04T00:07:23.351098+00:00,134.8,50,ask,EarnestEspressos,FlawlessFlatbreads,6345407
2026-07-04T00:07:23.961145,2026-07-04T00:07:23.972526+00:00,134.8,47,ask,EarnestEspressos,CostlyCorianders,6345418
2026-07-04T00:07:25.449505,2026-07-04T00:07:25.463649+00:00,134.8,50,ask,DiligentDonuts,FlawlessFlatbreads,6345434
2026-07-04T00:07:25.600528,2026-07-04T00:07:25.610448+00:00,134.8,49,ask,DiligentDonuts,CostlyCorianders,6345436
2026-07-04T00:07:26.746016,2026-07-04T00:07:26.757515+00:00,134.9,48,bid,CostlyCorianders,EarnestEspressos,6345454
2026-07-04T00:07:27.505269,2026-07-04T00:07:27.512231+00:00,134.9,50,bid,FlawlessFlatbreads,EarnestEspressos,6345466
2026-07-04T00:07:28.933223,2026-07-04T00:07:28.940516+00:00,134.9,41,bid,CostlyCorianders,DiligentDonuts,6345482
2026-07-04T00:07:29.611110,2026-07-04T00:07:29.622685+00:00,135.0,50,bid,FlawlessFlatbreads,DiligentDonuts,6345489
2026-07-04T00:07:31.718241,2026-07-04T00:07:31.729883+00:00,135.0,50,bid,FlawlessFlatbreads,DiligentDonuts,6345518
2026-07-04T00:07:32.048555,2026-07-04T00:07:32.054910+00:00,134.8,48,ask,EarnestEspressos,CostlyCorianders,6345528
2026-07-04T00:07:32.662930,2026-07-04T00:07:32.674649+00:00,135.2,48,bid,CostlyCorianders,DiligentDonuts,6345541
2026-07-04T00:07:33.874691,2026-07-04T00:07:33.886597+00:00,134.8,50,ask,EarnestEspressos,FlawlessFlatbreads,6345563
2026-07-04T00:07:34.843132,2026-07-04T00:07:34.849456+00:00,134.7,46,ask,DiligentDonuts,CostlyCorianders,6345570
2026-07-04T00:07:35.281784,2026-07-04T00:07:35.290568+00:00,134.8,3,bid,Xuanyu Liu,EarnestEspressos,6345578
2026-07-04T00:07:35.463426,2026-07-04T00:07:35.474336+00:00,134.8,100,bid,DiligentDonuts,EarnestEspressos,6345586
2026-07-04T00:07:35.929942,2026-07-04T00:07:35.941586+00:00,134.8,47,bid,FlawlessFlatbreads,EarnestEspressos,6345593
2026-07-04T00:07:35.929942,2026-07-04T00:07:35.941586+00:00,135.5,3,bid,FlawlessFlatbreads,DiligentDonuts,6345594
2026-07-04T00:07:37.644123,2026-07-04T00:07:37.651544+00:00,135.2,3,ask,EarnestEspressos,Xuanyu Liu,6345619
2026-07-04T00:07:38.679062,2026-07-04T00:07:38.689031+00:00,135.2,100,ask,EarnestEspressos,DiligentDonuts,6345637
2026-07-04T00:07:39.529089,2026-07-04T00:07:39.538139+00:00,135.7,45,bid,CostlyCorianders,EarnestEspressos,6345655
2026-07-04T00:07:40.193519,2026-07-04T00:07:40.204870+00:00,135.2,47,ask,EarnestEspressos,FlawlessFlatbreads,6345666
2026-07-04T00:07:42.248512,2026-07-04T00:07:42.254855+00:00,135.3,50,bid,FlawlessFlatbreads,EarnestEspressos,6345691
2026-07-04T00:07:44.012067,2026-07-04T00:07:44.023599+00:00,135.1,100,ask,DiligentDonuts,EarnestEspressos,6345724
2026-07-04T00:07:44.587974,2026-07-04T00:07:44.594513+00:00,135.0,42,bid,CostlyCorianders,EarnestEspressos,6345733
2026-07-04T00:07:47.131699,2026-07-04T00:07:47.141406+00:00,134.9,3,ask,EarnestEspressos,Xuanyu Liu,6345766
2026-07-04T00:07:48.172644,2026-07-04T00:07:48.184086+00:00,134.9,100,ask,EarnestEspressos,DiligentDonuts,6345784
2026-07-04T00:07:50.744965,2026-07-04T00:07:50.756449+00:00,134.5,50,ask,EarnestEspressos,FlawlessFlatbreads,6345811
2026-07-04T00:07:52.877098,2026-07-04T00:07:52.887797+00:00,134.5,50,ask,EarnestEspressos,FlawlessFlatbreads,6345840
2026-07-04T00:07:53.459648,2026-07-04T00:07:53.467317+00:00,134.9,3,bid,Xuanyu Liu,DiligentDonuts,6345844
2026-07-04T00:07:54.985569,2026-07-04T00:07:54.993459+00:00,134.6,50,ask,DiligentDonuts,FlawlessFlatbreads,6345858
2026-07-04T00:07:57.111595,2026-07-04T00:07:57.122951+00:00,134.6,50,ask,DiligentDonuts,FlawlessFlatbreads,6345889
2026-07-04T00:07:57.492700,2026-07-04T00:07:57.504580+00:00,134.2,45,ask,EarnestEspressos,CostlyCorianders,6345892
2026-07-04T00:07:59.166572,2026-07-04T00:07:59.178120+00:00,134.7,50,bid,FlawlessFlatbreads,EarnestEspressos,6345913
2026-07-04T00:07:59.993491,2026-07-04T00:08:00.004969+00:00,134.3,45,ask,DiligentDonuts,CostlyCorianders,6345919
2026-07-04T00:08:00.590400,2026-07-04T00:08:00.602146+00:00,134.7,46,bid,CostlyCorianders,EarnestEspressos,6345930
2026-07-04T00:08:01.274620,2026-07-04T00:08:01.281801+00:00,134.7,50,bid,FlawlessFlatbreads,EarnestEspressos,6345941
2026-07-04T00:08:03.382193,2026-07-04T00:08:03.393832+00:00,134.7,50,bid,FlawlessFlatbreads,DiligentDonuts,6345976
2026-07-04T00:08:05.493635,2026-07-04T00:08:05.501576+00:00,134.6,50,bid,FlawlessFlatbreads,DiligentDonuts,6346018
2026-07-04T00:08:09.707559,2026-07-04T00:08:09.719017+00:00,134.7,50,bid,FlawlessFlatbreads,DiligentDonuts,6346081
2026-07-04T00:08:10.168157,2026-07-04T00:08:10.179782+00:00,134.4,41,ask,EarnestEspressos,CostlyCorianders,6346088
2026-07-04T00:08:10.667124,2026-07-04T00:08:10.678899+00:00,134.7,46,bid,CostlyCorianders,DiligentDonuts,6346101
2026-07-04T00:08:11.282196,2026-07-04T00:08:11.293811+00:00,134.4,41,ask,EarnestEspressos,CostlyCorianders,6346110
2026-07-04T00:08:11.826863,2026-07-04T00:08:11.838336+00:00,134.7,50,bid,FlawlessFlatbreads,DiligentDonuts,6346117
2026-07-04T00:08:12.293481,2026-07-04T00:08:12.300144+00:00,134.4,47,ask,EarnestEspressos,CostlyCorianders,6346122
2026-07-04T00:08:13.417760,2026-07-04T00:08:13.424795+00:00,134.4,100,bid,DiligentDonuts,EarnestEspressos,6346139
2026-07-04T00:08:13.933514,2026-07-04T00:08:13.945053+00:00,134.4,50,bid,FlawlessFlatbreads,EarnestEspressos,6346145
2026-07-04T00:08:16.110213,2026-07-04T00:08:16.121976+00:00,134.7,50,ask,EarnestEspressos,FlawlessFlatbreads,6346172
2026-07-04T00:08:17.129541,2026-07-04T00:08:17.141176+00:00,134.7,48,ask,EarnestEspressos,CostlyCorianders,6346187
2026-07-04T00:08:18.217834,2026-07-04T00:08:18.229297+00:00,134.7,50,ask,EarnestEspressos,FlawlessFlatbreads,6346196
2026-07-04T00:08:18.464733,2026-07-04T00:08:18.473560+00:00,134.7,2,ask,EarnestEspressos,Xuanyu Liu,6346202
2026-07-04T00:08:18.815708,2026-07-04T00:08:18.823111+00:00,134.4,100,ask,DiligentDonuts,EarnestEspressos,6346210
2026-07-04T00:08:18.829654,2026-07-04T00:08:18.861476+00:00,134.4,2,bid,Xuanyu Liu,EarnestEspressos,6346211
2026-07-04T00:08:20.325178,2026-07-04T00:08:20.336786+00:00,134.0,50,ask,DiligentDonuts,FlawlessFlatbreads,6346229
2026-07-04T00:08:22.432951,2026-07-04T00:08:22.444416+00:00,134.3,50,ask,EarnestEspressos,FlawlessFlatbreads,6346253
2026-07-04T00:08:24.540488,2026-07-04T00:08:24.552121+00:00,134.3,50,ask,EarnestEspressos,FlawlessFlatbreads,6346280
2026-07-04T00:08:26.650768,2026-07-04T00:08:26.654787+00:00,134.0,50,ask,EarnestEspressos,FlawlessFlatbreads,6346299
2026-07-04T00:08:27.079912,2026-07-04T00:08:27.091511+00:00,134.5,41,bid,CostlyCorianders,EarnestEspressos,6346305
2026-07-04T00:08:28.759465,2026-07-04T00:08:28.769214+00:00,134.0,50,ask,DiligentDonuts,FlawlessFlatbreads,6346328
2026-07-04T00:08:29.297311,2026-07-04T00:08:29.306300+00:00,134.3,3,bid,Xuanyu Liu,DiligentDonuts,6346335
2026-07-04T00:08:30.779576,2026-07-04T00:08:30.791364+00:00,134.3,45,bid,CostlyCorianders,DiligentDonuts,6346350
2026-07-04T00:08:30.866801,2026-07-04T00:08:30.877852+00:00,133.9,50,ask,EarnestEspressos,FlawlessFlatbreads,6346352
2026-07-04T00:08:31.473329,2026-07-04T00:08:31.489858+00:00,134.1,11,bid,Xuanyu Liu,EarnestEspressos,6346359
2026-07-04T00:08:32.993762,2026-07-04T00:08:33.005776+00:00,133.8,50,ask,DiligentDonuts,FlawlessFlatbreads,6346379
2026-07-04T00:08:35.410551,2026-07-04T00:08:35.420570+00:00,134.2,42,bid,CostlyCorianders,EarnestEspressos,6346417
2026-07-04T00:08:36.425966,2026-07-04T00:08:36.445369+00:00,134.2,12,bid,Xuanyu Liu,EarnestEspressos,6346431
2026-07-04T00:08:37.753964,2026-07-04T00:08:37.763825+00:00,134.3,100,bid,EarnestEspressos,DiligentDonuts,6346448
2026-07-04T00:08:39.257404,2026-07-04T00:08:39.269350+00:00,134.9,50,bid,FlawlessFlatbreads,EarnestEspressos,6346466
2026-07-04T00:08:39.762726,2026-07-04T00:08:39.774247+00:00,134.4,46,ask,EarnestEspressos,CostlyCorianders,6346473
2026-07-04T00:08:41.416256,2026-07-04T00:08:41.428111+00:00,134.4,50,ask,DiligentDonuts,FlawlessFlatbreads,6346496
2026-07-04T00:08:43.331099,2026-07-04T00:08:43.339718+00:00,134.5,12,ask,DiligentDonuts,Xuanyu Liu,6346528
2026-07-04T00:08:43.513938,2026-07-04T00:08:43.525510+00:00,134.7,40,bid,CostlyCorianders,EarnestEspressos,6346531
2026-07-04T00:08:44.139327,2026-07-04T00:08:44.150242+00:00,134.5,88,ask,DiligentDonuts,EarnestEspressos,6346534
2026-07-04T00:08:45.575022,2026-07-04T00:08:45.586586+00:00,134.4,50,bid,FlawlessFlatbreads,DiligentDonuts,6346551
2026-07-04T00:08:45.791612,2026-07-04T00:08:45.803199+00:00,134.4,40,bid,CostlyCorianders,DiligentDonuts,6346557
2026-07-04T00:08:46.404152,2026-07-04T00:08:46.415714+00:00,134.0,46,ask,EarnestEspressos,CostlyCorianders,6346559
2026-07-04T00:08:46.928930,2026-07-04T00:08:46.937722+00:00,134.4,10,bid,CostlyCorianders,DiligentDonuts,6346562
2026-07-04T00:08:46.928930,2026-07-04T00:08:46.937722+00:00,134.5,30,bid,CostlyCorianders,EarnestEspressos,6346563
2026-07-04T00:08:47.683756,2026-07-04T00:08:47.695156+00:00,134.8,50,bid,FlawlessFlatbreads,EarnestEspressos,6346575
2026-07-04T00:08:48.981419,2026-07-04T00:08:48.989267+00:00,134.3,42,ask,EarnestEspressos,CostlyCorianders,6346589
2026-07-04T00:08:49.527892,2026-07-04T00:08:49.539713+00:00,134.3,48,ask,EarnestEspressos,CostlyCorianders,6346595
2026-07-04T00:08:51.892466,2026-07-04T00:08:51.903959+00:00,134.5,50,bid,FlawlessFlatbreads,EarnestEspressos,6346643
2026-07-04T00:08:53.112238,2026-07-04T00:08:53.123916+00:00,134.5,48,bid,CostlyCorianders,EarnestEspressos,6346657
2026-07-04T00:08:53.700117,2026-07-04T00:08:53.709477+00:00,134.8,43,bid,CostlyCorianders,DiligentDonuts,6346668
2026-07-04T00:08:53.999929,2026-07-04T00:08:54.008231+00:00,134.8,50,bid,FlawlessFlatbreads,DiligentDonuts,6346669
2026-07-04T00:08:56.156221,2026-07-04T00:08:56.158619+00:00,134.5,50,ask,EarnestEspressos,FlawlessFlatbreads,6346703
2026-07-04T00:08:58.271189,2026-07-04T00:08:58.279208+00:00,134.5,50,ask,DiligentDonuts,FlawlessFlatbreads,6346729
2026-07-04T00:08:59.075328,2026-07-04T00:08:59.085757+00:00,134.5,11,ask,DiligentDonuts,Xuanyu Liu,6346741
2026-07-04T00:09:06.660056,2026-07-04T00:09:06.668501+00:00,134.5,50,bid,FlawlessFlatbreads,EarnestEspressos,6346839
2026-07-04T00:09:08.821595,2026-07-04T00:09:08.832168+00:00,134.0,50,ask,EarnestEspressos,FlawlessFlatbreads,6346866
2026-07-04T00:09:10.460077,2026-07-04T00:09:10.471833+00:00,134.3,42,ask,EarnestEspressos,CostlyCorianders,6346885
2026-07-04T00:09:10.876579,2026-07-04T00:09:10.888226+00:00,134.7,50,bid,FlawlessFlatbreads,DiligentDonuts,6346895
2026-07-04T00:09:12.122292,2026-07-04T00:09:12.134139+00:00,134.7,40,bid,CostlyCorianders,DiligentDonuts,6346918
2026-07-04T00:09:12.179092,2026-07-04T00:09:12.190309+00:00,134.3,49,ask,EarnestEspressos,CostlyCorianders,6346920
2026-07-04T00:09:12.756581,2026-07-04T00:09:12.757915+00:00,134.3,45,bid,CostlyCorianders,EarnestEspressos,6346927
2026-07-04T00:09:12.810443,2026-07-04T00:09:12.817805+00:00,134.2,44,ask,DiligentDonuts,CostlyCorianders,6346930
2026-07-04T00:09:13.395589,2026-07-04T00:09:13.402547+00:00,134.3,11,bid,Xuanyu Liu,EarnestEspressos,6346943
2026-07-04T00:09:13.524610,2026-07-04T00:09:13.534008+00:00,134.3,94,bid,DiligentDonuts,EarnestEspressos,6346945
2026-07-04T00:09:15.455606,2026-07-04T00:09:15.463904+00:00,134.8,41,bid,CostlyCorianders,DiligentDonuts,6346968
2026-07-04T00:09:17.264810,2026-07-04T00:09:17.276687+00:00,134.5,50,ask,EarnestEspressos,FlawlessFlatbreads,6346993
2026-07-04T00:09:18.476273,2026-07-04T00:09:18.487784+00:00,134.5,46,ask,EarnestEspressos,CostlyCorianders,6347010
2026-07-04T00:09:19.320734,2026-07-04T00:09:19.332213+00:00,134.6,50,bid,FlawlessFlatbreads,EarnestEspressos,6347021
2026-07-04T00:09:19.960494,2026-07-04T00:09:19.969466+00:00,134.6,46,bid,CostlyCorianders,EarnestEspressos,6347030
2026-07-04T00:09:20.555223,2026-07-04T00:09:20.566965+00:00,134.2,48,ask,DiligentDonuts,CostlyCorianders,6347040
2026-07-04T00:09:21.450778,2026-07-04T00:09:21.457278+00:00,134.6,50,bid,FlawlessFlatbreads,EarnestEspressos,6347049
2026-07-04T00:09:22.083773,2026-07-04T00:09:22.095785+00:00,134.7,100,bid,EarnestEspressos,DiligentDonuts,6347055
2026-07-04T00:09:22.159580,2026-07-04T00:09:22.168948+00:00,134.7,14,ask,EarnestEspressos,Xuanyu Liu,6347058
2026-07-04T00:09:24.437214,2026-07-04T00:09:24.458742+00:00,134.9,40,bid,CostlyCorianders,DiligentDonuts,6347091
2026-07-04T00:09:25.674730,2026-07-04T00:09:25.686564+00:00,134.7,50,bid,FlawlessFlatbreads,EarnestEspressos,6347106
2026-07-04T00:09:25.932182,2026-07-04T00:09:25.943986+00:00,134.4,46,ask,DiligentDonuts,CostlyCorianders,6347112
2026-07-04T00:09:26.600203,2026-07-04T00:09:26.608066+00:00,134.7,3,bid,Xuanyu Liu,EarnestEspressos,6347123
2026-07-04T00:09:27.781448,2026-07-04T00:09:27.791068+00:00,134.7,50,bid,FlawlessFlatbreads,EarnestEspressos,6347139
2026-07-04T00:09:28.141762,2026-07-04T00:09:28.153591+00:00,134.7,47,bid,CostlyCorianders,EarnestEspressos,6347146
2026-07-04T00:09:28.141762,2026-07-04T00:09:28.153591+00:00,134.9,1,bid,CostlyCorianders,DiligentDonuts,6347147
2026-07-04T00:09:28.198061,2026-07-04T00:09:28.209740+00:00,134.4,49,ask,DiligentDonuts,CostlyCorianders,6347148
2026-07-04T00:09:28.424270,2026-07-04T00:09:28.432814+00:00,134.8,3,ask,EarnestEspressos,Xuanyu Liu,6347151
2026-07-04T00:09:29.206166,2026-07-04T00:09:29.217996+00:00,134.9,42,bid,CostlyCorianders,DiligentDonuts,6347166
2026-07-04T00:09:29.788193,2026-07-04T00:09:29.795561+00:00,134.8,46,ask,EarnestEspressos,CostlyCorianders,6347179
2026-07-04T00:09:29.887237,2026-07-04T00:09:29.898968+00:00,135.0,50,bid,FlawlessFlatbreads,DiligentDonuts,6347181
2026-07-04T00:09:30.913748,2026-07-04T00:09:30.925144+00:00,134.8,3,ask,EarnestEspressos,Xuanyu Liu,6347195
2026-07-04T00:09:31.993140,2026-07-04T00:09:32.005014+00:00,134.9,50,bid,FlawlessFlatbreads,EarnestEspressos,6347211
2026-07-04T00:09:32.406643,2026-07-04T00:09:32.418444+00:00,134.9,42,bid,CostlyCorianders,EarnestEspressos,6347216
2026-07-04T00:09:33.155957,2026-07-04T00:09:33.166765+00:00,134.8,3,bid,Xuanyu Liu,DiligentDonuts,6347230
2026-07-04T00:09:34.099848,2026-07-04T00:09:34.111619+00:00,134.8,50,bid,FlawlessFlatbreads,DiligentDonuts,6347248
2026-07-04T00:09:36.206809,2026-07-04T00:09:36.218303+00:00,134.9,50,bid,FlawlessFlatbreads,DiligentDonuts,6347278
2026-07-04T00:09:37.053142,2026-07-04T00:09:37.064715+00:00,134.5,40,ask,EarnestEspressos,CostlyCorianders,6347296
2026-07-04T00:09:38.317530,2026-07-04T00:09:38.329384+00:00,134.9,50,bid,FlawlessFlatbreads,DiligentDonuts,6347306
2026-07-04T00:09:38.844691,2026-07-04T00:09:38.852898+00:00,134.7,3,ask,DiligentDonuts,Xuanyu Liu,6347312
2026-07-04T00:09:40.392464,2026-07-04T00:09:40.404246+00:00,135.1,41,bid,CostlyCorianders,EarnestEspressos,6347323
2026-07-04T00:09:40.447215,2026-07-04T00:09:40.453665+00:00,134.7,45,ask,DiligentDonuts,CostlyCorianders,6347324
2026-07-04T00:09:42.321372,2026-07-04T00:09:42.330737+00:00,134.9,23,ask,EarnestEspressos,Xuanyu Liu,6347357
2026-07-04T00:09:42.586312,2026-07-04T00:09:42.597752+00:00,134.9,50,ask,EarnestEspressos,FlawlessFlatbreads,6347363
2026-07-04T00:09:44.063770,2026-07-04T00:09:44.075379+00:00,134.9,42,ask,EarnestEspressos,CostlyCorianders,6347379
2026-07-04T00:09:44.692180,2026-07-04T00:09:44.707190+00:00,134.7,50,ask,DiligentDonuts,FlawlessFlatbreads,6347392
2026-07-04T00:09:46.798050,2026-07-04T00:09:46.809669+00:00,134.4,50,ask,DiligentDonuts,FlawlessFlatbreads,6347416
2026-07-04T00:09:47.559470,2026-07-04T00:09:47.567241+00:00,134.7,12,bid,Xuanyu Liu,EarnestEspressos,6347424
2026-07-04T00:09:48.904422,2026-07-04T00:09:48.916160+00:00,134.2,50,ask,EarnestEspressos,FlawlessFlatbreads,6347439
2026-07-04T00:09:50.926918,2026-07-04T00:09:50.935025+00:00,134.5,11,bid,Xuanyu Liu,EarnestEspressos,6347460
2026-07-04T00:09:51.011252,2026-07-04T00:09:51.022715+00:00,134.2,50,ask,DiligentDonuts,FlawlessFlatbreads,6347463
2026-07-04T00:09:53.118600,2026-07-04T00:09:53.130090+00:00,134.0,50,ask,EarnestEspressos,FlawlessFlatbreads,6347493
2026-07-04T00:09:53.776618,2026-07-04T00:09:53.784368+00:00,134.4,3,bid,Xuanyu Liu,EarnestEspressos,6347505
2026-07-04T00:09:55.225727,2026-07-04T00:09:55.235877+00:00,134.1,50,ask,DiligentDonuts,FlawlessFlatbreads,6347526
2026-07-04T00:09:55.657132,2026-07-04T00:09:55.669172+00:00,134.4,48,bid,CostlyCorianders,EarnestEspressos,6347529
2026-07-04T00:09:57.279956,2026-07-04T00:09:57.288325+00:00,134.6,50,bid,FlawlessFlatbreads,DiligentDonuts,6347554
2026-07-04T00:09:57.312312,2026-07-04T00:09:57.323946+00:00,134.2,44,ask,EarnestEspressos,CostlyCorianders,6347555
2026-07-04T00:09:58.853982,2026-07-04T00:09:58.855129+00:00,134.6,49,bid,CostlyCorianders,DiligentDonuts,6347569
2026-07-04T00:09:59.395814,2026-07-04T00:09:59.405061+00:00,134.6,50,bid,FlawlessFlatbreads,DiligentDonuts,6347577
2026-07-04T00:10:00.975114,2026-07-04T00:10:00.985828+00:00,134.6,100,bid,DiligentDonuts,EarnestEspressos,6347595
2026-07-04T00:10:01.501153,2026-07-04T00:10:01.513155+00:00,134.6,50,bid,FlawlessFlatbreads,EarnestEspressos,6347603
2026-07-04T00:10:03.623122,2026-07-04T00:10:03.632826+00:00,135.1,50,bid,FlawlessFlatbreads,DiligentDonuts,6347632
2026-07-04T00:10:04.912505,2026-07-04T00:10:04.924191+00:00,134.8,43,ask,EarnestEspressos,CostlyCorianders,6347651
2026-07-04T00:10:05.733488,2026-07-04T00:10:05.745009+00:00,135.0,50,bid,FlawlessFlatbreads,DiligentDonuts,6347656
2026-07-04T00:10:06.945179,2026-07-04T00:10:06.955722+00:00,135.0,48,bid,CostlyCorianders,DiligentDonuts,6347684
2026-07-04T00:10:07.893683,2026-07-04T00:10:07.900159+00:00,134.7,50,ask,EarnestEspressos,FlawlessFlatbreads,6347694
2026-07-04T00:10:08.533815,2026-07-04T00:10:08.540508+00:00,134.7,47,ask,EarnestEspressos,CostlyCorianders,6347703
2026-07-04T00:10:09.998470,2026-07-04T00:10:10.010383+00:00,134.6,50,ask,DiligentDonuts,FlawlessFlatbreads,6347719
2026-07-04T00:10:14.156013,2026-07-04T00:10:14.167499+00:00,134.7,50,bid,FlawlessFlatbreads,EarnestEspressos,6347769
2026-07-04T00:10:16.264104,2026-07-04T00:10:16.273221+00:00,135.0,50,bid,FlawlessFlatbreads,DiligentDonuts,6347784
2026-07-04T00:10:16.762997,2026-07-04T00:10:16.774567+00:00,134.5,45,ask,EarnestEspressos,CostlyCorianders,6347789
2026-07-04T00:10:17.940240,2026-07-04T00:10:17.958546+00:00,135.0,41,bid,CostlyCorianders,EarnestEspressos,6347805
2026-07-04T00:10:18.373668,2026-07-04T00:10:18.383294+00:00,135.0,50,bid,FlawlessFlatbreads,EarnestEspressos,6347811
2026-07-04T00:10:19.848709,2026-07-04T00:10:19.856381+00:00,135.0,47,bid,CostlyCorianders,DiligentDonuts,6347826
2026-07-04T00:10:20.344246,2026-07-04T00:10:20.352013+00:00,134.8,14,ask,DiligentDonuts,Xuanyu Liu,6347838
2026-07-04T00:10:20.554197,2026-07-04T00:10:20.568685+00:00,134.8,50,ask,DiligentDonuts,FlawlessFlatbreads,6347842
2026-07-04T00:10:21.515441,2026-07-04T00:10:21.527371+00:00,134.8,36,ask,DiligentDonuts,CostlyCorianders,6347856
2026-07-04T00:10:21.515441,2026-07-04T00:10:21.527371+00:00,134.6,4,ask,EarnestEspressos,CostlyCorianders,6347857
2026-07-04T00:10:24.781620,2026-07-04T00:10:24.791993+00:00,134.6,50,ask,EarnestEspressos,FlawlessFlatbreads,6347894
2026-07-04T00:10:25.401517,2026-07-04T00:10:25.417485+00:00,134.7,14,bid,Xuanyu Liu,EarnestEspressos,6347907
2026-07-04T00:10:26.887694,2026-07-04T00:10:26.894753+00:00,134.4,50,ask,DiligentDonuts,FlawlessFlatbreads,6347929
2026-07-04T00:10:28.024699,2026-07-04T00:10:28.035986+00:00,134.7,47,bid,CostlyCorianders,EarnestEspressos,6347953
2026-07-04T00:10:28.576929,2026-07-04T00:10:28.588597+00:00,134.9,45,bid,CostlyCorianders,DiligentDonuts,6347960
2026-07-04T00:10:28.631776,2026-07-04T00:10:28.643386+00:00,134.4,47,ask,DiligentDonuts,CostlyCorianders,6347961
2026-07-04T00:10:28.999266,2026-07-04T00:10:29.012986+00:00,134.4,3,ask,DiligentDonuts,FlawlessFlatbreads,6347962
2026-07-04T00:10:28.999266,2026-07-04T00:10:29.012986+00:00,134.4,47,ask,EarnestEspressos,FlawlessFlatbreads,6347963
2026-07-04T00:10:31.106721,2026-07-04T00:10:31.118103+00:00,134.4,50,ask,EarnestEspressos,FlawlessFlatbreads,6347993
2026-07-04T00:10:31.608648,2026-07-04T00:10:31.620695+00:00,134.8,41,bid,CostlyCorianders,DiligentDonuts,6348000
2026-07-04T00:10:32.120926,2026-07-04T00:10:32.132495+00:00,134.3,48,ask,DiligentDonuts,CostlyCorianders,6348009
2026-07-04T00:10:33.212605,2026-07-04T00:10:33.224134+00:00,134.4,50,ask,DiligentDonuts,FlawlessFlatbreads,6348019
2026-07-04T00:10:34.034458,2026-07-04T00:10:34.046244+00:00,134.6,41,bid,CostlyCorianders,EarnestEspressos,6348024
2026-07-04T00:10:34.089732,2026-07-04T00:10:34.100807+00:00,134.4,46,ask,DiligentDonuts,CostlyCorianders,6348027
2026-07-04T00:10:35.320683,2026-07-04T00:10:35.332236+00:00,134.4,4,ask,DiligentDonuts,FlawlessFlatbreads,6348047
2026-07-04T00:10:35.320683,2026-07-04T00:10:35.332236+00:00,134.3,46,ask,EarnestEspressos,FlawlessFlatbreads,6348048
2026-07-04T00:10:37.651457,2026-07-04T00:10:37.657820+00:00,134.7,47,bid,CostlyCorianders,DiligentDonuts,6348071
2026-07-04T00:10:38.696457,2026-07-04T00:10:38.710646+00:00,134.2,48,ask,DiligentDonuts,CostlyCorianders,6348086
2026-07-04T00:10:38.727401,2026-07-04T00:10:38.745320+00:00,134.7,3,bid,Xuanyu Liu,DiligentDonuts,6348088
2026-07-04T00:10:39.350450,2026-07-04T00:10:39.358589+00:00,134.7,48,bid,CostlyCorianders,EarnestEspressos,6348098
2026-07-04T00:10:39.533572,2026-07-04T00:10:39.544925+00:00,134.4,50,ask,DiligentDonuts,FlawlessFlatbreads,6348102
2026-07-04T00:10:41.640075,2026-07-04T00:10:41.652034+00:00,134.4,50,ask,DiligentDonuts,FlawlessFlatbreads,6348128
2026-07-04T00:10:42.159603,2026-07-04T00:10:42.168139+00:00,134.4,11,bid,Xuanyu Liu,DiligentDonuts,6348132
2026-07-04T00:10:43.747697,2026-07-04T00:10:43.758599+00:00,134.3,50,ask,EarnestEspressos,FlawlessFlatbreads,6348152
2026-07-04T00:10:43.959506,2026-07-04T00:10:43.968196+00:00,134.4,12,bid,Xuanyu Liu,DiligentDonuts,6348157
2026-07-04T00:10:44.354038,2026-07-04T00:10:44.365429+00:00,134.3,46,ask,EarnestEspressos,CostlyCorianders,6348166
2026-07-04T00:10:45.854305,2026-07-04T00:10:45.866064+00:00,134.3,50,ask,EarnestEspressos,FlawlessFlatbreads,6348177
2026-07-04T00:10:46.036027,2026-07-04T00:10:46.042961+00:00,134.6,40,bid,CostlyCorianders,DiligentDonuts,6348180
2026-07-04T00:10:47.248271,2026-07-04T00:10:47.254600+00:00,134.6,42,bid,CostlyCorianders,DiligentDonuts,6348189
2026-07-04T00:10:47.544926,2026-07-04T00:10:47.552717+00:00,134.5,11,bid,Xuanyu Liu,EarnestEspressos,6348192
2026-07-04T00:10:47.767206,2026-07-04T00:10:47.774993+00:00,134.1,46,ask,DiligentDonuts,CostlyCorianders,6348197
2026-07-04T00:10:50.070609,2026-07-04T00:10:50.082498+00:00,134.3,50,ask,DiligentDonuts,FlawlessFlatbreads,6348224
2026-07-04T00:10:50.815190,2026-07-04T00:10:50.823525+00:00,134.5,45,bid,CostlyCorianders,EarnestEspressos,6348237
2026-07-04T00:10:50.869002,2026-07-04T00:10:50.876843+00:00,134.3,48,ask,DiligentDonuts,CostlyCorianders,6348239
2026-07-04T00:10:51.811770,2026-07-04T00:10:51.820332+00:00,134.4,12,bid,Xuanyu Liu,DiligentDonuts,6348252
2026-07-04T00:10:52.178648,2026-07-04T00:10:52.190075+00:00,134.0,50,ask,EarnestEspressos,FlawlessFlatbreads,6348257
2026-07-04T00:10:52.501135,2026-07-04T00:10:52.512653+00:00,134.4,43,bid,CostlyCorianders,DiligentDonuts,6348259
2026-07-04T00:10:54.283936,2026-07-04T00:10:54.292527+00:00,133.9,50,ask,DiligentDonuts,FlawlessFlatbreads,6348280
2026-07-04T00:10:56.389181,2026-07-04T00:10:56.400639+00:00,133.9,50,ask,EarnestEspressos,FlawlessFlatbreads,6348307
2026-07-04T00:10:57.047868,2026-07-04T00:10:57.054197+00:00,133.9,49,ask,DiligentDonuts,CostlyCorianders,6348311
2026-07-04T00:10:58.378328,2026-07-04T00:10:58.390145+00:00,134.1,46,bid,CostlyCorianders,DiligentDonuts,6348327
2026-07-04T00:10:58.496670,2026-07-04T00:10:58.507410+00:00,133.7,50,ask,EarnestEspressos,FlawlessFlatbreads,6348334
2026-07-04T00:10:58.985696,2026-07-04T00:10:58.997609+00:00,133.7,43,ask,EarnestEspressos,CostlyCorianders,6348343
2026-07-04T00:11:00.179889,2026-07-04T00:11:00.189188+00:00,133.6,100,ask,DiligentDonuts,EarnestEspressos,6348351
2026-07-04T00:11:00.190532,2026-07-04T00:11:00.198621+00:00,133.6,45,bid,Xuanyu Liu,EarnestEspressos,6348352
2026-07-04T00:11:00.601968,2026-07-04T00:11:00.613847+00:00,133.1,50,ask,EarnestEspressos,FlawlessFlatbreads,6348361
2026-07-04T00:11:00.976209,2026-07-04T00:11:00.986558+00:00,133.6,5,bid,Xuanyu Liu,EarnestEspressos,6348369
2026-07-04T00:11:02.714351,2026-07-04T00:11:02.723184+00:00,133.6,50,ask,DiligentDonuts,FlawlessFlatbreads,6348390
2026-07-04T00:11:04.820649,2026-07-04T00:11:04.827744+00:00,133.6,50,ask,EarnestEspressos,FlawlessFlatbreads,6348418
2026-07-04T00:11:05.310966,2026-07-04T00:11:05.321703+00:00,133.9,49,bid,CostlyCorianders,DiligentDonuts,6348423
2026-07-04T00:11:06.925192,2026-07-04T00:11:06.936758+00:00,133.5,50,ask,EarnestEspressos,FlawlessFlatbreads,6348440
2026-07-04T00:11:09.031495,2026-07-04T00:11:09.043052+00:00,133.6,50,ask,DiligentDonuts,FlawlessFlatbreads,6348471
2026-07-04T00:11:09.683535,2026-07-04T00:11:09.694949+00:00,133.6,50,ask,DiligentDonuts,EarnestEspressos,6348477
2026-07-04T00:11:10.175428,2026-07-04T00:11:10.183441+00:00,133.6,1,bid,Xuanyu Liu,EarnestEspressos,6348483
2026-07-04T00:11:11.136980,2026-07-04T00:11:11.143926+00:00,133.3,50,ask,DiligentDonuts,FlawlessFlatbreads,6348495
2026-07-04T00:11:12.944761,2026-07-04T00:11:12.956299+00:00,133.8,47,bid,CostlyCorianders,DiligentDonuts,6348518
2026-07-04T00:11:14.021472,2026-07-04T00:11:14.033215+00:00,133.5,48,bid,CostlyCorianders,DiligentDonuts,6348537
2026-07-04T00:11:14.505069,2026-07-04T00:11:14.512987+00:00,133.4,44,ask,EarnestEspressos,CostlyCorianders,6348541
2026-07-04T00:11:15.306416,2026-07-04T00:11:15.318272+00:00,133.5,50,bid,FlawlessFlatbreads,DiligentDonuts,6348553
2026-07-04T00:11:17.427078,2026-07-04T00:11:17.434532+00:00,133.6,50,bid,FlawlessFlatbreads,EarnestEspressos,6348584
2026-07-04T00:11:19.314452,2026-07-04T00:11:19.326295+00:00,133.3,41,ask,DiligentDonuts,CostlyCorianders,6348618
2026-07-04T00:11:19.535426,2026-07-04T00:11:19.546959+00:00,133.8,50,bid,FlawlessFlatbreads,DiligentDonuts,6348625
2026-07-04T00:11:19.912483,2026-07-04T00:11:19.923857+00:00,133.8,42,bid,CostlyCorianders,DiligentDonuts,6348630
2026-07-04T00:11:21.663986,2026-07-04T00:11:21.674300+00:00,133.8,50,bid,FlawlessFlatbreads,EarnestEspressos,6348653
2026-07-04T00:11:21.813625,2026-07-04T00:11:21.825377+00:00,133.5,41,ask,DiligentDonuts,CostlyCorianders,6348657
2026-07-04T00:11:22.370851,2026-07-04T00:11:22.382564+00:00,134.0,41,bid,CostlyCorianders,DiligentDonuts,6348662
2026-07-04T00:11:23.770744,2026-07-04T00:11:23.782098+00:00,134.1,50,bid,FlawlessFlatbreads,EarnestEspressos,6348683
2026-07-04T00:11:25.459837,2026-07-04T00:11:25.469135+00:00,133.8,6,ask,EarnestEspressos,Xuanyu Liu,6348703
2026-07-04T00:11:25.877195,2026-07-04T00:11:25.886359+00:00,134.1,50,bid,FlawlessFlatbreads,DiligentDonuts,6348711
2026-07-04T00:11:27.213347,2026-07-04T00:11:27.221454+00:00,133.8,11,ask,EarnestEspressos,Xuanyu Liu,6348733
2026-07-04T00:11:27.443398,2026-07-04T00:11:27.458606+00:00,133.8,48,ask,EarnestEspressos,CostlyCorianders,6348737
2026-07-04T00:11:29.600055,2026-07-04T00:11:29.611407+00:00,134.0,47,bid,CostlyCorianders,EarnestEspressos,6348762
2026-07-04T00:11:32.192740,2026-07-04T00:11:32.200371+00:00,134.0,50,bid,FlawlessFlatbreads,EarnestEspressos,6348787
2026-07-04T00:11:32.343457,2026-07-04T00:11:32.354797+00:00,133.7,41,ask,DiligentDonuts,CostlyCorianders,6348790
2026-07-04T00:11:34.301093,2026-07-04T00:11:34.309812+00:00,133.6,50,bid,FlawlessFlatbreads,DiligentDonuts,6348816
2026-07-04T00:11:34.373982,2026-07-04T00:11:34.384848+00:00,133.6,49,bid,CostlyCorianders,DiligentDonuts,6348818
2026-07-04T00:11:34.918513,2026-07-04T00:11:34.930330+00:00,133.6,1,bid,EarnestEspressos,DiligentDonuts,6348830
2026-07-04T00:11:36.430520,2026-07-04T00:11:36.442342+00:00,134.1,50,bid,FlawlessFlatbreads,EarnestEspressos,6348854
2026-07-04T00:11:36.556550,2026-07-04T00:11:36.565936+00:00,133.6,44,ask,EarnestEspressos,CostlyCorianders,6348856
2026-07-04T00:11:38.996554,2026-07-04T00:11:39.008372+00:00,133.6,42,ask,DiligentDonuts,CostlyCorianders,6348876
2026-07-04T00:11:39.820863,2026-07-04T00:11:39.829261+00:00,133.6,12,ask,EarnestEspressos,Xuanyu Liu,6348889
2026-07-04T00:11:40.334515,2026-07-04T00:11:40.343549+00:00,133.6,11,ask,EarnestEspressos,Xuanyu Liu,6348900
2026-07-04T00:11:40.667104,2026-07-04T00:11:40.678841+00:00,134.0,50,bid,FlawlessFlatbreads,DiligentDonuts,6348911
2026-07-04T00:11:42.774973,2026-07-04T00:11:42.786454+00:00,133.9,50,bid,FlawlessFlatbreads,EarnestEspressos,6348937
2026-07-04T00:11:43.644885,2026-07-04T00:11:43.651927+00:00,133.9,48,bid,CostlyCorianders,EarnestEspressos,6348945
2026-07-04T00:11:44.425193,2026-07-04T00:11:44.434531+00:00,133.8,11,ask,EarnestEspressos,Xuanyu Liu,6348964
2026-07-04T00:11:44.883002,2026-07-04T00:11:44.889470+00:00,134.0,50,bid,FlawlessFlatbreads,DiligentDonuts,6348972
2026-07-04T00:11:45.309543,2026-07-04T00:11:45.320955+00:00,133.8,43,ask,EarnestEspressos,CostlyCorianders,6348984
2026-07-04T00:11:45.919437,2026-07-04T00:11:45.928018+00:00,133.8,12,ask,EarnestEspressos,Xuanyu Liu,6348988
2026-07-04T00:11:46.988835,2026-07-04T00:11:47.000361+00:00,134.1,50,bid,FlawlessFlatbreads,DiligentDonuts,6348997
2026-07-04T00:11:47.407516,2026-07-04T00:11:47.419366+00:00,133.8,42,ask,EarnestEspressos,CostlyCorianders,6349002
2026-07-04T00:11:48.343892,2026-07-04T00:11:48.355102+00:00,133.9,46,bid,CostlyCorianders,EarnestEspressos,6349012
2026-07-04T00:11:49.095931,2026-07-04T00:11:49.107420+00:00,133.9,50,bid,FlawlessFlatbreads,EarnestEspressos,6349017
2026-07-04T00:11:51.255496,2026-07-04T00:11:51.267185+00:00,133.8,50,ask,EarnestEspressos,FlawlessFlatbreads,6349054
2026-07-04T00:11:53.363741,2026-07-04T00:11:53.375216+00:00,133.8,50,ask,EarnestEspressos,FlawlessFlatbreads,6349075
2026-07-04T00:11:53.381451,2026-07-04T00:11:53.392907+00:00,133.8,46,ask,EarnestEspressos,CostlyCorianders,6349076
2026-07-04T00:11:53.949748,2026-07-04T00:11:53.956501+00:00,133.7,100,ask,DiligentDonuts,EarnestEspressos,6349084
2026-07-04T00:11:53.962975,2026-07-04T00:11:53.970168+00:00,133.6,12,bid,Xuanyu Liu,EarnestEspressos,6349085
2026-07-04T00:11:54.759516,2026-07-04T00:11:54.766762+00:00,133.6,11,bid,Xuanyu Liu,EarnestEspressos,6349096
2026-07-04T00:11:54.902664,2026-07-04T00:11:54.912884+00:00,133.6,27,bid,DiligentDonuts,EarnestEspressos,6349100
2026-07-04T00:11:55.470959,2026-07-04T00:11:55.482587+00:00,133.6,50,ask,DiligentDonuts,FlawlessFlatbreads,6349119
2026-07-04T00:11:57.064686,2026-07-04T00:11:57.072964+00:00,133.9,11,ask,EarnestEspressos,Xuanyu Liu,6349140
2026-07-04T00:11:57.380481,2026-07-04T00:11:57.388382+00:00,133.9,23,ask,EarnestEspressos,Xuanyu Liu,6349143
2026-07-04T00:11:57.576591,2026-07-04T00:11:57.588453+00:00,133.9,50,ask,EarnestEspressos,FlawlessFlatbreads,6349149
2026-07-04T00:11:58.114328,2026-07-04T00:11:58.122628+00:00,133.9,66,ask,EarnestEspressos,DiligentDonuts,6349158
2026-07-04T00:12:00.279566,2026-07-04T00:12:00.286994+00:00,133.5,11,bid,Xuanyu Liu,EarnestEspressos,6349191
2026-07-04T00:12:00.432582,2026-07-04T00:12:00.440583+00:00,133.5,12,bid,Xuanyu Liu,EarnestEspressos,6349196
2026-07-04T00:12:01.735909,2026-07-04T00:12:01.747701+00:00,133.5,50,bid,FlawlessFlatbreads,EarnestEspressos,6349208
2026-07-04T00:12:02.623984,2026-07-04T00:12:02.631712+00:00,133.5,22,bid,Xuanyu Liu,EarnestEspressos,6349226
2026-07-04T00:12:03.842842,2026-07-04T00:12:03.858600+00:00,133.8,50,bid,FlawlessFlatbreads,DiligentDonuts,6349241
2026-07-04T00:12:04.394563,2026-07-04T00:12:04.403565+00:00,133.7,11,ask,DiligentDonuts,Xuanyu Liu,6349255
2026-07-04T00:12:05.950563,2026-07-04T00:12:05.968701+00:00,134.1,50,bid,FlawlessFlatbreads,EarnestEspressos,6349277
2026-07-04T00:12:06.552916,2026-07-04T00:12:06.560867+00:00,133.9,11,ask,EarnestEspressos,Xuanyu Liu,6349290
2026-07-04T00:12:06.562041,2026-07-04T00:12:06.570029+00:00,133.9,23,ask,EarnestEspressos,Xuanyu Liu,6349292
2026-07-04T00:12:08.057883,2026-07-04T00:12:08.069444+00:00,134.0,50,bid,FlawlessFlatbreads,DiligentDonuts,6349315
2026-07-04T00:12:10.163819,2026-07-04T00:12:10.175414+00:00,134.0,50,bid,FlawlessFlatbreads,DiligentDonuts,6349350
2026-07-04T00:12:11.965047,2026-07-04T00:12:11.976566+00:00,134.0,45,ask,DiligentDonuts,CostlyCorianders,6349378
2026-07-04T00:12:12.270478,2026-07-04T00:12:12.281979+00:00,134.3,50,bid,FlawlessFlatbreads,EarnestEspressos,6349379
2026-07-04T00:12:14.077427,2026-07-04T00:12:14.084087+00:00,134.3,49,bid,CostlyCorianders,DiligentDonuts,6349407
2026-07-04T00:12:14.377846,2026-07-04T00:12:14.388610+00:00,134.3,50,bid,FlawlessFlatbreads,DiligentDonuts,6349412
2026-07-04T00:12:14.582796,2026-07-04T00:12:14.594426+00:00,133.9,40,ask,EarnestEspressos,CostlyCorianders,6349417
2026-07-04T00:12:16.484137,2026-07-04T00:12:16.495922+00:00,134.2,50,bid,FlawlessFlatbreads,EarnestEspressos,6349432
2026-07-04T00:12:17.051031,2026-07-04T00:12:17.058969+00:00,134.0,12,ask,DiligentDonuts,Xuanyu Liu,6349442
2026-07-04T00:12:18.591698,2026-07-04T00:12:18.600043+00:00,134.2,50,bid,FlawlessFlatbreads,EarnestEspressos,6349459
2026-07-04T00:12:20.700370,2026-07-04T00:12:20.709713+00:00,134.6,50,bid,FlawlessFlatbreads,DiligentDonuts,6349484
2026-07-04T00:12:21.186710,2026-07-04T00:12:21.194022+00:00,134.6,49,bid,CostlyCorianders,DiligentDonuts,6349494
2026-07-04T00:12:22.296292,2026-07-04T00:12:22.304308+00:00,134.2,11,ask,EarnestEspressos,Xuanyu Liu,6349505
2026-07-04T00:12:22.856835,2026-07-04T00:12:22.868946+00:00,134.1,50,ask,DiligentDonuts,FlawlessFlatbreads,6349512
2026-07-04T00:12:24.283487,2026-07-04T00:12:24.295216+00:00,134.5,45,bid,CostlyCorianders,EarnestEspressos,6349527
2026-07-04T00:12:24.961851,2026-07-04T00:12:24.969167+00:00,134.1,50,ask,DiligentDonuts,FlawlessFlatbreads,6349533
2026-07-04T00:12:26.228213,2026-07-04T00:12:26.236968+00:00,134.3,3,ask,EarnestEspressos,Xuanyu Liu,6349554
2026-07-04T00:12:29.185230,2026-07-04T00:12:29.197181+00:00,134.3,50,ask,EarnestEspressos,FlawlessFlatbreads,6349587
2026-07-04T00:12:30.436236,2026-07-04T00:12:30.447899+00:00,134.3,40,ask,EarnestEspressos,CostlyCorianders,6349604
2026-07-04T00:12:30.977514,2026-07-04T00:12:30.986274+00:00,134.3,42,ask,EarnestEspressos,CostlyCorianders,6349610
2026-07-04T00:12:31.299367,2026-07-04T00:12:31.309230+00:00,134.3,18,ask,EarnestEspressos,FlawlessFlatbreads,6349619
2026-07-04T00:12:31.299367,2026-07-04T00:12:31.309230+00:00,134.0,32,ask,DiligentDonuts,FlawlessFlatbreads,6349620
2026-07-04T00:12:31.898610,2026-07-04T00:12:31.901088+00:00,134.0,42,ask,DiligentDonuts,CostlyCorianders,6349630
2026-07-04T00:12:31.925997,2026-07-04T00:12:31.964484+00:00,134.0,26,ask,DiligentDonuts,EarnestEspressos,6349632
2026-07-04T00:12:31.956936,2026-07-04T00:12:31.964484+00:00,133.9,3,bid,Xuanyu Liu,EarnestEspressos,6349635
2026-07-04T00:12:33.406497,2026-07-04T00:12:33.418048+00:00,133.5,50,ask,DiligentDonuts,FlawlessFlatbreads,6349655
2026-07-04T00:12:35.544540,2026-07-04T00:12:35.555936+00:00,133.5,50,ask,DiligentDonuts,FlawlessFlatbreads,6349685
2026-07-04T00:12:36.104646,2026-07-04T00:12:36.112468+00:00,133.7,23,bid,Xuanyu Liu,DiligentDonuts,6349697
2026-07-04T00:12:37.004177,2026-07-04T00:12:37.012404+00:00,133.7,43,bid,CostlyCorianders,DiligentDonuts,6349711
2026-07-04T00:12:37.653172,2026-07-04T00:12:37.659346+00:00,133.5,50,ask,EarnestEspressos,FlawlessFlatbreads,6349723
2026-07-04T00:12:39.038723,2026-07-04T00:12:39.047859+00:00,133.7,34,bid,CostlyCorianders,DiligentDonuts,6349739
2026-07-04T00:12:39.038723,2026-07-04T00:12:39.047859+00:00,133.8,14,bid,CostlyCorianders,EarnestEspressos,6349740
2026-07-04T00:12:39.780630,2026-07-04T00:12:39.794308+00:00,133.5,50,ask,DiligentDonuts,FlawlessFlatbreads,6349757
2026-07-04T00:12:40.663460,2026-07-04T00:12:40.670577+00:00,133.5,44,ask,DiligentDonuts,CostlyCorianders,6349775
2026-07-04T00:12:41.886332,2026-07-04T00:12:41.898143+00:00,133.5,6,ask,DiligentDonuts,FlawlessFlatbreads,6349791
2026-07-04T00:12:41.886332,2026-07-04T00:12:41.898143+00:00,133.5,44,ask,EarnestEspressos,FlawlessFlatbreads,6349792
2026-07-04T00:12:45.859561,2026-07-04T00:12:45.868492+00:00,133.7,11,bid,Xuanyu Liu,EarnestEspressos,6349839
2026-07-04T00:12:46.052867,2026-07-04T00:12:46.064606+00:00,133.7,50,bid,FlawlessFlatbreads,EarnestEspressos,6349841
2026-07-04T00:12:48.161261,2026-07-04T00:12:48.173120+00:00,133.7,50,bid,FlawlessFlatbreads,DiligentDonuts,6349873
2026-07-04T00:12:50.269159,2026-07-04T00:12:50.280678+00:00,133.8,50,bid,FlawlessFlatbreads,EarnestEspressos,6349913
2026-07-04T00:12:50.850173,2026-07-04T00:12:50.868903+00:00,133.8,100,bid,EarnestEspressos,DiligentDonuts,6349920
2026-07-04T00:12:51.107594,2026-07-04T00:12:51.116743+00:00,133.9,11,ask,EarnestEspressos,Xuanyu Liu,6349924
2026-07-04T00:12:52.377515,2026-07-04T00:12:52.388848+00:00,134.2,50,bid,FlawlessFlatbreads,DiligentDonuts,6349939
2026-07-04T00:12:54.490288,2026-07-04T00:12:54.501716+00:00,133.9,50,bid,FlawlessFlatbreads,EarnestEspressos,6349965
2026-07-04T00:12:55.012875,2026-07-04T00:12:55.024509+00:00,133.9,100,bid,DiligentDonuts,EarnestEspressos,6349970
2026-07-04T00:12:56.648551,2026-07-04T00:12:56.660169+00:00,133.4,50,ask,EarnestEspressos,FlawlessFlatbreads,6349985
2026-07-04T00:12:59.662780,2026-07-04T00:12:59.674210+00:00,134.1,40,bid,CostlyCorianders,DiligentDonuts,6350030
2026-07-04T00:13:02.912560,2026-07-04T00:13:02.922977+00:00,134.2,50,bid,FlawlessFlatbreads,EarnestEspressos,6350078
2026-07-04T00:13:04.198293,2026-07-04T00:13:04.207215+00:00,134.0,12,ask,EarnestEspressos,Xuanyu Liu,6350096
2026-07-04T00:13:05.019115,2026-07-04T00:13:05.027395+00:00,134.2,50,bid,FlawlessFlatbreads,DiligentDonuts,6350109
2026-07-04T00:13:05.181036,2026-07-04T00:13:05.189250+00:00,134.0,46,ask,EarnestEspressos,CostlyCorianders,6350112
2026-07-04T00:13:05.505822,2026-07-04T00:13:05.513011+00:00,134.0,11,ask,EarnestEspressos,Xuanyu Liu,6350122
2026-07-04T00:13:05.757966,2026-07-04T00:13:05.765934+00:00,134.2,46,bid,CostlyCorianders,DiligentDonuts,6350125
2026-07-04T00:13:07.125636,2026-07-04T00:13:07.137416+00:00,134.0,50,bid,FlawlessFlatbreads,EarnestEspressos,6350144
2026-07-04T00:13:07.675928,2026-07-04T00:13:07.688062+00:00,134.0,100,bid,DiligentDonuts,EarnestEspressos,6350153
2026-07-04T00:13:09.232785,2026-07-04T00:13:09.244348+00:00,134.6,50,bid,FlawlessFlatbreads,DiligentDonuts,6350171
2026-07-04T00:13:09.859512,2026-07-04T00:13:09.867888+00:00,134.2,3,ask,EarnestEspressos,Xuanyu Liu,6350184
2026-07-04T00:13:09.882145,2026-07-04T00:13:09.893741+00:00,134.2,42,ask,EarnestEspressos,CostlyCorianders,6350186
2026-07-04T00:13:11.345932,2026-07-04T00:13:11.358593+00:00,134.6,50,bid,FlawlessFlatbreads,DiligentDonuts,6350207
2026-07-04T00:13:11.762053,2026-07-04T00:13:11.771099+00:00,134.2,49,ask,EarnestEspressos,CostlyCorianders,6350212
2026-07-04T00:13:13.452892,2026-07-04T00:13:13.464467+00:00,134.5,50,bid,FlawlessFlatbreads,EarnestEspressos,6350233
2026-07-04T00:13:15.559785,2026-07-04T00:13:15.571555+00:00,134.5,50,bid,FlawlessFlatbreads,EarnestEspressos,6350255
2026-07-04T00:13:16.945546,2026-07-04T00:13:16.958572+00:00,134.8,46,bid,CostlyCorianders,DiligentDonuts,6350278
2026-07-04T00:13:17.667810,2026-07-04T00:13:17.679303+00:00,134.8,50,bid,FlawlessFlatbreads,DiligentDonuts,6350285
2026-07-04T00:13:18.124935,2026-07-04T00:13:18.136719+00:00,134.8,48,bid,CostlyCorianders,DiligentDonuts,6350294
2026-07-04T00:13:18.180987,2026-07-04T00:13:18.190261+00:00,134.4,49,ask,EarnestEspressos,CostlyCorianders,6350295
2026-07-04T00:13:19.228281,2026-07-04T00:13:19.239474+00:00,134.8,2,bid,CostlyCorianders,DiligentDonuts,6350309
2026-07-04T00:13:19.228281,2026-07-04T00:13:19.239474+00:00,134.9,44,bid,CostlyCorianders,EarnestEspressos,6350310
2026-07-04T00:13:19.775822,2026-07-04T00:13:19.785783+00:00,135.0,50,bid,FlawlessFlatbreads,EarnestEspressos,6350320
2026-07-04T00:13:19.926203,2026-07-04T00:13:19.935832+00:00,134.5,47,ask,EarnestEspressos,CostlyCorianders,6350322
2026-07-04T00:13:21.441873,2026-07-04T00:13:21.453695+00:00,134.6,47,ask,DiligentDonuts,CostlyCorianders,6350346
2026-07-04T00:13:21.883821,2026-07-04T00:13:21.891968+00:00,135.0,50,bid,FlawlessFlatbreads,EarnestEspressos,6350351
2026-07-04T00:13:23.668477,2026-07-04T00:13:23.679774+00:00,135.1,47,bid,CostlyCorianders,EarnestEspressos,6350372
2026-07-04T00:13:24.039339,2026-07-04T00:13:24.051043+00:00,134.6,50,ask,EarnestEspressos,FlawlessFlatbreads,6350383
2026-07-04T00:13:24.135899,2026-07-04T00:13:24.147596+00:00,134.6,43,ask,EarnestEspressos,CostlyCorianders,6350384
2026-07-04T00:13:24.637072,2026-07-04T00:13:24.647439+00:00,135.1,45,bid,CostlyCorianders,EarnestEspressos,6350390
2026-07-04T00:13:25.729399,2026-07-04T00:13:25.737904+00:00,134.8,44,ask,EarnestEspressos,CostlyCorianders,6350400
2026-07-04T00:13:26.147225,2026-07-04T00:13:26.153502+00:00,134.8,50,ask,EarnestEspressos,FlawlessFlatbreads,6350408
2026-07-04T00:13:26.360030,2026-07-04T00:13:26.372808+00:00,134.8,3,ask,EarnestEspressos,Xuanyu Liu,6350411
2026-07-04T00:13:26.477088,2026-07-04T00:13:26.486391+00:00,134.8,11,ask,EarnestEspressos,Xuanyu Liu,6350417
2026-07-04T00:13:28.254422,2026-07-04T00:13:28.266251+00:00,134.8,42,ask,EarnestEspressos,FlawlessFlatbreads,6350441
2026-07-04T00:13:28.254422,2026-07-04T00:13:28.266251+00:00,134.5,8,ask,DiligentDonuts,FlawlessFlatbreads,6350442
2026-07-04T00:13:28.302394,2026-07-04T00:13:28.313941+00:00,135.0,42,bid,CostlyCorianders,DiligentDonuts,6350444
2026-07-04T00:13:28.896049,2026-07-04T00:13:28.903830+00:00,134.5,92,ask,DiligentDonuts,EarnestEspressos,6350453
2026-07-04T00:13:30.256068,2026-07-04T00:13:30.267988+00:00,134.2,42,ask,DiligentDonuts,CostlyCorianders,6350468
2026-07-04T00:13:30.362805,2026-07-04T00:13:30.374170+00:00,134.2,50,ask,DiligentDonuts,FlawlessFlatbreads,6350475
2026-07-04T00:13:32.417882,2026-07-04T00:13:32.425831+00:00,134.7,50,bid,FlawlessFlatbreads,DiligentDonuts,6350506
2026-07-04T00:13:33.072399,2026-07-04T00:13:33.080100+00:00,134.6,11,bid,Xuanyu Liu,DiligentDonuts,6350515
2026-07-04T00:13:35.346511,2026-07-04T00:13:35.354703+00:00,134.6,40,bid,CostlyCorianders,DiligentDonuts,6350555
2026-07-04T00:13:36.629315,2026-07-04T00:13:36.638365+00:00,134.8,50,bid,FlawlessFlatbreads,EarnestEspressos,6350582
2026-07-04T00:13:37.014868,2026-07-04T00:13:37.025304+00:00,134.8,47,bid,CostlyCorianders,EarnestEspressos,6350594
2026-07-04T00:13:38.327701,2026-07-04T00:13:38.336322+00:00,134.9,100,bid,EarnestEspressos,DiligentDonuts,6350612
2026-07-04T00:13:38.398006,2026-07-04T00:13:38.404795+00:00,134.9,34,ask,EarnestEspressos,Xuanyu Liu,6350616
2026-07-04T00:13:38.786994,2026-07-04T00:13:38.798974+00:00,134.9,16,ask,EarnestEspressos,FlawlessFlatbreads,6350625
2026-07-04T00:13:38.786994,2026-07-04T00:13:38.798974+00:00,134.4,34,ask,DiligentDonuts,FlawlessFlatbreads,6350626
2026-07-04T00:13:39.488293,2026-07-04T00:13:39.499830+00:00,134.5,47,ask,DiligentDonuts,CostlyCorianders,6350640
2026-07-04T00:13:41.550467,2026-07-04T00:13:41.559057+00:00,134.7,11,bid,Xuanyu Liu,EarnestEspressos,6350673
2026-07-04T00:13:41.578701,2026-07-04T00:13:41.590485+00:00,134.5,44,ask,DiligentDonuts,CostlyCorianders,6350675
