timestamp,recv_time,price,volume,aggressor_side,buyer,seller,trade_id
2026-06-29T06:00:00.382364,2026-06-28T20:00:00.756502+00:00,91.5,48,bid,,,11483346
2026-06-29T06:00:01.538204,2026-06-28T20:00:01.911502+00:00,91.5,50,bid,,,11483370
2026-06-29T06:00:01.574611,2026-06-28T20:00:01.944502+00:00,91.1,41,ask,,,11483371
2026-06-29T06:00:02.122355,2026-06-28T20:00:02.494502+00:00,91.5,49,bid,,,11483380
2026-06-29T06:00:03.244730,2026-06-28T20:00:03.615590+00:00,91.6,1,bid,,,11483405
2026-06-29T06:00:03.244730,2026-06-28T20:00:03.626590+00:00,91.6,100,bid,,,11483406
2026-06-29T06:00:03.482523,2026-06-28T20:00:03.857591+00:00,91.6,1,ask,,,11483407
2026-06-29T06:00:03.699873,2026-06-28T20:00:04.088590+00:00,91.6,48,ask,,,11483414
2026-06-29T06:00:03.813041,2026-06-28T20:00:04.187590+00:00,91.3,1,ask,,,11483415
2026-06-29T06:00:03.919629,2026-06-28T20:00:04.297590+00:00,91.3,1,ask,,,11483416
2026-06-29T06:00:04.083274,2026-06-28T20:00:04.451591+00:00,91.3,1,ask,,,11483419
2026-06-29T06:00:04.141355,2026-06-28T20:00:04.517599+00:00,91.3,47,ask,,,11483420
2026-06-29T06:00:04.404126,2026-06-28T20:00:04.781599+00:00,91.3,1,ask,,,11483423
2026-06-29T06:00:04.735454,2026-06-28T20:00:05.111590+00:00,91.8,47,bid,,,11483435
2026-06-29T06:00:04.822159,2026-06-28T20:00:05.210590+00:00,91.3,1,ask,,,11483440
2026-06-29T06:00:05.756431,2026-06-28T20:00:06.134139+00:00,91.8,50,bid,,,11483460
2026-06-29T06:00:07.863165,2026-06-28T20:00:08.233418+00:00,91.6,1,bid,,,11483500
2026-06-29T06:00:07.863165,2026-06-28T20:00:08.233418+00:00,91.6,49,bid,,,11483501
2026-06-29T06:00:08.144399,2026-06-28T20:00:08.519418+00:00,91.5,42,ask,,,11483511
2026-06-29T06:00:09.162003,2026-06-28T20:00:09.531427+00:00,91.6,48,bid,,,11483530
2026-06-29T06:00:10.000268,2026-06-28T20:00:10.378427+00:00,91.8,50,bid,,,11483554
2026-06-29T06:00:10.505464,2026-06-28T20:00:10.873427+00:00,91.4,1,ask,,,11483565
2026-06-29T06:00:10.629417,2026-06-28T20:00:11.005427+00:00,91.4,43,ask,,,11483569
2026-06-29T06:00:12.199538,2026-06-28T20:00:12.567427+00:00,91.4,46,ask,,,11483606
2026-06-29T06:00:13.166511,2026-06-28T20:00:13.534663+00:00,91.5,44,bid,,,11483628
2026-06-29T06:00:14.077242,2026-06-28T20:00:14.447662+00:00,91.5,47,bid,,,11483646
2026-06-29T06:00:14.243675,2026-06-28T20:00:14.612662+00:00,91.5,50,bid,,,11483649
2026-06-29T06:00:15.268694,2026-06-28T20:00:15.646662+00:00,91.4,48,ask,,,11483671
2026-06-29T06:00:15.837064,2026-06-28T20:00:16.207225+00:00,91.4,45,ask,,,11483680
2026-06-29T06:00:16.394387,2026-06-28T20:00:16.768343+00:00,91.6,48,bid,,,11483696
2026-06-29T06:00:16.403337,2026-06-28T20:00:16.779344+00:00,91.5,50,ask,,,11483698
2026-06-29T06:00:17.927820,2026-06-28T20:00:18.296817+00:00,91.5,40,ask,,,11483720
2026-06-29T06:00:18.517572,2026-06-28T20:00:18.890816+00:00,91.5,50,ask,,,11483739
2026-06-29T06:00:21.713379,2026-06-28T20:00:22.091331+00:00,91.6,46,bid,,,11483789
2026-06-29T06:00:22.757556,2026-06-28T20:00:23.136141+00:00,91.3,50,ask,,,11483815
2026-06-29T06:00:23.803239,2026-06-28T20:00:24.180022+00:00,91.3,48,ask,,,11483838
2026-06-29T06:00:25.500014,2026-06-28T20:00:25.874031+00:00,91.5,100,bid,,,11483861
2026-06-29T06:00:25.873581,2026-06-28T20:00:26.247623+00:00,91.5,42,bid,,,11483871
2026-06-29T06:00:26.994187,2026-06-28T20:00:27.369613+00:00,91.2,1,ask,,,11483895
2026-06-29T06:00:26.994187,2026-06-28T20:00:27.369613+00:00,91.0,1,ask,,,11483896
2026-06-29T06:00:26.994187,2026-06-28T20:00:27.369613+00:00,91.0,48,ask,,,11483897
2026-06-29T06:00:29.102774,2026-06-28T20:00:29.470292+00:00,91.4,50,ask,,,11483928
2026-06-29T06:00:29.506329,2026-06-28T20:00:29.877292+00:00,91.6,2,bid,,,11483945
2026-06-29T06:00:29.506329,2026-06-28T20:00:29.877292+00:00,91.7,47,bid,,,11483946
2026-06-29T06:00:31.158756,2026-06-28T20:00:31.526413+00:00,91.7,50,bid,,,11483986
2026-06-29T06:00:33.264874,2026-06-28T20:00:33.637161+00:00,91.7,50,bid,,,11484041
2026-06-29T06:00:37.477949,2026-06-28T20:00:37.847257+00:00,91.7,4,bid,,,11484136
2026-06-29T06:00:37.477949,2026-06-28T20:00:37.858257+00:00,91.9,46,bid,,,11484137
2026-06-29T06:00:38.001635,2026-06-28T20:00:38.375257+00:00,91.5,44,ask,,,11484150
2026-06-29T06:00:39.049308,2026-06-28T20:00:39.420257+00:00,91.6,44,ask,,,11484165
2026-06-29T06:00:39.637693,2026-06-28T20:00:40.013771+00:00,91.6,50,ask,,,11484178
2026-06-29T06:00:41.416171,2026-06-28T20:00:41.783771+00:00,91.6,42,bid,,,11484212
2026-06-29T06:00:41.744835,2026-06-28T20:00:42.113762+00:00,91.4,1,ask,,,11484224
2026-06-29T06:00:41.744835,2026-06-28T20:00:42.124762+00:00,91.3,49,ask,,,11484225
2026-06-29T06:00:41.939925,2026-06-28T20:00:42.311762+00:00,91.6,46,bid,,,11484228
2026-06-29T06:00:43.855757,2026-06-28T20:00:44.224540+00:00,91.3,50,ask,,,11484273
2026-06-29T06:00:44.539176,2026-06-28T20:00:44.917540+00:00,91.5,100,ask,,,11484278
2026-06-29T06:00:45.475318,2026-06-28T20:00:45.852540+00:00,91.5,41,ask,,,11484300
2026-06-29T06:00:45.963320,2026-06-28T20:00:46.336093+00:00,91.5,9,ask,,,11484308
2026-06-29T06:00:45.963320,2026-06-28T20:00:46.336093+00:00,91.4,1,ask,,,11484309
2026-06-29T06:00:45.963320,2026-06-28T20:00:46.336093+00:00,91.1,1,ask,,,11484310
2026-06-29T06:00:45.963320,2026-06-28T20:00:46.336093+00:00,90.9,39,ask,,,11484311
2026-06-29T06:00:48.073325,2026-06-28T20:00:48.446464+00:00,91.1,50,ask,,,11484348
2026-06-29T06:00:48.655437,2026-06-28T20:00:49.029345+00:00,91.3,2,bid,,,11484355
2026-06-29T06:00:48.842427,2026-06-28T20:00:49.215463+00:00,91.3,2,bid,,,11484356
2026-06-29T06:00:49.015500,2026-06-28T20:00:49.391464+00:00,91.3,1,bid,,,11484362
2026-06-29T06:00:49.149119,2026-06-28T20:00:49.523354+00:00,91.3,42,bid,,,11484369
2026-06-29T06:00:49.203570,2026-06-28T20:00:49.578354+00:00,91.1,43,ask,,,11484370
2026-06-29T06:00:50.796190,2026-06-28T20:00:51.173355+00:00,91.0,42,ask,,,11484404
2026-06-29T06:00:51.030650,2026-06-28T20:00:51.404354+00:00,91.3,4,bid,,,11484406
2026-06-29T06:00:51.121010,2026-06-28T20:00:51.492354+00:00,91.3,3,bid,,,11484407
2026-06-29T06:00:52.226449,2026-06-28T20:00:52.602869+00:00,91.3,2,bid,,,11484430
2026-06-29T06:00:52.233237,2026-06-28T20:00:52.602869+00:00,91.3,50,bid,,,11484431
2026-06-29T06:00:52.927762,2026-06-28T20:00:53.306189+00:00,91.3,41,bid,,,11484447
2026-06-29T06:00:52.927762,2026-06-28T20:00:53.306189+00:00,91.5,5,bid,,,11484448
2026-06-29T06:00:53.534458,2026-06-28T20:00:53.911180+00:00,91.5,43,bid,,,11484462
2026-06-29T06:00:53.996330,2026-06-28T20:00:54.406180+00:00,91.0,49,ask,,,11484467
2026-06-29T06:00:54.339193,2026-06-28T20:00:54.714188+00:00,91.5,1,bid,,,11484476
2026-06-29T06:00:54.339193,2026-06-28T20:00:54.714188+00:00,91.5,49,bid,,,11484477
2026-06-29T06:00:56.448968,2026-06-28T20:00:56.823288+00:00,91.5,50,bid,,,11484505
2026-06-29T06:00:56.503658,2026-06-28T20:00:56.878288+00:00,91.5,42,bid,,,11484506
2026-06-29T06:00:56.989560,2026-06-28T20:00:57.361288+00:00,91.5,40,bid,,,11484514
2026-06-29T06:00:57.010394,2026-06-28T20:00:57.383288+00:00,91.5,60,bid,,,11484515
2026-06-29T06:00:57.010394,2026-06-28T20:00:57.383288+00:00,91.6,1,bid,,,11484516
2026-06-29T06:00:58.605493,2026-06-28T20:00:58.978798+00:00,91.6,50,ask,,,11484534
2026-06-29T06:00:58.623655,2026-06-28T20:00:59.000798+00:00,91.6,39,ask,,,11484536
2026-06-29T06:00:58.623655,2026-06-28T20:00:59.000798+00:00,91.6,2,ask,,,11484537
2026-06-29T06:01:00.224971,2026-06-28T20:01:00.594798+00:00,91.6,98,ask,,,11484562
2026-06-29T06:01:00.224971,2026-06-28T20:01:00.594798+00:00,91.5,1,ask,,,11484563
2026-06-29T06:01:00.660563,2026-06-28T20:01:01.034798+00:00,91.4,50,bid,,,11484574
2026-06-29T06:01:02.820020,2026-06-28T20:01:03.188301+00:00,91.2,50,ask,,,11484624
2026-06-29T06:01:03.514186,2026-06-28T20:01:03.892301+00:00,91.5,100,ask,,,11484641
2026-06-29T06:01:04.928818,2026-06-28T20:01:05.299807+00:00,91.5,50,ask,,,11484669
2026-06-29T06:01:06.680691,2026-06-28T20:01:07.058860+00:00,91.4,46,ask,,,11484695
2026-06-29T06:01:07.037748,2026-06-28T20:01:07.410859+00:00,91.4,50,ask,,,11484703
2026-06-29T06:01:09.153267,2026-06-28T20:01:09.543087+00:00,91.4,4,ask,,,11484746
2026-06-29T06:01:09.153267,2026-06-28T20:01:09.543087+00:00,91.1,1,ask,,,11484747
2026-06-29T06:01:09.153267,2026-06-28T20:01:09.543087+00:00,91.0,45,ask,,,11484748
2026-06-29T06:01:11.263741,2026-06-28T20:01:11.633087+00:00,91.1,50,ask,,,11484777
2026-06-29T06:01:15.432579,2026-06-28T20:01:15.810884+00:00,91.5,50,bid,,,11484827
2026-06-29T06:01:17.590825,2026-06-28T20:01:17.965203+00:00,91.1,50,ask,,,11484861
2026-06-29T06:01:21.748268,2026-06-28T20:01:22.123203+00:00,91.4,50,bid,,,11484942
2026-06-29T06:01:22.953441,2026-06-28T20:01:23.321456+00:00,91.5,1,bid,,,11484961
2026-06-29T06:01:22.953441,2026-06-28T20:01:23.332455+00:00,91.6,44,bid,,,11484962
2026-06-29T06:01:23.604485,2026-06-28T20:01:23.981465+00:00,91.4,5,bid,,,11484971
2026-06-29T06:01:23.604485,2026-06-28T20:01:23.981465+00:00,91.6,42,bid,,,11484972
2026-06-29T06:01:23.858718,2026-06-28T20:01:24.234465+00:00,91.6,50,bid,,,11484978
2026-06-29T06:01:24.241834,2026-06-28T20:01:24.630465+00:00,91.1,44,ask,,,11484983
2026-06-29T06:01:25.456766,2026-06-28T20:01:25.829465+00:00,91.6,100,bid,,,11485004
2026-06-29T06:01:26.015111,2026-06-28T20:01:26.390476+00:00,91.7,50,ask,,,11485020
2026-06-29T06:01:28.234097,2026-06-28T20:01:28.610771+00:00,91.6,1,ask,,,11485058
2026-06-29T06:01:28.484496,2026-06-28T20:01:28.852771+00:00,91.6,2,ask,,,11485065
2026-06-29T06:01:28.670183,2026-06-28T20:01:29.039772+00:00,91.6,97,ask,,,11485071
2026-06-29T06:01:30.304465,2026-06-28T20:01:30.677771+00:00,91.3,46,ask,,,11485092
2026-06-29T06:01:32.283412,2026-06-28T20:01:32.657771+00:00,91.5,50,bid,,,11485142
2026-06-29T06:01:34.389533,2026-06-28T20:01:34.758039+00:00,91.5,50,bid,,,11485179
2026-06-29T06:01:34.520895,2026-06-28T20:01:34.901039+00:00,91.6,2,bid,,,11485182
2026-06-29T06:01:34.520895,2026-06-28T20:01:34.901039+00:00,91.7,1,bid,,,11485183
2026-06-29T06:01:34.520895,2026-06-28T20:01:34.901039+00:00,91.9,38,bid,,,11485184
2026-06-29T06:01:36.057249,2026-06-28T20:01:36.429652+00:00,91.4,48,ask,,,11485221
2026-06-29T06:01:36.497708,2026-06-28T20:01:36.869652+00:00,91.6,1,bid,,,11485228
2026-06-29T06:01:36.497708,2026-06-28T20:01:36.869652+00:00,91.7,49,bid,,,11485229
2026-06-29T06:01:36.619407,2026-06-28T20:01:36.990652+00:00,91.7,49,bid,,,11485231
2026-06-29T06:01:38.606577,2026-06-28T20:01:38.979905+00:00,91.9,50,bid,,,11485265
2026-06-29T06:01:39.667393,2026-06-28T20:01:40.035904+00:00,91.7,43,ask,,,11485288
2026-06-29T06:01:40.718660,2026-06-28T20:01:41.091014+00:00,91.9,50,bid,,,11485307
2026-06-29T06:01:40.972703,2026-06-28T20:01:41.344014+00:00,91.7,6,ask,,,11485309
2026-06-29T06:01:41.008315,2026-06-28T20:01:41.377014+00:00,91.7,6,ask,,,11485310
2026-06-29T06:01:42.740693,2026-06-28T20:01:43.124441+00:00,91.6,46,ask,,,11485349
2026-06-29T06:01:42.824772,2026-06-28T20:01:43.201441+00:00,91.8,5,bid,,,11485357
2026-06-29T06:01:44.980336,2026-06-28T20:01:45.357441+00:00,91.5,2,ask,,,11485401
2026-06-29T06:01:44.980336,2026-06-28T20:01:45.357441+00:00,91.5,48,ask,,,11485402
2026-06-29T06:01:46.888940,2026-06-28T20:01:47.260085+00:00,91.8,3,bid,,,11485454
2026-06-29T06:01:46.888940,2026-06-28T20:01:47.260085+00:00,92.0,39,bid,,,11485455
2026-06-29T06:01:47.087874,2026-06-28T20:01:47.457976+00:00,91.5,50,ask,,,11485456
2026-06-29T06:01:50.137602,2026-06-28T20:01:50.515087+00:00,91.8,47,bid,,,11485525
2026-06-29T06:01:51.249342,2026-06-28T20:01:51.625197+00:00,91.8,5,bid,,,11485542
2026-06-29T06:01:51.249342,2026-06-28T20:01:51.625197+00:00,92.0,1,bid,,,11485543
2026-06-29T06:01:51.249342,2026-06-28T20:01:51.625197+00:00,92.2,44,bid,,,11485544
2026-06-29T06:01:53.358011,2026-06-28T20:01:53.735937+00:00,92.2,50,bid,,,11485582
2026-06-29T06:01:55.671487,2026-06-28T20:01:56.045067+00:00,92.0,48,ask,,,11485603
2026-06-29T06:01:57.218371,2026-06-28T20:01:57.594969+00:00,92.2,48,bid,,,11485626
2026-06-29T06:01:59.673132,2026-06-28T20:02:00.046265+00:00,92.1,50,bid,,,11485647
2026-06-29T06:02:01.791248,2026-06-28T20:02:02.168396+00:00,92.2,7,bid,,,11485690
2026-06-29T06:02:01.791248,2026-06-28T20:02:02.168396+00:00,92.2,43,bid,,,11485691
2026-06-29T06:02:03.562732,2026-06-28T20:02:03.936272+00:00,92.1,44,ask,,,11485727
2026-06-29T06:02:03.912474,2026-06-28T20:02:04.287391+00:00,92.4,1,bid,,,11485738
2026-06-29T06:02:03.912474,2026-06-28T20:02:04.287391+00:00,92.5,49,bid,,,11485739
2026-06-29T06:02:06.047792,2026-06-28T20:02:06.420339+00:00,92.5,50,bid,,,11485768
2026-06-29T06:02:06.458098,2026-06-28T20:02:06.827339+00:00,92.1,40,ask,,,11485785
2026-06-29T06:02:06.828036,2026-06-28T20:02:07.201339+00:00,92.1,100,bid,,,11485792
2026-06-29T06:02:07.906915,2026-06-28T20:02:08.279459+00:00,92.1,44,bid,,,11485809
2026-06-29T06:02:08.154536,2026-06-28T20:02:08.532459+00:00,92.1,6,bid,,,11485815
2026-06-29T06:02:08.154536,2026-06-28T20:02:08.532459+00:00,92.6,1,bid,,,11485816
2026-06-29T06:02:09.491067,2026-06-28T20:02:09.863479+00:00,91.9,1,ask,,,11485842
2026-06-29T06:02:09.491067,2026-06-28T20:02:09.863479+00:00,91.8,1,ask,,,11485843
2026-06-29T06:02:09.491067,2026-06-28T20:02:09.874479+00:00,91.6,47,ask,,,11485844
2026-06-29T06:02:10.265479,2026-06-28T20:02:10.643589+00:00,92.4,50,bid,,,11485858
2026-06-29T06:02:11.882602,2026-06-28T20:02:12.260470+00:00,92.4,46,bid,,,11485890
2026-06-29T06:02:12.384076,2026-06-28T20:02:12.754983+00:00,92.4,4,bid,,,11485894
2026-06-29T06:02:12.384076,2026-06-28T20:02:12.754983+00:00,92.5,46,bid,,,11485895
2026-06-29T06:02:14.563772,2026-06-28T20:02:14.941894+00:00,92.2,50,ask,,,11485931
2026-06-29T06:02:16.670273,2026-06-28T20:02:17.040562+00:00,92.2,50,ask,,,11485960
2026-06-29T06:02:16.851691,2026-06-28T20:02:17.227443+00:00,92.2,48,ask,,,11485961
2026-06-29T06:02:18.730967,2026-06-28T20:02:19.107521+00:00,92.4,2,bid,,,11486000
2026-06-29T06:02:18.730967,2026-06-28T20:02:19.107521+00:00,92.5,48,bid,,,11486001
2026-06-29T06:02:20.186736,2026-06-28T20:02:20.559478+00:00,92.4,42,ask,,,11486025
2026-06-29T06:02:20.356859,2026-06-28T20:02:20.735411+00:00,92.4,1,ask,,,11486027
2026-06-29T06:02:20.451736,2026-06-28T20:02:20.823411+00:00,92.4,1,ask,,,11486029
2026-06-29T06:02:20.719444,2026-06-28T20:02:21.099402+00:00,92.4,1,ask,,,11486037
2026-06-29T06:02:26.763695,2026-06-28T20:02:27.136817+00:00,92.5,1,bid,,,11486168
2026-06-29T06:02:26.763695,2026-06-28T20:02:27.136817+00:00,92.6,42,bid,,,11486169
2026-06-29T06:02:27.217481,2026-06-28T20:02:27.598817+00:00,92.2,50,ask,,,11486175
2026-06-29T06:02:29.272952,2026-06-28T20:02:29.644440+00:00,92.4,50,bid,,,11486224
2026-06-29T06:02:31.380396,2026-06-28T20:02:31.756470+00:00,92.4,50,bid,,,11486268
2026-06-29T06:02:31.383737,2026-06-28T20:02:31.756470+00:00,92.1,1,ask,,,11486269
2026-06-29T06:02:31.383737,2026-06-28T20:02:31.756470+00:00,92.1,42,ask,,,11486270
2026-06-29T06:02:32.872902,2026-06-28T20:02:33.251707+00:00,92.5,4,bid,,,11486304
2026-06-29T06:02:32.872902,2026-06-28T20:02:33.251707+00:00,92.5,41,bid,,,11486305
2026-06-29T06:02:33.561243,2026-06-28T20:02:33.933716+00:00,92.4,50,ask,,,11486312
2026-06-29T06:02:33.973589,2026-06-28T20:02:34.351716+00:00,92.4,48,ask,,,11486315
2026-06-29T06:02:35.668098,2026-06-28T20:02:36.045717+00:00,92.2,2,ask,,,11486355
2026-06-29T06:02:35.668098,2026-06-28T20:02:36.045717+00:00,92.0,48,ask,,,11486356
2026-06-29T06:02:37.775719,2026-06-28T20:02:38.154643+00:00,92.0,50,ask,,,11486391
2026-06-29T06:02:39.880844,2026-06-28T20:02:40.255642+00:00,91.8,50,ask,,,11486426
2026-06-29T06:02:40.076737,2026-06-28T20:02:40.453634+00:00,92.2,46,bid,,,11486427
2026-06-29T06:02:41.988335,2026-06-28T20:02:42.356772+00:00,92.1,1,ask,,,11486470
2026-06-29T06:02:41.988335,2026-06-28T20:02:42.367772+00:00,91.9,49,ask,,,11486471
2026-06-29T06:02:42.547039,2026-06-28T20:02:42.916562+00:00,92.2,43,bid,,,11486475
2026-06-29T06:02:42.601823,2026-06-28T20:02:42.971562+00:00,92.1,3,ask,,,11486476
2026-06-29T06:02:44.045594,2026-06-28T20:02:44.423473+00:00,92.2,50,bid,,,11486507
2026-06-29T06:02:44.172752,2026-06-28T20:02:44.555464+00:00,92.2,47,bid,,,11486509
2026-06-29T06:02:44.891207,2026-06-28T20:02:45.270473+00:00,92.1,100,ask,,,11486529
2026-06-29T06:02:46.152765,2026-06-28T20:02:46.523360+00:00,92.3,4,bid,,,11486561
2026-06-29T06:02:46.152765,2026-06-28T20:02:46.534361+00:00,92.6,46,bid,,,11486562
2026-06-29T06:02:48.262513,2026-06-28T20:02:48.644473+00:00,92.4,5,bid,,,11486615
2026-06-29T06:02:48.262513,2026-06-28T20:02:48.644473+00:00,92.4,45,bid,,,11486616
2026-06-29T06:02:49.289680,2026-06-28T20:02:49.667464+00:00,91.9,43,ask,,,11486628
2026-06-29T06:02:51.516417,2026-06-28T20:02:51.887464+00:00,92.4,40,bid,,,11486679
2026-06-29T06:02:52.032572,2026-06-28T20:02:52.404477+00:00,92.2,47,ask,,,11486688
2026-06-29T06:02:54.468150,2026-06-28T20:02:54.844431+00:00,92.4,4,bid,,,11486735
2026-06-29T06:02:54.468150,2026-06-28T20:02:54.844431+00:00,92.5,41,bid,,,11486736
2026-06-29T06:02:56.730017,2026-06-28T20:02:57.107291+00:00,92.3,50,ask,,,11486779
2026-06-29T06:02:58.838367,2026-06-28T20:02:59.217816+00:00,92.2,3,ask,,,11486822
2026-06-29T06:02:58.838367,2026-06-28T20:02:59.217816+00:00,92.1,47,ask,,,11486823
2026-06-29T06:02:59.297651,2026-06-28T20:02:59.668807+00:00,92.1,41,ask,,,11486830
2026-06-29T06:02:59.950635,2026-06-28T20:03:00.339330+00:00,92.1,12,ask,,,11486840
2026-06-29T06:02:59.950635,2026-06-28T20:03:00.339330+00:00,92.1,3,ask,,,11486841
2026-06-29T06:02:59.950635,2026-06-28T20:03:00.339330+00:00,92.0,28,ask,,,11486842
2026-06-29T06:03:00.946701,2026-06-28T20:03:01.318330+00:00,92.1,50,ask,,,11486858
2026-06-29T06:03:01.447306,2026-06-28T20:03:01.824321+00:00,92.5,2,bid,,,11486865
2026-06-29T06:03:01.447306,2026-06-28T20:03:01.824321+00:00,92.5,40,bid,,,11486866
2026-06-29T06:03:04.585083,2026-06-28T20:03:04.957579+00:00,92.4,49,bid,,,11486941
2026-06-29T06:03:05.105839,2026-06-28T20:03:05.474588+00:00,92.4,50,bid,,,11486953
2026-06-29T06:03:07.211541,2026-06-28T20:03:07.586153+00:00,92.5,50,bid,,,11486993
2026-06-29T06:03:07.902448,2026-06-28T20:03:08.278267+00:00,92.1,41,ask,,,11487001
2026-06-29T06:03:09.004288,2026-06-28T20:03:09.377385+00:00,92.1,44,ask,,,11487022
2026-06-29T06:03:09.320133,2026-06-28T20:03:09.696276+00:00,92.5,50,bid,,,11487032
2026-06-29T06:03:11.426320,2026-06-28T20:03:11.797276+00:00,92.5,50,bid,,,11487068
2026-06-29T06:03:11.452384,2026-06-28T20:03:11.830276+00:00,92.4,42,ask,,,11487069
2026-06-29T06:03:11.945682,2026-06-28T20:03:12.314267+00:00,92.5,40,bid,,,11487081
2026-06-29T06:03:15.667806,2026-06-28T20:03:16.041044+00:00,92.7,50,bid,,,11487135
2026-06-29T06:03:16.558480,2026-06-28T20:03:16.930587+00:00,92.5,47,ask,,,11487163
2026-06-29T06:03:17.775426,2026-06-28T20:03:18.151006+00:00,92.8,50,bid,,,11487193
2026-06-29T06:03:19.246387,2026-06-28T20:03:19.622797+00:00,92.8,41,bid,,,11487224
2026-06-29T06:03:19.903613,2026-06-28T20:03:20.282679+00:00,92.7,50,bid,,,11487232
2026-06-29T06:03:20.589712,2026-06-28T20:03:20.964687+00:00,92.4,43,ask,,,11487251
2026-06-29T06:03:21.162438,2026-06-28T20:03:21.536193+00:00,92.7,41,bid,,,11487256
2026-06-29T06:03:22.009705,2026-06-28T20:03:22.383202+00:00,92.7,50,bid,,,11487265
2026-06-29T06:03:22.117041,2026-06-28T20:03:22.493201+00:00,92.4,44,ask,,,11487268
2026-06-29T06:03:22.532810,2026-06-28T20:03:22.910448+00:00,92.7,2,bid,,,11487281
2026-06-29T06:03:22.532810,2026-06-28T20:03:22.910448+00:00,92.9,100,bid,,,11487282
2026-06-29T06:03:22.589823,2026-06-28T20:03:22.965448+00:00,92.9,3,ask,,,11487287
2026-06-29T06:03:22.597029,2026-06-28T20:03:22.965448+00:00,92.9,25,ask,,,11487288
2026-06-29T06:03:22.805584,2026-06-28T20:03:23.174439+00:00,92.9,20,ask,,,11487291
2026-06-29T06:03:24.146714,2026-06-28T20:03:24.516512+00:00,93.0,50,bid,,,11487322
2026-06-29T06:03:26.304419,2026-06-28T20:03:26.682016+00:00,92.8,50,ask,,,11487363
2026-06-29T06:03:26.660550,2026-06-28T20:03:27.034016+00:00,92.8,1,ask,,,11487369
2026-06-29T06:03:27.824342,2026-06-28T20:03:28.199142+00:00,92.8,25,ask,,,11487403
2026-06-29T06:03:28.036958,2026-06-28T20:03:28.408133+00:00,92.8,24,ask,,,11487407
2026-06-29T06:03:28.745808,2026-06-28T20:03:29.123143+00:00,92.8,4,bid,,,11487416
2026-06-29T06:03:28.745808,2026-06-28T20:03:29.123143+00:00,92.9,38,bid,,,11487417
2026-06-29T06:03:32.663331,2026-06-28T20:03:33.037901+00:00,92.6,50,ask,,,11487496
2026-06-29T06:03:35.249260,2026-06-28T20:03:35.622443+00:00,92.9,1,bid,,,11487562
2026-06-29T06:03:35.249260,2026-06-28T20:03:35.622443+00:00,93.0,48,bid,,,11487563
2026-06-29T06:03:38.264007,2026-06-28T20:03:38.635262+00:00,92.8,25,ask,,,11487620
2026-06-29T06:03:38.397332,2026-06-28T20:03:38.767271+00:00,92.8,75,ask,,,11487624
2026-06-29T06:03:38.775931,2026-06-28T20:03:39.152271+00:00,92.5,1,ask,,,11487636
2026-06-29T06:03:38.775931,2026-06-28T20:03:39.152271+00:00,92.3,1,ask,,,11487637
2026-06-29T06:03:38.775931,2026-06-28T20:03:39.152271+00:00,92.3,40,ask,,,11487638
2026-06-29T06:03:38.976744,2026-06-28T20:03:39.350271+00:00,92.3,50,ask,,,11487642
2026-06-29T06:03:39.358753,2026-06-28T20:03:39.735281+00:00,92.8,41,bid,,,11487652
2026-06-29T06:03:40.570465,2026-06-28T20:03:40.945291+00:00,92.6,1,ask,,,11487664
2026-06-29T06:03:40.570465,2026-06-28T20:03:40.945291+00:00,92.3,45,ask,,,11487665
2026-06-29T06:03:41.082518,2026-06-28T20:03:41.461797+00:00,92.6,2,ask,,,11487677
2026-06-29T06:03:41.082518,2026-06-28T20:03:41.461797+00:00,92.3,15,ask,,,11487678
2026-06-29T06:03:41.082518,2026-06-28T20:03:41.461797+00:00,92.3,33,ask,,,11487679
2026-06-29T06:03:43.191676,2026-06-28T20:03:43.562538+00:00,92.6,1,ask,,,11487716
2026-06-29T06:03:43.191676,2026-06-28T20:03:43.562538+00:00,92.3,49,ask,,,11487717
2026-06-29T06:03:44.721157,2026-06-28T20:03:45.100547+00:00,92.3,100,ask,,,11487751
2026-06-29T06:03:44.892161,2026-06-28T20:03:45.265539+00:00,92.3,25,bid,,,11487757
2026-06-29T06:03:45.102482,2026-06-28T20:03:45.474547+00:00,92.3,25,bid,,,11487761
2026-06-29T06:03:45.311678,2026-06-28T20:03:45.683538+00:00,92.1,1,ask,,,11487765
2026-06-29T06:03:45.311678,2026-06-28T20:03:45.683538+00:00,91.8,49,ask,,,11487766
2026-06-29T06:03:45.318318,2026-06-28T20:03:45.694538+00:00,92.3,25,bid,,,11487768
2026-06-29T06:03:45.528316,2026-06-28T20:03:45.903547+00:00,92.3,2,bid,,,11487775
2026-06-29T06:03:45.741980,2026-06-28T20:03:46.123567+00:00,92.3,2,bid,,,11487782
2026-06-29T06:03:45.951546,2026-06-28T20:03:46.321567+00:00,92.3,25,bid,,,11487784
2026-06-29T06:03:47.421369,2026-06-28T20:03:47.794681+00:00,91.8,50,ask,,,11487798
2026-06-29T06:03:47.964191,2026-06-28T20:03:48.333690+00:00,92.3,2,bid,,,11487810
2026-06-29T06:03:48.175143,2026-06-28T20:03:48.553195+00:00,92.4,1,bid,,,11487816
2026-06-29T06:03:48.384949,2026-06-28T20:03:48.762195+00:00,92.4,1,bid,,,11487820
2026-06-29T06:03:48.594139,2026-06-28T20:03:48.971204+00:00,92.4,1,bid,,,11487824
2026-06-29T06:03:49.559293,2026-06-28T20:03:49.939204+00:00,92.0,50,ask,,,11487851
2026-06-29T06:03:51.408745,2026-06-28T20:03:51.785916+00:00,92.5,48,bid,,,11487895
2026-06-29T06:03:51.665884,2026-06-28T20:03:52.038925+00:00,92.1,50,ask,,,11487901
2026-06-29T06:03:52.567333,2026-06-28T20:03:52.962464+00:00,92.5,41,bid,,,11487922
2026-06-29T06:03:52.620799,2026-06-28T20:03:53.028464+00:00,92.1,40,ask,,,11487927
2026-06-29T06:03:53.094136,2026-06-28T20:03:53.468464+00:00,92.5,47,bid,,,11487937
2026-06-29T06:03:53.771413,2026-06-28T20:03:54.149574+00:00,92.1,10,ask,,,11487948
2026-06-29T06:03:53.771413,2026-06-28T20:03:54.149574+00:00,92.0,40,ask,,,11487949
2026-06-29T06:03:54.226738,2026-06-28T20:03:54.600574+00:00,92.2,47,ask,,,11487961
2026-06-29T06:03:54.518441,2026-06-28T20:03:54.897455+00:00,92.2,100,ask,,,11487975
2026-06-29T06:03:57.345908,2026-06-28T20:03:57.723369+00:00,92.3,1,ask,,,11488024
2026-06-29T06:03:57.345908,2026-06-28T20:03:57.723369+00:00,91.9,1,ask,,,11488025
2026-06-29T06:03:57.370989,2026-06-28T20:03:57.745369+00:00,92.1,2,bid,,,11488026
2026-06-29T06:03:57.437819,2026-06-28T20:03:57.811369+00:00,92.1,2,bid,,,11488030
2026-06-29T06:03:57.570550,2026-06-28T20:03:57.943370+00:00,92.1,1,bid,,,11488036
2026-06-29T06:03:57.934300,2026-06-28T20:03:58.306488+00:00,92.1,50,bid,,,11488056
2026-06-29T06:03:58.012382,2026-06-28T20:03:58.383489+00:00,92.1,43,bid,,,11488057
2026-06-29T06:03:59.088932,2026-06-28T20:03:59.461488+00:00,92.1,44,bid,,,11488082
2026-06-29T06:03:59.232354,2026-06-28T20:03:59.615488+00:00,92.1,8,bid,,,11488088
2026-06-29T06:04:00.066344,2026-06-28T20:04:00.440378+00:00,92.4,50,bid,,,11488109
2026-06-29T06:04:00.480717,2026-06-28T20:04:00.858370+00:00,92.4,50,bid,,,11488118
2026-06-29T06:04:00.480717,2026-06-28T20:04:00.858370+00:00,92.5,1,bid,,,11488119
2026-06-29T06:04:02.174181,2026-06-28T20:04:02.552508+00:00,92.9,50,bid,,,11488153
2026-06-29T06:04:03.946214,2026-06-28T20:04:04.322210+00:00,92.6,3,bid,,,11488188
2026-06-29T06:04:06.442624,2026-06-28T20:04:06.818758+00:00,92.7,50,ask,,,11488242
2026-06-29T06:04:06.758156,2026-06-28T20:04:07.137770+00:00,92.7,43,ask,,,11488248
2026-06-29T06:04:08.551458,2026-06-28T20:04:08.929384+00:00,92.5,50,ask,,,11488291
2026-06-29T06:04:09.346357,2026-06-28T20:04:09.721393+00:00,92.5,48,ask,,,11488310
2026-06-29T06:04:10.657135,2026-06-28T20:04:11.029393+00:00,92.4,1,ask,,,11488340
2026-06-29T06:04:10.657135,2026-06-28T20:04:11.029393+00:00,92.4,49,ask,,,11488341
2026-06-29T06:04:10.945556,2026-06-28T20:04:11.315394+00:00,92.7,48,bid,,,11488344
2026-06-29T06:04:12.713751,2026-06-28T20:04:13.082297+00:00,92.7,50,bid,,,11488395
2026-06-29T06:04:12.869801,2026-06-28T20:04:13.247297+00:00,92.7,2,bid,,,11488399
2026-06-29T06:04:13.443553,2026-06-28T20:04:13.819416+00:00,92.8,1,bid,,,11488413
2026-06-29T06:04:16.342022,2026-06-28T20:04:16.720872+00:00,92.8,99,ask,,,11488465
2026-06-29T06:04:16.712547,2026-06-28T20:04:17.083872+00:00,92.6,1,ask,,,11488470
2026-06-29T06:04:16.712547,2026-06-28T20:04:17.083872+00:00,92.5,4,ask,,,11488471
2026-06-29T06:04:16.712547,2026-06-28T20:04:17.094872+00:00,92.3,37,ask,,,11488472
2026-06-29T06:04:16.977015,2026-06-28T20:04:17.347872+00:00,92.3,50,ask,,,11488476
2026-06-29T06:04:20.483122,2026-06-28T20:04:20.854633+00:00,92.4,46,ask,,,11488545
2026-06-29T06:04:21.137969,2026-06-28T20:04:21.514624+00:00,92.8,50,bid,,,11488551
2026-06-29T06:04:22.185941,2026-06-28T20:04:22.559743+00:00,92.8,44,bid,,,11488571
2026-06-29T06:04:23.294127,2026-06-28T20:04:23.670372+00:00,92.5,4,ask,,,11488596
2026-06-29T06:04:23.294127,2026-06-28T20:04:23.670372+00:00,92.5,46,ask,,,11488597
2026-06-29T06:04:24.346173,2026-06-28T20:04:24.725364+00:00,92.5,42,ask,,,11488617
2026-06-29T06:04:25.349731,2026-06-28T20:04:25.725882+00:00,92.6,50,bid,,,11488634
2026-06-29T06:04:27.459649,2026-06-28T20:04:27.836731+00:00,93.0,50,bid,,,11488675
2026-06-29T06:04:28.482740,2026-06-28T20:04:28.859750+00:00,93.0,40,bid,,,11488694
2026-06-29T06:04:29.565074,2026-06-28T20:04:29.937751+00:00,93.1,1,bid,,,11488714
2026-06-29T06:04:29.565074,2026-06-28T20:04:29.937751+00:00,93.1,49,bid,,,11488715
2026-06-29T06:04:31.672329,2026-06-28T20:04:32.048986+00:00,93.1,50,bid,,,11488749
2026-06-29T06:04:33.781742,2026-06-28T20:04:34.160260+00:00,93.3,50,bid,,,11488780
2026-06-29T06:04:34.718858,2026-06-28T20:04:35.095269+00:00,93.0,48,ask,,,11488800
2026-06-29T06:04:35.893565,2026-06-28T20:04:36.271356+00:00,93.2,50,bid,,,11488827
2026-06-29T06:04:36.845053,2026-06-28T20:04:37.217355+00:00,93.2,40,bid,,,11488836
2026-06-29T06:04:38.000681,2026-06-28T20:04:38.370838+00:00,93.2,50,bid,,,11488855
2026-06-29T06:04:38.441843,2026-06-28T20:04:38.810838+00:00,93.1,1,bid,,,11488857
2026-06-29T06:04:38.441843,2026-06-28T20:04:38.821838+00:00,93.4,100,bid,,,11488858
2026-06-29T06:04:38.441843,2026-06-28T20:04:38.821838+00:00,93.4,1,bid,,,11488859
2026-06-29T06:04:38.469318,2026-06-28T20:04:38.854837+00:00,93.4,1,ask,,,11488860
2026-06-29T06:04:38.602249,2026-06-28T20:04:38.975838+00:00,93.4,1,ask,,,11488866
2026-06-29T06:04:38.673161,2026-06-28T20:04:39.052837+00:00,93.4,1,ask,,,11488870
2026-06-29T06:04:38.999162,2026-06-28T20:04:39.371837+00:00,93.4,1,ask,,,11488873
2026-06-29T06:04:39.081128,2026-06-28T20:04:39.459838+00:00,93.4,1,ask,,,11488875
2026-06-29T06:04:39.214545,2026-06-28T20:04:39.591847+00:00,93.4,1,ask,,,11488879
2026-06-29T06:04:39.488032,2026-06-28T20:04:39.866847+00:00,93.4,1,ask,,,11488882
2026-06-29T06:04:39.677724,2026-06-28T20:04:40.053847+00:00,93.4,1,ask,,,11488885
2026-06-29T06:04:39.811061,2026-06-28T20:04:40.185847+00:00,93.4,1,ask,,,11488887
2026-06-29T06:04:39.928686,2026-06-28T20:04:40.306847+00:00,93.4,25,ask,,,11488893
2026-06-29T06:04:40.137806,2026-06-28T20:04:40.515374+00:00,93.4,14,ask,,,11488900
2026-06-29T06:04:40.137806,2026-06-28T20:04:40.515374+00:00,93.4,11,ask,,,11488901
2026-06-29T06:04:40.347178,2026-06-28T20:04:40.724374+00:00,93.4,25,ask,,,11488904
2026-06-29T06:04:40.557173,2026-06-28T20:04:40.933365+00:00,93.4,25,ask,,,11488909
2026-06-29T06:04:40.768286,2026-06-28T20:04:41.142373+00:00,93.4,25,ask,,,11488914
2026-06-29T06:04:40.981422,2026-06-28T20:04:41.351373+00:00,93.4,14,ask,,,11488918
2026-06-29T06:04:41.967421,2026-06-28T20:04:42.341364+00:00,93.0,48,ask,,,11488942
2026-06-29T06:04:42.277273,2026-06-28T20:04:42.649364+00:00,93.0,50,ask,,,11488945
2026-06-29T06:04:44.386877,2026-06-28T20:04:44.758461+00:00,93.0,2,ask,,,11488977
2026-06-29T06:04:44.386877,2026-06-28T20:04:44.758461+00:00,92.9,3,ask,,,11488978
2026-06-29T06:04:44.386877,2026-06-28T20:04:44.769462+00:00,92.9,1,ask,,,11488979
2026-06-29T06:04:44.386877,2026-06-28T20:04:44.769462+00:00,92.8,44,ask,,,11488980
2026-06-29T06:04:45.005285,2026-06-28T20:04:45.374352+00:00,92.9,25,bid,,,11488988
2026-06-29T06:04:45.214861,2026-06-28T20:04:45.594343+00:00,92.9,25,bid,,,11488996
2026-06-29T06:04:45.424459,2026-06-28T20:04:45.803352+00:00,92.9,25,bid,,,11489003
2026-06-29T06:04:45.633160,2026-06-28T20:04:46.012352+00:00,92.9,25,bid,,,11489005
2026-06-29T06:04:45.871074,2026-06-28T20:04:46.253950+00:00,92.9,25,bid,,,11489010
2026-06-29T06:04:50.645158,2026-06-28T20:04:51.016528+00:00,93.0,49,bid,,,11489104
2026-06-29T06:04:51.703483,2026-06-28T20:04:52.072528+00:00,92.9,43,ask,,,11489131
2026-06-29T06:04:52.760617,2026-06-28T20:04:53.138072+00:00,93.1,42,bid,,,11489148
2026-06-29T06:04:52.831398,2026-06-28T20:04:53.204072+00:00,92.9,50,ask,,,11489149
2026-06-29T06:04:54.938530,2026-06-28T20:04:55.316005+00:00,92.9,50,ask,,,11489199
2026-06-29T06:04:55.250089,2026-06-28T20:04:55.645523+00:00,92.9,40,ask,,,11489201
2026-06-29T06:04:57.504681,2026-06-28T20:04:57.875571+00:00,93.1,4,bid,,,11489243
2026-06-29T06:04:59.149075,2026-06-28T20:04:59.525571+00:00,92.9,1,ask,,,11489281
2026-06-29T06:04:59.149075,2026-06-28T20:04:59.525571+00:00,92.9,49,ask,,,11489282
2026-06-29T06:05:01.205766,2026-06-28T20:05:01.581591+00:00,93.2,50,bid,,,11489325
2026-06-29T06:05:03.322218,2026-06-28T20:05:03.692072+00:00,93.2,50,bid,,,11489362
2026-06-29T06:05:04.673107,2026-06-28T20:05:05.045142+00:00,93.2,43,bid,,,11489370
2026-06-29T06:05:05.477533,2026-06-28T20:05:05.851063+00:00,92.9,3,ask,,,11489393
2026-06-29T06:05:05.477533,2026-06-28T20:05:05.851063+00:00,92.9,47,ask,,,11489394
2026-06-29T06:05:07.588113,2026-06-28T20:05:07.959313+00:00,92.9,1,ask,,,11489434
2026-06-29T06:05:07.588113,2026-06-28T20:05:07.959313+00:00,92.8,49,ask,,,11489435
2026-06-29T06:05:08.015702,2026-06-28T20:05:08.399322+00:00,92.8,40,ask,,,11489441
2026-06-29T06:05:09.695054,2026-06-28T20:05:10.071322+00:00,92.8,11,ask,,,11489494
2026-06-29T06:05:09.695054,2026-06-28T20:05:10.071322+00:00,92.7,39,ask,,,11489495
2026-06-29T06:05:10.148491,2026-06-28T20:05:10.522322+00:00,93.2,1,bid,,,11489507
2026-06-29T06:05:11.801504,2026-06-28T20:05:12.170857+00:00,93.0,50,ask,,,11489539
2026-06-29T06:05:11.966262,2026-06-28T20:05:12.335856+00:00,93.2,1,bid,,,11489544
2026-06-29T06:05:13.378861,2026-06-28T20:05:13.754408+00:00,93.2,2,bid,,,11489565
2026-06-29T06:05:13.909500,2026-06-28T20:05:14.282403+00:00,92.9,4,ask,,,11489571
2026-06-29T06:05:13.909500,2026-06-28T20:05:14.282403+00:00,92.9,46,ask,,,11489572
2026-06-29T06:05:14.390832,2026-06-28T20:05:14.766408+00:00,93.2,1,bid,,,11489589
2026-06-29T06:05:18.069661,2026-06-28T20:05:18.438824+00:00,93.0,50,bid,,,11489665
2026-06-29T06:05:18.656590,2026-06-28T20:05:19.032784+00:00,93.0,47,bid,,,11489671
2026-06-29T06:05:19.588015,2026-06-28T20:05:19.966902+00:00,93.0,100,bid,,,11489684
2026-06-29T06:05:19.609689,2026-06-28T20:05:19.988785+00:00,93.3,1,bid,,,11489686
2026-06-29T06:05:20.175331,2026-06-28T20:05:20.548903+00:00,93.4,50,bid,,,11489702
2026-06-29T06:05:22.281306,2026-06-28T20:05:22.659806+00:00,93.4,50,bid,,,11489740
2026-06-29T06:05:22.736542,2026-06-28T20:05:23.109477+00:00,92.9,3,ask,,,11489749
2026-06-29T06:05:22.736542,2026-06-28T20:05:23.109477+00:00,92.9,41,ask,,,11489750
2026-06-29T06:05:23.269195,2026-06-28T20:05:23.648486+00:00,93.2,43,bid,,,11489758
2026-06-29T06:05:24.389496,2026-06-28T20:05:24.759486+00:00,93.2,50,bid,,,11489775
2026-06-29T06:05:25.538675,2026-06-28T20:05:25.914506+00:00,93.1,41,ask,,,11489792
2026-06-29T06:05:26.525555,2026-06-28T20:05:26.903605+00:00,93.4,40,bid,,,11489813
2026-06-29T06:05:28.609697,2026-06-28T20:05:28.981864+00:00,93.3,4,bid,,,11489864
2026-06-29T06:05:28.609697,2026-06-28T20:05:28.981864+00:00,93.4,46,bid,,,11489865
2026-06-29T06:05:30.720348,2026-06-28T20:05:31.093884+00:00,93.3,50,bid,,,11489923
2026-06-29T06:05:30.754277,2026-06-28T20:05:31.126884+00:00,93.3,45,bid,,,11489924
2026-06-29T06:05:32.251426,2026-06-28T20:05:32.622403+00:00,93.3,5,bid,,,11489956
2026-06-29T06:05:32.878942,2026-06-28T20:05:33.248094+00:00,93.3,50,ask,,,11489965
2026-06-29T06:05:34.985916,2026-06-28T20:05:35.359094+00:00,93.3,50,ask,,,11489981
2026-06-29T06:05:37.092743,2026-06-28T20:05:37.469873+00:00,93.5,50,ask,,,11490015
2026-06-29T06:05:38.414572,2026-06-28T20:05:38.788192+00:00,93.5,43,ask,,,11490041
2026-06-29T06:05:39.222940,2026-06-28T20:05:39.602183+00:00,93.4,3,ask,,,11490068
2026-06-29T06:05:39.222940,2026-06-28T20:05:39.602183+00:00,93.3,47,ask,,,11490069
2026-06-29T06:05:40.379434,2026-06-28T20:05:40.757183+00:00,93.3,43,ask,,,11490092
2026-06-29T06:05:42.536972,2026-06-28T20:05:42.912778+00:00,93.4,48,bid,,,11490134
2026-06-29T06:05:43.435309,2026-06-28T20:05:43.814778+00:00,93.1,50,ask,,,11490159
2026-06-29T06:05:44.535609,2026-06-28T20:05:44.914296+00:00,93.3,5,ask,,,11490171
2026-06-29T06:05:44.535609,2026-06-28T20:05:44.914296+00:00,93.1,43,ask,,,11490172
2026-06-29T06:05:45.062943,2026-06-28T20:05:45.442297+00:00,93.3,46,bid,,,11490184
2026-06-29T06:05:45.422333,2026-06-28T20:05:45.794297+00:00,93.3,3,bid,,,11490189
2026-06-29T06:05:45.541560,2026-06-28T20:05:45.915297+00:00,93.1,50,ask,,,11490192
2026-06-29T06:05:46.323104,2026-06-28T20:05:46.695845+00:00,93.3,3,bid,,,11490197
2026-06-29T06:05:46.538878,2026-06-28T20:05:46.915845+00:00,93.1,43,ask,,,11490204
2026-06-29T06:05:47.597416,2026-06-28T20:05:47.971088+00:00,93.3,50,bid,,,11490228
2026-06-29T06:05:48.446731,2026-06-28T20:05:48.818088+00:00,93.2,100,ask,,,11490240
2026-06-29T06:05:49.705237,2026-06-28T20:05:50.082607+00:00,93.5,7,bid,,,11490273
2026-06-29T06:05:49.705237,2026-06-28T20:05:50.082607+00:00,93.7,43,bid,,,11490274
2026-06-29T06:05:51.051696,2026-06-28T20:05:51.424599+00:00,93.7,40,bid,,,11490305
2026-06-29T06:05:51.293448,2026-06-28T20:05:51.666598+00:00,93.7,1,bid,,,11490316
2026-06-29T06:05:51.812619,2026-06-28T20:05:52.183607+00:00,93.8,50,bid,,,11490329
2026-06-29T06:05:52.252746,2026-06-28T20:05:52.623620+00:00,93.3,45,ask,,,11490340
2026-06-29T06:05:53.935049,2026-06-28T20:05:54.305880+00:00,93.6,4,bid,,,11490372
2026-06-29T06:05:53.935049,2026-06-28T20:05:54.316880+00:00,93.8,46,bid,,,11490373
2026-06-29T06:05:56.094318,2026-06-28T20:05:56.471992+00:00,93.3,50,ask,,,11490409
2026-06-29T06:05:58.150169,2026-06-28T20:05:58.528061+00:00,93.5,50,bid,,,11490452
2026-06-29T06:05:59.855005,2026-06-28T20:06:00.233061+00:00,93.3,3,ask,,,11490476
2026-06-29T06:06:00.312195,2026-06-28T20:06:00.684073+00:00,93.0,1,ask,,,11490492
2026-06-29T06:06:00.312195,2026-06-28T20:06:00.684073+00:00,93.0,49,ask,,,11490493
2026-06-29T06:06:01.496840,2026-06-28T20:06:01.872072+00:00,93.5,47,bid,,,11490524
2026-06-29T06:06:02.419136,2026-06-28T20:06:02.794535+00:00,93.0,50,ask,,,11490542
2026-06-29T06:06:04.476844,2026-06-28T20:06:04.851536+00:00,93.6,4,bid,,,11490582
2026-06-29T06:06:04.476844,2026-06-28T20:06:04.851536+00:00,93.6,46,bid,,,11490583
2026-06-29T06:06:05.038829,2026-06-28T20:06:05.411545+00:00,93.6,40,bid,,,11490594
2026-06-29T06:06:06.330045,2026-06-28T20:06:06.709101+00:00,93.5,3,bid,,,11490625
2026-06-29T06:06:06.584438,2026-06-28T20:06:06.962101+00:00,93.6,50,bid,,,11490628
2026-06-29T06:06:07.057364,2026-06-28T20:06:07.435101+00:00,93.6,100,bid,,,11490635
2026-06-29T06:06:07.291080,2026-06-28T20:06:07.666101+00:00,93.7,44,ask,,,11490639
2026-06-29T06:06:07.850769,2026-06-28T20:06:08.226363+00:00,93.7,6,ask,,,11490651
2026-06-29T06:06:08.690354,2026-06-28T20:06:09.061472+00:00,93.6,1,bid,,,11490665
2026-06-29T06:06:09.830179,2026-06-28T20:06:10.204881+00:00,93.5,47,ask,,,11490684
2026-06-29T06:06:10.269121,2026-06-28T20:06:10.644881+00:00,93.5,53,ask,,,11490695
2026-06-29T06:06:10.795457,2026-06-28T20:06:11.172881+00:00,93.5,50,bid,,,11490708
2026-06-29T06:06:10.844867,2026-06-28T20:06:11.216881+00:00,93.5,40,bid,,,11490709
2026-06-29T06:06:11.866878,2026-06-28T20:06:12.239991+00:00,93.5,7,bid,,,11490732
2026-06-29T06:06:12.902256,2026-06-28T20:06:13.272302+00:00,93.7,50,bid,,,11490745
2026-06-29T06:06:14.549271,2026-06-28T20:06:14.920306+00:00,93.4,25,ask,,,11490779
2026-06-29T06:06:14.759164,2026-06-28T20:06:15.139425+00:00,93.4,25,ask,,,11490787
2026-06-29T06:06:14.967345,2026-06-28T20:06:15.337425+00:00,93.4,25,ask,,,11490799
2026-06-29T06:06:15.009566,2026-06-28T20:06:15.381315+00:00,93.5,50,bid,,,11490801
2026-06-29T06:06:15.178451,2026-06-28T20:06:15.557315+00:00,93.4,25,ask,,,11490804
2026-06-29T06:06:15.389078,2026-06-28T20:06:15.766315+00:00,93.4,25,ask,,,11490806
2026-06-29T06:06:15.598249,2026-06-28T20:06:15.975306+00:00,93.4,25,ask,,,11490814
2026-06-29T06:06:16.205605,2026-06-28T20:06:16.579844+00:00,93.1,1,ask,,,11490821
2026-06-29T06:06:16.205605,2026-06-28T20:06:16.579844+00:00,93.0,44,ask,,,11490822
2026-06-29T06:06:16.614030,2026-06-28T20:06:16.986844+00:00,93.2,25,bid,,,11490834
2026-06-29T06:06:16.754553,2026-06-28T20:06:17.129844+00:00,93.2,48,bid,,,11490836
2026-06-29T06:06:16.827156,2026-06-28T20:06:17.206844+00:00,93.2,25,bid,,,11490839
2026-06-29T06:06:17.036859,2026-06-28T20:06:17.415844+00:00,93.2,25,bid,,,11490848
2026-06-29T06:06:17.117888,2026-06-28T20:06:17.492844+00:00,93.2,27,bid,,,11490849
2026-06-29T06:06:17.117888,2026-06-28T20:06:17.492844+00:00,93.4,23,bid,,,11490850
2026-06-29T06:06:17.329848,2026-06-28T20:06:17.701377+00:00,93.4,44,bid,,,11490856
2026-06-29T06:06:19.225440,2026-06-28T20:06:19.604176+00:00,93.4,33,bid,,,11490898
2026-06-29T06:06:19.225440,2026-06-28T20:06:19.604176+00:00,93.7,8,bid,,,11490899
2026-06-29T06:06:19.225440,2026-06-28T20:06:19.604176+00:00,93.9,1,bid,,,11490900
2026-06-29T06:06:21.116270,2026-06-28T20:06:21.496058+00:00,93.5,46,ask,,,11490934
2026-06-29T06:06:21.334439,2026-06-28T20:06:21.705058+00:00,93.6,11,bid,,,11490937
2026-06-29T06:06:21.334439,2026-06-28T20:06:21.716058+00:00,93.9,39,bid,,,11490938
2026-06-29T06:06:23.195129,2026-06-28T20:06:23.572285+00:00,93.6,44,ask,,,11490972
2026-06-29T06:06:23.445153,2026-06-28T20:06:23.825175+00:00,93.7,11,bid,,,11490976
2026-06-29T06:06:23.445153,2026-06-28T20:06:23.836175+00:00,93.8,39,bid,,,11490977
2026-06-29T06:06:24.274275,2026-06-28T20:06:24.650166+00:00,93.7,10,bid,,,11490986
2026-06-29T06:06:24.274275,2026-06-28T20:06:24.650166+00:00,93.8,38,bid,,,11490987
2026-06-29T06:06:25.258240,2026-06-28T20:06:25.640196+00:00,93.6,47,ask,,,11491001
2026-06-29T06:06:25.557048,2026-06-28T20:06:25.937195+00:00,93.8,50,bid,,,11491003
2026-06-29T06:06:26.029865,2026-06-28T20:06:26.409740+00:00,93.8,6,bid,,,11491014
2026-06-29T06:06:26.058949,2026-06-28T20:06:26.431740+00:00,93.9,25,ask,,,11491015
2026-06-29T06:06:26.269527,2026-06-28T20:06:26.640749+00:00,93.9,25,ask,,,11491028
2026-06-29T06:06:26.423860,2026-06-28T20:06:26.794749+00:00,93.9,94,ask,,,11491030
2026-06-29T06:06:26.862400,2026-06-28T20:06:27.234740+00:00,93.4,1,ask,,,11491041
2026-06-29T06:06:27.663133,2026-06-28T20:06:28.037870+00:00,93.8,6,bid,,,11491057
2026-06-29T06:06:27.663133,2026-06-28T20:06:28.037870+00:00,94.0,1,bid,,,11491058
2026-06-29T06:06:27.663133,2026-06-28T20:06:28.037870+00:00,94.4,43,bid,,,11491059
2026-06-29T06:06:29.262867,2026-06-28T20:06:29.632253+00:00,93.8,1,bid,,,11491093
2026-06-29T06:06:29.262867,2026-06-28T20:06:29.643253+00:00,93.9,43,bid,,,11491094
2026-06-29T06:06:29.771175,2026-06-28T20:06:30.149257+00:00,93.9,50,bid,,,11491108
2026-06-29T06:06:30.284881,2026-06-28T20:06:30.655257+00:00,93.5,1,ask,,,11491123
2026-06-29T06:06:30.284881,2026-06-28T20:06:30.666257+00:00,93.5,40,ask,,,11491124
2026-06-29T06:06:31.880553,2026-06-28T20:06:32.261257+00:00,93.9,50,bid,,,11491160
2026-06-29T06:06:32.235765,2026-06-28T20:06:32.613266+00:00,93.9,7,bid,,,11491171
2026-06-29T06:06:32.235765,2026-06-28T20:06:32.613266+00:00,93.9,7,bid,,,11491172
2026-06-29T06:06:32.489324,2026-06-28T20:06:32.864944+00:00,93.9,25,ask,,,11491176
2026-06-29T06:06:32.698309,2026-06-28T20:06:33.073945+00:00,93.9,25,ask,,,11491186
2026-06-29T06:06:32.748219,2026-06-28T20:06:33.117944+00:00,93.9,100,ask,,,11491190
2026-06-29T06:06:33.988624,2026-06-28T20:06:34.360062+00:00,93.9,3,bid,,,11491211
2026-06-29T06:06:33.988624,2026-06-28T20:06:34.360062+00:00,94.2,1,bid,,,11491212
2026-06-29T06:06:35.685883,2026-06-28T20:06:36.065083+00:00,93.6,42,bid,,,11491254
2026-06-29T06:06:35.856246,2026-06-28T20:06:36.229627+00:00,93.6,100,bid,,,11491260
2026-06-29T06:06:36.156828,2026-06-28T20:06:36.526636+00:00,93.5,1,ask,,,11491263
2026-06-29T06:06:36.156828,2026-06-28T20:06:36.537638+00:00,93.1,49,ask,,,11491264
2026-06-29T06:06:37.036136,2026-06-28T20:06:37.406265+00:00,93.2,1,ask,,,11491273
2026-06-29T06:06:37.036136,2026-06-28T20:06:37.417157+00:00,93.1,46,ask,,,11491274
2026-06-29T06:06:38.104453,2026-06-28T20:06:38.483384+00:00,93.6,8,bid,,,11491298
2026-06-29T06:06:38.265048,2026-06-28T20:06:38.637392+00:00,93.1,50,ask,,,11491300
2026-06-29T06:06:38.739923,2026-06-28T20:06:39.110393+00:00,93.9,1,bid,,,11491313
2026-06-29T06:06:38.739923,2026-06-28T20:06:39.121393+00:00,93.9,3,bid,,,11491314
2026-06-29T06:06:40.391914,2026-06-28T20:06:40.771393+00:00,93.5,50,ask,,,11491343
2026-06-29T06:06:42.497904,2026-06-28T20:06:42.871949+00:00,93.6,2,ask,,,11491393
2026-06-29T06:06:42.497904,2026-06-28T20:06:42.871949+00:00,93.6,48,ask,,,11491394
2026-06-29T06:06:45.935086,2026-06-28T20:06:46.313044+00:00,93.9,1,bid,,,11491476
2026-06-29T06:06:45.935086,2026-06-28T20:06:46.313044+00:00,93.9,24,bid,,,11491477
2026-06-29T06:06:46.145737,2026-06-28T20:06:46.522035+00:00,93.9,25,bid,,,11491491
2026-06-29T06:06:46.355031,2026-06-28T20:06:46.731043+00:00,93.9,25,bid,,,11491498
2026-06-29T06:06:46.563613,2026-06-28T20:06:46.940044+00:00,93.9,25,bid,,,11491506
2026-06-29T06:06:46.708983,2026-06-28T20:06:47.083035+00:00,93.5,50,ask,,,11491507
2026-06-29T06:06:46.772817,2026-06-28T20:06:47.149035+00:00,93.9,25,bid,,,11491509
2026-06-29T06:06:47.008436,2026-06-28T20:06:47.380035+00:00,93.9,25,bid,,,11491512
2026-06-29T06:06:47.218605,2026-06-28T20:06:47.589035+00:00,93.9,1,bid,,,11491523
2026-06-29T06:06:48.141901,2026-06-28T20:06:48.512302+00:00,94.0,100,bid,,,11491536
2026-06-29T06:06:48.141901,2026-06-28T20:06:48.523302+00:00,94.1,1,bid,,,11491537
2026-06-29T06:06:48.225186,2026-06-28T20:06:48.600302+00:00,94.3,25,ask,,,11491539
2026-06-29T06:06:48.448556,2026-06-28T20:06:48.819420+00:00,94.3,24,ask,,,11491547
2026-06-29T06:06:48.819061,2026-06-28T20:06:49.193421+00:00,93.9,50,ask,,,11491556
2026-06-29T06:06:52.726124,2026-06-28T20:06:53.095688+00:00,93.8,5,ask,,,11491640
2026-06-29T06:06:52.726124,2026-06-28T20:06:53.106688+00:00,93.6,42,ask,,,11491641
2026-06-29T06:06:53.029443,2026-06-28T20:06:53.403688+00:00,93.6,50,ask,,,11491649
2026-06-29T06:06:55.135487,2026-06-28T20:06:55.515809+00:00,93.5,50,ask,,,11491689
2026-06-29T06:06:55.874426,2026-06-28T20:06:56.252371+00:00,93.8,42,bid,,,11491692
2026-06-29T06:06:56.355557,2026-06-28T20:06:56.736362+00:00,93.5,47,ask,,,11491702
2026-06-29T06:06:57.243356,2026-06-28T20:06:57.615878+00:00,93.5,50,ask,,,11491722
2026-06-29T06:06:57.690183,2026-06-28T20:06:58.066111+00:00,93.4,1,ask,,,11491736
2026-06-29T06:06:57.690183,2026-06-28T20:06:58.066111+00:00,93.3,100,ask,,,11491737
2026-06-29T06:06:57.911314,2026-06-28T20:06:58.286111+00:00,93.3,25,bid,,,11491745
2026-06-29T06:06:57.937800,2026-06-28T20:06:58.319111+00:00,93.3,24,bid,,,11491753
2026-06-29T06:06:57.937800,2026-06-28T20:06:58.319111+00:00,93.8,18,bid,,,11491754
2026-06-29T06:06:58.124907,2026-06-28T20:06:58.506111+00:00,93.7,25,bid,,,11491762
2026-06-29T06:06:59.122099,2026-06-28T20:06:59.496221+00:00,93.7,5,bid,,,11491785
2026-06-29T06:06:59.297882,2026-06-28T20:06:59.672102+00:00,93.7,50,bid,,,11491793
2026-06-29T06:06:59.337580,2026-06-28T20:06:59.716101+00:00,93.7,20,bid,,,11491795
2026-06-29T06:07:01.601841,2026-06-28T20:07:01.981131+00:00,93.9,1,bid,,,11491849
2026-06-29T06:07:01.601841,2026-06-28T20:07:01.981131+00:00,94.0,39,bid,,,11491850
2026-06-29T06:07:01.657808,2026-06-28T20:07:02.036131+00:00,93.6,4,ask,,,11491851
2026-06-29T06:07:01.657808,2026-06-28T20:07:02.036131+00:00,93.5,38,ask,,,11491852
2026-06-29T06:07:03.352253,2026-06-28T20:07:03.739616+00:00,93.9,2,bid,,,11491867
2026-06-29T06:07:03.352253,2026-06-28T20:07:03.750616+00:00,94.0,47,bid,,,11491868
2026-06-29T06:07:03.407292,2026-06-28T20:07:03.805616+00:00,93.6,3,ask,,,11491871
2026-06-29T06:07:03.407292,2026-06-28T20:07:03.816615+00:00,93.5,46,ask,,,11491872
2026-06-29T06:07:03.559699,2026-06-28T20:07:03.937624+00:00,93.5,50,ask,,,11491876
2026-06-29T06:07:05.036142,2026-06-28T20:07:05.410683+00:00,93.7,47,bid,,,11491901
2026-06-29T06:07:05.615291,2026-06-28T20:07:05.993645+00:00,93.6,49,ask,,,11491914
2026-06-29T06:07:05.668947,2026-06-28T20:07:06.048644+00:00,93.6,50,ask,,,11491915
2026-06-29T06:07:06.813464,2026-06-28T20:07:07.192665+00:00,93.7,49,bid,,,11491936
2026-06-29T06:07:07.575870,2026-06-28T20:07:07.960680+00:00,93.7,100,ask,,,11491950
2026-06-29T06:07:07.858900,2026-06-28T20:07:08.235681+00:00,93.7,46,ask,,,11491956
2026-06-29T06:07:09.472065,2026-06-28T20:07:09.852672+00:00,94.0,1,bid,,,11491996
2026-06-29T06:07:09.472065,2026-06-28T20:07:09.852672+00:00,94.2,46,bid,,,11491997
2026-06-29T06:07:09.829962,2026-06-28T20:07:10.204680+00:00,94.2,50,bid,,,11492007
2026-06-29T06:07:11.936718,2026-06-28T20:07:12.325811+00:00,94.0,50,bid,,,11492041
2026-06-29T06:07:16.198090,2026-06-28T20:07:16.569546+00:00,93.6,4,ask,,,11492107
2026-06-29T06:07:16.198090,2026-06-28T20:07:16.580602+00:00,93.6,46,ask,,,11492108
2026-06-29T06:07:17.563365,2026-06-28T20:07:17.942461+00:00,93.6,4,ask,,,11492127
2026-06-29T06:07:17.563365,2026-06-28T20:07:17.942461+00:00,93.4,1,ask,,,11492128
2026-06-29T06:07:17.563365,2026-06-28T20:07:17.942461+00:00,93.3,39,ask,,,11492129
2026-06-29T06:07:18.308146,2026-06-28T20:07:18.679580+00:00,93.6,4,ask,,,11492138
2026-06-29T06:07:18.308146,2026-06-28T20:07:18.679580+00:00,93.3,46,ask,,,11492139
2026-06-29T06:07:18.608732,2026-06-28T20:07:18.987461+00:00,93.8,45,bid,,,11492145
2026-06-29T06:07:19.561997,2026-06-28T20:07:19.933482+00:00,93.6,3,ask,,,11492167
2026-06-29T06:07:19.561997,2026-06-28T20:07:19.944483+00:00,93.4,1,ask,,,11492168
2026-06-29T06:07:19.561997,2026-06-28T20:07:19.944483+00:00,93.3,39,ask,,,11492169
2026-06-29T06:07:20.187239,2026-06-28T20:07:20.560483+00:00,93.6,3,ask,,,11492185
2026-06-29T06:07:20.187239,2026-06-28T20:07:20.560483+00:00,93.4,42,ask,,,11492186
2026-06-29T06:07:20.365074,2026-06-28T20:07:20.736483+00:00,93.8,50,bid,,,11492190
2026-06-29T06:07:22.166131,2026-06-28T20:07:22.540474+00:00,93.8,45,bid,,,11492217
2026-06-29T06:07:22.471714,2026-06-28T20:07:22.848054+00:00,93.8,50,bid,,,11492228
2026-06-29T06:07:23.386582,2026-06-28T20:07:23.761054+00:00,93.8,100,ask,,,11492243
2026-06-29T06:07:23.889279,2026-06-28T20:07:24.266054+00:00,93.8,42,ask,,,11492248
2026-06-29T06:07:24.579610,2026-06-28T20:07:24.958455+00:00,93.9,1,bid,,,11492268
2026-06-29T06:07:24.579610,2026-06-28T20:07:24.958455+00:00,94.0,1,bid,,,11492269
2026-06-29T06:07:24.579610,2026-06-28T20:07:24.958455+00:00,94.3,48,bid,,,11492270
2026-06-29T06:07:26.691244,2026-06-28T20:07:27.070104+00:00,93.9,5,bid,,,11492300
2026-06-29T06:07:26.691244,2026-06-28T20:07:27.070104+00:00,93.9,45,bid,,,11492301
2026-06-29T06:07:27.205182,2026-06-28T20:07:27.575113+00:00,93.9,47,bid,,,11492310
2026-06-29T06:07:28.798971,2026-06-28T20:07:29.169857+00:00,93.9,50,bid,,,11492353
2026-06-29T06:07:29.268351,2026-06-28T20:07:29.642857+00:00,93.9,6,bid,,,11492362
2026-06-29T06:07:29.268351,2026-06-28T20:07:29.642857+00:00,94.1,100,bid,,,11492363
2026-06-29T06:07:29.268351,2026-06-28T20:07:29.642857+00:00,94.1,1,bid,,,11492364
2026-06-29T06:07:29.399503,2026-06-28T20:07:29.774866+00:00,94.1,25,ask,,,11492367
2026-06-29T06:07:29.609383,2026-06-28T20:07:29.983866+00:00,94.1,18,ask,,,11492374
2026-06-29T06:07:29.747911,2026-06-28T20:07:30.126376+00:00,94.0,6,ask,,,11492377
2026-06-29T06:07:30.029018,2026-06-28T20:07:30.401406+00:00,94.0,6,ask,,,11492382
2026-06-29T06:07:30.193614,2026-06-28T20:07:30.566427+00:00,94.0,5,ask,,,11492387
2026-06-29T06:07:30.620236,2026-06-28T20:07:30.995376+00:00,94.0,25,ask,,,11492397
2026-06-29T06:07:30.761009,2026-06-28T20:07:31.138376+00:00,94.0,4,ask,,,11492402
2026-06-29T06:07:30.763908,2026-06-28T20:07:31.138376+00:00,94.0,43,ask,,,11492404
2026-06-29T06:07:30.829906,2026-06-28T20:07:31.204375+00:00,94.0,11,ask,,,11492408
2026-06-29T06:07:30.906680,2026-06-28T20:07:31.281376+00:00,94.5,50,bid,,,11492410
2026-06-29T06:07:31.794624,2026-06-28T20:07:32.172376+00:00,94.0,4,bid,,,11492423
2026-06-29T06:07:31.794624,2026-06-28T20:07:32.172376+00:00,94.5,42,bid,,,11492424
2026-06-29T06:07:32.744823,2026-06-28T20:07:33.118498+00:00,93.9,43,bid,,,11492439
2026-06-29T06:07:32.815824,2026-06-28T20:07:33.195498+00:00,93.9,100,bid,,,11492442
2026-06-29T06:07:33.249992,2026-06-28T20:07:33.624498+00:00,93.9,7,bid,,,11492465
2026-06-29T06:07:33.958239,2026-06-28T20:07:34.338498+00:00,93.4,45,ask,,,11492470
2026-06-29T06:07:34.423640,2026-06-28T20:07:34.800617+00:00,93.8,1,ask,,,11492478
2026-06-29T06:07:35.181991,2026-06-28T20:07:35.558507+00:00,93.4,50,ask,,,11492507
2026-06-29T06:07:37.295674,2026-06-28T20:07:37.669176+00:00,93.7,50,ask,,,11492540
2026-06-29T06:07:37.653539,2026-06-28T20:07:38.031434+00:00,94.0,48,bid,,,11492548
2026-06-29T06:07:39.681209,2026-06-28T20:07:40.066454+00:00,93.9,2,bid,,,11492597
2026-06-29T06:07:40.216882,2026-06-28T20:07:40.593973+00:00,93.9,2,bid,,,11492601
2026-06-29T06:07:41.454803,2026-06-28T20:07:41.825972+00:00,93.9,50,bid,,,11492623
2026-06-29T06:07:42.271785,2026-06-28T20:07:42.650972+00:00,93.8,2,ask,,,11492643
2026-06-29T06:07:42.481634,2026-06-28T20:07:42.859627+00:00,93.7,25,ask,,,11492646
2026-06-29T06:07:42.696622,2026-06-28T20:07:43.068627+00:00,93.7,25,ask,,,11492650
2026-06-29T06:07:42.906540,2026-06-28T20:07:43.277617+00:00,93.7,25,ask,,,11492656
2026-06-29T06:07:43.133512,2026-06-28T20:07:43.508627+00:00,93.7,25,ask,,,11492666
2026-06-29T06:07:43.300106,2026-06-28T20:07:43.673627+00:00,93.7,49,ask,,,11492670
2026-06-29T06:07:43.343174,2026-06-28T20:07:43.717626+00:00,93.7,1,ask,,,11492671
2026-06-29T06:07:43.904326,2026-06-28T20:07:44.278618+00:00,93.3,42,ask,,,11492682
2026-06-29T06:07:45.169494,2026-06-28T20:07:45.542626+00:00,93.5,25,bid,,,11492705
2026-06-29T06:07:45.379987,2026-06-28T20:07:45.762627+00:00,93.5,25,bid,,,11492711
2026-06-29T06:07:45.591037,2026-06-28T20:07:45.960627+00:00,93.5,25,bid,,,11492722
2026-06-29T06:07:45.715123,2026-06-28T20:07:46.092191+00:00,93.3,1,ask,,,11492724
2026-06-29T06:07:45.715123,2026-06-28T20:07:46.092191+00:00,93.3,49,ask,,,11492725
2026-06-29T06:07:45.799972,2026-06-28T20:07:46.180190+00:00,93.5,25,bid,,,11492731
2026-06-29T06:07:46.009021,2026-06-28T20:07:46.389182+00:00,93.5,25,bid,,,11492741
2026-06-29T06:07:46.218291,2026-06-28T20:07:46.598191+00:00,93.5,25,bid,,,11492749
2026-06-29T06:07:46.270823,2026-06-28T20:07:46.642191+00:00,93.8,1,bid,,,11492752
2026-06-29T06:07:46.270823,2026-06-28T20:07:46.642191+00:00,93.8,41,bid,,,11492753
2026-06-29T06:07:47.824367,2026-06-28T20:07:48.203666+00:00,93.3,50,ask,,,11492782
2026-06-29T06:07:48.697139,2026-06-28T20:07:49.072666+00:00,93.4,100,ask,,,11492789
2026-06-29T06:07:49.932299,2026-06-28T20:07:50.304666+00:00,93.4,50,ask,,,11492813
2026-06-29T06:07:50.432637,2026-06-28T20:07:50.810666+00:00,93.4,1,ask,,,11492828
2026-06-29T06:07:51.643928,2026-06-28T20:07:52.020686+00:00,93.2,25,bid,,,11492847
2026-06-29T06:07:51.807991,2026-06-28T20:07:52.185686+00:00,93.2,100,bid,,,11492849
2026-06-29T06:07:52.038630,2026-06-28T20:07:52.416677+00:00,92.7,50,ask,,,11492852
2026-06-29T06:07:53.055397,2026-06-28T20:07:53.427761+00:00,93.2,25,bid,,,11492873
2026-06-29T06:07:53.055397,2026-06-28T20:07:53.427761+00:00,93.4,1,bid,,,11492874
2026-06-29T06:07:53.055397,2026-06-28T20:07:53.427761+00:00,93.7,23,bid,,,11492875
2026-06-29T06:07:54.144763,2026-06-28T20:07:54.516761+00:00,92.8,1,ask,,,11492896
2026-06-29T06:07:54.144763,2026-06-28T20:07:54.516761+00:00,92.7,49,ask,,,11492897
2026-06-29T06:07:55.510081,2026-06-28T20:07:55.879761+00:00,92.8,48,ask,,,11492922
2026-06-29T06:07:56.673210,2026-06-28T20:07:57.045357+00:00,93.3,43,bid,,,11492954
2026-06-29T06:07:58.304449,2026-06-28T20:07:58.683900+00:00,93.1,50,bid,,,11492987
2026-06-29T06:07:59.429671,2026-06-28T20:07:59.806031+00:00,92.9,40,ask,,,11493013
2026-06-29T06:08:00.463009,2026-06-28T20:08:00.840030+00:00,92.9,50,ask,,,11493033
2026-06-29T06:08:00.909796,2026-06-28T20:08:01.280040+00:00,92.9,10,ask,,,11493041
2026-06-29T06:08:00.909796,2026-06-28T20:08:01.291040+00:00,92.8,1,ask,,,11493042
2026-06-29T06:08:00.909796,2026-06-28T20:08:01.291040+00:00,92.8,36,ask,,,11493043
2026-06-29T06:08:02.569479,2026-06-28T20:08:02.939376+00:00,92.8,50,ask,,,11493070
2026-06-29T06:08:07.591847,2026-06-28T20:08:07.964072+00:00,92.9,1,bid,,,11493168
2026-06-29T06:08:07.591847,2026-06-28T20:08:07.964072+00:00,92.9,45,bid,,,11493169
2026-06-29T06:08:08.686171,2026-06-28T20:08:09.061591+00:00,92.9,2,bid,,,11493183
2026-06-29T06:08:08.895337,2026-06-28T20:08:09.270590+00:00,92.4,50,ask,,,11493189
2026-06-29T06:08:10.095639,2026-06-28T20:08:10.469481+00:00,92.9,40,bid,,,11493210
2026-06-29T06:08:11.001202,2026-06-28T20:08:11.371481+00:00,92.5,50,ask,,,11493221
2026-06-29T06:08:12.460141,2026-06-28T20:08:12.833753+00:00,92.8,49,bid,,,11493251
2026-06-29T06:08:13.107770,2026-06-28T20:08:13.482762+00:00,92.5,50,ask,,,11493266
2026-06-29T06:08:14.137148,2026-06-28T20:08:14.516281+00:00,92.4,45,ask,,,11493286
2026-06-29T06:08:15.215774,2026-06-28T20:08:15.593390+00:00,92.4,50,ask,,,11493307
2026-06-29T06:08:15.647641,2026-06-28T20:08:16.022271+00:00,92.4,5,ask,,,11493312
2026-06-29T06:08:17.321731,2026-06-28T20:08:17.693055+00:00,92.4,50,ask,,,11493344
2026-06-29T06:08:19.066736,2026-06-28T20:08:19.451381+00:00,92.4,48,ask,,,11493361
2026-06-29T06:08:19.428949,2026-06-28T20:08:19.802381+00:00,92.4,50,ask,,,11493365
2026-06-29T06:08:19.941694,2026-06-28T20:08:20.319271+00:00,92.4,100,ask,,,11493374
2026-06-29T06:08:21.484964,2026-06-28T20:08:21.859276+00:00,92.2,50,bid,,,11493406
2026-06-29T06:08:21.879417,2026-06-28T20:08:22.255276+00:00,92.5,5,bid,,,11493417
2026-06-29T06:08:22.234888,2026-06-28T20:08:22.607284+00:00,92.5,4,bid,,,11493420
2026-06-29T06:08:22.278927,2026-06-28T20:08:22.651284+00:00,92.5,4,bid,,,11493421
2026-06-29T06:08:22.408632,2026-06-28T20:08:22.782211+00:00,92.5,4,bid,,,11493422
2026-06-29T06:08:22.473887,2026-06-28T20:08:22.848211+00:00,92.5,4,bid,,,11493424
2026-06-29T06:08:22.581144,2026-06-28T20:08:22.958202+00:00,92.5,4,bid,,,11493425
2026-06-29T06:08:22.715955,2026-06-28T20:08:23.090202+00:00,92.5,4,bid,,,11493429
2026-06-29T06:08:22.892315,2026-06-28T20:08:23.265211+00:00,92.5,3,bid,,,11493436
2026-06-29T06:08:23.591728,2026-06-28T20:08:23.968735+00:00,92.7,50,bid,,,11493449
2026-06-29T06:08:25.697240,2026-06-28T20:08:26.068636+00:00,92.7,50,bid,,,11493490
2026-06-29T06:08:26.225840,2026-06-28T20:08:26.596219+00:00,92.8,1,bid,,,11493498
2026-06-29T06:08:26.225840,2026-06-28T20:08:26.607219+00:00,92.8,100,bid,,,11493499
2026-06-29T06:08:26.278509,2026-06-28T20:08:26.651220+00:00,92.8,1,ask,,,11493500
2026-06-29T06:08:26.302500,2026-06-28T20:08:26.673220+00:00,92.8,1,ask,,,11493501
2026-06-29T06:08:26.337239,2026-06-28T20:08:26.717219+00:00,93.0,1,bid,,,11493504
2026-06-29T06:08:26.337348,2026-06-28T20:08:26.717219+00:00,92.8,1,ask,,,11493505
2026-06-29T06:08:26.387599,2026-06-28T20:08:26.761219+00:00,92.8,1,ask,,,11493509
2026-06-29T06:08:26.457563,2026-06-28T20:08:26.838219+00:00,92.8,1,ask,,,11493511
2026-06-29T06:08:26.504664,2026-06-28T20:08:26.882219+00:00,92.8,1,ask,,,11493513
2026-06-29T06:08:26.571017,2026-06-28T20:08:26.948210+00:00,92.8,1,ask,,,11493515
2026-06-29T06:08:27.854912,2026-06-28T20:08:28.233443+00:00,92.8,42,ask,,,11493550
2026-06-29T06:08:27.854912,2026-06-28T20:08:28.233443+00:00,92.5,8,ask,,,11493551
2026-06-29T06:08:29.444780,2026-06-28T20:08:29.817452+00:00,92.5,92,ask,,,11493574
2026-06-29T06:08:29.975911,2026-06-28T20:08:30.355518+00:00,92.4,3,ask,,,11493583
2026-06-29T06:08:30.073925,2026-06-28T20:08:30.454452+00:00,92.5,5,bid,,,11493586
2026-06-29T06:08:30.125615,2026-06-28T20:08:30.498562+00:00,92.5,5,bid,,,11493587
2026-06-29T06:08:30.820353,2026-06-28T20:08:31.190976+00:00,92.5,5,bid,,,11493591
2026-06-29T06:08:31.819649,2026-06-28T20:08:32.191976+00:00,92.5,43,bid,,,11493605
2026-06-29T06:08:31.819649,2026-06-28T20:08:32.191976+00:00,92.5,1,bid,,,11493606
2026-06-29T06:08:32.084098,2026-06-28T20:08:32.455985+00:00,92.4,5,ask,,,11493616
2026-06-29T06:08:32.415402,2026-06-28T20:08:32.796256+00:00,92.5,44,bid,,,11493625
2026-06-29T06:08:32.556014,2026-06-28T20:08:32.928256+00:00,92.5,55,bid,,,11493626
2026-06-29T06:08:34.220987,2026-06-28T20:08:34.599365+00:00,92.5,50,ask,,,11493652
2026-06-29T06:08:36.276485,2026-06-28T20:08:36.654435+00:00,92.6,50,bid,,,11493685
2026-06-29T06:08:38.388100,2026-06-28T20:08:38.765277+00:00,92.6,50,bid,,,11493714
2026-06-29T06:08:39.383198,2026-06-28T20:08:39.755277+00:00,92.4,1,bid,,,11493724
2026-06-29T06:08:41.076372,2026-06-28T20:08:41.449289+00:00,92.2,42,ask,,,11493757
2026-06-29T06:08:42.597959,2026-06-28T20:08:42.977999+00:00,92.7,50,bid,,,11493789
2026-06-29T06:08:43.999417,2026-06-28T20:08:44.374990+00:00,92.7,48,bid,,,11493817
2026-06-29T06:08:44.062430,2026-06-28T20:08:44.440990+00:00,92.3,42,ask,,,11493818
2026-06-29T06:08:44.707991,2026-06-28T20:08:45.089999+00:00,92.7,2,bid,,,11493830
2026-06-29T06:08:44.707991,2026-06-28T20:08:45.089999+00:00,92.8,48,bid,,,11493831
2026-06-29T06:08:46.819806,2026-06-28T20:08:47.200584+00:00,92.7,4,bid,,,11493864
2026-06-29T06:08:46.819806,2026-06-28T20:08:47.200584+00:00,92.8,46,bid,,,11493865
2026-06-29T06:08:48.933067,2026-06-28T20:08:49.311701+00:00,92.9,50,bid,,,11493899
2026-06-29T06:08:51.039023,2026-06-28T20:08:51.412701+00:00,92.7,5,bid,,,11493937
2026-06-29T06:08:51.039023,2026-06-28T20:08:51.412701+00:00,92.9,45,bid,,,11493938
2026-06-29T06:08:51.529598,2026-06-28T20:08:51.907709+00:00,92.9,100,bid,,,11493951
2026-06-29T06:08:53.543120,2026-06-28T20:08:53.920383+00:00,93.0,5,ask,,,11494001
2026-06-29T06:08:54.193380,2026-06-28T20:08:54.569374+00:00,93.0,5,ask,,,11494011
2026-06-29T06:08:54.534109,2026-06-28T20:08:54.909492+00:00,93.0,5,ask,,,11494016
2026-06-29T06:08:55.171468,2026-06-28T20:08:55.547387+00:00,92.9,41,ask,,,11494026
2026-06-29T06:08:55.254997,2026-06-28T20:08:55.635388+00:00,93.0,50,bid,,,11494029
2026-06-29T06:08:57.108397,2026-06-28T20:08:57.481408+00:00,92.9,48,ask,,,11494063
2026-06-29T06:08:57.361279,2026-06-28T20:08:57.733199+00:00,93.0,50,bid,,,11494066
2026-06-29T06:08:59.468765,2026-06-28T20:08:59.856318+00:00,92.9,50,bid,,,11494111
2026-06-29T06:09:01.577239,2026-06-28T20:09:01.957221+00:00,92.9,50,bid,,,11494156
2026-06-29T06:09:03.682615,2026-06-28T20:09:04.055497+00:00,92.9,50,bid,,,11494201
2026-06-29T06:09:03.846345,2026-06-28T20:09:04.220496+00:00,93.0,3,bid,,,11494207
2026-06-29T06:09:03.846345,2026-06-28T20:09:04.231497+00:00,93.1,46,bid,,,11494208
2026-06-29T06:09:05.010020,2026-06-28T20:09:05.407921+00:00,92.8,46,ask,,,11494232
2026-06-29T06:09:07.892781,2026-06-28T20:09:08.266690+00:00,93.1,50,bid,,,11494307
2026-06-29T06:09:09.328232,2026-06-28T20:09:09.707719+00:00,93.1,49,bid,,,11494339
2026-06-29T06:09:09.998971,2026-06-28T20:09:10.378718+00:00,93.1,50,bid,,,11494350
2026-06-29T06:09:10.506542,2026-06-28T20:09:10.884719+00:00,93.1,3,bid,,,11494360
2026-06-29T06:09:10.608305,2026-06-28T20:09:10.983718+00:00,93.2,4,ask,,,11494364
2026-06-29T06:09:10.622151,2026-06-28T20:09:10.994719+00:00,93.2,25,ask,,,11494365
2026-06-29T06:09:10.831084,2026-06-28T20:09:11.203719+00:00,93.2,25,ask,,,11494371
2026-06-29T06:09:10.960617,2026-06-28T20:09:11.335719+00:00,93.2,93,ask,,,11494373
2026-06-29T06:09:12.106052,2026-06-28T20:09:12.479718+00:00,93.2,7,bid,,,11494402
2026-06-29T06:09:12.106052,2026-06-28T20:09:12.479718+00:00,93.2,4,bid,,,11494403
2026-06-29T06:09:12.106052,2026-06-28T20:09:12.490718+00:00,93.7,39,bid,,,11494404
2026-06-29T06:09:14.217859,2026-06-28T20:09:14.591091+00:00,93.2,4,bid,,,11494442
2026-06-29T06:09:14.217859,2026-06-28T20:09:14.591091+00:00,93.3,46,bid,,,11494443
2026-06-29T06:09:14.245430,2026-06-28T20:09:14.624091+00:00,93.0,25,ask,,,11494444
2026-06-29T06:09:14.454599,2026-06-28T20:09:14.832624+00:00,93.0,25,ask,,,11494446
2026-06-29T06:09:14.664359,2026-06-28T20:09:15.041624+00:00,93.0,25,ask,,,11494450
2026-06-29T06:09:14.872767,2026-06-28T20:09:15.250624+00:00,93.0,25,ask,,,11494456
2026-06-29T06:09:16.324988,2026-06-28T20:09:16.702185+00:00,93.3,50,bid,,,11494492
2026-06-29T06:09:16.886497,2026-06-28T20:09:17.263185+00:00,93.1,25,ask,,,11494505
2026-06-29T06:09:17.096292,2026-06-28T20:09:17.472185+00:00,93.1,25,ask,,,11494507
2026-06-29T06:09:17.291867,2026-06-28T20:09:17.670185+00:00,93.1,100,ask,,,11494510
2026-06-29T06:09:18.431690,2026-06-28T20:09:18.801854+00:00,93.3,2,bid,,,11494525
2026-06-29T06:09:18.431690,2026-06-28T20:09:18.812862+00:00,93.6,48,bid,,,11494526
2026-06-29T06:09:19.497447,2026-06-28T20:09:19.868862+00:00,93.0,3,ask,,,11494546
2026-06-29T06:09:19.497447,2026-06-28T20:09:19.879862+00:00,92.7,1,ask,,,11494547
2026-06-29T06:09:19.497447,2026-06-28T20:09:19.879862+00:00,92.6,37,ask,,,11494548
2026-06-29T06:09:20.573685,2026-06-28T20:09:20.946632+00:00,93.0,49,bid,,,11494565
2026-06-29T06:09:20.593272,2026-06-28T20:09:20.968632+00:00,92.7,50,ask,,,11494566
2026-06-29T06:09:20.629380,2026-06-28T20:09:21.001633+00:00,92.7,40,ask,,,11494571
2026-06-29T06:09:22.698491,2026-06-28T20:09:23.079759+00:00,92.7,10,ask,,,11494607
2026-06-29T06:09:22.698491,2026-06-28T20:09:23.079759+00:00,92.5,40,ask,,,11494608
2026-06-29T06:09:23.195279,2026-06-28T20:09:23.574751+00:00,92.5,44,ask,,,11494616
2026-06-29T06:09:24.811289,2026-06-28T20:09:25.191760+00:00,92.5,50,ask,,,11494662
2026-06-29T06:09:25.768439,2026-06-28T20:09:26.148289+00:00,92.9,48,bid,,,11494675
2026-06-29T06:09:26.296077,2026-06-28T20:09:26.676298+00:00,92.9,40,bid,,,11494687
2026-06-29T06:09:26.725033,2026-06-28T20:09:27.105298+00:00,92.7,100,bid,,,11494697
2026-06-29T06:09:26.918655,2026-06-28T20:09:27.292298+00:00,92.3,1,ask,,,11494704
2026-06-29T06:09:26.918655,2026-06-28T20:09:27.292298+00:00,92.2,49,ask,,,11494705
2026-06-29T06:09:27.247196,2026-06-28T20:09:27.622298+00:00,92.2,46,ask,,,11494713
2026-06-29T06:09:29.025452,2026-06-28T20:09:29.402565+00:00,92.2,50,ask,,,11494736
2026-06-29T06:09:31.133487,2026-06-28T20:09:31.514557+00:00,92.5,50,ask,,,11494764
2026-06-29T06:09:33.239122,2026-06-28T20:09:33.614258+00:00,92.3,50,ask,,,11494785
2026-06-29T06:09:34.195732,2026-06-28T20:09:34.571249+00:00,92.6,41,bid,,,11494803
2026-06-29T06:09:34.839519,2026-06-28T20:09:35.220258+00:00,92.6,42,bid,,,11494813
2026-06-29T06:09:35.360760,2026-06-28T20:09:35.737258+00:00,92.3,50,ask,,,11494825
2026-06-29T06:09:36.399015,2026-06-28T20:09:36.770843+00:00,92.5,48,ask,,,11494843
2026-06-29T06:09:36.545402,2026-06-28T20:09:36.924843+00:00,92.6,25,bid,,,11494850
2026-06-29T06:09:36.756853,2026-06-28T20:09:37.133843+00:00,92.6,25,bid,,,11494857
2026-06-29T06:09:36.970600,2026-06-28T20:09:37.342843+00:00,92.6,25,bid,,,11494864
2026-06-29T06:09:37.178875,2026-06-28T20:09:37.551843+00:00,92.6,25,bid,,,11494877
2026-06-29T06:09:37.469429,2026-06-28T20:09:37.847932+00:00,92.5,50,ask,,,11494882
2026-06-29T06:09:39.058718,2026-06-28T20:09:39.431953+00:00,92.7,49,bid,,,11494901
2026-06-29T06:09:39.602864,2026-06-28T20:09:39.981952+00:00,92.4,50,ask,,,11494913
2026-06-29T06:09:41.022540,2026-06-28T20:09:41.400486+00:00,92.4,47,ask,,,11494926
2026-06-29T06:09:41.512578,2026-06-28T20:09:41.884486+00:00,92.7,42,bid,,,11494937
2026-06-29T06:09:41.658173,2026-06-28T20:09:42.038487+00:00,92.7,50,bid,,,11494942
2026-06-29T06:09:42.618329,2026-06-28T20:09:42.995589+00:00,92.7,100,ask,,,11494955
2026-06-29T06:09:43.769213,2026-06-28T20:09:44.150252+00:00,92.8,2,bid,,,11494970
2026-06-29T06:09:43.769213,2026-06-28T20:09:44.150252+00:00,93.2,1,bid,,,11494971
2026-06-29T06:09:43.769213,2026-06-28T20:09:44.150252+00:00,93.2,47,bid,,,11494972
2026-06-29T06:09:45.197115,2026-06-28T20:09:45.569253+00:00,92.7,25,ask,,,11494998
2026-06-29T06:09:45.928913,2026-06-28T20:09:46.305807+00:00,92.5,1,ask,,,11495015
2026-06-29T06:09:48.764407,2026-06-28T20:09:49.143065+00:00,92.5,1,ask,,,11495073
2026-06-29T06:09:48.764407,2026-06-28T20:09:49.143065+00:00,92.2,41,ask,,,11495074
2026-06-29T06:09:48.940919,2026-06-28T20:09:49.318599+00:00,92.5,2,ask,,,11495076
2026-06-29T06:09:49.121006,2026-06-28T20:09:49.494599+00:00,92.5,1,bid,,,11495077
2026-06-29T06:09:49.220582,2026-06-28T20:09:49.593598+00:00,92.5,1,bid,,,11495080
2026-06-29T06:09:49.251606,2026-06-28T20:09:49.626598+00:00,92.5,1,bid,,,11495083
2026-06-29T06:09:49.301365,2026-06-28T20:09:49.681598+00:00,92.5,1,bid,,,11495084
2026-06-29T06:09:50.141637,2026-06-28T20:09:50.517599+00:00,92.1,1,ask,,,11495098
2026-06-29T06:09:50.141637,2026-06-28T20:09:50.517599+00:00,92.1,49,ask,,,11495099
2026-06-29T06:09:50.304709,2026-06-28T20:09:50.682598+00:00,92.5,1,bid,,,11495100
2026-06-29T06:09:50.440872,2026-06-28T20:09:50.825599+00:00,92.5,1,bid,,,11495101
2026-06-29T06:09:51.142665,2026-06-28T20:09:51.518599+00:00,92.5,1,bid,,,11495106
2026-06-29T06:09:51.677483,2026-06-28T20:09:52.057599+00:00,92.4,1,ask,,,11495118
2026-06-29T06:09:52.265756,2026-06-28T20:09:52.651619+00:00,92.1,50,ask,,,11495125
2026-06-29T06:09:52.704086,2026-06-28T20:09:53.080176+00:00,92.4,1,bid,,,11495133
2026-06-29T06:09:52.909935,2026-06-28T20:09:53.289176+00:00,92.4,47,bid,,,11495137
2026-06-29T06:09:53.011802,2026-06-28T20:09:53.388176+00:00,92.4,1,bid,,,11495138
2026-06-29T06:09:53.248842,2026-06-28T20:09:53.619168+00:00,92.4,1,bid,,,11495143
2026-06-29T06:09:53.282895,2026-06-28T20:09:53.663176+00:00,92.4,1,bid,,,11495144
2026-06-29T06:09:53.363065,2026-06-28T20:09:53.740176+00:00,92.4,1,bid,,,11495147
2026-06-29T06:09:54.373274,2026-06-28T20:09:54.752176+00:00,92.1,50,ask,,,11495174
2026-06-29T06:09:55.429013,2026-06-28T20:09:55.808197+00:00,92.4,25,bid,,,11495189
2026-06-29T06:09:55.639058,2026-06-28T20:09:56.017197+00:00,92.4,25,bid,,,11495195
2026-06-29T06:09:55.852253,2026-06-28T20:09:56.225774+00:00,92.4,25,bid,,,11495209
2026-06-29T06:09:56.059934,2026-06-28T20:09:56.434774+00:00,92.4,25,bid,,,11495220
2026-06-29T06:09:56.488998,2026-06-28T20:09:56.863774+00:00,92.3,2,ask,,,11495222
2026-06-29T06:09:56.488998,2026-06-28T20:09:56.874774+00:00,92.2,48,ask,,,11495223
2026-06-29T06:09:57.795468,2026-06-28T20:09:58.181832+00:00,92.2,45,ask,,,11495254
2026-06-29T06:09:58.070015,2026-06-28T20:09:58.445823+00:00,92.4,25,bid,,,11495264
2026-06-29T06:09:58.595473,2026-06-28T20:09:58.973823+00:00,92.3,50,ask,,,11495271
2026-06-29T06:09:58.709845,2026-06-28T20:09:59.083832+00:00,92.4,41,bid,,,11495274
2026-06-29T06:10:00.710629,2026-06-28T20:10:01.085852+00:00,92.3,50,ask,,,11495309
2026-06-29T06:10:00.748437,2026-06-28T20:10:01.129853+00:00,92.3,4,ask,,,11495311
2026-06-29T06:10:00.748437,2026-06-28T20:10:01.129853+00:00,92.0,1,ask,,,11495312
2026-06-29T06:10:00.748437,2026-06-28T20:10:01.129853+00:00,91.9,40,ask,,,11495313
2026-06-29T06:10:01.785429,2026-06-28T20:10:02.163852+00:00,92.6,1,bid,,,11495332
2026-06-29T06:10:01.785429,2026-06-28T20:10:02.163852+00:00,92.6,48,bid,,,11495333
2026-06-29T06:10:03.946658,2026-06-28T20:10:04.318664+00:00,92.3,4,ask,,,11495376
2026-06-29T06:10:03.946658,2026-06-28T20:10:04.329655+00:00,92.2,45,ask,,,11495377
2026-06-29T06:10:04.572800,2026-06-28T20:10:04.945664+00:00,92.6,43,bid,,,11495392
2026-06-29T06:10:04.887816,2026-06-28T20:10:05.264664+00:00,92.5,50,bid,,,11495395
2026-06-29T06:10:06.749722,2026-06-28T20:10:07.123227+00:00,92.3,41,ask,,,11495424
2026-06-29T06:10:06.998976,2026-06-28T20:10:07.376227+00:00,92.5,50,bid,,,11495430
2026-06-29T06:10:07.365062,2026-06-28T20:10:07.738654+00:00,92.8,47,bid,,,11495438
2026-06-29T06:10:08.001671,2026-06-28T20:10:08.376655+00:00,92.3,41,ask,,,11495446
2026-06-29T06:10:08.941564,2026-06-28T20:10:09.322655+00:00,92.3,45,ask,,,11495457
2026-06-29T06:10:09.106606,2026-06-28T20:10:09.487645+00:00,92.8,50,bid,,,11495461
2026-06-29T06:10:09.983403,2026-06-28T20:10:10.356655+00:00,92.8,41,bid,,,11495476
2026-06-29T06:10:11.212605,2026-06-28T20:10:11.588675+00:00,92.9,50,bid,,,11495493
2026-06-29T06:10:13.086065,2026-06-28T20:10:13.457925+00:00,92.5,43,ask,,,11495522
2026-06-29T06:10:13.369001,2026-06-28T20:10:13.743945+00:00,92.5,50,ask,,,11495529
2026-06-29T06:10:14.208146,2026-06-28T20:10:14.579946+00:00,92.6,100,bid,,,11495548
2026-06-29T06:10:15.221648,2026-06-28T20:10:15.602946+00:00,92.6,42,bid,,,11495567
2026-06-29T06:10:15.475769,2026-06-28T20:10:15.855479+00:00,92.1,50,ask,,,11495572
2026-06-29T06:10:15.789116,2026-06-28T20:10:16.163048+00:00,92.6,8,bid,,,11495581
2026-06-29T06:10:15.789116,2026-06-28T20:10:16.163048+00:00,92.8,1,bid,,,11495582
2026-06-29T06:10:17.532015,2026-06-28T20:10:17.911063+00:00,92.7,50,bid,,,11495623
2026-06-29T06:10:17.774583,2026-06-28T20:10:18.153063+00:00,92.7,42,bid,,,11495627
2026-06-29T06:10:18.810612,2026-06-28T20:10:19.186505+00:00,92.6,3,ask,,,11495640
2026-06-29T06:10:18.810612,2026-06-28T20:10:19.186505+00:00,92.5,46,ask,,,11495641
2026-06-29T06:10:19.642710,2026-06-28T20:10:20.022506+00:00,92.7,8,bid,,,11495669
2026-06-29T06:10:19.642710,2026-06-28T20:10:20.022506+00:00,93.0,42,bid,,,11495670
2026-06-29T06:10:19.699136,2026-06-28T20:10:20.077506+00:00,92.5,43,ask,,,11495671
2026-06-29T06:10:20.732260,2026-06-28T20:10:21.111526+00:00,92.6,47,bid,,,11495687
2026-06-29T06:10:21.749788,2026-06-28T20:10:22.123526+00:00,92.6,50,bid,,,11495711
2026-06-29T06:10:23.859040,2026-06-28T20:10:24.235657+00:00,92.9,2,bid,,,11495748
2026-06-29T06:10:23.859040,2026-06-28T20:10:24.235657+00:00,93.0,48,bid,,,11495749
2026-06-29T06:10:25.968678,2026-06-28T20:10:26.347677+00:00,92.9,2,bid,,,11495784
2026-06-29T06:10:25.968678,2026-06-28T20:10:26.347677+00:00,93.0,48,bid,,,11495785
2026-06-29T06:10:26.933064,2026-06-28T20:10:27.315697+00:00,92.9,4,ask,,,11495805
2026-06-29T06:10:27.095028,2026-06-28T20:10:27.469697+00:00,92.9,42,ask,,,11495811
2026-06-29T06:10:27.726461,2026-06-28T20:10:28.106846+00:00,92.9,49,ask,,,11495823
2026-06-29T06:10:28.077598,2026-06-28T20:10:28.458845+00:00,93.0,5,bid,,,11495831
2026-06-29T06:10:28.077598,2026-06-28T20:10:28.458845+00:00,93.2,45,bid,,,11495832
2026-06-29T06:10:30.183351,2026-06-28T20:10:30.559866+00:00,93.0,4,bid,,,11495876
2026-06-29T06:10:30.183351,2026-06-28T20:10:30.559866+00:00,93.1,46,bid,,,11495877
2026-06-29T06:10:31.931200,2026-06-28T20:10:32.308866+00:00,93.1,44,bid,,,11495908
2026-06-29T06:10:32.295965,2026-06-28T20:10:32.671866+00:00,93.1,10,bid,,,11495917
2026-06-29T06:10:32.295965,2026-06-28T20:10:32.671866+00:00,93.1,2,bid,,,11495918
2026-06-29T06:10:32.295965,2026-06-28T20:10:32.671866+00:00,93.3,1,bid,,,11495919
2026-06-29T06:10:32.295965,2026-06-28T20:10:32.682866+00:00,93.4,37,bid,,,11495920
2026-06-29T06:10:32.939346,2026-06-28T20:10:33.320413+00:00,93.0,25,ask,,,11495938
2026-06-29T06:10:33.148793,2026-06-28T20:10:33.529414+00:00,93.0,25,ask,,,11495948
2026-06-29T06:10:33.358408,2026-06-28T20:10:33.738423+00:00,93.0,25,ask,,,11495955
2026-06-29T06:10:33.569236,2026-06-28T20:10:33.947423+00:00,93.0,25,ask,,,11495961
2026-06-29T06:10:33.779171,2026-06-28T20:10:34.156423+00:00,93.0,25,ask,,,11495967
2026-06-29T06:10:33.997787,2026-06-28T20:10:34.376422+00:00,93.0,25,ask,,,11495975
2026-06-29T06:10:34.408762,2026-06-28T20:10:34.794422+00:00,93.4,50,bid,,,11495988
2026-06-29T06:10:36.335753,2026-06-28T20:10:36.707542+00:00,93.1,100,bid,,,11496032
2026-06-29T06:10:36.515542,2026-06-28T20:10:36.894534+00:00,93.1,50,bid,,,11496037
2026-06-29T06:10:37.439678,2026-06-28T20:10:37.817798+00:00,93.5,1,bid,,,11496063
2026-06-29T06:10:38.621940,2026-06-28T20:10:38.994799+00:00,93.6,50,bid,,,11496078
2026-06-29T06:10:39.096389,2026-06-28T20:10:39.467798+00:00,93.1,1,bid,,,11496082
2026-06-29T06:10:39.215612,2026-06-28T20:10:39.588798+00:00,93.1,25,ask,,,11496086
2026-06-29T06:10:39.265567,2026-06-28T20:10:39.643799+00:00,93.1,46,ask,,,11496092
2026-06-29T06:10:39.432318,2026-06-28T20:10:39.808798+00:00,93.1,25,ask,,,11496098
2026-06-29T06:10:40.682438,2026-06-28T20:10:41.062789+00:00,93.4,48,bid,,,11496132
2026-06-29T06:10:40.793168,2026-06-28T20:10:41.172789+00:00,93.1,50,ask,,,11496135
2026-06-29T06:10:42.673419,2026-06-28T20:10:43.051888+00:00,93.0,100,bid,,,11496166
2026-06-29T06:10:45.007000,2026-06-28T20:10:45.383888+00:00,92.8,2,ask,,,11496217
2026-06-29T06:10:45.007000,2026-06-28T20:10:45.383888+00:00,92.5,48,ask,,,11496218
2026-06-29T06:10:45.607662,2026-06-28T20:10:45.988889+00:00,92.9,5,ask,,,11496223
2026-06-29T06:10:45.607662,2026-06-28T20:10:45.988889+00:00,92.7,1,ask,,,11496224
2026-06-29T06:10:45.607662,2026-06-28T20:10:45.988889+00:00,92.7,34,ask,,,11496225
2026-06-29T06:10:47.115956,2026-06-28T20:10:47.494516+00:00,92.9,5,ask,,,11496255
2026-06-29T06:10:47.115956,2026-06-28T20:10:47.505516+00:00,92.7,45,ask,,,11496256
2026-06-29T06:10:48.651327,2026-06-28T20:10:49.022762+00:00,92.9,5,ask,,,11496276
2026-06-29T06:10:49.226501,2026-06-28T20:10:49.605753+00:00,92.7,50,ask,,,11496287
2026-06-29T06:10:51.334255,2026-06-28T20:10:51.706762+00:00,92.7,50,ask,,,11496331
2026-06-29T06:10:53.460951,2026-06-28T20:10:53.839519+00:00,92.8,5,ask,,,11496366
2026-06-29T06:10:53.460951,2026-06-28T20:10:53.839519+00:00,92.5,1,ask,,,11496367
2026-06-29T06:10:53.460951,2026-06-28T20:10:53.839519+00:00,92.5,44,ask,,,11496368
2026-06-29T06:10:54.052268,2026-06-28T20:10:54.433519+00:00,93.0,42,bid,,,11496379
2026-06-29T06:10:54.611532,2026-06-28T20:10:54.983519+00:00,93.0,47,bid,,,11496384
2026-06-29T06:10:55.569363,2026-06-28T20:10:55.940539+00:00,92.6,50,ask,,,11496400
2026-06-29T06:10:57.487699,2026-06-28T20:10:57.863956+00:00,92.8,5,ask,,,11496432
2026-06-29T06:10:57.487699,2026-06-28T20:10:57.863956+00:00,92.6,43,ask,,,11496433
2026-06-29T06:10:57.689070,2026-06-28T20:10:58.072957+00:00,92.7,5,ask,,,11496439
2026-06-29T06:10:57.689070,2026-06-28T20:10:58.072957+00:00,92.6,7,ask,,,11496440
2026-06-29T06:10:57.689070,2026-06-28T20:10:58.072957+00:00,92.5,38,ask,,,11496441
2026-06-29T06:10:58.075299,2026-06-28T20:10:58.446956+00:00,93.1,46,bid,,,11496446
2026-06-29T06:10:59.086684,2026-06-28T20:10:59.458956+00:00,92.9,25,bid,,,11496471
2026-06-29T06:10:59.750348,2026-06-28T20:11:00.129957+00:00,92.9,50,bid,,,11496479
2026-06-29T06:11:00.505164,2026-06-28T20:11:00.877977+00:00,92.9,25,bid,,,11496492
2026-06-29T06:11:01.856178,2026-06-28T20:11:02.230977+00:00,93.1,1,bid,,,11496511
2026-06-29T06:11:01.856178,2026-06-28T20:11:02.230977+00:00,93.1,49,bid,,,11496512
2026-06-29T06:11:03.975450,2026-06-28T20:11:04.353127+00:00,93.1,50,bid,,,11496545
2026-06-29T06:11:06.082552,2026-06-28T20:11:06.463736+00:00,93.1,3,bid,,,11496579
2026-06-29T06:11:06.082552,2026-06-28T20:11:06.463736+00:00,93.2,1,bid,,,11496580
2026-06-29T06:11:06.082552,2026-06-28T20:11:06.463736+00:00,93.2,46,bid,,,11496581
2026-06-29T06:11:07.241305,2026-06-28T20:11:07.618735+00:00,92.8,40,ask,,,11496610
2026-06-29T06:11:08.194969,2026-06-28T20:11:08.574844+00:00,93.1,50,bid,,,11496643
2026-06-29T06:11:10.356039,2026-06-28T20:11:10.730378+00:00,92.7,50,ask,,,11496679
2026-06-29T06:11:10.674715,2026-06-28T20:11:11.049378+00:00,93.1,48,bid,,,11496688
2026-06-29T06:11:10.928302,2026-06-28T20:11:11.302369+00:00,92.8,25,ask,,,11496694
2026-06-29T06:11:11.140640,2026-06-28T20:11:11.522369+00:00,92.8,25,ask,,,11496699
2026-06-29T06:11:11.710250,2026-06-28T20:11:12.083378+00:00,92.8,48,ask,,,11496708
2026-06-29T06:11:12.466799,2026-06-28T20:11:12.841487+00:00,92.8,50,ask,,,11496730
2026-06-29T06:11:14.573057,2026-06-28T20:11:14.953487+00:00,92.6,1,ask,,,11496764
2026-06-29T06:11:14.573057,2026-06-28T20:11:14.953487+00:00,92.5,49,ask,,,11496765
2026-06-29T06:11:16.605634,2026-06-28T20:11:16.977087+00:00,92.8,43,bid,,,11496790
2026-06-29T06:11:16.659468,2026-06-28T20:11:17.032087+00:00,92.5,46,ask,,,11496793
2026-06-29T06:11:16.681539,2026-06-28T20:11:17.054087+00:00,92.5,5,ask,,,11496794
2026-06-29T06:11:16.681539,2026-06-28T20:11:17.054087+00:00,92.4,1,ask,,,11496795
2026-06-29T06:11:16.681539,2026-06-28T20:11:17.065087+00:00,92.3,44,ask,,,11496796
2026-06-29T06:11:18.789392,2026-06-28T20:11:19.165250+00:00,92.3,50,ask,,,11496824
2026-06-29T06:11:18.817348,2026-06-28T20:11:19.198250+00:00,92.7,41,bid,,,11496825
2026-06-29T06:11:20.298112,2026-06-28T20:11:20.672250+00:00,92.4,4,ask,,,11496839
2026-06-29T06:11:20.373332,2026-06-28T20:11:20.749250+00:00,92.3,25,bid,,,11496842
2026-06-29T06:11:20.583341,2026-06-28T20:11:20.958250+00:00,92.3,25,bid,,,11496844
2026-06-29T06:11:20.895395,2026-06-28T20:11:21.277250+00:00,92.2,1,ask,,,11496851
2026-06-29T06:11:20.895395,2026-06-28T20:11:21.277250+00:00,92.0,49,ask,,,11496852
2026-06-29T06:11:21.994680,2026-06-28T20:11:22.366250+00:00,92.3,25,bid,,,11496866
2026-06-29T06:11:22.203527,2026-06-28T20:11:22.575241+00:00,92.3,25,bid,,,11496874
2026-06-29T06:11:22.413192,2026-06-28T20:11:22.783923+00:00,92.3,25,bid,,,11496879
2026-06-29T06:11:22.627105,2026-06-28T20:11:23.003931+00:00,92.3,21,bid,,,11496886
2026-06-29T06:11:22.772515,2026-06-28T20:11:23.146930+00:00,92.5,41,bid,,,11496894
2026-06-29T06:11:23.003302,2026-06-28T20:11:23.377931+00:00,92.0,50,ask,,,11496897
2026-06-29T06:11:23.870964,2026-06-28T20:11:24.246930+00:00,92.4,100,ask,,,11496912
2026-06-29T06:11:24.416725,2026-06-28T20:11:24.796853+00:00,92.4,46,ask,,,11496922
2026-06-29T06:11:25.109373,2026-06-28T20:11:25.500861+00:00,92.4,4,ask,,,11496935
2026-06-29T06:11:25.109373,2026-06-28T20:11:25.500861+00:00,92.0,1,ask,,,11496936
2026-06-29T06:11:25.109373,2026-06-28T20:11:25.500861+00:00,91.8,45,ask,,,11496937
2026-06-29T06:11:26.642809,2026-06-28T20:11:27.018441+00:00,92.1,25,bid,,,11496971
2026-06-29T06:11:26.852779,2026-06-28T20:11:27.227441+00:00,92.1,25,bid,,,11496978
2026-06-29T06:11:27.219531,2026-06-28T20:11:27.590433+00:00,92.0,50,ask,,,11496984
2026-06-29T06:11:28.064651,2026-06-28T20:11:28.436677+00:00,92.1,1,bid,,,11496991
2026-06-29T06:11:28.513860,2026-06-28T20:11:28.887686+00:00,92.1,47,bid,,,11497000
2026-06-29T06:11:29.332687,2026-06-28T20:11:29.712686+00:00,92.0,50,ask,,,11497015
2026-06-29T06:11:29.562811,2026-06-28T20:11:29.943706+00:00,91.8,1,ask,,,11497017
2026-06-29T06:11:29.562811,2026-06-28T20:11:29.943706+00:00,91.6,46,ask,,,11497018
2026-06-29T06:11:30.662158,2026-06-28T20:11:31.043706+00:00,92.1,47,bid,,,11497030
2026-06-29T06:11:31.297030,2026-06-28T20:11:31.670706+00:00,92.0,46,ask,,,11497043
2026-06-29T06:11:31.439443,2026-06-28T20:11:31.813706+00:00,92.0,50,ask,,,11497046
2026-06-29T06:11:31.809209,2026-06-28T20:11:32.187726+00:00,92.1,40,bid,,,11497055
2026-06-29T06:11:32.946421,2026-06-28T20:11:33.320276+00:00,92.1,13,bid,,,11497078
2026-06-29T06:11:33.546515,2026-06-28T20:11:33.925285+00:00,92.1,50,ask,,,11497097
2026-06-29T06:11:35.286697,2026-06-28T20:11:35.674285+00:00,92.2,1,bid,,,11497132
2026-06-29T06:11:35.656505,2026-06-28T20:11:36.037284+00:00,92.1,50,ask,,,11497142
2026-06-29T06:11:35.671090,2026-06-28T20:11:36.048285+00:00,91.9,1,ask,,,11497146
2026-06-29T06:11:35.671090,2026-06-28T20:11:36.048285+00:00,91.7,47,ask,,,11497147
2026-06-29T06:11:37.762591,2026-06-28T20:11:38.136632+00:00,91.9,50,ask,,,11497183
2026-06-29T06:11:38.488371,2026-06-28T20:11:38.862632+00:00,92.2,43,bid,,,11497195
2026-06-29T06:11:39.868175,2026-06-28T20:11:40.248652+00:00,91.9,50,ask,,,11497221
2026-06-29T06:11:41.981778,2026-06-28T20:11:42.393643+00:00,91.9,50,ask,,,11497256
2026-06-29T06:11:41.985448,2026-06-28T20:11:42.393643+00:00,91.9,41,ask,,,11497257
2026-06-29T06:11:42.458039,2026-06-28T20:11:42.833758+00:00,91.8,1,ask,,,11497268
2026-06-29T06:11:42.458039,2026-06-28T20:11:42.833758+00:00,91.8,100,ask,,,11497269
2026-06-29T06:11:43.586574,2026-06-28T20:11:43.966758+00:00,91.8,49,bid,,,11497292
2026-06-29T06:11:44.087951,2026-06-28T20:11:44.461758+00:00,91.5,50,ask,,,11497306
2026-06-29T06:11:45.094528,2026-06-28T20:11:45.473758+00:00,91.5,46,ask,,,11497322
2026-06-29T06:11:45.714678,2026-06-28T20:11:46.089334+00:00,91.9,1,bid,,,11497330
2026-06-29T06:11:45.996143,2026-06-28T20:11:46.375334+00:00,91.8,100,ask,,,11497333
2026-06-29T06:11:46.127770,2026-06-28T20:11:46.507334+00:00,92.3,4,bid,,,11497334
2026-06-29T06:11:46.127770,2026-06-28T20:11:46.507334+00:00,92.3,43,bid,,,11497335
2026-06-29T06:11:46.197635,2026-06-28T20:11:46.573334+00:00,91.8,50,ask,,,11497338
2026-06-29T06:11:48.304306,2026-06-28T20:11:48.684570+00:00,91.9,1,ask,,,11497373
2026-06-29T06:11:48.304306,2026-06-28T20:11:48.684570+00:00,91.1,1,ask,,,11497374
2026-06-29T06:11:48.304306,2026-06-28T20:11:48.684570+00:00,91.1,48,ask,,,11497375
2026-06-29T06:11:49.170554,2026-06-28T20:11:49.542564+00:00,91.8,2,ask,,,11497388
2026-06-29T06:11:50.422665,2026-06-28T20:11:50.796570+00:00,91.7,1,ask,,,11497429
2026-06-29T06:11:51.358725,2026-06-28T20:11:51.731561+00:00,91.5,48,ask,,,11497442
2026-06-29T06:11:51.735848,2026-06-28T20:11:52.116570+00:00,91.8,1,bid,,,11497454
2026-06-29T06:11:54.581375,2026-06-28T20:11:54.953715+00:00,91.6,50,bid,,,11497524
2026-06-29T06:11:58.802860,2026-06-28T20:11:59.175894+00:00,91.8,50,bid,,,11497604
2026-06-29T06:11:58.915317,2026-06-28T20:11:59.296894+00:00,91.8,44,bid,,,11497608
2026-06-29T06:12:00.924773,2026-06-28T20:12:01.309895+00:00,91.8,50,bid,,,11497646
2026-06-29T06:12:01.295694,2026-06-28T20:12:01.672895+00:00,91.8,6,bid,,,11497652
2026-06-29T06:12:01.295694,2026-06-28T20:12:01.672895+00:00,91.9,35,bid,,,11497653
2026-06-29T06:12:01.388220,2026-06-28T20:12:01.760895+00:00,91.9,65,bid,,,11497655
2026-06-29T06:12:01.820076,2026-06-28T20:12:02.200895+00:00,92.0,85,ask,,,11497658
2026-06-29T06:12:03.032430,2026-06-28T20:12:03.410474+00:00,92.0,15,bid,,,11497673
2026-06-29T06:12:03.032430,2026-06-28T20:12:03.410474+00:00,92.2,1,bid,,,11497674
2026-06-29T06:12:03.032430,2026-06-28T20:12:03.410474+00:00,92.5,34,bid,,,11497675
2026-06-29T06:12:04.787431,2026-06-28T20:12:05.159475+00:00,91.6,5,ask,,,11497707
2026-06-29T06:12:04.787431,2026-06-28T20:12:05.170474+00:00,91.5,40,ask,,,11497708
2026-06-29T06:12:05.144258,2026-06-28T20:12:05.522008+00:00,92.0,50,bid,,,11497720
2026-06-29T06:12:07.250916,2026-06-28T20:12:07.622572+00:00,92.0,50,bid,,,11497765
2026-06-29T06:12:07.496875,2026-06-28T20:12:07.874794+00:00,91.8,49,ask,,,11497773
2026-06-29T06:12:09.409595,2026-06-28T20:12:09.788328+00:00,92.0,50,ask,,,11497819
2026-06-29T06:12:13.619576,2026-06-28T20:12:13.991906+00:00,91.8,50,ask,,,11497894
2026-06-29T06:12:17.579084,2026-06-28T20:12:17.951135+00:00,92.2,44,bid,,,11497966
2026-06-29T06:12:17.781739,2026-06-28T20:12:18.160125+00:00,92.2,50,bid,,,11497971
2026-06-29T06:12:19.889877,2026-06-28T20:12:20.261135+00:00,92.2,50,bid,,,11498002
2026-06-29T06:12:20.377092,2026-06-28T20:12:20.756130+00:00,92.2,100,bid,,,11498010
2026-06-29T06:12:22.581490,2026-06-28T20:12:22.954577+00:00,92.6,48,bid,,,11498056
2026-06-29T06:12:23.126065,2026-06-28T20:12:23.504577+00:00,92.5,46,ask,,,11498063
2026-06-29T06:12:23.917370,2026-06-28T20:12:24.296931+00:00,92.3,1,bid,,,11498073
2026-06-29T06:12:23.917370,2026-06-28T20:12:24.296931+00:00,92.4,99,bid,,,11498074
2026-06-29T06:12:26.701492,2026-06-28T20:12:27.079492+00:00,92.3,1,bid,,,11498140
2026-06-29T06:12:26.854446,2026-06-28T20:12:27.233492+00:00,92.4,44,ask,,,11498143
2026-06-29T06:12:27.474790,2026-06-28T20:12:27.848703+00:00,92.4,1,ask,,,11498154
2026-06-29T06:12:27.952214,2026-06-28T20:12:28.332822+00:00,92.7,44,bid,,,11498158
2026-06-29T06:12:31.607182,2026-06-28T20:12:31.984376+00:00,92.2,47,ask,,,11498224
2026-06-29T06:12:32.115486,2026-06-28T20:12:32.490376+00:00,92.5,5,bid,,,11498234
2026-06-29T06:12:32.115486,2026-06-28T20:12:32.490376+00:00,92.6,39,bid,,,11498235
2026-06-29T06:12:34.632221,2026-06-28T20:12:35.008933+00:00,92.4,50,bid,,,11498282
2026-06-29T06:12:35.938555,2026-06-28T20:12:36.317483+00:00,92.4,46,bid,,,11498312
2026-06-29T06:12:36.738079,2026-06-28T20:12:37.120483+00:00,92.6,50,bid,,,11498334
2026-06-29T06:12:38.896774,2026-06-28T20:12:39.275575+00:00,92.2,50,ask,,,11498368
2026-06-29T06:12:39.225660,2026-06-28T20:12:39.605574+00:00,92.2,42,ask,,,11498374
2026-06-29T06:12:40.951982,2026-06-28T20:12:41.332595+00:00,92.5,4,bid,,,11498417
2026-06-29T06:12:40.951982,2026-06-28T20:12:41.332595+00:00,92.5,46,bid,,,11498418
2026-06-29T06:12:43.116287,2026-06-28T20:12:43.488716+00:00,92.4,50,ask,,,11498457
2026-06-29T06:12:45.171675,2026-06-28T20:12:45.545736+00:00,92.6,5,bid,,,11498505
2026-06-29T06:12:45.171675,2026-06-28T20:12:45.556737+00:00,92.7,45,bid,,,11498506
2026-06-29T06:12:46.479170,2026-06-28T20:12:46.853887+00:00,92.4,47,ask,,,11498526
2026-06-29T06:12:47.278910,2026-06-28T20:12:47.656887+00:00,92.6,6,bid,,,11498544
2026-06-29T06:12:47.278910,2026-06-28T20:12:47.656887+00:00,92.7,44,bid,,,11498545
2026-06-29T06:12:47.442605,2026-06-28T20:12:47.821993+00:00,92.4,49,ask,,,11498555
2026-06-29T06:12:49.944773,2026-06-28T20:12:50.329547+00:00,92.4,46,bid,,,11498611
2026-06-29T06:12:52.012411,2026-06-28T20:12:52.386547+00:00,92.4,47,bid,,,11498643
2026-06-29T06:12:52.012569,2026-06-28T20:12:52.386547+00:00,92.4,7,bid,,,11498644
2026-06-29T06:12:52.522556,2026-06-28T20:12:52.903104+00:00,92.4,43,ask,,,11498657
2026-06-29T06:12:53.063820,2026-06-28T20:12:53.441988+00:00,92.6,4,bid,,,11498670
2026-06-29T06:12:53.063820,2026-06-28T20:12:53.441988+00:00,92.9,42,bid,,,11498671
2026-06-29T06:12:53.686012,2026-06-28T20:12:54.057989+00:00,92.4,50,ask,,,11498683
2026-06-29T06:12:55.795336,2026-06-28T20:12:56.170009+00:00,92.3,1,ask,,,11498718
2026-06-29T06:12:55.795336,2026-06-28T20:12:56.170009+00:00,92.3,49,ask,,,11498719
2026-06-29T06:12:56.686149,2026-06-28T20:12:57.072009+00:00,92.3,45,ask,,,11498746
2026-06-29T06:12:58.386433,2026-06-28T20:12:58.764802+00:00,92.3,100,ask,,,11498773
2026-06-29T06:12:58.386433,2026-06-28T20:12:58.764802+00:00,92.2,1,ask,,,11498774
2026-06-29T06:12:58.690148,2026-06-28T20:12:59.072807+00:00,92.2,2,bid,,,11498776
2026-06-29T06:12:59.956034,2026-06-28T20:13:00.337807+00:00,92.2,47,bid,,,11498800
2026-06-29T06:12:59.956034,2026-06-28T20:13:00.337807+00:00,92.3,3,bid,,,11498801
2026-06-29T06:13:00.718082,2026-06-28T20:13:01.096807+00:00,92.3,47,bid,,,11498813
2026-06-29T06:13:01.228501,2026-06-28T20:13:01.613446+00:00,92.3,3,bid,,,11498821
2026-06-29T06:13:01.494574,2026-06-28T20:13:01.866446+00:00,92.3,47,bid,,,11498829
2026-06-29T06:13:02.073859,2026-06-28T20:13:02.449446+00:00,92.7,1,bid,,,11498842
2026-06-29T06:13:02.073859,2026-06-28T20:13:02.449446+00:00,92.8,49,bid,,,11498843
2026-06-29T06:13:04.180834,2026-06-28T20:13:04.561004+00:00,92.6,1,bid,,,11498876
2026-06-29T06:13:04.180834,2026-06-28T20:13:04.561004+00:00,92.8,49,bid,,,11498877
2026-06-29T06:13:06.295552,2026-06-28T20:13:06.672577+00:00,92.8,50,bid,,,11498906
2026-06-29T06:13:08.453179,2026-06-28T20:13:08.838732+00:00,92.4,50,ask,,,11498933
2026-06-29T06:13:10.561552,2026-06-28T20:13:10.939752+00:00,92.4,50,ask,,,11498965
2026-06-29T06:13:11.098037,2026-06-28T20:13:11.478752+00:00,92.3,2,ask,,,11498971
2026-06-29T06:13:11.098037,2026-06-28T20:13:11.478752+00:00,92.3,42,ask,,,11498972
2026-06-29T06:13:11.575701,2026-06-28T20:13:11.951743+00:00,92.4,1,ask,,,11498981
2026-06-29T06:13:11.575701,2026-06-28T20:13:11.951743+00:00,92.1,1,ask,,,11498982
2026-06-29T06:13:11.575701,2026-06-28T20:13:11.951743+00:00,92.1,39,ask,,,11498983
2026-06-29T06:13:12.670126,2026-06-28T20:13:13.050982+00:00,92.4,2,ask,,,11498995
2026-06-29T06:13:12.795192,2026-06-28T20:13:13.171983+00:00,92.5,48,bid,,,11498996
2026-06-29T06:13:13.866966,2026-06-28T20:13:14.238983+00:00,92.5,40,bid,,,11499023
2026-06-29T06:13:13.940014,2026-06-28T20:13:14.315983+00:00,92.4,1,ask,,,11499026
2026-06-29T06:13:13.940014,2026-06-28T20:13:14.315983+00:00,92.1,44,ask,,,11499027
2026-06-29T06:13:14.605611,2026-06-28T20:13:14.997516+00:00,92.4,100,ask,,,11499036
2026-06-29T06:13:14.724442,2026-06-28T20:13:15.118507+00:00,92.7,2,bid,,,11499037
2026-06-29T06:13:14.724442,2026-06-28T20:13:15.118507+00:00,92.9,1,bid,,,11499038
2026-06-29T06:13:14.724442,2026-06-28T20:13:15.118507+00:00,92.9,47,bid,,,11499039
2026-06-29T06:13:16.833343,2026-06-28T20:13:17.208063+00:00,92.7,6,bid,,,11499077
2026-06-29T06:13:16.833343,2026-06-28T20:13:17.208063+00:00,92.9,44,bid,,,11499078
2026-06-29T06:13:17.396862,2026-06-28T20:13:17.779297+00:00,92.4,1,ask,,,11499081
2026-06-29T06:13:17.396862,2026-06-28T20:13:17.779297+00:00,92.4,39,ask,,,11499082
2026-06-29T06:13:18.381265,2026-06-28T20:13:18.758297+00:00,92.7,5,bid,,,11499104
2026-06-29T06:13:18.381265,2026-06-28T20:13:18.758297+00:00,92.8,38,bid,,,11499105
2026-06-29T06:13:18.940511,2026-06-28T20:13:19.319297+00:00,92.8,50,bid,,,11499110
2026-06-29T06:13:21.053538,2026-06-28T20:13:21.431317+00:00,92.5,50,bid,,,11499153
2026-06-29T06:13:21.974710,2026-06-28T20:13:22.355317+00:00,92.5,47,bid,,,11499166
2026-06-29T06:13:23.161614,2026-06-28T20:13:23.542966+00:00,92.5,50,bid,,,11499186
2026-06-29T06:13:25.268098,2026-06-28T20:13:25.643986+00:00,92.8,4,bid,,,11499224
2026-06-29T06:13:25.268098,2026-06-28T20:13:25.643986+00:00,92.9,1,bid,,,11499225
2026-06-29T06:13:25.268098,2026-06-28T20:13:25.643986+00:00,92.9,45,bid,,,11499226
2026-06-29T06:13:26.846157,2026-06-28T20:13:27.227535+00:00,92.8,3,bid,,,11499246
2026-06-29T06:13:26.921796,2026-06-28T20:13:27.293535+00:00,92.8,2,ask,,,11499249
2026-06-29T06:13:27.337127,2026-06-28T20:13:27.711593+00:00,92.8,46,ask,,,11499267
2026-06-29T06:13:27.376454,2026-06-28T20:13:27.755593+00:00,93.1,50,bid,,,11499269
2026-06-29T06:13:27.523837,2026-06-28T20:13:27.898593+00:00,92.8,25,ask,,,11499272
2026-06-29T06:13:27.733854,2026-06-28T20:13:28.107593+00:00,92.8,25,ask,,,11499277
2026-06-29T06:13:27.942805,2026-06-28T20:13:28.316593+00:00,92.8,25,ask,,,11499283
2026-06-29T06:13:28.152239,2026-06-28T20:13:28.525593+00:00,92.8,24,ask,,,11499285
2026-06-29T06:13:29.488494,2026-06-28T20:13:29.867593+00:00,93.1,50,bid,,,11499317
2026-06-29T06:13:30.056682,2026-06-28T20:13:30.428593+00:00,92.6,100,ask,,,11499323
2026-06-29T06:13:30.364341,2026-06-28T20:13:30.736593+00:00,92.5,50,bid,,,11499326
2026-06-29T06:13:30.669409,2026-06-28T20:13:31.044593+00:00,92.5,46,ask,,,11499332
2026-06-29T06:13:31.644823,2026-06-28T20:13:32.023585+00:00,92.7,2,ask,,,11499358
2026-06-29T06:13:31.644823,2026-06-28T20:13:32.023585+00:00,92.5,4,ask,,,11499359
2026-06-29T06:13:31.644823,2026-06-28T20:13:32.023585+00:00,92.3,1,ask,,,11499360
2026-06-29T06:13:31.644823,2026-06-28T20:13:32.023585+00:00,92.0,43,ask,,,11499361
2026-06-29T06:13:33.756000,2026-06-28T20:13:34.137613+00:00,92.5,50,ask,,,11499404
2026-06-29T06:13:34.179380,2026-06-28T20:13:34.555613+00:00,92.7,25,bid,,,11499426
2026-06-29T06:13:34.392179,2026-06-28T20:13:34.764613+00:00,92.7,25,bid,,,11499431
2026-06-29T06:13:34.600938,2026-06-28T20:13:34.973614+00:00,92.7,25,bid,,,11499440
2026-06-29T06:13:35.744537,2026-06-28T20:13:36.117169+00:00,92.7,5,bid,,,11499466
2026-06-29T06:13:35.811539,2026-06-28T20:13:36.183169+00:00,92.7,20,bid,,,11499473
2026-06-29T06:13:35.864938,2026-06-28T20:13:36.238169+00:00,92.5,50,ask,,,11499474
2026-06-29T06:13:37.552505,2026-06-28T20:13:37.931818+00:00,92.8,42,bid,,,11499505
2026-06-29T06:13:37.920303,2026-06-28T20:13:38.294818+00:00,92.8,50,bid,,,11499515
2026-06-29T06:13:38.019951,2026-06-28T20:13:38.393818+00:00,92.6,5,ask,,,11499520
2026-06-29T06:13:40.026034,2026-06-28T20:13:40.406352+00:00,93.1,1,bid,,,11499556
2026-06-29T06:13:40.026034,2026-06-28T20:13:40.406352+00:00,93.2,49,bid,,,11499557
2026-06-29T06:13:42.133443,2026-06-28T20:13:42.507343+00:00,93.2,50,bid,,,11499601
2026-06-29T06:13:42.674912,2026-06-28T20:13:43.056512+00:00,93.0,4,bid,,,11499608
2026-06-29T06:13:42.837108,2026-06-28T20:13:43.210511+00:00,93.1,25,ask,,,11499610
2026-06-29T06:13:42.852612,2026-06-28T20:13:43.232512+00:00,93.1,3,ask,,,11499614
2026-06-29T06:13:43.052254,2026-06-28T20:13:43.430511+00:00,93.1,25,ask,,,11499622
2026-06-29T06:13:43.260865,2026-06-28T20:13:43.639512+00:00,93.1,25,ask,,,11499626
2026-06-29T06:13:43.474145,2026-06-28T20:13:43.848512+00:00,93.1,25,ask,,,11499634
2026-06-29T06:13:43.682910,2026-06-28T20:13:44.057512+00:00,93.1,25,ask,,,11499639
2026-06-29T06:13:43.891601,2026-06-28T20:13:44.266512+00:00,93.1,18,ask,,,11499642
2026-06-29T06:13:44.241105,2026-06-28T20:13:44.618512+00:00,93.2,50,bid,,,11499651
2026-06-29T06:13:44.470717,2026-06-28T20:13:44.849511+00:00,92.7,45,ask,,,11499660
2026-06-29T06:13:45.087470,2026-06-28T20:13:45.465046+00:00,93.2,48,bid,,,11499680
2026-06-29T06:13:45.893322,2026-06-28T20:13:46.267119+00:00,92.7,55,ask,,,11499703
2026-06-29T06:13:45.893322,2026-06-28T20:13:46.267119+00:00,92.6,1,ask,,,11499704
2026-06-29T06:13:46.353674,2026-06-28T20:13:46.729128+00:00,92.6,50,bid,,,11499714
2026-06-29T06:13:47.110745,2026-06-28T20:13:47.488128+00:00,92.6,25,bid,,,11499720
2026-06-29T06:13:47.318477,2026-06-28T20:13:47.697128+00:00,92.6,19,bid,,,11499726
2026-06-29T06:13:47.645704,2026-06-28T20:13:48.024918+00:00,92.4,40,ask,,,11499729
2026-06-29T06:13:48.177712,2026-06-28T20:13:48.552918+00:00,92.8,4,ask,,,11499739
2026-06-29T06:13:48.479716,2026-06-28T20:13:48.860918+00:00,92.9,50,bid,,,11499752
2026-06-29T06:13:49.004506,2026-06-28T20:13:49.378028+00:00,92.9,50,bid,,,11499761
2026-06-29T06:13:49.004506,2026-06-28T20:13:49.378028+00:00,93.0,1,bid,,,11499762
2026-06-29T06:13:49.125704,2026-06-28T20:13:49.499028+00:00,93.1,25,ask,,,11499772
2026-06-29T06:13:49.346420,2026-06-28T20:13:49.718910+00:00,93.1,25,ask,,,11499782
2026-06-29T06:13:49.554507,2026-06-28T20:13:49.927028+00:00,93.1,25,ask,,,11499786
2026-06-29T06:13:50.638574,2026-06-28T20:13:51.015918+00:00,93.1,24,ask,,,11499813
2026-06-29T06:13:50.638574,2026-06-28T20:13:51.015918+00:00,92.9,26,ask,,,11499814
2026-06-29T06:13:52.228175,2026-06-28T20:13:52.599919+00:00,92.9,74,ask,,,11499843
2026-06-29T06:13:52.748735,2026-06-28T20:13:53.126581+00:00,92.8,3,ask,,,11499861
2026-06-29T06:13:52.748735,2026-06-28T20:13:53.126581+00:00,92.6,47,ask,,,11499862
2026-06-29T06:13:54.855356,2026-06-28T20:13:55.227992+00:00,92.8,3,ask,,,11499883
2026-06-29T06:13:54.855356,2026-06-28T20:13:55.238992+00:00,92.6,47,ask,,,11499884
2026-06-29T06:13:56.975690,2026-06-28T20:13:57.350565+00:00,92.8,50,ask,,,11499930
2026-06-29T06:13:58.465294,2026-06-28T20:13:58.844337+00:00,92.8,5,ask,,,11499953
2026-06-29T06:13:58.873974,2026-06-28T20:13:59.251344+00:00,92.8,5,ask,,,11499967
2026-06-29T06:13:58.984172,2026-06-28T20:13:59.361335+00:00,92.8,25,bid,,,11499971
2026-06-29T06:13:59.085323,2026-06-28T20:13:59.460335+00:00,92.7,6,ask,,,11499975
2026-06-29T06:13:59.085323,2026-06-28T20:13:59.460335+00:00,92.6,44,ask,,,11499976
2026-06-29T06:13:59.193010,2026-06-28T20:13:59.570335+00:00,92.8,25,bid,,,11499981
2026-06-29T06:13:59.401540,2026-06-28T20:13:59.779344+00:00,92.8,25,bid,,,11499987
2026-06-29T06:13:59.610342,2026-06-28T20:13:59.988344+00:00,92.8,20,bid,,,11499995
2026-06-29T06:13:59.963913,2026-06-28T20:14:00.340364+00:00,93.1,48,bid,,,11500004
2026-06-29T06:14:01.215782,2026-06-28T20:14:01.594364+00:00,92.7,3,ask,,,11500017
2026-06-29T06:14:01.215782,2026-06-28T20:14:01.594364+00:00,92.6,47,ask,,,11500018
2026-06-29T06:14:01.531377,2026-06-28T20:14:01.913364+00:00,92.6,42,ask,,,11500029
2026-06-29T06:14:01.822994,2026-06-28T20:14:02.199364+00:00,92.7,25,bid,,,11500037
2026-06-29T06:14:02.032052,2026-06-28T20:14:02.408355+00:00,92.7,25,bid,,,11500047
2026-06-29T06:14:02.241195,2026-06-28T20:14:02.617364+00:00,92.7,25,bid,,,11500049
2026-06-29T06:14:03.323900,2026-06-28T20:14:03.706075+00:00,92.6,50,ask,,,11500068
2026-06-29T06:14:03.803811,2026-06-28T20:14:04.179074+00:00,92.7,5,bid,,,11500081
2026-06-29T06:14:05.221231,2026-06-28T20:14:05.598075+00:00,92.7,5,ask,,,11500113
2026-06-29T06:14:05.442539,2026-06-28T20:14:05.840075+00:00,92.7,5,ask,,,11500122
2026-06-29T06:14:05.442539,2026-06-28T20:14:05.840075+00:00,92.6,45,ask,,,11500123
2026-06-29T06:14:06.346147,2026-06-28T20:14:06.719660+00:00,92.7,5,ask,,,11500137
2026-06-29T06:14:06.346147,2026-06-28T20:14:06.730660+00:00,92.6,35,ask,,,11500138
2026-06-29T06:14:07.550695,2026-06-28T20:14:07.928373+00:00,92.7,5,ask,,,11500167
2026-06-29T06:14:07.550695,2026-06-28T20:14:07.928373+00:00,92.6,45,ask,,,11500168
2026-06-29T06:14:08.302021,2026-06-28T20:14:08.687541+00:00,92.6,100,bid,,,11500183
2026-06-29T06:14:08.757105,2026-06-28T20:14:09.138541+00:00,92.6,5,bid,,,11500191
2026-06-29T06:14:09.679539,2026-06-28T20:14:10.051532+00:00,92.2,1,ask,,,11500217
2026-06-29T06:14:09.679539,2026-06-28T20:14:10.062532+00:00,92.1,49,ask,,,11500218
2026-06-29T06:14:09.994919,2026-06-28T20:14:10.370531+00:00,92.6,5,bid,,,11500225
2026-06-29T06:14:10.808280,2026-06-28T20:14:11.184541+00:00,92.6,5,bid,,,11500237
2026-06-29T06:14:11.787801,2026-06-28T20:14:12.163532+00:00,92.5,5,ask,,,11500264
2026-06-29T06:14:11.787801,2026-06-28T20:14:12.163532+00:00,92.5,45,ask,,,11500265
2026-06-29T06:14:12.631848,2026-06-28T20:14:13.008777+00:00,92.8,42,bid,,,11500278
2026-06-29T06:14:13.900812,2026-06-28T20:14:14.273796+00:00,92.5,50,ask,,,11500311
2026-06-29T06:14:14.684061,2026-06-28T20:14:15.065797+00:00,92.7,41,bid,,,11500321
2026-06-29T06:14:15.182203,2026-06-28T20:14:15.560788+00:00,92.7,40,bid,,,11500323
2026-06-29T06:14:16.008075,2026-06-28T20:14:16.385378+00:00,92.6,50,ask,,,11500344
2026-06-29T06:14:16.324300,2026-06-28T20:14:16.704378+00:00,92.6,45,ask,,,11500348
2026-06-29T06:14:17.394198,2026-06-28T20:14:17.769644+00:00,92.7,44,bid,,,11500369
2026-06-29T06:14:17.507174,2026-06-28T20:14:17.879644+00:00,92.8,1,bid,,,11500372
2026-06-29T06:14:18.065156,2026-06-28T20:14:18.440644+00:00,92.7,50,bid,,,11500381
2026-06-29T06:14:19.580652,2026-06-28T20:14:19.958664+00:00,92.7,41,bid,,,11500406
2026-06-29T06:14:19.634431,2026-06-28T20:14:20.013664+00:00,92.6,44,ask,,,11500408
2026-06-29T06:14:19.720904,2026-06-28T20:14:20.101664+00:00,92.7,9,bid,,,11500410
2026-06-29T06:14:20.180472,2026-06-28T20:14:20.563664+00:00,93.1,50,bid,,,11500433
2026-06-29T06:14:22.288370,2026-06-28T20:14:22.664655+00:00,92.8,50,bid,,,11500466
2026-06-29T06:14:22.820597,2026-06-28T20:14:23.192746+00:00,92.4,1,ask,,,11500476
2026-06-29T06:14:22.820597,2026-06-28T20:14:23.203746+00:00,92.4,40,ask,,,11500477
2026-06-29T06:14:25.203728,2026-06-28T20:14:25.590425+00:00,92.4,40,ask,,,11500502
2026-06-29T06:14:26.557339,2026-06-28T20:14:26.931484+00:00,92.4,50,ask,,,11500518
2026-06-29T06:14:27.651025,2026-06-28T20:14:28.030590+00:00,92.5,43,bid,,,11500545
2026-06-29T06:14:28.641977,2026-06-28T20:14:29.020590+00:00,92.5,45,bid,,,11500560
2026-06-29T06:14:28.665688,2026-06-28T20:14:29.042591+00:00,92.2,1,ask,,,11500561
2026-06-29T06:14:28.665688,2026-06-28T20:14:29.042591+00:00,92.1,49,ask,,,11500562
