timestamp,recv_time,price,volume,aggressor_side,buyer,seller,trade_id
2026-07-08T01:00:01.719760,2026-07-08T01:00:01.732604+00:00,139.5,50,bid,,,11506729
2026-07-08T01:00:03.839370,2026-07-08T01:00:03.848049+00:00,139.5,50,bid,,,11506759
2026-07-08T01:00:04.221980,2026-07-08T01:00:04.238610+00:00,139.4,23,ask,,,11506766
2026-07-08T01:00:04.370702,2026-07-08T01:00:04.382194+00:00,139.4,20,ask,,,11506774
2026-07-08T01:00:04.639743,2026-07-08T01:00:04.651126+00:00,139.4,3,ask,,,11506779
2026-07-08T01:00:05.305866,2026-07-08T01:00:05.316308+00:00,139.5,46,bid,,,11506790
2026-07-08T01:00:08.118332,2026-07-08T01:00:08.128009+00:00,139.2,50,ask,,,11506829
2026-07-08T01:00:10.251265,2026-07-08T01:00:10.260239+00:00,139.2,50,ask,,,11506855
2026-07-08T01:00:12.359222,2026-07-08T01:00:12.370560+00:00,139.1,50,ask,,,11506880
2026-07-08T01:00:13.975515,2026-07-08T01:00:13.984383+00:00,139.1,12,bid,,,11506908
2026-07-08T01:00:14.024643,2026-07-08T01:00:14.037186+00:00,139.0,49,ask,,,11506910
2026-07-08T01:00:14.414881,2026-07-08T01:00:14.426556+00:00,139.1,50,bid,,,11506917
2026-07-08T01:00:16.418275,2026-07-08T01:00:16.428474+00:00,139.1,46,bid,,,11506945
2026-07-08T01:00:18.038023,2026-07-08T01:00:18.048863+00:00,139.1,49,bid,,,11506963
2026-07-08T01:00:18.648401,2026-07-08T01:00:18.658610+00:00,139.1,50,bid,,,11506971
2026-07-08T01:00:18.654583,2026-07-08T01:00:18.658610+00:00,138.9,49,ask,,,11506972
2026-07-08T01:00:21.333092,2026-07-08T01:00:21.344477+00:00,138.9,42,ask,,,11507006
2026-07-08T01:00:21.905086,2026-07-08T01:00:21.913477+00:00,139.4,47,bid,,,11507014
2026-07-08T01:00:22.858618,2026-07-08T01:00:22.870492+00:00,139.4,50,bid,,,11507027
2026-07-08T01:00:24.966573,2026-07-08T01:00:24.975502+00:00,139.5,50,bid,,,11507046
2026-07-08T01:00:25.001544,2026-07-08T01:00:25.013263+00:00,139.5,44,bid,,,11507048
2026-07-08T01:00:25.407863,2026-07-08T01:00:25.420771+00:00,139.4,12,ask,,,11507058
2026-07-08T01:00:26.083393,2026-07-08T01:00:26.092828+00:00,139.4,11,ask,,,11507069
2026-07-08T01:00:26.123592,2026-07-08T01:00:26.135312+00:00,139.4,20,ask,,,11507072
2026-07-08T01:00:26.392652,2026-07-08T01:00:26.404304+00:00,139.4,20,ask,,,11507074
2026-07-08T01:00:26.659395,2026-07-08T01:00:26.671013+00:00,139.4,13,ask,,,11507081
2026-07-08T01:00:27.073257,2026-07-08T01:00:27.084807+00:00,139.6,50,bid,,,11507084
2026-07-08T01:00:28.366070,2026-07-08T01:00:28.377999+00:00,139.4,24,ask,,,11507096
2026-07-08T01:00:28.366070,2026-07-08T01:00:28.377999+00:00,139.1,24,ask,,,11507097
2026-07-08T01:00:29.870314,2026-07-08T01:00:29.881965+00:00,139.4,12,ask,,,11507117
2026-07-08T01:00:30.331999,2026-07-08T01:00:30.342970+00:00,139.4,44,ask,,,11507123
2026-07-08T01:00:31.289670,2026-07-08T01:00:31.301203+00:00,139.6,50,bid,,,11507132
2026-07-08T01:00:32.159591,2026-07-08T01:00:32.168661+00:00,139.4,11,ask,,,11507142
2026-07-08T01:00:33.397105,2026-07-08T01:00:33.408900+00:00,139.5,50,bid,,,11507161
2026-07-08T01:00:34.938216,2026-07-08T01:00:34.950035+00:00,139.5,45,bid,,,11507171
2026-07-08T01:00:35.505402,2026-07-08T01:00:35.516473+00:00,139.5,50,bid,,,11507177
2026-07-08T01:00:35.841004,2026-07-08T01:00:35.847915+00:00,139.5,100,bid,,,11507191
2026-07-08T01:00:35.909402,2026-07-08T01:00:35.920284+00:00,139.6,3,ask,,,11507194
2026-07-08T01:00:36.205613,2026-07-08T01:00:36.217442+00:00,139.6,43,ask,,,11507201
2026-07-08T01:00:37.619608,2026-07-08T01:00:37.631634+00:00,140.0,10,bid,,,11507217
2026-07-08T01:00:37.619608,2026-07-08T01:00:37.631634+00:00,140.1,40,bid,,,11507218
2026-07-08T01:00:39.252257,2026-07-08T01:00:39.258607+00:00,139.8,10,bid,,,11507240
2026-07-08T01:00:39.728859,2026-07-08T01:00:39.740648+00:00,139.8,50,bid,,,11507244
2026-07-08T01:00:41.072363,2026-07-08T01:00:41.079938+00:00,139.8,47,bid,,,11507265
2026-07-08T01:00:41.841218,2026-07-08T01:00:41.848665+00:00,139.8,43,bid,,,11507279
2026-07-08T01:00:41.841218,2026-07-08T01:00:41.858545+00:00,140.0,7,bid,,,11507280
2026-07-08T01:00:43.304963,2026-07-08T01:00:43.316804+00:00,139.7,46,ask,,,11507303
2026-07-08T01:00:43.885814,2026-07-08T01:00:43.897522+00:00,139.7,44,ask,,,11507308
2026-07-08T01:00:43.951117,2026-07-08T01:00:43.958550+00:00,140.0,50,bid,,,11507309
2026-07-08T01:00:46.059212,2026-07-08T01:00:46.070842+00:00,139.9,50,bid,,,11507332
2026-07-08T01:00:48.167417,2026-07-08T01:00:48.174879+00:00,139.9,50,bid,,,11507363
2026-07-08T01:00:48.499933,2026-07-08T01:00:48.508688+00:00,140.0,45,bid,,,11507364
2026-07-08T01:00:50.274963,2026-07-08T01:00:50.286715+00:00,140.0,50,bid,,,11507380
2026-07-08T01:00:50.880085,2026-07-08T01:00:50.888241+00:00,139.9,40,ask,,,11507390
2026-07-08T01:00:51.932718,2026-07-08T01:00:51.944483+00:00,139.9,44,ask,,,11507408
2026-07-08T01:00:52.436180,2026-07-08T01:00:52.448033+00:00,139.9,50,ask,,,11507413
2026-07-08T01:00:53.882226,2026-07-08T01:00:53.894300+00:00,140.3,10,bid,,,11507437
2026-07-08T01:00:53.882226,2026-07-08T01:00:53.894300+00:00,140.3,37,bid,,,11507438
2026-07-08T01:00:54.543607,2026-07-08T01:00:54.555143+00:00,139.8,50,ask,,,11507447
2026-07-08T01:00:55.453862,2026-07-08T01:00:55.465447+00:00,140.3,47,bid,,,11507454
2026-07-08T01:00:56.385419,2026-07-08T01:00:56.395144+00:00,139.9,3,ask,,,11507468
2026-07-08T01:00:56.651811,2026-07-08T01:00:56.658622+00:00,139.9,50,ask,,,11507476
2026-07-08T01:00:58.034228,2026-07-08T01:00:58.040822+00:00,140.2,100,ask,,,11507490
2026-07-08T01:00:58.758189,2026-07-08T01:00:58.769522+00:00,139.7,50,ask,,,11507496
2026-07-08T01:01:00.518128,2026-07-08T01:01:00.529911+00:00,139.7,42,ask,,,11507521
2026-07-08T01:01:00.864735,2026-07-08T01:01:00.876615+00:00,139.7,50,ask,,,11507526
2026-07-08T01:01:01.066733,2026-07-08T01:01:01.076239+00:00,139.7,8,ask,,,11507530
2026-07-08T01:01:01.251839,2026-07-08T01:01:01.260865+00:00,139.7,3,bid,,,11507539
2026-07-08T01:01:01.337495,2026-07-08T01:01:01.349398+00:00,139.7,10,bid,,,11507544
2026-07-08T01:01:02.926069,2026-07-08T01:01:02.942859+00:00,139.7,3,bid,,,11507564
2026-07-08T01:01:02.979904,2026-07-08T01:01:02.991644+00:00,139.4,50,ask,,,11507567
2026-07-08T01:01:03.381995,2026-07-08T01:01:03.393537+00:00,139.7,100,bid,,,11507571
2026-07-08T01:01:04.130314,2026-07-08T01:01:04.139873+00:00,139.7,11,bid,,,11507583
2026-07-08T01:01:04.362405,2026-07-08T01:01:04.371146+00:00,140.1,14,ask,,,11507592
2026-07-08T01:01:05.086877,2026-07-08T01:01:05.098467+00:00,140.4,47,bid,,,11507599
2026-07-08T01:01:05.091148,2026-07-08T01:01:05.098467+00:00,140.1,50,ask,,,11507600
2026-07-08T01:01:07.197778,2026-07-08T01:01:07.209396+00:00,140.1,50,ask,,,11507626
2026-07-08T01:01:09.303549,2026-07-08T01:01:09.312053+00:00,139.9,50,ask,,,11507648
2026-07-08T01:01:11.410250,2026-07-08T01:01:11.425449+00:00,139.6,50,ask,,,11507677
2026-07-08T01:01:12.052520,2026-07-08T01:01:12.064207+00:00,140.1,46,bid,,,11507682
2026-07-08T01:01:15.653070,2026-07-08T01:01:15.661684+00:00,139.6,50,ask,,,11507732
2026-07-08T01:01:16.102636,2026-07-08T01:01:16.113291+00:00,139.9,3,bid,,,11507735
2026-07-08T01:01:16.856907,2026-07-08T01:01:16.869079+00:00,139.5,45,ask,,,11507747
2026-07-08T01:01:17.708744,2026-07-08T01:01:17.722124+00:00,139.9,50,bid,,,11507756
2026-07-08T01:01:19.892734,2026-07-08T01:01:19.903421+00:00,139.4,50,ask,,,11507795
2026-07-08T01:01:20.249726,2026-07-08T01:01:20.259403+00:00,139.5,11,bid,,,11507797
2026-07-08T01:01:20.401222,2026-07-08T01:01:20.410510+00:00,139.5,20,bid,,,11507799
2026-07-08T01:01:20.665211,2026-07-08T01:01:20.676948+00:00,139.5,20,bid,,,11507806
2026-07-08T01:01:20.929046,2026-07-08T01:01:20.939901+00:00,139.5,20,bid,,,11507811
2026-07-08T01:01:21.036031,2026-07-08T01:01:21.044764+00:00,139.5,12,bid,,,11507814
2026-07-08T01:01:21.193016,2026-07-08T01:01:21.203840+00:00,139.5,16,bid,,,11507816
2026-07-08T01:01:21.458521,2026-07-08T01:01:21.466069+00:00,139.5,3,bid,,,11507822
2026-07-08T01:01:21.998664,2026-07-08T01:01:22.008965+00:00,139.4,50,ask,,,11507832
2026-07-08T01:01:22.311556,2026-07-08T01:01:22.321690+00:00,139.4,46,ask,,,11507835
2026-07-08T01:01:23.051988,2026-07-08T01:01:23.062202+00:00,139.5,23,bid,,,11507841
2026-07-08T01:01:23.360447,2026-07-08T01:01:23.369593+00:00,139.7,12,ask,,,11507844
2026-07-08T01:01:23.434021,2026-07-08T01:01:23.446030+00:00,139.8,44,bid,,,11507846
2026-07-08T01:01:23.659530,2026-07-08T01:01:23.668331+00:00,139.7,11,ask,,,11507852
2026-07-08T01:01:24.113188,2026-07-08T01:01:24.127283+00:00,139.7,50,ask,,,11507856
2026-07-08T01:01:24.497720,2026-07-08T01:01:24.509082+00:00,139.8,45,bid,,,11507867
2026-07-08T01:01:24.551697,2026-07-08T01:01:24.558562+00:00,139.7,43,ask,,,11507869
2026-07-08T01:01:24.971934,2026-07-08T01:01:24.981968+00:00,139.7,12,ask,,,11507873
2026-07-08T01:01:26.219493,2026-07-08T01:01:26.231426+00:00,139.7,22,ask,,,11507883
2026-07-08T01:01:26.219493,2026-07-08T01:01:26.231426+00:00,139.3,28,ask,,,11507884
2026-07-08T01:01:26.574548,2026-07-08T01:01:26.584315+00:00,139.5,12,bid,,,11507889
2026-07-08T01:01:27.899706,2026-07-08T01:01:27.908383+00:00,139.5,11,bid,,,11507904
2026-07-08T01:01:28.354440,2026-07-08T01:01:28.358154+00:00,139.3,50,ask,,,11507907
2026-07-08T01:01:29.676304,2026-07-08T01:01:29.683370+00:00,139.7,43,bid,,,11507928
2026-07-08T01:01:30.319262,2026-07-08T01:01:30.330699+00:00,139.4,49,bid,,,11507931
2026-07-08T01:01:30.472202,2026-07-08T01:01:30.483963+00:00,139.2,50,ask,,,11507935
2026-07-08T01:01:30.871852,2026-07-08T01:01:30.879027+00:00,139.2,49,ask,,,11507942
2026-07-08T01:01:31.513338,2026-07-08T01:01:31.525755+00:00,139.4,12,bid,,,11507956
2026-07-08T01:01:32.604438,2026-07-08T01:01:32.614111+00:00,139.1,50,ask,,,11507966
2026-07-08T01:01:33.575081,2026-07-08T01:01:33.586651+00:00,139.6,41,bid,,,11507978
2026-07-08T01:01:34.201006,2026-07-08T01:01:34.212816+00:00,139.4,48,ask,,,11507989
2026-07-08T01:01:34.711805,2026-07-08T01:01:34.720101+00:00,139.4,50,ask,,,11507998
2026-07-08T01:01:35.731353,2026-07-08T01:01:35.743219+00:00,139.7,41,bid,,,11508009
2026-07-08T01:01:36.842880,2026-07-08T01:01:36.854671+00:00,139.2,50,ask,,,11508024
2026-07-08T01:01:38.950899,2026-07-08T01:01:38.958562+00:00,139.2,50,ask,,,11508054
2026-07-08T01:01:39.260978,2026-07-08T01:01:39.266730+00:00,139.5,11,bid,,,11508057
2026-07-08T01:01:41.007007,2026-07-08T01:01:41.018599+00:00,139.5,50,bid,,,11508079
2026-07-08T01:01:42.006425,2026-07-08T01:01:42.015552+00:00,139.5,23,bid,,,11508093
2026-07-08T01:01:43.167812,2026-07-08T01:01:43.179789+00:00,139.5,50,ask,,,11508109
2026-07-08T01:01:43.321122,2026-07-08T01:01:43.331740+00:00,139.5,23,ask,,,11508114
2026-07-08T01:01:45.280565,2026-07-08T01:01:45.292472+00:00,139.5,50,ask,,,11508140
2026-07-08T01:01:45.559514,2026-07-08T01:01:45.569364+00:00,139.2,23,bid,,,11508148
2026-07-08T01:01:45.938907,2026-07-08T01:01:45.947976+00:00,139.2,11,bid,,,11508156
2026-07-08T01:01:46.387189,2026-07-08T01:01:46.398801+00:00,139.2,47,bid,,,11508161
2026-07-08T01:01:46.443318,2026-07-08T01:01:46.455288+00:00,139.1,44,ask,,,11508162
2026-07-08T01:01:47.062205,2026-07-08T01:01:47.073963+00:00,139.1,48,ask,,,11508174
2026-07-08T01:01:47.253394,2026-07-08T01:01:47.259214+00:00,139.2,6,bid,,,11508178
2026-07-08T01:01:47.387524,2026-07-08T01:01:47.399437+00:00,139.1,8,ask,,,11508180
2026-07-08T01:01:47.387524,2026-07-08T01:01:47.399437+00:00,138.7,42,ask,,,11508181
2026-07-08T01:01:47.542390,2026-07-08T01:01:47.549554+00:00,139.2,48,bid,,,11508184
2026-07-08T01:01:48.165284,2026-07-08T01:01:48.174020+00:00,139.2,15,bid,,,11508193
2026-07-08T01:01:48.165284,2026-07-08T01:01:48.179264+00:00,139.5,32,bid,,,11508194
2026-07-08T01:01:49.227505,2026-07-08T01:01:49.239089+00:00,139.2,48,ask,,,11508204
2026-07-08T01:01:49.498095,2026-07-08T01:01:49.509650+00:00,139.2,50,ask,,,11508206
2026-07-08T01:01:50.877533,2026-07-08T01:01:50.884538+00:00,139.2,41,ask,,,11508226
2026-07-08T01:01:51.554114,2026-07-08T01:01:51.558571+00:00,139.6,50,bid,,,11508229
2026-07-08T01:01:51.871094,2026-07-08T01:01:51.878502+00:00,139.1,100,ask,,,11508233
2026-07-08T01:01:54.275281,2026-07-08T01:01:54.282522+00:00,139.1,40,bid,,,11508262
2026-07-08T01:01:55.107336,2026-07-08T01:01:55.111405+00:00,139.2,6,ask,,,11508273
2026-07-08T01:01:55.764928,2026-07-08T01:01:55.776463+00:00,139.3,50,bid,,,11508283
2026-07-08T01:01:55.872537,2026-07-08T01:01:55.884192+00:00,139.2,41,ask,,,11508284
2026-07-08T01:01:56.414240,2026-07-08T01:01:56.423939+00:00,139.3,42,bid,,,11508294
2026-07-08T01:01:57.462056,2026-07-08T01:01:57.469782+00:00,139.7,49,bid,,,11508311
2026-07-08T01:01:57.871073,2026-07-08T01:01:57.882631+00:00,139.7,50,bid,,,11508315
2026-07-08T01:01:58.164955,2026-07-08T01:01:58.175895+00:00,139.6,11,ask,,,11508318
2026-07-08T01:01:59.030375,2026-07-08T01:01:59.038223+00:00,139.6,12,ask,,,11508327
2026-07-08T01:01:59.980952,2026-07-08T01:01:59.992563+00:00,139.8,50,bid,,,11508336
2026-07-08T01:02:00.339956,2026-07-08T01:02:00.349035+00:00,139.6,11,ask,,,11508342
2026-07-08T01:02:02.137892,2026-07-08T01:02:02.158620+00:00,139.4,50,ask,,,11508361
2026-07-08T01:02:02.723115,2026-07-08T01:02:02.735056+00:00,139.4,46,ask,,,11508365
2026-07-08T01:02:04.259919,2026-07-08T01:02:04.271033+00:00,139.3,50,ask,,,11508389
2026-07-08T01:02:04.341754,2026-07-08T01:02:04.353439+00:00,139.3,42,ask,,,11508391
2026-07-08T01:02:04.823545,2026-07-08T01:02:04.835191+00:00,139.5,41,bid,,,11508399
2026-07-08T01:02:06.316400,2026-07-08T01:02:06.328156+00:00,139.5,50,bid,,,11508412
2026-07-08T01:02:08.425692,2026-07-08T01:02:08.434728+00:00,139.5,50,bid,,,11508435
2026-07-08T01:02:10.374168,2026-07-08T01:02:10.388361+00:00,139.3,46,ask,,,11508458
2026-07-08T01:02:10.532923,2026-07-08T01:02:10.544423+00:00,139.4,50,bid,,,11508461
2026-07-08T01:02:12.550023,2026-07-08T01:02:12.557506+00:00,139.4,40,bid,,,11508487
2026-07-08T01:02:12.641408,2026-07-08T01:02:12.653263+00:00,139.4,10,bid,,,11508488
2026-07-08T01:02:12.641408,2026-07-08T01:02:12.653263+00:00,139.4,40,bid,,,11508489
2026-07-08T01:02:14.752069,2026-07-08T01:02:14.763887+00:00,139.6,50,bid,,,11508516
2026-07-08T01:02:15.419309,2026-07-08T01:02:15.431290+00:00,139.2,45,ask,,,11508526
2026-07-08T01:02:16.863644,2026-07-08T01:02:16.874981+00:00,139.6,50,bid,,,11508546
2026-07-08T01:02:16.943015,2026-07-08T01:02:16.950828+00:00,139.6,41,bid,,,11508548
2026-07-08T01:02:17.132560,2026-07-08T01:02:17.141879+00:00,139.6,23,ask,,,11508551
2026-07-08T01:02:17.419782,2026-07-08T01:02:17.428955+00:00,139.6,23,ask,,,11508555
2026-07-08T01:02:17.999892,2026-07-08T01:02:18.015726+00:00,139.6,49,ask,,,11508565
2026-07-08T01:02:18.486489,2026-07-08T01:02:18.498439+00:00,139.7,48,bid,,,11508571
2026-07-08T01:02:18.541505,2026-07-08T01:02:18.553076+00:00,139.6,45,ask,,,11508572
2026-07-08T01:02:18.731045,2026-07-08T01:02:18.739927+00:00,139.7,12,bid,,,11508577
2026-07-08T01:02:18.971739,2026-07-08T01:02:18.983616+00:00,139.7,40,bid,,,11508582
2026-07-08T01:02:18.971739,2026-07-08T01:02:18.983616+00:00,140.1,10,bid,,,11508583
2026-07-08T01:02:20.122255,2026-07-08T01:02:20.128833+00:00,139.6,5,ask,,,11508594
2026-07-08T01:02:20.333527,2026-07-08T01:02:20.344164+00:00,139.6,5,ask,,,11508600
2026-07-08T01:02:20.340695,2026-07-08T01:02:20.349375+00:00,139.6,95,ask,,,11508601
2026-07-08T01:02:20.569838,2026-07-08T01:02:20.582449+00:00,139.1,5,ask,,,11508603
2026-07-08T01:02:21.081755,2026-07-08T01:02:21.093419+00:00,139.6,50,bid,,,11508607
2026-07-08T01:02:23.189589,2026-07-08T01:02:23.196234+00:00,139.6,5,bid,,,11508626
2026-07-08T01:02:23.189589,2026-07-08T01:02:23.201549+00:00,139.7,45,bid,,,11508627
2026-07-08T01:02:23.454428,2026-07-08T01:02:23.454833+00:00,139.7,55,bid,,,11508630
2026-07-08T01:02:24.456674,2026-07-08T01:02:24.468142+00:00,139.7,47,ask,,,11508645
2026-07-08T01:02:25.296109,2026-07-08T01:02:25.307636+00:00,140.2,50,bid,,,11508649
2026-07-08T01:02:27.403979,2026-07-08T01:02:27.415629+00:00,140.0,50,bid,,,11508669
2026-07-08T01:02:29.562827,2026-07-08T01:02:29.574081+00:00,139.8,50,ask,,,11508699
2026-07-08T01:02:31.669160,2026-07-08T01:02:31.676594+00:00,139.8,50,ask,,,11508727
2026-07-08T01:02:33.777932,2026-07-08T01:02:33.787475+00:00,139.7,50,ask,,,11508742
2026-07-08T01:02:35.889710,2026-07-08T01:02:35.899736+00:00,139.7,50,ask,,,11508766
2026-07-08T01:02:36.710622,2026-07-08T01:02:36.722066+00:00,139.9,40,bid,,,11508773
2026-07-08T01:02:38.204343,2026-07-08T01:02:38.211898+00:00,139.9,5,bid,,,11508789
2026-07-08T01:02:38.412680,2026-07-08T01:02:38.421832+00:00,139.6,5,ask,,,11508797
2026-07-08T01:02:38.833151,2026-07-08T01:02:38.844597+00:00,139.9,43,bid,,,11508805
2026-07-08T01:02:38.887958,2026-07-08T01:02:38.899478+00:00,139.6,42,ask,,,11508807
2026-07-08T01:02:41.528085,2026-07-08T01:02:41.540084+00:00,139.6,40,ask,,,11508828
2026-07-08T01:02:42.216532,2026-07-08T01:02:42.227665+00:00,139.6,50,ask,,,11508832
2026-07-08T01:02:42.500749,2026-07-08T01:02:42.511355+00:00,139.5,23,bid,,,11508836
2026-07-08T01:02:44.272286,2026-07-08T01:02:44.359320+00:00,139.5,50,bid,,,11508854
2026-07-08T01:02:45.257679,2026-07-08T01:02:45.268331+00:00,139.5,11,bid,,,11508868
2026-07-08T01:02:45.612310,2026-07-08T01:02:45.624119+00:00,139.9,45,bid,,,11508872
2026-07-08T01:02:46.162250,2026-07-08T01:02:46.174097+00:00,139.9,43,bid,,,11508881
2026-07-08T01:02:46.382406,2026-07-08T01:02:46.394018+00:00,139.9,12,bid,,,11508883
2026-07-08T01:02:46.382406,2026-07-08T01:02:46.394018+00:00,139.9,38,bid,,,11508884
2026-07-08T01:02:47.241611,2026-07-08T01:02:47.251523+00:00,139.9,5,bid,,,11508897
2026-07-08T01:02:47.451604,2026-07-08T01:02:47.458637+00:00,139.9,5,bid,,,11508902
2026-07-08T01:02:47.674066,2026-07-08T01:02:47.685647+00:00,139.4,5,ask,,,11508907
2026-07-08T01:02:47.819600,2026-07-08T01:02:47.831267+00:00,139.9,100,bid,,,11508914
2026-07-08T01:02:47.884501,2026-07-08T01:02:47.891988+00:00,139.4,5,ask,,,11508917
2026-07-08T01:02:48.521324,2026-07-08T01:02:48.533406+00:00,139.9,2,bid,,,11508928
2026-07-08T01:02:48.521324,2026-07-08T01:02:48.533406+00:00,140.4,48,bid,,,11508929
2026-07-08T01:02:48.697278,2026-07-08T01:02:48.704687+00:00,140.4,5,bid,,,11508935
2026-07-08T01:02:48.770019,2026-07-08T01:02:48.780419+00:00,140.2,46,ask,,,11508937
2026-07-08T01:02:48.837548,2026-07-08T01:02:48.849015+00:00,140.2,19,ask,,,11508941
2026-07-08T01:02:48.909824,2026-07-08T01:02:48.919431+00:00,140.2,5,ask,,,11508945
2026-07-08T01:02:50.635763,2026-07-08T01:02:50.647774+00:00,140.4,47,bid,,,11508966
2026-07-08T01:02:50.635763,2026-07-08T01:02:50.647774+00:00,140.7,3,bid,,,11508967
2026-07-08T01:02:54.924080,2026-07-08T01:02:54.935669+00:00,139.9,50,ask,,,11509012
2026-07-08T01:02:55.094123,2026-07-08T01:02:55.102623+00:00,139.9,44,ask,,,11509020
2026-07-08T01:02:55.690627,2026-07-08T01:02:55.702346+00:00,140.2,44,bid,,,11509032
2026-07-08T01:02:57.030993,2026-07-08T01:02:57.042559+00:00,139.9,50,ask,,,11509045
2026-07-08T01:02:57.968703,2026-07-08T01:02:57.975893+00:00,139.8,48,ask,,,11509055
2026-07-08T01:02:59.087976,2026-07-08T01:02:59.099544+00:00,140.3,50,bid,,,11509066
2026-07-08T01:02:59.179142,2026-07-08T01:02:59.190385+00:00,140.3,47,bid,,,11509071
2026-07-08T01:03:03.298420,2026-07-08T01:03:03.310295+00:00,140.4,50,bid,,,11509125
2026-07-08T01:03:05.406211,2026-07-08T01:03:05.417855+00:00,140.2,50,bid,,,11509149
2026-07-08T01:03:07.513954,2026-07-08T01:03:07.525667+00:00,140.2,50,bid,,,11509176
2026-07-08T01:03:07.769936,2026-07-08T01:03:07.780997+00:00,140.1,11,ask,,,11509179
2026-07-08T01:03:07.903870,2026-07-08T01:03:07.915799+00:00,140.1,20,ask,,,11509182
2026-07-08T01:03:07.947284,2026-07-08T01:03:07.954722+00:00,140.1,5,ask,,,11509185
2026-07-08T01:03:08.163362,2026-07-08T01:03:08.169986+00:00,140.1,5,ask,,,11509194
2026-07-08T01:03:08.182188,2026-07-08T01:03:08.190668+00:00,140.1,20,ask,,,11509196
2026-07-08T01:03:08.375514,2026-07-08T01:03:08.384814+00:00,140.1,5,ask,,,11509200
2026-07-08T01:03:08.445180,2026-07-08T01:03:08.452034+00:00,140.1,20,ask,,,11509202
2026-07-08T01:03:08.576490,2026-07-08T01:03:08.586634+00:00,140.1,3,ask,,,11509203
2026-07-08T01:03:08.585722,2026-07-08T01:03:08.601849+00:00,140.1,5,ask,,,11509206
2026-07-08T01:03:08.800672,2026-07-08T01:03:08.806921+00:00,140.1,5,ask,,,11509212
2026-07-08T01:03:09.010392,2026-07-08T01:03:09.017614+00:00,140.1,5,ask,,,11509216
2026-07-08T01:03:09.220675,2026-07-08T01:03:09.231602+00:00,140.1,5,ask,,,11509219
2026-07-08T01:03:09.430495,2026-07-08T01:03:09.437217+00:00,140.1,5,ask,,,11509224
2026-07-08T01:03:09.621171,2026-07-08T01:03:09.632722+00:00,140.3,50,bid,,,11509228
2026-07-08T01:03:09.849419,2026-07-08T01:03:09.854056+00:00,140.1,5,ask,,,11509236
2026-07-08T01:03:09.852285,2026-07-08T01:03:09.854056+00:00,140.1,26,ask,,,11509237
2026-07-08T01:03:09.852285,2026-07-08T01:03:09.854056+00:00,139.8,16,ask,,,11509238
2026-07-08T01:03:10.986493,2026-07-08T01:03:10.996548+00:00,139.9,3,bid,,,11509252
2026-07-08T01:03:11.728429,2026-07-08T01:03:11.740129+00:00,139.9,50,bid,,,11509263
2026-07-08T01:03:11.874822,2026-07-08T01:03:11.890163+00:00,139.9,11,bid,,,11509265
2026-07-08T01:03:11.954167,2026-07-08T01:03:11.966676+00:00,139.8,47,ask,,,11509268
2026-07-08T01:03:12.061856,2026-07-08T01:03:12.068712+00:00,139.9,5,bid,,,11509273
2026-07-08T01:03:12.271095,2026-07-08T01:03:12.281012+00:00,139.9,5,bid,,,11509278
2026-07-08T01:03:12.490140,2026-07-08T01:03:12.501511+00:00,139.8,5,ask,,,11509286
2026-07-08T01:03:12.700741,2026-07-08T01:03:12.711587+00:00,139.8,5,ask,,,11509291
2026-07-08T01:03:13.015720,2026-07-08T01:03:13.024995+00:00,139.9,45,bid,,,11509294
2026-07-08T01:03:13.312334,2026-07-08T01:03:13.323518+00:00,139.9,5,bid,,,11509298
2026-07-08T01:03:13.522059,2026-07-08T01:03:13.528734+00:00,139.9,5,bid,,,11509301
2026-07-08T01:03:13.604319,2026-07-08T01:03:13.616207+00:00,139.9,21,bid,,,11509302
2026-07-08T01:03:13.604319,2026-07-08T01:03:13.616207+00:00,140.1,28,bid,,,11509303
2026-07-08T01:03:13.733253,2026-07-08T01:03:13.743766+00:00,139.6,5,ask,,,11509306
2026-07-08T01:03:13.889056,2026-07-08T01:03:13.900802+00:00,139.6,50,ask,,,11509315
2026-07-08T01:03:13.944475,2026-07-08T01:03:13.955277+00:00,139.6,5,ask,,,11509318
2026-07-08T01:03:14.083304,2026-07-08T01:03:14.093019+00:00,140.1,72,bid,,,11509322
2026-07-08T01:03:14.159681,2026-07-08T01:03:14.168666+00:00,140.2,11,ask,,,11509325
2026-07-08T01:03:14.385666,2026-07-08T01:03:14.395664+00:00,140.2,3,ask,,,11509332
2026-07-08T01:03:15.996699,2026-07-08T01:03:16.008826+00:00,140.2,50,ask,,,11509342
2026-07-08T01:03:18.020526,2026-07-08T01:03:18.029598+00:00,140.2,3,bid,,,11509363
2026-07-08T01:03:20.211360,2026-07-08T01:03:20.218608+00:00,140.0,50,ask,,,11509395
2026-07-08T01:03:22.267220,2026-07-08T01:03:22.278959+00:00,140.3,50,bid,,,11509419
2026-07-08T01:03:22.296679,2026-07-08T01:03:22.304057+00:00,140.0,42,ask,,,11509420
2026-07-08T01:03:24.375107,2026-07-08T01:03:24.382919+00:00,140.3,50,bid,,,11509443
2026-07-08T01:03:25.282747,2026-07-08T01:03:25.290932+00:00,139.9,45,ask,,,11509453
2026-07-08T01:03:28.588694,2026-07-08T01:03:28.600121+00:00,140.5,50,bid,,,11509484
2026-07-08T01:03:30.695366,2026-07-08T01:03:30.704329+00:00,140.6,50,bid,,,11509507
2026-07-08T01:03:30.910085,2026-07-08T01:03:30.921423+00:00,140.6,47,bid,,,11509511
2026-07-08T01:03:31.444225,2026-07-08T01:03:31.458545+00:00,140.2,41,ask,,,11509518
2026-07-08T01:03:32.478855,2026-07-08T01:03:32.488985+00:00,140.6,42,bid,,,11509530
2026-07-08T01:03:32.801753,2026-07-08T01:03:32.814003+00:00,140.6,11,bid,,,11509533
2026-07-08T01:03:32.801753,2026-07-08T01:03:32.814003+00:00,140.6,39,bid,,,11509534
2026-07-08T01:03:33.089580,2026-07-08T01:03:33.100367+00:00,140.6,61,bid,,,11509540
2026-07-08T01:03:33.159503,2026-07-08T01:03:33.167872+00:00,140.7,3,ask,,,11509542
2026-07-08T01:03:33.741255,2026-07-08T01:03:33.751158+00:00,140.7,3,ask,,,11509551
2026-07-08T01:03:34.913149,2026-07-08T01:03:34.925952+00:00,141.0,10,bid,,,11509570
2026-07-08T01:03:34.913149,2026-07-08T01:03:34.925952+00:00,141.1,40,bid,,,11509571
2026-07-08T01:03:35.354749,2026-07-08T01:03:35.366761+00:00,140.7,83,ask,,,11509579
2026-07-08T01:03:35.944508,2026-07-08T01:03:35.956105+00:00,140.2,44,ask,,,11509586
2026-07-08T01:03:36.300405,2026-07-08T01:03:36.312184+00:00,140.7,10,bid,,,11509588
2026-07-08T01:03:37.020212,2026-07-08T01:03:37.031974+00:00,140.7,7,bid,,,11509607
2026-07-08T01:03:37.020212,2026-07-08T01:03:37.031974+00:00,140.7,43,bid,,,11509608
2026-07-08T01:03:39.136645,2026-07-08T01:03:39.145592+00:00,140.7,50,bid,,,11509628
2026-07-08T01:03:40.138262,2026-07-08T01:03:40.147019+00:00,140.7,10,bid,,,11509640
2026-07-08T01:03:41.698445,2026-07-08T01:03:41.710176+00:00,140.4,100,ask,,,11509668
2026-07-08T01:03:43.324220,2026-07-08T01:03:43.335983+00:00,140.5,46,bid,,,11509689
2026-07-08T01:03:44.350581,2026-07-08T01:03:44.364184+00:00,140.0,49,ask,,,11509706
2026-07-08T01:03:45.475605,2026-07-08T01:03:45.487762+00:00,140.5,50,bid,,,11509722
2026-07-08T01:03:48.207637,2026-07-08T01:03:48.218305+00:00,140.5,47,ask,,,11509747
2026-07-08T01:03:49.746476,2026-07-08T01:03:49.758563+00:00,140.6,46,bid,,,11509773
2026-07-08T01:03:49.801590,2026-07-08T01:03:49.813335+00:00,140.5,40,ask,,,11509774
2026-07-08T01:03:50.653442,2026-07-08T01:03:50.689636+00:00,140.5,11,ask,,,11509785
2026-07-08T01:03:51.866906,2026-07-08T01:03:51.878710+00:00,140.1,50,ask,,,11509808
2026-07-08T01:03:53.923408,2026-07-08T01:03:53.929817+00:00,140.4,50,bid,,,11509827
2026-07-08T01:03:56.084131,2026-07-08T01:03:56.095635+00:00,140.2,50,ask,,,11509851
2026-07-08T01:03:58.869066,2026-07-08T01:03:58.880686+00:00,140.5,44,bid,,,11509888
2026-07-08T01:04:00.243316,2026-07-08T01:04:00.254720+00:00,140.5,50,bid,,,11509901
2026-07-08T01:04:01.584934,2026-07-08T01:04:01.594203+00:00,140.5,48,ask,,,11509918
2026-07-08T01:04:02.359707,2026-07-08T01:04:02.372867+00:00,140.5,12,ask,,,11509928
2026-07-08T01:04:02.364918,2026-07-08T01:04:02.372867+00:00,140.6,50,bid,,,11509929
2026-07-08T01:04:02.456011,2026-07-08T01:04:02.464195+00:00,140.5,20,ask,,,11509933
2026-07-08T01:04:02.681900,2026-07-08T01:04:02.692258+00:00,140.6,45,bid,,,11509938
2026-07-08T01:04:02.769800,2026-07-08T01:04:02.779338+00:00,140.5,20,ask,,,11509942
2026-07-08T01:04:02.804176,2026-07-08T01:04:02.813169+00:00,140.5,11,ask,,,11509943
2026-07-08T01:04:02.823192,2026-07-08T01:04:02.834010+00:00,140.5,5,ask,,,11509946
2026-07-08T01:04:03.032206,2026-07-08T01:04:03.043616+00:00,140.5,5,ask,,,11509949
2026-07-08T01:04:03.041007,2026-07-08T01:04:03.048819+00:00,140.5,20,ask,,,11509950
2026-07-08T01:04:03.240557,2026-07-08T01:04:03.249082+00:00,140.5,5,ask,,,11509958
2026-07-08T01:04:03.342407,2026-07-08T01:04:03.358586+00:00,140.5,4,ask,,,11509960
2026-07-08T01:04:03.449819,2026-07-08T01:04:03.456675+00:00,140.1,5,ask,,,11509963
2026-07-08T01:04:03.658482,2026-07-08T01:04:03.669751+00:00,140.1,5,ask,,,11509967
2026-07-08T01:04:04.068765,2026-07-08T01:04:04.077189+00:00,140.8,5,bid,,,11509974
2026-07-08T01:04:04.278424,2026-07-08T01:04:04.287362+00:00,140.8,5,bid,,,11509976
2026-07-08T01:04:04.471689,2026-07-08T01:04:04.479738+00:00,140.8,50,bid,,,11509977
2026-07-08T01:04:04.492952,2026-07-08T01:04:04.500872+00:00,140.8,5,bid,,,11509979
2026-07-08T01:04:04.654930,2026-07-08T01:04:04.661618+00:00,140.3,44,ask,,,11509982
2026-07-08T01:04:04.708939,2026-07-08T01:04:04.716218+00:00,140.8,5,bid,,,11509987
2026-07-08T01:04:04.801890,2026-07-08T01:04:04.813687+00:00,140.3,56,ask,,,11509992
2026-07-08T01:04:04.814749,2026-07-08T01:04:04.829456+00:00,140.2,34,bid,,,11509994
2026-07-08T01:04:04.919660,2026-07-08T01:04:04.926411+00:00,140.2,5,bid,,,11510001
2026-07-08T01:04:05.017516,2026-07-08T01:04:05.029202+00:00,140.2,20,bid,,,11510003
2026-07-08T01:04:05.050315,2026-07-08T01:04:05.059549+00:00,139.7,20,ask,,,11510004
2026-07-08T01:04:06.747494,2026-07-08T01:04:06.759117+00:00,140.2,35,bid,,,11510020
2026-07-08T01:04:06.990461,2026-07-08T01:04:07.001428+00:00,140.8,5,bid,,,11510025
2026-07-08T01:04:07.201406,2026-07-08T01:04:07.212829+00:00,140.0,5,ask,,,11510032
2026-07-08T01:04:07.796720,2026-07-08T01:04:07.808444+00:00,140.5,5,bid,,,11510037
2026-07-08T01:04:08.766965,2026-07-08T01:04:08.778991+00:00,140.1,50,ask,,,11510048
2026-07-08T01:04:09.453607,2026-07-08T01:04:09.465742+00:00,140.1,48,ask,,,11510062
2026-07-08T01:04:10.610019,2026-07-08T01:04:10.623172+00:00,140.6,48,bid,,,11510082
2026-07-08T01:04:10.876594,2026-07-08T01:04:10.888765+00:00,140.1,50,ask,,,11510084
2026-07-08T01:04:11.142239,2026-07-08T01:04:11.158547+00:00,140.1,100,ask,,,11510086
2026-07-08T01:04:11.212476,2026-07-08T01:04:11.221260+00:00,139.5,42,ask,,,11510089
2026-07-08T01:04:11.392784,2026-07-08T01:04:11.404268+00:00,140.0,20,bid,,,11510091
2026-07-08T01:04:11.657289,2026-07-08T01:04:11.668826+00:00,140.0,20,bid,,,11510095
2026-07-08T01:04:11.922879,2026-07-08T01:04:11.934411+00:00,140.0,10,bid,,,11510099
2026-07-08T01:04:12.019553,2026-07-08T01:04:12.030667+00:00,140.6,5,bid,,,11510102
2026-07-08T01:04:12.233270,2026-07-08T01:04:12.242453+00:00,140.6,5,bid,,,11510104
2026-07-08T01:04:12.442412,2026-07-08T01:04:12.458604+00:00,140.6,5,bid,,,11510110
2026-07-08T01:04:12.652999,2026-07-08T01:04:12.658558+00:00,140.6,5,bid,,,11510114
2026-07-08T01:04:12.867071,2026-07-08T01:04:12.876907+00:00,140.6,5,bid,,,11510118
2026-07-08T01:04:13.479285,2026-07-08T01:04:13.490005+00:00,139.7,5,ask,,,11510123
2026-07-08T01:04:13.707201,2026-07-08T01:04:13.714749+00:00,139.7,5,ask,,,11510130
2026-07-08T01:04:13.920324,2026-07-08T01:04:13.927457+00:00,139.7,5,ask,,,11510133
2026-07-08T01:04:14.131274,2026-07-08T01:04:14.138784+00:00,139.7,5,ask,,,11510135
2026-07-08T01:04:14.641228,2026-07-08T01:04:14.652717+00:00,140.0,43,ask,,,11510139
2026-07-08T01:04:15.130333,2026-07-08T01:04:15.144693+00:00,140.0,50,ask,,,11510143
2026-07-08T01:04:17.263446,2026-07-08T01:04:17.274437+00:00,140.0,50,ask,,,11510165
2026-07-08T01:04:17.509025,2026-07-08T01:04:17.519297+00:00,139.9,3,bid,,,11510169
2026-07-08T01:04:17.583057,2026-07-08T01:04:17.594981+00:00,139.9,14,bid,,,11510171
2026-07-08T01:04:19.369098,2026-07-08T01:04:19.380695+00:00,139.9,40,bid,,,11510192
2026-07-08T01:04:19.373531,2026-07-08T01:04:19.380695+00:00,139.7,50,ask,,,11510193
2026-07-08T01:04:19.927185,2026-07-08T01:04:19.938807+00:00,139.9,46,bid,,,11510206
2026-07-08T01:04:23.563432,2026-07-08T01:04:23.574876+00:00,140.0,50,bid,,,11510258
2026-07-08T01:04:23.644849,2026-07-08T01:04:23.651668+00:00,140.0,48,bid,,,11510259
2026-07-08T01:04:25.669434,2026-07-08T01:04:25.690902+00:00,140.0,2,bid,,,11510282
2026-07-08T01:04:25.669434,2026-07-08T01:04:25.690902+00:00,140.1,48,bid,,,11510283
2026-07-08T01:04:27.777767,2026-07-08T01:04:27.789506+00:00,140.2,50,bid,,,11510311
2026-07-08T01:04:28.199728,2026-07-08T01:04:28.211339+00:00,139.7,41,ask,,,11510320
2026-07-08T01:04:28.796353,2026-07-08T01:04:28.806085+00:00,139.7,42,ask,,,11510323
2026-07-08T01:04:29.300477,2026-07-08T01:04:29.312105+00:00,140.2,45,bid,,,11510328
2026-07-08T01:04:29.963216,2026-07-08T01:04:29.975451+00:00,139.7,50,ask,,,11510338
2026-07-08T01:04:31.232558,2026-07-08T01:04:31.244009+00:00,139.7,48,ask,,,11510352
2026-07-08T01:04:31.724568,2026-07-08T01:04:31.732897+00:00,140.1,47,bid,,,11510361
2026-07-08T01:04:32.020027,2026-07-08T01:04:32.030031+00:00,140.1,50,bid,,,11510365
2026-07-08T01:04:33.279414,2026-07-08T01:04:33.291287+00:00,139.7,100,bid,,,11510379
2026-07-08T01:04:33.349010,2026-07-08T01:04:33.361236+00:00,140.0,3,ask,,,11510380
2026-07-08T01:04:33.825651,2026-07-08T01:04:33.835648+00:00,140.0,23,ask,,,11510383
2026-07-08T01:04:33.983359,2026-07-08T01:04:33.994989+00:00,140.0,20,ask,,,11510386
2026-07-08T01:04:34.179019,2026-07-08T01:04:34.190615+00:00,140.0,4,ask,,,11510390
2026-07-08T01:04:34.179019,2026-07-08T01:04:34.190615+00:00,139.2,46,ask,,,11510391
2026-07-08T01:04:34.380776,2026-07-08T01:04:34.389818+00:00,140.5,5,bid,,,11510395
2026-07-08T01:04:34.591418,2026-07-08T01:04:34.602846+00:00,140.5,5,bid,,,11510398
2026-07-08T01:04:34.822408,2026-07-08T01:04:34.833300+00:00,140.5,5,bid,,,11510404
2026-07-08T01:04:35.032091,2026-07-08T01:04:35.041757+00:00,140.5,5,bid,,,11510410
2026-07-08T01:04:35.242457,2026-07-08T01:04:35.253702+00:00,140.5,5,bid,,,11510416
2026-07-08T01:04:35.652494,2026-07-08T01:04:35.651559+00:00,139.4,5,ask,,,11510423
2026-07-08T01:04:35.863211,2026-07-08T01:04:35.871852+00:00,139.4,5,ask,,,11510425
2026-07-08T01:04:36.073517,2026-07-08T01:04:36.084912+00:00,139.4,5,ask,,,11510429
2026-07-08T01:04:36.239196,2026-07-08T01:04:36.246185+00:00,139.9,50,bid,,,11510436
2026-07-08T01:04:36.284526,2026-07-08T01:04:36.295724+00:00,139.4,5,ask,,,11510438
2026-07-08T01:04:36.421084,2026-07-08T01:04:36.433265+00:00,139.4,49,ask,,,11510439
2026-07-08T01:04:36.497821,2026-07-08T01:04:36.507426+00:00,139.4,5,ask,,,11510441
2026-07-08T01:04:37.900229,2026-07-08T01:04:37.912445+00:00,139.8,48,bid,,,11510455
2026-07-08T01:04:38.346910,2026-07-08T01:04:38.358488+00:00,139.8,50,bid,,,11510466
2026-07-08T01:04:38.554088,2026-07-08T01:04:38.565618+00:00,139.4,26,ask,,,11510473
2026-07-08T01:04:38.554088,2026-07-08T01:04:38.565618+00:00,139.3,16,ask,,,11510474
2026-07-08T01:04:38.732609,2026-07-08T01:04:38.742127+00:00,139.7,12,bid,,,11510479
2026-07-08T01:04:39.557313,2026-07-08T01:04:39.569009+00:00,139.7,48,bid,,,11510494
2026-07-08T01:04:40.487155,2026-07-08T01:04:40.494105+00:00,139.7,40,bid,,,11510509
2026-07-08T01:04:40.487155,2026-07-08T01:04:40.499541+00:00,140.1,10,bid,,,11510510
2026-07-08T01:04:41.008383,2026-07-08T01:04:41.019928+00:00,139.6,46,ask,,,11510514
2026-07-08T01:04:42.033621,2026-07-08T01:04:42.041493+00:00,139.9,47,bid,,,11510534
2026-07-08T01:04:42.595133,2026-07-08T01:04:42.604465+00:00,139.9,50,bid,,,11510543
2026-07-08T01:04:44.701836,2026-07-08T01:04:44.713883+00:00,139.9,3,bid,,,11510581
2026-07-08T01:04:44.701836,2026-07-08T01:04:44.713883+00:00,139.9,47,bid,,,11510582
2026-07-08T01:04:45.319839,2026-07-08T01:04:45.331384+00:00,139.9,5,bid,,,11510590
2026-07-08T01:04:45.532495,2026-07-08T01:04:45.542232+00:00,139.9,5,bid,,,11510594
2026-07-08T01:04:45.743554,2026-07-08T01:04:45.758810+00:00,139.7,5,ask,,,11510599
2026-07-08T01:04:45.954904,2026-07-08T01:04:45.963959+00:00,139.9,5,ask,,,11510604
2026-07-08T01:04:46.811771,2026-07-08T01:04:46.823524+00:00,140.2,50,bid,,,11510616
2026-07-08T01:04:48.165121,2026-07-08T01:04:48.173209+00:00,140.0,12,ask,,,11510640
2026-07-08T01:04:48.271654,2026-07-08T01:04:48.279710+00:00,140.0,11,ask,,,11510646
2026-07-08T01:04:48.366482,2026-07-08T01:04:48.374237+00:00,140.0,5,ask,,,11510651
2026-07-08T01:04:48.396265,2026-07-08T01:04:48.403901+00:00,140.0,47,ask,,,11510654
2026-07-08T01:04:48.576282,2026-07-08T01:04:48.582877+00:00,140.0,5,ask,,,11510658
2026-07-08T01:04:48.786602,2026-07-08T01:04:48.797615+00:00,140.0,5,ask,,,11510664
2026-07-08T01:04:48.918293,2026-07-08T01:04:48.930218+00:00,140.2,10,bid,,,11510667
2026-07-08T01:04:48.918293,2026-07-08T01:04:48.930218+00:00,140.4,40,bid,,,11510668
2026-07-08T01:04:48.997190,2026-07-08T01:04:49.008318+00:00,140.0,5,ask,,,11510671
2026-07-08T01:04:49.207835,2026-07-08T01:04:49.219063+00:00,140.0,5,ask,,,11510676
2026-07-08T01:04:49.618902,2026-07-08T01:04:49.630117+00:00,140.2,5,bid,,,11510685
2026-07-08T01:04:49.829976,2026-07-08T01:04:49.841030+00:00,140.4,5,bid,,,11510688
2026-07-08T01:04:50.042892,2026-07-08T01:04:50.052197+00:00,140.4,5,bid,,,11510691
2026-07-08T01:04:50.254004,2026-07-08T01:04:50.254893+00:00,140.4,5,bid,,,11510694
2026-07-08T01:04:50.434502,2026-07-08T01:04:50.446489+00:00,140.0,5,ask,,,11510697
2026-07-08T01:04:50.434502,2026-07-08T01:04:50.446489+00:00,139.9,39,ask,,,11510698
2026-07-08T01:04:50.465656,2026-07-08T01:04:50.477047+00:00,140.4,5,bid,,,11510700
2026-07-08T01:04:51.080088,2026-07-08T01:04:51.086979+00:00,139.9,50,ask,,,11510705
2026-07-08T01:04:51.087250,2026-07-08T01:04:51.097638+00:00,140.4,41,bid,,,11510706
2026-07-08T01:04:51.141202,2026-07-08T01:04:51.158623+00:00,139.9,47,ask,,,11510708
2026-07-08T01:04:53.186782,2026-07-08T01:04:53.198289+00:00,139.8,50,ask,,,11510741
2026-07-08T01:04:55.092894,2026-07-08T01:04:55.104785+00:00,140.1,10,bid,,,11510767
2026-07-08T01:04:55.292484,2026-07-08T01:04:55.304061+00:00,139.8,50,ask,,,11510770
2026-07-08T01:04:56.815335,2026-07-08T01:04:56.822344+00:00,140.1,49,bid,,,11510791
2026-07-08T01:04:57.312793,2026-07-08T01:04:57.321315+00:00,140.1,11,bid,,,11510797
2026-07-08T01:04:57.401431,2026-07-08T01:04:57.410423+00:00,139.6,50,ask,,,11510800
2026-07-08T01:04:57.449383,2026-07-08T01:04:57.455756+00:00,140.1,5,bid,,,11510801
2026-07-08T01:04:58.227999,2026-07-08T01:04:58.234998+00:00,140.1,47,bid,,,11510814
2026-07-08T01:04:59.507211,2026-07-08T01:04:59.519247+00:00,139.8,50,ask,,,11510831
2026-07-08T01:04:59.674978,2026-07-08T01:04:59.684909+00:00,139.8,44,ask,,,11510836
2026-07-08T01:05:00.868511,2026-07-08T01:05:00.880174+00:00,139.8,100,ask,,,11510848
2026-07-08T01:05:01.200276,2026-07-08T01:05:01.211909+00:00,139.8,46,ask,,,11510852
2026-07-08T01:05:01.618305,2026-07-08T01:05:01.630043+00:00,139.8,4,ask,,,11510860
2026-07-08T01:05:01.618305,2026-07-08T01:05:01.630043+00:00,139.2,46,ask,,,11510861
2026-07-08T01:05:01.690987,2026-07-08T01:05:01.697772+00:00,140.3,5,bid,,,11510864
2026-07-08T01:05:01.816389,2026-07-08T01:05:01.827010+00:00,139.6,26,bid,,,11510869
2026-07-08T01:05:01.902356,2026-07-08T01:05:01.918144+00:00,139.2,5,ask,,,11510872
2026-07-08T01:05:02.211120,2026-07-08T01:05:02.222671+00:00,139.6,20,bid,,,11510880
2026-07-08T01:05:02.300135,2026-07-08T01:05:02.311960+00:00,139.2,20,ask,,,11510881
2026-07-08T01:05:02.589224,2026-07-08T01:05:02.597735+00:00,139.6,20,bid,,,11510886
2026-07-08T01:05:03.728340,2026-07-08T01:05:03.736123+00:00,139.2,29,ask,,,11510903
2026-07-08T01:05:03.728340,2026-07-08T01:05:03.741163+00:00,139.1,21,ask,,,11510904
2026-07-08T01:05:05.494733,2026-07-08T01:05:05.506177+00:00,139.7,10,bid,,,11510928
2026-07-08T01:05:06.735807,2026-07-08T01:05:06.747356+00:00,139.7,41,bid,,,11510946
2026-07-08T01:05:07.139253,2026-07-08T01:05:07.158766+00:00,139.7,100,bid,,,11510952
2026-07-08T01:05:07.834921,2026-07-08T01:05:07.843021+00:00,139.7,41,bid,,,11510976
2026-07-08T01:05:07.890761,2026-07-08T01:05:07.902420+00:00,139.7,9,bid,,,11510978
2026-07-08T01:05:07.890761,2026-07-08T01:05:07.902420+00:00,140.2,41,bid,,,11510979
2026-07-08T01:05:07.921273,2026-07-08T01:05:07.932795+00:00,139.2,5,ask,,,11510981
2026-07-08T01:05:08.085768,2026-07-08T01:05:08.098011+00:00,140.0,3,ask,,,11510982
2026-07-08T01:05:08.137441,2026-07-08T01:05:08.149955+00:00,140.2,5,bid,,,11510986
2026-07-08T01:05:09.290086,2026-07-08T01:05:09.298552+00:00,140.0,34,ask,,,11511000
2026-07-08T01:05:09.365219,2026-07-08T01:05:09.374436+00:00,140.0,5,ask,,,11511004
2026-07-08T01:05:09.426502,2026-07-08T01:05:09.437903+00:00,140.0,46,ask,,,11511009
2026-07-08T01:05:09.575602,2026-07-08T01:05:09.586694+00:00,140.0,5,ask,,,11511013
2026-07-08T01:05:09.788476,2026-07-08T01:05:09.797867+00:00,140.0,5,ask,,,11511016
2026-07-08T01:05:09.999469,2026-07-08T01:05:10.010960+00:00,140.0,5,ask,,,11511019
2026-07-08T01:05:10.209194,2026-07-08T01:05:10.216108+00:00,140.0,5,ask,,,11511028
2026-07-08T01:05:10.355570,2026-07-08T01:05:10.373821+00:00,140.0,42,ask,,,11511031
2026-07-08T01:05:10.365036,2026-07-08T01:05:10.373821+00:00,139.7,11,bid,,,11511032
2026-07-08T01:05:10.418546,2026-07-08T01:05:10.427151+00:00,139.7,5,bid,,,11511035
2026-07-08T01:05:10.598575,2026-07-08T01:05:10.608711+00:00,139.7,12,bid,,,11511037
2026-07-08T01:05:10.637589,2026-07-08T01:05:10.648281+00:00,139.7,14,bid,,,11511040
2026-07-08T01:05:10.641015,2026-07-08T01:05:10.648281+00:00,139.7,5,bid,,,11511041
2026-07-08T01:05:10.852161,2026-07-08T01:05:10.858564+00:00,139.7,5,bid,,,11511044
2026-07-08T01:05:11.062305,2026-07-08T01:05:11.073617+00:00,139.7,5,bid,,,11511049
2026-07-08T01:05:11.272953,2026-07-08T01:05:11.283392+00:00,139.7,1,bid,,,11511052
2026-07-08T01:05:11.488346,2026-07-08T01:05:11.498748+00:00,139.8,2,bid,,,11511056
2026-07-08T01:05:11.707624,2026-07-08T01:05:11.717967+00:00,139.8,2,bid,,,11511061
2026-07-08T01:05:12.107180,2026-07-08T01:05:12.118966+00:00,139.8,50,bid,,,11511064
2026-07-08T01:05:13.463540,2026-07-08T01:05:13.475190+00:00,139.8,96,bid,,,11511085
2026-07-08T01:05:14.423947,2026-07-08T01:05:14.433679+00:00,140.0,3,ask,,,11511093
2026-07-08T01:05:16.075298,2026-07-08T01:05:16.086020+00:00,140.0,48,ask,,,11511117
2026-07-08T01:05:16.370460,2026-07-08T01:05:16.382123+00:00,140.0,50,ask,,,11511118
2026-07-08T01:05:17.725890,2026-07-08T01:05:17.736935+00:00,140.2,5,bid,,,11511131
2026-07-08T01:05:17.940414,2026-07-08T01:05:17.947688+00:00,139.7,5,ask,,,11511137
2026-07-08T01:05:19.194387,2026-07-08T01:05:19.206129+00:00,140.2,46,bid,,,11511155
2026-07-08T01:05:20.584869,2026-07-08T01:05:20.596054+00:00,139.9,50,ask,,,11511178
2026-07-08T01:05:20.722502,2026-07-08T01:05:20.729446+00:00,140.4,48,bid,,,11511180
2026-07-08T01:05:22.691357,2026-07-08T01:05:22.700165+00:00,139.9,50,ask,,,11511203
2026-07-08T01:05:22.838101,2026-07-08T01:05:22.849919+00:00,140.2,49,bid,,,11511206
2026-07-08T01:05:24.798455,2026-07-08T01:05:24.807426+00:00,140.1,50,ask,,,11511225
2026-07-08T01:05:25.377896,2026-07-08T01:05:25.389469+00:00,140.1,43,ask,,,11511236
2026-07-08T01:05:26.171939,2026-07-08T01:05:26.183523+00:00,140.1,57,ask,,,11511248
2026-07-08T01:05:26.905937,2026-07-08T01:05:26.917280+00:00,139.6,50,ask,,,11511257
2026-07-08T01:05:27.126324,2026-07-08T01:05:27.135029+00:00,139.8,3,bid,,,11511260
2026-07-08T01:05:28.050208,2026-07-08T01:05:28.058587+00:00,139.8,41,bid,,,11511271
2026-07-08T01:05:28.129407,2026-07-08T01:05:28.139380+00:00,139.6,44,ask,,,11511273
2026-07-08T01:05:31.143322,2026-07-08T01:05:31.158544+00:00,139.6,50,ask,,,11511328
2026-07-08T01:05:33.249465,2026-07-08T01:05:33.258537+00:00,139.6,50,ask,,,11511351
2026-07-08T01:05:35.402261,2026-07-08T01:05:35.410864+00:00,139.7,49,ask,,,11511372
2026-07-08T01:05:36.859457,2026-07-08T01:05:36.869402+00:00,139.9,14,bid,,,11511393
2026-07-08T01:05:36.947109,2026-07-08T01:05:36.958905+00:00,139.9,20,bid,,,11511398
2026-07-08T01:05:36.976901,2026-07-08T01:05:36.988240+00:00,139.9,5,bid,,,11511401
2026-07-08T01:05:37.215355,2026-07-08T01:05:37.226608+00:00,139.9,20,bid,,,11511404
2026-07-08T01:05:37.219243,2026-07-08T01:05:37.226608+00:00,139.9,5,bid,,,11511405
2026-07-08T01:05:37.431087,2026-07-08T01:05:37.441880+00:00,139.9,5,bid,,,11511409
2026-07-08T01:05:37.463219,2026-07-08T01:05:37.475203+00:00,139.4,50,ask,,,11511410
2026-07-08T01:05:37.482143,2026-07-08T01:05:37.494031+00:00,139.9,20,bid,,,11511411
2026-07-08T01:05:37.643811,2026-07-08T01:05:37.656115+00:00,139.9,5,bid,,,11511416
2026-07-08T01:05:37.745957,2026-07-08T01:05:37.758581+00:00,139.9,6,bid,,,11511420
2026-07-08T01:05:37.745957,2026-07-08T01:05:37.758581+00:00,139.9,9,bid,,,11511421
2026-07-08T01:05:37.853060,2026-07-08T01:05:37.858549+00:00,139.9,5,bid,,,11511429
2026-07-08T01:05:38.013278,2026-07-08T01:05:38.023673+00:00,139.9,4,bid,,,11511436
2026-07-08T01:05:38.262722,2026-07-08T01:05:38.274250+00:00,139.9,5,bid,,,11511441
2026-07-08T01:05:38.471491,2026-07-08T01:05:38.480309+00:00,139.9,5,bid,,,11511444
2026-07-08T01:05:38.684520,2026-07-08T01:05:38.691323+00:00,139.9,5,bid,,,11511448
2026-07-08T01:05:38.897538,2026-07-08T01:05:38.909026+00:00,139.9,5,bid,,,11511452
2026-07-08T01:05:39.112252,2026-07-08T01:05:39.120954+00:00,139.9,5,bid,,,11511459
2026-07-08T01:05:39.571543,2026-07-08T01:05:39.583453+00:00,139.6,50,ask,,,11511461
2026-07-08T01:05:39.798079,2026-07-08T01:05:39.809528+00:00,140.1,40,bid,,,11511465
2026-07-08T01:05:40.963205,2026-07-08T01:05:40.975012+00:00,140.1,43,bid,,,11511489
2026-07-08T01:05:41.018118,2026-07-08T01:05:41.029829+00:00,139.7,41,ask,,,11511490
2026-07-08T01:05:41.680897,2026-07-08T01:05:41.688205+00:00,139.7,50,ask,,,11511498
2026-07-08T01:05:42.113486,2026-07-08T01:05:42.119574+00:00,139.7,11,ask,,,11511507
2026-07-08T01:05:42.216870,2026-07-08T01:05:42.228755+00:00,139.7,47,ask,,,11511508
2026-07-08T01:05:42.940091,2026-07-08T01:05:42.951941+00:00,139.6,100,ask,,,11511520
2026-07-08T01:05:42.953125,2026-07-08T01:05:42.958733+00:00,139.6,11,bid,,,11511521
2026-07-08T01:05:43.418453,2026-07-08T01:05:43.427105+00:00,139.6,12,bid,,,11511527
2026-07-08T01:05:43.736443,2026-07-08T01:05:43.748260+00:00,139.6,27,bid,,,11511529
2026-07-08T01:05:43.736443,2026-07-08T01:05:43.748260+00:00,140.1,23,bid,,,11511530
2026-07-08T01:05:43.820302,2026-07-08T01:05:43.831949+00:00,140.1,44,bid,,,11511531
2026-07-08T01:05:43.934062,2026-07-08T01:05:43.945280+00:00,140.1,5,bid,,,11511533
2026-07-08T01:05:44.143929,2026-07-08T01:05:44.148461+00:00,140.1,5,bid,,,11511538
2026-07-08T01:05:44.355161,2026-07-08T01:05:44.364124+00:00,140.1,5,bid,,,11511544
2026-07-08T01:05:44.565945,2026-07-08T01:05:44.576909+00:00,140.1,5,bid,,,11511546
2026-07-08T01:05:44.775624,2026-07-08T01:05:44.781907+00:00,140.1,5,bid,,,11511551
2026-07-08T01:05:44.927693,2026-07-08T01:05:44.939219+00:00,140.1,8,bid,,,11511557
2026-07-08T01:05:45.187685,2026-07-08T01:05:45.198945+00:00,139.7,5,ask,,,11511561
2026-07-08T01:05:45.398764,2026-07-08T01:05:45.409546+00:00,139.7,5,ask,,,11511563
2026-07-08T01:05:45.608360,2026-07-08T01:05:45.615484+00:00,139.7,5,ask,,,11511568
2026-07-08T01:05:45.820584,2026-07-08T01:05:45.831410+00:00,139.7,5,ask,,,11511571
2026-07-08T01:05:45.897087,2026-07-08T01:05:45.913676+00:00,139.7,50,ask,,,11511572
2026-07-08T01:05:46.043035,2026-07-08T01:05:46.054289+00:00,139.7,5,ask,,,11511576
2026-07-08T01:05:46.500009,2026-07-08T01:05:46.511626+00:00,139.7,25,ask,,,11511585
2026-07-08T01:05:46.500009,2026-07-08T01:05:46.511626+00:00,139.7,20,ask,,,11511586
2026-07-08T01:05:48.005764,2026-07-08T01:05:48.012946+00:00,139.7,50,ask,,,11511602
2026-07-08T01:05:50.112276,2026-07-08T01:05:50.124168+00:00,139.5,50,ask,,,11511633
2026-07-08T01:05:50.606875,2026-07-08T01:05:50.616055+00:00,140.0,49,bid,,,11511641
2026-07-08T01:05:51.142714,2026-07-08T01:05:51.164083+00:00,139.5,45,ask,,,11511645
2026-07-08T01:05:52.170061,2026-07-08T01:05:52.181677+00:00,139.8,50,bid,,,11511658
2026-07-08T01:05:52.660385,2026-07-08T01:05:52.669659+00:00,139.8,40,bid,,,11511664
2026-07-08T01:05:53.283252,2026-07-08T01:05:53.295086+00:00,139.8,10,bid,,,11511666
2026-07-08T01:05:53.283252,2026-07-08T01:05:53.295086+00:00,140.0,30,bid,,,11511667
2026-07-08T01:05:55.393102,2026-07-08T01:05:55.403625+00:00,139.8,42,ask,,,11511690
2026-07-08T01:05:55.967338,2026-07-08T01:05:55.975508+00:00,139.8,49,ask,,,11511693
2026-07-08T01:05:56.379220,2026-07-08T01:05:56.391089+00:00,140.2,50,bid,,,11511701
2026-07-08T01:05:57.195700,2026-07-08T01:05:57.207494+00:00,140.2,44,bid,,,11511710
2026-07-08T01:05:58.488319,2026-07-08T01:05:58.499875+00:00,140.0,50,bid,,,11511725
2026-07-08T01:05:58.703610,2026-07-08T01:05:58.715280+00:00,140.0,50,bid,,,11511730
2026-07-08T01:05:58.772944,2026-07-08T01:05:58.783691+00:00,140.1,23,ask,,,11511731
2026-07-08T01:05:58.871982,2026-07-08T01:05:58.882681+00:00,140.1,5,ask,,,11511734
2026-07-08T01:05:59.082039,2026-07-08T01:05:59.094390+00:00,140.1,5,ask,,,11511740
2026-07-08T01:05:59.292032,2026-07-08T01:05:59.300421+00:00,140.1,5,ask,,,11511743
2026-07-08T01:05:59.501389,2026-07-08T01:05:59.508843+00:00,140.1,5,ask,,,11511747
2026-07-08T01:05:59.711746,2026-07-08T01:05:59.722740+00:00,140.1,5,ask,,,11511753
2026-07-08T01:05:59.921916,2026-07-08T01:05:59.929896+00:00,140.1,5,ask,,,11511758
2026-07-08T01:06:00.132991,2026-07-08T01:06:00.142652+00:00,140.1,5,ask,,,11511761
2026-07-08T01:06:00.343938,2026-07-08T01:06:00.355307+00:00,140.6,5,bid,,,11511766
2026-07-08T01:06:00.558351,2026-07-08T01:06:00.569803+00:00,140.6,5,bid,,,11511771
2026-07-08T01:06:00.694159,2026-07-08T01:06:00.705848+00:00,140.1,42,ask,,,11511774
2026-07-08T01:06:00.769016,2026-07-08T01:06:00.780272+00:00,139.5,5,ask,,,11511776
2026-07-08T01:06:00.978058,2026-07-08T01:06:00.984471+00:00,139.8,5,ask,,,11511781
2026-07-08T01:06:01.187846,2026-07-08T01:06:01.194591+00:00,139.8,5,ask,,,11511786
2026-07-08T01:06:01.427007,2026-07-08T01:06:01.435888+00:00,139.8,5,ask,,,11511792
2026-07-08T01:06:01.637609,2026-07-08T01:06:01.648902+00:00,139.8,5,ask,,,11511796
2026-07-08T01:06:02.701793,2026-07-08T01:06:02.714029+00:00,140.2,50,bid,,,11511805
2026-07-08T01:06:04.749445,2026-07-08T01:06:04.755986+00:00,140.2,47,bid,,,11511834
2026-07-08T01:06:04.811424,2026-07-08T01:06:04.817997+00:00,140.2,50,bid,,,11511836
2026-07-08T01:06:05.360628,2026-07-08T01:06:05.370237+00:00,140.3,47,ask,,,11511847
2026-07-08T01:06:06.918859,2026-07-08T01:06:06.930410+00:00,140.4,50,bid,,,11511869
2026-07-08T01:06:09.027134,2026-07-08T01:06:09.037173+00:00,140.7,50,bid,,,11511887
2026-07-08T01:06:11.135312,2026-07-08T01:06:11.142617+00:00,140.7,50,bid,,,11511908
2026-07-08T01:06:11.181534,2026-07-08T01:06:11.193322+00:00,140.4,3,ask,,,11511911
2026-07-08T01:06:11.328577,2026-07-08T01:06:11.340549+00:00,140.9,42,bid,,,11511914
2026-07-08T01:06:11.355222,2026-07-08T01:06:11.358578+00:00,140.4,20,ask,,,11511917
2026-07-08T01:06:11.621737,2026-07-08T01:06:11.633439+00:00,140.4,20,ask,,,11511920
2026-07-08T01:06:11.884369,2026-07-08T01:06:11.896087+00:00,140.4,20,ask,,,11511927
2026-07-08T01:06:12.151360,2026-07-08T01:06:12.163605+00:00,140.4,19,ask,,,11511930
2026-07-08T01:06:12.348768,2026-07-08T01:06:12.356724+00:00,140.4,18,ask,,,11511932
2026-07-08T01:06:12.348768,2026-07-08T01:06:12.356724+00:00,140.3,23,ask,,,11511933
2026-07-08T01:06:13.245512,2026-07-08T01:06:13.257305+00:00,140.8,50,bid,,,11511946
2026-07-08T01:06:14.520070,2026-07-08T01:06:14.528043+00:00,140.6,100,bid,,,11511964
2026-07-08T01:06:15.360698,2026-07-08T01:06:15.372369+00:00,141.1,10,bid,,,11511974
2026-07-08T01:06:15.360698,2026-07-08T01:06:15.372369+00:00,141.2,31,bid,,,11511975
2026-07-08T01:06:16.477681,2026-07-08T01:06:16.486302+00:00,140.7,46,ask,,,11511986
2026-07-08T01:06:16.977145,2026-07-08T01:06:16.988734+00:00,141.1,48,bid,,,11511989
2026-07-08T01:06:17.461649,2026-07-08T01:06:17.473234+00:00,141.1,50,bid,,,11511997
2026-07-08T01:06:17.734104,2026-07-08T01:06:17.745502+00:00,140.6,100,ask,,,11512000
2026-07-08T01:06:18.043915,2026-07-08T01:06:18.055682+00:00,140.6,10,bid,,,11512004
2026-07-08T01:06:19.471338,2026-07-08T01:06:19.478047+00:00,140.6,40,bid,,,11512016
2026-07-08T01:06:19.594002,2026-07-08T01:06:19.601216+00:00,141.0,10,bid,,,11512017
2026-07-08T01:06:19.594002,2026-07-08T01:06:19.606624+00:00,141.1,2,bid,,,11512018
2026-07-08T01:06:21.557535,2026-07-08T01:06:21.569223+00:00,140.8,40,ask,,,11512036
2026-07-08T01:06:21.703737,2026-07-08T01:06:21.714213+00:00,141.1,50,bid,,,11512042
2026-07-08T01:06:22.879226,2026-07-08T01:06:22.887484+00:00,140.8,3,ask,,,11512051
2026-07-08T01:06:23.783343,2026-07-08T01:06:23.791086+00:00,140.8,44,ask,,,11512060
2026-07-08T01:06:23.809851,2026-07-08T01:06:23.819848+00:00,141.0,50,bid,,,11512061
2026-07-08T01:06:25.421470,2026-07-08T01:06:25.433294+00:00,140.8,44,bid,,,11512074
2026-07-08T01:06:25.917642,2026-07-08T01:06:25.929587+00:00,140.8,50,bid,,,11512083
2026-07-08T01:06:26.281078,2026-07-08T01:06:26.292747+00:00,140.8,56,bid,,,11512088
2026-07-08T01:06:27.197952,2026-07-08T01:06:27.208795+00:00,141.1,11,ask,,,11512109
2026-07-08T01:06:28.025710,2026-07-08T01:06:28.032848+00:00,141.3,50,bid,,,11512115
2026-07-08T01:06:30.211573,2026-07-08T01:06:30.223392+00:00,141.1,50,ask,,,11512142
2026-07-08T01:06:30.351000,2026-07-08T01:06:30.354477+00:00,141.1,40,ask,,,11512143
2026-07-08T01:06:32.322783,2026-07-08T01:06:32.333912+00:00,141.1,50,ask,,,11512176
2026-07-08T01:06:32.622269,2026-07-08T01:06:32.634033+00:00,141.4,45,bid,,,11512182
2026-07-08T01:06:34.433459,2026-07-08T01:06:34.441702+00:00,141.0,50,ask,,,11512203
2026-07-08T01:06:35.839131,2026-07-08T01:06:35.849160+00:00,141.0,100,ask,,,11512218
2026-07-08T01:06:35.965394,2026-07-08T01:06:35.984395+00:00,140.5,49,ask,,,11512221
2026-07-08T01:06:36.696669,2026-07-08T01:06:36.707842+00:00,141.5,5,bid,,,11512233
2026-07-08T01:06:36.866156,2026-07-08T01:06:36.877733+00:00,140.8,5,bid,,,11512235
2026-07-08T01:06:36.907305,2026-07-08T01:06:36.917427+00:00,140.5,5,ask,,,11512241
2026-07-08T01:06:38.030288,2026-07-08T01:06:38.041895+00:00,140.8,46,bid,,,11512256
2026-07-08T01:06:38.601336,2026-07-08T01:06:38.612010+00:00,140.5,40,ask,,,11512260
2026-07-08T01:06:38.618982,2026-07-08T01:06:38.630547+00:00,140.8,50,bid,,,11512261
2026-07-08T01:06:39.230490,2026-07-08T01:06:39.241959+00:00,140.5,46,ask,,,11512270
2026-07-08T01:06:41.712749,2026-07-08T01:06:41.724217+00:00,141.0,45,bid,,,11512300
2026-07-08T01:06:42.341494,2026-07-08T01:06:42.353867+00:00,140.7,44,ask,,,11512311
2026-07-08T01:06:42.882875,2026-07-08T01:06:42.892529+00:00,140.7,50,ask,,,11512317
2026-07-08T01:06:43.485093,2026-07-08T01:06:43.497288+00:00,140.9,48,bid,,,11512331
2026-07-08T01:06:43.915712,2026-07-08T01:06:43.925507+00:00,140.9,14,bid,,,11512338
2026-07-08T01:06:44.939969,2026-07-08T01:06:44.947303+00:00,140.9,38,bid,,,11512352
2026-07-08T01:06:44.939969,2026-07-08T01:06:44.952503+00:00,140.9,12,bid,,,11512353
2026-07-08T01:06:45.060181,2026-07-08T01:06:45.071703+00:00,140.9,41,bid,,,11512356
2026-07-08T01:06:45.312357,2026-07-08T01:06:45.323922+00:00,140.9,97,bid,,,11512364
2026-07-08T01:06:45.597093,2026-07-08T01:06:45.609037+00:00,140.9,3,ask,,,11512370
2026-07-08T01:06:45.597093,2026-07-08T01:06:45.609037+00:00,140.4,39,ask,,,11512371
2026-07-08T01:06:45.728520,2026-07-08T01:06:45.737570+00:00,141.4,5,bid,,,11512374
2026-07-08T01:06:45.938039,2026-07-08T01:06:45.949430+00:00,141.4,5,bid,,,11512376
2026-07-08T01:06:46.339441,2026-07-08T01:06:46.350624+00:00,140.9,3,ask,,,11512380
2026-07-08T01:06:46.349703,2026-07-08T01:06:46.366154+00:00,140.9,5,ask,,,11512383
2026-07-08T01:06:46.534227,2026-07-08T01:06:46.545098+00:00,140.9,11,ask,,,11512389
2026-07-08T01:06:46.559832,2026-07-08T01:06:46.566343+00:00,140.9,5,ask,,,11512392
2026-07-08T01:06:47.739282,2026-07-08T01:06:47.746351+00:00,140.9,43,ask,,,11512406
2026-07-08T01:06:49.153783,2026-07-08T01:06:49.148456+00:00,141.0,50,bid,,,11512417
2026-07-08T01:06:49.161774,2026-07-08T01:06:49.169759+00:00,140.9,83,ask,,,11512419
2026-07-08T01:06:49.432443,2026-07-08T01:06:49.442463+00:00,140.7,14,bid,,,11512422
2026-07-08T01:06:51.262459,2026-07-08T01:06:51.273949+00:00,140.7,50,bid,,,11512444
2026-07-08T01:06:51.283473,2026-07-08T01:06:51.295173+00:00,140.7,43,bid,,,11512445
2026-07-08T01:06:51.640860,2026-07-08T01:06:51.652596+00:00,140.7,43,bid,,,11512446
2026-07-08T01:06:54.862882,2026-07-08T01:06:54.874559+00:00,141.2,42,bid,,,11512493
2026-07-08T01:06:55.438811,2026-07-08T01:06:55.450684+00:00,140.9,49,ask,,,11512501
2026-07-08T01:06:55.474508,2026-07-08T01:06:55.486010+00:00,141.2,50,bid,,,11512502
2026-07-08T01:06:57.016530,2026-07-08T01:06:57.028133+00:00,141.2,8,bid,,,11512524
2026-07-08T01:06:57.016530,2026-07-08T01:06:57.028133+00:00,141.3,37,bid,,,11512525
2026-07-08T01:06:57.072596,2026-07-08T01:06:57.079642+00:00,140.8,46,ask,,,11512527
2026-07-08T01:06:57.581733,2026-07-08T01:06:57.593473+00:00,141.3,50,bid,,,11512532
2026-07-08T01:06:58.450826,2026-07-08T01:06:58.461582+00:00,141.0,3,ask,,,11512543
2026-07-08T01:07:01.709057,2026-07-08T01:07:01.720524+00:00,141.4,49,bid,,,11512580
2026-07-08T01:07:01.860312,2026-07-08T01:07:01.871992+00:00,141.2,50,ask,,,11512581
2026-07-08T01:07:02.043322,2026-07-08T01:07:02.056408+00:00,141.4,11,ask,,,11512584
2026-07-08T01:07:02.252834,2026-07-08T01:07:02.264412+00:00,141.4,46,ask,,,11512588
2026-07-08T01:07:02.359591,2026-07-08T01:07:02.369311+00:00,141.4,12,ask,,,11512590
2026-07-08T01:07:02.673223,2026-07-08T01:07:02.684707+00:00,141.4,20,ask,,,11512594
2026-07-08T01:07:03.023908,2026-07-08T01:07:03.032215+00:00,141.4,20,ask,,,11512599
2026-07-08T01:07:03.379908,2026-07-08T01:07:03.391391+00:00,141.4,17,ask,,,11512603
2026-07-08T01:07:03.786930,2026-07-08T01:07:03.795888+00:00,141.4,5,ask,,,11512609
2026-07-08T01:07:03.967601,2026-07-08T01:07:03.979311+00:00,141.4,19,ask,,,11512614
2026-07-08T01:07:03.967601,2026-07-08T01:07:03.979311+00:00,141.2,31,ask,,,11512615
2026-07-08T01:07:04.331379,2026-07-08T01:07:04.343090+00:00,140.9,46,ask,,,11512619
2026-07-08T01:07:06.074537,2026-07-08T01:07:06.082478+00:00,140.9,50,ask,,,11512638
2026-07-08T01:07:07.520633,2026-07-08T01:07:07.529969+00:00,141.1,12,bid,,,11512651
2026-07-08T01:07:10.821686,2026-07-08T01:07:10.832082+00:00,141.1,45,bid,,,11512682
2026-07-08T01:07:12.350719,2026-07-08T01:07:12.360136+00:00,141.2,50,bid,,,11512695
2026-07-08T01:07:12.722697,2026-07-08T01:07:12.740303+00:00,141.2,47,bid,,,11512700
2026-07-08T01:07:14.457451,2026-07-08T01:07:14.468940+00:00,141.3,50,bid,,,11512722
2026-07-08T01:07:14.491389,2026-07-08T01:07:14.502998+00:00,140.9,41,ask,,,11512723
2026-07-08T01:07:16.524215,2026-07-08T01:07:16.538677+00:00,141.2,40,ask,,,11512750
2026-07-08T01:07:16.564532,2026-07-08T01:07:16.576021+00:00,141.4,50,bid,,,11512752
2026-07-08T01:07:18.671511,2026-07-08T01:07:18.683457+00:00,141.5,50,bid,,,11512778
2026-07-08T01:07:18.862526,2026-07-08T01:07:18.874506+00:00,141.5,42,bid,,,11512780
2026-07-08T01:07:19.400050,2026-07-08T01:07:19.412094+00:00,141.1,41,ask,,,11512783
2026-07-08T01:07:20.056973,2026-07-08T01:07:20.064132+00:00,141.5,44,bid,,,11512794
2026-07-08T01:07:20.704363,2026-07-08T01:07:20.716198+00:00,141.2,47,bid,,,11512811
2026-07-08T01:07:20.833251,2026-07-08T01:07:20.845290+00:00,141.0,50,ask,,,11512814
2026-07-08T01:07:21.017483,2026-07-08T01:07:21.025864+00:00,141.2,53,bid,,,11512815
2026-07-08T01:07:22.086252,2026-07-08T01:07:22.095443+00:00,141.3,12,ask,,,11512826
2026-07-08T01:07:22.944146,2026-07-08T01:07:22.958551+00:00,141.3,50,ask,,,11512842
2026-07-08T01:07:23.458259,2026-07-08T01:07:23.469767+00:00,141.3,35,ask,,,11512850
2026-07-08T01:07:23.458259,2026-07-08T01:07:23.469767+00:00,141.0,5,ask,,,11512851
2026-07-08T01:07:23.935730,2026-07-08T01:07:23.947565+00:00,141.0,48,ask,,,11512857
2026-07-08T01:07:24.248867,2026-07-08T01:07:24.258832+00:00,141.1,12,bid,,,11512858
2026-07-08T01:07:24.540123,2026-07-08T01:07:24.551972+00:00,141.1,41,bid,,,11512861
2026-07-08T01:07:25.045322,2026-07-08T01:07:25.057012+00:00,141.0,41,ask,,,11512869
2026-07-08T01:07:25.663208,2026-07-08T01:07:25.673813+00:00,141.1,48,bid,,,11512877
2026-07-08T01:07:27.103518,2026-07-08T01:07:27.115057+00:00,141.1,49,bid,,,11512887
2026-07-08T01:07:27.103518,2026-07-08T01:07:27.115057+00:00,141.4,1,bid,,,11512888
2026-07-08T01:07:27.360123,2026-07-08T01:07:27.370974+00:00,141.2,12,ask,,,11512893
2026-07-08T01:07:30.999678,2026-07-08T01:07:31.011370+00:00,141.1,40,ask,,,11512936
2026-07-08T01:07:32.992330,2026-07-08T01:07:33.003711+00:00,141.2,44,bid,,,11512959
2026-07-08T01:07:33.488950,2026-07-08T01:07:33.500411+00:00,141.1,48,ask,,,11512968
2026-07-08T01:07:33.504847,2026-07-08T01:07:33.516226+00:00,141.1,50,ask,,,11512970
2026-07-08T01:07:33.921587,2026-07-08T01:07:33.930694+00:00,140.9,26,bid,,,11512975
2026-07-08T01:07:34.104647,2026-07-08T01:07:34.116322+00:00,140.9,20,bid,,,11512980
2026-07-08T01:07:34.370001,2026-07-08T01:07:34.381567+00:00,140.9,20,bid,,,11512989
2026-07-08T01:07:34.636045,2026-07-08T01:07:34.647806+00:00,140.9,20,bid,,,11512998
2026-07-08T01:07:34.904280,2026-07-08T01:07:34.916177+00:00,140.9,12,bid,,,11513004
2026-07-08T01:07:35.612530,2026-07-08T01:07:35.624164+00:00,140.7,50,ask,,,11513009
2026-07-08T01:07:35.963128,2026-07-08T01:07:35.969916+00:00,140.9,52,bid,,,11513015
2026-07-08T01:07:36.700506,2026-07-08T01:07:36.712216+00:00,141.5,45,bid,,,11513026
2026-07-08T01:07:36.849371,2026-07-08T01:07:36.859286+00:00,141.4,14,ask,,,11513027
2026-07-08T01:07:37.720613,2026-07-08T01:07:37.731914+00:00,141.4,50,ask,,,11513037
2026-07-08T01:07:37.841114,2026-07-08T01:07:37.849819+00:00,141.5,43,bid,,,11513041
2026-07-08T01:07:37.861638,2026-07-08T01:07:37.870048+00:00,141.4,12,ask,,,11513042
2026-07-08T01:07:39.826927,2026-07-08T01:07:39.838611+00:00,141.4,50,ask,,,11513067
2026-07-08T01:07:40.480702,2026-07-08T01:07:40.489302+00:00,141.2,12,bid,,,11513077
2026-07-08T01:07:41.948918,2026-07-08T01:07:41.958550+00:00,141.0,50,ask,,,11513092
2026-07-08T01:07:41.949231,2026-07-08T01:07:41.958550+00:00,141.0,48,ask,,,11513093
2026-07-08T01:07:44.055945,2026-07-08T01:07:44.067671+00:00,140.8,50,ask,,,11513124
2026-07-08T01:07:44.129850,2026-07-08T01:07:44.141763+00:00,140.8,40,ask,,,11513126
2026-07-08T01:07:45.508865,2026-07-08T01:07:45.520464+00:00,140.8,100,ask,,,11513149
2026-07-08T01:07:46.168500,2026-07-08T01:07:46.185585+00:00,140.8,50,ask,,,11513163
2026-07-08T01:07:46.387887,2026-07-08T01:07:46.396585+00:00,140.7,14,bid,,,11513165
2026-07-08T01:07:48.275866,2026-07-08T01:07:48.287680+00:00,140.2,50,ask,,,11513190
2026-07-08T01:07:49.692647,2026-07-08T01:07:49.704292+00:00,140.5,20,bid,,,11513217
2026-07-08T01:07:49.821410,2026-07-08T01:07:49.834232+00:00,140.5,3,bid,,,11513219
2026-07-08T01:07:49.954336,2026-07-08T01:07:49.966124+00:00,140.5,20,bid,,,11513221
2026-07-08T01:07:50.227405,2026-07-08T01:07:50.239541+00:00,140.5,20,bid,,,11513223
2026-07-08T01:07:50.384447,2026-07-08T01:07:50.396252+00:00,140.3,50,ask,,,11513226
2026-07-08T01:07:50.494006,2026-07-08T01:07:50.505782+00:00,140.5,19,bid,,,11513230
2026-07-08T01:07:50.524799,2026-07-08T01:07:50.533773+00:00,140.5,11,bid,,,11513233
2026-07-08T01:07:50.821151,2026-07-08T01:07:50.832684+00:00,140.5,43,bid,,,11513236
2026-07-08T01:07:51.781453,2026-07-08T01:07:51.790388+00:00,140.5,14,bid,,,11513249
2026-07-08T01:07:52.498535,2026-07-08T01:07:52.510114+00:00,140.5,50,ask,,,11513255
2026-07-08T01:07:52.659631,2026-07-08T01:07:52.669155+00:00,140.9,11,ask,,,11513260
2026-07-08T01:07:53.502826,2026-07-08T01:07:53.514466+00:00,141.0,42,bid,,,11513272
2026-07-08T01:07:53.556825,2026-07-08T01:07:53.563590+00:00,140.9,42,ask,,,11513273
2026-07-08T01:07:53.592729,2026-07-08T01:07:53.601277+00:00,140.9,3,ask,,,11513276
2026-07-08T01:07:53.811859,2026-07-08T01:07:53.823423+00:00,140.9,20,ask,,,11513284
2026-07-08T01:07:54.098994,2026-07-08T01:07:54.105602+00:00,140.9,20,ask,,,11513288
2026-07-08T01:07:54.361811,2026-07-08T01:07:54.373179+00:00,140.9,19,ask,,,11513294
2026-07-08T01:07:54.605787,2026-07-08T01:07:54.614219+00:00,140.9,35,ask,,,11513297
2026-07-08T01:07:54.605787,2026-07-08T01:07:54.614219+00:00,140.5,15,ask,,,11513298
2026-07-08T01:07:55.597878,2026-07-08T01:07:55.609403+00:00,140.7,41,bid,,,11513316
2026-07-08T01:07:55.942627,2026-07-08T01:07:55.949405+00:00,140.5,20,bid,,,11513318
2026-07-08T01:07:56.116901,2026-07-08T01:07:56.128433+00:00,140.2,41,ask,,,11513323
2026-07-08T01:07:56.204859,2026-07-08T01:07:56.219757+00:00,140.5,20,bid,,,11513327
2026-07-08T01:07:56.211332,2026-07-08T01:07:56.219757+00:00,140.5,14,bid,,,11513328
2026-07-08T01:07:56.490317,2026-07-08T01:07:56.500641+00:00,140.5,19,bid,,,11513332
2026-07-08T01:07:56.712876,2026-07-08T01:07:56.724600+00:00,140.2,50,ask,,,11513335
2026-07-08T01:07:57.183529,2026-07-08T01:07:57.191424+00:00,140.5,46,bid,,,11513345
2026-07-08T01:07:58.827012,2026-07-08T01:07:58.839610+00:00,140.0,50,ask,,,11513356
2026-07-08T01:07:58.999316,2026-07-08T01:07:59.011633+00:00,140.5,100,bid,,,11513358
2026-07-08T01:07:59.175189,2026-07-08T01:07:59.183855+00:00,141.0,49,bid,,,11513360
2026-07-08T01:08:00.935094,2026-07-08T01:08:00.946686+00:00,140.5,50,ask,,,11513389
2026-07-08T01:08:02.418319,2026-07-08T01:08:02.429977+00:00,140.5,47,ask,,,11513404
2026-07-08T01:08:03.042377,2026-07-08T01:08:03.058606+00:00,140.5,50,ask,,,11513409
2026-07-08T01:08:03.396820,2026-07-08T01:08:03.403632+00:00,140.7,5,bid,,,11513419
2026-07-08T01:08:03.493072,2026-07-08T01:08:03.504921+00:00,140.5,3,ask,,,11513420
2026-07-08T01:08:03.670677,2026-07-08T01:08:03.681553+00:00,140.7,5,bid,,,11513424
2026-07-08T01:08:03.880514,2026-07-08T01:08:03.888057+00:00,140.7,5,bid,,,11513427
2026-07-08T01:08:04.100732,2026-07-08T01:08:04.111899+00:00,140.2,5,ask,,,11513434
2026-07-08T01:08:04.310612,2026-07-08T01:08:04.317603+00:00,140.2,5,ask,,,11513437
2026-07-08T01:08:04.521114,2026-07-08T01:08:04.531070+00:00,140.3,5,ask,,,11513442
2026-07-08T01:08:05.131785,2026-07-08T01:08:05.139840+00:00,140.7,5,bid,,,11513457
2026-07-08T01:08:05.342432,2026-07-08T01:08:05.352368+00:00,140.3,5,ask,,,11513459
2026-07-08T01:08:07.254740,2026-07-08T01:08:07.251426+00:00,140.3,50,ask,,,11513484
2026-07-08T01:08:07.755538,2026-07-08T01:08:07.762054+00:00,140.6,5,bid,,,11513493
2026-07-08T01:08:07.965986,2026-07-08T01:08:07.977340+00:00,140.6,5,bid,,,11513495
2026-07-08T01:08:08.177550,2026-07-08T01:08:08.187960+00:00,140.3,5,ask,,,11513503
2026-07-08T01:08:08.388583,2026-07-08T01:08:08.400110+00:00,140.3,5,ask,,,11513506
2026-07-08T01:08:08.609240,2026-07-08T01:08:08.619251+00:00,140.5,5,bid,,,11513508
2026-07-08T01:08:08.818637,2026-07-08T01:08:08.829982+00:00,140.5,5,bid,,,11513512
2026-07-08T01:08:09.028871,2026-07-08T01:08:09.040451+00:00,140.5,5,bid,,,11513518
2026-07-08T01:08:09.239077,2026-07-08T01:08:09.245629+00:00,140.1,5,ask,,,11513529
2026-07-08T01:08:09.361368,2026-07-08T01:08:09.369801+00:00,140.1,50,ask,,,11513535
2026-07-08T01:08:09.365733,2026-07-08T01:08:09.369801+00:00,140.5,12,bid,,,11513536
2026-07-08T01:08:09.450761,2026-07-08T01:08:09.458712+00:00,140.5,5,bid,,,11513540
2026-07-08T01:08:09.660901,2026-07-08T01:08:09.672154+00:00,140.5,5,bid,,,11513542
2026-07-08T01:08:09.873507,2026-07-08T01:08:09.882922+00:00,140.5,5,bid,,,11513546
2026-07-08T01:08:10.850256,2026-07-08T01:08:10.859314+00:00,140.4,11,bid,,,11513554
2026-07-08T01:08:11.101989,2026-07-08T01:08:11.112814+00:00,140.4,49,bid,,,11513556
2026-07-08T01:08:11.419599,2026-07-08T01:08:11.431895+00:00,140.5,10,bid,,,11513565
2026-07-08T01:08:11.885662,2026-07-08T01:08:11.893101+00:00,140.9,5,bid,,,11513574
2026-07-08T01:08:12.095341,2026-07-08T01:08:12.102032+00:00,140.9,5,bid,,,11513580
2026-07-08T01:08:12.312056,2026-07-08T01:08:12.319505+00:00,140.9,5,bid,,,11513585
2026-07-08T01:08:12.521744,2026-07-08T01:08:12.528441+00:00,140.9,5,bid,,,11513588
2026-07-08T01:08:12.734214,2026-07-08T01:08:12.745829+00:00,140.9,5,bid,,,11513593
2026-07-08T01:08:13.716044,2026-07-08T01:08:13.728003+00:00,140.4,42,ask,,,11513607
2026-07-08T01:08:14.714327,2026-07-08T01:08:14.725875+00:00,140.7,48,bid,,,11513618
2026-07-08T01:08:17.737655,2026-07-08T01:08:17.745794+00:00,140.8,50,bid,,,11513659
2026-07-08T01:08:19.575100,2026-07-08T01:08:19.585189+00:00,140.8,11,ask,,,11513679
2026-07-08T01:08:20.664166,2026-07-08T01:08:20.674085+00:00,140.8,43,ask,,,11513692
2026-07-08T01:08:21.700813,2026-07-08T01:08:21.712335+00:00,140.5,47,ask,,,11513705
2026-07-08T01:08:24.109627,2026-07-08T01:08:24.121102+00:00,140.7,50,ask,,,11513743
2026-07-08T01:08:24.362526,2026-07-08T01:08:24.369143+00:00,141.2,5,bid,,,11513747
2026-07-08T01:08:24.572562,2026-07-08T01:08:24.584071+00:00,140.7,5,ask,,,11513753
2026-07-08T01:08:24.876274,2026-07-08T01:08:24.888473+00:00,141.1,45,bid,,,11513755
2026-07-08T01:08:26.216739,2026-07-08T01:08:26.228625+00:00,140.7,45,ask,,,11513775
2026-07-08T01:08:26.216739,2026-07-08T01:08:26.228625+00:00,140.6,5,ask,,,11513776
2026-07-08T01:08:26.659558,2026-07-08T01:08:26.668600+00:00,140.9,11,bid,,,11513780
2026-07-08T01:08:27.101570,2026-07-08T01:08:27.112619+00:00,140.9,43,bid,,,11513790
2026-07-08T01:08:27.475247,2026-07-08T01:08:27.487088+00:00,140.9,46,bid,,,11513796
2026-07-08T01:08:27.700929,2026-07-08T01:08:27.712327+00:00,140.9,43,ask,,,11513801
2026-07-08T01:08:29.215652,2026-07-08T01:08:29.227107+00:00,140.9,45,ask,,,11513814
2026-07-08T01:08:30.377820,2026-07-08T01:08:30.389266+00:00,141.1,50,bid,,,11513830
2026-07-08T01:08:30.441995,2026-07-08T01:08:30.449019+00:00,141.1,45,bid,,,11513833
2026-07-08T01:08:31.022389,2026-07-08T01:08:31.030249+00:00,140.6,41,ask,,,11513843
2026-07-08T01:08:32.541795,2026-07-08T01:08:32.553312+00:00,140.6,50,ask,,,11513867
2026-07-08T01:08:34.654242,2026-07-08T01:08:34.658241+00:00,140.5,50,ask,,,11513896
2026-07-08T01:08:34.678965,2026-07-08T01:08:34.686362+00:00,140.7,45,bid,,,11513898
2026-07-08T01:08:35.303161,2026-07-08T01:08:35.315116+00:00,140.7,42,bid,,,11513911
2026-07-08T01:08:35.902365,2026-07-08T01:08:35.913810+00:00,140.5,42,ask,,,11513917
2026-07-08T01:08:36.762368,2026-07-08T01:08:36.774093+00:00,140.2,50,ask,,,11513929
2026-07-08T01:08:38.819503,2026-07-08T01:08:38.829425+00:00,140.7,50,bid,,,11513947
2026-07-08T01:08:39.186898,2026-07-08T01:08:39.198738+00:00,140.7,46,bid,,,11513959
2026-07-08T01:08:39.806015,2026-07-08T01:08:39.822977+00:00,140.5,46,ask,,,11513974
2026-07-08T01:08:40.212442,2026-07-08T01:08:40.222798+00:00,140.9,5,bid,,,11513983
2026-07-08T01:08:40.424438,2026-07-08T01:08:40.432755+00:00,140.5,5,ask,,,11513985
2026-07-08T01:08:40.942961,2026-07-08T01:08:40.963865+00:00,140.9,50,bid,,,11513992
2026-07-08T01:08:43.050122,2026-07-08T01:08:43.058573+00:00,140.9,50,bid,,,11514009
2026-07-08T01:08:43.712608,2026-07-08T01:08:43.729494+00:00,141.0,44,bid,,,11514019
2026-07-08T01:08:45.197093,2026-07-08T01:08:45.209037+00:00,141.0,50,bid,,,11514038
2026-07-08T01:08:46.080454,2026-07-08T01:08:46.089208+00:00,140.9,11,ask,,,11514050
2026-07-08T01:08:47.304947,2026-07-08T01:08:47.315567+00:00,141.2,50,bid,,,11514069
2026-07-08T01:08:47.590304,2026-07-08T01:08:47.601945+00:00,140.8,41,ask,,,11514076
2026-07-08T01:08:48.544860,2026-07-08T01:08:48.554491+00:00,140.8,46,ask,,,11514087
2026-07-08T01:08:49.437237,2026-07-08T01:08:49.449076+00:00,141.2,50,bid,,,11514097
2026-07-08T01:08:49.635658,2026-07-08T01:08:49.647257+00:00,141.2,100,bid,,,11514099
2026-07-08T01:08:49.647424,2026-07-08T01:08:49.663764+00:00,141.3,5,ask,,,11514101
2026-07-08T01:08:49.704456,2026-07-08T01:08:49.713843+00:00,141.3,23,ask,,,11514105
2026-07-08T01:08:49.856685,2026-07-08T01:08:49.855548+00:00,141.3,5,ask,,,11514112
2026-07-08T01:08:50.042306,2026-07-08T01:08:50.052596+00:00,141.8,49,bid,,,11514120
2026-07-08T01:08:52.874876,2026-07-08T01:08:52.884486+00:00,141.5,5,bid,,,11514152
2026-07-08T01:08:53.085392,2026-07-08T01:08:53.094643+00:00,141.5,5,bid,,,11514157
2026-07-08T01:08:53.649759,2026-07-08T01:08:53.656318+00:00,141.5,50,bid,,,11514166
2026-07-08T01:08:54.562105,2026-07-08T01:08:54.572871+00:00,141.2,41,ask,,,11514175
2026-07-08T01:08:55.538691,2026-07-08T01:08:55.550310+00:00,141.2,45,ask,,,11514185
2026-07-08T01:08:56.028031,2026-07-08T01:08:56.050178+00:00,141.2,100,ask,,,11514195
2026-07-08T01:08:56.040873,2026-07-08T01:08:56.050178+00:00,141.1,11,bid,,,11514196
2026-07-08T01:08:57.059055,2026-07-08T01:08:57.070644+00:00,141.1,39,bid,,,11514207
2026-07-08T01:08:57.059055,2026-07-08T01:08:57.070644+00:00,141.7,2,bid,,,11514208
2026-07-08T01:08:57.119783,2026-07-08T01:08:57.127775+00:00,141.7,5,bid,,,11514216
2026-07-08T01:08:57.339923,2026-07-08T01:08:57.348686+00:00,141.7,5,bid,,,11514221
2026-07-08T01:08:57.551574,2026-07-08T01:08:57.561489+00:00,141.7,5,bid,,,11514225
2026-07-08T01:08:57.762380,2026-07-08T01:08:57.769134+00:00,141.7,5,bid,,,11514228
2026-07-08T01:08:57.917747,2026-07-08T01:08:57.928377+00:00,140.6,50,ask,,,11514233
2026-07-08T01:08:57.972803,2026-07-08T01:08:57.983735+00:00,141.7,5,bid,,,11514235
2026-07-08T01:08:59.184078,2026-07-08T01:08:59.192216+00:00,141.0,5,ask,,,11514253
2026-07-08T01:08:59.594707,2026-07-08T01:08:59.604589+00:00,141.0,5,ask,,,11514256
2026-07-08T01:08:59.804675,2026-07-08T01:08:59.812145+00:00,141.0,5,ask,,,11514261
2026-07-08T01:09:00.016995,2026-07-08T01:09:00.026616+00:00,141.0,5,ask,,,11514264
2026-07-08T01:09:00.023717,2026-07-08T01:09:00.031833+00:00,141.0,50,ask,,,11514265
2026-07-08T01:09:00.226296,2026-07-08T01:09:00.235976+00:00,141.0,5,ask,,,11514272
2026-07-08T01:09:01.732369,2026-07-08T01:09:01.744276+00:00,141.3,44,bid,,,11514289
2026-07-08T01:09:02.129308,2026-07-08T01:09:02.141329+00:00,141.0,50,ask,,,11514292
2026-07-08T01:09:02.242375,2026-07-08T01:09:02.254386+00:00,141.0,25,ask,,,11514293
2026-07-08T01:09:02.242375,2026-07-08T01:09:02.254386+00:00,140.8,20,ask,,,11514294
2026-07-08T01:09:03.302825,2026-07-08T01:09:03.314429+00:00,141.0,43,bid,,,11514307
2026-07-08T01:09:03.913403,2026-07-08T01:09:03.925014+00:00,140.8,49,ask,,,11514313
2026-07-08T01:09:04.236798,2026-07-08T01:09:04.248709+00:00,140.8,31,ask,,,11514314
2026-07-08T01:09:04.236798,2026-07-08T01:09:04.248709+00:00,140.5,19,ask,,,11514315
2026-07-08T01:09:05.443701,2026-07-08T01:09:05.455041+00:00,141.1,5,bid,,,11514324
2026-07-08T01:09:05.656663,2026-07-08T01:09:05.667188+00:00,140.6,5,ask,,,11514328
2026-07-08T01:09:05.785593,2026-07-08T01:09:05.796184+00:00,141.0,12,bid,,,11514329
2026-07-08T01:09:06.346679,2026-07-08T01:09:06.353432+00:00,140.6,50,ask,,,11514340
2026-07-08T01:09:08.458865,2026-07-08T01:09:08.468804+00:00,140.6,50,ask,,,11514362
2026-07-08T01:09:10.247907,2026-07-08T01:09:10.254319+00:00,140.7,45,bid,,,11514389
2026-07-08T01:09:10.565136,2026-07-08T01:09:10.575966+00:00,140.6,50,ask,,,11514395
2026-07-08T01:09:10.980492,2026-07-08T01:09:10.989661+00:00,140.5,23,bid,,,11514401
2026-07-08T01:09:11.321353,2026-07-08T01:09:11.329208+00:00,140.2,47,ask,,,11514408
2026-07-08T01:09:12.341592,2026-07-08T01:09:12.350281+00:00,140.5,11,bid,,,11514423
2026-07-08T01:09:14.725032,2026-07-08T01:09:14.735486+00:00,140.5,50,bid,,,11514462
2026-07-08T01:09:15.986497,2026-07-08T01:09:15.995025+00:00,140.5,43,bid,,,11514479
2026-07-08T01:09:16.832714,2026-07-08T01:09:16.844401+00:00,140.5,7,bid,,,11514491
2026-07-08T01:09:16.832714,2026-07-08T01:09:16.844401+00:00,140.7,43,bid,,,11514492
2026-07-08T01:09:18.892808,2026-07-08T01:09:18.900723+00:00,140.5,11,ask,,,11514513
2026-07-08T01:09:18.940337,2026-07-08T01:09:18.947472+00:00,140.9,50,bid,,,11514517
2026-07-08T01:09:21.046957,2026-07-08T01:09:21.054327+00:00,140.8,50,bid,,,11514542
2026-07-08T01:09:23.157633,2026-07-08T01:09:23.169076+00:00,140.7,50,bid,,,11514565
2026-07-08T01:09:23.421746,2026-07-08T01:09:23.429205+00:00,140.3,45,ask,,,11514570
2026-07-08T01:09:24.494623,2026-07-08T01:09:24.505215+00:00,140.9,5,bid,,,11514587
2026-07-08T01:09:24.917119,2026-07-08T01:09:24.925540+00:00,140.7,12,ask,,,11514592
2026-07-08T01:09:25.106005,2026-07-08T01:09:25.117422+00:00,140.7,5,ask,,,11514595
2026-07-08T01:09:25.266202,2026-07-08T01:09:25.277771+00:00,140.9,50,bid,,,11514596
2026-07-08T01:09:26.749750,2026-07-08T01:09:26.758976+00:00,140.7,11,ask,,,11514621
2026-07-08T01:09:26.795691,2026-07-08T01:09:26.802752+00:00,141.1,40,bid,,,11514623
2026-07-08T01:09:27.375380,2026-07-08T01:09:27.387137+00:00,141.1,50,bid,,,11514629
2026-07-08T01:09:27.433843,2026-07-08T01:09:27.443009+00:00,140.7,43,ask,,,11514632
2026-07-08T01:09:28.639709,2026-07-08T01:09:28.650573+00:00,140.7,12,ask,,,11514645
2026-07-08T01:09:29.413957,2026-07-08T01:09:29.422572+00:00,140.7,47,ask,,,11514655
2026-07-08T01:09:29.483426,2026-07-08T01:09:29.492250+00:00,141.0,50,bid,,,11514656
2026-07-08T01:09:30.020300,2026-07-08T01:09:30.027395+00:00,140.8,49,bid,,,11514668
2026-07-08T01:09:32.177963,2026-07-08T01:09:32.195386+00:00,140.7,11,ask,,,11514697
2026-07-08T01:09:32.291107,2026-07-08T01:09:32.302616+00:00,140.7,20,ask,,,11514703
2026-07-08T01:09:32.325893,2026-07-08T01:09:32.332689+00:00,140.7,5,ask,,,11514706
2026-07-08T01:09:32.336813,2026-07-08T01:09:32.343332+00:00,140.7,43,ask,,,11514707
2026-07-08T01:09:32.535113,2026-07-08T01:09:32.542145+00:00,140.7,5,ask,,,11514711
2026-07-08T01:09:32.555918,2026-07-08T01:09:32.567454+00:00,140.7,19,ask,,,11514713
2026-07-08T01:09:32.749319,2026-07-08T01:09:32.758381+00:00,140.7,5,ask,,,11514718
2026-07-08T01:09:32.959300,2026-07-08T01:09:32.970857+00:00,140.7,5,ask,,,11514723
2026-07-08T01:09:33.167958,2026-07-08T01:09:33.175947+00:00,140.7,5,ask,,,11514728
2026-07-08T01:09:33.300498,2026-07-08T01:09:33.311595+00:00,140.7,3,ask,,,11514731
2026-07-08T01:09:33.384252,2026-07-08T01:09:33.393688+00:00,140.7,5,ask,,,11514735
2026-07-08T01:09:33.595667,2026-07-08T01:09:33.606003+00:00,140.7,5,ask,,,11514740
2026-07-08T01:09:33.807940,2026-07-08T01:09:33.818216+00:00,140.7,5,ask,,,11514743
2026-07-08T01:09:34.017009,2026-07-08T01:09:34.026585+00:00,140.3,5,ask,,,11514748
2026-07-08T01:09:34.040611,2026-07-08T01:09:34.049205+00:00,140.3,95,ask,,,11514749
2026-07-08T01:09:34.050338,2026-07-08T01:09:34.058987+00:00,140.3,3,bid,,,11514750
2026-07-08T01:09:34.228868,2026-07-08T01:09:34.239981+00:00,139.8,5,ask,,,11514753
2026-07-08T01:09:34.627227,2026-07-08T01:09:34.657333+00:00,140.3,11,bid,,,11514760
2026-07-08T01:09:34.670898,2026-07-08T01:09:34.678012+00:00,140.3,5,bid,,,11514763
2026-07-08T01:09:34.736476,2026-07-08T01:09:34.752326+00:00,140.3,12,bid,,,11514766
2026-07-08T01:09:34.791807,2026-07-08T01:09:34.803727+00:00,140.3,24,bid,,,11514769
2026-07-08T01:09:34.791807,2026-07-08T01:09:34.803727+00:00,140.8,18,bid,,,11514770
2026-07-08T01:09:34.887046,2026-07-08T01:09:34.897136+00:00,139.8,5,ask,,,11514772
2026-07-08T01:09:35.870879,2026-07-08T01:09:35.880366+00:00,139.8,50,ask,,,11514781
2026-07-08T01:09:36.435663,2026-07-08T01:09:36.444169+00:00,140.5,46,bid,,,11514790
2026-07-08T01:09:37.977808,2026-07-08T01:09:37.989539+00:00,140.3,50,ask,,,11514806
2026-07-08T01:09:38.130333,2026-07-08T01:09:38.137274+00:00,140.3,40,ask,,,11514807
2026-07-08T01:09:38.559511,2026-07-08T01:09:38.568559+00:00,140.3,12,ask,,,11514811
2026-07-08T01:09:39.590306,2026-07-08T01:09:39.601901+00:00,140.4,49,bid,,,11514830
2026-07-08T01:09:39.644567,2026-07-08T01:09:39.656237+00:00,140.3,48,ask,,,11514831
2026-07-08T01:09:40.096477,2026-07-08T01:09:40.103770+00:00,139.9,50,ask,,,11514837
2026-07-08T01:09:40.366151,2026-07-08T01:09:40.377870+00:00,139.9,50,ask,,,11514841
2026-07-08T01:09:40.381657,2026-07-08T01:09:40.392948+00:00,139.9,23,bid,,,11514843
2026-07-08T01:09:40.505483,2026-07-08T01:09:40.517300+00:00,139.9,5,bid,,,11514847
2026-07-08T01:09:40.715898,2026-07-08T01:09:40.727343+00:00,139.9,5,bid,,,11514851
2026-07-08T01:09:40.926142,2026-07-08T01:09:40.937712+00:00,139.9,5,bid,,,11514855
2026-07-08T01:09:41.135396,2026-07-08T01:09:41.143023+00:00,139.9,5,bid,,,11514858
2026-07-08T01:09:41.345339,2026-07-08T01:09:41.356518+00:00,139.9,5,bid,,,11514863
2026-07-08T01:09:42.151467,2026-07-08T01:09:42.158548+00:00,139.9,50,bid,,,11514875
2026-07-08T01:09:42.749150,2026-07-08T01:09:42.755589+00:00,139.9,2,bid,,,11514888
2026-07-08T01:09:42.749150,2026-07-08T01:09:42.755589+00:00,140.1,40,bid,,,11514889
2026-07-08T01:09:42.957496,2026-07-08T01:09:42.968898+00:00,139.6,5,ask,,,11514895
2026-07-08T01:09:43.167693,2026-07-08T01:09:43.174048+00:00,139.6,5,ask,,,11514902
2026-07-08T01:09:43.377511,2026-07-08T01:09:43.389040+00:00,139.6,5,ask,,,11514907
2026-07-08T01:09:43.589882,2026-07-08T01:09:43.599782+00:00,140.0,5,ask,,,11514911
2026-07-08T01:09:43.769524,2026-07-08T01:09:43.786217+00:00,140.0,48,ask,,,11514920
2026-07-08T01:09:43.801616,2026-07-08T01:09:43.813101+00:00,140.0,5,ask,,,11514923
2026-07-08T01:09:44.013105,2026-07-08T01:09:44.024152+00:00,140.1,5,bid,,,11514926
2026-07-08T01:09:44.223426,2026-07-08T01:09:44.263823+00:00,140.1,5,bid,,,11514928
2026-07-08T01:09:44.257403,2026-07-08T01:09:44.263823+00:00,140.1,50,bid,,,11514930
2026-07-08T01:09:44.433411,2026-07-08T01:09:44.474807+00:00,140.0,5,ask,,,11514938
2026-07-08T01:09:44.642810,2026-07-08T01:09:44.650721+00:00,140.0,5,ask,,,11514946
2026-07-08T01:09:46.363060,2026-07-08T01:09:46.374863+00:00,140.5,50,bid,,,11514965
2026-07-08T01:09:48.474523,2026-07-08T01:09:48.485432+00:00,140.7,50,bid,,,11514990
2026-07-08T01:09:48.887544,2026-07-08T01:09:48.898022+00:00,140.5,11,ask,,,11514995
2026-07-08T01:09:50.594068,2026-07-08T01:09:50.605368+00:00,140.9,50,bid,,,11515015
2026-07-08T01:09:52.769346,2026-07-08T01:09:52.779329+00:00,140.5,50,ask,,,11515044
2026-07-08T01:09:53.989869,2026-07-08T01:09:54.009089+00:00,140.5,12,ask,,,11515065
2026-07-08T01:09:54.267257,2026-07-08T01:09:54.277448+00:00,141.0,5,bid,,,11515075
2026-07-08T01:09:54.305032,2026-07-08T01:09:54.313706+00:00,140.5,11,ask,,,11515076
2026-07-08T01:09:54.388256,2026-07-08T01:09:54.395648+00:00,141.0,42,bid,,,11515080
2026-07-08T01:09:54.478113,2026-07-08T01:09:54.484823+00:00,140.5,5,ask,,,11515084
2026-07-08T01:09:55.258586,2026-07-08T01:09:55.270220+00:00,140.5,100,ask,,,11515094
2026-07-08T01:09:57.014690,2026-07-08T01:09:57.028330+00:00,140.0,48,ask,,,11515108
2026-07-08T01:09:59.069030,2026-07-08T01:09:59.080855+00:00,140.5,50,bid,,,11515146
2026-07-08T01:10:01.178074,2026-07-08T01:10:01.189623+00:00,140.6,50,bid,,,11515170
2026-07-08T01:10:03.314718,2026-07-08T01:10:03.328351+00:00,140.8,50,bid,,,11515196
2026-07-08T01:10:04.306277,2026-07-08T01:10:04.317880+00:00,140.8,42,bid,,,11515210
2026-07-08T01:10:04.714957,2026-07-08T01:10:04.724412+00:00,140.6,3,ask,,,11515222
2026-07-08T01:10:05.424168,2026-07-08T01:10:05.435944+00:00,141.0,50,bid,,,11515230
2026-07-08T01:10:06.196942,2026-07-08T01:10:06.208621+00:00,140.6,48,ask,,,11515239
2026-07-08T01:10:06.770989,2026-07-08T01:10:06.778413+00:00,141.1,40,bid,,,11515243
2026-07-08T01:10:10.167345,2026-07-08T01:10:10.178838+00:00,140.8,20,ask,,,11515290
2026-07-08T01:10:10.324756,2026-07-08T01:10:10.332357+00:00,140.8,44,ask,,,11515295
2026-07-08T01:10:10.434153,2026-07-08T01:10:10.442164+00:00,140.8,20,ask,,,11515299
2026-07-08T01:10:11.827932,2026-07-08T01:10:11.839719+00:00,140.8,50,ask,,,11515318
2026-07-08T01:10:12.017385,2026-07-08T01:10:12.025784+00:00,140.6,100,ask,,,11515322
2026-07-08T01:10:12.235599,2026-07-08T01:10:12.246372+00:00,140.3,26,bid,,,11515327
2026-07-08T01:10:12.356669,2026-07-08T01:10:12.368757+00:00,140.3,24,bid,,,11515332
2026-07-08T01:10:12.356669,2026-07-08T01:10:12.368757+00:00,141.1,17,bid,,,11515333
2026-07-08T01:10:13.968288,2026-07-08T01:10:13.979237+00:00,139.8,50,ask,,,11515349
2026-07-08T01:10:15.135157,2026-07-08T01:10:15.176772+00:00,140.5,12,ask,,,11515371
2026-07-08T01:10:15.343076,2026-07-08T01:10:15.351449+00:00,140.5,47,ask,,,11515375
2026-07-08T01:10:15.938099,2026-07-08T01:10:15.944932+00:00,140.9,45,bid,,,11515386
2026-07-08T01:10:16.619490,2026-07-08T01:10:16.628496+00:00,140.5,11,ask,,,11515395
2026-07-08T01:10:18.205987,2026-07-08T01:10:18.217222+00:00,140.5,50,ask,,,11515414
2026-07-08T01:10:20.313068,2026-07-08T01:10:20.325107+00:00,140.4,50,ask,,,11515439
2026-07-08T01:10:20.621272,2026-07-08T01:10:20.631750+00:00,140.5,41,bid,,,11515442
2026-07-08T01:10:21.274799,2026-07-08T01:10:21.284707+00:00,140.2,48,ask,,,11515454
2026-07-08T01:10:21.896115,2026-07-08T01:10:21.904800+00:00,140.2,48,ask,,,11515462
2026-07-08T01:10:21.911238,2026-07-08T01:10:21.919589+00:00,140.4,11,bid,,,11515463
2026-07-08T01:10:22.425005,2026-07-08T01:10:22.436860+00:00,140.2,4,ask,,,11515474
2026-07-08T01:10:22.425005,2026-07-08T01:10:22.442079+00:00,139.9,46,ask,,,11515475
2026-07-08T01:10:24.482041,2026-07-08T01:10:24.493723+00:00,140.4,50,bid,,,11515500
2026-07-08T01:10:26.670853,2026-07-08T01:10:26.680448+00:00,140.2,50,ask,,,11515526
2026-07-08T01:10:26.924843,2026-07-08T01:10:26.936591+00:00,140.4,43,bid,,,11515530
2026-07-08T01:10:27.092942,2026-07-08T01:10:27.101622+00:00,140.4,12,bid,,,11515535
2026-07-08T01:10:28.778793,2026-07-08T01:10:28.786951+00:00,140.1,50,ask,,,11515562
2026-07-08T01:10:29.169824,2026-07-08T01:10:29.181314+00:00,140.4,23,bid,,,11515569
2026-07-08T01:10:29.371727,2026-07-08T01:10:29.379062+00:00,140.4,20,bid,,,11515575
2026-07-08T01:10:29.633966,2026-07-08T01:10:29.645650+00:00,140.4,2,bid,,,11515577
2026-07-08T01:10:29.679719,2026-07-08T01:10:29.690685+00:00,140.6,46,bid,,,11515579
2026-07-08T01:10:30.017147,2026-07-08T01:10:30.028786+00:00,140.5,12,ask,,,11515586
2026-07-08T01:10:30.885764,2026-07-08T01:10:30.891957+00:00,140.5,50,ask,,,11515598
2026-07-08T01:10:31.102932,2026-07-08T01:10:31.114590+00:00,140.7,43,bid,,,11515603
2026-07-08T01:10:32.297162,2026-07-08T01:10:32.309101+00:00,140.5,38,ask,,,11515617
2026-07-08T01:10:32.297162,2026-07-08T01:10:32.309101+00:00,140.2,5,ask,,,11515618
2026-07-08T01:10:32.997425,2026-07-08T01:10:33.004707+00:00,140.2,50,ask,,,11515626
2026-07-08T01:10:33.885474,2026-07-08T01:10:33.896925+00:00,140.7,45,bid,,,11515638
2026-07-08T01:10:35.013516,2026-07-08T01:10:35.025094+00:00,140.6,45,ask,,,11515651
2026-07-08T01:10:35.103809,2026-07-08T01:10:35.115586+00:00,140.6,50,ask,,,11515652
2026-07-08T01:10:36.022909,2026-07-08T01:10:36.031226+00:00,140.6,43,ask,,,11515668
2026-07-08T01:10:37.222222,2026-07-08T01:10:37.234276+00:00,140.6,12,ask,,,11515682
2026-07-08T01:10:37.222222,2026-07-08T01:10:37.234276+00:00,140.5,38,ask,,,11515683
2026-07-08T01:10:37.353491,2026-07-08T01:10:37.377232+00:00,140.5,62,ask,,,11515684
2026-07-08T01:10:37.366439,2026-07-08T01:10:37.377232+00:00,140.4,12,bid,,,11515685
2026-07-08T01:10:37.395660,2026-07-08T01:10:37.407470+00:00,140.4,20,bid,,,11515687
2026-07-08T01:10:37.662004,2026-07-08T01:10:37.672213+00:00,140.4,11,bid,,,11515694
2026-07-08T01:10:37.662216,2026-07-08T01:10:37.672213+00:00,140.4,20,bid,,,11515695
2026-07-08T01:10:37.923149,2026-07-08T01:10:37.934645+00:00,140.4,17,bid,,,11515703
2026-07-08T01:10:38.136818,2026-07-08T01:10:38.148785+00:00,140.4,8,bid,,,11515710
2026-07-08T01:10:38.136818,2026-07-08T01:10:38.148785+00:00,141.0,39,bid,,,11515711
2026-07-08T01:10:39.333683,2026-07-08T01:10:39.345429+00:00,139.9,50,ask,,,11515719
2026-07-08T01:10:41.389688,2026-07-08T01:10:41.400993+00:00,140.7,50,bid,,,11515745
2026-07-08T01:10:43.062721,2026-07-08T01:10:43.064017+00:00,140.9,42,bid,,,11515764
2026-07-08T01:10:43.116622,2026-07-08T01:10:43.128007+00:00,140.6,45,ask,,,11515766
2026-07-08T01:10:43.547791,2026-07-08T01:10:43.559651+00:00,140.6,50,ask,,,11515769
2026-07-08T01:10:43.717692,2026-07-08T01:10:43.725554+00:00,140.8,11,ask,,,11515774
2026-07-08T01:10:44.164841,2026-07-08T01:10:44.173249+00:00,140.8,12,ask,,,11515779
2026-07-08T01:10:44.274746,2026-07-08T01:10:44.274374+00:00,140.8,20,ask,,,11515783
2026-07-08T01:10:44.538243,2026-07-08T01:10:44.544689+00:00,140.8,17,ask,,,11515786
2026-07-08T01:10:45.603961,2026-07-08T01:10:45.611288+00:00,141.1,50,bid,,,11515806
2026-07-08T01:10:47.711854,2026-07-08T01:10:47.722412+00:00,141.0,50,bid,,,11515826
2026-07-08T01:10:48.359233,2026-07-08T01:10:48.370951+00:00,140.6,42,ask,,,11515833
2026-07-08T01:10:48.912737,2026-07-08T01:10:48.923954+00:00,141.0,42,bid,,,11515849
2026-07-08T01:10:49.227137,2026-07-08T01:10:49.234215+00:00,140.7,20,bid,,,11515854
2026-07-08T01:10:49.395792,2026-07-08T01:10:49.404799+00:00,140.7,23,bid,,,11515856
2026-07-08T01:10:49.817594,2026-07-08T01:10:49.829660+00:00,140.7,40,bid,,,11515866
2026-07-08T01:10:49.817594,2026-07-08T01:10:49.829660+00:00,141.0,10,bid,,,11515867
2026-07-08T01:10:50.017143,2026-07-08T01:10:50.027643+00:00,141.0,23,ask,,,11515869
2026-07-08T01:10:50.177105,2026-07-08T01:10:50.186751+00:00,141.0,17,ask,,,11515875
2026-07-08T01:10:50.533405,2026-07-08T01:10:50.545449+00:00,141.0,43,ask,,,11515882
2026-07-08T01:10:55.091734,2026-07-08T01:10:55.103454+00:00,141.1,40,bid,,,11515939
2026-07-08T01:10:58.196182,2026-07-08T01:10:58.207702+00:00,140.7,45,ask,,,11515977
2026-07-08T01:10:58.237937,2026-07-08T01:10:58.248429+00:00,141.2,50,bid,,,11515979
2026-07-08T01:11:00.396872,2026-07-08T01:11:00.406469+00:00,140.8,50,ask,,,11516003
2026-07-08T01:11:03.166636,2026-07-08T01:11:03.178393+00:00,141.0,9,bid,,,11516037
2026-07-08T01:11:03.439278,2026-07-08T01:11:03.451519+00:00,141.0,4,bid,,,11516040
2026-07-08T01:11:03.726404,2026-07-08T01:11:03.733745+00:00,141.0,1,bid,,,11516048
2026-07-08T01:11:04.558350,2026-07-08T01:11:04.570211+00:00,141.0,50,bid,,,11516062
2026-07-08T01:11:06.721670,2026-07-08T01:11:06.730743+00:00,140.8,50,ask,,,11516083
2026-07-08T01:11:07.707059,2026-07-08T01:11:07.718972+00:00,141.3,47,bid,,,11516097
2026-07-08T01:11:08.827994,2026-07-08T01:11:08.839857+00:00,140.9,50,ask,,,11516108
2026-07-08T01:11:10.479846,2026-07-08T01:11:10.491684+00:00,140.9,45,ask,,,11516124
2026-07-08T01:11:10.936631,2026-07-08T01:11:10.948186+00:00,140.9,5,ask,,,11516135
2026-07-08T01:11:10.936631,2026-07-08T01:11:10.948186+00:00,140.9,45,ask,,,11516136
2026-07-08T01:11:13.046442,2026-07-08T01:11:13.058468+00:00,140.7,50,ask,,,11516161
2026-07-08T01:11:15.155716,2026-07-08T01:11:15.154964+00:00,140.7,43,bid,,,11516186
2026-07-08T01:11:15.174226,2026-07-08T01:11:15.184289+00:00,140.5,50,ask,,,11516189
2026-07-08T01:11:15.765507,2026-07-08T01:11:15.777213+00:00,140.7,42,bid,,,11516207
2026-07-08T01:11:16.398156,2026-07-08T01:11:16.407273+00:00,140.7,12,bid,,,11516212
2026-07-08T01:11:19.333556,2026-07-08T01:11:19.345501+00:00,140.8,50,bid,,,11516249
2026-07-08T01:11:21.496798,2026-07-08T01:11:21.508300+00:00,140.5,50,ask,,,11516274
2026-07-08T01:11:21.696020,2026-07-08T01:11:21.707464+00:00,140.5,42,ask,,,11516275
2026-07-08T01:11:22.699057,2026-07-08T01:11:22.711024+00:00,140.5,8,ask,,,11516290
2026-07-08T01:11:22.699057,2026-07-08T01:11:22.711024+00:00,140.4,38,ask,,,11516291
2026-07-08T01:11:23.553476,2026-07-08T01:11:23.565291+00:00,140.9,50,bid,,,11516300
2026-07-08T01:11:25.661655,2026-07-08T01:11:25.670911+00:00,140.6,50,bid,,,11516328
2026-07-08T01:11:27.772538,2026-07-08T01:11:27.784260+00:00,140.7,50,bid,,,11516351
2026-07-08T01:11:29.898923,2026-07-08T01:11:29.910713+00:00,140.7,50,bid,,,11516376
2026-07-08T01:11:30.309904,2026-07-08T01:11:30.321561+00:00,140.8,44,bid,,,11516382
2026-07-08T01:11:31.981951,2026-07-08T01:11:31.993645+00:00,141.0,42,bid,,,11516405
2026-07-08T01:11:32.056941,2026-07-08T01:11:32.073800+00:00,140.6,50,ask,,,11516409
2026-07-08T01:11:32.116802,2026-07-08T01:11:32.125709+00:00,140.6,23,ask,,,11516411
2026-07-08T01:11:32.296030,2026-07-08T01:11:32.307596+00:00,140.6,20,ask,,,11516415
2026-07-08T01:11:32.562641,2026-07-08T01:11:32.574293+00:00,140.6,20,ask,,,11516419
2026-07-08T01:11:34.163915,2026-07-08T01:11:34.175853+00:00,140.7,50,ask,,,11516433
2026-07-08T01:11:34.239251,2026-07-08T01:11:34.247267+00:00,140.7,2,ask,,,11516435
2026-07-08T01:11:34.336786,2026-07-08T01:11:34.358079+00:00,140.7,48,ask,,,11516436
2026-07-08T01:11:34.349004,2026-07-08T01:11:34.358079+00:00,140.4,11,bid,,,11516437
2026-07-08T01:11:35.350371,2026-07-08T01:11:35.359292+00:00,140.4,23,bid,,,11516450
2026-07-08T01:11:36.223890,2026-07-08T01:11:36.231205+00:00,140.4,50,bid,,,11516465
2026-07-08T01:11:36.758206,2026-07-08T01:11:36.770513+00:00,140.4,18,bid,,,11516474
2026-07-08T01:11:37.459987,2026-07-08T01:11:37.469696+00:00,140.7,23,ask,,,11516486
2026-07-08T01:11:37.977571,2026-07-08T01:11:37.986733+00:00,140.7,23,ask,,,11516492
2026-07-08T01:11:38.186431,2026-07-08T01:11:38.195297+00:00,140.7,20,ask,,,11516498
2026-07-08T01:11:38.285135,2026-07-08T01:11:38.296723+00:00,140.7,47,ask,,,11516499
2026-07-08T01:11:38.408903,2026-07-08T01:11:38.420600+00:00,140.7,37,ask,,,11516501
2026-07-08T01:11:38.408903,2026-07-08T01:11:38.420600+00:00,140.3,13,ask,,,11516502
2026-07-08T01:11:40.517038,2026-07-08T01:11:40.528810+00:00,140.0,50,ask,,,11516533
2026-07-08T01:11:40.589725,2026-07-08T01:11:40.611804+00:00,140.5,12,bid,,,11516534
2026-07-08T01:11:40.614388,2026-07-08T01:11:40.623882+00:00,140.5,11,bid,,,11516536
2026-07-08T01:11:40.672230,2026-07-08T01:11:40.682056+00:00,140.3,23,bid,,,11516538
2026-07-08T01:11:41.424557,2026-07-08T01:11:41.436401+00:00,140.3,45,bid,,,11516549
2026-07-08T01:11:43.064172,2026-07-08T01:11:43.075968+00:00,139.9,49,ask,,,11516565
2026-07-08T01:11:44.540753,2026-07-08T01:11:44.547142+00:00,140.4,45,bid,,,11516584
2026-07-08T01:11:44.678665,2026-07-08T01:11:44.690233+00:00,140.4,50,bid,,,11516585
2026-07-08T01:11:45.128134,2026-07-08T01:11:45.138885+00:00,140.2,44,ask,,,11516595
2026-07-08T01:11:46.738894,2026-07-08T01:11:46.750359+00:00,140.6,44,bid,,,11516616
2026-07-08T01:11:46.783847,2026-07-08T01:11:46.791115+00:00,140.6,50,bid,,,11516617
2026-07-08T01:11:47.353258,2026-07-08T01:11:47.364864+00:00,140.1,43,ask,,,11516629
2026-07-08T01:11:47.826870,2026-07-08T01:11:47.836679+00:00,140.1,43,ask,,,11516636
2026-07-08T01:11:50.998096,2026-07-08T01:11:51.010006+00:00,140.7,50,bid,,,11516674
2026-07-08T01:11:51.517232,2026-07-08T01:11:51.527713+00:00,140.7,40,bid,,,11516682
2026-07-08T01:11:52.136904,2026-07-08T01:11:52.158582+00:00,140.3,48,ask,,,11516688
2026-07-08T01:11:52.290642,2026-07-08T01:11:52.301152+00:00,140.4,11,ask,,,11516689
2026-07-08T01:11:52.718775,2026-07-08T01:11:52.730199+00:00,140.4,12,ask,,,11516702
2026-07-08T01:11:53.105206,2026-07-08T01:11:53.112391+00:00,140.8,50,bid,,,11516708
2026-07-08T01:11:53.116605,2026-07-08T01:11:53.127905+00:00,140.8,42,bid,,,11516709
2026-07-08T01:11:53.170529,2026-07-08T01:11:53.178319+00:00,140.4,43,ask,,,11516710
2026-07-08T01:11:55.010273,2026-07-08T01:11:55.021722+00:00,140.4,11,ask,,,11516734
2026-07-08T01:11:55.215032,2026-07-08T01:11:55.226730+00:00,140.8,50,bid,,,11516738
2026-07-08T01:11:57.374123,2026-07-08T01:11:57.385931+00:00,140.3,50,ask,,,11516761
2026-07-08T01:11:59.434007,2026-07-08T01:11:59.441287+00:00,140.5,50,bid,,,11516790
2026-07-08T01:11:59.973745,2026-07-08T01:11:59.981253+00:00,140.5,40,bid,,,11516800
2026-07-08T01:12:01.540048,2026-07-08T01:12:01.552960+00:00,140.5,10,bid,,,11516814
2026-07-08T01:12:01.540048,2026-07-08T01:12:01.552960+00:00,140.8,40,bid,,,11516815
2026-07-08T01:12:03.651535,2026-07-08T01:12:03.658585+00:00,140.9,50,bid,,,11516849
2026-07-08T01:12:03.693829,2026-07-08T01:12:03.702902+00:00,140.4,14,ask,,,11516852
2026-07-08T01:12:04.823710,2026-07-08T01:12:04.834162+00:00,140.4,12,ask,,,11516867
2026-07-08T01:12:05.759163,2026-07-08T01:12:05.770953+00:00,140.8,50,bid,,,11516878
2026-07-08T01:12:07.868028,2026-07-08T01:12:07.879671+00:00,140.7,50,bid,,,11516902
2026-07-08T01:12:09.675795,2026-07-08T01:12:09.685532+00:00,140.6,11,ask,,,11516922
2026-07-08T01:12:09.976175,2026-07-08T01:12:09.984261+00:00,141.0,50,bid,,,11516930
2026-07-08T01:12:10.661379,2026-07-08T01:12:10.670171+00:00,140.6,49,ask,,,11516938
2026-07-08T01:12:11.281704,2026-07-08T01:12:11.295551+00:00,140.7,3,ask,,,11516950
2026-07-08T01:12:11.767380,2026-07-08T01:12:11.779418+00:00,140.7,41,ask,,,11516958
2026-07-08T01:12:12.086232,2026-07-08T01:12:12.097009+00:00,141.1,50,bid,,,11516959
2026-07-08T01:12:12.993511,2026-07-08T01:12:13.005113+00:00,141.1,47,bid,,,11516972
2026-07-08T01:12:14.192911,2026-07-08T01:12:14.204919+00:00,141.1,50,bid,,,11516982
2026-07-08T01:12:16.300952,2026-07-08T01:12:16.308132+00:00,141.2,50,bid,,,11517008
2026-07-08T01:12:17.106450,2026-07-08T01:12:17.114169+00:00,140.9,45,ask,,,11517018
2026-07-08T01:12:18.408023,2026-07-08T01:12:18.419869+00:00,141.4,50,bid,,,11517038
2026-07-08T01:12:18.659487,2026-07-08T01:12:18.670819+00:00,141.2,3,ask,,,11517039
2026-07-08T01:12:18.663704,2026-07-08T01:12:18.670819+00:00,141.2,46,ask,,,11517040
2026-07-08T01:12:19.959565,2026-07-08T01:12:19.969097+00:00,141.2,23,ask,,,11517061
2026-07-08T01:12:20.618633,2026-07-08T01:12:20.627546+00:00,141.2,50,ask,,,11517076
2026-07-08T01:12:20.651893,2026-07-08T01:12:20.663968+00:00,141.2,8,ask,,,11517078
2026-07-08T01:12:21.893625,2026-07-08T01:12:21.903809+00:00,140.8,26,bid,,,11517097
2026-07-08T01:12:22.035880,2026-07-08T01:12:22.047375+00:00,140.8,20,bid,,,11517101
2026-07-08T01:12:22.175233,2026-07-08T01:12:22.187387+00:00,140.8,43,bid,,,11517103
2026-07-08T01:12:22.299001,2026-07-08T01:12:22.309244+00:00,140.8,8,bid,,,11517105
2026-07-08T01:12:22.677393,2026-07-08T01:12:22.686389+00:00,140.8,50,bid,,,11517112
2026-07-08T01:12:23.928908,2026-07-08T01:12:23.940478+00:00,140.8,3,bid,,,11517132
2026-07-08T01:12:24.785163,2026-07-08T01:12:24.796867+00:00,141.3,50,bid,,,11517150
2026-07-08T01:12:25.389829,2026-07-08T01:12:25.397320+00:00,141.3,42,bid,,,11517153
2026-07-08T01:12:25.991178,2026-07-08T01:12:25.999865+00:00,141.1,3,ask,,,11517161
2026-07-08T01:12:26.446529,2026-07-08T01:12:26.458569+00:00,141.3,8,bid,,,11517169
2026-07-08T01:12:26.446529,2026-07-08T01:12:26.458569+00:00,141.3,10,bid,,,11517170
2026-07-08T01:12:26.893508,2026-07-08T01:12:26.905041+00:00,141.6,50,bid,,,11517173
2026-07-08T01:12:27.805829,2026-07-08T01:12:27.816425+00:00,141.1,11,ask,,,11517187
2026-07-08T01:12:28.181861,2026-07-08T01:12:28.191042+00:00,141.1,45,ask,,,11517193
2026-07-08T01:12:29.014304,2026-07-08T01:12:29.032751+00:00,141.5,50,bid,,,11517200
2026-07-08T01:12:29.141841,2026-07-08T01:12:29.152243+00:00,141.1,12,ask,,,11517203
2026-07-08T01:12:29.401982,2026-07-08T01:12:29.413623+00:00,141.1,20,ask,,,11517206
2026-07-08T01:12:29.748533,2026-07-08T01:12:29.763635+00:00,141.1,20,ask,,,11517215
2026-07-08T01:12:30.100133,2026-07-08T01:12:30.112056+00:00,141.1,3,ask,,,11517219
2026-07-08T01:12:30.100133,2026-07-08T01:12:30.112056+00:00,141.0,17,ask,,,11517220
2026-07-08T01:12:30.386083,2026-07-08T01:12:30.397909+00:00,141.0,44,ask,,,11517222
2026-07-08T01:12:30.670111,2026-07-08T01:12:30.690650+00:00,141.0,9,ask,,,11517225
2026-07-08T01:12:31.122081,2026-07-08T01:12:31.133599+00:00,141.1,50,bid,,,11517228
2026-07-08T01:12:33.253053,2026-07-08T01:12:33.264164+00:00,141.1,50,bid,,,11517248
2026-07-08T01:12:34.038341,2026-07-08T01:12:34.050060+00:00,141.2,49,bid,,,11517256
2026-07-08T01:12:35.410442,2026-07-08T01:12:35.422121+00:00,140.9,50,ask,,,11517271
2026-07-08T01:12:37.497835,2026-07-08T01:12:37.516023+00:00,140.9,11,ask,,,11517299
2026-07-08T01:12:37.550969,2026-07-08T01:12:37.560417+00:00,140.9,50,ask,,,11517303
2026-07-08T01:12:39.619401,2026-07-08T01:12:39.628985+00:00,140.7,12,ask,,,11517332
2026-07-08T01:12:39.669106,2026-07-08T01:12:39.679278+00:00,140.7,5,ask,,,11517336
2026-07-08T01:12:39.807751,2026-07-08T01:12:39.819708+00:00,140.5,100,ask,,,11517339
2026-07-08T01:12:39.882166,2026-07-08T01:12:39.892979+00:00,141.0,5,bid,,,11517344
2026-07-08T01:12:40.902741,2026-07-08T01:12:40.911909+00:00,140.3,23,bid,,,11517358
2026-07-08T01:12:41.773275,2026-07-08T01:12:41.779678+00:00,139.9,50,ask,,,11517371
2026-07-08T01:12:41.790204,2026-07-08T01:12:41.800914+00:00,140.3,46,bid,,,11517373
2026-07-08T01:12:43.880884,2026-07-08T01:12:43.892616+00:00,140.1,50,ask,,,11517399
2026-07-08T01:12:45.990860,2026-07-08T01:12:46.002656+00:00,140.1,50,ask,,,11517427
2026-07-08T01:12:46.159526,2026-07-08T01:12:46.168485+00:00,140.4,12,bid,,,11517430
2026-07-08T01:12:48.099591,2026-07-08T01:12:48.110204+00:00,140.2,50,ask,,,11517445
2026-07-08T01:12:50.207638,2026-07-08T01:12:50.215337+00:00,140.2,50,ask,,,11517471
2026-07-08T01:12:50.217915,2026-07-08T01:12:50.225756+00:00,140.2,48,ask,,,11517472
2026-07-08T01:12:50.410535,2026-07-08T01:12:50.421061+00:00,140.0,14,bid,,,11517474
2026-07-08T01:12:50.573394,2026-07-08T01:12:50.585116+00:00,140.0,20,bid,,,11517478
2026-07-08T01:12:50.837084,2026-07-08T01:12:50.848697+00:00,140.0,20,bid,,,11517488
2026-07-08T01:12:51.099895,2026-07-08T01:12:51.111584+00:00,140.0,20,bid,,,11517491
2026-07-08T01:12:51.365508,2026-07-08T01:12:51.372120+00:00,140.0,19,bid,,,11517495
2026-07-08T01:12:51.433056,2026-07-08T01:12:51.440534+00:00,139.8,19,ask,,,11517498
2026-07-08T01:12:52.313966,2026-07-08T01:12:52.321101+00:00,139.8,50,ask,,,11517511
2026-07-08T01:12:52.876217,2026-07-08T01:12:52.887943+00:00,140.0,19,bid,,,11517516
2026-07-08T01:12:53.506798,2026-07-08T01:12:53.518359+00:00,140.0,100,bid,,,11517527
