timestamp,recv_time,price,volume,aggressor_side,buyer,seller,trade_id
2026-07-15T10:00:00.116950,2026-07-15T10:00:00.007005+00:00,91.3,9,bid,Patrizia Schlatter,EarnestEspressos,4623495
2026-07-15T10:00:00.127796,2026-07-15T10:00:00.007005+00:00,91.2,20,ask,Scott Bagby,Patrizia Schlatter,4623497
2026-07-15T10:00:00.357992,2026-07-15T10:00:00.365141+00:00,91.3,10,ask,Andre Chan,FlawlessFlatbreads,4623504
2026-07-15T10:00:00.357992,2026-07-15T10:00:00.365141+00:00,91.3,25,ask,Roger Xu,CostlyCorianders,4623505
2026-07-15T10:00:00.357992,2026-07-15T10:00:00.365141+00:00,91.2,5,ask,Zhangyue Shen,CostlyCorianders,4623506
2026-07-15T10:00:00.856594,2026-07-15T10:00:00.863812+00:00,91.3,10,ask,Zhengnan Hua,CostlyCorianders,4623513
2026-07-15T10:00:01.441448,2026-07-15T10:00:01.451013+00:00,91.4,38,bid,CostlyCorianders,Kelvin Chan,4623522
2026-07-15T10:00:01.441448,2026-07-15T10:00:01.451013+00:00,91.4,9,bid,CostlyCorianders,Johan Shajee,4623523
2026-07-15T10:00:01.512589,2026-07-15T10:00:01.528628+00:00,91.3,10,ask,Andre Chan,CostlyCorianders,4623525
2026-07-15T10:00:01.512589,2026-07-15T10:00:01.528628+00:00,91.3,25,ask,Roger Xu,CostlyCorianders,4623526
2026-07-15T10:00:01.512589,2026-07-15T10:00:01.528628+00:00,91.3,5,ask,Johan Shajee,EarnestEspressos,4623527
2026-07-15T10:00:02.797817,2026-07-15T10:00:02.802446+00:00,91.4,1,bid,EarnestEspressos,Johan Shajee,4623557
2026-07-15T10:00:02.797817,2026-07-15T10:00:02.812914+00:00,91.4,12,bid,EarnestEspressos,Kelvin Chan,4623558
2026-07-15T10:00:02.797817,2026-07-15T10:00:02.812914+00:00,91.4,6,bid,EarnestEspressos,Andre Chan,4623559
2026-07-15T10:00:02.797817,2026-07-15T10:00:02.812914+00:00,91.4,4,bid,EarnestEspressos,Johan Shajee,4623560
2026-07-15T10:00:02.797817,2026-07-15T10:00:02.812914+00:00,91.4,30,bid,EarnestEspressos,Gourab Sharma,4623561
2026-07-15T10:00:02.797817,2026-07-15T10:00:02.812914+00:00,91.4,25,bid,EarnestEspressos,Roger Xu,4623562
2026-07-15T10:00:02.797817,2026-07-15T10:00:02.823414+00:00,91.4,19,bid,EarnestEspressos,Kelvin Chan,4623563
2026-07-15T10:00:02.797817,2026-07-15T10:00:02.823414+00:00,91.4,10,bid,EarnestEspressos,Zhengnan Hua,4623564
2026-07-15T10:00:02.942734,2026-07-15T10:00:02.969251+00:00,91.4,3,ask,EarnestEspressos,Xuanyu Liu,4623572
2026-07-15T10:00:02.965221,2026-07-15T10:00:02.990330+00:00,91.4,40,ask,EarnestEspressos,Alex To,4623573
2026-07-15T10:00:03.005916,2026-07-15T10:00:03.011368+00:00,91.3,30,ask,Gourab Sharma,FlawlessFlatbreads,4623577
2026-07-15T10:00:03.005916,2026-07-15T10:00:03.011368+00:00,91.3,20,ask,Roger Xu,FlawlessFlatbreads,4623578
2026-07-15T10:00:03.018204,2026-07-15T10:00:03.021888+00:00,91.3,2,ask,Roger Xu,Anish Mukherjee,4623580
2026-07-15T10:00:03.018760,2026-07-15T10:00:03.021888+00:00,91.3,2,ask,Roger Xu,Johan Shajee,4623582
2026-07-15T10:00:03.044542,2026-07-15T10:00:03.054092+00:00,91.3,13,ask,Kelvin Chan,Peter Chen,4623583
2026-07-15T10:00:03.134230,2026-07-15T10:00:03.138327+00:00,91.3,1,ask,Zhengnan Hua,Alex To,4623585
2026-07-15T10:00:03.148260,2026-07-15T10:00:03.159520+00:00,91.5,12,bid,Patrizia Schlatter,Zhangyue Shen,4623588
2026-07-15T10:00:03.148260,2026-07-15T10:00:03.159520+00:00,91.5,8,bid,Patrizia Schlatter,Andy Garg,4623589
2026-07-15T10:00:03.161420,2026-07-15T10:00:03.170104+00:00,91.3,9,ask,Zhengnan Hua,Patrizia Schlatter,4623591
2026-07-15T10:00:03.161420,2026-07-15T10:00:03.170104+00:00,91.3,11,ask,Roger Xu,Patrizia Schlatter,4623592
2026-07-15T10:00:03.226874,2026-07-15T10:00:03.234967+00:00,91.3,2,ask,Roger Xu,Anish Mukherjee,4623596
2026-07-15T10:00:03.315849,2026-07-15T10:00:03.320412+00:00,91.3,2,ask,Kelvin Chan,Anish Mukherjee,4623597
2026-07-15T10:00:03.433996,2026-07-15T10:00:03.437090+00:00,91.3,2,ask,Kelvin Chan,Alex To,4623600
2026-07-15T10:00:03.597896,2026-07-15T10:00:03.605606+00:00,91.3,2,ask,Roger Xu,Anish Mukherjee,4623602
2026-07-15T10:00:03.642279,2026-07-15T10:00:03.647664+00:00,91.3,2,ask,Roger Xu,Johan Shajee,4623606
2026-07-15T10:00:03.809466,2026-07-15T10:00:03.815881+00:00,91.3,2,ask,Roger Xu,Johan Shajee,4623609
2026-07-15T10:00:03.849985,2026-07-15T10:00:03.857972+00:00,91.3,2,ask,Roger Xu,Anish Mukherjee,4623611
2026-07-15T10:00:04.057013,2026-07-15T10:00:04.068593+00:00,91.3,2,ask,Akshit Parekh,Anish Mukherjee,4623615
2026-07-15T10:00:04.097649,2026-07-15T10:00:04.100347+00:00,91.3,1,ask,Kelvin Chan,Anish Mukherjee,4623616
2026-07-15T10:00:04.262581,2026-07-15T10:00:04.269525+00:00,91.3,2,ask,Akshit Parekh,Anish Mukherjee,4623621
2026-07-15T10:00:04.468792,2026-07-15T10:00:04.479024+00:00,91.3,2,ask,Akshit Parekh,Anish Mukherjee,4623626
2026-07-15T10:00:04.675038,2026-07-15T10:00:04.678313+00:00,91.3,2,ask,Akshit Parekh,Anish Mukherjee,4623628
2026-07-15T10:00:04.881953,2026-07-15T10:00:04.889852+00:00,91.3,1,ask,Akshit Parekh,Anish Mukherjee,4623631
2026-07-15T10:00:04.881953,2026-07-15T10:00:04.889852+00:00,91.3,1,ask,Akshit Parekh,Johan Shajee,4623632
2026-07-15T10:00:04.970074,2026-07-15T10:00:04.984700+00:00,91.3,23,ask,Kelvin Chan,CostlyCorianders,4623633
2026-07-15T10:00:04.970074,2026-07-15T10:00:04.984700+00:00,91.3,10,ask,Zhengnan Hua,CostlyCorianders,4623634
2026-07-15T10:00:04.970074,2026-07-15T10:00:04.984700+00:00,91.2,10,ask,Johan Shajee,CostlyCorianders,4623635
2026-07-15T10:00:04.970074,2026-07-15T10:00:04.984700+00:00,91.1,4,ask,Zhangyue Shen,CostlyCorianders,4623636
2026-07-15T10:00:05.120082,2026-07-15T10:00:05.132584+00:00,91.1,8,ask,Zhangyue Shen,FlawlessFlatbreads,4623638
2026-07-15T10:00:05.120082,2026-07-15T10:00:05.132584+00:00,91.0,42,ask,DiligentDonuts,FlawlessFlatbreads,4623639
2026-07-15T10:00:05.603742,2026-07-15T10:00:05.610008+00:00,91.2,10,bid,CostlyCorianders,Zhengnan Hua,4623653
2026-07-15T10:00:05.603742,2026-07-15T10:00:05.610008+00:00,91.2,29,bid,CostlyCorianders,Kelvin Chan,4623654
2026-07-15T10:00:05.603742,2026-07-15T10:00:05.620574+00:00,91.2,4,bid,CostlyCorianders,Kelvin Chan,4623655
2026-07-15T10:00:05.603742,2026-07-15T10:00:05.620574+00:00,91.3,1,bid,CostlyCorianders,Johan Shajee,4623656
2026-07-15T10:00:06.187683,2026-07-15T10:00:06.195389+00:00,91.2,20,bid,Patrizia Schlatter,Roger Xu,4623673
2026-07-15T10:00:06.200006,2026-07-15T10:00:06.206507+00:00,91.1,10,ask,Zhengnan Hua,Patrizia Schlatter,4623675
2026-07-15T10:00:06.200006,2026-07-15T10:00:06.206507+00:00,91.1,10,ask,Kelvin Chan,Patrizia Schlatter,4623676
2026-07-15T10:00:06.215480,2026-07-15T10:00:06.228814+00:00,91.2,2,bid,Patrizia Schlatter,Roger Xu,4623677
2026-07-15T10:00:06.679371,2026-07-15T10:00:06.689329+00:00,91.1,46,ask,Kelvin Chan,CostlyCorianders,4623687
2026-07-15T10:00:07.185643,2026-07-15T10:00:07.189674+00:00,91.2,44,bid,CostlyCorianders,EarnestEspressos,4623697
2026-07-15T10:00:07.248432,2026-07-15T10:00:07.253828+00:00,91.1,3,ask,Kelvin Chan,CostlyCorianders,4623700
2026-07-15T10:00:07.248432,2026-07-15T10:00:07.253828+00:00,91.1,10,ask,Andre Chan,CostlyCorianders,4623701
2026-07-15T10:00:07.248432,2026-07-15T10:00:07.264502+00:00,91.1,10,ask,Johan Shajee,CostlyCorianders,4623702
2026-07-15T10:00:07.248432,2026-07-15T10:00:07.264502+00:00,91.1,10,ask,Akshit Parekh,CostlyCorianders,4623703
2026-07-15T10:00:07.248432,2026-07-15T10:00:07.264502+00:00,91.1,10,ask,Zhengnan Hua,CostlyCorianders,4623704
2026-07-15T10:00:07.248432,2026-07-15T10:00:07.264502+00:00,91.1,2,ask,Johan Shajee,CostlyCorianders,4623705
2026-07-15T10:00:07.249177,2026-07-15T10:00:07.264502+00:00,91.1,8,ask,Johan Shajee,FlawlessFlatbreads,4623706
2026-07-15T10:00:07.249177,2026-07-15T10:00:07.275196+00:00,91.1,22,ask,Roger Xu,FlawlessFlatbreads,4623707
2026-07-15T10:00:07.249177,2026-07-15T10:00:07.275196+00:00,90.9,20,ask,Andy Garg,FlawlessFlatbreads,4623708
2026-07-15T10:00:07.640718,2026-07-15T10:00:07.645473+00:00,91.1,3,bid,Xuanyu Liu,Andre Chan,4623719
2026-07-15T10:00:07.723191,2026-07-15T10:00:07.731965+00:00,91.1,7,bid,Alex To,Andre Chan,4623724
2026-07-15T10:00:07.723191,2026-07-15T10:00:07.731965+00:00,91.1,10,bid,Alex To,Zhengnan Hua,4623725
2026-07-15T10:00:08.731217,2026-07-15T10:00:08.736047+00:00,91.2,26,bid,Alex To,EarnestEspressos,4623747
2026-07-15T10:00:08.773919,2026-07-15T10:00:08.778683+00:00,91.2,49,bid,CostlyCorianders,EarnestEspressos,4623752
2026-07-15T10:00:09.151712,2026-07-15T10:00:09.162147+00:00,91.2,12,bid,EarnestEspressos,Kelvin Chan,4623765
2026-07-15T10:00:09.151712,2026-07-15T10:00:09.162147+00:00,91.2,10,bid,EarnestEspressos,Johan Shajee,4623766
2026-07-15T10:00:09.151712,2026-07-15T10:00:09.162147+00:00,91.2,10,bid,EarnestEspressos,Zhengnan Hua,4623767
2026-07-15T10:00:09.151712,2026-07-15T10:00:09.162147+00:00,91.2,25,bid,EarnestEspressos,Roger Xu,4623768
2026-07-15T10:00:09.151712,2026-07-15T10:00:09.173001+00:00,91.2,10,bid,EarnestEspressos,Akshit Parekh,4623769
2026-07-15T10:00:09.151712,2026-07-15T10:00:09.173001+00:00,91.2,68,bid,EarnestEspressos,Kelvin Chan,4623770
2026-07-15T10:00:09.243863,2026-07-15T10:00:09.248641+00:00,91.3,1,bid,Patrizia Schlatter,Johan Shajee,4623774
2026-07-15T10:00:09.243863,2026-07-15T10:00:09.248641+00:00,91.3,1,bid,Patrizia Schlatter,Johan Shajee,4623775
2026-07-15T10:00:09.243863,2026-07-15T10:00:09.259546+00:00,91.3,12,bid,Patrizia Schlatter,Zhangyue Shen,4623776
2026-07-15T10:00:09.243863,2026-07-15T10:00:09.259546+00:00,91.3,6,bid,Patrizia Schlatter,Johan Shajee,4623777
2026-07-15T10:00:09.263809,2026-07-15T10:00:09.270469+00:00,91.2,15,ask,EarnestEspressos,Patrizia Schlatter,4623781
2026-07-15T10:00:09.359466,2026-07-15T10:00:09.366565+00:00,91.2,6,ask,Kelvin Chan,FlawlessFlatbreads,4623782
2026-07-15T10:00:09.359466,2026-07-15T10:00:09.366565+00:00,91.1,10,ask,Zhengnan Hua,FlawlessFlatbreads,4623783
2026-07-15T10:00:09.359466,2026-07-15T10:00:09.366565+00:00,91.0,12,ask,Zhangyue Shen,FlawlessFlatbreads,4623784
2026-07-15T10:00:09.359466,2026-07-15T10:00:09.377224+00:00,91.0,22,ask,Andy Garg,FlawlessFlatbreads,4623785
2026-07-15T10:00:09.375492,2026-07-15T10:00:09.387860+00:00,91.0,28,ask,Andy Garg,CostlyCorianders,4623786
2026-07-15T10:00:09.375492,2026-07-15T10:00:09.387860+00:00,90.9,10,ask,Akshit Parekh,CostlyCorianders,4623787
2026-07-15T10:00:09.375492,2026-07-15T10:00:09.387860+00:00,90.9,11,ask,Scott Bagby,CostlyCorianders,4623788
2026-07-15T10:00:09.848915,2026-07-15T10:00:09.856549+00:00,91.2,2,bid,Johan Shajee,Andre Chan,4623795
2026-07-15T10:00:10.058338,2026-07-15T10:00:10.067762+00:00,91.2,2,bid,Johan Shajee,Akshit Parekh,4623796
2026-07-15T10:00:10.265318,2026-07-15T10:00:10.272300+00:00,91.2,2,bid,Johan Shajee,Akshit Parekh,4623800
2026-07-15T10:00:10.402030,2026-07-15T10:00:10.412071+00:00,91.2,21,bid,Gourab Sharma,Roger Xu,4623804
2026-07-15T10:00:10.402030,2026-07-15T10:00:10.412071+00:00,91.2,9,bid,Gourab Sharma,Zhengnan Hua,4623805
2026-07-15T10:00:10.478801,2026-07-15T10:00:10.484306+00:00,91.2,1,bid,Johan Shajee,Akshit Parekh,4623806
2026-07-15T10:00:10.478801,2026-07-15T10:00:10.484306+00:00,91.2,1,bid,Johan Shajee,Zhengnan Hua,4623807
2026-07-15T10:00:10.692212,2026-07-15T10:00:10.697429+00:00,91.2,2,bid,Johan Shajee,Roger Xu,4623812
2026-07-15T10:00:10.929508,2026-07-15T10:00:10.933942+00:00,91.2,2,bid,Johan Shajee,Roger Xu,4623820
2026-07-15T10:00:11.479740,2026-07-15T10:00:11.483807+00:00,91.1,10,ask,Akshit Parekh,FlawlessFlatbreads,4623829
2026-07-15T10:00:11.479740,2026-07-15T10:00:11.494443+00:00,91.1,30,ask,Kelvin Chan,FlawlessFlatbreads,4623830
2026-07-15T10:00:11.479740,2026-07-15T10:00:11.494443+00:00,91.1,10,ask,Andre Chan,FlawlessFlatbreads,4623831
2026-07-15T10:00:11.657042,2026-07-15T10:00:11.669706+00:00,91.1,10,ask,Zhengnan Hua,Andy Garg,4623839
2026-07-15T10:00:11.657042,2026-07-15T10:00:11.669706+00:00,91.1,40,ask,Kelvin Chan,Andy Garg,4623840
2026-07-15T10:00:11.842974,2026-07-15T10:00:11.856432+00:00,91.1,7,ask,Kelvin Chan,Akshit Parekh,4623842
2026-07-15T10:00:11.842974,2026-07-15T10:00:11.856432+00:00,91.1,8,ask,Roger Xu,Akshit Parekh,4623843
2026-07-15T10:00:12.278227,2026-07-15T10:00:12.290366+00:00,91.2,10,bid,Patrizia Schlatter,Andy Garg,4623847
2026-07-15T10:00:12.278227,2026-07-15T10:00:12.290366+00:00,91.2,10,bid,Patrizia Schlatter,Zhengnan Hua,4623848
2026-07-15T10:00:12.293490,2026-07-15T10:00:12.301296+00:00,91.1,17,ask,Roger Xu,Patrizia Schlatter,4623850
2026-07-15T10:00:12.293490,2026-07-15T10:00:12.301296+00:00,91.1,3,ask,Akshit Parekh,Patrizia Schlatter,4623851
2026-07-15T10:00:12.383155,2026-07-15T10:00:12.388587+00:00,91.1,7,ask,Akshit Parekh,EarnestEspressos,4623854
2026-07-15T10:00:12.383155,2026-07-15T10:00:12.399390+00:00,91.0,30,ask,Roger Xu,EarnestEspressos,4623855
2026-07-15T10:00:12.383155,2026-07-15T10:00:12.399390+00:00,91.0,7,ask,Johan Shajee,EarnestEspressos,4623856
2026-07-15T10:00:12.413119,2026-07-15T10:00:12.420973+00:00,90.9,48,bid,Alex To,EarnestEspressos,4623857
2026-07-15T10:00:12.418184,2026-07-15T10:00:12.431843+00:00,90.9,38,bid,Sze-Yong Ng,EarnestEspressos,4623858
2026-07-15T10:00:12.418386,2026-07-15T10:00:12.431843+00:00,90.9,20,bid,Peter Chen,EarnestEspressos,4623859
2026-07-15T10:00:13.544855,2026-07-15T10:00:13.554003+00:00,91.0,10,bid,CostlyCorianders,Zhengnan Hua,4623885
2026-07-15T10:00:13.544855,2026-07-15T10:00:13.554003+00:00,91.0,38,bid,CostlyCorianders,Kelvin Chan,4623886
2026-07-15T10:00:13.592433,2026-07-15T10:00:13.596766+00:00,90.9,12,ask,Kelvin Chan,FlawlessFlatbreads,4623887
2026-07-15T10:00:13.592433,2026-07-15T10:00:13.607462+00:00,90.9,10,ask,Andre Chan,FlawlessFlatbreads,4623888
2026-07-15T10:00:13.592433,2026-07-15T10:00:13.607462+00:00,90.9,6,ask,Kelvin Chan,FlawlessFlatbreads,4623889
2026-07-15T10:00:13.592433,2026-07-15T10:00:13.607462+00:00,90.8,22,ask,Andy Garg,FlawlessFlatbreads,4623890
2026-07-15T10:00:15.239182,2026-07-15T10:00:15.252421+00:00,91.0,9,bid,Peter Chen,Kelvin Chan,4623926
2026-07-15T10:00:15.275508,2026-07-15T10:00:15.285275+00:00,91.0,15,bid,Johan Shajee,Kelvin Chan,4623929
2026-07-15T10:00:15.275508,2026-07-15T10:00:15.285275+00:00,91.0,3,bid,Johan Shajee,Akshit Parekh,4623930
2026-07-15T10:00:15.315004,2026-07-15T10:00:15.328744+00:00,91.0,7,bid,Patrizia Schlatter,Akshit Parekh,4623932
2026-07-15T10:00:15.315004,2026-07-15T10:00:15.328744+00:00,91.0,13,bid,Patrizia Schlatter,Andre Chan,4623933
2026-07-15T10:00:15.331291,2026-07-15T10:00:15.339686+00:00,91.0,5,bid,Patrizia Schlatter,Andre Chan,4623935
2026-07-15T10:00:15.331291,2026-07-15T10:00:15.339686+00:00,91.0,15,bid,Patrizia Schlatter,Roger Xu,4623936
2026-07-15T10:00:15.343236,2026-07-15T10:00:15.350571+00:00,90.9,10,ask,Akshit Parekh,Patrizia Schlatter,4623938
2026-07-15T10:00:15.343236,2026-07-15T10:00:15.350571+00:00,90.9,10,ask,Zhengnan Hua,Patrizia Schlatter,4623939
2026-07-15T10:00:15.394462,2026-07-15T10:00:15.405076+00:00,91.0,10,bid,Gourab Sharma,Zhengnan Hua,4623941
2026-07-15T10:00:15.394462,2026-07-15T10:00:15.405076+00:00,91.0,3,bid,Gourab Sharma,Kelvin Chan,4623942
2026-07-15T10:00:15.409889,2026-07-15T10:00:15.415957+00:00,91.0,15,bid,Roger Xu,Kelvin Chan,4623945
2026-07-15T10:00:15.429684,2026-07-15T10:00:15.437667+00:00,91.0,20,bid,Anish Mukherjee,Kelvin Chan,4623947
2026-07-15T10:00:15.499767,2026-07-15T10:00:15.508197+00:00,91.1,100,bid,EarnestEspressos,DiligentDonuts,4623948
2026-07-15T10:00:15.546454,2026-07-15T10:00:15.552005+00:00,91.2,11,bid,Andy Garg,Zhangyue Shen,4623951
2026-07-15T10:00:15.724284,2026-07-15T10:00:15.736943+00:00,91.1,50,ask,EarnestEspressos,FlawlessFlatbreads,4623956
2026-07-15T10:00:16.165583,2026-07-15T10:00:16.177139+00:00,91.1,40,ask,Kelvin Chan,CostlyCorianders,4623963
2026-07-15T10:00:16.165583,2026-07-15T10:00:16.177139+00:00,91.0,7,ask,DiligentDonuts,CostlyCorianders,4623964
2026-07-15T10:00:16.590672,2026-07-15T10:00:16.603128+00:00,91.1,10,ask,Andre Chan,Sze-Yong Ng,4623971
2026-07-15T10:00:17.110999,2026-07-15T10:00:17.118619+00:00,91.1,38,bid,CostlyCorianders,Andre Chan,4623981
2026-07-15T10:00:17.110999,2026-07-15T10:00:17.118619+00:00,91.1,10,bid,CostlyCorianders,Akshit Parekh,4623982
2026-07-15T10:00:17.601885,2026-07-15T10:00:17.614368+00:00,91.0,41,ask,DiligentDonuts,CostlyCorianders,4623990
2026-07-15T10:00:17.833255,2026-07-15T10:00:17.840628+00:00,91.0,50,ask,DiligentDonuts,FlawlessFlatbreads,4623994
2026-07-15T10:00:17.937518,2026-07-15T10:00:17.948972+00:00,91.2,10,bid,Akshit Parekh,Johan Shajee,4624000
2026-07-15T10:00:17.937518,2026-07-15T10:00:17.948972+00:00,91.2,2,bid,Akshit Parekh,Zhangyue Shen,4624001
2026-07-15T10:00:18.121841,2026-07-15T10:00:18.132350+00:00,91.2,2,bid,Johan Shajee,Akshit Parekh,4624007
2026-07-15T10:00:18.329960,2026-07-15T10:00:18.337044+00:00,91.2,2,bid,Johan Shajee,Zhangyue Shen,4624010
2026-07-15T10:00:18.356595,2026-07-15T10:00:18.369687+00:00,91.2,6,bid,Patrizia Schlatter,Zhangyue Shen,4624012
2026-07-15T10:00:18.356595,2026-07-15T10:00:18.369687+00:00,91.2,9,bid,Patrizia Schlatter,Kelvin Chan,4624013
2026-07-15T10:00:18.356595,2026-07-15T10:00:18.369687+00:00,91.2,5,bid,Patrizia Schlatter,Zhengnan Hua,4624014
2026-07-15T10:00:18.374504,2026-07-15T10:00:18.380569+00:00,91.1,10,ask,Andre Chan,Patrizia Schlatter,4624017
2026-07-15T10:00:18.380110,2026-07-15T10:00:18.391457+00:00,91.0,2,ask,DiligentDonuts,Patrizia Schlatter,4624018
2026-07-15T10:00:18.539963,2026-07-15T10:00:18.552707+00:00,91.2,2,bid,Johan Shajee,Akshit Parekh,4624021
2026-07-15T10:00:18.749985,2026-07-15T10:00:18.757252+00:00,91.2,2,bid,Johan Shajee,Zhangyue Shen,4624026
2026-07-15T10:00:18.957338,2026-07-15T10:00:18.961845+00:00,91.1,2,bid,Johan Shajee,EarnestEspressos,4624029
2026-07-15T10:00:19.340748,2026-07-15T10:00:19.351796+00:00,91.1,45,bid,CostlyCorianders,EarnestEspressos,4624033
2026-07-15T10:00:19.956498,2026-07-15T10:00:19.964645+00:00,91.0,20,ask,Andre Chan,FlawlessFlatbreads,4624046
2026-07-15T10:00:19.956498,2026-07-15T10:00:19.964645+00:00,91.0,10,ask,Akshit Parekh,FlawlessFlatbreads,4624047
2026-07-15T10:00:19.956498,2026-07-15T10:00:19.964645+00:00,91.0,20,ask,Kelvin Chan,FlawlessFlatbreads,4624048
2026-07-15T10:00:20.500834,2026-07-15T10:00:20.507701+00:00,91.1,45,bid,CostlyCorianders,EarnestEspressos,4624058
2026-07-15T10:00:20.555127,2026-07-15T10:00:20.561707+00:00,91.0,43,ask,Kelvin Chan,CostlyCorianders,4624061
2026-07-15T10:00:20.555127,2026-07-15T10:00:20.561707+00:00,91.0,3,ask,Zhangyue Shen,CostlyCorianders,4624062
2026-07-15T10:00:20.633101,2026-07-15T10:00:20.636351+00:00,91.1,10,bid,Sze-Yong Ng,EarnestEspressos,4624064
2026-07-15T10:00:21.041109,2026-07-15T10:00:21.048173+00:00,91.0,9,ask,Andre Chan,Anish Mukherjee,4624069
2026-07-15T10:00:21.041109,2026-07-15T10:00:21.048173+00:00,91.0,13,ask,Andre Chan,CostlyCorianders,4624070
2026-07-15T10:00:21.041109,2026-07-15T10:00:21.058999+00:00,91.0,15,ask,Kelvin Chan,CostlyCorianders,4624071
2026-07-15T10:00:21.041109,2026-07-15T10:00:21.058999+00:00,91.0,4,ask,Andy Garg,CostlyCorianders,4624072
2026-07-15T10:00:21.128474,2026-07-15T10:00:21.135229+00:00,91.1,11,bid,Zhangyue Shen,EarnestEspressos,4624075
2026-07-15T10:00:21.151179,2026-07-15T10:00:21.156994+00:00,91.1,25,bid,Zhengnan Hua,EarnestEspressos,4624079
2026-07-15T10:00:21.394848,2026-07-15T10:00:21.406507+00:00,91.1,12,bid,Patrizia Schlatter,EarnestEspressos,4624084
2026-07-15T10:00:21.394848,2026-07-15T10:00:21.406507+00:00,91.1,8,bid,Patrizia Schlatter,Akshit Parekh,4624085
2026-07-15T10:00:21.410936,2026-07-15T10:00:21.417407+00:00,91.1,12,bid,Patrizia Schlatter,Kelvin Chan,4624087
2026-07-15T10:00:21.410936,2026-07-15T10:00:21.417407+00:00,91.1,8,bid,Patrizia Schlatter,Kelvin Chan,4624088
2026-07-15T10:00:21.436095,2026-07-15T10:00:21.439350+00:00,91.0,10,ask,Akshit Parekh,Patrizia Schlatter,4624090
2026-07-15T10:00:21.436095,2026-07-15T10:00:21.450224+00:00,91.0,10,ask,Zhengnan Hua,Patrizia Schlatter,4624091
2026-07-15T10:00:21.449833,2026-07-15T10:00:21.461127+00:00,91.0,2,ask,Zhangyue Shen,Patrizia Schlatter,4624092
2026-07-15T10:00:21.581907,2026-07-15T10:00:21.590698+00:00,91.1,2,bid,Andy Garg,Akshit Parekh,4624094
2026-07-15T10:00:21.581907,2026-07-15T10:00:21.590698+00:00,91.1,3,bid,Andy Garg,Zhengnan Hua,4624095
2026-07-15T10:00:21.619389,2026-07-15T10:00:21.623076+00:00,91.1,7,bid,CostlyCorianders,Zhengnan Hua,4624096
2026-07-15T10:00:21.619389,2026-07-15T10:00:21.633847+00:00,91.1,38,bid,CostlyCorianders,Kelvin Chan,4624097
2026-07-15T10:00:21.859871,2026-07-15T10:00:21.912931+00:00,91.0,9,ask,Zhangyue Shen,Anish Mukherjee,4624108
2026-07-15T10:00:21.859871,2026-07-15T10:00:21.912931+00:00,91.0,9,ask,Zhangyue Shen,CostlyCorianders,4624109
2026-07-15T10:00:21.859871,2026-07-15T10:00:21.912931+00:00,91.0,5,ask,Kelvin Chan,Anish Mukherjee,4624110
2026-07-15T10:00:21.859871,2026-07-15T10:00:21.912931+00:00,91.0,23,ask,Kelvin Chan,Anish Mukherjee,4624111
2026-07-15T10:00:21.877389,2026-07-15T10:00:21.912931+00:00,91.1,150,bid,EarnestEspressos,Alan Niu,4624113
2026-07-15T10:00:21.917654,2026-07-15T10:00:21.924187+00:00,90.9,2,ask,Andy Garg,Alex To,4624119
2026-07-15T10:00:21.959279,2026-07-15T10:00:21.968280+00:00,90.9,25,ask,Andy Garg,Peter Chen,4624120
2026-07-15T10:00:21.994781,2026-07-15T10:00:22.001719+00:00,90.9,9,ask,Andy Garg,DiligentDonuts,4624123
2026-07-15T10:00:21.994781,2026-07-15T10:00:22.001719+00:00,90.9,22,ask,Kelvin Chan,DiligentDonuts,4624124
2026-07-15T10:00:22.035372,2026-07-15T10:00:22.045528+00:00,90.8,2,ask,Scott Bagby,Alex To,4624129
2026-07-15T10:00:22.045808,2026-07-15T10:00:22.056587+00:00,90.8,18,ask,Scott Bagby,Andy Garg,4624130
2026-07-15T10:00:22.045808,2026-07-15T10:00:22.056587+00:00,90.8,10,ask,Zhangyue Shen,Andy Garg,4624131
2026-07-15T10:00:22.152066,2026-07-15T10:00:22.155658+00:00,90.8,2,ask,Akshit Parekh,Alex To,4624140
2026-07-15T10:00:22.499698,2026-07-15T10:00:22.520889+00:00,90.9,25,bid,Peter Chen,DiligentDonuts,4624152
2026-07-15T10:00:22.500389,2026-07-15T10:00:22.520889+00:00,90.9,23,bid,Sze-Yong Ng,DiligentDonuts,4624154
2026-07-15T10:00:22.558173,2026-07-15T10:00:22.564489+00:00,90.9,21,bid,Anish Mukherjee,DiligentDonuts,4624161
2026-07-15T10:00:22.558173,2026-07-15T10:00:22.575131+00:00,90.9,10,bid,Anish Mukherjee,Akshit Parekh,4624162
2026-07-15T10:00:22.558173,2026-07-15T10:00:22.575131+00:00,90.9,22,bid,Anish Mukherjee,Kelvin Chan,4624163
2026-07-15T10:00:22.558173,2026-07-15T10:00:22.575131+00:00,90.9,10,bid,Anish Mukherjee,Zhengnan Hua,4624164
2026-07-15T10:00:22.597478,2026-07-15T10:00:22.607097+00:00,91.0,10,bid,Alex To,Johan Shajee,4624166
2026-07-15T10:00:22.688195,2026-07-15T10:00:22.692690+00:00,91.0,1,bid,Alan Niu,Kelvin Chan,4624171
2026-07-15T10:00:22.729970,2026-07-15T10:00:22.736206+00:00,91.0,30,bid,Alex To,Kelvin Chan,4624174
2026-07-15T10:00:22.993580,2026-07-15T10:00:22.996916+00:00,90.9,2,ask,Kelvin Chan,Alex To,4624186
2026-07-15T10:00:23.406168,2026-07-15T10:00:23.414749+00:00,91.0,1,bid,Alan Niu,Andre Chan,4624202
2026-07-15T10:00:23.627543,2026-07-15T10:00:23.630077+00:00,91.0,6,bid,Harold Schneider,Roger Xu,4624209
2026-07-15T10:00:23.631442,2026-07-15T10:00:23.640943+00:00,91.0,1,bid,Alan Niu,Roger Xu,4624210
2026-07-15T10:00:23.686110,2026-07-15T10:00:23.695068+00:00,91.0,17,bid,Zhengnan Hua,Roger Xu,4624214
2026-07-15T10:00:23.686110,2026-07-15T10:00:23.695068+00:00,91.1,2,bid,Zhengnan Hua,Roger Xu,4624215
2026-07-15T10:00:23.856158,2026-07-15T10:00:23.868756+00:00,91.0,1,bid,Alan Niu,Roger Xu,4624219
2026-07-15T10:00:23.916477,2026-07-15T10:00:23.923789+00:00,91.0,8,bid,Roger Xu,Andre Chan,4624223
2026-07-15T10:00:24.089156,2026-07-15T10:00:24.097364+00:00,91.1,10,bid,CostlyCorianders,Zhengnan Hua,4624226
2026-07-15T10:00:24.089156,2026-07-15T10:00:24.097364+00:00,91.2,10,bid,CostlyCorianders,Johan Shajee,4624227
2026-07-15T10:00:24.089156,2026-07-15T10:00:24.097364+00:00,91.2,10,bid,CostlyCorianders,Johan Shajee,4624228
2026-07-15T10:00:24.149840,2026-07-15T10:00:24.163303+00:00,90.9,24,ask,Kelvin Chan,CostlyCorianders,4624231
2026-07-15T10:00:24.149840,2026-07-15T10:00:24.163303+00:00,90.9,10,ask,Johan Shajee,CostlyCorianders,4624232
2026-07-15T10:00:24.149840,2026-07-15T10:00:24.163303+00:00,90.9,6,ask,Zhangyue Shen,CostlyCorianders,4624233
2026-07-15T10:00:24.164094,2026-07-15T10:00:24.174250+00:00,91.3,3,bid,Andy Garg,Johan Shajee,4624234
2026-07-15T10:00:24.466003,2026-07-15T10:00:24.478500+00:00,91.2,20,bid,Patrizia Schlatter,Andre Chan,4624245
2026-07-15T10:00:24.479428,2026-07-15T10:00:24.489588+00:00,91.0,10,ask,Johan Shajee,Patrizia Schlatter,4624247
2026-07-15T10:00:24.479428,2026-07-15T10:00:24.489588+00:00,91.0,4,ask,Kelvin Chan,Patrizia Schlatter,4624248
2026-07-15T10:00:24.479428,2026-07-15T10:00:24.489588+00:00,91.0,6,ask,Kelvin Chan,Patrizia Schlatter,4624249
2026-07-15T10:00:24.489859,2026-07-15T10:00:24.500475+00:00,91.0,2,ask,Kelvin Chan,Patrizia Schlatter,4624250
2026-07-15T10:00:24.858711,2026-07-15T10:00:24.869140+00:00,90.9,6,ask,Akshit Parekh,Andy Garg,4624259
2026-07-15T10:00:25.065819,2026-07-15T10:00:25.077839+00:00,90.9,4,ask,Akshit Parekh,Andy Garg,4624266
2026-07-15T10:00:25.105937,2026-07-15T10:00:25.110461+00:00,90.9,7,ask,Kelvin Chan,EarnestEspressos,4624269
2026-07-15T10:00:25.105937,2026-07-15T10:00:25.110461+00:00,90.9,19,ask,Roger Xu,EarnestEspressos,4624270
2026-07-15T10:00:25.105937,2026-07-15T10:00:25.121364+00:00,90.9,10,ask,Andre Chan,CostlyCorianders,4624271
2026-07-15T10:00:25.105937,2026-07-15T10:00:25.121364+00:00,90.9,29,ask,Kelvin Chan,EarnestEspressos,4624272
2026-07-15T10:00:25.105937,2026-07-15T10:00:25.121364+00:00,90.9,10,ask,Johan Shajee,CostlyCorianders,4624273
2026-07-15T10:00:25.117875,2026-07-15T10:00:25.121364+00:00,90.9,75,bid,DiligentDonuts,EarnestEspressos,4624274
2026-07-15T10:00:25.281929,2026-07-15T10:00:25.284374+00:00,90.9,2,ask,DiligentDonuts,Andy Garg,4624277
2026-07-15T10:00:25.571081,2026-07-15T10:00:25.584949+00:00,90.9,23,ask,DiligentDonuts,CostlyCorianders,4624285
2026-07-15T10:00:25.571081,2026-07-15T10:00:25.584949+00:00,90.9,10,ask,Andre Chan,EarnestEspressos,4624286
2026-07-15T10:00:25.571081,2026-07-15T10:00:25.584949+00:00,90.9,10,ask,Zhengnan Hua,EarnestEspressos,4624287
2026-07-15T10:00:25.571081,2026-07-15T10:00:25.584949+00:00,90.8,6,ask,Zhangyue Shen,CostlyCorianders,4624288
2026-07-15T10:00:26.256594,2026-07-15T10:00:26.269365+00:00,91.0,30,bid,FlawlessFlatbreads,Kelvin Chan,4624312
2026-07-15T10:00:26.256594,2026-07-15T10:00:26.269365+00:00,91.0,20,bid,FlawlessFlatbreads,Roger Xu,4624313
2026-07-15T10:00:27.503996,2026-07-15T10:00:27.510591+00:00,91.0,10,bid,Patrizia Schlatter,Kelvin Chan,4624333
2026-07-15T10:00:27.503996,2026-07-15T10:00:27.510591+00:00,91.0,10,bid,Patrizia Schlatter,Akshit Parekh,4624334
2026-07-15T10:00:27.516953,2026-07-15T10:00:27.521490+00:00,90.9,11,ask,Zhangyue Shen,Patrizia Schlatter,4624336
2026-07-15T10:00:27.516953,2026-07-15T10:00:27.521490+00:00,90.9,9,ask,Akshit Parekh,Patrizia Schlatter,4624337
2026-07-15T10:00:27.524474,2026-07-15T10:00:27.532312+00:00,91.0,2,bid,Patrizia Schlatter,Kelvin Chan,4624338
2026-07-15T10:00:28.223058,2026-07-15T10:00:28.232443+00:00,91.0,32,bid,EarnestEspressos,Kelvin Chan,4624347
2026-07-15T10:00:28.223058,2026-07-15T10:00:28.232443+00:00,91.0,10,bid,EarnestEspressos,Zhengnan Hua,4624348
2026-07-15T10:00:28.223058,2026-07-15T10:00:28.232443+00:00,91.0,25,bid,EarnestEspressos,Roger Xu,4624349
2026-07-15T10:00:28.223058,2026-07-15T10:00:28.232443+00:00,91.1,60,bid,EarnestEspressos,Roger Xu,4624350
2026-07-15T10:00:28.269085,2026-07-15T10:00:28.275729+00:00,91.1,23,ask,EarnestEspressos,Alex To,4624351
2026-07-15T10:00:28.371974,2026-07-15T10:00:28.384589+00:00,91.2,7,bid,FlawlessFlatbreads,Johan Shajee,4624353
2026-07-15T10:00:28.371974,2026-07-15T10:00:28.384589+00:00,91.2,11,bid,FlawlessFlatbreads,Zhangyue Shen,4624354
2026-07-15T10:00:28.371974,2026-07-15T10:00:28.384589+00:00,91.2,10,bid,FlawlessFlatbreads,Johan Shajee,4624355
2026-07-15T10:00:28.371974,2026-07-15T10:00:28.395514+00:00,91.2,22,bid,FlawlessFlatbreads,Andy Garg,4624356
2026-07-15T10:00:28.609916,2026-07-15T10:00:28.621380+00:00,91.0,5,ask,Johan Shajee,Zhengnan Hua,4624365
2026-07-15T10:00:28.618025,2026-07-15T10:00:28.632079+00:00,91.0,5,ask,Johan Shajee,Alex To,4624366
2026-07-15T10:00:29.974846,2026-07-15T10:00:29.984538+00:00,91.1,41,bid,CostlyCorianders,Andre Chan,4624401
2026-07-15T10:00:30.487185,2026-07-15T10:00:30.497698+00:00,91.1,2,bid,FlawlessFlatbreads,Andre Chan,4624410
2026-07-15T10:00:30.487185,2026-07-15T10:00:30.497698+00:00,91.1,48,bid,FlawlessFlatbreads,Kelvin Chan,4624411
2026-07-15T10:00:30.538086,2026-07-15T10:00:30.541609+00:00,91.1,10,bid,Patrizia Schlatter,Zhengnan Hua,4624413
2026-07-15T10:00:30.538086,2026-07-15T10:00:30.552452+00:00,91.1,10,bid,Patrizia Schlatter,Akshit Parekh,4624414
2026-07-15T10:00:30.550952,2026-07-15T10:00:30.563376+00:00,91.0,20,ask,Kelvin Chan,Patrizia Schlatter,4624417
2026-07-15T10:00:30.650455,2026-07-15T10:00:30.660229+00:00,91.0,14,ask,Kelvin Chan,Andy Garg,4624420
2026-07-15T10:00:30.650455,2026-07-15T10:00:30.660229+00:00,91.0,6,ask,Akshit Parekh,Andy Garg,4624421
2026-07-15T10:00:31.053294,2026-07-15T10:00:31.058263+00:00,91.1,9,bid,Zhengnan Hua,Roger Xu,4624423
2026-07-15T10:00:31.473316,2026-07-15T10:00:31.480481+00:00,91.0,10,ask,Zhengnan Hua,EarnestEspressos,4624427
2026-07-15T10:00:31.473316,2026-07-15T10:00:31.480481+00:00,91.0,44,ask,Kelvin Chan,EarnestEspressos,4624428
2026-07-15T10:00:31.473316,2026-07-15T10:00:31.491555+00:00,91.0,10,ask,Akshit Parekh,EarnestEspressos,4624429
2026-07-15T10:00:31.473316,2026-07-15T10:00:31.491555+00:00,91.0,10,ask,Johan Shajee,EarnestEspressos,4624430
2026-07-15T10:00:31.473316,2026-07-15T10:00:31.491555+00:00,91.0,21,ask,Kelvin Chan,EarnestEspressos,4624431
2026-07-15T10:00:31.473316,2026-07-15T10:00:31.491555+00:00,91.0,25,ask,Roger Xu,EarnestEspressos,4624432
2026-07-15T10:00:31.473316,2026-07-15T10:00:31.491555+00:00,90.9,3,ask,Johan Shajee,EarnestEspressos,4624433
2026-07-15T10:00:31.473316,2026-07-15T10:00:31.491555+00:00,90.9,27,ask,Roger Xu,EarnestEspressos,4624434
2026-07-15T10:00:32.518888,2026-07-15T10:00:32.524718+00:00,91.0,49,ask,Alan Niu,CostlyCorianders,4624466
2026-07-15T10:00:32.615143,2026-07-15T10:00:32.622531+00:00,91.1,10,bid,FlawlessFlatbreads,Akshit Parekh,4624467
2026-07-15T10:00:32.615143,2026-07-15T10:00:32.622531+00:00,91.1,6,bid,FlawlessFlatbreads,Kelvin Chan,4624468
2026-07-15T10:00:32.615143,2026-07-15T10:00:32.633438+00:00,91.1,34,bid,FlawlessFlatbreads,DiligentDonuts,4624469
2026-07-15T10:00:33.454975,2026-07-15T10:00:33.464662+00:00,91.1,48,bid,Alex To,DiligentDonuts,4624486
2026-07-15T10:00:33.480789,2026-07-15T10:00:33.486087+00:00,91.1,18,bid,Johan Shajee,DiligentDonuts,4624489
2026-07-15T10:00:33.480789,2026-07-15T10:00:33.486087+00:00,91.1,7,bid,Johan Shajee,Kelvin Chan,4624490
2026-07-15T10:00:33.510481,2026-07-15T10:00:33.518253+00:00,91.1,61,bid,Zhengnan Hua,Kelvin Chan,4624493
2026-07-15T10:00:33.573079,2026-07-15T10:00:33.582685+00:00,91.1,6,bid,Andy Garg,Kelvin Chan,4624495
2026-07-15T10:00:33.573079,2026-07-15T10:00:33.582685+00:00,91.1,10,bid,Andy Garg,Zhengnan Hua,4624496
2026-07-15T10:00:33.674529,2026-07-15T10:00:33.680736+00:00,91.3,3,bid,Harold Schneider,Zhangyue Shen,4624499
2026-07-15T10:00:34.597065,2026-07-15T10:00:34.609855+00:00,91.2,10,bid,EarnestEspressos,Akshit Parekh,4624514
2026-07-15T10:00:34.597065,2026-07-15T10:00:34.609855+00:00,91.2,10,bid,EarnestEspressos,Harold Schneider,4624515
2026-07-15T10:00:34.597065,2026-07-15T10:00:34.609855+00:00,91.2,25,bid,EarnestEspressos,Roger Xu,4624516
2026-07-15T10:00:34.597065,2026-07-15T10:00:34.609855+00:00,91.3,9,bid,EarnestEspressos,Zhangyue Shen,4624517
2026-07-15T10:00:34.597065,2026-07-15T10:00:34.609855+00:00,91.3,60,bid,EarnestEspressos,Roger Xu,4624518
2026-07-15T10:00:34.704514,2026-07-15T10:00:34.717306+00:00,91.3,36,ask,EarnestEspressos,Alex To,4624520
2026-07-15T10:00:34.704514,2026-07-15T10:00:34.717306+00:00,91.3,12,ask,Kelvin Chan,Alex To,4624521
2026-07-15T10:00:34.733442,2026-07-15T10:00:34.739224+00:00,91.3,8,ask,Kelvin Chan,Zhengnan Hua,4624524
2026-07-15T10:00:34.733442,2026-07-15T10:00:34.739224+00:00,91.2,52,ask,DiligentDonuts,Zhengnan Hua,4624525
2026-07-15T10:00:34.747452,2026-07-15T10:00:34.750242+00:00,91.4,10,bid,FlawlessFlatbreads,Johan Shajee,4624526
2026-07-15T10:00:34.747452,2026-07-15T10:00:34.761019+00:00,91.4,33,bid,FlawlessFlatbreads,Roger Xu,4624527
2026-07-15T10:00:34.747452,2026-07-15T10:00:34.761019+00:00,91.4,7,bid,FlawlessFlatbreads,Andre Chan,4624528
2026-07-15T10:00:35.055715,2026-07-15T10:00:35.068149+00:00,91.3,34,ask,Andre Chan,Alex To,4624540
2026-07-15T10:00:35.055715,2026-07-15T10:00:35.068149+00:00,91.3,18,ask,Kelvin Chan,Alex To,4624541
2026-07-15T10:00:35.079398,2026-07-15T10:00:35.089722+00:00,91.3,17,ask,Kelvin Chan,Sze-Yong Ng,4624543
2026-07-15T10:00:35.079398,2026-07-15T10:00:35.089722+00:00,91.3,10,ask,Akshit Parekh,Sze-Yong Ng,4624544
2026-07-15T10:00:35.079398,2026-07-15T10:00:35.089722+00:00,91.3,34,ask,Kelvin Chan,Sze-Yong Ng,4624545
2026-07-15T10:00:35.134113,2026-07-15T10:00:35.140371+00:00,91.3,11,ask,Kelvin Chan,Andy Garg,4624549
2026-07-15T10:00:35.134113,2026-07-15T10:00:35.140371+00:00,91.3,25,ask,Roger Xu,Andy Garg,4624550
2026-07-15T10:00:36.589275,2026-07-15T10:00:36.600405+00:00,91.2,2,ask,DiligentDonuts,Johan Shajee,4624582
2026-07-15T10:00:36.622349,2026-07-15T10:00:36.633434+00:00,91.2,17,ask,DiligentDonuts,Anish Mukherjee,4624583
2026-07-15T10:00:36.796601,2026-07-15T10:00:36.806872+00:00,91.2,2,ask,DiligentDonuts,Johan Shajee,4624587
2026-07-15T10:00:36.864205,2026-07-15T10:00:36.873232+00:00,91.3,50,bid,FlawlessFlatbreads,Andre Chan,4624588
2026-07-15T10:00:36.935114,2026-07-15T10:00:36.938765+00:00,91.2,15,ask,DiligentDonuts,Akshit Parekh,4624590
2026-07-15T10:00:37.018789,2026-07-15T10:00:37.026979+00:00,91.2,2,ask,DiligentDonuts,Johan Shajee,4624594
2026-07-15T10:00:37.075869,2026-07-15T10:00:37.081777+00:00,91.2,10,ask,DiligentDonuts,Peter Chen,4624598
2026-07-15T10:00:37.075869,2026-07-15T10:00:37.081777+00:00,91.2,10,ask,Akshit Parekh,Peter Chen,4624599
2026-07-15T10:00:37.075869,2026-07-15T10:00:37.092922+00:00,91.2,25,ask,Roger Xu,Peter Chen,4624600
2026-07-15T10:00:37.204113,2026-07-15T10:00:37.214083+00:00,91.1,10,ask,Harold Schneider,Zhengnan Hua,4624605
2026-07-15T10:00:37.227188,2026-07-15T10:00:37.236267+00:00,91.1,2,ask,Roger Xu,Johan Shajee,4624606
2026-07-15T10:00:37.368766,2026-07-15T10:00:37.379783+00:00,91.1,40,ask,Roger Xu,CostlyCorianders,4624611
2026-07-15T10:00:37.476063,2026-07-15T10:00:37.479287+00:00,91.1,2,ask,Roger Xu,Johan Shajee,4624613
2026-07-15T10:00:37.683792,2026-07-15T10:00:37.695017+00:00,91.1,2,ask,Roger Xu,Johan Shajee,4624617
2026-07-15T10:00:37.821216,2026-07-15T10:00:37.834913+00:00,91.1,14,ask,Roger Xu,EarnestEspressos,4624621
2026-07-15T10:00:37.821216,2026-07-15T10:00:37.834913+00:00,91.1,10,ask,Zhengnan Hua,EarnestEspressos,4624622
2026-07-15T10:00:37.821216,2026-07-15T10:00:37.834913+00:00,91.1,50,ask,Andy Garg,EarnestEspressos,4624623
2026-07-15T10:00:37.821216,2026-07-15T10:00:37.834913+00:00,91.0,50,ask,Roger Xu,EarnestEspressos,4624624
2026-07-15T10:00:37.821216,2026-07-15T10:00:37.834913+00:00,90.9,9,ask,Zhangyue Shen,EarnestEspressos,4624625
2026-07-15T10:00:37.821216,2026-07-15T10:00:37.834913+00:00,90.9,10,ask,Scott Bagby,EarnestEspressos,4624626
2026-07-15T10:00:37.821216,2026-07-15T10:00:37.834913+00:00,90.9,7,ask,Roger Xu,EarnestEspressos,4624627
2026-07-15T10:00:38.464008,2026-07-15T10:00:38.471984+00:00,91.2,15,bid,CostlyCorianders,Kelvin Chan,4624646
2026-07-15T10:00:38.464008,2026-07-15T10:00:38.471984+00:00,91.2,25,bid,CostlyCorianders,Roger Xu,4624647
2026-07-15T10:00:38.464008,2026-07-15T10:00:38.471984+00:00,91.2,3,bid,CostlyCorianders,Kelvin Chan,4624648
2026-07-15T10:00:38.971164,2026-07-15T10:00:38.979611+00:00,91.2,50,bid,FlawlessFlatbreads,Kelvin Chan,4624654
2026-07-15T10:00:40.406690,2026-07-15T10:00:40.410503+00:00,91.2,17,bid,CostlyCorianders,Kelvin Chan,4624676
2026-07-15T10:00:40.406690,2026-07-15T10:00:40.421531+00:00,91.2,10,bid,CostlyCorianders,Zhengnan Hua,4624677
2026-07-15T10:00:40.406690,2026-07-15T10:00:40.421531+00:00,91.2,12,bid,CostlyCorianders,Zhangyue Shen,4624678
2026-07-15T10:00:40.406690,2026-07-15T10:00:40.421531+00:00,91.2,7,bid,CostlyCorianders,Roger Xu,4624679
2026-07-15T10:00:41.086121,2026-07-15T10:00:41.096484+00:00,91.2,1,bid,FlawlessFlatbreads,Johan Shajee,4624690
2026-07-15T10:00:41.086121,2026-07-15T10:00:41.096484+00:00,91.2,10,bid,FlawlessFlatbreads,Zhengnan Hua,4624691
2026-07-15T10:00:41.086121,2026-07-15T10:00:41.107436+00:00,91.2,10,bid,FlawlessFlatbreads,Akshit Parekh,4624692
2026-07-15T10:00:41.086121,2026-07-15T10:00:41.107436+00:00,91.2,25,bid,FlawlessFlatbreads,Roger Xu,4624693
2026-07-15T10:00:41.086121,2026-07-15T10:00:41.107436+00:00,91.2,4,bid,FlawlessFlatbreads,DiligentDonuts,4624694
2026-07-15T10:00:41.808110,2026-07-15T10:00:41.816165+00:00,91.1,6,ask,Kelvin Chan,Johan Shajee,4624707
2026-07-15T10:00:41.808110,2026-07-15T10:00:41.816165+00:00,91.1,10,ask,Akshit Parekh,Johan Shajee,4624708
2026-07-15T10:00:41.808110,2026-07-15T10:00:41.816165+00:00,91.1,9,ask,Zhengnan Hua,Johan Shajee,4624709
2026-07-15T10:00:41.949555,2026-07-15T10:00:41.956194+00:00,91.1,50,ask,EarnestEspressos,Andy Garg,4624716
2026-07-15T10:00:41.988808,2026-07-15T10:00:41.999248+00:00,91.1,15,ask,EarnestEspressos,Akshit Parekh,4624717
2026-07-15T10:00:42.033645,2026-07-15T10:00:42.042405+00:00,91.1,5,ask,EarnestEspressos,Johan Shajee,4624718
2026-07-15T10:00:42.078468,2026-07-15T10:00:42.085567+00:00,91.1,1,ask,EarnestEspressos,Zhengnan Hua,4624721
2026-07-15T10:00:42.084263,2026-07-15T10:00:42.096638+00:00,91.2,1,bid,Zhengnan Hua,DiligentDonuts,4624722
2026-07-15T10:00:43.201614,2026-07-15T10:00:43.211568+00:00,91.2,50,bid,FlawlessFlatbreads,DiligentDonuts,4624741
2026-07-15T10:00:43.315882,2026-07-15T10:00:43.322501+00:00,91.1,1,ask,EarnestEspressos,Zhengnan Hua,4624743
2026-07-15T10:00:44.375950,2026-07-15T10:00:44.381742+00:00,91.1,3,ask,Kelvin Chan,Xuanyu Liu,4624760
2026-07-15T10:00:44.386360,2026-07-15T10:00:44.392819+00:00,91.1,11,ask,Kelvin Chan,Stanley Wang,4624761
2026-07-15T10:00:44.386360,2026-07-15T10:00:44.392819+00:00,91.1,10,ask,Akshit Parekh,Stanley Wang,4624762
2026-07-15T10:00:44.386360,2026-07-15T10:00:44.403920+00:00,91.1,9,ask,Roger Xu,Stanley Wang,4624763
2026-07-15T10:00:44.395050,2026-07-15T10:00:44.403920+00:00,91.1,16,ask,Roger Xu,Sze-Yong Ng,4624764
2026-07-15T10:00:44.395050,2026-07-15T10:00:44.403920+00:00,91.1,26,ask,Kelvin Chan,Sze-Yong Ng,4624765
2026-07-15T10:00:44.422080,2026-07-15T10:00:44.426238+00:00,91.1,40,ask,Kelvin Chan,Peter Chen,4624768
2026-07-15T10:00:44.481780,2026-07-15T10:00:44.492929+00:00,91.0,2,ask,Zhengnan Hua,Johan Shajee,4624771
2026-07-15T10:00:44.534756,2026-07-15T10:00:44.548279+00:00,91.0,11,ask,Roger Xu,Akshit Parekh,4624773
2026-07-15T10:00:44.547796,2026-07-15T10:00:44.559456+00:00,91.0,2,ask,Zhengnan Hua,Johan Shajee,4624775
2026-07-15T10:00:44.690171,2026-07-15T10:00:44.703382+00:00,91.0,2,ask,Roger Xu,Zhengnan Hua,4624779
2026-07-15T10:00:44.898162,2026-07-15T10:00:44.911478+00:00,91.0,2,ask,Roger Xu,Johan Shajee,4624787
2026-07-15T10:00:45.107979,2026-07-15T10:00:45.119008+00:00,91.0,2,ask,Zhengnan Hua,Johan Shajee,4624792
2026-07-15T10:00:45.342541,2026-07-15T10:00:45.350882+00:00,91.1,12,bid,FlawlessFlatbreads,Zhangyue Shen,4624797
2026-07-15T10:00:45.342541,2026-07-15T10:00:45.350882+00:00,91.1,10,bid,FlawlessFlatbreads,Zhengnan Hua,4624798
2026-07-15T10:00:45.342541,2026-07-15T10:00:45.361741+00:00,91.1,10,bid,FlawlessFlatbreads,Akshit Parekh,4624799
2026-07-15T10:00:45.342541,2026-07-15T10:00:45.361741+00:00,91.1,18,bid,FlawlessFlatbreads,Roger Xu,4624800
2026-07-15T10:00:45.366827,2026-07-15T10:00:45.383394+00:00,91.0,2,ask,Zhengnan Hua,Johan Shajee,4624801
2026-07-15T10:00:45.772800,2026-07-15T10:00:45.779054+00:00,91.1,2,bid,Zhengnan Hua,Kelvin Chan,4624809
2026-07-15T10:00:46.615920,2026-07-15T10:00:46.629250+00:00,91.1,15,bid,Akshit Parekh,Kelvin Chan,4624820
2026-07-15T10:00:47.516552,2026-07-15T10:00:47.522480+00:00,91.0,23,ask,Andre Chan,FlawlessFlatbreads,4624828
2026-07-15T10:00:47.516552,2026-07-15T10:00:47.522480+00:00,91.0,10,ask,Akshit Parekh,FlawlessFlatbreads,4624829
2026-07-15T10:00:47.516552,2026-07-15T10:00:47.533584+00:00,91.0,10,ask,Johan Shajee,FlawlessFlatbreads,4624830
2026-07-15T10:00:47.516552,2026-07-15T10:00:47.533584+00:00,91.0,1,ask,Kelvin Chan,FlawlessFlatbreads,4624831
2026-07-15T10:00:47.516552,2026-07-15T10:00:47.533584+00:00,91.0,6,ask,Zhengnan Hua,FlawlessFlatbreads,4624832
2026-07-15T10:00:48.392885,2026-07-15T10:00:48.398847+00:00,91.1,3,bid,Stanley Wang,Kelvin Chan,4624848
2026-07-15T10:00:48.393528,2026-07-15T10:00:48.410097+00:00,91.1,51,bid,Peter Chen,Kelvin Chan,4624849
2026-07-15T10:00:48.393528,2026-07-15T10:00:48.410097+00:00,91.1,10,bid,Stanley Wang,Zhengnan Hua,4624850
2026-07-15T10:00:48.393528,2026-07-15T10:00:48.421226+00:00,91.1,24,bid,Peter Chen,Roger Xu,4624851
2026-07-15T10:00:48.426709,2026-07-15T10:00:48.432351+00:00,91.1,1,bid,Stanley Wang,Roger Xu,4624853
2026-07-15T10:00:48.426709,2026-07-15T10:00:48.432351+00:00,91.1,10,bid,Peter Chen,Akshit Parekh,4624854
2026-07-15T10:00:48.426709,2026-07-15T10:00:48.443454+00:00,91.1,3,bid,Xuanyu Liu,Kelvin Chan,4624855
2026-07-15T10:00:48.499153,2026-07-15T10:00:48.510122+00:00,91.2,12,bid,Sze-Yong Ng,Zhangyue Shen,4624859
2026-07-15T10:00:48.499153,2026-07-15T10:00:48.510122+00:00,91.2,30,bid,Sze-Yong Ng,EarnestEspressos,4624860
2026-07-15T10:00:48.533883,2026-07-15T10:00:48.543477+00:00,91.2,50,bid,Andy Garg,EarnestEspressos,4624863
2026-07-15T10:00:48.648419,2026-07-15T10:00:48.653856+00:00,91.2,15,bid,Akshit Parekh,EarnestEspressos,4624867
2026-07-15T10:00:48.656542,2026-07-15T10:00:48.664972+00:00,91.2,16,bid,Stanley Wang,EarnestEspressos,4624868
2026-07-15T10:00:48.869532,2026-07-15T10:00:48.874048+00:00,91.1,14,ask,Andre Chan,CostlyCorianders,4624869
2026-07-15T10:00:48.869532,2026-07-15T10:00:48.885108+00:00,91.1,10,ask,Akshit Parekh,CostlyCorianders,4624870
2026-07-15T10:00:48.869532,2026-07-15T10:00:48.885108+00:00,91.1,18,ask,Kelvin Chan,CostlyCorianders,4624871
2026-07-15T10:00:49.474190,2026-07-15T10:00:49.481755+00:00,91.1,8,ask,Kelvin Chan,Zhengnan Hua,4624886
2026-07-15T10:00:49.479975,2026-07-15T10:00:49.492510+00:00,91.2,4,bid,Zhengnan Hua,EarnestEspressos,4624887
2026-07-15T10:00:49.653867,2026-07-15T10:00:49.663804+00:00,91.1,25,ask,Roger Xu,FlawlessFlatbreads,4624888
2026-07-15T10:00:49.653867,2026-07-15T10:00:49.663804+00:00,91.1,10,ask,Zhengnan Hua,FlawlessFlatbreads,4624889
2026-07-15T10:00:49.653867,2026-07-15T10:00:49.663804+00:00,91.0,10,ask,Johan Shajee,FlawlessFlatbreads,4624890
2026-07-15T10:00:49.653867,2026-07-15T10:00:49.663804+00:00,91.0,5,ask,Johan Shajee,FlawlessFlatbreads,4624891
2026-07-15T10:00:49.862343,2026-07-15T10:00:49.870351+00:00,91.0,2,ask,Johan Shajee,Andy Garg,4624897
2026-07-15T10:00:50.388135,2026-07-15T10:00:50.396630+00:00,91.1,14,bid,CostlyCorianders,Andre Chan,4624905
2026-07-15T10:00:50.388135,2026-07-15T10:00:50.396630+00:00,91.1,25,bid,CostlyCorianders,Roger Xu,4624906
2026-07-15T10:00:50.388135,2026-07-15T10:00:50.396630+00:00,91.2,9,bid,CostlyCorianders,EarnestEspressos,4624907
2026-07-15T10:00:50.463999,2026-07-15T10:00:50.472383+00:00,91.2,10,bid,EarnestEspressos,Zhengnan Hua,4624908
2026-07-15T10:00:50.463999,2026-07-15T10:00:50.472383+00:00,91.2,50,bid,EarnestEspressos,Andy Garg,4624909
2026-07-15T10:00:50.463999,2026-07-15T10:00:50.472383+00:00,91.2,10,bid,EarnestEspressos,Akshit Parekh,4624910
2026-07-15T10:00:50.463999,2026-07-15T10:00:50.483158+00:00,91.2,60,bid,EarnestEspressos,Roger Xu,4624911
2026-07-15T10:00:50.463999,2026-07-15T10:00:50.483158+00:00,91.2,10,bid,EarnestEspressos,Johan Shajee,4624912
2026-07-15T10:00:50.705648,2026-07-15T10:00:50.712393+00:00,91.2,10,ask,EarnestEspressos,Zhengnan Hua,4624919
2026-07-15T10:00:50.705648,2026-07-15T10:00:50.712393+00:00,91.0,2,ask,Johan Shajee,Zhengnan Hua,4624920
2026-07-15T10:00:50.788520,2026-07-15T10:00:50.798717+00:00,91.1,2,ask,Zhengnan Hua,Johan Shajee,4624926
2026-07-15T10:00:51.911200,2026-07-15T10:00:51.918478+00:00,91.2,10,bid,CostlyCorianders,Andre Chan,4624946
2026-07-15T10:00:51.911200,2026-07-15T10:00:51.918478+00:00,91.2,25,bid,CostlyCorianders,Roger Xu,4624947
2026-07-15T10:00:51.911200,2026-07-15T10:00:51.918478+00:00,91.2,7,bid,CostlyCorianders,Johan Shajee,4624948
2026-07-15T10:00:51.911200,2026-07-15T10:00:51.929739+00:00,91.2,3,bid,CostlyCorianders,Akshit Parekh,4624949
2026-07-15T10:00:52.364419,2026-07-15T10:00:52.369599+00:00,91.1,3,ask,Kelvin Chan,Xuanyu Liu,4624969
2026-07-15T10:00:52.381086,2026-07-15T10:00:52.392005+00:00,91.1,49,ask,Kelvin Chan,Peter Chen,4624970
2026-07-15T10:00:52.381086,2026-07-15T10:00:52.392005+00:00,91.1,10,ask,Zhengnan Hua,Peter Chen,4624971
2026-07-15T10:00:52.381086,2026-07-15T10:00:52.392005+00:00,91.1,10,ask,Akshit Parekh,Peter Chen,4624972
2026-07-15T10:00:52.381086,2026-07-15T10:00:52.392005+00:00,91.1,25,ask,Roger Xu,Peter Chen,4624973
2026-07-15T10:00:52.381086,2026-07-15T10:00:52.392005+00:00,91.1,6,ask,Kelvin Chan,Peter Chen,4624974
2026-07-15T10:00:52.410808,2026-07-15T10:00:52.414301+00:00,91.1,4,ask,Kelvin Chan,Alex To,4624977
2026-07-15T10:00:52.714617,2026-07-15T10:00:52.725584+00:00,91.0,10,ask,Johan Shajee,Akshit Parekh,4624988
2026-07-15T10:00:52.714617,2026-07-15T10:00:52.725584+00:00,91.0,5,ask,Roger Xu,Akshit Parekh,4624989
2026-07-15T10:00:52.905694,2026-07-15T10:00:52.910556+00:00,91.0,2,ask,Roger Xu,Johan Shajee,4624996
2026-07-15T10:00:53.135823,2026-07-15T10:00:53.138736+00:00,90.9,2,ask,Scott Bagby,Johan Shajee,4625004
2026-07-15T10:00:53.343374,2026-07-15T10:00:53.346409+00:00,90.9,2,ask,Scott Bagby,Johan Shajee,4625009
2026-07-15T10:00:53.552735,2026-07-15T10:00:53.562100+00:00,90.9,2,ask,Scott Bagby,Johan Shajee,4625010
2026-07-15T10:00:53.676960,2026-07-15T10:00:53.682680+00:00,91.0,3,bid,Xuanyu Liu,Andre Chan,4625019
2026-07-15T10:00:53.677253,2026-07-15T10:00:53.693634+00:00,91.0,7,bid,Sze-Yong Ng,Andre Chan,4625020
2026-07-15T10:00:53.677253,2026-07-15T10:00:53.693634+00:00,91.0,2,bid,Alex To,EarnestEspressos,4625021
2026-07-15T10:00:53.677253,2026-07-15T10:00:53.693634+00:00,91.0,6,bid,Sze-Yong Ng,Kelvin Chan,4625022
2026-07-15T10:00:53.714380,2026-07-15T10:00:53.726621+00:00,91.0,5,bid,Peter Chen,EarnestEspressos,4625026
2026-07-15T10:00:53.766754,2026-07-15T10:00:53.770372+00:00,91.0,2,bid,Alex To,EarnestEspressos,4625027
2026-07-15T10:00:53.843516,2026-07-15T10:00:53.846919+00:00,91.0,50,bid,Andy Garg,EarnestEspressos,4625029
2026-07-15T10:00:53.871768,2026-07-15T10:00:53.884195+00:00,91.0,50,bid,FlawlessFlatbreads,EarnestEspressos,4625033
2026-07-15T10:00:53.883601,2026-07-15T10:00:53.895158+00:00,91.0,2,bid,Sze-Yong Ng,Johan Shajee,4625034
2026-07-15T10:00:54.001889,2026-07-15T10:00:54.014525+00:00,91.0,1,bid,Alex To,EarnestEspressos,4625036
2026-07-15T10:00:54.991534,2026-07-15T10:00:54.997288+00:00,91.0,40,bid,Alex To,EarnestEspressos,4625047
2026-07-15T10:00:54.991534,2026-07-15T10:00:54.997288+00:00,91.0,7,bid,Alex To,Kelvin Chan,4625048
2026-07-15T10:00:54.999448,2026-07-15T10:00:55.019531+00:00,91.0,23,bid,Sze-Yong Ng,Kelvin Chan,4625049
2026-07-15T10:00:55.026174,2026-07-15T10:00:55.041791+00:00,91.0,50,bid,Peter Chen,Kelvin Chan,4625052
2026-07-15T10:00:55.026174,2026-07-15T10:00:55.041791+00:00,91.0,6,bid,Peter Chen,Roger Xu,4625053
2026-07-15T10:00:55.106832,2026-07-15T10:00:55.119967+00:00,91.0,10,bid,Johan Shajee,Zhengnan Hua,4625056
2026-07-15T10:00:55.118974,2026-07-15T10:00:55.131122+00:00,91.1,2,bid,Johan Shajee,Akshit Parekh,4625059
2026-07-15T10:00:55.327505,2026-07-15T10:00:55.336961+00:00,91.1,2,bid,Johan Shajee,Akshit Parekh,4625064
2026-07-15T10:00:55.344467,2026-07-15T10:00:55.347797+00:00,91.1,1,bid,Alan Niu,Akshit Parekh,4625066
2026-07-15T10:00:55.478182,2026-07-15T10:00:55.490948+00:00,91.0,49,ask,Andre Chan,CostlyCorianders,4625070
2026-07-15T10:00:55.542817,2026-07-15T10:00:55.548135+00:00,91.1,2,bid,Johan Shajee,Akshit Parekh,4625073
2026-07-15T10:00:55.750531,2026-07-15T10:00:55.755067+00:00,91.1,2,bid,Johan Shajee,Akshit Parekh,4625078
2026-07-15T10:00:55.951889,2026-07-15T10:00:55.961673+00:00,91.1,50,bid,FlawlessFlatbreads,DiligentDonuts,4625083
2026-07-15T10:00:55.974258,2026-07-15T10:00:55.983478+00:00,91.1,2,bid,Johan Shajee,DiligentDonuts,4625084
2026-07-15T10:00:56.183186,2026-07-15T10:00:56.188852+00:00,91.1,2,bid,Johan Shajee,DiligentDonuts,4625087
2026-07-15T10:00:56.391342,2026-07-15T10:00:56.400700+00:00,91.1,2,bid,Johan Shajee,DiligentDonuts,4625090
2026-07-15T10:00:56.508471,2026-07-15T10:00:56.520873+00:00,91.1,44,bid,CostlyCorianders,DiligentDonuts,4625095
2026-07-15T10:00:56.508471,2026-07-15T10:00:56.520873+00:00,91.1,2,bid,CostlyCorianders,Kelvin Chan,4625096
2026-07-15T10:00:56.600975,2026-07-15T10:00:56.607551+00:00,91.1,1,bid,Johan Shajee,Kelvin Chan,4625099
2026-07-15T10:00:56.803941,2026-07-15T10:00:56.813115+00:00,91.1,17,bid,EarnestEspressos,Kelvin Chan,4625104
2026-07-15T10:00:56.803941,2026-07-15T10:00:56.813115+00:00,91.1,10,bid,EarnestEspressos,Akshit Parekh,4625105
2026-07-15T10:00:56.803941,2026-07-15T10:00:56.813115+00:00,91.1,25,bid,EarnestEspressos,Roger Xu,4625106
2026-07-15T10:00:56.803941,2026-07-15T10:00:56.813115+00:00,91.2,12,bid,EarnestEspressos,Zhangyue Shen,4625107
2026-07-15T10:00:56.803941,2026-07-15T10:00:56.836116+00:00,91.2,20,bid,EarnestEspressos,Scott Bagby,4625108
2026-07-15T10:00:56.803941,2026-07-15T10:00:56.836116+00:00,91.2,8,bid,EarnestEspressos,Roger Xu,4625109
2026-07-15T10:00:56.803941,2026-07-15T10:00:56.836116+00:00,91.3,50,bid,EarnestEspressos,Andy Garg,4625110
2026-07-15T10:00:56.825384,2026-07-15T10:00:56.836116+00:00,91.3,8,ask,EarnestEspressos,Johan Shajee,4625111
2026-07-15T10:00:56.885276,2026-07-15T10:00:56.890788+00:00,91.2,2,bid,DiligentDonuts,Johan Shajee,4625115
2026-07-15T10:00:56.919203,2026-07-15T10:00:56.923384+00:00,91.2,38,ask,DiligentDonuts,Sze-Yong Ng,4625119
2026-07-15T10:00:56.974275,2026-07-15T10:00:56.977589+00:00,91.2,48,ask,DiligentDonuts,Alex To,4625121
2026-07-15T10:00:57.142185,2026-07-15T10:00:57.150423+00:00,91.2,12,ask,DiligentDonuts,CostlyCorianders,4625127
2026-07-15T10:00:57.142185,2026-07-15T10:00:57.150423+00:00,91.2,25,ask,Roger Xu,CostlyCorianders,4625128
2026-07-15T10:00:57.142185,2026-07-15T10:00:57.161246+00:00,91.2,4,ask,Kelvin Chan,CostlyCorianders,4625129
2026-07-15T10:00:57.632100,2026-07-15T10:00:57.637500+00:00,91.2,19,ask,Kelvin Chan,Stanley Wang,4625143
2026-07-15T10:00:57.632100,2026-07-15T10:00:57.637500+00:00,91.2,10,ask,Akshit Parekh,Stanley Wang,4625144
2026-07-15T10:00:57.632100,2026-07-15T10:00:57.648409+00:00,91.2,1,ask,Kelvin Chan,Stanley Wang,4625145
2026-07-15T10:00:57.639962,2026-07-15T10:00:57.648409+00:00,91.2,26,ask,Kelvin Chan,Sze-Yong Ng,4625146
2026-07-15T10:00:58.003969,2026-07-15T10:00:58.008977+00:00,91.1,6,ask,Kelvin Chan,Zhengnan Hua,4625158
2026-07-15T10:00:58.063746,2026-07-15T10:00:58.076565+00:00,91.3,20,bid,FlawlessFlatbreads,Scott Bagby,4625159
2026-07-15T10:00:58.063746,2026-07-15T10:00:58.076565+00:00,91.3,25,bid,FlawlessFlatbreads,Roger Xu,4625160
2026-07-15T10:00:58.063746,2026-07-15T10:00:58.076565+00:00,91.3,5,bid,FlawlessFlatbreads,Kelvin Chan,4625161
2026-07-15T10:00:58.152183,2026-07-15T10:00:58.165348+00:00,91.1,15,ask,Kelvin Chan,Johan Shajee,4625162
2026-07-15T10:00:58.956103,2026-07-15T10:00:58.965674+00:00,91.3,30,bid,Stanley Wang,Kelvin Chan,4625177
2026-07-15T10:00:59.390842,2026-07-15T10:00:59.403732+00:00,91.1,2,ask,Roger Xu,Johan Shajee,4625193
2026-07-15T10:00:59.598679,2026-07-15T10:00:59.602695+00:00,91.1,2,ask,Roger Xu,Johan Shajee,4625197
2026-07-15T10:00:59.701126,2026-07-15T10:00:59.707219+00:00,91.1,21,ask,Roger Xu,CostlyCorianders,4625201
2026-07-15T10:00:59.701126,2026-07-15T10:00:59.707219+00:00,91.1,9,ask,Kelvin Chan,CostlyCorianders,4625202
2026-07-15T10:00:59.701126,2026-07-15T10:00:59.718295+00:00,91.1,10,ask,Zhengnan Hua,CostlyCorianders,4625203
2026-07-15T10:00:59.701126,2026-07-15T10:00:59.718295+00:00,91.1,5,ask,Kelvin Chan,CostlyCorianders,4625204
2026-07-15T10:00:59.809067,2026-07-15T10:00:59.818291+00:00,91.1,2,ask,Kelvin Chan,Johan Shajee,4625211
2026-07-15T10:01:00.027807,2026-07-15T10:01:00.049673+00:00,91.1,2,ask,Kelvin Chan,Johan Shajee,4625218
2026-07-15T10:01:00.040294,2026-07-15T10:01:00.049673+00:00,91.1,15,ask,Kelvin Chan,EarnestEspressos,4625220
2026-07-15T10:01:00.040294,2026-07-15T10:01:00.049673+00:00,91.1,25,ask,Roger Xu,EarnestEspressos,4625221
2026-07-15T10:01:00.180398,2026-07-15T10:01:00.193115+00:00,91.1,50,bid,FlawlessFlatbreads,EarnestEspressos,4625224
2026-07-15T10:01:00.295059,2026-07-15T10:01:00.304341+00:00,91.1,26,bid,Sze-Yong Ng,EarnestEspressos,4625230
2026-07-15T10:01:00.522767,2026-07-15T10:01:00.531212+00:00,91.1,8,bid,Johan Shajee,EarnestEspressos,4625240
2026-07-15T10:01:01.581330,2026-07-15T10:01:01.586490+00:00,91.0,3,ask,Kelvin Chan,Xuanyu Liu,4625257
2026-07-15T10:01:01.591276,2026-07-15T10:01:01.597772+00:00,91.0,2,ask,Kelvin Chan,Johan Shajee,4625258
2026-07-15T10:01:01.602184,2026-07-15T10:01:01.608933+00:00,91.0,3,ask,Kelvin Chan,Peter Chen,4625259
2026-07-15T10:01:01.602184,2026-07-15T10:01:01.608933+00:00,91.0,25,ask,Roger Xu,Peter Chen,4625260
2026-07-15T10:01:01.602184,2026-07-15T10:01:01.608933+00:00,91.0,10,ask,Akshit Parekh,Peter Chen,4625261
2026-07-15T10:01:01.818612,2026-07-15T10:01:01.830233+00:00,90.9,2,ask,Zhengnan Hua,Johan Shajee,4625270
2026-07-15T10:01:02.032047,2026-07-15T10:01:02.036989+00:00,90.9,2,ask,Zhengnan Hua,Johan Shajee,4625271
2026-07-15T10:01:02.248493,2026-07-15T10:01:02.253624+00:00,90.9,2,ask,Zhengnan Hua,Johan Shajee,4625276
2026-07-15T10:01:02.473981,2026-07-15T10:01:02.481530+00:00,90.9,2,ask,Zhengnan Hua,Johan Shajee,4625279
2026-07-15T10:01:03.143158,2026-07-15T10:01:03.148195+00:00,91.0,10,bid,CostlyCorianders,Zhengnan Hua,4625296
2026-07-15T10:01:03.143158,2026-07-15T10:01:03.159318+00:00,91.0,8,bid,CostlyCorianders,Kelvin Chan,4625297
2026-07-15T10:01:03.143158,2026-07-15T10:01:03.159318+00:00,91.0,1,bid,CostlyCorianders,Andre Chan,4625298
2026-07-15T10:01:03.143158,2026-07-15T10:01:03.159318+00:00,91.1,27,bid,CostlyCorianders,Andy Garg,4625299
2026-07-15T10:01:03.170575,2026-07-15T10:01:03.181569+00:00,91.1,23,bid,EarnestEspressos,Andy Garg,4625302
2026-07-15T10:01:03.170575,2026-07-15T10:01:03.181569+00:00,91.1,11,bid,EarnestEspressos,Zhangyue Shen,4625303
2026-07-15T10:01:03.170575,2026-07-15T10:01:03.181569+00:00,91.1,25,bid,EarnestEspressos,Roger Xu,4625304
2026-07-15T10:01:03.170575,2026-07-15T10:01:03.181569+00:00,91.1,56,bid,EarnestEspressos,Alan Niu,4625305
2026-07-15T10:01:03.170575,2026-07-15T10:01:03.181569+00:00,91.1,10,bid,EarnestEspressos,Akshit Parekh,4625306
2026-07-15T10:01:03.191165,2026-07-15T10:01:03.203700+00:00,91.1,25,ask,EarnestEspressos,Kelvin Chan,4625308
2026-07-15T10:01:04.241688,2026-07-15T10:01:04.248446+00:00,91.1,46,bid,CostlyCorianders,Andre Chan,4625335
2026-07-15T10:01:04.407818,2026-07-15T10:01:04.410565+00:00,91.1,2,bid,Johan Shajee,Zhengnan Hua,4625339
2026-07-15T10:01:04.587818,2026-07-15T10:01:04.600390+00:00,91.0,18,ask,Andre Chan,Andy Garg,4625345
2026-07-15T10:01:04.587818,2026-07-15T10:01:04.600390+00:00,91.0,9,ask,Kelvin Chan,Andy Garg,4625346
2026-07-15T10:01:05.125489,2026-07-15T10:01:05.131064+00:00,91.1,8,bid,Andy Garg,Zhengnan Hua,4625360
2026-07-15T10:01:05.125489,2026-07-15T10:01:05.131064+00:00,91.1,4,bid,Andy Garg,Roger Xu,4625361
2026-07-15T10:01:06.231939,2026-07-15T10:01:06.238046+00:00,91.1,3,bid,Xuanyu Liu,Kelvin Chan,4625383
2026-07-15T10:01:06.288050,2026-07-15T10:01:06.292776+00:00,91.1,8,bid,Johan Shajee,Akshit Parekh,4625385
2026-07-15T10:01:06.397119,2026-07-15T10:01:06.402229+00:00,91.0,41,ask,Kelvin Chan,CostlyCorianders,4625386
2026-07-15T10:01:06.405570,2026-07-15T10:01:06.413151+00:00,91.1,2,bid,Andy Garg,Akshit Parekh,4625387
2026-07-15T10:01:06.405570,2026-07-15T10:01:06.413151+00:00,91.1,25,bid,Andy Garg,Roger Xu,4625388
2026-07-15T10:01:06.630863,2026-07-15T10:01:06.641756+00:00,91.0,50,ask,Andy Garg,FlawlessFlatbreads,4625389
2026-07-15T10:01:07.547804,2026-07-15T10:01:07.550801+00:00,91.0,2,ask,Zhengnan Hua,Johan Shajee,4625409
2026-07-15T10:01:07.763246,2026-07-15T10:01:07.768322+00:00,91.0,2,ask,Akshit Parekh,Johan Shajee,4625413
2026-07-15T10:01:07.829760,2026-07-15T10:01:07.833412+00:00,91.0,8,ask,Akshit Parekh,CostlyCorianders,4625414
2026-07-15T10:01:07.829760,2026-07-15T10:01:07.844313+00:00,91.0,25,ask,Roger Xu,CostlyCorianders,4625415
2026-07-15T10:01:07.829760,2026-07-15T10:01:07.844313+00:00,91.0,10,ask,Zhengnan Hua,CostlyCorianders,4625416
2026-07-15T10:01:07.829760,2026-07-15T10:01:07.844313+00:00,90.9,6,ask,DiligentDonuts,CostlyCorianders,4625417
2026-07-15T10:01:08.469718,2026-07-15T10:01:08.472653+00:00,90.9,48,ask,DiligentDonuts,CostlyCorianders,4625421
2026-07-15T10:01:08.688423,2026-07-15T10:01:08.699193+00:00,91.0,25,bid,FlawlessFlatbreads,Kelvin Chan,4625422
2026-07-15T10:01:08.688423,2026-07-15T10:01:08.699193+00:00,91.0,25,bid,FlawlessFlatbreads,Roger Xu,4625423
2026-07-15T10:01:08.806697,2026-07-15T10:01:08.818842+00:00,91.0,2,bid,Harold Schneider,Kelvin Chan,4625425
2026-07-15T10:01:09.576812,2026-07-15T10:01:09.589340+00:00,91.1,43,bid,CostlyCorianders,Kelvin Chan,4625432
2026-07-15T10:01:09.806651,2026-07-15T10:01:09.817792+00:00,91.0,4,bid,Johan Shajee,EarnestEspressos,4625435
2026-07-15T10:01:10.853343,2026-07-15T10:01:10.857781+00:00,90.9,12,ask,Zhangyue Shen,FlawlessFlatbreads,4625447
2026-07-15T10:01:10.853343,2026-07-15T10:01:10.868596+00:00,90.9,18,ask,Kelvin Chan,FlawlessFlatbreads,4625448
2026-07-15T10:01:10.853343,2026-07-15T10:01:10.868596+00:00,90.9,10,ask,Andre Chan,FlawlessFlatbreads,4625449
2026-07-15T10:01:10.853343,2026-07-15T10:01:10.868596+00:00,90.9,10,ask,Akshit Parekh,FlawlessFlatbreads,4625450
2026-07-15T10:01:11.048142,2026-07-15T10:01:11.062857+00:00,90.9,10,ask,Andre Chan,Andy Garg,4625461
2026-07-15T10:01:11.048142,2026-07-15T10:01:11.062857+00:00,90.9,2,ask,Johan Shajee,Andy Garg,4625462
2026-07-15T10:01:11.144150,2026-07-15T10:01:11.149369+00:00,90.9,8,ask,Johan Shajee,Akshit Parekh,4625463
2026-07-15T10:01:11.144150,2026-07-15T10:01:11.149369+00:00,90.9,7,ask,Zhengnan Hua,Akshit Parekh,4625464
2026-07-15T10:01:11.240188,2026-07-15T10:01:11.245400+00:00,90.9,2,ask,Kelvin Chan,Johan Shajee,4625465
2026-07-15T10:01:11.450017,2026-07-15T10:01:11.462595+00:00,90.9,2,ask,Kelvin Chan,Johan Shajee,4625468
2026-07-15T10:01:11.658576,2026-07-15T10:01:11.665465+00:00,90.9,2,ask,Zhengnan Hua,Johan Shajee,4625471
2026-07-15T10:01:11.870653,2026-07-15T10:01:11.879899+00:00,90.9,2,ask,Kelvin Chan,Johan Shajee,4625475
2026-07-15T10:01:12.087090,2026-07-15T10:01:12.094455+00:00,90.9,2,ask,Kelvin Chan,Johan Shajee,4625479
2026-07-15T10:01:12.157168,2026-07-15T10:01:12.169022+00:00,90.9,29,ask,Kelvin Chan,CostlyCorianders,4625480
2026-07-15T10:01:12.157168,2026-07-15T10:01:12.169022+00:00,90.9,10,ask,Zhengnan Hua,EarnestEspressos,4625481
2026-07-15T10:01:12.157168,2026-07-15T10:01:12.169022+00:00,90.9,5,ask,Roger Xu,CostlyCorianders,4625482
2026-07-15T10:01:12.744177,2026-07-15T10:01:12.753652+00:00,90.9,25,ask,Roger Xu,EarnestEspressos,4625492
2026-07-15T10:01:12.744177,2026-07-15T10:01:12.753652+00:00,90.9,10,ask,Andre Chan,EarnestEspressos,4625493
2026-07-15T10:01:12.744177,2026-07-15T10:01:12.753652+00:00,90.9,10,ask,Akshit Parekh,CostlyCorianders,4625494
2026-07-15T10:01:12.744177,2026-07-15T10:01:12.753652+00:00,90.9,12,ask,Zhangyue Shen,EarnestEspressos,4625495
2026-07-15T10:01:12.968092,2026-07-15T10:01:12.979904+00:00,90.8,20,ask,Scott Bagby,FlawlessFlatbreads,4625497
2026-07-15T10:01:12.968092,2026-07-15T10:01:12.979904+00:00,90.8,30,ask,Roger Xu,FlawlessFlatbreads,4625498
2026-07-15T10:01:14.807707,2026-07-15T10:01:14.819987+00:00,90.9,49,bid,CostlyCorianders,EarnestEspressos,4625531
2026-07-15T10:01:15.105642,2026-07-15T10:01:15.110865+00:00,90.8,10,ask,Johan Shajee,FlawlessFlatbreads,4625540
2026-07-15T10:01:15.105642,2026-07-15T10:01:15.110865+00:00,90.8,10,ask,Johan Shajee,FlawlessFlatbreads,4625541
2026-07-15T10:01:15.105642,2026-07-15T10:01:15.121484+00:00,90.8,10,ask,Akshit Parekh,FlawlessFlatbreads,4625542
2026-07-15T10:01:15.105642,2026-07-15T10:01:15.121484+00:00,90.8,20,ask,Roger Xu,FlawlessFlatbreads,4625543
2026-07-15T10:01:15.275875,2026-07-15T10:01:15.281358+00:00,90.8,5,ask,Roger Xu,CostlyCorianders,4625547
2026-07-15T10:01:15.275875,2026-07-15T10:01:15.281358+00:00,90.8,10,ask,Akshit Parekh,CostlyCorianders,4625548
2026-07-15T10:01:15.275875,2026-07-15T10:01:15.291955+00:00,90.8,10,ask,Zhengnan Hua,CostlyCorianders,4625549
2026-07-15T10:01:15.860991,2026-07-15T10:01:15.866645+00:00,90.8,2,bid,EarnestEspressos,Andre Chan,4625553
2026-07-15T10:01:16.842977,2026-07-15T10:01:16.850449+00:00,90.9,10,bid,CostlyCorianders,Akshit Parekh,4625575
2026-07-15T10:01:16.842977,2026-07-15T10:01:16.850449+00:00,90.9,16,bid,CostlyCorianders,Kelvin Chan,4625576
2026-07-15T10:01:16.842977,2026-07-15T10:01:16.850449+00:00,90.9,21,bid,CostlyCorianders,DiligentDonuts,4625577
2026-07-15T10:01:17.225379,2026-07-15T10:01:17.229537+00:00,90.8,50,ask,EarnestEspressos,FlawlessFlatbreads,4625583
2026-07-15T10:01:17.625477,2026-07-15T10:01:17.632308+00:00,90.9,38,bid,Sze-Yong Ng,DiligentDonuts,4625600
2026-07-15T10:01:17.649427,2026-07-15T10:01:17.654378+00:00,90.9,41,bid,Peter Chen,DiligentDonuts,4625601
2026-07-15T10:01:17.649427,2026-07-15T10:01:17.665377+00:00,90.9,36,bid,Peter Chen,Kelvin Chan,4625602
2026-07-15T10:01:17.701880,2026-07-15T10:01:17.709329+00:00,90.9,15,bid,Alex To,Kelvin Chan,4625606
2026-07-15T10:01:17.701880,2026-07-15T10:01:17.709329+00:00,90.9,25,bid,Alex To,Roger Xu,4625607
2026-07-15T10:01:17.701880,2026-07-15T10:01:17.709329+00:00,90.9,8,bid,Alex To,Kelvin Chan,4625608
2026-07-15T10:01:17.717032,2026-07-15T10:01:17.720301+00:00,90.9,21,bid,Andy Garg,Kelvin Chan,4625610
2026-07-15T10:01:17.717032,2026-07-15T10:01:17.731359+00:00,90.9,10,bid,Andy Garg,Zhengnan Hua,4625611
2026-07-15T10:01:17.762082,2026-07-15T10:01:17.775098+00:00,91.0,2,bid,Johan Shajee,Scott Bagby,4625617
2026-07-15T10:01:17.974104,2026-07-15T10:01:17.980573+00:00,91.0,2,bid,Johan Shajee,Scott Bagby,4625619
2026-07-15T10:01:18.182071,2026-07-15T10:01:18.190912+00:00,91.0,1,bid,Johan Shajee,Scott Bagby,4625628
2026-07-15T10:01:18.825807,2026-07-15T10:01:18.830875+00:00,91.0,5,bid,CostlyCorianders,Scott Bagby,4625636
2026-07-15T10:01:18.825807,2026-07-15T10:01:18.841630+00:00,91.0,25,bid,CostlyCorianders,Roger Xu,4625637
2026-07-15T10:01:18.825807,2026-07-15T10:01:18.841630+00:00,91.0,10,bid,CostlyCorianders,Akshit Parekh,4625638
2026-07-15T10:01:18.825807,2026-07-15T10:01:18.841630+00:00,91.1,3,bid,CostlyCorianders,Roger Xu,4625639
2026-07-15T10:01:19.021175,2026-07-15T10:01:19.025335+00:00,91.0,2,ask,Kelvin Chan,Andy Garg,4625650
2026-07-15T10:01:19.035113,2026-07-15T10:01:19.047139+00:00,91.0,8,ask,Zhengnan Hua,Andy Garg,4625651
2026-07-15T10:01:19.035113,2026-07-15T10:01:19.047139+00:00,91.0,2,ask,Kelvin Chan,Johan Shajee,4625652
2026-07-15T10:01:19.229230,2026-07-15T10:01:19.242177+00:00,91.0,2,ask,Kelvin Chan,Johan Shajee,4625654
2026-07-15T10:01:19.335699,2026-07-15T10:01:19.340448+00:00,91.0,50,ask,Kelvin Chan,FlawlessFlatbreads,4625655
2026-07-15T10:01:19.493667,2026-07-15T10:01:19.502169+00:00,91.0,2,ask,Kelvin Chan,Johan Shajee,4625656
2026-07-15T10:01:19.704810,2026-07-15T10:01:19.717568+00:00,91.0,2,ask,Zhengnan Hua,Johan Shajee,4625660
2026-07-15T10:01:19.914221,2026-07-15T10:01:19.922270+00:00,91.0,2,ask,Kelvin Chan,Johan Shajee,4625666
2026-07-15T10:01:20.262039,2026-07-15T10:01:20.274703+00:00,91.0,20,ask,Kelvin Chan,Anish Mukherjee,4625670
2026-07-15T10:01:20.262039,2026-07-15T10:01:20.274703+00:00,91.0,25,ask,Roger Xu,Anish Mukherjee,4625671
2026-07-15T10:01:20.262039,2026-07-15T10:01:20.274703+00:00,91.0,10,ask,Zhengnan Hua,Anish Mukherjee,4625672
2026-07-15T10:01:20.336528,2026-07-15T10:01:20.350561+00:00,90.9,10,ask,Akshit Parekh,Johan Shajee,4625674
2026-07-15T10:01:20.336528,2026-07-15T10:01:20.350561+00:00,90.9,5,ask,DiligentDonuts,Johan Shajee,4625675
2026-07-15T10:01:20.361368,2026-07-15T10:01:20.372105+00:00,90.9,48,ask,DiligentDonuts,Alex To,4625677
2026-07-15T10:01:20.367160,2026-07-15T10:01:20.382896+00:00,90.9,38,ask,DiligentDonuts,Sze-Yong Ng,4625679
2026-07-15T10:01:21.444434,2026-07-15T10:01:21.453260+00:00,90.9,9,ask,DiligentDonuts,FlawlessFlatbreads,4625700
2026-07-15T10:01:21.444434,2026-07-15T10:01:21.453260+00:00,90.9,15,ask,Kelvin Chan,FlawlessFlatbreads,4625701
2026-07-15T10:01:21.444434,2026-07-15T10:01:21.453260+00:00,90.9,25,ask,Roger Xu,FlawlessFlatbreads,4625702
2026-07-15T10:01:21.444434,2026-07-15T10:01:21.464100+00:00,90.9,1,ask,Akshit Parekh,FlawlessFlatbreads,4625703
2026-07-15T10:01:21.597569,2026-07-15T10:01:21.603138+00:00,91.0,3,bid,Xuanyu Liu,Andy Garg,4625711
2026-07-15T10:01:21.626176,2026-07-15T10:01:21.636781+00:00,91.0,2,bid,Johan Shajee,Andy Garg,4625715
2026-07-15T10:01:21.707442,2026-07-15T10:01:21.715428+00:00,91.0,40,bid,Andy Garg,Kelvin Chan,4625717
2026-07-15T10:01:21.833754,2026-07-15T10:01:21.845250+00:00,91.0,2,bid,Johan Shajee,Kelvin Chan,4625718
2026-07-15T10:01:22.043143,2026-07-15T10:01:22.049262+00:00,91.0,2,bid,Johan Shajee,Kelvin Chan,4625719
2026-07-15T10:01:22.316156,2026-07-15T10:01:22.340451+00:00,91.0,2,bid,Johan Shajee,Kelvin Chan,4625727
2026-07-15T10:01:22.523961,2026-07-15T10:01:22.533697+00:00,91.0,2,bid,Johan Shajee,Kelvin Chan,4625730
2026-07-15T10:01:22.733934,2026-07-15T10:01:22.740361+00:00,90.9,3,ask,Akshit Parekh,Xuanyu Liu,4625731
2026-07-15T10:01:22.748285,2026-07-15T10:01:22.751671+00:00,91.0,1,bid,Johan Shajee,Kelvin Chan,4625732
2026-07-15T10:01:22.748285,2026-07-15T10:01:22.762863+00:00,91.0,1,bid,Johan Shajee,Akshit Parekh,4625733
2026-07-15T10:01:22.974955,2026-07-15T10:01:22.985028+00:00,90.9,2,ask,Akshit Parekh,Johan Shajee,4625746
2026-07-15T10:01:23.508626,2026-07-15T10:01:23.517974+00:00,91.0,9,bid,FlawlessFlatbreads,Akshit Parekh,4625757
2026-07-15T10:01:23.508626,2026-07-15T10:01:23.517974+00:00,91.0,10,bid,FlawlessFlatbreads,Zhengnan Hua,4625758
2026-07-15T10:01:23.508626,2026-07-15T10:01:23.517974+00:00,91.0,10,bid,FlawlessFlatbreads,Kelvin Chan,4625759
2026-07-15T10:01:23.508626,2026-07-15T10:01:23.517974+00:00,91.0,21,bid,FlawlessFlatbreads,Roger Xu,4625760
2026-07-15T10:01:24.179284,2026-07-15T10:01:24.182607+00:00,90.9,4,ask,Akshit Parekh,CostlyCorianders,4625769
2026-07-15T10:01:24.179284,2026-07-15T10:01:24.193564+00:00,90.9,38,ask,Kelvin Chan,CostlyCorianders,4625770
2026-07-15T10:01:24.541316,2026-07-15T10:01:24.549872+00:00,91.0,5,bid,Andy Garg,Akshit Parekh,4625787
2026-07-15T10:01:25.622202,2026-07-15T10:01:25.631663+00:00,91.0,5,bid,FlawlessFlatbreads,Akshit Parekh,4625812
2026-07-15T10:01:25.622202,2026-07-15T10:01:25.631663+00:00,91.0,18,bid,FlawlessFlatbreads,Kelvin Chan,4625813
2026-07-15T10:01:25.622202,2026-07-15T10:01:25.631663+00:00,91.0,10,bid,FlawlessFlatbreads,Zhengnan Hua,4625814
2026-07-15T10:01:25.622202,2026-07-15T10:01:25.631663+00:00,91.0,17,bid,FlawlessFlatbreads,Roger Xu,4625815
2026-07-15T10:01:25.696495,2026-07-15T10:01:25.708738+00:00,91.0,8,bid,CostlyCorianders,Roger Xu,4625817
2026-07-15T10:01:25.696495,2026-07-15T10:01:25.708738+00:00,91.0,32,bid,CostlyCorianders,Kelvin Chan,4625818
2026-07-15T10:01:25.861933,2026-07-15T10:01:25.872962+00:00,91.0,12,bid,Zhangyue Shen,Andre Chan,4625822
2026-07-15T10:01:26.907785,2026-07-15T10:01:26.919028+00:00,91.0,25,bid,CostlyCorianders,Roger Xu,4625843
2026-07-15T10:01:26.907785,2026-07-15T10:01:26.919028+00:00,91.0,4,bid,CostlyCorianders,Kelvin Chan,4625844
2026-07-15T10:01:27.341900,2026-07-15T10:01:27.347903+00:00,91.0,15,bid,Akshit Parekh,Andre Chan,4625851
2026-07-15T10:01:27.747401,2026-07-15T10:01:27.758321+00:00,91.0,1,bid,FlawlessFlatbreads,Kelvin Chan,4625856
2026-07-15T10:01:27.747401,2026-07-15T10:01:27.758321+00:00,91.0,25,bid,FlawlessFlatbreads,Roger Xu,4625857
2026-07-15T10:01:27.747401,2026-07-15T10:01:27.758321+00:00,91.0,10,bid,FlawlessFlatbreads,Akshit Parekh,4625858
2026-07-15T10:01:27.747401,2026-07-15T10:01:27.758321+00:00,91.0,10,bid,FlawlessFlatbreads,Zhengnan Hua,4625859
2026-07-15T10:01:27.747401,2026-07-15T10:01:27.769274+00:00,91.1,4,bid,FlawlessFlatbreads,DiligentDonuts,4625860
2026-07-15T10:01:28.247664,2026-07-15T10:01:28.253447+00:00,91.0,1,bid,Sze-Yong Ng,Andre Chan,4625870
2026-07-15T10:01:29.351669,2026-07-15T10:01:29.356970+00:00,91.1,10,bid,Sze-Yong Ng,Zhengnan Hua,4625887
2026-07-15T10:01:29.351669,2026-07-15T10:01:29.356970+00:00,91.1,22,bid,Sze-Yong Ng,Roger Xu,4625888
2026-07-15T10:01:29.385457,2026-07-15T10:01:29.388713+00:00,91.2,10,bid,Akshit Parekh,Johan Shajee,4625889
2026-07-15T10:01:29.385457,2026-07-15T10:01:29.399305+00:00,91.2,5,bid,Akshit Parekh,Andy Garg,4625890
2026-07-15T10:01:29.422201,2026-07-15T10:01:29.431190+00:00,91.2,2,bid,Johan Shajee,Andy Garg,4625891
2026-07-15T10:01:29.635345,2026-07-15T10:01:29.644197+00:00,91.2,2,bid,Johan Shajee,DiligentDonuts,4625896
2026-07-15T10:01:29.852802,2026-07-15T10:01:29.860043+00:00,91.2,2,bid,Johan Shajee,Andy Garg,4625900
2026-07-15T10:01:29.862712,2026-07-15T10:01:29.870961+00:00,91.2,50,bid,FlawlessFlatbreads,DiligentDonuts,4625901
2026-07-15T10:01:30.083271,2026-07-15T10:01:30.087664+00:00,91.2,2,bid,Johan Shajee,DiligentDonuts,4625910
2026-07-15T10:01:30.291661,2026-07-15T10:01:30.302279+00:00,91.2,2,bid,Johan Shajee,DiligentDonuts,4625911
2026-07-15T10:01:32.304981,2026-07-15T10:01:32.310012+00:00,91.2,7,bid,Andy Garg,Akshit Parekh,4625936
2026-07-15T10:01:32.437256,2026-07-15T10:01:32.449670+00:00,91.2,10,bid,Akshit Parekh,Zhengnan Hua,4625937
2026-07-15T10:01:34.156215,2026-07-15T10:01:34.169425+00:00,91.1,37,ask,Kelvin Chan,FlawlessFlatbreads,4625958
2026-07-15T10:01:34.156215,2026-07-15T10:01:34.169425+00:00,91.1,10,ask,Johan Shajee,FlawlessFlatbreads,4625959
2026-07-15T10:01:34.156215,2026-07-15T10:01:34.169425+00:00,91.1,3,ask,Akshit Parekh,FlawlessFlatbreads,4625960
2026-07-15T10:01:35.045571,2026-07-15T10:01:35.048442+00:00,91.1,2,ask,Akshit Parekh,Andy Garg,4625981
2026-07-15T10:01:35.267792,2026-07-15T10:01:35.279572+00:00,91.1,2,ask,Kelvin Chan,Andy Garg,4625990
2026-07-15T10:01:36.073815,2026-07-15T10:01:36.083742+00:00,91.1,41,ask,Kelvin Chan,CostlyCorianders,4625999
2026-07-15T10:01:36.303422,2026-07-15T10:01:36.309427+00:00,91.1,20,ask,Scott Bagby,FlawlessFlatbreads,4626002
2026-07-15T10:01:36.303422,2026-07-15T10:01:36.309427+00:00,91.1,25,ask,Roger Xu,FlawlessFlatbreads,4626003
2026-07-15T10:01:36.303422,2026-07-15T10:01:36.320247+00:00,91.1,5,ask,Zhengnan Hua,FlawlessFlatbreads,4626004
2026-07-15T10:01:37.493325,2026-07-15T10:01:37.498125+00:00,91.2,5,bid,Anish Mukherjee,Kelvin Chan,4626015
2026-07-15T10:01:37.548359,2026-07-15T10:01:37.551884+00:00,91.2,5,bid,Anish Mukherjee,Johan Shajee,4626018
2026-07-15T10:01:37.548359,2026-07-15T10:01:37.562649+00:00,91.2,5,bid,Sze-Yong Ng,Johan Shajee,4626019
2026-07-15T10:01:37.548359,2026-07-15T10:01:37.562649+00:00,91.2,25,bid,Anish Mukherjee,Roger Xu,4626020
2026-07-15T10:01:37.548359,2026-07-15T10:01:37.562649+00:00,91.2,20,bid,Anish Mukherjee,Kelvin Chan,4626021
2026-07-15T10:01:37.565020,2026-07-15T10:01:37.573622+00:00,91.2,44,bid,CostlyCorianders,Kelvin Chan,4626022
2026-07-15T10:01:37.572475,2026-07-15T10:01:37.584689+00:00,91.2,1,bid,Alex To,Kelvin Chan,4626023
2026-07-15T10:01:37.584878,2026-07-15T10:01:37.595586+00:00,91.2,2,bid,Alex To,Kelvin Chan,4626025
2026-07-15T10:01:37.584878,2026-07-15T10:01:37.595586+00:00,91.2,1,bid,Alan Niu,Kelvin Chan,4626026
2026-07-15T10:01:37.674417,2026-07-15T10:01:37.681708+00:00,91.2,2,bid,Johan Shajee,Kelvin Chan,4626032
2026-07-15T10:01:37.884079,2026-07-15T10:01:37.886968+00:00,91.3,2,bid,Johan Shajee,Akshit Parekh,4626036
2026-07-15T10:01:38.091886,2026-07-15T10:01:38.101633+00:00,91.3,2,bid,Johan Shajee,Akshit Parekh,4626037
2026-07-15T10:01:38.316469,2026-07-15T10:01:38.327695+00:00,91.3,2,bid,Johan Shajee,Roger Xu,4626039
2026-07-15T10:01:38.414612,2026-07-15T10:01:38.420373+00:00,91.2,14,ask,Andre Chan,FlawlessFlatbreads,4626044
2026-07-15T10:01:38.414612,2026-07-15T10:01:38.420373+00:00,91.2,36,ask,Kelvin Chan,FlawlessFlatbreads,4626045
2026-07-15T10:01:38.523849,2026-07-15T10:01:38.529096+00:00,91.3,2,bid,Johan Shajee,Akshit Parekh,4626047
2026-07-15T10:01:39.622874,2026-07-15T10:01:39.636574+00:00,91.2,5,ask,Kelvin Chan,CostlyCorianders,4626069
2026-07-15T10:01:39.622874,2026-07-15T10:01:39.636574+00:00,91.2,6,ask,Akshit Parekh,CostlyCorianders,4626070
2026-07-15T10:01:39.622874,2026-07-15T10:01:39.636574+00:00,91.2,25,ask,Roger Xu,CostlyCorianders,4626071
2026-07-15T10:01:39.622874,2026-07-15T10:01:39.636574+00:00,91.2,8,ask,Zhengnan Hua,CostlyCorianders,4626072
2026-07-15T10:01:40.275139,2026-07-15T10:01:40.282070+00:00,91.2,2,ask,Zhengnan Hua,CostlyCorianders,4626093
2026-07-15T10:01:40.275139,2026-07-15T10:01:40.282070+00:00,91.2,29,ask,Kelvin Chan,CostlyCorianders,4626094
2026-07-15T10:01:40.275139,2026-07-15T10:01:40.282070+00:00,91.2,12,ask,Roger Xu,CostlyCorianders,4626095
2026-07-15T10:01:40.525845,2026-07-15T10:01:40.533471+00:00,91.2,13,ask,Roger Xu,FlawlessFlatbreads,4626100
2026-07-15T10:01:40.525845,2026-07-15T10:01:40.533471+00:00,91.2,10,ask,Andre Chan,FlawlessFlatbreads,4626101
2026-07-15T10:01:40.525845,2026-07-15T10:01:40.533471+00:00,91.1,12,ask,Zhangyue Shen,FlawlessFlatbreads,4626102
2026-07-15T10:01:40.525845,2026-07-15T10:01:40.544426+00:00,91.1,15,ask,DiligentDonuts,FlawlessFlatbreads,4626103
2026-07-15T10:01:41.290805,2026-07-15T10:01:41.298115+00:00,91.2,10,ask,Andre Chan,CostlyCorianders,4626108
2026-07-15T10:01:41.290805,2026-07-15T10:01:41.298115+00:00,91.2,10,ask,Zhengnan Hua,CostlyCorianders,4626109
2026-07-15T10:01:42.349342,2026-07-15T10:01:42.354280+00:00,91.3,37,bid,CostlyCorianders,Kelvin Chan,4626133
2026-07-15T10:01:42.349342,2026-07-15T10:01:42.365127+00:00,91.3,10,bid,CostlyCorianders,Johan Shajee,4626134
2026-07-15T10:01:42.349342,2026-07-15T10:01:42.365127+00:00,91.3,1,bid,CostlyCorianders,Akshit Parekh,4626135
2026-07-15T10:01:42.409645,2026-07-15T10:01:42.419025+00:00,91.3,2,bid,Johan Shajee,Akshit Parekh,4626136
2026-07-15T10:01:42.617012,2026-07-15T10:01:42.622618+00:00,91.3,2,bid,Johan Shajee,Akshit Parekh,4626137
2026-07-15T10:01:42.642514,2026-07-15T10:01:42.655133+00:00,91.2,10,ask,Andre Chan,FlawlessFlatbreads,4626138
2026-07-15T10:01:42.642514,2026-07-15T10:01:42.655133+00:00,91.2,10,ask,Zhengnan Hua,FlawlessFlatbreads,4626139
2026-07-15T10:01:42.642514,2026-07-15T10:01:42.655133+00:00,91.2,30,ask,Kelvin Chan,FlawlessFlatbreads,4626140
2026-07-15T10:01:42.816719,2026-07-15T10:01:42.829868+00:00,91.3,5,bid,Alex To,Akshit Parekh,4626148
2026-07-15T10:01:42.816719,2026-07-15T10:01:42.829868+00:00,91.3,10,bid,Alex To,Zhengnan Hua,4626149
2026-07-15T10:01:42.816719,2026-07-15T10:01:42.829868+00:00,91.3,30,bid,Alex To,Kelvin Chan,4626150
2026-07-15T10:01:42.829471,2026-07-15T10:01:42.840731+00:00,91.3,2,bid,Johan Shajee,Kelvin Chan,4626152
2026-07-15T10:01:42.908670,2026-07-15T10:01:42.916253+00:00,91.3,25,bid,CostlyCorianders,Roger Xu,4626153
2026-07-15T10:01:42.908670,2026-07-15T10:01:42.916253+00:00,91.3,1,bid,CostlyCorianders,Andre Chan,4626154
2026-07-15T10:01:42.908670,2026-07-15T10:01:42.916253+00:00,91.4,14,bid,CostlyCorianders,Roger Xu,4626155
2026-07-15T10:01:43.038433,2026-07-15T10:01:43.044534+00:00,91.4,2,bid,Johan Shajee,Roger Xu,4626157
2026-07-15T10:01:43.246958,2026-07-15T10:01:43.251168+00:00,91.4,2,bid,Johan Shajee,Roger Xu,4626160
2026-07-15T10:01:44.717411,2026-07-15T10:01:44.728072+00:00,91.4,10,bid,FlawlessFlatbreads,Zhengnan Hua,4626186
2026-07-15T10:01:44.717411,2026-07-15T10:01:44.728072+00:00,91.4,30,bid,FlawlessFlatbreads,Kelvin Chan,4626187
2026-07-15T10:01:44.717411,2026-07-15T10:01:44.728072+00:00,91.4,10,bid,FlawlessFlatbreads,Akshit Parekh,4626188
2026-07-15T10:01:45.074169,2026-07-15T10:01:45.080671+00:00,91.4,15,bid,Akshit Parekh,Andre Chan,4626190
2026-07-15T10:01:45.431517,2026-07-15T10:01:45.448493+00:00,91.3,10,ask,Zhengnan Hua,Peter Chen,4626213
2026-07-15T10:01:45.431517,2026-07-15T10:01:45.448493+00:00,91.3,10,ask,Kelvin Chan,Peter Chen,4626214
2026-07-15T10:01:45.431517,2026-07-15T10:01:45.448493+00:00,91.3,5,ask,Akshit Parekh,Peter Chen,4626215
2026-07-15T10:01:45.431517,2026-07-15T10:01:45.448493+00:00,91.3,70,ask,Kelvin Chan,Peter Chen,4626216
2026-07-15T10:01:45.431517,2026-07-15T10:01:45.448493+00:00,91.3,5,ask,Roger Xu,Peter Chen,4626217
2026-07-15T10:01:45.431981,2026-07-15T10:01:45.459422+00:00,91.3,14,ask,Roger Xu,Xuanyu Liu,4626218
2026-07-15T10:01:45.432192,2026-07-15T10:01:45.459422+00:00,91.3,6,ask,Roger Xu,Sze-Yong Ng,4626219
2026-07-15T10:01:45.519620,2026-07-15T10:01:45.531853+00:00,91.3,10,ask,Kelvin Chan,Stanley Wang,4626229
2026-07-15T10:01:45.519620,2026-07-15T10:01:45.531853+00:00,91.2,20,ask,Scott Bagby,Stanley Wang,4626230
2026-07-15T10:01:45.519959,2026-07-15T10:01:45.531853+00:00,91.2,2,ask,DiligentDonuts,Johan Shajee,4626231
2026-07-15T10:01:45.563854,2026-07-15T10:01:45.575788+00:00,91.2,35,ask,DiligentDonuts,Peter Chen,4626235
2026-07-15T10:01:45.581869,2026-07-15T10:01:45.586850+00:00,91.2,50,ask,DiligentDonuts,Andy Garg,4626236
2026-07-15T10:01:45.630250,2026-07-15T10:01:45.633436+00:00,91.2,13,ask,DiligentDonuts,Alex To,4626239
2026-07-15T10:01:45.630250,2026-07-15T10:01:45.644400+00:00,91.2,15,ask,Roger Xu,Alex To,4626240
2026-07-15T10:01:45.655761,2026-07-15T10:01:45.666204+00:00,91.2,2,ask,Roger Xu,Alex To,4626242
2026-07-15T10:01:45.727807,2026-07-15T10:01:45.730642+00:00,91.2,32,ask,Roger Xu,Sze-Yong Ng,4626244
2026-07-15T10:01:45.734023,2026-07-15T10:01:45.741605+00:00,91.2,2,ask,Roger Xu,Johan Shajee,4626245
2026-07-15T10:01:45.775016,2026-07-15T10:01:45.785173+00:00,91.2,2,ask,Roger Xu,Alex To,4626248
2026-07-15T10:01:45.922789,2026-07-15T10:01:45.936944+00:00,91.2,2,ask,Roger Xu,Alex To,4626249
2026-07-15T10:01:45.944964,2026-07-15T10:01:45.947625+00:00,91.2,2,ask,Roger Xu,Johan Shajee,4626250
2026-07-15T10:01:46.040839,2026-07-15T10:01:46.043385+00:00,91.2,2,ask,Zhengnan Hua,Alex To,4626251
2026-07-15T10:01:46.066565,2026-07-15T10:01:46.071870+00:00,91.3,11,bid,Xuanyu Liu,Zhangyue Shen,4626252
2026-07-15T10:01:46.178214,2026-07-15T10:01:46.189289+00:00,91.2,1,ask,Zhengnan Hua,Alex To,4626258
2026-07-15T10:01:46.178214,2026-07-15T10:01:46.189289+00:00,91.2,1,ask,Roger Xu,Alex To,4626259
2026-07-15T10:01:46.295948,2026-07-15T10:01:46.306336+00:00,91.2,2,ask,Roger Xu,Alex To,4626260
2026-07-15T10:01:46.412249,2026-07-15T10:01:46.423015+00:00,91.2,2,ask,Zhengnan Hua,Alex To,4626263
2026-07-15T10:01:46.531205,2026-07-15T10:01:46.540331+00:00,91.2,2,ask,Zhengnan Hua,Alex To,4626264
2026-07-15T10:01:46.594241,2026-07-15T10:01:46.604029+00:00,91.2,3,ask,Zhengnan Hua,CostlyCorianders,4626267
2026-07-15T10:01:46.594241,2026-07-15T10:01:46.604029+00:00,91.2,25,ask,Roger Xu,CostlyCorianders,4626268
2026-07-15T10:01:46.594241,2026-07-15T10:01:46.604029+00:00,91.2,6,ask,Johan Shajee,CostlyCorianders,4626269
2026-07-15T10:01:46.594241,2026-07-15T10:01:46.604029+00:00,91.1,12,ask,EarnestEspressos,CostlyCorianders,4626270
2026-07-15T10:01:46.836132,2026-07-15T10:01:46.849345+00:00,91.3,10,bid,FlawlessFlatbreads,Kelvin Chan,4626282
2026-07-15T10:01:46.836132,2026-07-15T10:01:46.849345+00:00,91.3,25,bid,FlawlessFlatbreads,Roger Xu,4626283
2026-07-15T10:01:46.836132,2026-07-15T10:01:46.849345+00:00,91.3,11,bid,FlawlessFlatbreads,Kelvin Chan,4626284
2026-07-15T10:01:46.836132,2026-07-15T10:01:46.849345+00:00,91.4,4,bid,FlawlessFlatbreads,Roger Xu,4626285
2026-07-15T10:01:47.542970,2026-07-15T10:01:47.547979+00:00,91.3,3,bid,Xuanyu Liu,Zhengnan Hua,4626298
2026-07-15T10:01:47.751103,2026-07-15T10:01:47.761805+00:00,91.3,7,bid,Stanley Wang,Zhengnan Hua,4626301
2026-07-15T10:01:47.751103,2026-07-15T10:01:47.761805+00:00,91.3,23,bid,Stanley Wang,Kelvin Chan,4626302
2026-07-15T10:01:48.116279,2026-07-15T10:01:48.124508+00:00,91.2,2,ask,Roger Xu,Johan Shajee,4626310
2026-07-15T10:01:48.326248,2026-07-15T10:01:48.339315+00:00,91.2,1,ask,Kelvin Chan,Johan Shajee,4626315
2026-07-15T10:01:48.326248,2026-07-15T10:01:48.339315+00:00,91.2,1,ask,Zhengnan Hua,Johan Shajee,4626316
2026-07-15T10:01:48.541339,2026-07-15T10:01:48.551933+00:00,91.2,2,ask,Zhengnan Hua,Johan Shajee,4626317
2026-07-15T10:01:48.769985,2026-07-15T10:01:48.775238+00:00,91.2,2,ask,Zhengnan Hua,Johan Shajee,4626319
2026-07-15T10:01:48.932064,2026-07-15T10:01:48.937687+00:00,91.3,41,bid,CostlyCorianders,Kelvin Chan,4626323
2026-07-15T10:01:48.979622,2026-07-15T10:01:48.991438+00:00,91.3,4,bid,FlawlessFlatbreads,Kelvin Chan,4626325
2026-07-15T10:01:48.979622,2026-07-15T10:01:48.991438+00:00,91.3,46,bid,FlawlessFlatbreads,DiligentDonuts,4626326
2026-07-15T10:01:48.998325,2026-07-15T10:01:49.002271+00:00,91.2,2,ask,Zhengnan Hua,Johan Shajee,4626328
2026-07-15T10:01:49.208109,2026-07-15T10:01:49.213631+00:00,91.2,2,ask,Roger Xu,Johan Shajee,4626332
2026-07-15T10:01:51.059358,2026-07-15T10:01:51.063108+00:00,91.2,6,ask,Kelvin Chan,CostlyCorianders,4626362
2026-07-15T10:01:51.059358,2026-07-15T10:01:51.073699+00:00,91.2,10,ask,Johan Shajee,CostlyCorianders,4626363
2026-07-15T10:01:51.059358,2026-07-15T10:01:51.073699+00:00,91.2,10,ask,Zhengnan Hua,CostlyCorianders,4626364
2026-07-15T10:01:51.059358,2026-07-15T10:01:51.073699+00:00,91.2,10,ask,Johan Shajee,CostlyCorianders,4626365
2026-07-15T10:01:51.059358,2026-07-15T10:01:51.073699+00:00,91.2,11,ask,Roger Xu,CostlyCorianders,4626366
2026-07-15T10:01:51.123741,2026-07-15T10:01:51.126427+00:00,91.2,2,ask,Roger Xu,Johan Shajee,4626367
2026-07-15T10:01:51.146313,2026-07-15T10:01:51.158293+00:00,91.2,12,ask,Roger Xu,FlawlessFlatbreads,4626368
2026-07-15T10:01:51.146313,2026-07-15T10:01:51.158293+00:00,91.2,17,ask,Kelvin Chan,FlawlessFlatbreads,4626369
2026-07-15T10:01:51.146313,2026-07-15T10:01:51.158293+00:00,91.1,21,ask,Andy Garg,FlawlessFlatbreads,4626370
2026-07-15T10:01:51.704956,2026-07-15T10:01:51.709308+00:00,91.2,47,bid,CostlyCorianders,Andre Chan,4626388
2026-07-15T10:01:52.095918,2026-07-15T10:01:52.106868+00:00,91.1,4,ask,Scott Bagby,Alex To,4626403
2026-07-15T10:01:52.100039,2026-07-15T10:01:52.106868+00:00,91.1,6,ask,Scott Bagby,Andy Garg,4626404
2026-07-15T10:01:52.100039,2026-07-15T10:01:52.106868+00:00,91.1,12,ask,Zhangyue Shen,Andy Garg,4626405
2026-07-15T10:01:52.100039,2026-07-15T10:01:52.106868+00:00,91.1,32,ask,Kelvin Chan,Andy Garg,4626406
2026-07-15T10:01:52.213390,2026-07-15T10:01:52.226254+00:00,91.1,2,ask,Zhengnan Hua,Johan Shajee,4626413
2026-07-15T10:01:52.421236,2026-07-15T10:01:52.431269+00:00,91.1,2,ask,Zhengnan Hua,Johan Shajee,4626419
2026-07-15T10:01:52.633171,2026-07-15T10:01:52.639826+00:00,91.1,2,ask,Roger Xu,Johan Shajee,4626421
2026-07-15T10:01:52.852843,2026-07-15T10:01:52.864760+00:00,91.1,2,ask,Zhengnan Hua,Johan Shajee,4626424
2026-07-15T10:01:53.104316,2026-07-15T10:01:53.110292+00:00,91.1,2,ask,Roger Xu,Johan Shajee,4626426
2026-07-15T10:01:53.266155,2026-07-15T10:01:53.272287+00:00,91.1,21,ask,Roger Xu,FlawlessFlatbreads,4626429
2026-07-15T10:01:53.266155,2026-07-15T10:01:53.272287+00:00,91.1,10,ask,Zhengnan Hua,FlawlessFlatbreads,4626430
2026-07-15T10:01:53.266155,2026-07-15T10:01:53.283036+00:00,91.1,2,ask,Kelvin Chan,FlawlessFlatbreads,4626431
2026-07-15T10:01:53.266155,2026-07-15T10:01:53.283036+00:00,91.0,10,ask,Scott Bagby,FlawlessFlatbreads,4626432
2026-07-15T10:01:53.266155,2026-07-15T10:01:53.283036+00:00,91.0,7,ask,Roger Xu,FlawlessFlatbreads,4626433
2026-07-15T10:01:53.530606,2026-07-15T10:01:53.538298+00:00,91.0,2,ask,Roger Xu,Andy Garg,4626443
2026-07-15T10:01:55.331736,2026-07-15T10:01:55.336755+00:00,91.2,34,bid,FlawlessFlatbreads,Kelvin Chan,4626489
2026-07-15T10:01:55.331736,2026-07-15T10:01:55.336755+00:00,91.2,16,bid,FlawlessFlatbreads,Roger Xu,4626490
2026-07-15T10:01:55.391285,2026-07-15T10:01:55.401308+00:00,91.2,9,bid,Andy Garg,Roger Xu,4626492
2026-07-15T10:01:57.503313,2026-07-15T10:01:57.511534+00:00,91.2,50,ask,Andre Chan,FlawlessFlatbreads,4626520
2026-07-15T10:01:59.610991,2026-07-15T10:01:59.613910+00:00,91.2,4,ask,Johan Shajee,FlawlessFlatbreads,4626552
2026-07-15T10:01:59.610991,2026-07-15T10:01:59.624560+00:00,91.2,4,ask,Johan Shajee,FlawlessFlatbreads,4626553
2026-07-15T10:01:59.610991,2026-07-15T10:01:59.624560+00:00,91.2,4,ask,Johan Shajee,FlawlessFlatbreads,4626554
2026-07-15T10:01:59.610991,2026-07-15T10:01:59.624560+00:00,91.2,25,ask,Roger Xu,FlawlessFlatbreads,4626555
2026-07-15T10:01:59.610991,2026-07-15T10:01:59.624560+00:00,91.1,4,ask,Johan Shajee,FlawlessFlatbreads,4626556
2026-07-15T10:01:59.610991,2026-07-15T10:01:59.624560+00:00,91.1,9,ask,Zhangyue Shen,FlawlessFlatbreads,4626557
2026-07-15T10:02:00.008875,2026-07-15T10:02:00.015963+00:00,91.2,2,ask,Andy Garg,Johan Shajee,4626569
2026-07-15T10:02:00.138783,2026-07-15T10:02:00.142989+00:00,91.2,12,ask,Kelvin Chan,Zhangyue Shen,4626573
2026-07-15T10:02:04.448881,2026-07-15T10:02:04.458335+00:00,91.1,40,ask,Kelvin Chan,CostlyCorianders,4626646
2026-07-15T10:02:04.448881,2026-07-15T10:02:04.458335+00:00,91.1,2,ask,Zhangyue Shen,CostlyCorianders,4626647
2026-07-15T10:02:05.240193,2026-07-15T10:02:05.245915+00:00,91.2,34,bid,Sze-Yong Ng,Kelvin Chan,4626659
2026-07-15T10:02:05.240193,2026-07-15T10:02:05.245915+00:00,91.2,3,bid,Sze-Yong Ng,Andre Chan,4626660
2026-07-15T10:02:05.240193,2026-07-15T10:02:05.256907+00:00,91.2,1,bid,Sze-Yong Ng,Johan Shajee,4626661
2026-07-15T10:02:05.260027,2026-07-15T10:02:05.267986+00:00,91.2,9,bid,Peter Chen,Johan Shajee,4626662
2026-07-15T10:02:05.260027,2026-07-15T10:02:05.267986+00:00,91.2,12,bid,Peter Chen,Zhangyue Shen,4626663
2026-07-15T10:02:05.260027,2026-07-15T10:02:05.279127+00:00,91.2,40,bid,Peter Chen,Kelvin Chan,4626664
2026-07-15T10:02:05.260027,2026-07-15T10:02:05.279127+00:00,91.2,10,bid,Peter Chen,Zhengnan Hua,4626665
2026-07-15T10:02:05.260027,2026-07-15T10:02:05.279127+00:00,91.2,25,bid,Peter Chen,Roger Xu,4626666
2026-07-15T10:02:05.428441,2026-07-15T10:02:05.444089+00:00,91.3,50,bid,Andy Garg,DiligentDonuts,4626676
2026-07-15T10:02:05.444934,2026-07-15T10:02:05.455189+00:00,91.3,2,bid,Johan Shajee,DiligentDonuts,4626677
2026-07-15T10:02:05.697230,2026-07-15T10:02:05.703787+00:00,91.3,2,bid,Johan Shajee,DiligentDonuts,4626686
2026-07-15T10:02:05.920038,2026-07-15T10:02:05.928022+00:00,91.3,2,bid,Johan Shajee,DiligentDonuts,4626692
2026-07-15T10:02:05.973889,2026-07-15T10:02:05.980860+00:00,91.2,10,ask,Andre Chan,FlawlessFlatbreads,4626695
2026-07-15T10:02:05.973889,2026-07-15T10:02:05.980860+00:00,91.1,12,ask,Zhangyue Shen,FlawlessFlatbreads,4626696
2026-07-15T10:02:05.973889,2026-07-15T10:02:05.980860+00:00,91.1,10,ask,Andre Chan,FlawlessFlatbreads,4626697
2026-07-15T10:02:05.973889,2026-07-15T10:02:05.991427+00:00,91.1,18,ask,Andy Garg,FlawlessFlatbreads,4626698
2026-07-15T10:02:06.031499,2026-07-15T10:02:06.044160+00:00,91.2,1,bid,Alan Niu,Andre Chan,4626700
2026-07-15T10:02:06.060400,2026-07-15T10:02:06.065420+00:00,91.2,4,bid,Peter Chen,Andre Chan,4626702
2026-07-15T10:02:06.127782,2026-07-15T10:02:06.139988+00:00,91.3,2,bid,Johan Shajee,DiligentDonuts,4626705
2026-07-15T10:02:06.335078,2026-07-15T10:02:06.340996+00:00,91.3,2,bid,Johan Shajee,DiligentDonuts,4626713
2026-07-15T10:02:06.564451,2026-07-15T10:02:06.573223+00:00,91.3,40,bid,CostlyCorianders,DiligentDonuts,4626720
2026-07-15T10:02:06.564451,2026-07-15T10:02:06.573223+00:00,91.3,1,bid,CostlyCorianders,Scott Bagby,4626721
2026-07-15T10:02:06.685054,2026-07-15T10:02:06.691400+00:00,91.2,38,ask,DiligentDonuts,Sze-Yong Ng,4626724
2026-07-15T10:02:06.787214,2026-07-15T10:02:06.799022+00:00,91.2,2,ask,DiligentDonuts,Johan Shajee,4626729
2026-07-15T10:02:06.994608,2026-07-15T10:02:07.004716+00:00,91.2,2,ask,DiligentDonuts,Johan Shajee,4626734
2026-07-15T10:02:07.203151,2026-07-15T10:02:07.213345+00:00,91.2,2,ask,DiligentDonuts,Johan Shajee,4626735
2026-07-15T10:02:07.412583,2026-07-15T10:02:07.422450+00:00,91.2,2,ask,DiligentDonuts,Johan Shajee,4626738
2026-07-15T10:02:07.620482,2026-07-15T10:02:07.629474+00:00,91.2,2,ask,DiligentDonuts,Johan Shajee,4626744
2026-07-15T10:02:07.844946,2026-07-15T10:02:07.856584+00:00,91.2,20,ask,DiligentDonuts,Johan Shajee,4626745
2026-07-15T10:02:08.093880,2026-07-15T10:02:08.106619+00:00,91.2,32,ask,DiligentDonuts,FlawlessFlatbreads,4626752
2026-07-15T10:02:08.093880,2026-07-15T10:02:08.106619+00:00,91.2,18,ask,Kelvin Chan,FlawlessFlatbreads,4626753
2026-07-15T10:02:08.628486,2026-07-15T10:02:08.637039+00:00,91.2,19,ask,Kelvin Chan,CostlyCorianders,4626755
2026-07-15T10:02:08.628486,2026-07-15T10:02:08.637039+00:00,91.2,10,ask,Scott Bagby,CostlyCorianders,4626756
2026-07-15T10:02:08.628486,2026-07-15T10:02:08.637039+00:00,91.2,20,ask,Roger Xu,CostlyCorianders,4626757
2026-07-15T10:02:09.132139,2026-07-15T10:02:09.144184+00:00,91.2,26,ask,Kelvin Chan,CostlyCorianders,4626761
2026-07-15T10:02:09.132139,2026-07-15T10:02:09.144184+00:00,91.2,10,ask,Zhengnan Hua,CostlyCorianders,4626762
2026-07-15T10:02:09.132139,2026-07-15T10:02:09.144184+00:00,91.2,7,ask,Roger Xu,CostlyCorianders,4626763
2026-07-15T10:02:10.225068,2026-07-15T10:02:10.228699+00:00,91.0,12,ask,Zhangyue Shen,FlawlessFlatbreads,4626782
2026-07-15T10:02:10.225068,2026-07-15T10:02:10.239368+00:00,91.0,38,ask,Andy Garg,FlawlessFlatbreads,4626783
2026-07-15T10:02:10.787431,2026-07-15T10:02:10.799097+00:00,91.1,15,bid,Peter Chen,Andre Chan,4626807
2026-07-15T10:02:10.858643,2026-07-15T10:02:10.863133+00:00,91.2,2,bid,Alex To,Zhengnan Hua,4626810
2026-07-15T10:02:10.978070,2026-07-15T10:02:10.990726+00:00,91.2,2,bid,Alex To,Zhengnan Hua,4626817
2026-07-15T10:02:11.095849,2026-07-15T10:02:11.106722+00:00,91.2,2,bid,Johan Shajee,Roger Xu,4626818
2026-07-15T10:02:11.163728,2026-07-15T10:02:11.171341+00:00,91.2,1,bid,Alan Niu,Roger Xu,4626820
2026-07-15T10:02:11.168509,2026-07-15T10:02:11.171341+00:00,91.2,7,bid,Sze-Yong Ng,Johan Shajee,4626821
2026-07-15T10:02:11.168509,2026-07-15T10:02:11.181963+00:00,91.2,31,bid,Sze-Yong Ng,Kelvin Chan,4626822
2026-07-15T10:02:11.198510,2026-07-15T10:02:11.203268+00:00,91.2,20,bid,Peter Chen,Kelvin Chan,4626825
2026-07-15T10:02:11.207873,2026-07-15T10:02:11.213915+00:00,91.2,5,bid,Alex To,Kelvin Chan,4626827
2026-07-15T10:02:11.207873,2026-07-15T10:02:11.213915+00:00,91.2,2,bid,Alex To,Roger Xu,4626828
2026-07-15T10:02:11.235986,2026-07-15T10:02:11.245975+00:00,91.2,2,bid,Alex To,Roger Xu,4626830
2026-07-15T10:02:11.363947,2026-07-15T10:02:11.373835+00:00,91.2,2,bid,Alex To,Johan Shajee,4626831
2026-07-15T10:02:11.383248,2026-07-15T10:02:11.395450+00:00,91.2,2,bid,Alex To,Roger Xu,4626832
2026-07-15T10:02:11.413759,2026-07-15T10:02:11.416611+00:00,91.2,1,bid,Alan Niu,Johan Shajee,4626833
2026-07-15T10:02:11.469292,2026-07-15T10:02:11.480178+00:00,91.2,16,bid,Alex To,Roger Xu,4626835
2026-07-15T10:02:11.469292,2026-07-15T10:02:11.480178+00:00,91.2,10,bid,Alex To,Zhengnan Hua,4626836
2026-07-15T10:02:11.494761,2026-07-15T10:02:11.501327+00:00,91.3,2,bid,Alex To,DiligentDonuts,4626838
2026-07-15T10:02:11.590361,2026-07-15T10:02:11.596554+00:00,91.3,2,bid,Alex To,DiligentDonuts,4626839
2026-07-15T10:02:11.609451,2026-07-15T10:02:11.617688+00:00,91.3,2,bid,Johan Shajee,DiligentDonuts,4626840
2026-07-15T10:02:11.724622,2026-07-15T10:02:11.733558+00:00,91.3,1,bid,Alex To,DiligentDonuts,4626844
2026-07-15T10:02:11.809409,2026-07-15T10:02:11.817776+00:00,91.3,6,bid,Johan Shajee,DiligentDonuts,4626846
2026-07-15T10:02:12.285162,2026-07-15T10:02:12.287833+00:00,91.3,50,bid,FlawlessFlatbreads,DiligentDonuts,4626854
2026-07-15T10:02:12.595273,2026-07-15T10:02:12.604791+00:00,91.3,37,bid,CostlyCorianders,DiligentDonuts,4626859
2026-07-15T10:02:12.595273,2026-07-15T10:02:12.604791+00:00,91.3,7,bid,CostlyCorianders,Kelvin Chan,4626860
2026-07-15T10:02:12.595273,2026-07-15T10:02:12.604791+00:00,91.3,1,bid,CostlyCorianders,Roger Xu,4626861
2026-07-15T10:02:13.245469,2026-07-15T10:02:13.249787+00:00,91.2,10,ask,Andre Chan,CostlyCorianders,4626871
2026-07-15T10:02:13.245469,2026-07-15T10:02:13.249787+00:00,91.2,10,ask,Zhengnan Hua,CostlyCorianders,4626872
2026-07-15T10:02:13.245469,2026-07-15T10:02:13.260331+00:00,91.2,9,ask,Kelvin Chan,CostlyCorianders,4626873
2026-07-15T10:02:13.245469,2026-07-15T10:02:13.260331+00:00,91.2,17,ask,Roger Xu,CostlyCorianders,4626874
2026-07-15T10:02:14.466075,2026-07-15T10:02:14.473133+00:00,91.2,6,ask,Johan Shajee,FlawlessFlatbreads,4626890
2026-07-15T10:02:14.466075,2026-07-15T10:02:14.473133+00:00,91.2,44,ask,DiligentDonuts,FlawlessFlatbreads,4626891
2026-07-15T10:02:14.581879,2026-07-15T10:02:14.591730+00:00,91.3,5,bid,Andy Garg,Kelvin Chan,4626905
2026-07-15T10:02:14.594253,2026-07-15T10:02:14.602443+00:00,91.3,4,bid,Sze-Yong Ng,Kelvin Chan,4626906
2026-07-15T10:02:14.594253,2026-07-15T10:02:14.602443+00:00,91.3,19,bid,Anish Mukherjee,Andre Chan,4626907
2026-07-15T10:02:14.628305,2026-07-15T10:02:14.634416+00:00,91.3,19,bid,Sze-Yong Ng,Andre Chan,4626909
2026-07-15T10:02:14.628305,2026-07-15T10:02:14.634416+00:00,91.3,6,bid,Eric Deng,Zhangyue Shen,4626910
2026-07-15T10:02:14.645648,2026-07-15T10:02:14.655704+00:00,91.3,6,bid,Anish Mukherjee,Zhangyue Shen,4626911
2026-07-15T10:02:14.645648,2026-07-15T10:02:14.655704+00:00,91.3,10,bid,Eric Deng,Zhengnan Hua,4626912
2026-07-15T10:02:14.645648,2026-07-15T10:02:14.655704+00:00,91.3,25,bid,Eric Deng,Roger Xu,4626913
2026-07-15T10:02:14.645648,2026-07-15T10:02:14.655704+00:00,91.3,1,bid,Eric Deng,Johan Shajee,4626914
2026-07-15T10:02:14.666465,2026-07-15T10:02:14.677376+00:00,91.3,9,bid,Alex To,Johan Shajee,4626916
2026-07-15T10:02:14.701971,2026-07-15T10:02:14.709835+00:00,91.4,2,bid,Alex To,Scott Bagby,4626920
2026-07-15T10:02:14.713085,2026-07-15T10:02:14.720666+00:00,91.4,2,bid,Johan Shajee,Zhengnan Hua,4626921
2026-07-15T10:02:14.818114,2026-07-15T10:02:14.829076+00:00,91.4,2,bid,Alex To,Roger Xu,4626929
2026-07-15T10:02:14.827738,2026-07-15T10:02:14.839902+00:00,91.4,5,bid,Andy Garg,Scott Bagby,4626930
2026-07-15T10:02:14.897910,2026-07-15T10:02:14.904988+00:00,91.4,13,bid,Zhengnan Hua,Scott Bagby,4626934
2026-07-15T10:02:14.897910,2026-07-15T10:02:14.904988+00:00,91.4,10,bid,Zhengnan Hua,Kelvin Chan,4626935
2026-07-15T10:02:14.897910,2026-07-15T10:02:14.915822+00:00,91.5,2,bid,Zhengnan Hua,EarnestEspressos,4626936
2026-07-15T10:02:14.922477,2026-07-15T10:02:14.926713+00:00,91.4,2,bid,Johan Shajee,Roger Xu,4626937
2026-07-15T10:02:14.937506,2026-07-15T10:02:14.948447+00:00,91.4,2,bid,Alex To,Zhengnan Hua,4626938
2026-07-15T10:02:15.057101,2026-07-15T10:02:15.066476+00:00,91.4,2,bid,Alex To,Andy Garg,4626943
2026-07-15T10:02:15.159339,2026-07-15T10:02:15.161643+00:00,91.4,2,bid,Alex To,Zhengnan Hua,4626945
2026-07-15T10:02:15.172443,2026-07-15T10:02:15.182844+00:00,91.4,2,bid,Johan Shajee,Zhengnan Hua,4626946
2026-07-15T10:02:15.287264,2026-07-15T10:02:15.298913+00:00,91.5,2,bid,Alex To,EarnestEspressos,4626947
2026-07-15T10:02:15.403142,2026-07-15T10:02:15.414758+00:00,91.5,2,bid,Alex To,EarnestEspressos,4626948
2026-07-15T10:02:15.509959,2026-07-15T10:02:15.520143+00:00,91.3,14,ask,Andre Chan,Alex To,4626953
2026-07-15T10:02:15.509959,2026-07-15T10:02:15.520143+00:00,91.3,5,ask,Zhangyue Shen,Alex To,4626954
2026-07-15T10:02:15.643949,2026-07-15T10:02:15.647206+00:00,91.4,2,bid,Alex To,Zhengnan Hua,4626957
2026-07-15T10:02:15.751119,2026-07-15T10:02:15.763405+00:00,91.3,2,ask,Zhangyue Shen,Alex To,4626958
2026-07-15T10:02:15.773245,2026-07-15T10:02:15.784504+00:00,91.4,2,bid,Alex To,Kelvin Chan,4626961
2026-07-15T10:02:15.879242,2026-07-15T10:02:15.889903+00:00,91.3,2,ask,Zhangyue Shen,Alex To,4626966
2026-07-15T10:02:15.888467,2026-07-15T10:02:15.900532+00:00,91.3,3,ask,Zhangyue Shen,Andy Garg,4626968
2026-07-15T10:02:15.888467,2026-07-15T10:02:15.900532+00:00,91.3,47,ask,Kelvin Chan,Andy Garg,4626969
2026-07-15T10:02:15.902514,2026-07-15T10:02:15.911163+00:00,91.4,2,bid,Alex To,Andre Chan,4626970
2026-07-15T10:02:16.007439,2026-07-15T10:02:16.017713+00:00,91.3,2,ask,Kelvin Chan,Alex To,4626974
2026-07-15T10:02:16.031607,2026-07-15T10:02:16.039341+00:00,91.4,2,bid,Alex To,Roger Xu,4626978
2026-07-15T10:02:16.138604,2026-07-15T10:02:16.148361+00:00,91.3,2,ask,Kelvin Chan,Alex To,4626982
2026-07-15T10:02:16.144051,2026-07-15T10:02:16.148361+00:00,91.3,15,ask,Kelvin Chan,Zhengnan Hua,4626983
2026-07-15T10:02:16.174114,2026-07-15T10:02:16.181731+00:00,91.4,2,bid,Alex To,Roger Xu,4626985
2026-07-15T10:02:16.279593,2026-07-15T10:02:16.289842+00:00,91.3,2,ask,Kelvin Chan,Alex To,4626987
2026-07-15T10:02:16.300262,2026-07-15T10:02:16.311398+00:00,91.4,2,bid,Alex To,Roger Xu,4626989
2026-07-15T10:02:16.314165,2026-07-15T10:02:16.322103+00:00,91.3,12,ask,Kelvin Chan,Eric Deng,4626991
2026-07-15T10:02:16.314165,2026-07-15T10:02:16.322103+00:00,91.3,2,ask,Roger Xu,Alex To,4626992
2026-07-15T10:02:16.465497,2026-07-15T10:02:16.469880+00:00,91.3,2,ask,Roger Xu,Eric Deng,4626993
2026-07-15T10:02:16.491233,2026-07-15T10:02:16.501456+00:00,91.4,2,bid,Alex To,Roger Xu,4626995
2026-07-15T10:02:16.525888,2026-07-15T10:02:16.532996+00:00,91.4,17,bid,FlawlessFlatbreads,Roger Xu,4626996
2026-07-15T10:02:16.525888,2026-07-15T10:02:16.532996+00:00,91.4,4,bid,FlawlessFlatbreads,Kelvin Chan,4626997
2026-07-15T10:02:16.525888,2026-07-15T10:02:16.543498+00:00,91.4,10,bid,FlawlessFlatbreads,Johan Shajee,4626998
2026-07-15T10:02:16.525888,2026-07-15T10:02:16.543498+00:00,91.4,11,bid,FlawlessFlatbreads,Zhangyue Shen,4626999
2026-07-15T10:02:16.525888,2026-07-15T10:02:16.543498+00:00,91.4,8,bid,FlawlessFlatbreads,Zhengnan Hua,4627000
2026-07-15T10:02:16.607433,2026-07-15T10:02:16.617891+00:00,91.4,2,bid,Johan Shajee,Kelvin Chan,4627004
2026-07-15T10:02:16.723737,2026-07-15T10:02:16.735484+00:00,91.4,2,bid,Alex To,Zhengnan Hua,4627008
2026-07-15T10:02:16.824901,2026-07-15T10:02:16.830899+00:00,91.4,2,bid,Alex To,Kelvin Chan,4627009
2026-07-15T10:02:16.865229,2026-07-15T10:02:16.873257+00:00,91.4,2,bid,Alex To,Kelvin Chan,4627011
2026-07-15T10:02:16.982159,2026-07-15T10:02:16.987045+00:00,91.4,2,bid,Alex To,Kelvin Chan,4627013
2026-07-15T10:02:17.038682,2026-07-15T10:02:17.051840+00:00,91.4,2,bid,Alex To,Kelvin Chan,4627016
2026-07-15T10:02:17.097051,2026-07-15T10:02:17.106072+00:00,91.4,2,bid,Alex To,Kelvin Chan,4627018
2026-07-15T10:02:17.205645,2026-07-15T10:02:17.210227+00:00,91.3,10,ask,Andre Chan,Alex To,4627023
2026-07-15T10:02:17.205645,2026-07-15T10:02:17.210227+00:00,91.3,2,ask,Kelvin Chan,Alex To,4627024
2026-07-15T10:02:17.241575,2026-07-15T10:02:17.253508+00:00,91.4,2,bid,Johan Shajee,Kelvin Chan,4627026
2026-07-15T10:02:17.368860,2026-07-15T10:02:17.381837+00:00,91.3,1,ask,Roger Xu,Alex To,4627034
2026-07-15T10:02:17.368860,2026-07-15T10:02:17.381837+00:00,91.3,1,ask,Kelvin Chan,Alex To,4627035
2026-07-15T10:02:17.428766,2026-07-15T10:02:17.435592+00:00,91.4,1,bid,Alex To,Kelvin Chan,4627037
2026-07-15T10:02:17.535685,2026-07-15T10:02:17.542869+00:00,91.3,1,ask,Roger Xu,Alex To,4627047
2026-07-15T10:02:18.294438,2026-07-15T10:02:18.303337+00:00,91.4,49,bid,CostlyCorianders,Kelvin Chan,4627055
2026-07-15T10:02:18.543350,2026-07-15T10:02:18.549172+00:00,91.4,4,bid,Johan Shajee,Kelvin Chan,4627059
2026-07-15T10:02:18.658567,2026-07-15T10:02:18.667219+00:00,91.4,2,bid,FlawlessFlatbreads,Kelvin Chan,4627061
2026-07-15T10:02:18.658567,2026-07-15T10:02:18.667219+00:00,91.4,25,bid,FlawlessFlatbreads,Roger Xu,4627062
2026-07-15T10:02:18.658567,2026-07-15T10:02:18.667219+00:00,91.4,12,bid,FlawlessFlatbreads,Kelvin Chan,4627063
2026-07-15T10:02:18.658567,2026-07-15T10:02:18.667219+00:00,91.4,10,bid,FlawlessFlatbreads,Zhengnan Hua,4627064
2026-07-15T10:02:18.658567,2026-07-15T10:02:18.677977+00:00,91.5,1,bid,FlawlessFlatbreads,EarnestEspressos,4627065
2026-07-15T10:02:19.974266,2026-07-15T10:02:19.984448+00:00,91.5,1,bid,Alan Niu,Scott Bagby,4627087
2026-07-15T10:02:19.994155,2026-07-15T10:02:20.006045+00:00,91.5,19,bid,Johan Shajee,Scott Bagby,4627092
2026-07-15T10:02:19.994155,2026-07-15T10:02:20.006045+00:00,91.5,6,bid,Johan Shajee,Roger Xu,4627093
2026-07-15T10:02:20.214817,2026-07-15T10:02:20.222060+00:00,91.5,1,bid,Alan Niu,Roger Xu,4627096
