timestamp,recv_time,price,volume,aggressor_side,buyer,seller,trade_id
2026-07-08T23:00:00.639971,2026-07-08T23:00:00.651727+00:00,141.3,50,bid,FlawlessFlatbreads,DiligentDonuts,12792599
2026-07-08T23:00:00.708107,2026-07-08T23:00:00.699067+00:00,140.9,42,ask,EarnestEspressos,CostlyCorianders,12792602
2026-07-08T23:00:02.743712,2026-07-08T23:00:02.751946+00:00,140.9,100,bid,DiligentDonuts,EarnestEspressos,12792631
2026-07-08T23:00:02.762754,2026-07-08T23:00:02.758563+00:00,140.9,50,bid,FlawlessFlatbreads,EarnestEspressos,12792632
2026-07-08T23:00:03.830652,2026-07-08T23:00:03.839766+00:00,141.7,44,bid,CostlyCorianders,DiligentDonuts,12792647
2026-07-08T23:00:04.884825,2026-07-08T23:00:04.892723+00:00,141.6,50,bid,FlawlessFlatbreads,EarnestEspressos,12792661
2026-07-08T23:00:06.245847,2026-07-08T23:00:06.256403+00:00,141.2,11,ask,DiligentDonuts,Xuanyu Liu,12792683
2026-07-08T23:00:07.449066,2026-07-08T23:00:07.456831+00:00,141.5,3,ask,EarnestEspressos,Xuanyu Liu,12792712
2026-07-08T23:00:07.978654,2026-07-08T23:00:07.994807+00:00,141.5,42,ask,EarnestEspressos,CostlyCorianders,12792717
2026-07-08T23:00:08.526782,2026-07-08T23:00:08.538222+00:00,141.7,48,bid,CostlyCorianders,DiligentDonuts,12792726
2026-07-08T23:00:09.177863,2026-07-08T23:00:09.189813+00:00,141.5,50,ask,EarnestEspressos,FlawlessFlatbreads,12792736
2026-07-08T23:00:11.233987,2026-07-08T23:00:11.245732+00:00,141.6,50,bid,FlawlessFlatbreads,EarnestEspressos,12792774
2026-07-08T23:00:11.701945,2026-07-08T23:00:11.708640+00:00,141.3,44,ask,DiligentDonuts,CostlyCorianders,12792783
2026-07-08T23:00:12.760729,2026-07-08T23:00:12.772720+00:00,141.3,40,ask,DiligentDonuts,CostlyCorianders,12792792
2026-07-08T23:00:13.341893,2026-07-08T23:00:13.358643+00:00,141.6,50,bid,FlawlessFlatbreads,EarnestEspressos,12792799
2026-07-08T23:00:15.499665,2026-07-08T23:00:15.501488+00:00,141.6,50,ask,EarnestEspressos,FlawlessFlatbreads,12792837
2026-07-08T23:00:17.605549,2026-07-08T23:00:17.617238+00:00,141.5,50,ask,EarnestEspressos,FlawlessFlatbreads,12792870
2026-07-08T23:00:18.558768,2026-07-08T23:00:18.567863+00:00,142.0,40,bid,CostlyCorianders,EarnestEspressos,12792885
2026-07-08T23:00:19.712324,2026-07-08T23:00:19.724380+00:00,141.5,50,ask,EarnestEspressos,FlawlessFlatbreads,12792893
2026-07-08T23:00:20.612182,2026-07-08T23:00:20.624074+00:00,141.2,44,ask,DiligentDonuts,CostlyCorianders,12792900
2026-07-08T23:00:21.820150,2026-07-08T23:00:21.829216+00:00,141.1,50,ask,EarnestEspressos,FlawlessFlatbreads,12792916
2026-07-08T23:00:23.944669,2026-07-08T23:00:23.956603+00:00,141.0,50,ask,DiligentDonuts,FlawlessFlatbreads,12792945
2026-07-08T23:00:24.174476,2026-07-08T23:00:24.186269+00:00,141.4,45,bid,CostlyCorianders,EarnestEspressos,12792946
2026-07-08T23:00:25.175368,2026-07-08T23:00:25.185347+00:00,141.3,14,bid,Xuanyu Liu,DiligentDonuts,12792965
2026-07-08T23:00:26.053612,2026-07-08T23:00:26.058598+00:00,140.9,50,ask,EarnestEspressos,FlawlessFlatbreads,12792976
2026-07-08T23:00:26.489142,2026-07-08T23:00:26.498009+00:00,141.3,23,bid,Xuanyu Liu,DiligentDonuts,12792982
2026-07-08T23:00:27.262428,2026-07-08T23:00:27.273933+00:00,141.3,41,bid,CostlyCorianders,DiligentDonuts,12792992
2026-07-08T23:00:27.880164,2026-07-08T23:00:27.891965+00:00,141.0,47,ask,EarnestEspressos,CostlyCorianders,12793008
2026-07-08T23:00:28.165005,2026-07-08T23:00:28.173009+00:00,141.1,50,ask,DiligentDonuts,FlawlessFlatbreads,12793014
2026-07-08T23:00:28.575235,2026-07-08T23:00:28.583568+00:00,141.1,11,ask,DiligentDonuts,Xuanyu Liu,12793017
2026-07-08T23:00:30.272224,2026-07-08T23:00:30.283953+00:00,141.1,39,ask,DiligentDonuts,FlawlessFlatbreads,12793030
2026-07-08T23:00:30.272224,2026-07-08T23:00:30.283953+00:00,140.7,11,ask,EarnestEspressos,FlawlessFlatbreads,12793031
2026-07-08T23:00:31.227011,2026-07-08T23:00:31.235573+00:00,141.2,44,bid,CostlyCorianders,EarnestEspressos,12793048
2026-07-08T23:00:33.834588,2026-07-08T23:00:33.842246+00:00,141.1,41,bid,CostlyCorianders,DiligentDonuts,12793081
2026-07-08T23:00:34.435388,2026-07-08T23:00:34.445855+00:00,141.1,50,bid,FlawlessFlatbreads,EarnestEspressos,12793095
2026-07-08T23:00:35.860636,2026-07-08T23:00:35.872315+00:00,140.7,45,ask,EarnestEspressos,CostlyCorianders,12793110
2026-07-08T23:00:36.396366,2026-07-08T23:00:36.404584+00:00,141.1,43,bid,CostlyCorianders,DiligentDonuts,12793116
2026-07-08T23:00:36.593641,2026-07-08T23:00:36.600996+00:00,140.7,50,ask,EarnestEspressos,FlawlessFlatbreads,12793120
2026-07-08T23:00:38.559328,2026-07-08T23:00:38.566873+00:00,140.7,44,ask,EarnestEspressos,CostlyCorianders,12793146
2026-07-08T23:00:38.649173,2026-07-08T23:00:38.663858+00:00,141.2,50,bid,FlawlessFlatbreads,EarnestEspressos,12793147
2026-07-08T23:00:40.756579,2026-07-08T23:00:40.765849+00:00,140.8,50,bid,FlawlessFlatbreads,EarnestEspressos,12793177
2026-07-08T23:00:41.226281,2026-07-08T23:00:41.238017+00:00,140.8,40,bid,CostlyCorianders,EarnestEspressos,12793185
2026-07-08T23:00:42.863965,2026-07-08T23:00:42.876045+00:00,141.2,50,bid,FlawlessFlatbreads,DiligentDonuts,12793199
2026-07-08T23:00:44.550156,2026-07-08T23:00:44.558611+00:00,140.9,42,ask,DiligentDonuts,CostlyCorianders,12793213
2026-07-08T23:00:44.831022,2026-07-08T23:00:44.839941+00:00,140.9,12,ask,DiligentDonuts,Xuanyu Liu,12793217
2026-07-08T23:00:44.971360,2026-07-08T23:00:44.982968+00:00,141.2,50,bid,FlawlessFlatbreads,EarnestEspressos,12793221
2026-07-08T23:00:47.078553,2026-07-08T23:00:47.089979+00:00,141.3,50,bid,FlawlessFlatbreads,EarnestEspressos,12793245
2026-07-08T23:00:47.480628,2026-07-08T23:00:47.489092+00:00,140.8,11,ask,EarnestEspressos,Xuanyu Liu,12793251
2026-07-08T23:00:49.192832,2026-07-08T23:00:49.200287+00:00,141.1,50,bid,FlawlessFlatbreads,DiligentDonuts,12793291
2026-07-08T23:00:53.417973,2026-07-08T23:00:53.427426+00:00,141.2,50,bid,FlawlessFlatbreads,EarnestEspressos,12793348
2026-07-08T23:00:54.869226,2026-07-08T23:00:54.879908+00:00,140.9,3,ask,EarnestEspressos,Xuanyu Liu,12793369
2026-07-08T23:00:55.524940,2026-07-08T23:00:55.536526+00:00,141.0,50,bid,FlawlessFlatbreads,DiligentDonuts,12793383
2026-07-08T23:00:57.637762,2026-07-08T23:00:57.649812+00:00,141.2,50,bid,FlawlessFlatbreads,DiligentDonuts,12793411
2026-07-08T23:00:58.021057,2026-07-08T23:00:58.027910+00:00,141.2,50,bid,EarnestEspressos,DiligentDonuts,12793424
2026-07-08T23:00:58.534109,2026-07-08T23:00:58.543774+00:00,141.2,43,ask,EarnestEspressos,CostlyCorianders,12793434
2026-07-08T23:00:59.746554,2026-07-08T23:00:59.768228+00:00,141.7,50,bid,FlawlessFlatbreads,EarnestEspressos,12793448
2026-07-08T23:01:01.276919,2026-07-08T23:01:01.286341+00:00,141.4,45,bid,CostlyCorianders,EarnestEspressos,12793476
2026-07-08T23:01:01.815842,2026-07-08T23:01:01.827404+00:00,141.2,44,ask,DiligentDonuts,CostlyCorianders,12793481
2026-07-08T23:01:01.878853,2026-07-08T23:01:01.890377+00:00,141.4,50,bid,FlawlessFlatbreads,EarnestEspressos,12793482
2026-07-08T23:01:01.945160,2026-07-08T23:01:01.954021+00:00,141.2,3,ask,DiligentDonuts,Xuanyu Liu,12793486
2026-07-08T23:01:01.952898,2026-07-08T23:01:01.969320+00:00,141.2,20,ask,DiligentDonuts,Heero Sipayung,12793488
2026-07-08T23:01:02.179500,2026-07-08T23:01:02.191461+00:00,141.2,20,ask,DiligentDonuts,Heero Sipayung,12793490
2026-07-08T23:01:02.412409,2026-07-08T23:01:02.423891+00:00,141.2,13,ask,DiligentDonuts,Heero Sipayung,12793499
2026-07-08T23:01:03.989134,2026-07-08T23:01:04.000821+00:00,141.3,50,bid,FlawlessFlatbreads,DiligentDonuts,12793521
2026-07-08T23:01:04.467329,2026-07-08T23:01:04.479095+00:00,141.2,20,ask,EarnestEspressos,Heero Sipayung,12793529
2026-07-08T23:01:05.894675,2026-07-08T23:01:05.906271+00:00,141.2,20,ask,EarnestEspressos,Heero Sipayung,12793560
2026-07-08T23:01:06.096782,2026-07-08T23:01:06.108256+00:00,141.4,50,bid,FlawlessFlatbreads,DiligentDonuts,12793565
2026-07-08T23:01:06.126510,2026-07-08T23:01:06.134759+00:00,141.2,20,ask,EarnestEspressos,Heero Sipayung,12793566
2026-07-08T23:01:06.570116,2026-07-08T23:01:06.577113+00:00,141.2,20,ask,EarnestEspressos,Heero Sipayung,12793572
2026-07-08T23:01:06.790705,2026-07-08T23:01:06.802535+00:00,141.2,20,ask,EarnestEspressos,Heero Sipayung,12793575
2026-07-08T23:01:07.010509,2026-07-08T23:01:07.022571+00:00,141.2,20,ask,EarnestEspressos,Heero Sipayung,12793578
2026-07-08T23:01:07.492656,2026-07-08T23:01:07.504674+00:00,140.9,42,ask,DiligentDonuts,CostlyCorianders,12793585
2026-07-08T23:01:08.461314,2026-07-08T23:01:08.469949+00:00,141.2,3,bid,Xuanyu Liu,EarnestEspressos,12793598
2026-07-08T23:01:09.167533,2026-07-08T23:01:09.174770+00:00,141.2,46,bid,CostlyCorianders,EarnestEspressos,12793612
2026-07-08T23:01:09.206637,2026-07-08T23:01:09.216499+00:00,141.2,100,bid,DiligentDonuts,EarnestEspressos,12793617
2026-07-08T23:01:10.399583,2026-07-08T23:01:10.407299+00:00,140.7,50,ask,EarnestEspressos,FlawlessFlatbreads,12793633
2026-07-08T23:01:11.715681,2026-07-08T23:01:11.729482+00:00,141.6,44,bid,CostlyCorianders,EarnestEspressos,12793646
2026-07-08T23:01:11.772212,2026-07-08T23:01:11.784104+00:00,141.1,42,ask,EarnestEspressos,CostlyCorianders,12793647
2026-07-08T23:01:12.507058,2026-07-08T23:01:12.519000+00:00,141.1,50,ask,EarnestEspressos,FlawlessFlatbreads,12793663
2026-07-08T23:01:13.942289,2026-07-08T23:01:13.954279+00:00,140.9,42,ask,DiligentDonuts,CostlyCorianders,12793673
2026-07-08T23:01:14.645017,2026-07-08T23:01:14.654280+00:00,140.9,50,ask,DiligentDonuts,FlawlessFlatbreads,12793683
2026-07-08T23:01:15.586737,2026-07-08T23:01:15.598260+00:00,140.9,100,ask,EarnestEspressos,DiligentDonuts,12793690
2026-07-08T23:01:16.106331,2026-07-08T23:01:16.117846+00:00,141.3,41,bid,CostlyCorianders,EarnestEspressos,12793698
2026-07-08T23:01:19.112949,2026-07-08T23:01:19.123226+00:00,141.2,20,bid,Heero Sipayung,EarnestEspressos,12793742
2026-07-08T23:01:19.333327,2026-07-08T23:01:19.340487+00:00,141.2,20,bid,Heero Sipayung,EarnestEspressos,12793746
2026-07-08T23:01:19.556651,2026-07-08T23:01:19.558563+00:00,141.2,20,bid,Heero Sipayung,EarnestEspressos,12793754
2026-07-08T23:01:19.776885,2026-07-08T23:01:19.783641+00:00,141.2,20,bid,Heero Sipayung,EarnestEspressos,12793759
2026-07-08T23:01:20.000663,2026-07-08T23:01:20.012480+00:00,141.2,20,bid,Heero Sipayung,EarnestEspressos,12793762
2026-07-08T23:01:20.184834,2026-07-08T23:01:20.196624+00:00,141.3,100,bid,EarnestEspressos,DiligentDonuts,12793764
2026-07-08T23:01:22.463695,2026-07-08T23:01:22.473908+00:00,141.4,3,ask,EarnestEspressos,Xuanyu Liu,12793799
2026-07-08T23:01:22.521480,2026-07-08T23:01:22.530812+00:00,141.4,11,ask,EarnestEspressos,Xuanyu Liu,12793805
2026-07-08T23:01:22.627052,2026-07-08T23:01:22.637938+00:00,141.4,20,ask,EarnestEspressos,Heero Sipayung,12793808
2026-07-08T23:01:22.849183,2026-07-08T23:01:22.858602+00:00,141.4,16,ask,EarnestEspressos,Heero Sipayung,12793813
2026-07-08T23:01:22.867456,2026-07-08T23:01:22.874690+00:00,141.3,4,ask,DiligentDonuts,Heero Sipayung,12793815
2026-07-08T23:01:23.090569,2026-07-08T23:01:23.103784+00:00,141.3,20,ask,DiligentDonuts,Heero Sipayung,12793819
2026-07-08T23:01:23.320167,2026-07-08T23:01:23.331480+00:00,141.3,20,ask,DiligentDonuts,Heero Sipayung,12793826
2026-07-08T23:01:23.400707,2026-07-08T23:01:23.424086+00:00,141.3,56,ask,DiligentDonuts,EarnestEspressos,12793828
2026-07-08T23:01:23.413500,2026-07-08T23:01:23.424086+00:00,141.0,14,bid,Xuanyu Liu,EarnestEspressos,12793829
2026-07-08T23:01:23.551978,2026-07-08T23:01:23.559704+00:00,141.0,20,bid,Heero Sipayung,EarnestEspressos,12793832
2026-07-08T23:01:23.774339,2026-07-08T23:01:23.786001+00:00,141.0,20,bid,Heero Sipayung,EarnestEspressos,12793837
2026-07-08T23:01:23.994459,2026-07-08T23:01:24.002177+00:00,141.0,20,bid,Heero Sipayung,EarnestEspressos,12793847
2026-07-08T23:01:24.183754,2026-07-08T23:01:24.195903+00:00,141.0,20,bid,CostlyCorianders,EarnestEspressos,12793851
2026-07-08T23:01:25.124413,2026-07-08T23:01:25.135942+00:00,140.9,44,ask,DiligentDonuts,CostlyCorianders,12793864
2026-07-08T23:01:25.200693,2026-07-08T23:01:25.207700+00:00,140.9,50,ask,DiligentDonuts,FlawlessFlatbreads,12793866
2026-07-08T23:01:26.805147,2026-07-08T23:01:26.816857+00:00,141.4,44,bid,CostlyCorianders,DiligentDonuts,12793889
2026-07-08T23:01:27.307314,2026-07-08T23:01:27.323196+00:00,141.0,49,ask,EarnestEspressos,CostlyCorianders,12793899
2026-07-08T23:01:27.319144,2026-07-08T23:01:27.328399+00:00,141.0,50,ask,EarnestEspressos,FlawlessFlatbreads,12793900
2026-07-08T23:01:28.932318,2026-07-08T23:01:28.938003+00:00,141.0,44,ask,EarnestEspressos,CostlyCorianders,12793918
2026-07-08T23:01:29.425468,2026-07-08T23:01:29.437433+00:00,141.0,7,ask,EarnestEspressos,FlawlessFlatbreads,12793926
2026-07-08T23:01:29.425468,2026-07-08T23:01:29.437433+00:00,140.8,43,ask,DiligentDonuts,FlawlessFlatbreads,12793927
2026-07-08T23:01:30.545198,2026-07-08T23:01:30.558570+00:00,141.0,41,bid,CostlyCorianders,EarnestEspressos,12793946
2026-07-08T23:01:31.422616,2026-07-08T23:01:31.434183+00:00,140.5,100,ask,EarnestEspressos,DiligentDonuts,12793962
2026-07-08T23:01:31.552806,2026-07-08T23:01:31.558590+00:00,140.5,50,ask,EarnestEspressos,FlawlessFlatbreads,12793963
2026-07-08T23:01:32.926801,2026-07-08T23:01:32.935927+00:00,140.0,26,bid,Xuanyu Liu,EarnestEspressos,12793989
2026-07-08T23:01:33.063593,2026-07-08T23:01:33.075225+00:00,140.0,20,bid,Heero Sipayung,EarnestEspressos,12793995
2026-07-08T23:01:33.284667,2026-07-08T23:01:33.291546+00:00,140.0,20,bid,Heero Sipayung,EarnestEspressos,12793998
2026-07-08T23:01:33.506681,2026-07-08T23:01:33.514079+00:00,140.0,20,bid,Heero Sipayung,EarnestEspressos,12794003
2026-07-08T23:01:33.659228,2026-07-08T23:01:33.671119+00:00,139.8,50,ask,DiligentDonuts,FlawlessFlatbreads,12794004
2026-07-08T23:01:33.727679,2026-07-08T23:01:33.734249+00:00,140.0,20,bid,Heero Sipayung,EarnestEspressos,12794007
2026-07-08T23:01:33.964372,2026-07-08T23:01:33.979519+00:00,140.0,44,bid,CostlyCorianders,EarnestEspressos,12794009
2026-07-08T23:01:34.985365,2026-07-08T23:01:34.996970+00:00,140.6,42,bid,CostlyCorianders,DiligentDonuts,12794024
2026-07-08T23:01:36.210699,2026-07-08T23:01:36.217438+00:00,140.4,20,bid,Heero Sipayung,EarnestEspressos,12794036
2026-07-08T23:01:36.437361,2026-07-08T23:01:36.444305+00:00,140.4,13,bid,Heero Sipayung,EarnestEspressos,12794041
2026-07-08T23:01:37.323530,2026-07-08T23:01:37.334490+00:00,140.1,12,ask,DiligentDonuts,Xuanyu Liu,12794058
2026-07-08T23:01:37.566996,2026-07-08T23:01:37.578463+00:00,140.1,42,ask,DiligentDonuts,CostlyCorianders,12794065
2026-07-08T23:01:39.650526,2026-07-08T23:01:39.659883+00:00,140.4,41,bid,CostlyCorianders,DiligentDonuts,12794091
2026-07-08T23:01:39.976751,2026-07-08T23:01:39.984952+00:00,140.0,50,ask,EarnestEspressos,FlawlessFlatbreads,12794097
2026-07-08T23:01:42.906693,2026-07-08T23:01:42.918668+00:00,140.2,45,bid,CostlyCorianders,DiligentDonuts,12794129
2026-07-08T23:01:44.191222,2026-07-08T23:01:44.203020+00:00,139.9,50,ask,DiligentDonuts,FlawlessFlatbreads,12794152
2026-07-08T23:01:48.079575,2026-07-08T23:01:48.091738+00:00,140.0,41,ask,DiligentDonuts,CostlyCorianders,12794195
2026-07-08T23:01:48.401334,2026-07-08T23:01:48.410527+00:00,140.0,50,ask,DiligentDonuts,FlawlessFlatbreads,12794201
2026-07-08T23:01:49.142678,2026-07-08T23:01:49.155924+00:00,140.0,9,ask,DiligentDonuts,Xuanyu Liu,12794215
2026-07-08T23:01:50.455994,2026-07-08T23:01:50.463792+00:00,140.0,50,bid,FlawlessFlatbreads,DiligentDonuts,12794241
2026-07-08T23:01:51.966203,2026-07-08T23:01:51.976063+00:00,140.0,41,bid,CostlyCorianders,DiligentDonuts,12794263
2026-07-08T23:01:52.583923,2026-07-08T23:01:52.590402+00:00,139.5,46,ask,DiligentDonuts,CostlyCorianders,12794266
2026-07-08T23:01:54.093063,2026-07-08T23:01:54.104866+00:00,140.0,46,bid,CostlyCorianders,EarnestEspressos,12794293
2026-07-08T23:01:54.664252,2026-07-08T23:01:54.676124+00:00,140.0,50,bid,FlawlessFlatbreads,EarnestEspressos,12794297
2026-07-08T23:01:57.631567,2026-07-08T23:01:57.646775+00:00,139.6,2,ask,EarnestEspressos,Xuanyu Liu,12794341
2026-07-08T23:01:58.888322,2026-07-08T23:01:58.900217+00:00,139.9,50,bid,FlawlessFlatbreads,DiligentDonuts,12794364
2026-07-08T23:01:59.214933,2026-07-08T23:01:59.226843+00:00,139.5,48,ask,EarnestEspressos,CostlyCorianders,12794369
2026-07-08T23:01:59.703582,2026-07-08T23:01:59.715385+00:00,139.9,40,bid,CostlyCorianders,DiligentDonuts,12794374
2026-07-08T23:02:02.653844,2026-07-08T23:02:02.658605+00:00,139.6,42,bid,CostlyCorianders,EarnestEspressos,12794406
2026-07-08T23:02:03.158309,2026-07-08T23:02:03.169951+00:00,139.5,50,ask,DiligentDonuts,FlawlessFlatbreads,12794412
2026-07-08T23:02:05.265840,2026-07-08T23:02:05.275626+00:00,139.5,50,ask,DiligentDonuts,FlawlessFlatbreads,12794438
2026-07-08T23:02:05.605334,2026-07-08T23:02:05.616610+00:00,139.5,40,ask,EarnestEspressos,CostlyCorianders,12794443
2026-07-08T23:02:07.372696,2026-07-08T23:02:07.384153+00:00,139.5,50,ask,EarnestEspressos,FlawlessFlatbreads,12794461
2026-07-08T23:02:08.964916,2026-07-08T23:02:08.973490+00:00,139.5,48,bid,CostlyCorianders,EarnestEspressos,12794481
2026-07-08T23:02:11.063076,2026-07-08T23:02:11.074778+00:00,139.3,49,ask,EarnestEspressos,CostlyCorianders,12794502
2026-07-08T23:02:11.533446,2026-07-08T23:02:11.547289+00:00,139.7,50,bid,FlawlessFlatbreads,DiligentDonuts,12794504
2026-07-08T23:02:11.608994,2026-07-08T23:02:11.618698+00:00,139.7,45,bid,CostlyCorianders,DiligentDonuts,12794510
2026-07-08T23:02:12.759672,2026-07-08T23:02:12.769094+00:00,139.6,3,ask,DiligentDonuts,Xuanyu Liu,12794527
2026-07-08T23:02:13.670571,2026-07-08T23:02:13.680824+00:00,139.6,44,ask,DiligentDonuts,CostlyCorianders,12794544
2026-07-08T23:02:13.692390,2026-07-08T23:02:13.703945+00:00,139.6,50,ask,DiligentDonuts,FlawlessFlatbreads,12794545
2026-07-08T23:02:14.093379,2026-07-08T23:02:14.099983+00:00,139.6,3,ask,DiligentDonuts,EarnestEspressos,12794550
2026-07-08T23:02:14.106425,2026-07-08T23:02:14.119459+00:00,139.4,3,bid,Xuanyu Liu,EarnestEspressos,12794551
2026-07-08T23:02:15.118241,2026-07-08T23:02:15.129681+00:00,139.4,49,bid,CostlyCorianders,EarnestEspressos,12794572
2026-07-08T23:02:17.861052,2026-07-08T23:02:17.873003+00:00,139.6,50,bid,FlawlessFlatbreads,DiligentDonuts,12794605
2026-07-08T23:02:19.967580,2026-07-08T23:02:19.979125+00:00,139.7,50,bid,FlawlessFlatbreads,EarnestEspressos,12794625
2026-07-08T23:02:21.207162,2026-07-08T23:02:21.219667+00:00,139.5,45,ask,EarnestEspressos,CostlyCorianders,12794639
2026-07-08T23:02:22.125446,2026-07-08T23:02:22.137149+00:00,139.5,50,ask,EarnestEspressos,FlawlessFlatbreads,12794647
2026-07-08T23:02:22.251367,2026-07-08T23:02:22.257804+00:00,139.5,46,ask,EarnestEspressos,CostlyCorianders,12794648
2026-07-08T23:02:26.353165,2026-07-08T23:02:26.364988+00:00,139.2,50,ask,DiligentDonuts,FlawlessFlatbreads,12794703
2026-07-08T23:02:26.746614,2026-07-08T23:02:26.753100+00:00,139.7,42,bid,CostlyCorianders,DiligentDonuts,12794709
2026-07-08T23:02:27.178051,2026-07-08T23:02:27.186869+00:00,139.5,11,bid,Xuanyu Liu,EarnestEspressos,12794711
2026-07-08T23:02:28.170860,2026-07-08T23:02:28.182607+00:00,139.5,43,bid,CostlyCorianders,EarnestEspressos,12794724
2026-07-08T23:02:28.346879,2026-07-08T23:02:28.353379+00:00,139.5,96,bid,DiligentDonuts,EarnestEspressos,12794725
2026-07-08T23:02:28.410421,2026-07-08T23:02:28.418643+00:00,140.0,50,bid,FlawlessFlatbreads,DiligentDonuts,12794726
2026-07-08T23:02:30.343010,2026-07-08T23:02:30.351339+00:00,139.6,11,ask,EarnestEspressos,Xuanyu Liu,12794755
2026-07-08T23:02:30.576851,2026-07-08T23:02:30.585604+00:00,139.6,50,ask,EarnestEspressos,FlawlessFlatbreads,12794759
2026-07-08T23:02:33.327614,2026-07-08T23:02:33.334362+00:00,139.3,41,ask,EarnestEspressos,CostlyCorianders,12794782
2026-07-08T23:02:34.785197,2026-07-08T23:02:34.796639+00:00,139.3,50,ask,EarnestEspressos,FlawlessFlatbreads,12794800
2026-07-08T23:02:35.210353,2026-07-08T23:02:35.221783+00:00,139.7,47,bid,CostlyCorianders,DiligentDonuts,12794806
2026-07-08T23:02:36.272643,2026-07-08T23:02:36.282343+00:00,139.5,11,bid,Xuanyu Liu,EarnestEspressos,12794822
2026-07-08T23:02:37.837629,2026-07-08T23:02:37.844686+00:00,139.5,100,bid,DiligentDonuts,EarnestEspressos,12794846
2026-07-08T23:02:38.945047,2026-07-08T23:02:38.953228+00:00,139.5,39,bid,FlawlessFlatbreads,EarnestEspressos,12794864
2026-07-08T23:02:38.945047,2026-07-08T23:02:38.953228+00:00,140.0,11,bid,FlawlessFlatbreads,DiligentDonuts,12794865
2026-07-08T23:02:40.325513,2026-07-08T23:02:40.335371+00:00,139.7,11,ask,EarnestEspressos,Xuanyu Liu,12794886
2026-07-08T23:02:41.052441,2026-07-08T23:02:41.064024+00:00,139.7,100,ask,EarnestEspressos,DiligentDonuts,12794895
2026-07-08T23:02:41.058080,2026-07-08T23:02:41.069509+00:00,140.2,50,bid,FlawlessFlatbreads,EarnestEspressos,12794896
2026-07-08T23:02:43.164370,2026-07-08T23:02:43.176071+00:00,140.0,50,bid,FlawlessFlatbreads,EarnestEspressos,12794937
2026-07-08T23:02:45.273506,2026-07-08T23:02:45.285403+00:00,140.0,50,bid,FlawlessFlatbreads,EarnestEspressos,12794963
2026-07-08T23:02:45.575251,2026-07-08T23:02:45.583883+00:00,139.7,3,ask,DiligentDonuts,Xuanyu Liu,12794966
2026-07-08T23:02:47.380342,2026-07-08T23:02:47.392093+00:00,140.2,50,bid,FlawlessFlatbreads,EarnestEspressos,12794995
2026-07-08T23:02:48.247082,2026-07-08T23:02:48.259036+00:00,139.7,47,ask,EarnestEspressos,CostlyCorianders,12794997
2026-07-08T23:02:49.487891,2026-07-08T23:02:49.495072+00:00,139.9,50,bid,FlawlessFlatbreads,DiligentDonuts,12795013
2026-07-08T23:02:51.592908,2026-07-08T23:02:51.604380+00:00,140.1,50,bid,FlawlessFlatbreads,DiligentDonuts,12795045
2026-07-08T23:02:51.932826,2026-07-08T23:02:51.944403+00:00,139.8,40,ask,EarnestEspressos,CostlyCorianders,12795049
2026-07-08T23:02:52.554188,2026-07-08T23:02:52.566233+00:00,139.6,48,ask,DiligentDonuts,CostlyCorianders,12795054
2026-07-08T23:02:53.718289,2026-07-08T23:02:53.729152+00:00,140.1,50,bid,FlawlessFlatbreads,EarnestEspressos,12795076
2026-07-08T23:02:54.224742,2026-07-08T23:02:54.236371+00:00,140.1,47,bid,CostlyCorianders,EarnestEspressos,12795082
2026-07-08T23:02:57.980242,2026-07-08T23:02:57.992118+00:00,139.9,50,ask,EarnestEspressos,FlawlessFlatbreads,12795144
2026-07-08T23:02:59.275485,2026-07-08T23:02:59.287531+00:00,140.1,42,bid,CostlyCorianders,DiligentDonuts,12795159
2026-07-08T23:03:00.091547,2026-07-08T23:03:00.100304+00:00,139.8,50,ask,EarnestEspressos,FlawlessFlatbreads,12795169
2026-07-08T23:03:02.197743,2026-07-08T23:03:02.207068+00:00,139.7,50,ask,DiligentDonuts,FlawlessFlatbreads,12795198
2026-07-08T23:03:02.736675,2026-07-08T23:03:02.743599+00:00,139.7,42,ask,DiligentDonuts,CostlyCorianders,12795207
2026-07-08T23:03:03.695859,2026-07-08T23:03:03.707821+00:00,139.9,49,bid,CostlyCorianders,EarnestEspressos,12795229
2026-07-08T23:03:04.304008,2026-07-08T23:03:04.312042+00:00,139.5,50,ask,DiligentDonuts,FlawlessFlatbreads,12795236
2026-07-08T23:03:06.410899,2026-07-08T23:03:06.422774+00:00,139.8,50,ask,EarnestEspressos,FlawlessFlatbreads,12795267
2026-07-08T23:03:07.126761,2026-07-08T23:03:07.138384+00:00,139.8,48,ask,EarnestEspressos,CostlyCorianders,12795274
2026-07-08T23:03:08.087280,2026-07-08T23:03:08.099016+00:00,139.4,48,ask,DiligentDonuts,CostlyCorianders,12795293
2026-07-08T23:03:08.517971,2026-07-08T23:03:08.529462+00:00,139.4,50,ask,DiligentDonuts,FlawlessFlatbreads,12795297
2026-07-08T23:03:10.485108,2026-07-08T23:03:10.494132+00:00,139.7,3,bid,Xuanyu Liu,DiligentDonuts,12795335
2026-07-08T23:03:10.624993,2026-07-08T23:03:10.634695+00:00,139.4,50,ask,EarnestEspressos,FlawlessFlatbreads,12795339
2026-07-08T23:03:12.636379,2026-07-08T23:03:12.638642+00:00,139.9,48,bid,CostlyCorianders,EarnestEspressos,12795365
2026-07-08T23:03:12.741513,2026-07-08T23:03:12.753155+00:00,139.4,50,ask,EarnestEspressos,FlawlessFlatbreads,12795370
2026-07-08T23:03:14.848148,2026-07-08T23:03:14.859462+00:00,139.2,50,ask,DiligentDonuts,FlawlessFlatbreads,12795388
2026-07-08T23:03:16.021714,2026-07-08T23:03:16.032811+00:00,139.6,40,bid,CostlyCorianders,DiligentDonuts,12795402
2026-07-08T23:03:16.075366,2026-07-08T23:03:16.087252+00:00,139.2,41,ask,EarnestEspressos,CostlyCorianders,12795403
2026-07-08T23:03:16.964218,2026-07-08T23:03:16.972475+00:00,139.2,50,ask,EarnestEspressos,FlawlessFlatbreads,12795416
2026-07-08T23:03:17.401460,2026-07-08T23:03:17.410401+00:00,139.3,23,bid,Xuanyu Liu,EarnestEspressos,12795420
2026-07-08T23:03:18.671560,2026-07-08T23:03:18.679098+00:00,139.3,41,bid,CostlyCorianders,EarnestEspressos,12795446
2026-07-08T23:03:19.210200,2026-07-08T23:03:19.221599+00:00,139.1,43,ask,DiligentDonuts,CostlyCorianders,12795453
2026-07-08T23:03:21.123148,2026-07-08T23:03:21.132405+00:00,139.6,50,bid,FlawlessFlatbreads,DiligentDonuts,12795480
2026-07-08T23:03:22.237484,2026-07-08T23:03:22.249146+00:00,139.2,49,ask,DiligentDonuts,CostlyCorianders,12795503
2026-07-08T23:03:22.777757,2026-07-08T23:03:22.789291+00:00,139.6,42,bid,CostlyCorianders,EarnestEspressos,12795509
2026-07-08T23:03:24.920804,2026-07-08T23:03:24.932408+00:00,139.5,46,ask,EarnestEspressos,CostlyCorianders,12795535
2026-07-08T23:03:25.347013,2026-07-08T23:03:25.356280+00:00,140.0,50,bid,FlawlessFlatbreads,EarnestEspressos,12795541
2026-07-08T23:03:25.487775,2026-07-08T23:03:25.499341+00:00,139.7,40,bid,CostlyCorianders,DiligentDonuts,12795545
2026-07-08T23:03:26.675543,2026-07-08T23:03:26.686438+00:00,139.7,41,bid,CostlyCorianders,DiligentDonuts,12795564
2026-07-08T23:03:27.469942,2026-07-08T23:03:27.480141+00:00,139.7,19,bid,FlawlessFlatbreads,DiligentDonuts,12795571
2026-07-08T23:03:27.469942,2026-07-08T23:03:27.480141+00:00,139.8,31,bid,FlawlessFlatbreads,EarnestEspressos,12795572
2026-07-08T23:03:29.577993,2026-07-08T23:03:29.584869+00:00,139.8,50,bid,FlawlessFlatbreads,EarnestEspressos,12795595
2026-07-08T23:03:30.004749,2026-07-08T23:03:30.014647+00:00,139.6,12,ask,EarnestEspressos,Xuanyu Liu,12795600
2026-07-08T23:03:30.406680,2026-07-08T23:03:30.415316+00:00,139.6,46,ask,EarnestEspressos,CostlyCorianders,12795603
2026-07-08T23:03:31.699466,2026-07-08T23:03:31.708441+00:00,140.1,50,bid,FlawlessFlatbreads,EarnestEspressos,12795622
2026-07-08T23:03:33.028208,2026-07-08T23:03:33.035996+00:00,139.8,42,bid,CostlyCorianders,DiligentDonuts,12795641
2026-07-08T23:03:33.805264,2026-07-08T23:03:33.817086+00:00,139.8,50,bid,FlawlessFlatbreads,DiligentDonuts,12795654
2026-07-08T23:03:34.176828,2026-07-08T23:03:34.188749+00:00,139.5,46,ask,EarnestEspressos,CostlyCorianders,12795657
2026-07-08T23:03:37.281148,2026-07-08T23:03:37.292760+00:00,139.8,45,bid,CostlyCorianders,EarnestEspressos,12795698
2026-07-08T23:03:38.037709,2026-07-08T23:03:38.049055+00:00,139.8,50,bid,FlawlessFlatbreads,EarnestEspressos,12795707
2026-07-08T23:03:39.492095,2026-07-08T23:03:39.501265+00:00,139.6,11,ask,EarnestEspressos,Xuanyu Liu,12795729
2026-07-08T23:03:40.142942,2026-07-08T23:03:40.163976+00:00,140.0,50,bid,FlawlessFlatbreads,DiligentDonuts,12795734
2026-07-08T23:03:40.546064,2026-07-08T23:03:40.555096+00:00,139.6,3,ask,EarnestEspressos,Xuanyu Liu,12795742
2026-07-08T23:03:42.255589,2026-07-08T23:03:42.267439+00:00,140.0,50,bid,FlawlessFlatbreads,DiligentDonuts,12795773
2026-07-08T23:03:42.269836,2026-07-08T23:03:42.281677+00:00,139.6,45,ask,EarnestEspressos,CostlyCorianders,12795774
2026-07-08T23:03:46.508347,2026-07-08T23:03:46.520150+00:00,139.8,40,ask,DiligentDonuts,CostlyCorianders,12795837
2026-07-08T23:03:46.517417,2026-07-08T23:03:46.525286+00:00,139.8,50,ask,DiligentDonuts,FlawlessFlatbreads,12795838
2026-07-08T23:03:47.531452,2026-07-08T23:03:47.542854+00:00,139.6,47,ask,DiligentDonuts,CostlyCorianders,12795848
2026-07-08T23:03:48.573755,2026-07-08T23:03:48.585544+00:00,140.0,50,bid,FlawlessFlatbreads,EarnestEspressos,12795860
2026-07-08T23:03:50.681755,2026-07-08T23:03:50.692812+00:00,139.8,50,bid,FlawlessFlatbreads,DiligentDonuts,12795885
2026-07-08T23:03:52.053460,2026-07-08T23:03:52.053903+00:00,139.8,49,bid,CostlyCorianders,DiligentDonuts,12795897
2026-07-08T23:03:52.838674,2026-07-08T23:03:52.850310+00:00,139.7,50,ask,EarnestEspressos,FlawlessFlatbreads,12795907
2026-07-08T23:03:53.270575,2026-07-08T23:03:53.281737+00:00,139.7,43,ask,EarnestEspressos,CostlyCorianders,12795914
2026-07-08T23:03:57.002314,2026-07-08T23:03:57.009653+00:00,139.8,50,bid,FlawlessFlatbreads,EarnestEspressos,12795954
2026-07-08T23:03:57.532329,2026-07-08T23:03:57.544232+00:00,139.8,47,bid,CostlyCorianders,EarnestEspressos,12795958
2026-07-08T23:03:58.183691,2026-07-08T23:03:58.195431+00:00,139.7,40,ask,DiligentDonuts,CostlyCorianders,12795968
2026-07-08T23:03:58.750131,2026-07-08T23:03:58.758573+00:00,139.7,46,ask,DiligentDonuts,CostlyCorianders,12795974
2026-07-08T23:03:59.159137,2026-07-08T23:03:59.170656+00:00,139.7,14,ask,DiligentDonuts,FlawlessFlatbreads,12795979
2026-07-08T23:03:59.159137,2026-07-08T23:03:59.170656+00:00,139.5,36,ask,EarnestEspressos,FlawlessFlatbreads,12795980
2026-07-08T23:04:01.271283,2026-07-08T23:04:01.280163+00:00,139.5,50,ask,EarnestEspressos,FlawlessFlatbreads,12796002
2026-07-08T23:04:03.327771,2026-07-08T23:04:03.339561+00:00,139.8,50,bid,FlawlessFlatbreads,EarnestEspressos,12796029
2026-07-08T23:04:04.960796,2026-07-08T23:04:04.971784+00:00,139.9,46,bid,CostlyCorianders,DiligentDonuts,12796054
2026-07-08T23:04:05.436363,2026-07-08T23:04:05.447908+00:00,139.9,50,bid,FlawlessFlatbreads,DiligentDonuts,12796063
2026-07-08T23:04:07.544000,2026-07-08T23:04:07.558592+00:00,140.0,50,bid,FlawlessFlatbreads,EarnestEspressos,12796084
2026-07-08T23:04:07.726466,2026-07-08T23:04:07.738231+00:00,140.0,44,bid,CostlyCorianders,EarnestEspressos,12796089
2026-07-08T23:04:08.500478,2026-07-08T23:04:08.509750+00:00,140.1,3,ask,EarnestEspressos,Xuanyu Liu,12796104
2026-07-08T23:04:08.606213,2026-07-08T23:04:08.617704+00:00,140.1,20,ask,EarnestEspressos,Heero Sipayung,12796107
2026-07-08T23:04:08.845944,2026-07-08T23:04:08.853935+00:00,140.1,20,ask,EarnestEspressos,Heero Sipayung,12796110
2026-07-08T23:04:09.089101,2026-07-08T23:04:09.100958+00:00,140.1,20,ask,EarnestEspressos,Heero Sipayung,12796114
2026-07-08T23:04:09.331108,2026-07-08T23:04:09.343054+00:00,140.1,20,ask,EarnestEspressos,Heero Sipayung,12796121
2026-07-08T23:04:09.571018,2026-07-08T23:04:09.582926+00:00,140.1,20,ask,EarnestEspressos,Heero Sipayung,12796124
2026-07-08T23:04:09.650747,2026-07-08T23:04:09.658575+00:00,140.6,50,bid,FlawlessFlatbreads,EarnestEspressos,12796129
2026-07-08T23:04:09.847965,2026-07-08T23:04:09.858613+00:00,140.1,20,ask,EarnestEspressos,Heero Sipayung,12796133
2026-07-08T23:04:10.088503,2026-07-08T23:04:10.100384+00:00,140.1,20,ask,EarnestEspressos,Heero Sipayung,12796138
2026-07-08T23:04:10.327646,2026-07-08T23:04:10.339270+00:00,140.1,7,ask,EarnestEspressos,Heero Sipayung,12796143
2026-07-08T23:04:10.871015,2026-07-08T23:04:10.878931+00:00,139.8,49,ask,DiligentDonuts,CostlyCorianders,12796157
2026-07-08T23:04:11.757149,2026-07-08T23:04:11.763662+00:00,140.1,50,bid,FlawlessFlatbreads,EarnestEspressos,12796164
2026-07-08T23:04:13.030143,2026-07-08T23:04:13.041807+00:00,140.1,49,bid,CostlyCorianders,EarnestEspressos,12796181
2026-07-08T23:04:13.863232,2026-07-08T23:04:13.875567+00:00,140.1,3,bid,Xuanyu Liu,EarnestEspressos,12796192
2026-07-08T23:04:14.302559,2026-07-08T23:04:14.313953+00:00,140.2,100,bid,EarnestEspressos,DiligentDonuts,12796200
2026-07-08T23:04:15.973570,2026-07-08T23:04:15.983507+00:00,140.7,50,bid,FlawlessFlatbreads,EarnestEspressos,12796225
2026-07-08T23:04:16.971373,2026-07-08T23:04:16.980502+00:00,140.2,3,ask,EarnestEspressos,Xuanyu Liu,12796233
2026-07-08T23:04:17.020148,2026-07-08T23:04:17.026902+00:00,140.2,20,ask,EarnestEspressos,Heero Sipayung,12796237
2026-07-08T23:04:18.084018,2026-07-08T23:04:18.092875+00:00,140.3,50,bid,FlawlessFlatbreads,EarnestEspressos,12796252
2026-07-08T23:04:18.868226,2026-07-08T23:04:18.879991+00:00,140.1,20,ask,DiligentDonuts,Heero Sipayung,12796263
2026-07-08T23:04:20.242293,2026-07-08T23:04:20.254181+00:00,139.9,50,ask,DiligentDonuts,FlawlessFlatbreads,12796288
2026-07-08T23:04:21.916291,2026-07-08T23:04:21.927755+00:00,140.0,13,ask,EarnestEspressos,Heero Sipayung,12796309
2026-07-08T23:04:23.015919,2026-07-08T23:04:23.025446+00:00,140.1,46,bid,CostlyCorianders,DiligentDonuts,12796328
2026-07-08T23:04:24.403688,2026-07-08T23:04:24.415571+00:00,140.1,50,bid,FlawlessFlatbreads,DiligentDonuts,12796344
2026-07-08T23:04:26.060124,2026-07-08T23:04:26.071754+00:00,139.9,44,ask,DiligentDonuts,CostlyCorianders,12796364
2026-07-08T23:04:26.579591,2026-07-08T23:04:26.597208+00:00,139.9,50,ask,DiligentDonuts,FlawlessFlatbreads,12796373
2026-07-08T23:04:26.702539,2026-07-08T23:04:26.709708+00:00,139.9,6,ask,DiligentDonuts,CostlyCorianders,12796378
2026-07-08T23:04:26.702539,2026-07-08T23:04:26.714681+00:00,139.8,39,ask,EarnestEspressos,CostlyCorianders,12796379
2026-07-08T23:04:27.888102,2026-07-08T23:04:27.899833+00:00,140.2,44,bid,CostlyCorianders,EarnestEspressos,12796394
2026-07-08T23:04:28.689476,2026-07-08T23:04:28.698701+00:00,139.8,50,ask,EarnestEspressos,FlawlessFlatbreads,12796404
2026-07-08T23:04:29.023771,2026-07-08T23:04:29.033104+00:00,139.8,46,ask,EarnestEspressos,CostlyCorianders,12796411
2026-07-08T23:04:31.286724,2026-07-08T23:04:31.298632+00:00,140.0,45,bid,CostlyCorianders,EarnestEspressos,12796444
2026-07-08T23:04:32.628212,2026-07-08T23:04:32.643595+00:00,140.0,45,bid,CostlyCorianders,EarnestEspressos,12796460
2026-07-08T23:04:32.921507,2026-07-08T23:04:32.932767+00:00,139.6,50,ask,DiligentDonuts,FlawlessFlatbreads,12796466
2026-07-08T23:04:33.836180,2026-07-08T23:04:33.848836+00:00,139.8,45,ask,EarnestEspressos,CostlyCorianders,12796471
2026-07-08T23:04:34.977356,2026-07-08T23:04:34.988638+00:00,140.3,50,bid,FlawlessFlatbreads,EarnestEspressos,12796490
2026-07-08T23:04:35.505173,2026-07-08T23:04:35.515192+00:00,140.1,49,bid,CostlyCorianders,DiligentDonuts,12796497
2026-07-08T23:04:37.147571,2026-07-08T23:04:37.163624+00:00,139.8,50,ask,EarnestEspressos,FlawlessFlatbreads,12796518
2026-07-08T23:04:37.170921,2026-07-08T23:04:37.182557+00:00,139.8,40,ask,EarnestEspressos,CostlyCorianders,12796519
2026-07-08T23:04:39.257224,2026-07-08T23:04:39.263734+00:00,139.8,50,ask,EarnestEspressos,FlawlessFlatbreads,12796538
2026-07-08T23:04:39.683468,2026-07-08T23:04:39.693370+00:00,139.8,100,ask,DiligentDonuts,EarnestEspressos,12796543
2026-07-08T23:04:39.694617,2026-07-08T23:04:39.704075+00:00,139.8,3,bid,Xuanyu Liu,EarnestEspressos,12796544
2026-07-08T23:04:39.811392,2026-07-08T23:04:39.819860+00:00,139.8,45,bid,CostlyCorianders,EarnestEspressos,12796548
2026-07-08T23:04:41.370766,2026-07-08T23:04:41.379204+00:00,139.3,50,ask,EarnestEspressos,FlawlessFlatbreads,12796568
2026-07-08T23:04:41.694970,2026-07-08T23:04:41.707523+00:00,139.3,48,ask,EarnestEspressos,CostlyCorianders,12796572
2026-07-08T23:04:42.452898,2026-07-08T23:04:42.458566+00:00,139.8,2,bid,Heero Sipayung,EarnestEspressos,12796581
2026-07-08T23:04:42.452898,2026-07-08T23:04:42.458566+00:00,139.8,18,bid,Heero Sipayung,DiligentDonuts,12796582
2026-07-08T23:04:42.665379,2026-07-08T23:04:42.671725+00:00,139.8,20,bid,Heero Sipayung,DiligentDonuts,12796584
2026-07-08T23:04:42.876664,2026-07-08T23:04:42.888261+00:00,139.8,20,bid,Heero Sipayung,DiligentDonuts,12796586
2026-07-08T23:04:43.089900,2026-07-08T23:04:43.101131+00:00,139.8,20,bid,Heero Sipayung,DiligentDonuts,12796591
2026-07-08T23:04:43.301894,2026-07-08T23:04:43.313218+00:00,139.8,20,bid,Heero Sipayung,DiligentDonuts,12796596
2026-07-08T23:04:43.538591,2026-07-08T23:04:43.546912+00:00,139.8,2,bid,Heero Sipayung,DiligentDonuts,12796599
2026-07-08T23:04:45.581720,2026-07-08T23:04:45.590588+00:00,139.6,50,ask,DiligentDonuts,FlawlessFlatbreads,12796619
2026-07-08T23:04:47.293741,2026-07-08T23:04:47.302811+00:00,140.0,44,bid,CostlyCorianders,EarnestEspressos,12796639
2026-07-08T23:04:47.690440,2026-07-08T23:04:47.696856+00:00,139.5,50,ask,EarnestEspressos,FlawlessFlatbreads,12796644
2026-07-08T23:04:49.796982,2026-07-08T23:04:49.805640+00:00,139.3,50,ask,DiligentDonuts,FlawlessFlatbreads,12796670
2026-07-08T23:04:51.904441,2026-07-08T23:04:51.912439+00:00,139.3,50,ask,EarnestEspressos,FlawlessFlatbreads,12796699
2026-07-08T23:04:52.415105,2026-07-08T23:04:52.425118+00:00,139.6,20,bid,Heero Sipayung,EarnestEspressos,12796708
2026-07-08T23:04:52.626618,2026-07-08T23:04:52.637373+00:00,139.6,20,bid,Heero Sipayung,EarnestEspressos,12796713
2026-07-08T23:04:52.841014,2026-07-08T23:04:52.848269+00:00,139.6,20,bid,Heero Sipayung,EarnestEspressos,12796717
2026-07-08T23:04:53.212332,2026-07-08T23:04:53.224226+00:00,139.6,3,bid,Xuanyu Liu,EarnestEspressos,12796725
2026-07-08T23:04:53.265287,2026-07-08T23:04:53.276419+00:00,139.6,20,bid,Heero Sipayung,EarnestEspressos,12796731
2026-07-08T23:04:53.475322,2026-07-08T23:04:53.481984+00:00,139.6,18,bid,Heero Sipayung,EarnestEspressos,12796734
2026-07-08T23:04:53.958531,2026-07-08T23:04:53.970303+00:00,139.6,49,bid,FlawlessFlatbreads,EarnestEspressos,12796745
2026-07-08T23:04:55.448198,2026-07-08T23:04:55.457050+00:00,139.9,3,ask,EarnestEspressos,Xuanyu Liu,12796761
2026-07-08T23:04:55.795240,2026-07-08T23:04:55.807114+00:00,139.9,47,ask,EarnestEspressos,CostlyCorianders,12796770
2026-07-08T23:04:56.116429,2026-07-08T23:04:56.124656+00:00,139.9,50,ask,EarnestEspressos,FlawlessFlatbreads,12796771
2026-07-08T23:04:57.940629,2026-07-08T23:04:57.948474+00:00,139.9,43,ask,EarnestEspressos,CostlyCorianders,12796791
2026-07-08T23:04:58.223459,2026-07-08T23:04:58.234475+00:00,139.9,7,ask,EarnestEspressos,FlawlessFlatbreads,12796794
2026-07-08T23:04:58.223459,2026-07-08T23:04:58.234475+00:00,139.6,43,ask,DiligentDonuts,FlawlessFlatbreads,12796795
2026-07-08T23:04:58.877072,2026-07-08T23:04:58.888559+00:00,140.0,40,bid,CostlyCorianders,EarnestEspressos,12796802
2026-07-08T23:05:00.920665,2026-07-08T23:05:00.932462+00:00,139.7,45,bid,CostlyCorianders,DiligentDonuts,12796836
2026-07-08T23:05:02.437190,2026-07-08T23:05:02.448900+00:00,139.4,50,ask,EarnestEspressos,FlawlessFlatbreads,12796861
2026-07-08T23:05:04.543736,2026-07-08T23:05:04.555358+00:00,139.4,50,ask,EarnestEspressos,FlawlessFlatbreads,12796898
2026-07-08T23:05:05.001769,2026-07-08T23:05:05.010813+00:00,139.6,3,bid,Xuanyu Liu,EarnestEspressos,12796907
2026-07-08T23:05:05.943934,2026-07-08T23:05:05.952455+00:00,139.6,11,bid,Xuanyu Liu,EarnestEspressos,12796922
2026-07-08T23:05:05.974370,2026-07-08T23:05:05.985925+00:00,139.3,41,ask,DiligentDonuts,CostlyCorianders,12796926
2026-07-08T23:05:06.526667,2026-07-08T23:05:06.537805+00:00,139.6,46,bid,CostlyCorianders,EarnestEspressos,12796928
2026-07-08T23:05:08.756005,2026-07-08T23:05:08.754571+00:00,139.4,50,ask,DiligentDonuts,FlawlessFlatbreads,12796967
2026-07-08T23:05:09.567526,2026-07-08T23:05:09.579412+00:00,139.4,44,ask,DiligentDonuts,CostlyCorianders,12796979
2026-07-08T23:05:09.869936,2026-07-08T23:05:09.878562+00:00,139.3,23,bid,Xuanyu Liu,DiligentDonuts,12796983
2026-07-08T23:05:10.207407,2026-07-08T23:05:10.216496+00:00,139.3,48,bid,CostlyCorianders,DiligentDonuts,12796993
2026-07-08T23:05:10.767160,2026-07-08T23:05:10.773958+00:00,139.2,49,ask,EarnestEspressos,CostlyCorianders,12796997
2026-07-08T23:05:10.811142,2026-07-08T23:05:10.821252+00:00,139.3,29,bid,FlawlessFlatbreads,DiligentDonuts,12797003
2026-07-08T23:05:10.811142,2026-07-08T23:05:10.821252+00:00,139.7,21,bid,FlawlessFlatbreads,EarnestEspressos,12797004
2026-07-08T23:05:12.917810,2026-07-08T23:05:12.925203+00:00,139.5,50,bid,FlawlessFlatbreads,EarnestEspressos,12797030
2026-07-08T23:05:15.027713,2026-07-08T23:05:15.034954+00:00,139.6,50,bid,FlawlessFlatbreads,DiligentDonuts,12797064
2026-07-08T23:05:15.078032,2026-07-08T23:05:15.086327+00:00,139.3,11,ask,EarnestEspressos,Xuanyu Liu,12797066
2026-07-08T23:05:16.041507,2026-07-08T23:05:16.049822+00:00,139.6,49,bid,CostlyCorianders,DiligentDonuts,12797083
2026-07-08T23:05:16.285942,2026-07-08T23:05:16.294856+00:00,139.6,23,ask,DiligentDonuts,Xuanyu Liu,12797088
2026-07-08T23:05:17.133271,2026-07-08T23:05:17.145516+00:00,139.8,50,bid,FlawlessFlatbreads,EarnestEspressos,12797095
2026-07-08T23:05:17.704105,2026-07-08T23:05:17.714005+00:00,139.6,40,ask,DiligentDonuts,CostlyCorianders,12797101
2026-07-08T23:05:18.707498,2026-07-08T23:05:18.717994+00:00,139.6,3,ask,DiligentDonuts,Xuanyu Liu,12797118
2026-07-08T23:05:19.261680,2026-07-08T23:05:19.270197+00:00,140.0,50,bid,FlawlessFlatbreads,EarnestEspressos,12797123
2026-07-08T23:05:19.695556,2026-07-08T23:05:19.707370+00:00,139.6,47,bid,CostlyCorianders,DiligentDonuts,12797127
2026-07-08T23:05:21.367687,2026-07-08T23:05:21.375648+00:00,139.6,50,bid,FlawlessFlatbreads,DiligentDonuts,12797153
2026-07-08T23:05:22.138242,2026-07-08T23:05:22.158583+00:00,139.4,43,ask,EarnestEspressos,CostlyCorianders,12797168
2026-07-08T23:05:23.478850,2026-07-08T23:05:23.490584+00:00,139.9,50,bid,FlawlessFlatbreads,EarnestEspressos,12797193
2026-07-08T23:05:23.664307,2026-07-08T23:05:23.676219+00:00,139.9,40,bid,CostlyCorianders,EarnestEspressos,12797195
2026-07-08T23:05:24.144446,2026-07-08T23:05:24.143371+00:00,139.8,45,ask,EarnestEspressos,CostlyCorianders,12797209
2026-07-08T23:05:24.750588,2026-07-08T23:05:24.759550+00:00,139.8,3,ask,EarnestEspressos,Xuanyu Liu,12797216
2026-07-08T23:05:24.887462,2026-07-08T23:05:24.899444+00:00,139.8,20,ask,EarnestEspressos,Heero Sipayung,12797218
2026-07-08T23:05:25.100681,2026-07-08T23:05:25.112468+00:00,139.8,20,ask,EarnestEspressos,Heero Sipayung,12797221
2026-07-08T23:05:25.312631,2026-07-08T23:05:25.322191+00:00,139.8,20,ask,EarnestEspressos,Heero Sipayung,12797226
2026-07-08T23:05:25.526586,2026-07-08T23:05:25.538040+00:00,139.8,20,ask,EarnestEspressos,Heero Sipayung,12797230
2026-07-08T23:05:26.083451,2026-07-08T23:05:26.090112+00:00,139.9,43,bid,CostlyCorianders,DiligentDonuts,12797241
2026-07-08T23:05:27.283671,2026-07-08T23:05:27.293073+00:00,139.4,46,ask,DiligentDonuts,CostlyCorianders,12797252
2026-07-08T23:05:27.690916,2026-07-08T23:05:27.702625+00:00,139.9,50,bid,FlawlessFlatbreads,DiligentDonuts,12797256
2026-07-08T23:05:27.822970,2026-07-08T23:05:27.834938+00:00,139.9,7,bid,CostlyCorianders,DiligentDonuts,12797259
2026-07-08T23:05:27.822970,2026-07-08T23:05:27.834938+00:00,139.9,40,bid,CostlyCorianders,EarnestEspressos,12797260
2026-07-08T23:05:29.612451,2026-07-08T23:05:29.622601+00:00,139.9,3,bid,Xuanyu Liu,EarnestEspressos,12797285
2026-07-08T23:05:29.798877,2026-07-08T23:05:29.810464+00:00,139.9,50,bid,FlawlessFlatbreads,EarnestEspressos,12797290
2026-07-08T23:05:32.463800,2026-07-08T23:05:32.475369+00:00,139.8,47,ask,EarnestEspressos,CostlyCorianders,12797333
2026-07-08T23:05:34.079863,2026-07-08T23:05:34.091708+00:00,139.8,50,ask,DiligentDonuts,FlawlessFlatbreads,12797347
2026-07-08T23:05:36.195183,2026-07-08T23:05:36.205493+00:00,139.6,50,ask,EarnestEspressos,FlawlessFlatbreads,12797375
2026-07-08T23:05:36.949073,2026-07-08T23:05:36.960492+00:00,139.7,45,bid,CostlyCorianders,EarnestEspressos,12797390
2026-07-08T23:05:37.435964,2026-07-08T23:05:37.446652+00:00,139.5,47,ask,DiligentDonuts,CostlyCorianders,12797396
2026-07-08T23:05:37.624084,2026-07-08T23:05:37.635531+00:00,139.7,20,bid,Heero Sipayung,EarnestEspressos,12797401
2026-07-08T23:05:37.835721,2026-07-08T23:05:37.846632+00:00,139.7,20,bid,Heero Sipayung,EarnestEspressos,12797409
2026-07-08T23:05:38.063281,2026-07-08T23:05:38.075654+00:00,139.7,20,bid,Heero Sipayung,EarnestEspressos,12797416
2026-07-08T23:05:38.274915,2026-07-08T23:05:38.286119+00:00,139.7,20,bid,Heero Sipayung,EarnestEspressos,12797422
2026-07-08T23:05:38.312492,2026-07-08T23:05:38.324517+00:00,139.5,50,ask,DiligentDonuts,FlawlessFlatbreads,12797423
2026-07-08T23:05:40.082532,2026-07-08T23:05:40.090225+00:00,139.8,44,ask,EarnestEspressos,CostlyCorianders,12797451
2026-07-08T23:05:40.420723,2026-07-08T23:05:40.437718+00:00,139.8,50,ask,EarnestEspressos,FlawlessFlatbreads,12797456
2026-07-08T23:05:40.573595,2026-07-08T23:05:40.585071+00:00,140.0,45,bid,CostlyCorianders,DiligentDonuts,12797463
2026-07-08T23:05:40.627875,2026-07-08T23:05:40.637771+00:00,139.8,43,ask,EarnestEspressos,CostlyCorianders,12797464
2026-07-08T23:05:41.163086,2026-07-08T23:05:41.175223+00:00,139.8,13,ask,EarnestEspressos,CostlyCorianders,12797469
2026-07-08T23:05:43.182005,2026-07-08T23:05:43.193582+00:00,139.8,48,bid,CostlyCorianders,DiligentDonuts,12797500
2026-07-08T23:05:44.631337,2026-07-08T23:05:44.642997+00:00,139.7,50,ask,DiligentDonuts,FlawlessFlatbreads,12797516
2026-07-08T23:05:46.688027,2026-07-08T23:05:46.699543+00:00,139.9,50,bid,FlawlessFlatbreads,EarnestEspressos,12797556
2026-07-08T23:05:48.480278,2026-07-08T23:05:48.487514+00:00,139.9,44,bid,CostlyCorianders,EarnestEspressos,12797577
2026-07-08T23:05:48.848202,2026-07-08T23:05:48.857376+00:00,139.5,50,ask,DiligentDonuts,FlawlessFlatbreads,12797585
2026-07-08T23:05:50.902401,2026-07-08T23:05:50.910113+00:00,139.9,50,bid,FlawlessFlatbreads,EarnestEspressos,12797614
2026-07-08T23:05:51.644617,2026-07-08T23:05:51.658558+00:00,139.4,43,ask,EarnestEspressos,CostlyCorianders,12797624
2026-07-08T23:05:52.230233,2026-07-08T23:05:52.241780+00:00,139.4,45,ask,EarnestEspressos,CostlyCorianders,12797636
2026-07-08T23:05:53.008651,2026-07-08T23:05:53.020048+00:00,139.6,50,bid,FlawlessFlatbreads,DiligentDonuts,12797643
2026-07-08T23:05:53.268071,2026-07-08T23:05:53.279931+00:00,139.6,43,bid,CostlyCorianders,DiligentDonuts,12797651
2026-07-08T23:05:53.818924,2026-07-08T23:05:53.834352+00:00,139.6,7,bid,CostlyCorianders,DiligentDonuts,12797657
2026-07-08T23:05:53.818924,2026-07-08T23:05:53.834352+00:00,139.7,37,bid,CostlyCorianders,EarnestEspressos,12797658
2026-07-08T23:05:54.777710,2026-07-08T23:05:54.785452+00:00,139.3,45,ask,DiligentDonuts,CostlyCorianders,12797670
2026-07-08T23:05:55.115458,2026-07-08T23:05:55.126952+00:00,139.7,50,bid,FlawlessFlatbreads,EarnestEspressos,12797672
2026-07-08T23:05:55.870569,2026-07-08T23:05:55.882449+00:00,139.8,45,bid,CostlyCorianders,DiligentDonuts,12797684
2026-07-08T23:05:55.927818,2026-07-08T23:05:55.934838+00:00,139.6,46,ask,EarnestEspressos,CostlyCorianders,12797685
2026-07-08T23:05:57.223176,2026-07-08T23:05:57.230564+00:00,140.1,50,bid,FlawlessFlatbreads,EarnestEspressos,12797703
2026-07-08T23:05:58.020371,2026-07-08T23:05:58.039310+00:00,139.6,3,ask,EarnestEspressos,Xuanyu Liu,12797716
2026-07-08T23:05:58.207217,2026-07-08T23:05:58.218959+00:00,139.6,20,ask,EarnestEspressos,Heero Sipayung,12797721
2026-07-08T23:05:58.418063,2026-07-08T23:05:58.425394+00:00,139.6,20,ask,EarnestEspressos,Heero Sipayung,12797724
2026-07-08T23:05:58.629651,2026-07-08T23:05:58.638854+00:00,139.6,20,ask,EarnestEspressos,Heero Sipayung,12797730
2026-07-08T23:05:59.329470,2026-07-08T23:05:59.341324+00:00,139.6,50,bid,FlawlessFlatbreads,EarnestEspressos,12797744
2026-07-08T23:06:01.242339,2026-07-08T23:06:01.251993+00:00,139.1,44,ask,EarnestEspressos,CostlyCorianders,12797764
2026-07-08T23:06:01.436846,2026-07-08T23:06:01.448818+00:00,139.5,50,bid,FlawlessFlatbreads,DiligentDonuts,12797765
2026-07-08T23:06:03.596259,2026-07-08T23:06:03.603481+00:00,138.9,50,ask,EarnestEspressos,FlawlessFlatbreads,12797800
2026-07-08T23:06:05.441567,2026-07-08T23:06:05.458619+00:00,139.1,46,bid,CostlyCorianders,EarnestEspressos,12797819
2026-07-08T23:06:05.702191,2026-07-08T23:06:05.713788+00:00,138.8,50,ask,DiligentDonuts,FlawlessFlatbreads,12797823
2026-07-08T23:06:06.950688,2026-07-08T23:06:06.960001+00:00,139.1,42,bid,CostlyCorianders,EarnestEspressos,12797848
2026-07-08T23:06:07.809384,2026-07-08T23:06:07.820933+00:00,138.8,50,ask,DiligentDonuts,FlawlessFlatbreads,12797865
2026-07-08T23:06:08.362188,2026-07-08T23:06:08.372678+00:00,139.3,3,bid,Xuanyu Liu,DiligentDonuts,12797873
2026-07-08T23:06:08.504761,2026-07-08T23:06:08.516501+00:00,138.9,42,ask,EarnestEspressos,CostlyCorianders,12797877
2026-07-08T23:06:09.004123,2026-07-08T23:06:09.015718+00:00,138.9,40,ask,EarnestEspressos,CostlyCorianders,12797884
2026-07-08T23:06:09.919503,2026-07-08T23:06:09.930805+00:00,138.9,50,ask,EarnestEspressos,FlawlessFlatbreads,12797903
2026-07-08T23:06:10.723106,2026-07-08T23:06:10.735583+00:00,139.3,45,bid,CostlyCorianders,DiligentDonuts,12797915
2026-07-08T23:06:11.529426,2026-07-08T23:06:11.540171+00:00,139.0,20,bid,Heero Sipayung,EarnestEspressos,12797925
2026-07-08T23:06:11.740600,2026-07-08T23:06:11.748503+00:00,139.0,20,bid,Heero Sipayung,EarnestEspressos,12797929
2026-07-08T23:06:11.950754,2026-07-08T23:06:11.957811+00:00,139.0,20,bid,Heero Sipayung,EarnestEspressos,12797932
2026-07-08T23:06:12.025875,2026-07-08T23:06:12.047548+00:00,138.8,50,ask,DiligentDonuts,FlawlessFlatbreads,12797934
2026-07-08T23:06:12.263758,2026-07-08T23:06:12.275465+00:00,138.8,46,ask,DiligentDonuts,CostlyCorianders,12797937
2026-07-08T23:06:13.132162,2026-07-08T23:06:13.143859+00:00,139.0,3,bid,Xuanyu Liu,EarnestEspressos,12797955
2026-07-08T23:06:14.137645,2026-07-08T23:06:14.146841+00:00,138.7,50,ask,DiligentDonuts,FlawlessFlatbreads,12797970
2026-07-08T23:06:14.407644,2026-07-08T23:06:14.416323+00:00,139.0,23,bid,Xuanyu Liu,EarnestEspressos,12797974
2026-07-08T23:06:14.547236,2026-07-08T23:06:14.568652+00:00,139.2,100,bid,EarnestEspressos,DiligentDonuts,12797976
2026-07-08T23:06:14.559474,2026-07-08T23:06:14.568652+00:00,139.2,12,ask,EarnestEspressos,Xuanyu Liu,12797977
2026-07-08T23:06:14.912089,2026-07-08T23:06:14.924874+00:00,139.7,41,bid,CostlyCorianders,EarnestEspressos,12797981
2026-07-08T23:06:15.629254,2026-07-08T23:06:15.637848+00:00,139.2,38,ask,EarnestEspressos,CostlyCorianders,12797990
2026-07-08T23:06:16.244832,2026-07-08T23:06:16.254775+00:00,139.1,50,ask,DiligentDonuts,FlawlessFlatbreads,12797994
2026-07-08T23:06:18.109769,2026-07-08T23:06:18.118043+00:00,139.2,12,bid,Xuanyu Liu,EarnestEspressos,12798019
2026-07-08T23:06:18.352179,2026-07-08T23:06:18.358589+00:00,139.1,50,ask,DiligentDonuts,FlawlessFlatbreads,12798027
2026-07-08T23:06:21.304413,2026-07-08T23:06:21.311060+00:00,139.6,49,bid,CostlyCorianders,DiligentDonuts,12798066
2026-07-08T23:06:22.529997,2026-07-08T23:06:22.541822+00:00,139.7,50,bid,FlawlessFlatbreads,EarnestEspressos,12798084
2026-07-08T23:06:23.328047,2026-07-08T23:06:23.334436+00:00,139.7,40,bid,CostlyCorianders,EarnestEspressos,12798096
2026-07-08T23:06:24.046872,2026-07-08T23:06:24.054955+00:00,139.7,26,ask,EarnestEspressos,Xuanyu Liu,12798110
2026-07-08T23:06:24.638734,2026-07-08T23:06:24.653480+00:00,139.9,50,bid,FlawlessFlatbreads,DiligentDonuts,12798121
2026-07-08T23:06:28.084395,2026-07-08T23:06:28.095892+00:00,139.7,40,ask,EarnestEspressos,CostlyCorianders,12798161
2026-07-08T23:06:28.901530,2026-07-08T23:06:28.913048+00:00,139.7,50,ask,EarnestEspressos,FlawlessFlatbreads,12798171
2026-07-08T23:06:30.740518,2026-07-08T23:06:30.752013+00:00,139.8,40,bid,CostlyCorianders,DiligentDonuts,12798200
2026-07-08T23:06:31.006935,2026-07-08T23:06:31.018583+00:00,139.3,50,ask,DiligentDonuts,FlawlessFlatbreads,12798206
2026-07-08T23:06:32.249338,2026-07-08T23:06:32.258584+00:00,139.5,40,ask,DiligentDonuts,CostlyCorianders,12798224
2026-07-08T23:06:32.714226,2026-07-08T23:06:32.726276+00:00,139.8,42,bid,CostlyCorianders,EarnestEspressos,12798230
2026-07-08T23:06:33.144946,2026-07-08T23:06:33.158585+00:00,139.5,50,ask,DiligentDonuts,FlawlessFlatbreads,12798234
2026-07-08T23:06:33.323185,2026-07-08T23:06:33.334858+00:00,139.8,45,bid,CostlyCorianders,EarnestEspressos,12798236
2026-07-08T23:06:34.317652,2026-07-08T23:06:34.329576+00:00,139.8,49,ask,EarnestEspressos,CostlyCorianders,12798245
2026-07-08T23:06:34.950967,2026-07-08T23:06:34.958600+00:00,139.8,44,ask,EarnestEspressos,CostlyCorianders,12798256
2026-07-08T23:06:37.303284,2026-07-08T23:06:37.314771+00:00,140.0,50,bid,FlawlessFlatbreads,EarnestEspressos,12798298
2026-07-08T23:06:37.965523,2026-07-08T23:06:37.977544+00:00,139.6,43,ask,DiligentDonuts,CostlyCorianders,12798311
2026-07-08T23:06:38.451724,2026-07-08T23:06:38.461041+00:00,139.7,3,bid,Xuanyu Liu,DiligentDonuts,12798320
2026-07-08T23:06:39.444790,2026-07-08T23:06:39.453271+00:00,139.7,50,bid,FlawlessFlatbreads,DiligentDonuts,12798339
2026-07-08T23:06:40.332731,2026-07-08T23:06:40.344318+00:00,139.7,40,bid,CostlyCorianders,DiligentDonuts,12798348
2026-07-08T23:06:40.427303,2026-07-08T23:06:40.435594+00:00,139.7,7,bid,Xuanyu Liu,DiligentDonuts,12798350
2026-07-08T23:06:41.551786,2026-07-08T23:06:41.558614+00:00,140.0,50,bid,FlawlessFlatbreads,EarnestEspressos,12798374
2026-07-08T23:06:43.048795,2026-07-08T23:06:43.058094+00:00,140.1,10,ask,EarnestEspressos,Xuanyu Liu,12798394
2026-07-08T23:06:44.779655,2026-07-08T23:06:44.787442+00:00,140.1,100,ask,EarnestEspressos,DiligentDonuts,12798421
2026-07-08T23:06:44.836376,2026-07-08T23:06:44.845104+00:00,140.1,40,ask,EarnestEspressos,CostlyCorianders,12798423
2026-07-08T23:06:44.836376,2026-07-08T23:06:44.845104+00:00,139.6,1,ask,DiligentDonuts,CostlyCorianders,12798424
2026-07-08T23:06:45.826394,2026-07-08T23:06:45.838252+00:00,139.6,50,ask,DiligentDonuts,FlawlessFlatbreads,12798436
2026-07-08T23:06:46.245280,2026-07-08T23:06:46.258542+00:00,139.6,49,ask,DiligentDonuts,EarnestEspressos,12798441
2026-07-08T23:06:46.259638,2026-07-08T23:06:46.268128+00:00,139.6,3,bid,Xuanyu Liu,EarnestEspressos,12798442
2026-07-08T23:06:46.755220,2026-07-08T23:06:46.766951+00:00,139.6,41,bid,CostlyCorianders,EarnestEspressos,12798453
2026-07-08T23:06:47.883326,2026-07-08T23:06:47.894793+00:00,139.6,50,bid,FlawlessFlatbreads,EarnestEspressos,12798469
2026-07-08T23:06:47.892810,2026-07-08T23:06:47.900068+00:00,139.6,7,bid,CostlyCorianders,EarnestEspressos,12798470
2026-07-08T23:06:49.330615,2026-07-08T23:06:49.342288+00:00,139.5,47,ask,DiligentDonuts,CostlyCorianders,12798490
2026-07-08T23:06:49.609468,2026-07-08T23:06:49.618403+00:00,139.8,3,ask,EarnestEspressos,Xuanyu Liu,12798497
2026-07-08T23:06:50.042846,2026-07-08T23:06:50.051485+00:00,139.8,50,ask,EarnestEspressos,FlawlessFlatbreads,12798504
2026-07-08T23:06:52.098542,2026-07-08T23:06:52.110029+00:00,139.9,50,bid,FlawlessFlatbreads,DiligentDonuts,12798540
2026-07-08T23:06:52.474082,2026-07-08T23:06:52.482082+00:00,139.9,43,bid,CostlyCorianders,DiligentDonuts,12798545
2026-07-08T23:06:54.029526,2026-07-08T23:06:54.041807+00:00,139.9,7,bid,CostlyCorianders,DiligentDonuts,12798559
2026-07-08T23:06:54.029526,2026-07-08T23:06:54.041807+00:00,139.9,38,bid,CostlyCorianders,EarnestEspressos,12798560
2026-07-08T23:06:54.255568,2026-07-08T23:06:54.267493+00:00,139.4,50,ask,EarnestEspressos,FlawlessFlatbreads,12798563
2026-07-08T23:06:56.365515,2026-07-08T23:06:56.377025+00:00,139.4,50,ask,DiligentDonuts,FlawlessFlatbreads,12798594
2026-07-08T23:07:00.530054,2026-07-08T23:07:00.541638+00:00,139.6,50,bid,FlawlessFlatbreads,EarnestEspressos,12798654
2026-07-08T23:07:00.546423,2026-07-08T23:07:00.554304+00:00,139.6,100,bid,DiligentDonuts,EarnestEspressos,12798655
2026-07-08T23:07:00.906842,2026-07-08T23:07:00.918433+00:00,139.1,48,ask,EarnestEspressos,CostlyCorianders,12798662
2026-07-08T23:07:02.700563,2026-07-08T23:07:02.707540+00:00,139.5,50,ask,EarnestEspressos,FlawlessFlatbreads,12798700
2026-07-08T23:07:04.756617,2026-07-08T23:07:04.758553+00:00,139.6,50,bid,FlawlessFlatbreads,DiligentDonuts,12798738
2026-07-08T23:07:06.862651,2026-07-08T23:07:06.874239+00:00,139.9,50,bid,FlawlessFlatbreads,EarnestEspressos,12798767
2026-07-08T23:07:07.954815,2026-07-08T23:07:07.966736+00:00,139.7,49,bid,CostlyCorianders,DiligentDonuts,12798782
2026-07-08T23:07:08.338912,2026-07-08T23:07:08.349719+00:00,139.7,51,bid,EarnestEspressos,DiligentDonuts,12798788
2026-07-08T23:07:09.933309,2026-07-08T23:07:09.941564+00:00,139.7,45,ask,EarnestEspressos,CostlyCorianders,12798813
2026-07-08T23:07:11.128307,2026-07-08T23:07:11.140296+00:00,139.7,50,ask,EarnestEspressos,FlawlessFlatbreads,12798831
2026-07-08T23:07:11.429041,2026-07-08T23:07:11.440659+00:00,139.7,4,ask,EarnestEspressos,CostlyCorianders,12798833
2026-07-08T23:07:11.429041,2026-07-08T23:07:11.440659+00:00,139.6,40,ask,DiligentDonuts,CostlyCorianders,12798834
2026-07-08T23:07:13.185249,2026-07-08T23:07:13.195399+00:00,139.7,50,bid,FlawlessFlatbreads,EarnestEspressos,12798862
2026-07-08T23:07:13.439081,2026-07-08T23:07:13.450517+00:00,139.7,46,bid,CostlyCorianders,EarnestEspressos,12798863
2026-07-08T23:07:15.017926,2026-07-08T23:07:15.029422+00:00,139.7,45,ask,EarnestEspressos,CostlyCorianders,12798878
2026-07-08T23:07:15.344344,2026-07-08T23:07:15.358618+00:00,139.7,50,ask,EarnestEspressos,FlawlessFlatbreads,12798883
2026-07-08T23:07:17.453283,2026-07-08T23:07:17.456910+00:00,139.7,50,ask,EarnestEspressos,FlawlessFlatbreads,12798913
2026-07-08T23:07:17.895193,2026-07-08T23:07:17.903769+00:00,139.6,3,bid,Xuanyu Liu,EarnestEspressos,12798918
2026-07-08T23:07:19.562212,2026-07-08T23:07:19.573660+00:00,139.5,50,ask,DiligentDonuts,FlawlessFlatbreads,12798949
2026-07-08T23:07:19.813403,2026-07-08T23:07:19.823149+00:00,139.6,11,bid,Xuanyu Liu,EarnestEspressos,12798954
2026-07-08T23:07:21.031601,2026-07-08T23:07:21.043331+00:00,140.0,43,bid,CostlyCorianders,DiligentDonuts,12798974
2026-07-08T23:07:23.773373,2026-07-08T23:07:23.783352+00:00,139.6,50,ask,DiligentDonuts,FlawlessFlatbreads,12799017
2026-07-08T23:07:24.185203,2026-07-08T23:07:24.193658+00:00,140.1,41,bid,CostlyCorianders,DiligentDonuts,12799028
2026-07-08T23:07:24.240000,2026-07-08T23:07:24.248466+00:00,139.6,49,ask,DiligentDonuts,CostlyCorianders,12799029
2026-07-08T23:07:27.085774,2026-07-08T23:07:27.094013+00:00,139.8,12,bid,Xuanyu Liu,EarnestEspressos,12799070
2026-07-08T23:07:27.173911,2026-07-08T23:07:27.184762+00:00,139.8,41,bid,CostlyCorianders,EarnestEspressos,12799072
2026-07-08T23:07:27.982068,2026-07-08T23:07:27.993652+00:00,139.7,50,ask,EarnestEspressos,FlawlessFlatbreads,12799079
2026-07-08T23:07:28.858843,2026-07-08T23:07:28.869069+00:00,139.7,46,ask,EarnestEspressos,CostlyCorianders,12799087
2026-07-08T23:07:30.064556,2026-07-08T23:07:30.074939+00:00,140.2,50,bid,FlawlessFlatbreads,EarnestEspressos,12799101
2026-07-08T23:07:31.117243,2026-07-08T23:07:31.128865+00:00,139.9,43,bid,CostlyCorianders,EarnestEspressos,12799120
2026-07-08T23:07:31.947809,2026-07-08T23:07:31.964632+00:00,139.7,12,ask,DiligentDonuts,Xuanyu Liu,12799134
2026-07-08T23:07:32.171259,2026-07-08T23:07:32.179423+00:00,139.9,50,bid,FlawlessFlatbreads,EarnestEspressos,12799138
2026-07-08T23:07:34.153791,2026-07-08T23:07:34.165373+00:00,139.8,44,bid,CostlyCorianders,DiligentDonuts,12799171
2026-07-08T23:07:34.305554,2026-07-08T23:07:34.315766+00:00,139.8,50,bid,FlawlessFlatbreads,DiligentDonuts,12799174
2026-07-08T23:07:36.417722,2026-07-08T23:07:36.429752+00:00,139.9,10,bid,FlawlessFlatbreads,Ramzy Ramadhani,12799202
2026-07-08T23:07:36.417722,2026-07-08T23:07:36.429752+00:00,140.0,40,bid,FlawlessFlatbreads,DiligentDonuts,12799203
2026-07-08T23:07:37.405625,2026-07-08T23:07:37.417516+00:00,139.5,45,ask,DiligentDonuts,CostlyCorianders,12799213
2026-07-08T23:07:38.052317,2026-07-08T23:07:38.059688+00:00,139.5,46,ask,DiligentDonuts,CostlyCorianders,12799231
2026-07-08T23:07:38.551593,2026-07-08T23:07:38.552362+00:00,140.0,50,bid,FlawlessFlatbreads,EarnestEspressos,12799234
2026-07-08T23:07:39.980189,2026-07-08T23:07:39.991872+00:00,140.0,100,bid,EarnestEspressos,DiligentDonuts,12799248
2026-07-08T23:07:40.047662,2026-07-08T23:07:40.056091+00:00,140.1,11,ask,EarnestEspressos,Xuanyu Liu,12799249
2026-07-08T23:07:40.960139,2026-07-08T23:07:40.969336+00:00,140.1,3,ask,EarnestEspressos,Xuanyu Liu,12799260
2026-07-08T23:07:41.142738,2026-07-08T23:07:41.158609+00:00,140.6,42,bid,CostlyCorianders,EarnestEspressos,12799269
2026-07-08T23:07:41.667365,2026-07-08T23:07:41.674045+00:00,140.1,36,ask,EarnestEspressos,CostlyCorianders,12799272
2026-07-08T23:07:42.824127,2026-07-08T23:07:42.836021+00:00,139.9,50,ask,DiligentDonuts,FlawlessFlatbreads,12799289
2026-07-08T23:07:43.144888,2026-07-08T23:07:43.155231+00:00,139.9,46,ask,DiligentDonuts,CostlyCorianders,12799294
2026-07-08T23:07:44.173212,2026-07-08T23:07:44.184966+00:00,140.1,48,bid,CostlyCorianders,EarnestEspressos,12799308
2026-07-08T23:07:44.880051,2026-07-08T23:07:44.887034+00:00,140.1,50,bid,FlawlessFlatbreads,EarnestEspressos,12799324
2026-07-08T23:07:45.248313,2026-07-08T23:07:45.254821+00:00,140.1,48,bid,CostlyCorianders,EarnestEspressos,12799328
2026-07-08T23:07:45.270220,2026-07-08T23:07:45.279105+00:00,140.1,3,bid,Xuanyu Liu,EarnestEspressos,12799329
2026-07-08T23:07:46.305271,2026-07-08T23:07:46.317043+00:00,140.3,100,bid,EarnestEspressos,DiligentDonuts,12799340
2026-07-08T23:07:46.370419,2026-07-08T23:07:46.378863+00:00,140.4,3,ask,EarnestEspressos,Xuanyu Liu,12799343
2026-07-08T23:07:46.418478,2026-07-08T23:07:46.431024+00:00,140.4,47,ask,EarnestEspressos,CostlyCorianders,12799345
2026-07-08T23:07:46.986392,2026-07-08T23:07:46.993049+00:00,140.9,50,bid,FlawlessFlatbreads,EarnestEspressos,12799353
2026-07-08T23:07:49.063249,2026-07-08T23:07:49.075158+00:00,140.1,48,ask,DiligentDonuts,CostlyCorianders,12799378
2026-07-08T23:07:49.092992,2026-07-08T23:07:49.104837+00:00,140.6,50,bid,FlawlessFlatbreads,DiligentDonuts,12799379
2026-07-08T23:07:52.078814,2026-07-08T23:07:52.090445+00:00,140.3,49,bid,CostlyCorianders,EarnestEspressos,12799411
2026-07-08T23:07:52.653854,2026-07-08T23:07:52.657952+00:00,140.1,48,ask,EarnestEspressos,CostlyCorianders,12799419
2026-07-08T23:07:53.732841,2026-07-08T23:07:53.744798+00:00,140.4,46,bid,CostlyCorianders,DiligentDonuts,12799424
2026-07-08T23:07:54.693765,2026-07-08T23:07:54.705541+00:00,140.1,40,ask,EarnestEspressos,CostlyCorianders,12799441
2026-07-08T23:07:55.486937,2026-07-08T23:07:55.495000+00:00,140.1,50,ask,EarnestEspressos,FlawlessFlatbreads,12799449
2026-07-08T23:07:55.849276,2026-07-08T23:07:55.855840+00:00,140.6,43,bid,CostlyCorianders,DiligentDonuts,12799450
2026-07-08T23:07:55.860808,2026-07-08T23:07:55.869028+00:00,140.1,100,ask,DiligentDonuts,EarnestEspressos,12799451
2026-07-08T23:07:56.544709,2026-07-08T23:07:56.554978+00:00,139.8,3,bid,Xuanyu Liu,EarnestEspressos,12799462
2026-07-08T23:07:57.500032,2026-07-08T23:07:57.509997+00:00,139.8,47,bid,DiligentDonuts,EarnestEspressos,12799476
2026-07-08T23:07:59.696305,2026-07-08T23:07:59.707963+00:00,140.0,50,ask,EarnestEspressos,FlawlessFlatbreads,12799501
2026-07-08T23:08:01.033064,2026-07-08T23:08:01.044854+00:00,140.4,43,bid,CostlyCorianders,DiligentDonuts,12799522
2026-07-08T23:08:01.753888,2026-07-08T23:08:01.765715+00:00,140.4,50,bid,FlawlessFlatbreads,DiligentDonuts,12799531
2026-07-08T23:08:03.164835,2026-07-08T23:08:03.175850+00:00,140.1,3,ask,EarnestEspressos,Xuanyu Liu,12799545
2026-07-08T23:08:03.862981,2026-07-08T23:08:03.874844+00:00,140.6,50,bid,FlawlessFlatbreads,EarnestEspressos,12799557
2026-07-08T23:08:06.022166,2026-07-08T23:08:06.031067+00:00,140.2,50,ask,EarnestEspressos,FlawlessFlatbreads,12799583
2026-07-08T23:08:08.132715,2026-07-08T23:08:08.142579+00:00,140.2,50,ask,EarnestEspressos,FlawlessFlatbreads,12799611
2026-07-08T23:08:09.541008,2026-07-08T23:08:09.552845+00:00,140.2,40,bid,CostlyCorianders,EarnestEspressos,12799635
2026-07-08T23:08:09.955085,2026-07-08T23:08:09.955677+00:00,140.2,2,bid,Ramzy Ramadhani,EarnestEspressos,12799641
2026-07-08T23:08:09.959689,2026-07-08T23:08:09.969619+00:00,140.2,2,bid,Ramzy Ramadhani,EarnestEspressos,12799642
2026-07-08T23:08:10.169720,2026-07-08T23:08:10.178460+00:00,140.2,100,bid,DiligentDonuts,EarnestEspressos,12799646
2026-07-08T23:08:10.187355,2026-07-08T23:08:10.198841+00:00,140.2,6,bid,FlawlessFlatbreads,EarnestEspressos,12799647
2026-07-08T23:08:11.635065,2026-07-08T23:08:11.647025+00:00,140.5,10,bid,EarnestEspressos,Ramzy Ramadhani,12799669
2026-07-08T23:08:12.294190,2026-07-08T23:08:12.306023+00:00,140.7,50,bid,FlawlessFlatbreads,DiligentDonuts,12799677
2026-07-08T23:08:12.370248,2026-07-08T23:08:12.378799+00:00,140.5,3,ask,EarnestEspressos,Xuanyu Liu,12799680
2026-07-08T23:08:13.928351,2026-07-08T23:08:13.937229+00:00,140.5,10,ask,EarnestEspressos,Ramzy Ramadhani,12799699
2026-07-08T23:08:14.402099,2026-07-08T23:08:14.412999+00:00,140.7,50,bid,FlawlessFlatbreads,DiligentDonuts,12799707
2026-07-08T23:08:16.511893,2026-07-08T23:08:16.520178+00:00,140.8,50,bid,FlawlessFlatbreads,EarnestEspressos,12799729
2026-07-08T23:08:17.520261,2026-07-08T23:08:17.531940+00:00,140.4,42,ask,DiligentDonuts,CostlyCorianders,12799747
2026-07-08T23:08:17.965970,2026-07-08T23:08:17.973464+00:00,140.7,10,bid,EarnestEspressos,Ramzy Ramadhani,12799754
2026-07-08T23:08:18.605712,2026-07-08T23:08:18.612447+00:00,140.8,45,ask,EarnestEspressos,CostlyCorianders,12799765
2026-07-08T23:08:18.668951,2026-07-08T23:08:18.681032+00:00,140.8,50,ask,EarnestEspressos,FlawlessFlatbreads,12799766
2026-07-08T23:08:18.722709,2026-07-08T23:08:18.730177+00:00,140.8,10,ask,EarnestEspressos,Ramzy Ramadhani,12799768
2026-07-08T23:08:19.080957,2026-07-08T23:08:19.090574+00:00,140.8,35,ask,EarnestEspressos,CostlyCorianders,12799777
2026-07-08T23:08:19.080957,2026-07-08T23:08:19.090574+00:00,140.4,12,ask,DiligentDonuts,CostlyCorianders,12799778
2026-07-08T23:08:20.323157,2026-07-08T23:08:20.333436+00:00,140.7,2,bid,Ramzy Ramadhani,DiligentDonuts,12799800
2026-07-08T23:08:20.599106,2026-07-08T23:08:20.605898+00:00,140.7,2,bid,Ramzy Ramadhani,DiligentDonuts,12799810
2026-07-08T23:08:20.779500,2026-07-08T23:08:20.788999+00:00,140.2,50,ask,DiligentDonuts,FlawlessFlatbreads,12799812
2026-07-08T23:08:21.397248,2026-07-08T23:08:21.405287+00:00,140.7,46,bid,CostlyCorianders,DiligentDonuts,12799816
2026-07-08T23:08:21.896584,2026-07-08T23:08:21.906761+00:00,140.2,46,ask,DiligentDonuts,CostlyCorianders,12799825
2026-07-08T23:08:22.834302,2026-07-08T23:08:22.844089+00:00,140.7,50,bid,FlawlessFlatbreads,EarnestEspressos,12799838
2026-07-08T23:08:22.881695,2026-07-08T23:08:22.893631+00:00,140.6,3,bid,Xuanyu Liu,DiligentDonuts,12799840
2026-07-08T23:08:22.969114,2026-07-08T23:08:22.980877+00:00,140.6,25,bid,Ramzy Ramadhani,DiligentDonuts,12799845
2026-07-08T23:08:23.238382,2026-07-08T23:08:23.245459+00:00,140.6,17,bid,Ramzy Ramadhani,DiligentDonuts,12799848
2026-07-08T23:08:24.941813,2026-07-08T23:08:24.953512+00:00,140.6,50,bid,FlawlessFlatbreads,DiligentDonuts,12799871
2026-07-08T23:08:25.219038,2026-07-08T23:08:25.232603+00:00,140.6,5,bid,CostlyCorianders,DiligentDonuts,12799875
2026-07-08T23:08:25.219038,2026-07-08T23:08:25.232603+00:00,140.7,10,bid,CostlyCorianders,Ramzy Ramadhani,12799876
2026-07-08T23:08:25.219038,2026-07-08T23:08:25.232603+00:00,140.9,33,bid,CostlyCorianders,EarnestEspressos,12799877
2026-07-08T23:08:26.157731,2026-07-08T23:08:26.169780+00:00,140.6,45,ask,DiligentDonuts,CostlyCorianders,12799891
2026-07-08T23:08:27.100289,2026-07-08T23:08:27.112142+00:00,140.6,50,ask,DiligentDonuts,FlawlessFlatbreads,12799905
2026-07-08T23:08:29.150914,2026-07-08T23:08:29.155812+00:00,140.7,10,bid,CostlyCorianders,Ramzy Ramadhani,12799931
2026-07-08T23:08:29.150914,2026-07-08T23:08:29.155812+00:00,141.0,36,bid,CostlyCorianders,EarnestEspressos,12799932
2026-07-08T23:08:29.209645,2026-07-08T23:08:29.219826+00:00,140.5,50,ask,EarnestEspressos,FlawlessFlatbreads,12799933
2026-07-08T23:08:29.308592,2026-07-08T23:08:29.320443+00:00,140.6,2,bid,Ramzy Ramadhani,DiligentDonuts,12799934
2026-07-08T23:08:29.572911,2026-07-08T23:08:29.582499+00:00,140.6,2,bid,Ramzy Ramadhani,DiligentDonuts,12799938
2026-07-08T23:08:29.632370,2026-07-08T23:08:29.639488+00:00,140.6,46,bid,CostlyCorianders,DiligentDonuts,12799939
2026-07-08T23:08:29.837816,2026-07-08T23:08:29.849669+00:00,140.6,2,bid,Ramzy Ramadhani,DiligentDonuts,12799943
2026-07-08T23:08:30.702816,2026-07-08T23:08:30.712108+00:00,140.3,43,ask,EarnestEspressos,CostlyCorianders,12799959
2026-07-08T23:08:32.214187,2026-07-08T23:08:32.221334+00:00,140.6,14,bid,Ramzy Ramadhani,DiligentDonuts,12799984
2026-07-08T23:08:33.420891,2026-07-08T23:08:33.428456+00:00,140.6,50,ask,DiligentDonuts,FlawlessFlatbreads,12799987
2026-07-08T23:08:37.421563,2026-07-08T23:08:37.429601+00:00,140.3,47,ask,DiligentDonuts,CostlyCorianders,12800050
2026-07-08T23:08:37.584646,2026-07-08T23:08:37.596608+00:00,140.6,50,bid,FlawlessFlatbreads,EarnestEspressos,12800055
2026-07-08T23:08:38.577099,2026-07-08T23:08:38.588463+00:00,140.6,41,bid,CostlyCorianders,EarnestEspressos,12800074
2026-07-08T23:08:39.687552,2026-07-08T23:08:39.694903+00:00,140.1,47,ask,EarnestEspressos,CostlyCorianders,12800089
2026-07-08T23:08:39.692440,2026-07-08T23:08:39.700080+00:00,140.4,10,bid,FlawlessFlatbreads,Ramzy Ramadhani,12800090
2026-07-08T23:08:39.692440,2026-07-08T23:08:39.705419+00:00,140.6,40,bid,FlawlessFlatbreads,EarnestEspressos,12800091
2026-07-08T23:08:40.848327,2026-07-08T23:08:40.854775+00:00,140.6,41,bid,CostlyCorianders,DiligentDonuts,12800117
2026-07-08T23:08:41.799749,2026-07-08T23:08:41.811343+00:00,140.5,10,bid,FlawlessFlatbreads,Ramzy Ramadhani,12800134
2026-07-08T23:08:41.799749,2026-07-08T23:08:41.811343+00:00,140.7,40,bid,FlawlessFlatbreads,EarnestEspressos,12800135
2026-07-08T23:08:41.895056,2026-07-08T23:08:41.911602+00:00,140.5,45,bid,CostlyCorianders,DiligentDonuts,12800138
2026-07-08T23:08:43.299376,2026-07-08T23:08:43.308391+00:00,140.3,10,ask,EarnestEspressos,Ramzy Ramadhani,12800158
2026-07-08T23:08:43.567088,2026-07-08T23:08:43.574520+00:00,140.3,10,ask,EarnestEspressos,Ramzy Ramadhani,12800169
2026-07-08T23:08:44.005435,2026-07-08T23:08:44.070107+00:00,140.3,50,ask,EarnestEspressos,FlawlessFlatbreads,12800174
2026-07-08T23:08:45.993078,2026-07-08T23:08:46.004717+00:00,140.4,2,bid,Ramzy Ramadhani,DiligentDonuts,12800221
2026-07-08T23:08:46.064303,2026-07-08T23:08:46.075251+00:00,140.4,50,bid,FlawlessFlatbreads,DiligentDonuts,12800223
2026-07-08T23:08:48.222524,2026-07-08T23:08:48.230609+00:00,140.3,50,ask,DiligentDonuts,FlawlessFlatbreads,12800262
2026-07-08T23:08:50.282480,2026-07-08T23:08:50.294058+00:00,140.8,50,bid,FlawlessFlatbreads,DiligentDonuts,12800290
2026-07-08T23:08:53.003066,2026-07-08T23:08:53.011666+00:00,140.2,44,ask,DiligentDonuts,CostlyCorianders,12800318
2026-07-08T23:08:53.530287,2026-07-08T23:08:53.541878+00:00,140.5,10,bid,CostlyCorianders,Ramzy Ramadhani,12800323
2026-07-08T23:08:53.530287,2026-07-08T23:08:53.541878+00:00,140.7,35,bid,CostlyCorianders,DiligentDonuts,12800324
2026-07-08T23:08:54.022888,2026-07-08T23:08:54.034421+00:00,140.2,45,ask,DiligentDonuts,CostlyCorianders,12800332
2026-07-08T23:08:54.510713,2026-07-08T23:08:54.522248+00:00,140.6,10,bid,FlawlessFlatbreads,Ramzy Ramadhani,12800342
2026-07-08T23:08:54.510713,2026-07-08T23:08:54.522248+00:00,140.7,40,bid,FlawlessFlatbreads,EarnestEspressos,12800343
2026-07-08T23:08:54.531621,2026-07-08T23:08:54.543971+00:00,140.2,44,ask,EarnestEspressos,CostlyCorianders,12800344
2026-07-08T23:08:58.464870,2026-07-08T23:08:58.475713+00:00,140.5,48,bid,CostlyCorianders,EarnestEspressos,12800405
2026-07-08T23:08:58.727210,2026-07-08T23:08:58.738805+00:00,140.5,50,bid,FlawlessFlatbreads,EarnestEspressos,12800409
2026-07-08T23:08:59.126565,2026-07-08T23:08:59.134504+00:00,140.6,3,ask,EarnestEspressos,Xuanyu Liu,12800411
2026-07-08T23:08:59.376345,2026-07-08T23:08:59.387869+00:00,140.6,25,ask,EarnestEspressos,Ramzy Ramadhani,12800418
2026-07-08T23:08:59.642703,2026-07-08T23:08:59.658587+00:00,140.6,25,ask,EarnestEspressos,Ramzy Ramadhani,12800423
2026-07-08T23:08:59.913510,2026-07-08T23:08:59.925474+00:00,140.6,25,ask,EarnestEspressos,Ramzy Ramadhani,12800430
2026-07-08T23:09:00.186896,2026-07-08T23:09:00.194375+00:00,140.6,25,ask,EarnestEspressos,Ramzy Ramadhani,12800434
2026-07-08T23:09:00.455831,2026-07-08T23:09:00.458640+00:00,140.6,25,ask,EarnestEspressos,Ramzy Ramadhani,12800439
2026-07-08T23:09:00.724939,2026-07-08T23:09:00.736607+00:00,140.6,17,ask,EarnestEspressos,Ramzy Ramadhani,12800443
2026-07-08T23:09:00.834859,2026-07-08T23:09:00.846381+00:00,141.1,50,bid,FlawlessFlatbreads,EarnestEspressos,12800446
2026-07-08T23:09:00.857048,2026-07-08T23:09:00.869400+00:00,140.6,5,ask,EarnestEspressos,DiligentDonuts,12800447
2026-07-08T23:09:01.146492,2026-07-08T23:09:01.163892+00:00,140.5,10,ask,Ramzy Ramadhani,CostlyCorianders,12800456
2026-07-08T23:09:01.146492,2026-07-08T23:09:01.163892+00:00,140.1,33,ask,DiligentDonuts,CostlyCorianders,12800457
2026-07-08T23:09:02.214858,2026-07-08T23:09:02.223862+00:00,140.5,10,ask,Ramzy Ramadhani,Xuanyu Liu,12800473
2026-07-08T23:09:02.874290,2026-07-08T23:09:02.882557+00:00,140.5,44,bid,CostlyCorianders,EarnestEspressos,12800485
2026-07-08T23:09:02.940664,2026-07-08T23:09:02.952274+00:00,140.5,50,bid,FlawlessFlatbreads,EarnestEspressos,12800488
2026-07-08T23:09:03.525306,2026-07-08T23:09:03.533674+00:00,140.5,41,bid,CostlyCorianders,EarnestEspressos,12800494
2026-07-08T23:09:04.826536,2026-07-08T23:09:04.835436+00:00,140.4,10,bid,Xuanyu Liu,DiligentDonuts,12800511
2026-07-08T23:09:05.048113,2026-07-08T23:09:05.058603+00:00,140.4,50,bid,FlawlessFlatbreads,DiligentDonuts,12800513
2026-07-08T23:09:05.437495,2026-07-08T23:09:05.459354+00:00,140.4,40,bid,EarnestEspressos,DiligentDonuts,12800519
2026-07-08T23:09:05.450278,2026-07-08T23:09:05.459354+00:00,140.7,11,ask,EarnestEspressos,Xuanyu Liu,12800520
2026-07-08T23:09:05.535712,2026-07-08T23:09:05.547723+00:00,140.7,20,ask,EarnestEspressos,Ramzy Ramadhani,12800522
2026-07-08T23:09:06.140129,2026-07-08T23:09:06.150004+00:00,140.7,12,ask,EarnestEspressos,Xuanyu Liu,12800533
2026-07-08T23:09:07.155670,2026-07-08T23:09:07.167374+00:00,141.2,50,bid,FlawlessFlatbreads,EarnestEspressos,12800548
2026-07-08T23:09:07.545958,2026-07-08T23:09:07.552523+00:00,140.7,41,ask,EarnestEspressos,CostlyCorianders,12800550
2026-07-08T23:09:08.081022,2026-07-08T23:09:08.092788+00:00,140.7,26,ask,EarnestEspressos,CostlyCorianders,12800556
2026-07-08T23:09:08.081022,2026-07-08T23:09:08.092788+00:00,140.3,21,ask,DiligentDonuts,CostlyCorianders,12800557
2026-07-08T23:09:09.313696,2026-07-08T23:09:09.325489+00:00,140.3,50,ask,DiligentDonuts,FlawlessFlatbreads,12800578
2026-07-08T23:09:10.080154,2026-07-08T23:09:10.092013+00:00,140.7,40,bid,CostlyCorianders,EarnestEspressos,12800583
2026-07-08T23:09:10.353919,2026-07-08T23:09:10.362240+00:00,140.4,12,bid,Xuanyu Liu,DiligentDonuts,12800587
2026-07-08T23:09:11.421665,2026-07-08T23:09:11.433697+00:00,140.3,10,ask,Ramzy Ramadhani,FlawlessFlatbreads,12800597
2026-07-08T23:09:11.421665,2026-07-08T23:09:11.433697+00:00,140.2,40,ask,EarnestEspressos,FlawlessFlatbreads,12800598
2026-07-08T23:09:11.533258,2026-07-08T23:09:11.545226+00:00,140.2,2,ask,EarnestEspressos,Ramzy Ramadhani,12800599
2026-07-08T23:09:11.552564,2026-07-08T23:09:11.564226+00:00,140.4,44,bid,CostlyCorianders,DiligentDonuts,12800600
2026-07-08T23:09:12.089150,2026-07-08T23:09:12.100557+00:00,140.1,47,ask,EarnestEspressos,CostlyCorianders,12800611
2026-07-08T23:09:13.529905,2026-07-08T23:09:13.538316+00:00,140.1,50,ask,EarnestEspressos,FlawlessFlatbreads,12800629
2026-07-08T23:09:14.128073,2026-07-08T23:09:14.142040+00:00,140.1,48,ask,EarnestEspressos,CostlyCorianders,12800633
2026-07-08T23:09:14.710718,2026-07-08T23:09:14.722420+00:00,140.4,48,bid,CostlyCorianders,DiligentDonuts,12800641
2026-07-08T23:09:14.995501,2026-07-08T23:09:15.009575+00:00,140.0,10,ask,Ramzy Ramadhani,EarnestEspressos,12800645
2026-07-08T23:09:14.995501,2026-07-08T23:09:15.009575+00:00,139.9,100,ask,DiligentDonuts,EarnestEspressos,12800646
2026-07-08T23:09:15.014354,2026-07-08T23:09:15.024028+00:00,139.9,14,bid,Xuanyu Liu,EarnestEspressos,12800647
2026-07-08T23:09:15.183860,2026-07-08T23:09:15.194740+00:00,139.9,25,bid,Ramzy Ramadhani,EarnestEspressos,12800651
2026-07-08T23:09:15.636281,2026-07-08T23:09:15.648180+00:00,139.8,10,ask,Ramzy Ramadhani,FlawlessFlatbreads,12800665
2026-07-08T23:09:16.274127,2026-07-08T23:09:16.285992+00:00,139.9,1,bid,Ramzy Ramadhani,EarnestEspressos,12800671
2026-07-08T23:09:17.137006,2026-07-08T23:09:17.148182+00:00,139.9,49,ask,DiligentDonuts,CostlyCorianders,12800684
2026-07-08T23:09:17.743876,2026-07-08T23:09:17.753127+00:00,139.9,50,ask,DiligentDonuts,FlawlessFlatbreads,12800693
2026-07-08T23:09:18.647704,2026-07-08T23:09:18.654133+00:00,140.4,44,bid,CostlyCorianders,DiligentDonuts,12800707
2026-07-08T23:09:21.906624,2026-07-08T23:09:21.918259+00:00,140.2,50,bid,FlawlessFlatbreads,DiligentDonuts,12800746
2026-07-08T23:09:24.972929,2026-07-08T23:09:24.980643+00:00,140.4,41,bid,CostlyCorianders,DiligentDonuts,12800792
2026-07-08T23:09:25.552300,2026-07-08T23:09:25.564036+00:00,140.1,48,ask,EarnestEspressos,CostlyCorianders,12800806
2026-07-08T23:09:26.121144,2026-07-08T23:09:26.130717+00:00,140.6,50,bid,FlawlessFlatbreads,EarnestEspressos,12800813
2026-07-08T23:09:26.134832,2026-07-08T23:09:26.146224+00:00,140.6,46,bid,CostlyCorianders,EarnestEspressos,12800814
2026-07-08T23:09:28.278674,2026-07-08T23:09:28.290558+00:00,140.5,50,ask,EarnestEspressos,FlawlessFlatbreads,12800845
2026-07-08T23:09:28.846336,2026-07-08T23:09:28.854498+00:00,140.5,42,ask,EarnestEspressos,CostlyCorianders,12800853
2026-07-08T23:09:30.330293,2026-07-08T23:09:30.342316+00:00,140.8,43,bid,CostlyCorianders,DiligentDonuts,12800870
2026-07-08T23:09:30.336858,2026-07-08T23:09:30.347524+00:00,140.8,50,bid,FlawlessFlatbreads,DiligentDonuts,12800871
2026-07-08T23:09:32.459393,2026-07-08T23:09:32.474203+00:00,140.8,100,bid,DiligentDonuts,EarnestEspressos,12800907
2026-07-08T23:09:32.495583,2026-07-08T23:09:32.507163+00:00,140.5,10,ask,Ramzy Ramadhani,FlawlessFlatbreads,12800908
2026-07-08T23:09:32.495583,2026-07-08T23:09:32.507163+00:00,140.3,40,ask,EarnestEspressos,FlawlessFlatbreads,12800909
2026-07-08T23:09:33.425149,2026-07-08T23:09:33.432367+00:00,140.3,40,ask,EarnestEspressos,CostlyCorianders,12800926
2026-07-08T23:09:34.604022,2026-07-08T23:09:34.615837+00:00,140.5,50,ask,EarnestEspressos,FlawlessFlatbreads,12800939
2026-07-08T23:09:34.978697,2026-07-08T23:09:34.987602+00:00,140.5,3,ask,EarnestEspressos,Xuanyu Liu,12800946
2026-07-08T23:09:35.052098,2026-07-08T23:09:35.063954+00:00,140.5,20,ask,EarnestEspressos,Heero Sipayung,12800949
2026-07-08T23:09:35.061551,2026-07-08T23:09:35.068958+00:00,140.5,25,ask,EarnestEspressos,Ramzy Ramadhani,12800951
2026-07-08T23:09:35.263220,2026-07-08T23:09:35.274301+00:00,140.5,20,ask,EarnestEspressos,Heero Sipayung,12800956
2026-07-08T23:09:35.328405,2026-07-08T23:09:35.339993+00:00,140.5,25,ask,EarnestEspressos,Ramzy Ramadhani,12800958
2026-07-08T23:09:35.487908,2026-07-08T23:09:35.501758+00:00,140.5,7,ask,EarnestEspressos,Heero Sipayung,12800962
2026-07-08T23:09:36.715585,2026-07-08T23:09:36.735092+00:00,140.5,10,ask,Ramzy Ramadhani,FlawlessFlatbreads,12800986
2026-07-08T23:09:36.715585,2026-07-08T23:09:36.735092+00:00,140.1,40,ask,DiligentDonuts,FlawlessFlatbreads,12800987
2026-07-08T23:09:37.010948,2026-07-08T23:09:37.022508+00:00,140.4,10,ask,Ramzy Ramadhani,CostlyCorianders,12800993
2026-07-08T23:09:37.144255,2026-07-08T23:09:37.154699+00:00,140.3,3,bid,Xuanyu Liu,EarnestEspressos,12800994
2026-07-08T23:09:37.188958,2026-07-08T23:09:37.196100+00:00,140.3,25,bid,Ramzy Ramadhani,EarnestEspressos,12801000
2026-07-08T23:09:37.199367,2026-07-08T23:09:37.206748+00:00,140.3,10,bid,Ramzy Ramadhani,EarnestEspressos,12801002
2026-07-08T23:09:37.318730,2026-07-08T23:09:37.325315+00:00,140.3,20,bid,Heero Sipayung,EarnestEspressos,12801005
2026-07-08T23:09:37.468132,2026-07-08T23:09:37.477133+00:00,140.3,25,bid,Ramzy Ramadhani,EarnestEspressos,12801011
2026-07-08T23:09:37.530231,2026-07-08T23:09:37.541007+00:00,140.3,20,bid,Heero Sipayung,EarnestEspressos,12801014
2026-07-08T23:09:38.822999,2026-07-08T23:09:38.834450+00:00,140.0,50,ask,DiligentDonuts,FlawlessFlatbreads,12801036
2026-07-08T23:09:44.102808,2026-07-08T23:09:44.114320+00:00,140.2,41,bid,CostlyCorianders,DiligentDonuts,12801110
2026-07-08T23:09:45.097107,2026-07-08T23:09:45.108734+00:00,140.3,50,bid,FlawlessFlatbreads,EarnestEspressos,12801123
2026-07-08T23:09:47.213314,2026-07-08T23:09:47.224867+00:00,140.3,50,bid,FlawlessFlatbreads,DiligentDonuts,12801157
2026-07-08T23:09:49.241683,2026-07-08T23:09:49.253694+00:00,139.9,47,ask,EarnestEspressos,CostlyCorianders,12801178
2026-07-08T23:09:49.320986,2026-07-08T23:09:49.332753+00:00,140.3,50,bid,FlawlessFlatbreads,DiligentDonuts,12801179
2026-07-08T23:09:51.514068,2026-07-08T23:09:51.520844+00:00,140.1,50,ask,DiligentDonuts,FlawlessFlatbreads,12801205
2026-07-08T23:09:52.755741,2026-07-08T23:09:52.767363+00:00,140.2,49,bid,CostlyCorianders,EarnestEspressos,12801221
2026-07-08T23:09:53.640700,2026-07-08T23:09:53.652098+00:00,140.1,50,ask,DiligentDonuts,FlawlessFlatbreads,12801237
2026-07-08T23:09:55.752992,2026-07-08T23:09:55.755591+00:00,140.0,50,ask,EarnestEspressos,FlawlessFlatbreads,12801257
2026-07-08T23:09:57.876066,2026-07-08T23:09:57.890293+00:00,139.8,50,ask,EarnestEspressos,FlawlessFlatbreads,12801283
2026-07-08T23:09:58.690679,2026-07-08T23:09:58.699351+00:00,140.1,47,bid,CostlyCorianders,DiligentDonuts,12801294
2026-07-08T23:10:02.098482,2026-07-08T23:10:02.117769+00:00,139.9,50,ask,DiligentDonuts,FlawlessFlatbreads,12801345
2026-07-08T23:10:02.549331,2026-07-08T23:10:02.563941+00:00,140.0,7,bid,Heero Sipayung,EarnestEspressos,12801353
2026-07-08T23:10:02.718937,2026-07-08T23:10:02.729918+00:00,140.0,25,bid,Ramzy Ramadhani,EarnestEspressos,12801358
2026-07-08T23:10:02.981914,2026-07-08T23:10:02.993361+00:00,139.9,45,ask,DiligentDonuts,CostlyCorianders,12801363
2026-07-08T23:10:02.989785,2026-07-08T23:10:02.998654+00:00,140.0,25,bid,Ramzy Ramadhani,EarnestEspressos,12801365
2026-07-08T23:10:03.263802,2026-07-08T23:10:03.273793+00:00,140.0,25,bid,Ramzy Ramadhani,EarnestEspressos,12801368
2026-07-08T23:10:03.560714,2026-07-08T23:10:03.569704+00:00,140.0,25,bid,Ramzy Ramadhani,EarnestEspressos,12801372
2026-07-08T23:10:03.825299,2026-07-08T23:10:03.832408+00:00,140.0,6,bid,Ramzy Ramadhani,EarnestEspressos,12801380
2026-07-08T23:10:04.097337,2026-07-08T23:10:04.109599+00:00,140.0,37,bid,CostlyCorianders,EarnestEspressos,12801383
2026-07-08T23:10:04.097337,2026-07-08T23:10:04.109599+00:00,140.1,9,bid,CostlyCorianders,Ramzy Ramadhani,12801384
2026-07-08T23:10:04.342922,2026-07-08T23:10:04.354452+00:00,140.1,2,bid,Ramzy Ramadhani,DiligentDonuts,12801392
2026-07-08T23:10:04.606423,2026-07-08T23:10:04.614710+00:00,140.1,2,bid,Ramzy Ramadhani,DiligentDonuts,12801396
2026-07-08T23:10:04.868416,2026-07-08T23:10:04.880114+00:00,140.1,2,bid,Ramzy Ramadhani,DiligentDonuts,12801397
2026-07-08T23:10:05.134241,2026-07-08T23:10:05.142555+00:00,140.1,2,bid,Ramzy Ramadhani,DiligentDonuts,12801399
2026-07-08T23:10:05.395346,2026-07-08T23:10:05.403627+00:00,140.1,1,bid,Ramzy Ramadhani,DiligentDonuts,12801406
2026-07-08T23:10:05.543110,2026-07-08T23:10:05.555151+00:00,140.1,91,bid,EarnestEspressos,DiligentDonuts,12801409
2026-07-08T23:10:05.543110,2026-07-08T23:10:05.555151+00:00,140.1,10,bid,EarnestEspressos,Ramzy Ramadhani,12801410
2026-07-08T23:10:06.312473,2026-07-08T23:10:06.324291+00:00,140.1,49,ask,EarnestEspressos,FlawlessFlatbreads,12801420
2026-07-08T23:10:06.738621,2026-07-08T23:10:06.745774+00:00,139.6,43,ask,DiligentDonuts,CostlyCorianders,12801436
2026-07-08T23:10:08.171309,2026-07-08T23:10:08.179448+00:00,140.2,44,bid,CostlyCorianders,DiligentDonuts,12801456
2026-07-08T23:10:08.369179,2026-07-08T23:10:08.380817+00:00,140.2,50,bid,FlawlessFlatbreads,DiligentDonuts,12801460
2026-07-08T23:10:10.459728,2026-07-08T23:10:10.466344+00:00,140.1,10,bid,Ramzy Ramadhani,EarnestEspressos,12801482
2026-07-08T23:10:10.491868,2026-07-08T23:10:10.502871+00:00,140.1,100,bid,DiligentDonuts,EarnestEspressos,12801483
2026-07-08T23:10:12.588130,2026-07-08T23:10:12.600152+00:00,140.1,10,bid,FlawlessFlatbreads,Ramzy Ramadhani,12801509
2026-07-08T23:10:12.588130,2026-07-08T23:10:12.600152+00:00,140.5,40,bid,FlawlessFlatbreads,EarnestEspressos,12801510
2026-07-08T23:10:12.843771,2026-07-08T23:10:12.858577+00:00,140.0,40,ask,EarnestEspressos,CostlyCorianders,12801514
2026-07-08T23:10:13.497251,2026-07-08T23:10:13.509029+00:00,140.0,46,ask,EarnestEspressos,CostlyCorianders,12801527
2026-07-08T23:10:14.697697,2026-07-08T23:10:14.705964+00:00,140.2,10,bid,FlawlessFlatbreads,Ramzy Ramadhani,12801549
2026-07-08T23:10:14.697697,2026-07-08T23:10:14.711372+00:00,140.3,40,bid,FlawlessFlatbreads,DiligentDonuts,12801550
2026-07-08T23:10:14.724672,2026-07-08T23:10:14.736380+00:00,140.0,47,ask,EarnestEspressos,CostlyCorianders,12801551
2026-07-08T23:10:15.192729,2026-07-08T23:10:15.202294+00:00,140.1,2,bid,Ramzy Ramadhani,EarnestEspressos,12801560
2026-07-08T23:10:15.465439,2026-07-08T23:10:15.475643+00:00,140.1,2,bid,Ramzy Ramadhani,EarnestEspressos,12801565
2026-07-08T23:10:15.740606,2026-07-08T23:10:15.758542+00:00,140.1,12,bid,Ramzy Ramadhani,EarnestEspressos,12801574
2026-07-08T23:10:15.745799,2026-07-08T23:10:15.758542+00:00,140.1,2,bid,Ramzy Ramadhani,EarnestEspressos,12801575
2026-07-08T23:10:16.050188,2026-07-08T23:10:16.057533+00:00,140.1,2,bid,Ramzy Ramadhani,EarnestEspressos,12801583
2026-07-08T23:10:16.059591,2026-07-08T23:10:16.069010+00:00,139.8,10,ask,DiligentDonuts,Ramzy Ramadhani,12801584
2026-07-08T23:10:16.325148,2026-07-08T23:10:16.334540+00:00,139.8,10,ask,DiligentDonuts,Ramzy Ramadhani,12801589
2026-07-08T23:10:16.591704,2026-07-08T23:10:16.600926+00:00,139.8,10,ask,DiligentDonuts,Ramzy Ramadhani,12801593
2026-07-08T23:10:16.857455,2026-07-08T23:10:16.868964+00:00,139.7,50,ask,DiligentDonuts,FlawlessFlatbreads,12801597
2026-07-08T23:10:17.913965,2026-07-08T23:10:17.925476+00:00,140.1,2,bid,Ramzy Ramadhani,EarnestEspressos,12801611
2026-07-08T23:10:18.963857,2026-07-08T23:10:18.975611+00:00,139.7,50,ask,DiligentDonuts,FlawlessFlatbreads,12801634
2026-07-08T23:10:20.047156,2026-07-08T23:10:20.054446+00:00,139.9,25,bid,Ramzy Ramadhani,DiligentDonuts,12801654
2026-07-08T23:10:20.051261,2026-07-08T23:10:20.059450+00:00,139.9,2,bid,Ramzy Ramadhani,DiligentDonuts,12801655
2026-07-08T23:10:20.733007,2026-07-08T23:10:20.744758+00:00,139.9,49,bid,CostlyCorianders,DiligentDonuts,12801673
2026-07-08T23:10:21.071500,2026-07-08T23:10:21.078660+00:00,139.7,50,ask,EarnestEspressos,FlawlessFlatbreads,12801682
2026-07-08T23:10:21.121439,2026-07-08T23:10:21.132788+00:00,139.9,1,bid,Ramzy Ramadhani,DiligentDonuts,12801684
2026-07-08T23:10:21.413086,2026-07-08T23:10:21.420018+00:00,139.9,23,bid,CostlyCorianders,DiligentDonuts,12801687
2026-07-08T23:10:21.413086,2026-07-08T23:10:21.425182+00:00,140.0,24,bid,CostlyCorianders,EarnestEspressos,12801688
2026-07-08T23:10:21.971937,2026-07-08T23:10:21.983865+00:00,139.5,44,ask,EarnestEspressos,CostlyCorianders,12801700
2026-07-08T23:10:23.180612,2026-07-08T23:10:23.188487+00:00,139.5,50,ask,EarnestEspressos,FlawlessFlatbreads,12801730
2026-07-08T23:10:24.001037,2026-07-08T23:10:24.012708+00:00,139.9,10,bid,CostlyCorianders,Ramzy Ramadhani,12801737
2026-07-08T23:10:24.001037,2026-07-08T23:10:24.012708+00:00,140.0,36,bid,CostlyCorianders,EarnestEspressos,12801738
2026-07-08T23:10:24.573914,2026-07-08T23:10:24.583859+00:00,139.7,41,bid,CostlyCorianders,EarnestEspressos,12801746
2026-07-08T23:10:24.769162,2026-07-08T23:10:24.780855+00:00,139.7,4,bid,Ramzy Ramadhani,EarnestEspressos,12801751
2026-07-08T23:10:24.773545,2026-07-08T23:10:24.780855+00:00,139.7,2,bid,Ramzy Ramadhani,EarnestEspressos,12801752
2026-07-08T23:10:25.034371,2026-07-08T23:10:25.046290+00:00,139.7,2,bid,Ramzy Ramadhani,EarnestEspressos,12801754
2026-07-08T23:10:25.139101,2026-07-08T23:10:25.158760+00:00,139.5,41,ask,DiligentDonuts,CostlyCorianders,12801759
2026-07-08T23:10:25.286300,2026-07-08T23:10:25.297722+00:00,139.5,50,ask,DiligentDonuts,FlawlessFlatbreads,12801763
2026-07-08T23:10:25.295614,2026-07-08T23:10:25.302975+00:00,139.7,2,bid,Ramzy Ramadhani,EarnestEspressos,12801764
2026-07-08T23:10:25.780871,2026-07-08T23:10:25.792787+00:00,139.5,9,ask,DiligentDonuts,CostlyCorianders,12801770
2026-07-08T23:10:25.780871,2026-07-08T23:10:25.792787+00:00,139.2,40,ask,EarnestEspressos,CostlyCorianders,12801771
2026-07-08T23:10:27.393954,2026-07-08T23:10:27.400471+00:00,139.4,50,ask,DiligentDonuts,FlawlessFlatbreads,12801788
2026-07-08T23:10:28.771413,2026-07-08T23:10:28.783775+00:00,139.5,3,bid,Xuanyu Liu,EarnestEspressos,12801807
2026-07-08T23:10:29.500438,2026-07-08T23:10:29.512107+00:00,139.1,50,ask,DiligentDonuts,FlawlessFlatbreads,12801819
2026-07-08T23:10:31.775598,2026-07-08T23:10:31.784380+00:00,139.6,41,bid,CostlyCorianders,DiligentDonuts,12801853
2026-07-08T23:10:33.662333,2026-07-08T23:10:33.674125+00:00,139.6,50,bid,FlawlessFlatbreads,DiligentDonuts,12801891
2026-07-08T23:10:35.820971,2026-07-08T23:10:35.828019+00:00,139.3,50,ask,EarnestEspressos,FlawlessFlatbreads,12801912
2026-07-08T23:10:36.882616,2026-07-08T23:10:36.894297+00:00,139.7,44,bid,CostlyCorianders,DiligentDonuts,12801927
2026-07-08T23:10:40.571337,2026-07-08T23:10:40.580209+00:00,139.4,11,bid,Xuanyu Liu,EarnestEspressos,12801972
2026-07-08T23:10:40.911715,2026-07-08T23:10:40.921430+00:00,139.4,12,bid,Xuanyu Liu,EarnestEspressos,12801979
2026-07-08T23:10:41.919813,2026-07-08T23:10:41.931343+00:00,139.4,46,bid,CostlyCorianders,EarnestEspressos,12801987
2026-07-08T23:10:42.139672,2026-07-08T23:10:42.152016+00:00,138.9,31,ask,EarnestEspressos,FlawlessFlatbreads,12801991
2026-07-08T23:10:43.095141,2026-07-08T23:10:43.107081+00:00,138.9,49,ask,EarnestEspressos,CostlyCorianders,12802011
2026-07-08T23:10:44.247230,2026-07-08T23:10:44.258752+00:00,139.6,50,ask,EarnestEspressos,FlawlessFlatbreads,12802022
2026-07-08T23:10:44.813747,2026-07-08T23:10:44.826353+00:00,139.6,44,ask,EarnestEspressos,CostlyCorianders,12802032
2026-07-08T23:10:46.316410,2026-07-08T23:10:46.326692+00:00,139.6,43,ask,EarnestEspressos,CostlyCorianders,12802061
2026-07-08T23:10:46.355828,2026-07-08T23:10:46.367468+00:00,139.6,13,ask,EarnestEspressos,FlawlessFlatbreads,12802062
2026-07-08T23:10:46.355828,2026-07-08T23:10:46.367468+00:00,139.3,37,ask,DiligentDonuts,FlawlessFlatbreads,12802063
2026-07-08T23:10:46.959571,2026-07-08T23:10:46.968138+00:00,139.6,11,bid,Xuanyu Liu,EarnestEspressos,12802069
2026-07-08T23:10:48.004086,2026-07-08T23:10:48.015513+00:00,139.6,44,bid,CostlyCorianders,EarnestEspressos,12802083
2026-07-08T23:10:48.468378,2026-07-08T23:10:48.476835+00:00,139.2,50,ask,DiligentDonuts,FlawlessFlatbreads,12802091
2026-07-08T23:10:50.575996,2026-07-08T23:10:50.587688+00:00,139.2,50,ask,DiligentDonuts,FlawlessFlatbreads,12802128
2026-07-08T23:10:52.961544,2026-07-08T23:10:52.973324+00:00,139.4,12,bid,Xuanyu Liu,DiligentDonuts,12802155
2026-07-08T23:10:53.311495,2026-07-08T23:10:53.318867+00:00,139.4,48,bid,CostlyCorianders,DiligentDonuts,12802160
2026-07-08T23:10:53.707349,2026-07-08T23:10:53.716614+00:00,139.4,11,bid,Xuanyu Liu,DiligentDonuts,12802171
2026-07-08T23:10:54.434144,2026-07-08T23:10:54.446223+00:00,139.4,29,bid,CostlyCorianders,DiligentDonuts,12802179
2026-07-08T23:10:54.434144,2026-07-08T23:10:54.446223+00:00,139.6,16,bid,CostlyCorianders,EarnestEspressos,12802180
2026-07-08T23:10:54.737823,2026-07-08T23:10:54.748736+00:00,139.6,50,bid,FlawlessFlatbreads,EarnestEspressos,12802185
2026-07-08T23:10:56.844507,2026-07-08T23:10:56.856171+00:00,139.9,50,bid,FlawlessFlatbreads,DiligentDonuts,12802209
2026-07-08T23:10:58.951585,2026-07-08T23:10:58.954248+00:00,139.9,50,bid,FlawlessFlatbreads,DiligentDonuts,12802238
2026-07-08T23:10:58.959568,2026-07-08T23:10:58.970230+00:00,139.5,11,ask,EarnestEspressos,Xuanyu Liu,12802239
2026-07-08T23:11:01.116978,2026-07-08T23:11:01.128715+00:00,139.5,50,ask,DiligentDonuts,FlawlessFlatbreads,12802268
2026-07-08T23:11:03.232149,2026-07-08T23:11:03.245564+00:00,139.6,50,ask,EarnestEspressos,FlawlessFlatbreads,12802301
2026-07-08T23:11:05.338792,2026-07-08T23:11:05.350697+00:00,139.7,50,ask,DiligentDonuts,FlawlessFlatbreads,12802330
2026-07-08T23:11:07.449550,2026-07-08T23:11:07.458590+00:00,139.6,50,ask,DiligentDonuts,FlawlessFlatbreads,12802360
2026-07-08T23:11:08.374518,2026-07-08T23:11:08.385944+00:00,139.6,48,ask,DiligentDonuts,CostlyCorianders,12802366
2026-07-08T23:11:08.845249,2026-07-08T23:11:08.858566+00:00,139.6,2,ask,DiligentDonuts,CostlyCorianders,12802376
2026-07-08T23:11:08.845249,2026-07-08T23:11:08.858566+00:00,139.6,44,ask,EarnestEspressos,CostlyCorianders,12802377
2026-07-08T23:11:09.556305,2026-07-08T23:11:09.567956+00:00,139.6,50,ask,EarnestEspressos,FlawlessFlatbreads,12802390
2026-07-08T23:11:09.925982,2026-07-08T23:11:09.935239+00:00,140.1,45,bid,CostlyCorianders,DiligentDonuts,12802397
2026-07-08T23:11:11.612658,2026-07-08T23:11:11.624734+00:00,139.9,50,bid,FlawlessFlatbreads,DiligentDonuts,12802425
2026-07-08T23:11:13.725047,2026-07-08T23:11:13.735308+00:00,139.7,50,bid,FlawlessFlatbreads,EarnestEspressos,12802454
2026-07-08T23:11:15.882447,2026-07-08T23:11:15.894002+00:00,139.5,50,ask,DiligentDonuts,FlawlessFlatbreads,12802480
2026-07-08T23:11:15.976446,2026-07-08T23:11:15.986069+00:00,139.5,40,ask,DiligentDonuts,CostlyCorianders,12802484
2026-07-08T23:11:16.947871,2026-07-08T23:11:16.954283+00:00,139.7,48,bid,CostlyCorianders,EarnestEspressos,12802497
2026-07-08T23:11:17.480723,2026-07-08T23:11:17.492418+00:00,139.7,44,bid,CostlyCorianders,EarnestEspressos,12802507
2026-07-08T23:11:18.448866,2026-07-08T23:11:18.458593+00:00,139.6,49,ask,EarnestEspressos,CostlyCorianders,12802515
2026-07-08T23:11:20.092768,2026-07-08T23:11:20.102070+00:00,139.6,50,ask,EarnestEspressos,FlawlessFlatbreads,12802531
2026-07-08T23:11:20.139926,2026-07-08T23:11:20.151220+00:00,139.6,51,ask,EarnestEspressos,DiligentDonuts,12802532
2026-07-08T23:11:20.520474,2026-07-08T23:11:20.527305+00:00,139.5,41,bid,CostlyCorianders,DiligentDonuts,12802541
2026-07-08T23:11:21.241241,2026-07-08T23:11:21.249384+00:00,139.5,8,bid,Xuanyu Liu,DiligentDonuts,12802553
2026-07-08T23:11:21.519943,2026-07-08T23:11:21.531386+00:00,139.6,3,bid,Xuanyu Liu,EarnestEspressos,12802558
2026-07-08T23:11:23.611403,2026-07-08T23:11:23.621147+00:00,139.6,48,bid,CostlyCorianders,EarnestEspressos,12802591
2026-07-08T23:11:23.859565,2026-07-08T23:11:23.869123+00:00,139.6,11,bid,Xuanyu Liu,EarnestEspressos,12802598
2026-07-08T23:11:24.257393,2026-07-08T23:11:24.269266+00:00,139.6,50,bid,FlawlessFlatbreads,EarnestEspressos,12802603
2026-07-08T23:11:26.415600,2026-07-08T23:11:26.423488+00:00,139.7,50,ask,EarnestEspressos,FlawlessFlatbreads,12802634
2026-07-08T23:11:26.660831,2026-07-08T23:11:26.672739+00:00,139.7,48,ask,EarnestEspressos,CostlyCorianders,12802640
2026-07-08T23:11:28.130883,2026-07-08T23:11:28.141343+00:00,139.7,44,ask,DiligentDonuts,CostlyCorianders,12802671
2026-07-08T23:11:28.523226,2026-07-08T23:11:28.534926+00:00,139.7,50,ask,DiligentDonuts,FlawlessFlatbreads,12802676
2026-07-08T23:11:30.633035,2026-07-08T23:11:30.644827+00:00,139.5,50,ask,EarnestEspressos,FlawlessFlatbreads,12802700
2026-07-08T23:11:31.731224,2026-07-08T23:11:31.741436+00:00,139.7,12,bid,Xuanyu Liu,EarnestEspressos,12802710
2026-07-08T23:11:33.337337,2026-07-08T23:11:33.345051+00:00,139.6,48,ask,DiligentDonuts,CostlyCorianders,12802727
2026-07-08T23:11:34.327148,2026-07-08T23:11:34.339379+00:00,139.8,48,bid,CostlyCorianders,EarnestEspressos,12802743
2026-07-08T23:11:34.795407,2026-07-08T23:11:34.807083+00:00,139.8,50,bid,FlawlessFlatbreads,EarnestEspressos,12802746
2026-07-08T23:11:35.564480,2026-07-08T23:11:35.576183+00:00,139.6,47,ask,DiligentDonuts,CostlyCorianders,12802766
2026-07-08T23:11:36.064286,2026-07-08T23:11:36.076008+00:00,139.7,48,bid,CostlyCorianders,DiligentDonuts,12802770
2026-07-08T23:11:36.957174,2026-07-08T23:11:36.964412+00:00,139.3,50,ask,EarnestEspressos,FlawlessFlatbreads,12802776
2026-07-08T23:11:41.118566,2026-07-08T23:11:41.130497+00:00,139.8,50,bid,FlawlessFlatbreads,DiligentDonuts,12802830
2026-07-08T23:11:41.918433,2026-07-08T23:11:41.930405+00:00,139.8,49,bid,CostlyCorianders,DiligentDonuts,12802838
2026-07-08T23:11:42.502783,2026-07-08T23:11:42.514236+00:00,139.6,43,ask,DiligentDonuts,CostlyCorianders,12802846
2026-07-08T23:11:43.225545,2026-07-08T23:11:43.232154+00:00,140.0,50,bid,FlawlessFlatbreads,EarnestEspressos,12802857
2026-07-08T23:11:45.331662,2026-07-08T23:11:45.339065+00:00,140.1,50,bid,FlawlessFlatbreads,DiligentDonuts,12802884
2026-07-08T23:11:45.656472,2026-07-08T23:11:45.668154+00:00,140.1,41,bid,CostlyCorianders,EarnestEspressos,12802890
2026-07-08T23:11:47.446413,2026-07-08T23:11:47.460265+00:00,140.2,50,bid,FlawlessFlatbreads,DiligentDonuts,12802922
2026-07-08T23:11:48.604511,2026-07-08T23:11:48.612318+00:00,140.0,12,ask,DiligentDonuts,Xuanyu Liu,12802933
2026-07-08T23:11:48.672416,2026-07-08T23:11:48.688675+00:00,140.0,42,ask,DiligentDonuts,CostlyCorianders,12802939
2026-07-08T23:11:49.552461,2026-07-08T23:11:49.564254+00:00,140.4,50,bid,FlawlessFlatbreads,EarnestEspressos,12802955
2026-07-08T23:11:50.098981,2026-07-08T23:11:50.107808+00:00,140.1,11,ask,EarnestEspressos,Xuanyu Liu,12802960
2026-07-08T23:11:50.312710,2026-07-08T23:11:50.324149+00:00,140.1,40,ask,EarnestEspressos,CostlyCorianders,12802964
2026-07-08T23:11:51.412766,2026-07-08T23:11:51.422406+00:00,140.1,11,ask,EarnestEspressos,Xuanyu Liu,12802989
2026-07-08T23:11:51.664685,2026-07-08T23:11:51.674085+00:00,140.5,50,bid,FlawlessFlatbreads,DiligentDonuts,12802991
2026-07-08T23:11:53.169884,2026-07-08T23:11:53.178585+00:00,140.3,42,bid,CostlyCorianders,DiligentDonuts,12803015
2026-07-08T23:11:53.822500,2026-07-08T23:11:53.832865+00:00,139.8,50,ask,DiligentDonuts,FlawlessFlatbreads,12803027
2026-07-08T23:11:55.876908,2026-07-08T23:11:55.888371+00:00,139.9,50,bid,FlawlessFlatbreads,DiligentDonuts,12803066
2026-07-08T23:11:56.805075,2026-07-08T23:11:56.814712+00:00,139.9,47,bid,CostlyCorianders,DiligentDonuts,12803081
2026-07-08T23:11:58.035232,2026-07-08T23:11:58.047252+00:00,139.7,50,ask,EarnestEspressos,FlawlessFlatbreads,12803092
2026-07-08T23:11:58.323391,2026-07-08T23:11:58.333281+00:00,140.1,12,ask,DiligentDonuts,Xuanyu Liu,12803102
2026-07-08T23:11:59.275575,2026-07-08T23:11:59.284371+00:00,140.1,23,ask,DiligentDonuts,Xuanyu Liu,12803116
2026-07-08T23:11:59.465605,2026-07-08T23:11:59.486739+00:00,140.1,65,ask,DiligentDonuts,EarnestEspressos,12803119
2026-07-08T23:11:59.477985,2026-07-08T23:11:59.486739+00:00,139.7,23,bid,Xuanyu Liu,EarnestEspressos,12803120
2026-07-08T23:12:00.093425,2026-07-08T23:12:00.105194+00:00,139.7,50,bid,FlawlessFlatbreads,EarnestEspressos,12803129
2026-07-08T23:12:00.585289,2026-07-08T23:12:00.595319+00:00,139.7,12,bid,Xuanyu Liu,EarnestEspressos,12803134
2026-07-08T23:12:02.219333,2026-07-08T23:12:02.231156+00:00,140.1,50,bid,FlawlessFlatbreads,DiligentDonuts,12803142
2026-07-08T23:12:02.628285,2026-07-08T23:12:02.640975+00:00,140.0,12,ask,EarnestEspressos,Xuanyu Liu,12803152
2026-07-08T23:12:03.190535,2026-07-08T23:12:03.204443+00:00,140.0,11,ask,EarnestEspressos,Xuanyu Liu,12803166
2026-07-08T23:12:04.388282,2026-07-08T23:12:04.404075+00:00,140.0,50,ask,EarnestEspressos,FlawlessFlatbreads,12803183
2026-07-08T23:12:06.443727,2026-07-08T23:12:06.458582+00:00,140.1,50,bid,FlawlessFlatbreads,DiligentDonuts,12803210
2026-07-08T23:12:08.608670,2026-07-08T23:12:08.619619+00:00,139.9,50,ask,DiligentDonuts,FlawlessFlatbreads,12803238
2026-07-08T23:12:09.949746,2026-07-08T23:12:09.959018+00:00,139.9,49,ask,DiligentDonuts,CostlyCorianders,12803260
2026-07-08T23:12:10.664924,2026-07-08T23:12:10.676807+00:00,140.3,50,bid,FlawlessFlatbreads,EarnestEspressos,12803273
2026-07-08T23:12:12.834081,2026-07-08T23:12:12.842172+00:00,139.9,50,ask,EarnestEspressos,FlawlessFlatbreads,12803293
2026-07-08T23:12:13.105701,2026-07-08T23:12:13.117249+00:00,139.9,41,ask,EarnestEspressos,CostlyCorianders,12803295
2026-07-08T23:12:14.220518,2026-07-08T23:12:14.232336+00:00,140.0,40,bid,CostlyCorianders,DiligentDonuts,12803313
2026-07-08T23:12:14.704947,2026-07-08T23:12:14.716443+00:00,139.9,42,ask,EarnestEspressos,CostlyCorianders,12803326
2026-07-08T23:12:14.941727,2026-07-08T23:12:14.953620+00:00,139.9,17,ask,EarnestEspressos,FlawlessFlatbreads,12803328
2026-07-08T23:12:14.941727,2026-07-08T23:12:14.953620+00:00,139.5,33,ask,DiligentDonuts,FlawlessFlatbreads,12803329
2026-07-08T23:12:15.324075,2026-07-08T23:12:15.334094+00:00,139.7,11,bid,Xuanyu Liu,EarnestEspressos,12803331
2026-07-08T23:12:17.002153,2026-07-08T23:12:17.013712+00:00,139.7,50,bid,FlawlessFlatbreads,EarnestEspressos,12803358
2026-07-08T23:12:17.161580,2026-07-08T23:12:17.169770+00:00,139.7,46,bid,CostlyCorianders,EarnestEspressos,12803360
2026-07-08T23:12:17.642718,2026-07-08T23:12:17.651527+00:00,139.7,12,bid,Xuanyu Liu,EarnestEspressos,12803362
2026-07-08T23:12:17.793513,2026-07-08T23:12:17.805408+00:00,139.4,46,ask,DiligentDonuts,CostlyCorianders,12803366
