timestamp,recv_time,price,volume,aggressor_side,buyer,seller,trade_id
2026-07-05T16:00:01.048452,2026-07-05T16:00:01.056967+00:00,165.5,47,bid,CostlyCorianders,DiligentDonuts,8499818
2026-07-05T16:00:02.089464,2026-07-05T16:00:02.101790+00:00,165.4,42,bid,CostlyCorianders,EarnestEspressos,8499830
2026-07-05T16:00:02.150525,2026-07-05T16:00:02.162521+00:00,165.4,50,bid,FlawlessFlatbreads,EarnestEspressos,8499831
2026-07-05T16:00:02.568793,2026-07-05T16:00:02.576479+00:00,165.1,48,ask,DiligentDonuts,CostlyCorianders,8499835
2026-07-05T16:00:03.703583,2026-07-05T16:00:03.715506+00:00,165.1,48,ask,DiligentDonuts,CostlyCorianders,8499851
2026-07-05T16:00:04.343506,2026-07-05T16:00:04.355735+00:00,165.1,4,ask,DiligentDonuts,FlawlessFlatbreads,8499865
2026-07-05T16:00:04.343506,2026-07-05T16:00:04.355735+00:00,164.9,46,ask,EarnestEspressos,FlawlessFlatbreads,8499866
2026-07-05T16:00:04.686007,2026-07-05T16:00:04.695943+00:00,165.6,48,bid,CostlyCorianders,DiligentDonuts,8499869
2026-07-05T16:00:06.452934,2026-07-05T16:00:06.464807+00:00,165.1,50,ask,EarnestEspressos,FlawlessFlatbreads,8499892
2026-07-05T16:00:06.686892,2026-07-05T16:00:06.699013+00:00,165.5,43,bid,CostlyCorianders,DiligentDonuts,8499894
2026-07-05T16:00:07.308063,2026-07-05T16:00:07.319656+00:00,165.1,42,ask,EarnestEspressos,CostlyCorianders,8499903
2026-07-05T16:00:08.562349,2026-07-05T16:00:08.573902+00:00,164.8,50,ask,EarnestEspressos,FlawlessFlatbreads,8499931
2026-07-05T16:00:10.236085,2026-07-05T16:00:10.243143+00:00,165.3,48,bid,CostlyCorianders,EarnestEspressos,8499950
2026-07-05T16:00:10.618808,2026-07-05T16:00:10.626659+00:00,165.3,50,bid,FlawlessFlatbreads,EarnestEspressos,8499957
2026-07-05T16:00:10.720845,2026-07-05T16:00:10.732800+00:00,165.3,41,bid,CostlyCorianders,EarnestEspressos,8499959
2026-07-05T16:00:12.347140,2026-07-05T16:00:12.354182+00:00,165.2,49,ask,DiligentDonuts,CostlyCorianders,8499981
2026-07-05T16:00:12.724735,2026-07-05T16:00:12.732538+00:00,165.6,50,bid,FlawlessFlatbreads,EarnestEspressos,8499986
2026-07-05T16:00:13.957588,2026-07-05T16:00:13.969423+00:00,165.6,46,bid,CostlyCorianders,EarnestEspressos,8500005
2026-07-05T16:00:14.831119,2026-07-05T16:00:14.841533+00:00,165.5,50,bid,FlawlessFlatbreads,EarnestEspressos,8500022
2026-07-05T16:00:16.940181,2026-07-05T16:00:16.947467+00:00,165.4,50,bid,FlawlessFlatbreads,DiligentDonuts,8500058
2026-07-05T16:00:17.290086,2026-07-05T16:00:17.301947+00:00,165.4,50,bid,EarnestEspressos,DiligentDonuts,8500061
2026-07-05T16:00:17.359590,2026-07-05T16:00:17.369488+00:00,165.5,23,ask,EarnestEspressos,Xuanyu Liu,8500063
2026-07-05T16:00:17.649264,2026-07-05T16:00:17.658562+00:00,165.5,45,ask,EarnestEspressos,CostlyCorianders,8500073
2026-07-05T16:00:19.051210,2026-07-05T16:00:19.058579+00:00,165.8,50,bid,FlawlessFlatbreads,DiligentDonuts,8500094
2026-07-05T16:00:21.158376,2026-07-05T16:00:21.170174+00:00,165.6,50,bid,FlawlessFlatbreads,EarnestEspressos,8500120
2026-07-05T16:00:22.315227,2026-07-05T16:00:22.327052+00:00,165.3,47,ask,DiligentDonuts,CostlyCorianders,8500140
2026-07-05T16:00:23.270384,2026-07-05T16:00:23.282528+00:00,165.6,50,bid,FlawlessFlatbreads,EarnestEspressos,8500155
2026-07-05T16:00:26.907643,2026-07-05T16:00:26.917642+00:00,165.7,3,ask,EarnestEspressos,Xuanyu Liu,8500208
2026-07-05T16:00:27.452000,2026-07-05T16:00:27.463690+00:00,165.7,49,ask,EarnestEspressos,CostlyCorianders,8500221
2026-07-05T16:00:27.482776,2026-07-05T16:00:27.491178+00:00,165.8,50,bid,FlawlessFlatbreads,DiligentDonuts,8500222
2026-07-05T16:00:29.333462,2026-07-05T16:00:29.345205+00:00,165.8,41,bid,CostlyCorianders,DiligentDonuts,8500254
2026-07-05T16:00:30.717721,2026-07-05T16:00:30.725013+00:00,165.8,49,bid,CostlyCorianders,EarnestEspressos,8500276
2026-07-05T16:00:33.845887,2026-07-05T16:00:33.858608+00:00,165.5,50,ask,EarnestEspressos,FlawlessFlatbreads,8500324
2026-07-05T16:00:34.435848,2026-07-05T16:00:34.444765+00:00,165.5,40,ask,EarnestEspressos,CostlyCorianders,8500336
2026-07-05T16:00:35.901702,2026-07-05T16:00:35.913325+00:00,165.9,50,bid,FlawlessFlatbreads,DiligentDonuts,8500358
2026-07-05T16:00:36.850343,2026-07-05T16:00:36.857047+00:00,165.4,46,ask,DiligentDonuts,CostlyCorianders,8500377
2026-07-05T16:00:38.059553,2026-07-05T16:00:38.068974+00:00,165.4,50,ask,DiligentDonuts,FlawlessFlatbreads,8500399
2026-07-05T16:00:40.116193,2026-07-05T16:00:40.128098+00:00,165.6,50,bid,FlawlessFlatbreads,EarnestEspressos,8500445
2026-07-05T16:00:41.911338,2026-07-05T16:00:41.921475+00:00,165.6,40,bid,CostlyCorianders,EarnestEspressos,8500473
2026-07-05T16:00:42.222697,2026-07-05T16:00:42.232487+00:00,165.6,50,bid,FlawlessFlatbreads,EarnestEspressos,8500475
2026-07-05T16:00:43.492047,2026-07-05T16:00:43.504035+00:00,165.6,100,ask,EarnestEspressos,DiligentDonuts,8500503
2026-07-05T16:00:44.329664,2026-07-05T16:00:44.341412+00:00,166.1,50,bid,FlawlessFlatbreads,EarnestEspressos,8500515
2026-07-05T16:00:44.470561,2026-07-05T16:00:44.479227+00:00,165.6,3,ask,EarnestEspressos,Xuanyu Liu,8500519
2026-07-05T16:00:44.493157,2026-07-05T16:00:44.500106+00:00,165.6,45,ask,EarnestEspressos,CostlyCorianders,8500522
2026-07-05T16:00:46.437078,2026-07-05T16:00:46.449074+00:00,165.6,50,bid,FlawlessFlatbreads,EarnestEspressos,8500556
2026-07-05T16:00:46.582952,2026-07-05T16:00:46.591823+00:00,165.6,3,bid,Xuanyu Liu,EarnestEspressos,8500558
2026-07-05T16:00:48.545305,2026-07-05T16:00:48.558594+00:00,165.6,50,bid,FlawlessFlatbreads,EarnestEspressos,8500591
2026-07-05T16:00:49.225146,2026-07-05T16:00:49.236779+00:00,165.9,49,bid,CostlyCorianders,DiligentDonuts,8500602
2026-07-05T16:00:50.289679,2026-07-05T16:00:50.298777+00:00,165.5,49,ask,EarnestEspressos,CostlyCorianders,8500619
2026-07-05T16:00:50.705063,2026-07-05T16:00:50.716879+00:00,165.5,50,ask,EarnestEspressos,FlawlessFlatbreads,8500627
2026-07-05T16:00:50.936460,2026-07-05T16:00:50.948564+00:00,166.0,46,bid,CostlyCorianders,EarnestEspressos,8500630
2026-07-05T16:00:52.811863,2026-07-05T16:00:52.823992+00:00,165.5,50,ask,DiligentDonuts,FlawlessFlatbreads,8500662
2026-07-05T16:00:54.842290,2026-07-05T16:00:54.853725+00:00,165.4,49,ask,EarnestEspressos,CostlyCorianders,8500693
2026-07-05T16:00:54.869695,2026-07-05T16:00:54.880562+00:00,165.8,50,bid,FlawlessFlatbreads,DiligentDonuts,8500697
2026-07-05T16:00:58.485833,2026-07-05T16:00:58.494324+00:00,165.5,100,ask,DiligentDonuts,EarnestEspressos,8500741
2026-07-05T16:00:59.078344,2026-07-05T16:00:59.087500+00:00,165.5,50,bid,FlawlessFlatbreads,EarnestEspressos,8500747
2026-07-05T16:01:01.192855,2026-07-05T16:01:01.203006+00:00,165.6,50,bid,FlawlessFlatbreads,DiligentDonuts,8500774
2026-07-05T16:01:02.369283,2026-07-05T16:01:02.381546+00:00,165.5,45,ask,EarnestEspressos,CostlyCorianders,8500794
2026-07-05T16:01:02.659629,2026-07-05T16:01:02.668297+00:00,165.5,3,ask,EarnestEspressos,Xuanyu Liu,8500798
2026-07-05T16:01:02.838004,2026-07-05T16:01:02.850036+00:00,165.5,25,ask,EarnestEspressos,Harold Schneider,8500801
2026-07-05T16:01:05.463854,2026-07-05T16:01:05.475059+00:00,165.2,50,ask,DiligentDonuts,FlawlessFlatbreads,8500837
2026-07-05T16:01:06.001384,2026-07-05T16:01:06.013330+00:00,165.5,44,bid,CostlyCorianders,DiligentDonuts,8500843
2026-07-05T16:01:07.433771,2026-07-05T16:01:07.445510+00:00,165.5,46,bid,CostlyCorianders,DiligentDonuts,8500863
2026-07-05T16:01:07.520930,2026-07-05T16:01:07.529760+00:00,165.5,10,bid,FlawlessFlatbreads,DiligentDonuts,8500870
2026-07-05T16:01:07.520930,2026-07-05T16:01:07.529760+00:00,165.7,40,bid,FlawlessFlatbreads,EarnestEspressos,8500871
2026-07-05T16:01:09.653573,2026-07-05T16:01:09.657586+00:00,165.8,50,bid,FlawlessFlatbreads,EarnestEspressos,8500902
2026-07-05T16:01:11.817948,2026-07-05T16:01:11.825313+00:00,165.4,50,ask,DiligentDonuts,FlawlessFlatbreads,8500936
2026-07-05T16:01:12.192088,2026-07-05T16:01:12.203964+00:00,165.4,48,ask,EarnestEspressos,CostlyCorianders,8500939
2026-07-05T16:01:13.949540,2026-07-05T16:01:13.958580+00:00,165.4,50,ask,EarnestEspressos,FlawlessFlatbreads,8500969
2026-07-05T16:01:14.118480,2026-07-05T16:01:14.126190+00:00,165.4,11,ask,EarnestEspressos,Xuanyu Liu,8500972
2026-07-05T16:01:18.110883,2026-07-05T16:01:18.123165+00:00,165.3,50,bid,FlawlessFlatbreads,EarnestEspressos,8501031
2026-07-05T16:01:20.219310,2026-07-05T16:01:20.231062+00:00,165.3,50,bid,FlawlessFlatbreads,EarnestEspressos,8501057
2026-07-05T16:01:20.692002,2026-07-05T16:01:20.701834+00:00,165.2,12,ask,EarnestEspressos,Xuanyu Liu,8501066
2026-07-05T16:01:21.492444,2026-07-05T16:01:21.500119+00:00,165.2,100,ask,EarnestEspressos,DiligentDonuts,8501078
2026-07-05T16:01:22.179872,2026-07-05T16:01:22.191512+00:00,165.2,4,ask,EarnestEspressos,Aaron Tian,8501090
2026-07-05T16:01:22.884865,2026-07-05T16:01:22.895897+00:00,165.2,25,ask,EarnestEspressos,Harold Schneider,8501099
2026-07-05T16:01:22.907405,2026-07-05T16:01:22.916049+00:00,165.3,10,ask,Harold Schneider,Xuanyu Liu,8501101
2026-07-05T16:01:23.835361,2026-07-05T16:01:23.843716+00:00,164.9,22,bid,Xuanyu Liu,EarnestEspressos,8501120
2026-07-05T16:01:24.493594,2026-07-05T16:01:24.505445+00:00,164.6,50,ask,DiligentDonuts,FlawlessFlatbreads,8501135
2026-07-05T16:01:24.949850,2026-07-05T16:01:24.956797+00:00,164.9,45,bid,CostlyCorianders,EarnestEspressos,8501145
2026-07-05T16:01:25.919565,2026-07-05T16:01:25.929819+00:00,164.9,43,bid,CostlyCorianders,EarnestEspressos,8501162
2026-07-05T16:01:26.608406,2026-07-05T16:01:26.618813+00:00,164.8,50,ask,DiligentDonuts,FlawlessFlatbreads,8501165
2026-07-05T16:01:26.870095,2026-07-05T16:01:26.877904+00:00,164.9,11,bid,Xuanyu Liu,EarnestEspressos,8501173
2026-07-05T16:01:27.923177,2026-07-05T16:01:27.931164+00:00,164.9,2,ask,EarnestEspressos,Harold Schneider,8501196
2026-07-05T16:01:28.664001,2026-07-05T16:01:28.675056+00:00,165.2,50,bid,FlawlessFlatbreads,DiligentDonuts,8501208
2026-07-05T16:01:30.851526,2026-07-05T16:01:30.854865+00:00,165.1,50,ask,EarnestEspressos,FlawlessFlatbreads,8501241
2026-07-05T16:01:32.946731,2026-07-05T16:01:32.955829+00:00,165.1,2,ask,EarnestEspressos,Harold Schneider,8501267
2026-07-05T16:01:32.963901,2026-07-05T16:01:32.971397+00:00,165.1,50,ask,EarnestEspressos,FlawlessFlatbreads,8501268
2026-07-05T16:01:33.317379,2026-07-05T16:01:33.326153+00:00,165.0,41,ask,DiligentDonuts,CostlyCorianders,8501277
2026-07-05T16:01:34.446908,2026-07-05T16:01:34.453597+00:00,165.1,43,ask,DiligentDonuts,CostlyCorianders,8501303
2026-07-05T16:01:35.069252,2026-07-05T16:01:35.081274+00:00,165.1,50,ask,DiligentDonuts,FlawlessFlatbreads,8501308
2026-07-05T16:01:35.579054,2026-07-05T16:01:35.586955+00:00,165.2,40,bid,CostlyCorianders,EarnestEspressos,8501321
2026-07-05T16:01:36.643695,2026-07-05T16:01:36.657364+00:00,165.1,7,ask,DiligentDonuts,CostlyCorianders,8501337
2026-07-05T16:01:36.643695,2026-07-05T16:01:36.657364+00:00,164.9,40,ask,EarnestEspressos,CostlyCorianders,8501338
2026-07-05T16:01:37.178093,2026-07-05T16:01:37.190282+00:00,164.9,50,ask,EarnestEspressos,FlawlessFlatbreads,8501347
2026-07-05T16:01:37.738068,2026-07-05T16:01:37.746442+00:00,165.1,3,bid,Xuanyu Liu,DiligentDonuts,8501357
2026-07-05T16:01:38.539644,2026-07-05T16:01:38.551478+00:00,165.1,48,bid,CostlyCorianders,DiligentDonuts,8501370
2026-07-05T16:01:39.302367,2026-07-05T16:01:39.314221+00:00,164.9,50,ask,EarnestEspressos,FlawlessFlatbreads,8501382
2026-07-05T16:01:40.810673,2026-07-05T16:01:40.822800+00:00,165.1,40,ask,DiligentDonuts,CostlyCorianders,8501404
2026-07-05T16:01:41.364372,2026-07-05T16:01:41.376401+00:00,165.5,44,bid,CostlyCorianders,EarnestEspressos,8501412
2026-07-05T16:01:41.411123,2026-07-05T16:01:41.423096+00:00,165.1,50,ask,DiligentDonuts,FlawlessFlatbreads,8501413
2026-07-05T16:01:43.519661,2026-07-05T16:01:43.530193+00:00,165.1,10,ask,DiligentDonuts,FlawlessFlatbreads,8501437
2026-07-05T16:01:43.519661,2026-07-05T16:01:43.530193+00:00,164.8,40,ask,EarnestEspressos,FlawlessFlatbreads,8501438
2026-07-05T16:01:43.565981,2026-07-05T16:01:43.574531+00:00,165.3,44,bid,CostlyCorianders,EarnestEspressos,8501439
2026-07-05T16:01:44.680284,2026-07-05T16:01:44.692206+00:00,164.8,46,ask,EarnestEspressos,CostlyCorianders,8501461
2026-07-05T16:01:45.629754,2026-07-05T16:01:45.641510+00:00,164.8,50,ask,EarnestEspressos,FlawlessFlatbreads,8501471
2026-07-05T16:01:45.687873,2026-07-05T16:01:45.699766+00:00,164.8,14,ask,EarnestEspressos,CostlyCorianders,8501472
2026-07-05T16:01:45.687873,2026-07-05T16:01:45.699766+00:00,164.8,31,ask,DiligentDonuts,CostlyCorianders,8501473
2026-07-05T16:01:45.996628,2026-07-05T16:01:46.007383+00:00,164.9,3,bid,Xuanyu Liu,EarnestEspressos,8501477
2026-07-05T16:01:46.243471,2026-07-05T16:01:46.251947+00:00,164.9,11,bid,Xuanyu Liu,EarnestEspressos,8501480
2026-07-05T16:01:47.737083,2026-07-05T16:01:47.748777+00:00,164.7,50,ask,DiligentDonuts,FlawlessFlatbreads,8501500
2026-07-05T16:01:48.003211,2026-07-05T16:01:48.010507+00:00,164.9,25,bid,Harold Schneider,EarnestEspressos,8501507
2026-07-05T16:01:48.182678,2026-07-05T16:01:48.193585+00:00,164.9,43,bid,CostlyCorianders,EarnestEspressos,8501511
2026-07-05T16:01:48.207100,2026-07-05T16:01:48.215720+00:00,164.9,12,bid,Xuanyu Liu,EarnestEspressos,8501512
2026-07-05T16:01:48.291713,2026-07-05T16:01:48.301927+00:00,164.9,4,bid,Aaron Tian,EarnestEspressos,8501515
2026-07-05T16:01:49.843582,2026-07-05T16:01:49.855656+00:00,164.9,50,ask,EarnestEspressos,FlawlessFlatbreads,8501533
2026-07-05T16:01:51.953746,2026-07-05T16:01:51.954689+00:00,164.9,50,ask,EarnestEspressos,FlawlessFlatbreads,8501551
2026-07-05T16:01:52.332712,2026-07-05T16:01:52.339603+00:00,165.0,43,bid,CostlyCorianders,EarnestEspressos,8501560
2026-07-05T16:01:53.027317,2026-07-05T16:01:53.034313+00:00,165.0,19,bid,Harold Schneider,EarnestEspressos,8501569
2026-07-05T16:01:53.045707,2026-07-05T16:01:53.054971+00:00,164.9,10,bid,Xuanyu Liu,Harold Schneider,8501570
2026-07-05T16:01:53.869233,2026-07-05T16:01:53.879982+00:00,165.0,40,bid,CostlyCorianders,EarnestEspressos,8501579
2026-07-05T16:01:54.010212,2026-07-05T16:01:54.020564+00:00,165.0,48,bid,FlawlessFlatbreads,EarnestEspressos,8501581
2026-07-05T16:01:54.010212,2026-07-05T16:01:54.020564+00:00,165.2,2,bid,FlawlessFlatbreads,DiligentDonuts,8501582
2026-07-05T16:01:54.869080,2026-07-05T16:01:54.880751+00:00,164.7,48,ask,DiligentDonuts,CostlyCorianders,8501594
2026-07-05T16:01:55.423733,2026-07-05T16:01:55.433429+00:00,165.1,10,ask,EarnestEspressos,Xuanyu Liu,8501603
2026-07-05T16:01:55.779152,2026-07-05T16:01:55.791058+00:00,165.2,43,bid,CostlyCorianders,DiligentDonuts,8501610
2026-07-05T16:01:56.119905,2026-07-05T16:01:56.131651+00:00,165.2,50,bid,FlawlessFlatbreads,DiligentDonuts,8501616
2026-07-05T16:01:56.336077,2026-07-05T16:01:56.345675+00:00,165.1,45,ask,EarnestEspressos,CostlyCorianders,8501619
2026-07-05T16:01:56.825363,2026-07-05T16:01:56.832103+00:00,165.1,49,ask,EarnestEspressos,CostlyCorianders,8501627
2026-07-05T16:01:57.436522,2026-07-05T16:01:57.443857+00:00,165.4,45,bid,CostlyCorianders,DiligentDonuts,8501641
2026-07-05T16:01:58.050999,2026-07-05T16:01:58.058548+00:00,165.4,2,bid,Harold Schneider,DiligentDonuts,8501648
2026-07-05T16:01:58.280351,2026-07-05T16:01:58.292508+00:00,165.1,46,ask,EarnestEspressos,FlawlessFlatbreads,8501652
2026-07-05T16:01:58.280351,2026-07-05T16:01:58.292508+00:00,164.9,4,ask,DiligentDonuts,FlawlessFlatbreads,8501653
2026-07-05T16:01:58.563874,2026-07-05T16:01:58.572365+00:00,165.4,44,bid,CostlyCorianders,DiligentDonuts,8501659
2026-07-05T16:01:59.389048,2026-07-05T16:01:59.400815+00:00,165.0,100,bid,DiligentDonuts,EarnestEspressos,8501669
2026-07-05T16:02:00.391312,2026-07-05T16:02:00.403092+00:00,164.5,50,ask,EarnestEspressos,FlawlessFlatbreads,8501686
2026-07-05T16:02:02.450463,2026-07-05T16:02:02.463956+00:00,165.2,50,bid,FlawlessFlatbreads,EarnestEspressos,8501723
2026-07-05T16:02:02.671893,2026-07-05T16:02:02.679414+00:00,164.8,40,ask,DiligentDonuts,CostlyCorianders,8501726
2026-07-05T16:02:03.071498,2026-07-05T16:02:03.080904+00:00,165.2,2,bid,Harold Schneider,EarnestEspressos,8501731
2026-07-05T16:02:03.603494,2026-07-05T16:02:03.615132+00:00,165.2,48,bid,CostlyCorianders,EarnestEspressos,8501742
2026-07-05T16:02:04.140960,2026-07-05T16:02:04.148505+00:00,164.8,48,ask,DiligentDonuts,CostlyCorianders,8501748
2026-07-05T16:02:04.625596,2026-07-05T16:02:04.637648+00:00,165.2,41,bid,CostlyCorianders,EarnestEspressos,8501759
2026-07-05T16:02:04.892164,2026-07-05T16:02:04.904128+00:00,165.3,100,bid,EarnestEspressos,DiligentDonuts,8501765
2026-07-05T16:02:04.960321,2026-07-05T16:02:04.969355+00:00,165.4,23,ask,EarnestEspressos,Xuanyu Liu,8501766
2026-07-05T16:02:06.712893,2026-07-05T16:02:06.719842+00:00,165.4,27,ask,EarnestEspressos,FlawlessFlatbreads,8501795
2026-07-05T16:02:06.712893,2026-07-05T16:02:06.724851+00:00,165.0,23,ask,DiligentDonuts,FlawlessFlatbreads,8501796
2026-07-05T16:02:08.090217,2026-07-05T16:02:08.099188+00:00,165.5,2,bid,Harold Schneider,DiligentDonuts,8501815
2026-07-05T16:02:08.824915,2026-07-05T16:02:08.836932+00:00,165.0,50,ask,DiligentDonuts,FlawlessFlatbreads,8501824
2026-07-05T16:02:10.538743,2026-07-05T16:02:10.547387+00:00,165.3,11,bid,Xuanyu Liu,EarnestEspressos,8501840
2026-07-05T16:02:10.933241,2026-07-05T16:02:10.942841+00:00,164.9,50,ask,DiligentDonuts,FlawlessFlatbreads,8501850
2026-07-05T16:02:11.423749,2026-07-05T16:02:11.468697+00:00,165.0,49,ask,EarnestEspressos,CostlyCorianders,8501854
2026-07-05T16:02:11.960119,2026-07-05T16:02:11.971950+00:00,165.0,47,ask,EarnestEspressos,CostlyCorianders,8501866
2026-07-05T16:02:12.100011,2026-07-05T16:02:12.111984+00:00,165.0,54,ask,EarnestEspressos,DiligentDonuts,8501867
2026-07-05T16:02:12.631649,2026-07-05T16:02:12.648233+00:00,165.0,44,bid,CostlyCorianders,DiligentDonuts,8501870
2026-07-05T16:02:12.631962,2026-07-05T16:02:12.648233+00:00,165.0,2,bid,Xuanyu Liu,DiligentDonuts,8501872
2026-07-05T16:02:13.136995,2026-07-05T16:02:13.149803+00:00,165.5,2,bid,Harold Schneider,EarnestEspressos,8501890
2026-07-05T16:02:14.449674,2026-07-05T16:02:14.459407+00:00,164.6,44,bid,Xuanyu Liu,EarnestEspressos,8501918
2026-07-05T16:02:14.698562,2026-07-05T16:02:14.710514+00:00,164.6,44,bid,CostlyCorianders,EarnestEspressos,8501923
2026-07-05T16:02:15.091967,2026-07-05T16:02:15.103582+00:00,164.6,50,bid,FlawlessFlatbreads,EarnestEspressos,8501926
2026-07-05T16:02:15.207406,2026-07-05T16:02:15.216252+00:00,164.6,12,bid,DiligentDonuts,EarnestEspressos,8501928
2026-07-05T16:02:17.198893,2026-07-05T16:02:17.210733+00:00,165.2,50,bid,FlawlessFlatbreads,DiligentDonuts,8501971
2026-07-05T16:02:17.998217,2026-07-05T16:02:18.007402+00:00,165.0,40,ask,EarnestEspressos,CostlyCorianders,8501988
2026-07-05T16:02:18.162146,2026-07-05T16:02:18.170910+00:00,165.2,2,bid,Harold Schneider,DiligentDonuts,8501992
2026-07-05T16:02:18.382707,2026-07-05T16:02:18.389766+00:00,165.2,11,ask,DiligentDonuts,Xuanyu Liu,8501996
2026-07-05T16:02:18.604999,2026-07-05T16:02:18.611508+00:00,165.5,41,bid,CostlyCorianders,EarnestEspressos,8502002
2026-07-05T16:02:19.359813,2026-07-05T16:02:19.369251+00:00,165.2,50,ask,DiligentDonuts,FlawlessFlatbreads,8502018
2026-07-05T16:02:19.593642,2026-07-05T16:02:19.605368+00:00,165.5,43,bid,CostlyCorianders,EarnestEspressos,8502019
2026-07-05T16:02:21.019044,2026-07-05T16:02:21.027788+00:00,165.4,12,ask,EarnestEspressos,Xuanyu Liu,8502043
2026-07-05T16:02:22.477013,2026-07-05T16:02:22.486202+00:00,165.4,41,ask,EarnestEspressos,CostlyCorianders,8502064
2026-07-05T16:02:22.970361,2026-07-05T16:02:22.979672+00:00,165.4,47,ask,EarnestEspressos,CostlyCorianders,8502076
2026-07-05T16:02:24.594327,2026-07-05T16:02:24.606009+00:00,165.6,44,bid,CostlyCorianders,DiligentDonuts,8502111
2026-07-05T16:02:25.673938,2026-07-05T16:02:25.685717+00:00,165.4,50,ask,DiligentDonuts,FlawlessFlatbreads,8502128
2026-07-05T16:02:27.730788,2026-07-05T16:02:27.742799+00:00,165.6,50,bid,FlawlessFlatbreads,EarnestEspressos,8502164
2026-07-05T16:02:29.897485,2026-07-05T16:02:29.909537+00:00,165.6,43,bid,CostlyCorianders,EarnestEspressos,8502192
2026-07-05T16:02:32.016743,2026-07-05T16:02:32.026579+00:00,165.5,50,ask,EarnestEspressos,FlawlessFlatbreads,8502225
2026-07-05T16:02:33.975489,2026-07-05T16:02:33.984753+00:00,165.2,43,ask,DiligentDonuts,CostlyCorianders,8502254
2026-07-05T16:02:34.123179,2026-07-05T16:02:34.134935+00:00,165.2,50,ask,DiligentDonuts,FlawlessFlatbreads,8502256
2026-07-05T16:02:35.464919,2026-07-05T16:02:35.472515+00:00,165.3,12,bid,Xuanyu Liu,DiligentDonuts,8502271
2026-07-05T16:02:36.543812,2026-07-05T16:02:36.555815+00:00,165.3,88,bid,EarnestEspressos,DiligentDonuts,8502288
2026-07-05T16:02:36.772101,2026-07-05T16:02:36.781654+00:00,165.3,23,ask,EarnestEspressos,Xuanyu Liu,8502292
2026-07-05T16:02:38.309071,2026-07-05T16:02:38.316340+00:00,165.4,50,bid,FlawlessFlatbreads,DiligentDonuts,8502313
2026-07-05T16:02:39.761692,2026-07-05T16:02:39.773675+00:00,164.9,100,ask,DiligentDonuts,EarnestEspressos,8502331
2026-07-05T16:02:39.775331,2026-07-05T16:02:39.785971+00:00,164.9,23,bid,Xuanyu Liu,EarnestEspressos,8502332
2026-07-05T16:02:40.417176,2026-07-05T16:02:40.429080+00:00,164.9,27,bid,FlawlessFlatbreads,EarnestEspressos,8502339
2026-07-05T16:02:40.417176,2026-07-05T16:02:40.429080+00:00,165.4,23,bid,FlawlessFlatbreads,DiligentDonuts,8502340
2026-07-05T16:02:41.358396,2026-07-05T16:02:41.365476+00:00,164.8,45,ask,DiligentDonuts,CostlyCorianders,8502352
2026-07-05T16:02:42.533864,2026-07-05T16:02:42.545519+00:00,165.3,50,bid,FlawlessFlatbreads,DiligentDonuts,8502362
2026-07-05T16:02:43.068165,2026-07-05T16:02:43.080213+00:00,165.3,48,bid,CostlyCorianders,DiligentDonuts,8502372
2026-07-05T16:02:44.725743,2026-07-05T16:02:44.733723+00:00,164.9,50,ask,EarnestEspressos,FlawlessFlatbreads,8502396
2026-07-05T16:02:45.825981,2026-07-05T16:02:45.837801+00:00,164.9,45,ask,EarnestEspressos,CostlyCorianders,8502409
2026-07-05T16:02:45.950380,2026-07-05T16:02:45.958945+00:00,164.9,12,ask,EarnestEspressos,Xuanyu Liu,8502414
2026-07-05T16:02:46.087086,2026-07-05T16:02:46.098716+00:00,164.9,100,ask,DiligentDonuts,EarnestEspressos,8502420
2026-07-05T16:02:46.835202,2026-07-05T16:02:46.847055+00:00,164.3,50,ask,EarnestEspressos,FlawlessFlatbreads,8502431
2026-07-05T16:02:47.619907,2026-07-05T16:02:47.628251+00:00,164.8,49,bid,CostlyCorianders,EarnestEspressos,8502442
2026-07-05T16:02:48.971500,2026-07-05T16:02:48.980179+00:00,164.3,50,ask,EarnestEspressos,FlawlessFlatbreads,8502463
2026-07-05T16:02:53.131010,2026-07-05T16:02:53.141129+00:00,165.0,50,bid,FlawlessFlatbreads,EarnestEspressos,8502531
2026-07-05T16:02:55.264822,2026-07-05T16:02:55.273564+00:00,165.0,50,bid,FlawlessFlatbreads,EarnestEspressos,8502556
2026-07-05T16:02:55.581505,2026-07-05T16:02:55.592366+00:00,164.9,44,ask,EarnestEspressos,CostlyCorianders,8502560
2026-07-05T16:02:56.193608,2026-07-05T16:02:56.205496+00:00,164.9,42,ask,EarnestEspressos,CostlyCorianders,8502572
2026-07-05T16:02:56.396211,2026-07-05T16:02:56.407682+00:00,164.9,64,ask,EarnestEspressos,DiligentDonuts,8502580
2026-07-05T16:02:57.371050,2026-07-05T16:02:57.382966+00:00,164.9,36,bid,FlawlessFlatbreads,DiligentDonuts,8502588
2026-07-05T16:02:57.371050,2026-07-05T16:02:57.382966+00:00,165.4,14,bid,FlawlessFlatbreads,EarnestEspressos,8502589
2026-07-05T16:02:59.484565,2026-07-05T16:02:59.496306+00:00,164.9,50,bid,FlawlessFlatbreads,EarnestEspressos,8502619
2026-07-05T16:02:59.506172,2026-07-05T16:02:59.518073+00:00,164.9,100,bid,DiligentDonuts,EarnestEspressos,8502620
2026-07-05T16:03:00.215038,2026-07-05T16:03:00.227075+00:00,165.4,40,bid,CostlyCorianders,DiligentDonuts,8502629
2026-07-05T16:03:01.590698,2026-07-05T16:03:01.601590+00:00,165.4,50,bid,FlawlessFlatbreads,DiligentDonuts,8502651
2026-07-05T16:03:01.861618,2026-07-05T16:03:01.872719+00:00,165.0,11,ask,EarnestEspressos,Xuanyu Liu,8502653
2026-07-05T16:03:02.989973,2026-07-05T16:03:02.999681+00:00,165.2,46,bid,CostlyCorianders,DiligentDonuts,8502674
2026-07-05T16:03:03.649333,2026-07-05T16:03:03.663824+00:00,165.0,45,ask,EarnestEspressos,CostlyCorianders,8502677
2026-07-05T16:03:03.707205,2026-07-05T16:03:03.719260+00:00,165.2,50,bid,FlawlessFlatbreads,DiligentDonuts,8502678
2026-07-05T16:03:05.213796,2026-07-05T16:03:05.221726+00:00,164.8,44,ask,EarnestEspressos,CostlyCorianders,8502708
2026-07-05T16:03:05.814145,2026-07-05T16:03:05.826466+00:00,165.3,50,bid,FlawlessFlatbreads,EarnestEspressos,8502719
2026-07-05T16:03:06.697476,2026-07-05T16:03:06.709676+00:00,165.3,48,bid,CostlyCorianders,EarnestEspressos,8502734
2026-07-05T16:03:07.193661,2026-07-05T16:03:07.205525+00:00,165.3,41,bid,CostlyCorianders,EarnestEspressos,8502744
2026-07-05T16:03:07.701243,2026-07-05T16:03:07.712195+00:00,165.0,48,ask,DiligentDonuts,CostlyCorianders,8502755
2026-07-05T16:03:07.922914,2026-07-05T16:03:07.934920+00:00,165.3,11,bid,FlawlessFlatbreads,EarnestEspressos,8502762
2026-07-05T16:03:07.922914,2026-07-05T16:03:07.934920+00:00,165.5,39,bid,FlawlessFlatbreads,DiligentDonuts,8502763
2026-07-05T16:03:08.180313,2026-07-05T16:03:08.200734+00:00,165.5,44,bid,CostlyCorianders,DiligentDonuts,8502767
2026-07-05T16:03:08.190512,2026-07-05T16:03:08.200734+00:00,165.4,23,ask,EarnestEspressos,Xuanyu Liu,8502768
2026-07-05T16:03:10.030880,2026-07-05T16:03:10.042624+00:00,165.8,50,bid,FlawlessFlatbreads,EarnestEspressos,8502792
2026-07-05T16:03:11.460767,2026-07-05T16:03:11.472846+00:00,165.5,3,ask,EarnestEspressos,Xuanyu Liu,8502808
2026-07-05T16:03:12.187945,2026-07-05T16:03:12.195501+00:00,165.5,50,ask,EarnestEspressos,FlawlessFlatbreads,8502819
2026-07-05T16:03:14.293771,2026-07-05T16:03:14.301024+00:00,165.5,50,ask,EarnestEspressos,FlawlessFlatbreads,8502844
2026-07-05T16:03:16.402396,2026-07-05T16:03:16.414495+00:00,165.3,50,ask,DiligentDonuts,FlawlessFlatbreads,8502872
2026-07-05T16:03:18.660311,2026-07-05T16:03:18.670946+00:00,165.3,40,ask,DiligentDonuts,CostlyCorianders,8502898
2026-07-05T16:03:20.563707,2026-07-05T16:03:20.585428+00:00,165.7,50,bid,FlawlessFlatbreads,EarnestEspressos,8502920
2026-07-05T16:03:20.863522,2026-07-05T16:03:20.875581+00:00,165.3,42,ask,DiligentDonuts,CostlyCorianders,8502923
2026-07-05T16:03:22.001316,2026-07-05T16:03:22.013248+00:00,165.4,45,ask,EarnestEspressos,CostlyCorianders,8502948
2026-07-05T16:03:22.669637,2026-07-05T16:03:22.681445+00:00,165.5,50,bid,FlawlessFlatbreads,DiligentDonuts,8502963
2026-07-05T16:03:22.692795,2026-07-05T16:03:22.701537+00:00,165.5,3,bid,Xuanyu Liu,DiligentDonuts,8502964
2026-07-05T16:03:23.082678,2026-07-05T16:03:23.094597+00:00,165.5,42,bid,CostlyCorianders,DiligentDonuts,8502970
2026-07-05T16:03:25.310264,2026-07-05T16:03:25.317816+00:00,165.4,3,ask,EarnestEspressos,Xuanyu Liu,8502991
2026-07-05T16:03:27.054751,2026-07-05T16:03:27.066424+00:00,165.7,42,bid,CostlyCorianders,DiligentDonuts,8503019
2026-07-05T16:03:27.551676,2026-07-05T16:03:27.563721+00:00,165.3,45,ask,EarnestEspressos,CostlyCorianders,8503026
2026-07-05T16:03:29.035539,2026-07-05T16:03:29.043217+00:00,165.5,50,ask,DiligentDonuts,FlawlessFlatbreads,8503052
2026-07-05T16:03:30.523946,2026-07-05T16:03:30.534937+00:00,165.6,49,bid,CostlyCorianders,EarnestEspressos,8503084
2026-07-05T16:03:30.749661,2026-07-05T16:03:30.765744+00:00,165.6,3,bid,Xuanyu Liu,EarnestEspressos,8503088
2026-07-05T16:03:30.998329,2026-07-05T16:03:31.010328+00:00,165.6,42,bid,CostlyCorianders,EarnestEspressos,8503091
2026-07-05T16:03:31.090072,2026-07-05T16:03:31.101867+00:00,165.6,50,bid,FlawlessFlatbreads,EarnestEspressos,8503092
2026-07-05T16:03:31.952074,2026-07-05T16:03:31.960831+00:00,165.6,6,bid,Xuanyu Liu,EarnestEspressos,8503106
2026-07-05T16:03:31.976204,2026-07-05T16:03:31.986649+00:00,165.4,40,ask,DiligentDonuts,CostlyCorianders,8503108
2026-07-05T16:03:33.250384,2026-07-05T16:03:33.258595+00:00,165.4,50,ask,DiligentDonuts,FlawlessFlatbreads,8503123
2026-07-05T16:03:33.521067,2026-07-05T16:03:33.532446+00:00,165.9,100,bid,EarnestEspressos,DiligentDonuts,8503127
2026-07-05T16:03:33.593029,2026-07-05T16:03:33.604528+00:00,166.0,9,ask,EarnestEspressos,Xuanyu Liu,8503130
2026-07-05T16:03:34.363014,2026-07-05T16:03:34.371326+00:00,166.0,41,ask,EarnestEspressos,DiligentDonuts,8503148
2026-07-05T16:03:35.190416,2026-07-05T16:03:35.201987+00:00,165.5,42,ask,DiligentDonuts,CostlyCorianders,8503163
2026-07-05T16:03:35.358137,2026-07-05T16:03:35.369855+00:00,165.5,50,ask,DiligentDonuts,FlawlessFlatbreads,8503166
2026-07-05T16:03:36.287107,2026-07-05T16:03:36.296887+00:00,166.0,41,bid,CostlyCorianders,DiligentDonuts,8503180
2026-07-05T16:03:37.466127,2026-07-05T16:03:37.477867+00:00,165.5,50,ask,EarnestEspressos,FlawlessFlatbreads,8503198
2026-07-05T16:03:38.405026,2026-07-05T16:03:38.416654+00:00,165.5,40,ask,EarnestEspressos,CostlyCorianders,8503214
2026-07-05T16:03:39.522305,2026-07-05T16:03:39.534401+00:00,166.0,50,bid,FlawlessFlatbreads,EarnestEspressos,8503226
2026-07-05T16:03:39.930689,2026-07-05T16:03:39.941478+00:00,165.7,3,bid,Xuanyu Liu,EarnestEspressos,8503234
2026-07-05T16:03:41.215265,2026-07-05T16:03:41.224545+00:00,165.7,11,bid,Xuanyu Liu,EarnestEspressos,8503252
2026-07-05T16:03:42.380008,2026-07-05T16:03:42.388021+00:00,165.7,42,bid,CostlyCorianders,EarnestEspressos,8503274
2026-07-05T16:03:42.863463,2026-07-05T16:03:42.873901+00:00,165.7,46,bid,CostlyCorianders,EarnestEspressos,8503282
2026-07-05T16:03:43.665396,2026-07-05T16:03:43.674427+00:00,165.7,11,ask,EarnestEspressos,Xuanyu Liu,8503297
2026-07-05T16:03:43.813391,2026-07-05T16:03:43.825101+00:00,165.7,50,ask,EarnestEspressos,FlawlessFlatbreads,8503303
2026-07-05T16:03:45.771804,2026-07-05T16:03:45.783815+00:00,165.7,48,ask,EarnestEspressos,CostlyCorianders,8503323
2026-07-05T16:03:45.932216,2026-07-05T16:03:45.944356+00:00,165.7,41,ask,EarnestEspressos,FlawlessFlatbreads,8503326
2026-07-05T16:03:45.932216,2026-07-05T16:03:45.944356+00:00,165.4,9,ask,DiligentDonuts,FlawlessFlatbreads,8503327
2026-07-05T16:03:46.230605,2026-07-05T16:03:46.240887+00:00,165.9,44,bid,CostlyCorianders,DiligentDonuts,8503329
2026-07-05T16:03:46.259543,2026-07-05T16:03:46.268669+00:00,165.5,23,bid,Xuanyu Liu,EarnestEspressos,8503330
2026-07-05T16:03:46.775589,2026-07-05T16:03:46.787132+00:00,165.5,43,bid,CostlyCorianders,EarnestEspressos,8503337
2026-07-05T16:03:46.960572,2026-07-05T16:03:46.972340+00:00,165.5,84,bid,DiligentDonuts,EarnestEspressos,8503346
2026-07-05T16:03:48.047824,2026-07-05T16:03:48.050233+00:00,165.7,16,ask,DiligentDonuts,FlawlessFlatbreads,8503361
2026-07-05T16:03:48.047824,2026-07-05T16:03:48.068645+00:00,165.0,34,ask,EarnestEspressos,FlawlessFlatbreads,8503362
2026-07-05T16:03:48.545598,2026-07-05T16:03:48.555865+00:00,165.0,40,ask,EarnestEspressos,CostlyCorianders,8503373
2026-07-05T16:03:50.174003,2026-07-05T16:03:50.185921+00:00,165.2,50,ask,EarnestEspressos,FlawlessFlatbreads,8503398
2026-07-05T16:03:52.284301,2026-07-05T16:03:52.304550+00:00,165.2,50,ask,EarnestEspressos,FlawlessFlatbreads,8503427
2026-07-05T16:03:52.600245,2026-07-05T16:03:52.608584+00:00,165.4,11,bid,Xuanyu Liu,EarnestEspressos,8503431
2026-07-05T16:03:52.922446,2026-07-05T16:03:52.933320+00:00,165.2,47,ask,DiligentDonuts,CostlyCorianders,8503439
2026-07-05T16:03:54.417165,2026-07-05T16:03:54.427357+00:00,165.2,50,ask,DiligentDonuts,FlawlessFlatbreads,8503459
2026-07-05T16:03:56.472081,2026-07-05T16:03:56.479497+00:00,165.5,50,bid,FlawlessFlatbreads,EarnestEspressos,8503491
2026-07-05T16:03:57.069658,2026-07-05T16:03:57.081666+00:00,165.5,47,bid,CostlyCorianders,EarnestEspressos,8503496
2026-07-05T16:03:58.580409,2026-07-05T16:03:58.591897+00:00,165.5,50,bid,FlawlessFlatbreads,EarnestEspressos,8503525
2026-07-05T16:03:59.677880,2026-07-05T16:03:59.689738+00:00,165.5,100,ask,EarnestEspressos,DiligentDonuts,8503544
2026-07-05T16:04:00.046487,2026-07-05T16:04:00.058572+00:00,165.5,44,ask,EarnestEspressos,CostlyCorianders,8503548
2026-07-05T16:04:00.688957,2026-07-05T16:04:00.700705+00:00,166.0,50,bid,FlawlessFlatbreads,EarnestEspressos,8503557
2026-07-05T16:04:02.660993,2026-07-05T16:04:02.669439+00:00,165.6,41,bid,CostlyCorianders,EarnestEspressos,8503590
2026-07-05T16:04:02.796956,2026-07-05T16:04:02.805797+00:00,165.6,50,bid,FlawlessFlatbreads,EarnestEspressos,8503593
2026-07-05T16:04:03.309654,2026-07-05T16:04:03.317531+00:00,165.4,46,ask,DiligentDonuts,CostlyCorianders,8503606
2026-07-05T16:04:04.905382,2026-07-05T16:04:04.915181+00:00,165.6,50,bid,FlawlessFlatbreads,EarnestEspressos,8503631
2026-07-05T16:04:05.203270,2026-07-05T16:04:05.213306+00:00,165.5,11,ask,EarnestEspressos,Xuanyu Liu,8503639
2026-07-05T16:04:07.013721,2026-07-05T16:04:07.025654+00:00,165.6,50,bid,FlawlessFlatbreads,DiligentDonuts,8503669
2026-07-05T16:04:08.429948,2026-07-05T16:04:08.436874+00:00,165.6,48,bid,CostlyCorianders,DiligentDonuts,8503687
2026-07-05T16:04:09.129514,2026-07-05T16:04:09.141626+00:00,166.0,50,bid,FlawlessFlatbreads,EarnestEspressos,8503699
2026-07-05T16:04:10.093979,2026-07-05T16:04:10.106810+00:00,165.5,12,ask,EarnestEspressos,Xuanyu Liu,8503711
2026-07-05T16:04:10.690232,2026-07-05T16:04:10.698873+00:00,165.5,47,ask,EarnestEspressos,CostlyCorianders,8503724
2026-07-05T16:04:11.237670,2026-07-05T16:04:11.258620+00:00,165.9,50,bid,FlawlessFlatbreads,DiligentDonuts,8503730
2026-07-05T16:04:13.349448,2026-07-05T16:04:13.363639+00:00,166.0,50,bid,FlawlessFlatbreads,EarnestEspressos,8503761
2026-07-05T16:04:14.700989,2026-07-05T16:04:14.709557+00:00,165.6,11,ask,EarnestEspressos,Xuanyu Liu,8503780
2026-07-05T16:04:14.887695,2026-07-05T16:04:14.897916+00:00,165.6,42,ask,EarnestEspressos,CostlyCorianders,8503784
2026-07-05T16:04:15.458079,2026-07-05T16:04:15.470115+00:00,166.1,50,bid,FlawlessFlatbreads,EarnestEspressos,8503794
2026-07-05T16:04:15.537482,2026-07-05T16:04:15.548471+00:00,166.0,43,bid,CostlyCorianders,DiligentDonuts,8503795
2026-07-05T16:04:16.589460,2026-07-05T16:04:16.601197+00:00,165.6,43,ask,EarnestEspressos,CostlyCorianders,8503806
2026-07-05T16:04:17.224996,2026-07-05T16:04:17.232594+00:00,165.6,47,ask,EarnestEspressos,CostlyCorianders,8503810
2026-07-05T16:04:18.704690,2026-07-05T16:04:18.714736+00:00,165.7,40,bid,CostlyCorianders,EarnestEspressos,8503830
2026-07-05T16:04:19.176071,2026-07-05T16:04:19.184809+00:00,165.5,48,ask,DiligentDonuts,CostlyCorianders,8503832
2026-07-05T16:04:19.696719,2026-07-05T16:04:19.708717+00:00,165.7,50,bid,FlawlessFlatbreads,EarnestEspressos,8503837
2026-07-05T16:04:20.260869,2026-07-05T16:04:20.272940+00:00,165.7,48,bid,CostlyCorianders,EarnestEspressos,8503846
2026-07-05T16:04:20.761157,2026-07-05T16:04:20.770867+00:00,165.7,12,bid,CostlyCorianders,EarnestEspressos,8503853
2026-07-05T16:04:20.761157,2026-07-05T16:04:20.770867+00:00,166.0,32,bid,CostlyCorianders,DiligentDonuts,8503854
2026-07-05T16:04:21.023156,2026-07-05T16:04:21.033871+00:00,165.7,3,ask,EarnestEspressos,Xuanyu Liu,8503856
2026-07-05T16:04:21.855645,2026-07-05T16:04:21.867363+00:00,165.7,50,ask,EarnestEspressos,FlawlessFlatbreads,8503873
2026-07-05T16:04:23.911680,2026-07-05T16:04:23.921936+00:00,165.9,50,bid,FlawlessFlatbreads,DiligentDonuts,8503898
2026-07-05T16:04:25.532369,2026-07-05T16:04:25.542489+00:00,165.9,47,ask,DiligentDonuts,CostlyCorianders,8503925
2026-07-05T16:04:26.067970,2026-07-05T16:04:26.079286+00:00,165.9,50,ask,DiligentDonuts,FlawlessFlatbreads,8503926
2026-07-05T16:04:28.182987,2026-07-05T16:04:28.192525+00:00,165.8,50,ask,EarnestEspressos,FlawlessFlatbreads,8503954
2026-07-05T16:04:30.290909,2026-07-05T16:04:30.302938+00:00,165.8,50,ask,EarnestEspressos,FlawlessFlatbreads,8503983
2026-07-05T16:04:32.401447,2026-07-05T16:04:32.412074+00:00,165.5,50,ask,DiligentDonuts,FlawlessFlatbreads,8504018
2026-07-05T16:04:34.508506,2026-07-05T16:04:34.520200+00:00,165.3,50,ask,DiligentDonuts,FlawlessFlatbreads,8504047
2026-07-05T16:04:36.616741,2026-07-05T16:04:36.628707+00:00,165.3,50,ask,DiligentDonuts,FlawlessFlatbreads,8504069
2026-07-05T16:04:37.633343,2026-07-05T16:04:37.643408+00:00,165.6,3,bid,Xuanyu Liu,DiligentDonuts,8504087
2026-07-05T16:04:38.728515,2026-07-05T16:04:38.740155+00:00,165.4,50,ask,EarnestEspressos,FlawlessFlatbreads,8504105
2026-07-05T16:04:39.248135,2026-07-05T16:04:39.256526+00:00,165.6,23,bid,Xuanyu Liu,DiligentDonuts,8504112
2026-07-05T16:04:40.836025,2026-07-05T16:04:40.847732+00:00,165.4,50,ask,DiligentDonuts,FlawlessFlatbreads,8504133
2026-07-05T16:04:42.943401,2026-07-05T16:04:42.955109+00:00,165.4,50,ask,DiligentDonuts,FlawlessFlatbreads,8504168
2026-07-05T16:04:44.024482,2026-07-05T16:04:44.033930+00:00,165.1,23,bid,Xuanyu Liu,DiligentDonuts,8504191
2026-07-05T16:04:45.050878,2026-07-05T16:04:45.052106+00:00,164.8,50,ask,EarnestEspressos,FlawlessFlatbreads,8504203
2026-07-05T16:04:45.340458,2026-07-05T16:04:45.350180+00:00,165.1,34,bid,Xuanyu Liu,DiligentDonuts,8504209
2026-07-05T16:04:46.320607,2026-07-05T16:04:46.332670+00:00,165.1,43,bid,EarnestEspressos,DiligentDonuts,8504222
2026-07-05T16:04:46.485394,2026-07-05T16:04:46.497332+00:00,165.7,45,bid,CostlyCorianders,EarnestEspressos,8504224
2026-07-05T16:04:47.119460,2026-07-05T16:04:47.131354+00:00,165.7,42,bid,CostlyCorianders,EarnestEspressos,8504236
2026-07-05T16:04:47.157061,2026-07-05T16:04:47.169132+00:00,165.2,50,ask,EarnestEspressos,FlawlessFlatbreads,8504237
2026-07-05T16:04:47.965064,2026-07-05T16:04:47.974556+00:00,165.2,12,ask,EarnestEspressos,Xuanyu Liu,8504258
2026-07-05T16:04:49.267444,2026-07-05T16:04:49.278017+00:00,165.2,45,ask,EarnestEspressos,FlawlessFlatbreads,8504275
2026-07-05T16:04:49.267444,2026-07-05T16:04:49.278017+00:00,165.2,5,ask,DiligentDonuts,FlawlessFlatbreads,8504276
2026-07-05T16:04:50.583629,2026-07-05T16:04:50.591879+00:00,165.2,11,ask,DiligentDonuts,Xuanyu Liu,8504297
2026-07-05T16:04:50.861473,2026-07-05T16:04:50.873128+00:00,165.2,45,ask,DiligentDonuts,CostlyCorianders,8504301
2026-07-05T16:04:53.429074,2026-07-05T16:04:53.441260+00:00,165.3,50,bid,FlawlessFlatbreads,EarnestEspressos,8504340
2026-07-05T16:04:54.631052,2026-07-05T16:04:54.643128+00:00,165.3,49,bid,CostlyCorianders,EarnestEspressos,8504354
2026-07-05T16:04:55.589766,2026-07-05T16:04:55.598094+00:00,165.0,50,ask,DiligentDonuts,FlawlessFlatbreads,8504364
2026-07-05T16:04:56.069143,2026-07-05T16:04:56.080896+00:00,165.5,47,bid,CostlyCorianders,DiligentDonuts,8504368
2026-07-05T16:04:56.124587,2026-07-05T16:04:56.137442+00:00,165.2,48,ask,EarnestEspressos,CostlyCorianders,8504370
2026-07-05T16:04:56.727824,2026-07-05T16:04:56.739911+00:00,165.5,49,bid,CostlyCorianders,DiligentDonuts,8504379
2026-07-05T16:04:57.644886,2026-07-05T16:04:57.656753+00:00,165.5,50,bid,FlawlessFlatbreads,DiligentDonuts,8504392
2026-07-05T16:04:57.966485,2026-07-05T16:04:57.973908+00:00,165.5,1,bid,Aaron Tian,DiligentDonuts,8504395
2026-07-05T16:04:59.756205,2026-07-05T16:04:59.769385+00:00,165.5,11,ask,DiligentDonuts,Xuanyu Liu,8504423
2026-07-05T16:04:59.803007,2026-07-05T16:04:59.811001+00:00,165.5,50,ask,DiligentDonuts,FlawlessFlatbreads,8504426
2026-07-05T16:05:00.770026,2026-07-05T16:05:00.777699+00:00,165.5,39,ask,DiligentDonuts,CostlyCorianders,8504440
2026-07-05T16:05:00.770026,2026-07-05T16:05:00.783114+00:00,165.1,6,ask,EarnestEspressos,CostlyCorianders,8504441
2026-07-05T16:05:01.859584,2026-07-05T16:05:01.871602+00:00,165.6,50,bid,FlawlessFlatbreads,EarnestEspressos,8504457
2026-07-05T16:05:03.348178,2026-07-05T16:05:03.358584+00:00,165.2,40,ask,EarnestEspressos,CostlyCorianders,8504476
2026-07-05T16:05:03.964798,2026-07-05T16:05:03.972794+00:00,165.6,50,bid,FlawlessFlatbreads,DiligentDonuts,8504491
2026-07-05T16:05:03.996485,2026-07-05T16:05:04.004264+00:00,165.6,45,bid,CostlyCorianders,DiligentDonuts,8504492
2026-07-05T16:05:04.982643,2026-07-05T16:05:04.994227+00:00,165.2,44,ask,EarnestEspressos,CostlyCorianders,8504511
2026-07-05T16:05:06.074243,2026-07-05T16:05:06.086031+00:00,165.4,50,bid,FlawlessFlatbreads,EarnestEspressos,8504523
2026-07-05T16:05:08.237267,2026-07-05T16:05:08.249036+00:00,165.3,50,ask,DiligentDonuts,FlawlessFlatbreads,8504557
2026-07-05T16:05:09.031000,2026-07-05T16:05:09.042976+00:00,165.3,42,ask,DiligentDonuts,CostlyCorianders,8504574
2026-07-05T16:05:10.344574,2026-07-05T16:05:10.358548+00:00,165.2,50,ask,DiligentDonuts,FlawlessFlatbreads,8504595
2026-07-05T16:05:13.334239,2026-07-05T16:05:13.346061+00:00,165.6,48,bid,CostlyCorianders,EarnestEspressos,8504650
2026-07-05T16:05:14.536057,2026-07-05T16:05:14.548310+00:00,165.6,50,bid,FlawlessFlatbreads,EarnestEspressos,8504664
2026-07-05T16:05:16.644491,2026-07-05T16:05:16.651483+00:00,165.5,50,bid,FlawlessFlatbreads,DiligentDonuts,8504692
2026-07-05T16:05:18.764305,2026-07-05T16:05:18.776265+00:00,165.9,50,bid,FlawlessFlatbreads,EarnestEspressos,8504729
2026-07-05T16:05:19.108750,2026-07-05T16:05:19.119389+00:00,165.4,40,ask,EarnestEspressos,CostlyCorianders,8504735
2026-07-05T16:05:20.355281,2026-07-05T16:05:20.365771+00:00,165.4,12,ask,EarnestEspressos,Xuanyu Liu,8504759
2026-07-05T16:05:20.872930,2026-07-05T16:05:20.884702+00:00,165.6,50,bid,FlawlessFlatbreads,DiligentDonuts,8504766
2026-07-05T16:05:23.013325,2026-07-05T16:05:23.025442+00:00,165.8,50,bid,FlawlessFlatbreads,EarnestEspressos,8504802
2026-07-05T16:05:24.302996,2026-07-05T16:05:24.312439+00:00,165.6,11,ask,EarnestEspressos,Xuanyu Liu,8504819
2026-07-05T16:05:26.282394,2026-07-05T16:05:26.294480+00:00,165.8,44,bid,CostlyCorianders,DiligentDonuts,8504839
2026-07-05T16:05:27.274391,2026-07-05T16:05:27.285232+00:00,165.6,50,ask,EarnestEspressos,FlawlessFlatbreads,8504858
2026-07-05T16:05:29.330194,2026-07-05T16:05:29.337297+00:00,165.9,50,bid,FlawlessFlatbreads,EarnestEspressos,8504895
2026-07-05T16:05:31.359637,2026-07-05T16:05:31.368691+00:00,165.8,12,ask,EarnestEspressos,Xuanyu Liu,8504923
2026-07-05T16:05:31.756477,2026-07-05T16:05:31.754445+00:00,165.8,48,ask,EarnestEspressos,CostlyCorianders,8504931
2026-07-05T16:05:34.816873,2026-07-05T16:05:34.825934+00:00,165.6,42,ask,DiligentDonuts,CostlyCorianders,8504973
2026-07-05T16:05:35.643660,2026-07-05T16:05:35.648166+00:00,165.9,50,bid,FlawlessFlatbreads,EarnestEspressos,8504990
2026-07-05T16:05:35.774176,2026-07-05T16:05:35.785721+00:00,165.9,43,bid,CostlyCorianders,EarnestEspressos,8504991
2026-07-05T16:05:36.286399,2026-07-05T16:05:36.298144+00:00,165.6,46,ask,DiligentDonuts,CostlyCorianders,8505002
2026-07-05T16:05:37.750968,2026-07-05T16:05:37.758568+00:00,166.3,50,bid,FlawlessFlatbreads,EarnestEspressos,8505020
2026-07-05T16:05:37.786348,2026-07-05T16:05:37.798155+00:00,165.8,100,ask,EarnestEspressos,DiligentDonuts,8505021
2026-07-05T16:05:37.960885,2026-07-05T16:05:37.972948+00:00,165.8,41,ask,EarnestEspressos,CostlyCorianders,8505022
2026-07-05T16:05:39.864857,2026-07-05T16:05:39.874967+00:00,166.3,50,bid,FlawlessFlatbreads,EarnestEspressos,8505045
2026-07-05T16:05:43.794427,2026-07-05T16:05:43.806516+00:00,166.2,47,bid,CostlyCorianders,DiligentDonuts,8505108
2026-07-05T16:05:44.074749,2026-07-05T16:05:44.086491+00:00,166.2,50,bid,FlawlessFlatbreads,EarnestEspressos,8505114
2026-07-05T16:05:46.183652,2026-07-05T16:05:46.195296+00:00,166.2,50,bid,FlawlessFlatbreads,EarnestEspressos,8505148
2026-07-05T16:05:46.446018,2026-07-05T16:05:46.455577+00:00,166.1,14,ask,EarnestEspressos,Xuanyu Liu,8505152
2026-07-05T16:05:46.486440,2026-07-05T16:05:46.495245+00:00,166.1,47,ask,EarnestEspressos,CostlyCorianders,8505154
2026-07-05T16:05:48.661885,2026-07-05T16:05:48.673882+00:00,166.3,8,bid,CostlyCorianders,Zhangyue Shen,8505194
2026-07-05T16:05:48.661885,2026-07-05T16:05:48.673882+00:00,166.4,40,bid,CostlyCorianders,DiligentDonuts,8505195
2026-07-05T16:05:49.210872,2026-07-05T16:05:49.220928+00:00,166.4,44,bid,CostlyCorianders,DiligentDonuts,8505207
2026-07-05T16:05:50.397893,2026-07-05T16:05:50.409734+00:00,166.3,8,bid,FlawlessFlatbreads,Zhangyue Shen,8505228
2026-07-05T16:05:50.397893,2026-07-05T16:05:50.409734+00:00,166.3,42,bid,FlawlessFlatbreads,EarnestEspressos,8505229
2026-07-05T16:05:52.558195,2026-07-05T16:05:52.567570+00:00,166.2,8,ask,Zhangyue Shen,FlawlessFlatbreads,8505258
2026-07-05T16:05:52.558195,2026-07-05T16:05:52.567570+00:00,166.1,42,ask,DiligentDonuts,FlawlessFlatbreads,8505259
2026-07-05T16:05:54.666368,2026-07-05T16:05:54.678077+00:00,166.2,50,ask,EarnestEspressos,FlawlessFlatbreads,8505298
2026-07-05T16:05:56.723538,2026-07-05T16:05:56.730825+00:00,166.4,8,bid,FlawlessFlatbreads,Zhangyue Shen,8505318
2026-07-05T16:05:56.723538,2026-07-05T16:05:56.736044+00:00,166.5,42,bid,FlawlessFlatbreads,EarnestEspressos,8505319
2026-07-05T16:05:58.830633,2026-07-05T16:05:58.842301+00:00,166.4,50,bid,FlawlessFlatbreads,DiligentDonuts,8505353
2026-07-05T16:05:59.873044,2026-07-05T16:05:59.879953+00:00,166.1,44,ask,DiligentDonuts,CostlyCorianders,8505373
2026-07-05T16:06:00.937099,2026-07-05T16:06:00.945293+00:00,166.4,50,bid,FlawlessFlatbreads,EarnestEspressos,8505382
2026-07-05T16:06:01.372367,2026-07-05T16:06:01.381086+00:00,166.4,42,bid,CostlyCorianders,EarnestEspressos,8505386
2026-07-05T16:06:01.844504,2026-07-05T16:06:01.856215+00:00,166.1,43,ask,DiligentDonuts,CostlyCorianders,8505394
2026-07-05T16:06:02.272513,2026-07-05T16:06:02.284655+00:00,166.4,8,bid,EarnestEspressos,Zhangyue Shen,8505400
2026-07-05T16:06:02.691904,2026-07-05T16:06:02.701303+00:00,166.4,3,ask,EarnestEspressos,Xuanyu Liu,8505408
2026-07-05T16:06:02.754368,2026-07-05T16:06:02.763833+00:00,166.4,3,ask,EarnestEspressos,Zhangyue Shen,8505413
2026-07-05T16:06:02.782188,2026-07-05T16:06:02.789977+00:00,166.4,8,ask,EarnestEspressos,Zhangyue Shen,8505414
2026-07-05T16:06:03.043462,2026-07-05T16:06:03.058595+00:00,166.9,50,bid,FlawlessFlatbreads,EarnestEspressos,8505416
2026-07-05T16:06:03.052984,2026-07-05T16:06:03.063606+00:00,166.4,3,ask,EarnestEspressos,Zhangyue Shen,8505418
2026-07-05T16:06:03.082410,2026-07-05T16:06:03.094599+00:00,166.4,100,ask,EarnestEspressos,DiligentDonuts,8505419
2026-07-05T16:06:03.346099,2026-07-05T16:06:03.353644+00:00,166.4,3,ask,EarnestEspressos,Zhangyue Shen,8505425
2026-07-05T16:06:03.582671,2026-07-05T16:06:03.590965+00:00,166.4,22,ask,EarnestEspressos,Harold Schneider,8505430
2026-07-05T16:06:05.199358,2026-07-05T16:06:05.211017+00:00,166.0,8,ask,Zhangyue Shen,CostlyCorianders,8505456
2026-07-05T16:06:05.199358,2026-07-05T16:06:05.211017+00:00,165.8,40,ask,DiligentDonuts,CostlyCorianders,8505457
2026-07-05T16:06:08.725540,2026-07-05T16:06:08.737376+00:00,166.4,8,bid,CostlyCorianders,Zhangyue Shen,8505518
2026-07-05T16:06:08.725540,2026-07-05T16:06:08.737376+00:00,166.6,37,bid,CostlyCorianders,DiligentDonuts,8505519
2026-07-05T16:06:09.454478,2026-07-05T16:06:09.463919+00:00,166.2,50,ask,DiligentDonuts,FlawlessFlatbreads,8505534
2026-07-05T16:06:09.935686,2026-07-05T16:06:09.947463+00:00,166.2,42,ask,DiligentDonuts,CostlyCorianders,8505537
2026-07-05T16:06:10.563652,2026-07-05T16:06:10.575216+00:00,166.2,8,ask,DiligentDonuts,CostlyCorianders,8505547
2026-07-05T16:06:13.695574,2026-07-05T16:06:13.704771+00:00,166.0,8,ask,Zhangyue Shen,FlawlessFlatbreads,8505585
2026-07-05T16:06:13.695574,2026-07-05T16:06:13.704771+00:00,165.9,42,ask,EarnestEspressos,FlawlessFlatbreads,8505586
2026-07-05T16:06:14.494635,2026-07-05T16:06:14.508389+00:00,166.3,3,bid,Xuanyu Liu,DiligentDonuts,8505597
2026-07-05T16:06:15.804100,2026-07-05T16:06:15.815805+00:00,166.1,8,ask,Zhangyue Shen,FlawlessFlatbreads,8505615
2026-07-05T16:06:15.804100,2026-07-05T16:06:15.815805+00:00,166.0,42,ask,EarnestEspressos,FlawlessFlatbreads,8505616
2026-07-05T16:06:18.250362,2026-07-05T16:06:18.258603+00:00,166.3,42,bid,CostlyCorianders,EarnestEspressos,8505650
2026-07-05T16:06:20.022854,2026-07-05T16:06:20.034909+00:00,165.8,50,ask,EarnestEspressos,FlawlessFlatbreads,8505681
2026-07-05T16:06:21.293892,2026-07-05T16:06:21.305672+00:00,165.9,8,ask,Zhangyue Shen,EarnestEspressos,8505711
2026-07-05T16:06:21.772345,2026-07-05T16:06:21.784479+00:00,165.7,47,ask,DiligentDonuts,CostlyCorianders,8505726
2026-07-05T16:06:24.182860,2026-07-05T16:06:24.194590+00:00,165.9,50,bid,FlawlessFlatbreads,EarnestEspressos,8505766
2026-07-05T16:06:25.835575,2026-07-05T16:06:25.842589+00:00,166.0,8,bid,CostlyCorianders,Zhangyue Shen,8505783
2026-07-05T16:06:25.835575,2026-07-05T16:06:25.847785+00:00,166.0,37,bid,CostlyCorianders,DiligentDonuts,8505784
2026-07-05T16:06:26.290881,2026-07-05T16:06:26.299656+00:00,166.0,50,bid,FlawlessFlatbreads,DiligentDonuts,8505790
2026-07-05T16:06:28.328952,2026-07-05T16:06:28.340857+00:00,165.8,8,ask,Zhangyue Shen,CostlyCorianders,8505833
2026-07-05T16:06:28.328952,2026-07-05T16:06:28.340857+00:00,165.6,34,ask,EarnestEspressos,CostlyCorianders,8505834
2026-07-05T16:06:30.590640,2026-07-05T16:06:30.601234+00:00,165.7,50,ask,DiligentDonuts,FlawlessFlatbreads,8505854
2026-07-05T16:06:32.697363,2026-07-05T16:06:32.709385+00:00,165.6,50,ask,DiligentDonuts,FlawlessFlatbreads,8505879
2026-07-05T16:06:33.134806,2026-07-05T16:06:33.146422+00:00,166.0,47,bid,CostlyCorianders,EarnestEspressos,8505886
2026-07-05T16:06:34.664472,2026-07-05T16:06:34.672249+00:00,166.0,8,bid,CostlyCorianders,Zhangyue Shen,8505912
2026-07-05T16:06:34.714329,2026-07-05T16:06:34.723614+00:00,165.8,100,ask,EarnestEspressos,DiligentDonuts,8505913
2026-07-05T16:06:34.806994,2026-07-05T16:06:34.818999+00:00,165.8,50,ask,EarnestEspressos,FlawlessFlatbreads,8505916
2026-07-05T16:06:36.916329,2026-07-05T16:06:36.928035+00:00,165.6,8,ask,Zhangyue Shen,FlawlessFlatbreads,8505955
2026-07-05T16:06:36.916329,2026-07-05T16:06:36.928035+00:00,165.2,42,ask,DiligentDonuts,FlawlessFlatbreads,8505956
2026-07-05T16:06:37.162722,2026-07-05T16:06:37.171920+00:00,165.7,3,bid,Xuanyu Liu,EarnestEspressos,8505962
2026-07-05T16:06:37.280721,2026-07-05T16:06:37.292620+00:00,165.7,10,bid,Zhangyue Shen,EarnestEspressos,8505966
2026-07-05T16:06:37.300708,2026-07-05T16:06:37.312340+00:00,165.7,3,bid,Zhangyue Shen,EarnestEspressos,8505969
2026-07-05T16:06:37.563248,2026-07-05T16:06:37.574920+00:00,165.7,10,bid,Zhangyue Shen,EarnestEspressos,8505971
2026-07-05T16:06:37.575317,2026-07-05T16:06:37.585497+00:00,165.7,3,bid,Zhangyue Shen,EarnestEspressos,8505973
2026-07-05T16:06:37.824109,2026-07-05T16:06:37.835928+00:00,165.7,100,bid,DiligentDonuts,EarnestEspressos,8505979
2026-07-05T16:06:37.837354,2026-07-05T16:06:37.846324+00:00,165.7,10,bid,Zhangyue Shen,EarnestEspressos,8505980
2026-07-05T16:06:37.955276,2026-07-05T16:06:37.965046+00:00,165.7,11,bid,Xuanyu Liu,EarnestEspressos,8505986
2026-07-05T16:06:39.024843,2026-07-05T16:06:39.036650+00:00,165.4,8,ask,Zhangyue Shen,FlawlessFlatbreads,8506001
2026-07-05T16:06:39.024843,2026-07-05T16:06:39.036650+00:00,165.2,42,ask,EarnestEspressos,FlawlessFlatbreads,8506002
2026-07-05T16:06:39.169481,2026-07-05T16:06:39.179833+00:00,165.2,3,ask,EarnestEspressos,Zhangyue Shen,8506012
2026-07-05T16:06:39.437965,2026-07-05T16:06:39.447241+00:00,165.2,3,ask,EarnestEspressos,Zhangyue Shen,8506019
2026-07-05T16:06:39.711225,2026-07-05T16:06:39.718967+00:00,165.2,1,ask,EarnestEspressos,Zhangyue Shen,8506026
2026-07-05T16:06:40.299468,2026-07-05T16:06:40.310835+00:00,166.1,8,bid,CostlyCorianders,Zhangyue Shen,8506034
2026-07-05T16:06:40.299468,2026-07-05T16:06:40.310835+00:00,166.1,41,bid,CostlyCorianders,EarnestEspressos,8506035
2026-07-05T16:06:41.131474,2026-07-05T16:06:41.143411+00:00,165.7,8,ask,Zhangyue Shen,FlawlessFlatbreads,8506049
2026-07-05T16:06:41.131474,2026-07-05T16:06:41.143411+00:00,165.6,42,ask,EarnestEspressos,FlawlessFlatbreads,8506050
2026-07-05T16:06:42.837958,2026-07-05T16:06:42.844447+00:00,165.6,49,ask,EarnestEspressos,CostlyCorianders,8506078
2026-07-05T16:06:43.432840,2026-07-05T16:06:43.444781+00:00,166.1,47,bid,CostlyCorianders,DiligentDonuts,8506087
2026-07-05T16:06:43.720235,2026-07-05T16:06:43.726926+00:00,165.7,22,bid,Harold Schneider,EarnestEspressos,8506092
2026-07-05T16:06:43.942228,2026-07-05T16:06:43.952125+00:00,165.7,43,bid,CostlyCorianders,EarnestEspressos,8506095
2026-07-05T16:06:45.294249,2026-07-05T16:06:45.306244+00:00,165.7,50,bid,FlawlessFlatbreads,EarnestEspressos,8506112
2026-07-05T16:06:45.497905,2026-07-05T16:06:45.509340+00:00,165.6,46,ask,DiligentDonuts,CostlyCorianders,8506113
2026-07-05T16:06:46.557288,2026-07-05T16:06:46.569040+00:00,165.6,47,ask,DiligentDonuts,CostlyCorianders,8506134
2026-07-05T16:06:47.165987,2026-07-05T16:06:47.177969+00:00,165.8,47,ask,EarnestEspressos,CostlyCorianders,8506140
2026-07-05T16:06:47.372887,2026-07-05T16:06:47.384666+00:00,165.8,100,ask,EarnestEspressos,DiligentDonuts,8506142
2026-07-05T16:06:47.453163,2026-07-05T16:06:47.458609+00:00,165.8,3,ask,EarnestEspressos,FlawlessFlatbreads,8506143
2026-07-05T16:06:47.453163,2026-07-05T16:06:47.458609+00:00,165.2,47,ask,DiligentDonuts,FlawlessFlatbreads,8506144
2026-07-05T16:06:49.566108,2026-07-05T16:06:49.575285+00:00,165.2,50,ask,DiligentDonuts,FlawlessFlatbreads,8506167
2026-07-05T16:06:51.673657,2026-07-05T16:06:51.685667+00:00,165.2,50,ask,DiligentDonuts,FlawlessFlatbreads,8506207
2026-07-05T16:06:52.339900,2026-07-05T16:06:52.351634+00:00,165.6,43,bid,CostlyCorianders,EarnestEspressos,8506218
2026-07-05T16:06:53.731301,2026-07-05T16:06:53.743274+00:00,165.6,50,bid,FlawlessFlatbreads,DiligentDonuts,8506252
2026-07-05T16:06:55.837008,2026-07-05T16:06:55.848936+00:00,165.6,50,bid,FlawlessFlatbreads,DiligentDonuts,8506266
2026-07-05T16:06:57.947265,2026-07-05T16:06:57.958387+00:00,165.7,50,bid,FlawlessFlatbreads,EarnestEspressos,8506296
2026-07-05T16:06:58.610538,2026-07-05T16:06:58.622491+00:00,165.7,45,bid,CostlyCorianders,EarnestEspressos,8506311
2026-07-05T16:06:59.145470,2026-07-05T16:06:59.157167+00:00,165.4,43,ask,DiligentDonuts,CostlyCorianders,8506316
2026-07-05T16:07:00.053419,2026-07-05T16:07:00.055302+00:00,165.8,50,bid,FlawlessFlatbreads,DiligentDonuts,8506335
2026-07-05T16:07:02.159472,2026-07-05T16:07:02.171062+00:00,165.8,50,bid,FlawlessFlatbreads,DiligentDonuts,8506367
2026-07-05T16:07:02.233647,2026-07-05T16:07:02.245667+00:00,165.7,45,ask,EarnestEspressos,CostlyCorianders,8506370
2026-07-05T16:07:04.266089,2026-07-05T16:07:04.277934+00:00,166.1,50,bid,FlawlessFlatbreads,EarnestEspressos,8506403
2026-07-05T16:07:05.554358,2026-07-05T16:07:05.558586+00:00,166.1,40,bid,CostlyCorianders,DiligentDonuts,8506420
2026-07-05T16:07:06.373043,2026-07-05T16:07:06.384855+00:00,166.2,8,bid,FlawlessFlatbreads,Zhangyue Shen,8506428
2026-07-05T16:07:06.373043,2026-07-05T16:07:06.384855+00:00,166.3,42,bid,FlawlessFlatbreads,EarnestEspressos,8506429
2026-07-05T16:07:07.158821,2026-07-05T16:07:07.170850+00:00,166.2,42,bid,CostlyCorianders,DiligentDonuts,8506449
2026-07-05T16:07:08.349565,2026-07-05T16:07:08.358594+00:00,165.8,47,ask,EarnestEspressos,CostlyCorianders,8506466
2026-07-05T16:07:08.482595,2026-07-05T16:07:08.494632+00:00,166.2,50,bid,FlawlessFlatbreads,DiligentDonuts,8506470
2026-07-05T16:07:09.510852,2026-07-05T16:07:09.521500+00:00,166.0,14,ask,DiligentDonuts,Xuanyu Liu,8506483
2026-07-05T16:07:10.590887,2026-07-05T16:07:10.597572+00:00,166.3,50,bid,FlawlessFlatbreads,EarnestEspressos,8506495
2026-07-05T16:07:10.956810,2026-07-05T16:07:10.964219+00:00,166.3,45,bid,CostlyCorianders,EarnestEspressos,8506501
2026-07-05T16:07:11.878940,2026-07-05T16:07:11.886232+00:00,166.3,8,bid,EarnestEspressos,Zhangyue Shen,8506514
2026-07-05T16:07:12.086664,2026-07-05T16:07:12.098600+00:00,166.3,3,ask,EarnestEspressos,Zhangyue Shen,8506521
2026-07-05T16:07:12.271345,2026-07-05T16:07:12.280588+00:00,166.3,3,ask,EarnestEspressos,Xuanyu Liu,8506527
2026-07-05T16:07:12.386524,2026-07-05T16:07:12.393456+00:00,166.3,3,ask,EarnestEspressos,Zhangyue Shen,8506531
2026-07-05T16:07:12.600881,2026-07-05T16:07:12.608998+00:00,166.3,47,ask,EarnestEspressos,CostlyCorianders,8506533
2026-07-05T16:07:12.652981,2026-07-05T16:07:12.660547+00:00,166.3,3,ask,EarnestEspressos,Zhangyue Shen,8506535
2026-07-05T16:07:12.697028,2026-07-05T16:07:12.709171+00:00,166.7,8,bid,FlawlessFlatbreads,Zhangyue Shen,8506536
2026-07-05T16:07:12.697028,2026-07-05T16:07:12.709171+00:00,166.8,42,bid,FlawlessFlatbreads,EarnestEspressos,8506537
2026-07-05T16:07:12.936507,2026-07-05T16:07:12.944570+00:00,166.3,3,ask,EarnestEspressos,Zhangyue Shen,8506543
2026-07-05T16:07:13.269534,2026-07-05T16:07:13.279911+00:00,166.3,3,ask,EarnestEspressos,Zhangyue Shen,8506554
2026-07-05T16:07:13.533117,2026-07-05T16:07:13.543648+00:00,166.3,3,ask,EarnestEspressos,Zhangyue Shen,8506557
2026-07-05T16:07:13.624610,2026-07-05T16:07:13.635745+00:00,166.3,43,ask,EarnestEspressos,CostlyCorianders,8506559
2026-07-05T16:07:13.805970,2026-07-05T16:07:13.816700+00:00,166.3,8,ask,EarnestEspressos,Zhangyue Shen,8506562
2026-07-05T16:07:14.818847,2026-07-05T16:07:14.831822+00:00,166.5,50,bid,FlawlessFlatbreads,DiligentDonuts,8506582
2026-07-05T16:07:16.251889,2026-07-05T16:07:16.263767+00:00,166.6,8,bid,CostlyCorianders,Zhangyue Shen,8506605
2026-07-05T16:07:16.251889,2026-07-05T16:07:16.263767+00:00,166.6,38,bid,CostlyCorianders,EarnestEspressos,8506606
2026-07-05T16:07:16.928475,2026-07-05T16:07:16.940258+00:00,166.6,50,bid,FlawlessFlatbreads,EarnestEspressos,8506621
2026-07-05T16:07:18.212137,2026-07-05T16:07:18.218930+00:00,166.6,8,bid,EarnestEspressos,Zhangyue Shen,8506641
2026-07-05T16:07:19.040296,2026-07-05T16:07:19.051806+00:00,166.8,8,bid,FlawlessFlatbreads,Zhangyue Shen,8506655
2026-07-05T16:07:19.040296,2026-07-05T16:07:19.051806+00:00,167.1,42,bid,FlawlessFlatbreads,EarnestEspressos,8506656
2026-07-05T16:07:20.453045,2026-07-05T16:07:20.468706+00:00,166.6,44,ask,EarnestEspressos,CostlyCorianders,8506671
2026-07-05T16:07:20.965587,2026-07-05T16:07:20.977420+00:00,166.9,8,bid,CostlyCorianders,Zhangyue Shen,8506685
2026-07-05T16:07:20.965587,2026-07-05T16:07:20.977420+00:00,167.1,36,bid,CostlyCorianders,EarnestEspressos,8506686
2026-07-05T16:07:21.761284,2026-07-05T16:07:21.772862+00:00,166.8,3,ask,EarnestEspressos,Zhangyue Shen,8506705
2026-07-05T16:07:23.339021,2026-07-05T16:07:23.350600+00:00,166.8,50,ask,EarnestEspressos,FlawlessFlatbreads,8506733
2026-07-05T16:07:23.795800,2026-07-05T16:07:23.807359+00:00,166.8,25,ask,EarnestEspressos,Harold Schneider,8506738
2026-07-05T16:07:25.289481,2026-07-05T16:07:25.301125+00:00,166.6,47,ask,EarnestEspressos,CostlyCorianders,8506758
2026-07-05T16:07:25.444936,2026-07-05T16:07:25.452737+00:00,166.7,50,ask,DiligentDonuts,FlawlessFlatbreads,8506762
2026-07-05T16:07:26.347662,2026-07-05T16:07:26.360515+00:00,166.8,8,bid,CostlyCorianders,Zhangyue Shen,8506779
2026-07-05T16:07:26.347662,2026-07-05T16:07:26.360515+00:00,167.1,40,bid,CostlyCorianders,EarnestEspressos,8506780
2026-07-05T16:07:27.550500,2026-07-05T16:07:27.569002+00:00,166.7,50,ask,DiligentDonuts,FlawlessFlatbreads,8506794
2026-07-05T16:07:29.657310,2026-07-05T16:07:29.669467+00:00,166.6,8,ask,Zhangyue Shen,FlawlessFlatbreads,8506822
2026-07-05T16:07:29.657310,2026-07-05T16:07:29.669467+00:00,166.5,42,ask,EarnestEspressos,FlawlessFlatbreads,8506823
2026-07-05T16:07:30.352535,2026-07-05T16:07:30.364115+00:00,166.9,8,bid,CostlyCorianders,Zhangyue Shen,8506842
2026-07-05T16:07:30.352535,2026-07-05T16:07:30.364115+00:00,166.9,40,bid,CostlyCorianders,DiligentDonuts,8506843
2026-07-05T16:07:30.936819,2026-07-05T16:07:30.948435+00:00,166.4,42,ask,DiligentDonuts,CostlyCorianders,8506850
2026-07-05T16:07:31.779186,2026-07-05T16:07:31.790629+00:00,166.4,50,ask,EarnestEspressos,FlawlessFlatbreads,8506863
2026-07-05T16:07:34.091865,2026-07-05T16:07:34.103432+00:00,166.8,40,bid,CostlyCorianders,EarnestEspressos,8506893
2026-07-05T16:07:34.609770,2026-07-05T16:07:34.619129+00:00,166.8,3,bid,Zhangyue Shen,EarnestEspressos,8506904
2026-07-05T16:07:34.850668,2026-07-05T16:07:34.853768+00:00,166.8,3,bid,Xuanyu Liu,EarnestEspressos,8506910
2026-07-05T16:07:34.864723,2026-07-05T16:07:34.874012+00:00,166.8,8,bid,Zhangyue Shen,EarnestEspressos,8506911
2026-07-05T16:07:35.125565,2026-07-05T16:07:35.133752+00:00,166.8,45,bid,CostlyCorianders,EarnestEspressos,8506916
2026-07-05T16:07:35.136944,2026-07-05T16:07:35.144182+00:00,166.8,3,bid,Zhangyue Shen,EarnestEspressos,8506918
2026-07-05T16:07:35.405528,2026-07-05T16:07:35.414257+00:00,166.8,3,bid,Zhangyue Shen,EarnestEspressos,8506920
2026-07-05T16:07:35.673677,2026-07-05T16:07:35.684711+00:00,166.8,3,bid,Zhangyue Shen,EarnestEspressos,8506925
2026-07-05T16:07:35.936586,2026-07-05T16:07:35.947487+00:00,166.8,3,bid,Zhangyue Shen,EarnestEspressos,8506928
2026-07-05T16:07:36.200253,2026-07-05T16:07:36.210667+00:00,166.8,3,bid,Zhangyue Shen,EarnestEspressos,8506933
2026-07-05T16:07:36.463408,2026-07-05T16:07:36.474547+00:00,166.8,3,bid,Zhangyue Shen,EarnestEspressos,8506935
2026-07-05T16:07:36.476209,2026-07-05T16:07:36.484722+00:00,166.8,8,bid,Zhangyue Shen,EarnestEspressos,8506936
2026-07-05T16:07:38.106019,2026-07-05T16:07:38.118127+00:00,166.9,50,ask,EarnestEspressos,FlawlessFlatbreads,8506962
2026-07-05T16:07:38.506336,2026-07-05T16:07:38.515891+00:00,166.9,10,ask,EarnestEspressos,Zhangyue Shen,8506973
2026-07-05T16:07:38.814862,2026-07-05T16:07:38.824009+00:00,166.9,8,ask,EarnestEspressos,Zhangyue Shen,8506979
2026-07-05T16:07:39.060538,2026-07-05T16:07:39.069485+00:00,166.9,3,ask,EarnestEspressos,Zhangyue Shen,8506982
2026-07-05T16:07:39.083883,2026-07-05T16:07:39.095474+00:00,166.9,3,ask,EarnestEspressos,Zhangyue Shen,8506986
2026-07-05T16:07:39.368019,2026-07-05T16:07:39.379497+00:00,166.9,3,ask,EarnestEspressos,Zhangyue Shen,8506993
2026-07-05T16:07:39.654278,2026-07-05T16:07:39.658553+00:00,166.9,3,ask,EarnestEspressos,Xuanyu Liu,8507000
2026-07-05T16:07:39.919668,2026-07-05T16:07:39.928206+00:00,166.9,3,ask,EarnestEspressos,Zhangyue Shen,8507003
2026-07-05T16:07:40.184969,2026-07-05T16:07:40.195865+00:00,166.9,3,ask,EarnestEspressos,Zhangyue Shen,8507007
2026-07-05T16:07:40.213759,2026-07-05T16:07:40.225745+00:00,166.9,50,ask,EarnestEspressos,FlawlessFlatbreads,8507008
2026-07-05T16:07:40.413727,2026-07-05T16:07:40.430624+00:00,166.7,100,ask,DiligentDonuts,EarnestEspressos,8507014
2026-07-05T16:07:40.422213,2026-07-05T16:07:40.430624+00:00,166.7,3,bid,Zhangyue Shen,EarnestEspressos,8507015
2026-07-05T16:07:40.448656,2026-07-05T16:07:40.459165+00:00,166.7,3,bid,Zhangyue Shen,EarnestEspressos,8507018
2026-07-05T16:07:40.731319,2026-07-05T16:07:40.741673+00:00,166.7,3,bid,Xuanyu Liu,EarnestEspressos,8507021
2026-07-05T16:07:40.995071,2026-07-05T16:07:41.006405+00:00,166.7,3,bid,Zhangyue Shen,EarnestEspressos,8507030
2026-07-05T16:07:42.327087,2026-07-05T16:07:42.336714+00:00,166.4,8,ask,Zhangyue Shen,FlawlessFlatbreads,8507058
2026-07-05T16:07:42.327087,2026-07-05T16:07:42.336714+00:00,166.2,42,ask,EarnestEspressos,FlawlessFlatbreads,8507059
2026-07-05T16:07:44.061661,2026-07-05T16:07:44.074163+00:00,166.6,8,ask,Zhangyue Shen,CostlyCorianders,8507083
2026-07-05T16:07:44.061661,2026-07-05T16:07:44.074163+00:00,166.5,33,ask,EarnestEspressos,CostlyCorianders,8507084
2026-07-05T16:07:44.436003,2026-07-05T16:07:44.447887+00:00,166.5,50,ask,EarnestEspressos,FlawlessFlatbreads,8507090
2026-07-05T16:07:46.543597,2026-07-05T16:07:46.555889+00:00,166.5,50,ask,EarnestEspressos,FlawlessFlatbreads,8507126
2026-07-05T16:07:46.549831,2026-07-05T16:07:46.560916+00:00,166.5,17,ask,EarnestEspressos,CostlyCorianders,8507127
2026-07-05T16:07:46.549831,2026-07-05T16:07:46.560916+00:00,166.4,8,ask,Zhangyue Shen,CostlyCorianders,8507128
2026-07-05T16:07:46.549831,2026-07-05T16:07:46.560916+00:00,166.2,20,ask,DiligentDonuts,CostlyCorianders,8507129
2026-07-05T16:07:46.738490,2026-07-05T16:07:46.763410+00:00,166.3,8,ask,Zhangyue Shen,EarnestEspressos,8507136
2026-07-05T16:07:46.738490,2026-07-05T16:07:46.763410+00:00,166.2,80,ask,DiligentDonuts,EarnestEspressos,8507137
2026-07-05T16:07:46.751681,2026-07-05T16:07:46.763410+00:00,166.2,14,bid,Xuanyu Liu,EarnestEspressos,8507138
2026-07-05T16:07:46.906843,2026-07-05T16:07:46.916380+00:00,166.2,10,bid,Zhangyue Shen,EarnestEspressos,8507146
2026-07-05T16:07:46.920911,2026-07-05T16:07:46.932001+00:00,166.2,3,bid,Zhangyue Shen,EarnestEspressos,8507148
2026-07-05T16:07:47.224655,2026-07-05T16:07:47.235232+00:00,166.2,3,bid,Zhangyue Shen,EarnestEspressos,8507153
2026-07-05T16:07:47.519296,2026-07-05T16:07:47.529433+00:00,166.2,3,bid,Zhangyue Shen,EarnestEspressos,8507156
2026-07-05T16:07:47.797934,2026-07-05T16:07:47.809557+00:00,166.2,10,bid,Zhangyue Shen,EarnestEspressos,8507158
2026-07-05T16:07:47.810215,2026-07-05T16:07:47.819957+00:00,166.2,3,bid,Zhangyue Shen,EarnestEspressos,8507160
2026-07-05T16:07:48.072529,2026-07-05T16:07:48.084298+00:00,166.2,10,bid,Zhangyue Shen,EarnestEspressos,8507167
2026-07-05T16:07:48.602759,2026-07-05T16:07:48.614842+00:00,166.2,6,bid,FlawlessFlatbreads,EarnestEspressos,8507177
2026-07-05T16:07:48.602759,2026-07-05T16:07:48.614842+00:00,166.2,44,bid,FlawlessFlatbreads,DiligentDonuts,8507178
2026-07-05T16:07:48.846734,2026-07-05T16:07:48.854060+00:00,166.2,25,bid,Harold Schneider,DiligentDonuts,8507183
2026-07-05T16:07:49.065191,2026-07-05T16:07:49.075323+00:00,166.2,23,bid,Xuanyu Liu,DiligentDonuts,8507187
2026-07-05T16:07:49.155326,2026-07-05T16:07:49.162594+00:00,166.2,2,bid,Zhangyue Shen,DiligentDonuts,8507191
2026-07-05T16:07:49.913545,2026-07-05T16:07:49.955049+00:00,166.5,23,ask,EarnestEspressos,Xuanyu Liu,8507212
2026-07-05T16:07:50.381135,2026-07-05T16:07:50.389470+00:00,166.5,11,ask,EarnestEspressos,Xuanyu Liu,8507216
2026-07-05T16:07:50.674675,2026-07-05T16:07:50.686529+00:00,166.5,100,ask,EarnestEspressos,DiligentDonuts,8507221
2026-07-05T16:07:51.688712,2026-07-05T16:07:51.696857+00:00,166.5,3,ask,EarnestEspressos,Xuanyu Liu,8507245
2026-07-05T16:07:52.713940,2026-07-05T16:07:52.724376+00:00,166.5,3,ask,EarnestEspressos,Zhangyue Shen,8507265
2026-07-05T16:07:52.815345,2026-07-05T16:07:52.827136+00:00,167.0,50,bid,FlawlessFlatbreads,EarnestEspressos,8507266
2026-07-05T16:07:53.457599,2026-07-05T16:07:53.469322+00:00,166.3,40,bid,CostlyCorianders,EarnestEspressos,8507280
2026-07-05T16:07:54.033644,2026-07-05T16:07:54.045427+00:00,166.3,44,bid,CostlyCorianders,EarnestEspressos,8507289
2026-07-05T16:07:57.079452,2026-07-05T16:07:57.091270+00:00,166.2,1,ask,Zhangyue Shen,FlawlessFlatbreads,8507337
2026-07-05T16:07:57.079452,2026-07-05T16:07:57.091270+00:00,166.2,49,ask,DiligentDonuts,FlawlessFlatbreads,8507338
2026-07-05T16:07:57.089033,2026-07-05T16:07:57.096814+00:00,166.2,40,ask,DiligentDonuts,CostlyCorianders,8507339
2026-07-05T16:07:59.189088,2026-07-05T16:07:59.200986+00:00,166.2,11,ask,DiligentDonuts,FlawlessFlatbreads,8507364
2026-07-05T16:07:59.189088,2026-07-05T16:07:59.200986+00:00,166.1,39,ask,EarnestEspressos,FlawlessFlatbreads,8507365
2026-07-05T16:08:02.302401,2026-07-05T16:08:02.314150+00:00,165.9,45,ask,EarnestEspressos,CostlyCorianders,8507410
2026-07-05T16:08:03.406668,2026-07-05T16:08:03.418636+00:00,165.6,50,ask,DiligentDonuts,FlawlessFlatbreads,8507434
2026-07-05T16:08:05.513429,2026-07-05T16:08:05.523160+00:00,165.6,50,ask,DiligentDonuts,FlawlessFlatbreads,8507465
2026-07-05T16:08:06.499620,2026-07-05T16:08:06.507831+00:00,165.9,3,bid,Xuanyu Liu,DiligentDonuts,8507481
2026-07-05T16:08:07.436375,2026-07-05T16:08:07.445410+00:00,165.9,11,bid,Xuanyu Liu,DiligentDonuts,8507490
2026-07-05T16:08:09.677422,2026-07-05T16:08:09.689324+00:00,165.9,50,bid,FlawlessFlatbreads,DiligentDonuts,8507515
2026-07-05T16:08:10.646771,2026-07-05T16:08:10.653443+00:00,165.9,41,bid,CostlyCorianders,DiligentDonuts,8507534
2026-07-05T16:08:11.118820,2026-07-05T16:08:11.127364+00:00,165.6,41,ask,EarnestEspressos,CostlyCorianders,8507535
2026-07-05T16:08:13.018223,2026-07-05T16:08:13.030450+00:00,165.8,47,bid,CostlyCorianders,EarnestEspressos,8507559
2026-07-05T16:08:13.937708,2026-07-05T16:08:13.949438+00:00,165.5,50,ask,DiligentDonuts,FlawlessFlatbreads,8507564
2026-07-05T16:08:13.961035,2026-07-05T16:08:13.972931+00:00,165.8,49,bid,CostlyCorianders,EarnestEspressos,8507565
2026-07-05T16:08:16.045016,2026-07-05T16:08:16.052351+00:00,165.8,50,ask,EarnestEspressos,FlawlessFlatbreads,8507591
2026-07-05T16:08:17.449168,2026-07-05T16:08:17.458539+00:00,165.8,47,ask,EarnestEspressos,CostlyCorianders,8507613
2026-07-05T16:08:18.020933,2026-07-05T16:08:18.032713+00:00,165.9,49,bid,CostlyCorianders,DiligentDonuts,8507622
2026-07-05T16:08:18.154144,2026-07-05T16:08:18.163602+00:00,165.8,50,ask,EarnestEspressos,FlawlessFlatbreads,8507623
2026-07-05T16:08:20.211184,2026-07-05T16:08:20.221805+00:00,165.7,50,bid,FlawlessFlatbreads,EarnestEspressos,8507650
2026-07-05T16:08:21.743782,2026-07-05T16:08:21.750280+00:00,165.5,42,ask,DiligentDonuts,CostlyCorianders,8507673
2026-07-05T16:08:22.276812,2026-07-05T16:08:22.288820+00:00,165.3,41,ask,EarnestEspressos,CostlyCorianders,8507680
2026-07-05T16:08:22.316744,2026-07-05T16:08:22.328702+00:00,165.8,50,bid,FlawlessFlatbreads,EarnestEspressos,8507681
2026-07-05T16:08:22.841952,2026-07-05T16:08:22.851359+00:00,165.8,48,bid,CostlyCorianders,EarnestEspressos,8507690
2026-07-05T16:08:24.503867,2026-07-05T16:08:24.514572+00:00,165.3,50,ask,EarnestEspressos,FlawlessFlatbreads,8507716
2026-07-05T16:08:26.560336,2026-07-05T16:08:26.569594+00:00,165.8,50,bid,FlawlessFlatbreads,EarnestEspressos,8507742
2026-07-05T16:08:28.034764,2026-07-05T16:08:28.046481+00:00,165.6,49,ask,EarnestEspressos,CostlyCorianders,8507771
2026-07-05T16:08:28.684354,2026-07-05T16:08:28.694908+00:00,165.8,50,bid,FlawlessFlatbreads,DiligentDonuts,8507776
2026-07-05T16:08:32.606185,2026-07-05T16:08:32.617956+00:00,165.8,44,bid,CostlyCorianders,EarnestEspressos,8507833
2026-07-05T16:08:33.592463,2026-07-05T16:08:33.604082+00:00,165.7,44,ask,DiligentDonuts,CostlyCorianders,8507847
2026-07-05T16:08:33.732793,2026-07-05T16:08:33.741694+00:00,165.7,14,ask,DiligentDonuts,Xuanyu Liu,8507850
2026-07-05T16:08:34.209716,2026-07-05T16:08:34.218540+00:00,165.7,42,ask,DiligentDonuts,EarnestEspressos,8507855
2026-07-05T16:08:34.973873,2026-07-05T16:08:34.983901+00:00,165.5,3,bid,Xuanyu Liu,DiligentDonuts,8507869
2026-07-05T16:08:35.025370,2026-07-05T16:08:35.033319+00:00,165.5,50,bid,FlawlessFlatbreads,DiligentDonuts,8507871
2026-07-05T16:08:35.605542,2026-07-05T16:08:35.617661+00:00,165.5,47,bid,CostlyCorianders,DiligentDonuts,8507879
2026-07-05T16:08:35.605542,2026-07-05T16:08:35.617661+00:00,165.7,2,bid,CostlyCorianders,EarnestEspressos,8507880
2026-07-05T16:08:36.097843,2026-07-05T16:08:36.106549+00:00,165.2,43,ask,EarnestEspressos,CostlyCorianders,8507889
2026-07-05T16:08:37.141908,2026-07-05T16:08:37.150486+00:00,165.7,50,bid,FlawlessFlatbreads,EarnestEspressos,8507909
2026-07-05T16:08:40.486063,2026-07-05T16:08:40.496074+00:00,165.4,49,ask,DiligentDonuts,CostlyCorianders,8507979
2026-07-05T16:08:41.433788,2026-07-05T16:08:41.440233+00:00,165.3,50,ask,EarnestEspressos,FlawlessFlatbreads,8507999
2026-07-05T16:08:41.676205,2026-07-05T16:08:41.685556+00:00,165.5,40,bid,CostlyCorianders,DiligentDonuts,8508005
2026-07-05T16:08:43.540552,2026-07-05T16:08:43.547283+00:00,165.3,50,ask,EarnestEspressos,FlawlessFlatbreads,8508031
2026-07-05T16:08:44.465199,2026-07-05T16:08:44.477246+00:00,165.3,45,bid,CostlyCorianders,EarnestEspressos,8508046
2026-07-05T16:08:45.552016,2026-07-05T16:08:45.558939+00:00,164.9,45,ask,DiligentDonuts,CostlyCorianders,8508060
2026-07-05T16:08:45.560228,2026-07-05T16:08:45.569661+00:00,165.3,11,bid,Xuanyu Liu,EarnestEspressos,8508061
2026-07-05T16:08:45.650120,2026-07-05T16:08:45.660760+00:00,164.9,50,ask,DiligentDonuts,FlawlessFlatbreads,8508066
2026-07-05T16:08:47.607902,2026-07-05T16:08:47.619850+00:00,165.3,100,ask,EarnestEspressos,DiligentDonuts,8508105
2026-07-05T16:08:47.757743,2026-07-05T16:08:47.769330+00:00,165.3,50,ask,EarnestEspressos,FlawlessFlatbreads,8508106
2026-07-05T16:08:48.321382,2026-07-05T16:08:48.330568+00:00,165.7,8,bid,CostlyCorianders,Zhangyue Shen,8508115
2026-07-05T16:08:48.321382,2026-07-05T16:08:48.330568+00:00,165.8,37,bid,CostlyCorianders,EarnestEspressos,8508116
2026-07-05T16:08:49.865224,2026-07-05T16:08:49.874096+00:00,164.7,50,ask,DiligentDonuts,FlawlessFlatbreads,8508140
2026-07-05T16:08:50.271101,2026-07-05T16:08:50.278146+00:00,165.0,8,bid,Zhangyue Shen,EarnestEspressos,8508144
2026-07-05T16:08:50.289831,2026-07-05T16:08:50.299043+00:00,165.0,3,bid,Zhangyue Shen,EarnestEspressos,8508148
2026-07-05T16:08:51.350313,2026-07-05T16:08:51.358586+00:00,165.0,46,bid,CostlyCorianders,EarnestEspressos,8508166
2026-07-05T16:08:52.120269,2026-07-05T16:08:52.129841+00:00,165.0,12,bid,Xuanyu Liu,EarnestEspressos,8508174
2026-07-05T16:08:53.138523,2026-07-05T16:08:53.149668+00:00,164.8,2,ask,DiligentDonuts,Zhangyue Shen,8508186
2026-07-05T16:08:53.419802,2026-07-05T16:08:53.426520+00:00,164.8,1,ask,DiligentDonuts,Zhangyue Shen,8508192
2026-07-05T16:08:53.783233,2026-07-05T16:08:53.795291+00:00,164.8,44,ask,DiligentDonuts,CostlyCorianders,8508196
2026-07-05T16:08:54.101113,2026-07-05T16:08:54.113027+00:00,164.8,50,ask,EarnestEspressos,FlawlessFlatbreads,8508200
2026-07-05T16:08:59.970811,2026-07-05T16:08:59.980828+00:00,164.9,11,bid,Xuanyu Liu,EarnestEspressos,8508276
2026-07-05T16:09:02.502927,2026-07-05T16:09:02.510773+00:00,164.9,50,bid,FlawlessFlatbreads,EarnestEspressos,8508310
2026-07-05T16:09:04.546921,2026-07-05T16:09:04.558673+00:00,164.7,44,ask,EarnestEspressos,CostlyCorianders,8508332
2026-07-05T16:09:04.639594,2026-07-05T16:09:04.651648+00:00,165.1,50,bid,FlawlessFlatbreads,DiligentDonuts,8508333
2026-07-05T16:09:05.175103,2026-07-05T16:09:05.185416+00:00,165.1,44,bid,CostlyCorianders,DiligentDonuts,8508346
2026-07-05T16:09:05.844326,2026-07-05T16:09:05.856227+00:00,164.7,45,ask,EarnestEspressos,CostlyCorianders,8508354
2026-07-05T16:09:06.748479,2026-07-05T16:09:06.754158+00:00,165.2,50,bid,FlawlessFlatbreads,EarnestEspressos,8508369
2026-07-05T16:09:08.914704,2026-07-05T16:09:08.922335+00:00,165.1,50,ask,DiligentDonuts,FlawlessFlatbreads,8508410
2026-07-05T16:09:11.050447,2026-07-05T16:09:11.058538+00:00,165.1,50,ask,DiligentDonuts,FlawlessFlatbreads,8508444
2026-07-05T16:09:12.519493,2026-07-05T16:09:12.527127+00:00,165.6,45,bid,CostlyCorianders,DiligentDonuts,8508469
2026-07-05T16:09:13.047142,2026-07-05T16:09:13.059175+00:00,165.6,44,bid,CostlyCorianders,EarnestEspressos,8508482
2026-07-05T16:09:13.104504,2026-07-05T16:09:13.116190+00:00,165.6,50,bid,FlawlessFlatbreads,EarnestEspressos,8508485
2026-07-05T16:09:15.215408,2026-07-05T16:09:15.225601+00:00,165.6,50,bid,FlawlessFlatbreads,EarnestEspressos,8508509
2026-07-05T16:09:15.310290,2026-07-05T16:09:15.319318+00:00,165.6,23,ask,EarnestEspressos,Xuanyu Liu,8508513
2026-07-05T16:09:19.393806,2026-07-05T16:09:19.402645+00:00,165.5,46,ask,EarnestEspressos,CostlyCorianders,8508575
2026-07-05T16:09:19.451780,2026-07-05T16:09:19.463634+00:00,165.6,50,bid,FlawlessFlatbreads,DiligentDonuts,8508577
2026-07-05T16:09:21.176012,2026-07-05T16:09:21.183568+00:00,165.5,41,ask,EarnestEspressos,CostlyCorianders,8508605
2026-07-05T16:09:21.568377,2026-07-05T16:09:21.579157+00:00,165.6,50,bid,FlawlessFlatbreads,DiligentDonuts,8508610
2026-07-05T16:09:22.782937,2026-07-05T16:09:22.793163+00:00,165.7,49,bid,CostlyCorianders,EarnestEspressos,8508629
2026-07-05T16:09:22.836770,2026-07-05T16:09:22.846504+00:00,165.4,45,ask,DiligentDonuts,CostlyCorianders,8508630
2026-07-05T16:09:23.674319,2026-07-05T16:09:23.686377+00:00,165.7,50,bid,FlawlessFlatbreads,EarnestEspressos,8508638
2026-07-05T16:09:24.854203,2026-07-05T16:09:24.863755+00:00,165.8,41,ask,EarnestEspressos,CostlyCorianders,8508657
2026-07-05T16:09:25.052980,2026-07-05T16:09:25.062986+00:00,165.8,11,ask,EarnestEspressos,Xuanyu Liu,8508660
2026-07-05T16:09:25.805182,2026-07-05T16:09:25.813856+00:00,166.0,50,bid,FlawlessFlatbreads,DiligentDonuts,8508670
2026-07-05T16:09:27.480690,2026-07-05T16:09:27.490424+00:00,165.8,3,ask,EarnestEspressos,Xuanyu Liu,8508692
2026-07-05T16:09:27.913939,2026-07-05T16:09:27.925867+00:00,166.0,50,bid,FlawlessFlatbreads,DiligentDonuts,8508696
2026-07-05T16:09:29.842691,2026-07-05T16:09:29.858584+00:00,165.8,45,ask,DiligentDonuts,CostlyCorianders,8508714
2026-07-05T16:09:30.020721,2026-07-05T16:09:30.032407+00:00,166.0,50,bid,FlawlessFlatbreads,EarnestEspressos,8508717
2026-07-05T16:09:32.126827,2026-07-05T16:09:32.134490+00:00,166.2,50,bid,FlawlessFlatbreads,EarnestEspressos,8508738
2026-07-05T16:09:33.399994,2026-07-05T16:09:33.411268+00:00,166.2,46,bid,CostlyCorianders,EarnestEspressos,8508757
2026-07-05T16:09:34.283785,2026-07-05T16:09:34.300362+00:00,166.2,50,ask,EarnestEspressos,FlawlessFlatbreads,8508772
2026-07-05T16:09:34.362154,2026-07-05T16:09:34.372839+00:00,166.2,3,ask,EarnestEspressos,Zhangyue Shen,8508777
2026-07-05T16:09:34.405790,2026-07-05T16:09:34.417460+00:00,166.2,41,ask,EarnestEspressos,CostlyCorianders,8508778
2026-07-05T16:09:34.625909,2026-07-05T16:09:34.636281+00:00,166.2,3,ask,EarnestEspressos,Zhangyue Shen,8508785
2026-07-05T16:09:34.892398,2026-07-05T16:09:34.903298+00:00,166.2,3,ask,EarnestEspressos,Zhangyue Shen,8508791
2026-07-05T16:09:35.156142,2026-07-05T16:09:35.158582+00:00,166.2,3,ask,EarnestEspressos,Zhangyue Shen,8508796
2026-07-05T16:09:35.273196,2026-07-05T16:09:35.284164+00:00,166.2,3,ask,EarnestEspressos,Xuanyu Liu,8508801
2026-07-05T16:09:35.394336,2026-07-05T16:09:35.404807+00:00,166.2,34,ask,EarnestEspressos,Xuanyu Liu,8508807
2026-07-05T16:09:35.415866,2026-07-05T16:09:35.427367+00:00,166.2,10,ask,EarnestEspressos,Zhangyue Shen,8508809
2026-07-05T16:09:35.425245,2026-07-05T16:09:35.432848+00:00,166.3,8,bid,CostlyCorianders,Zhangyue Shen,8508811
2026-07-05T16:09:35.425245,2026-07-05T16:09:35.437849+00:00,166.3,33,bid,CostlyCorianders,DiligentDonuts,8508812
2026-07-05T16:09:35.706563,2026-07-05T16:09:35.717352+00:00,165.8,3,ask,DiligentDonuts,Zhangyue Shen,8508819
2026-07-05T16:09:35.970169,2026-07-05T16:09:35.979624+00:00,165.8,3,ask,DiligentDonuts,Zhangyue Shen,8508831
2026-07-05T16:09:36.267374,2026-07-05T16:09:36.275040+00:00,165.8,3,ask,DiligentDonuts,Zhangyue Shen,8508838
2026-07-05T16:09:36.339587,2026-07-05T16:09:36.347345+00:00,166.1,8,bid,FlawlessFlatbreads,Zhangyue Shen,8508839
2026-07-05T16:09:36.931403,2026-07-05T16:09:36.943240+00:00,165.8,41,ask,DiligentDonuts,CostlyCorianders,8508845
2026-07-05T16:09:37.490564,2026-07-05T16:09:37.502351+00:00,165.8,50,ask,DiligentDonuts,EarnestEspressos,8508857
2026-07-05T16:09:37.504050,2026-07-05T16:09:37.517256+00:00,165.8,34,bid,Xuanyu Liu,EarnestEspressos,8508858
2026-07-05T16:09:38.012222,2026-07-05T16:09:38.022466+00:00,165.8,3,bid,Xuanyu Liu,EarnestEspressos,8508869
2026-07-05T16:09:40.557056,2026-07-05T16:09:40.558619+00:00,165.8,50,bid,FlawlessFlatbreads,DiligentDonuts,8508894
2026-07-05T16:09:40.606396,2026-07-05T16:09:40.612872+00:00,165.8,48,bid,CostlyCorianders,DiligentDonuts,8508898
2026-07-05T16:09:41.196478,2026-07-05T16:09:41.208699+00:00,165.7,8,ask,Zhangyue Shen,CostlyCorianders,8508905
2026-07-05T16:09:41.196478,2026-07-05T16:09:41.208699+00:00,165.7,38,ask,EarnestEspressos,CostlyCorianders,8508906
2026-07-05T16:09:43.829420,2026-07-05T16:09:43.841636+00:00,165.9,8,bid,CostlyCorianders,Zhangyue Shen,8508941
2026-07-05T16:09:43.829420,2026-07-05T16:09:43.841636+00:00,166.1,35,bid,CostlyCorianders,DiligentDonuts,8508942
2026-07-05T16:09:44.818929,2026-07-05T16:09:44.830892+00:00,165.7,50,ask,DiligentDonuts,FlawlessFlatbreads,8508958
2026-07-05T16:09:45.007540,2026-07-05T16:09:45.016766+00:00,165.7,47,ask,DiligentDonuts,CostlyCorianders,8508963
2026-07-05T16:09:46.925126,2026-07-05T16:09:46.936752+00:00,165.7,3,ask,DiligentDonuts,FlawlessFlatbreads,8508993
2026-07-05T16:09:46.925126,2026-07-05T16:09:46.936752+00:00,165.6,8,ask,Zhangyue Shen,FlawlessFlatbreads,8508994
2026-07-05T16:09:48.639398,2026-07-05T16:09:48.651161+00:00,165.9,45,bid,CostlyCorianders,DiligentDonuts,8509032
2026-07-05T16:09:49.035224,2026-07-05T16:09:49.047121+00:00,165.7,8,ask,Zhangyue Shen,FlawlessFlatbreads,8509038
2026-07-05T16:09:49.035224,2026-07-05T16:09:49.047121+00:00,165.6,42,ask,EarnestEspressos,FlawlessFlatbreads,8509039
2026-07-05T16:09:51.143404,2026-07-05T16:09:51.154996+00:00,165.7,8,ask,Zhangyue Shen,FlawlessFlatbreads,8509075
2026-07-05T16:09:51.143404,2026-07-05T16:09:51.154996+00:00,165.6,42,ask,DiligentDonuts,FlawlessFlatbreads,8509076
2026-07-05T16:09:53.256108,2026-07-05T16:09:53.258536+00:00,165.6,50,ask,DiligentDonuts,FlawlessFlatbreads,8509110
2026-07-05T16:09:55.362366,2026-07-05T16:09:55.374049+00:00,165.6,8,ask,Zhangyue Shen,FlawlessFlatbreads,8509142
2026-07-05T16:09:59.574294,2026-07-05T16:09:59.585993+00:00,165.5,8,ask,Zhangyue Shen,FlawlessFlatbreads,8509206
2026-07-05T16:09:59.574294,2026-07-05T16:09:59.585993+00:00,165.1,42,ask,DiligentDonuts,FlawlessFlatbreads,8509207
2026-07-05T16:10:01.631123,2026-07-05T16:10:01.639692+00:00,165.4,8,bid,FlawlessFlatbreads,Zhangyue Shen,8509247
2026-07-05T16:10:01.631123,2026-07-05T16:10:01.639692+00:00,165.5,42,bid,FlawlessFlatbreads,DiligentDonuts,8509248
2026-07-05T16:10:02.447306,2026-07-05T16:10:02.458549+00:00,165.2,41,ask,EarnestEspressos,CostlyCorianders,8509256
2026-07-05T16:10:02.826723,2026-07-05T16:10:02.838393+00:00,165.2,8,ask,Zhangyue Shen,EarnestEspressos,8509263
2026-07-05T16:10:02.941020,2026-07-05T16:10:02.952605+00:00,165.2,43,bid,CostlyCorianders,EarnestEspressos,8509267
2026-07-05T16:10:03.509843,2026-07-05T16:10:03.521791+00:00,165.2,47,bid,CostlyCorianders,EarnestEspressos,8509273
2026-07-05T16:10:03.812327,2026-07-05T16:10:03.824698+00:00,164.9,7,ask,Zhangyue Shen,FlawlessFlatbreads,8509282
2026-07-05T16:10:03.812327,2026-07-05T16:10:03.829829+00:00,164.8,43,ask,DiligentDonuts,FlawlessFlatbreads,8509283
2026-07-05T16:10:04.247446,2026-07-05T16:10:04.257320+00:00,165.2,3,bid,Xuanyu Liu,EarnestEspressos,8509291
2026-07-05T16:10:06.677363,2026-07-05T16:10:06.689117+00:00,165.2,8,bid,CostlyCorianders,Zhangyue Shen,8509342
2026-07-05T16:10:06.738289,2026-07-05T16:10:06.746458+00:00,164.9,100,ask,EarnestEspressos,DiligentDonuts,8509346
2026-07-05T16:10:06.738451,2026-07-05T16:10:06.751730+00:00,164.9,46,ask,EarnestEspressos,CostlyCorianders,8509347
2026-07-05T16:10:08.042812,2026-07-05T16:10:08.054586+00:00,164.9,4,ask,EarnestEspressos,FlawlessFlatbreads,8509368
2026-07-05T16:10:08.728440,2026-07-05T16:10:08.739968+00:00,165.4,47,bid,CostlyCorianders,EarnestEspressos,8509379
2026-07-05T16:10:10.150767,2026-07-05T16:10:10.158564+00:00,165.1,50,ask,DiligentDonuts,FlawlessFlatbreads,8509404
2026-07-05T16:10:10.172998,2026-07-05T16:10:10.184335+00:00,165.2,8,bid,Zhangyue Shen,EarnestEspressos,8509405
2026-07-05T16:10:10.812495,2026-07-05T16:10:10.820827+00:00,165.2,11,bid,Xuanyu Liu,EarnestEspressos,8509420
2026-07-05T16:10:11.029519,2026-07-05T16:10:11.037392+00:00,165.2,44,bid,CostlyCorianders,EarnestEspressos,8509425
2026-07-05T16:10:12.196851,2026-07-05T16:10:12.211300+00:00,165.1,41,ask,DiligentDonuts,CostlyCorianders,8509443
2026-07-05T16:10:14.760671,2026-07-05T16:10:14.775160+00:00,165.4,43,bid,CostlyCorianders,DiligentDonuts,8509482
2026-07-05T16:10:15.288676,2026-07-05T16:10:15.300368+00:00,165.2,49,ask,EarnestEspressos,CostlyCorianders,8509488
2026-07-05T16:10:16.495604,2026-07-05T16:10:16.507414+00:00,165.0,50,ask,DiligentDonuts,FlawlessFlatbreads,8509514
2026-07-05T16:10:18.602839,2026-07-05T16:10:18.614584+00:00,165.0,50,ask,DiligentDonuts,FlawlessFlatbreads,8509540
2026-07-05T16:10:19.427374,2026-07-05T16:10:19.439459+00:00,164.9,46,ask,EarnestEspressos,CostlyCorianders,8509552
2026-07-05T16:10:20.731655,2026-07-05T16:10:20.743880+00:00,164.9,50,ask,EarnestEspressos,FlawlessFlatbreads,8509577
2026-07-05T16:10:21.816695,2026-07-05T16:10:21.825160+00:00,164.6,12,bid,Xuanyu Liu,EarnestEspressos,8509594
2026-07-05T16:10:24.918873,2026-07-05T16:10:24.926105+00:00,164.8,50,bid,FlawlessFlatbreads,DiligentDonuts,8509646
2026-07-05T16:10:24.974398,2026-07-05T16:10:24.983698+00:00,164.3,100,ask,DiligentDonuts,EarnestEspressos,8509650
2026-07-05T16:10:27.028175,2026-07-05T16:10:27.034745+00:00,164.3,50,bid,FlawlessFlatbreads,EarnestEspressos,8509689
2026-07-05T16:10:28.082949,2026-07-05T16:10:28.094909+00:00,164.3,100,bid,EarnestEspressos,DiligentDonuts,8509703
2026-07-05T16:10:28.553066,2026-07-05T16:10:28.563999+00:00,164.5,12,ask,EarnestEspressos,Xuanyu Liu,8509708
2026-07-05T16:10:28.734751,2026-07-05T16:10:28.745057+00:00,164.5,38,ask,EarnestEspressos,CostlyCorianders,8509717
2026-07-05T16:10:29.205215,2026-07-05T16:10:29.215055+00:00,164.1,50,ask,DiligentDonuts,FlawlessFlatbreads,8509731
2026-07-05T16:10:30.238817,2026-07-05T16:10:30.246777+00:00,164.6,43,bid,CostlyCorianders,DiligentDonuts,8509738
2026-07-05T16:10:31.312333,2026-07-05T16:10:31.324323+00:00,164.2,12,bid,Xuanyu Liu,EarnestEspressos,8509752
2026-07-05T16:10:31.312551,2026-07-05T16:10:31.324323+00:00,164.1,50,ask,DiligentDonuts,FlawlessFlatbreads,8509753
2026-07-05T16:10:31.796396,2026-07-05T16:10:31.805136+00:00,164.2,11,bid,Xuanyu Liu,EarnestEspressos,8509762
2026-07-05T16:10:32.933561,2026-07-05T16:10:32.940395+00:00,164.2,46,bid,CostlyCorianders,EarnestEspressos,8509786
2026-07-05T16:10:33.368614,2026-07-05T16:10:33.380477+00:00,164.2,50,bid,FlawlessFlatbreads,EarnestEspressos,8509792
2026-07-05T16:10:34.419018,2026-07-05T16:10:34.429110+00:00,164.2,23,ask,EarnestEspressos,Xuanyu Liu,8509813
2026-07-05T16:10:35.214458,2026-07-05T16:10:35.222237+00:00,164.2,100,ask,EarnestEspressos,DiligentDonuts,8509816
2026-07-05T16:10:35.477041,2026-07-05T16:10:35.489160+00:00,164.5,8,bid,FlawlessFlatbreads,Zhangyue Shen,8509820
2026-07-05T16:10:35.477041,2026-07-05T16:10:35.489160+00:00,164.7,42,bid,FlawlessFlatbreads,EarnestEspressos,8509821
2026-07-05T16:10:35.827818,2026-07-05T16:10:35.835811+00:00,164.3,8,ask,Zhangyue Shen,Xuanyu Liu,8509826
2026-07-05T16:10:36.274931,2026-07-05T16:10:36.286733+00:00,164.2,27,ask,EarnestEspressos,CostlyCorianders,8509838
2026-07-05T16:10:37.592215,2026-07-05T16:10:37.604029+00:00,164.6,8,bid,FlawlessFlatbreads,Zhangyue Shen,8509858
2026-07-05T16:10:37.642019,2026-07-05T16:10:37.652662+00:00,164.1,8,bid,Xuanyu Liu,EarnestEspressos,8509860
2026-07-05T16:10:37.905234,2026-07-05T16:10:37.916875+00:00,164.1,8,bid,Zhangyue Shen,EarnestEspressos,8509866
2026-07-05T16:10:37.917473,2026-07-05T16:10:37.927557+00:00,164.1,3,bid,Zhangyue Shen,EarnestEspressos,8509868
2026-07-05T16:10:39.700181,2026-07-05T16:10:39.712113+00:00,164.1,50,bid,FlawlessFlatbreads,EarnestEspressos,8509897
2026-07-05T16:10:41.494281,2026-07-05T16:10:41.501793+00:00,163.7,2,ask,EarnestEspressos,Zhangyue Shen,8509923
2026-07-05T16:10:41.767776,2026-07-05T16:10:41.776297+00:00,163.7,1,ask,EarnestEspressos,Zhangyue Shen,8509927
2026-07-05T16:10:41.807295,2026-07-05T16:10:41.818191+00:00,164.2,50,bid,FlawlessFlatbreads,EarnestEspressos,8509928
2026-07-05T16:10:42.884472,2026-07-05T16:10:42.896209+00:00,164.2,49,bid,CostlyCorianders,EarnestEspressos,8509942
2026-07-05T16:10:43.410202,2026-07-05T16:10:43.422018+00:00,163.7,45,ask,EarnestEspressos,CostlyCorianders,8509951
2026-07-05T16:10:43.918456,2026-07-05T16:10:43.930310+00:00,164.2,50,bid,FlawlessFlatbreads,DiligentDonuts,8509957
2026-07-05T16:10:46.027779,2026-07-05T16:10:46.039464+00:00,164.4,8,bid,FlawlessFlatbreads,Zhangyue Shen,8509981
2026-07-05T16:10:46.027779,2026-07-05T16:10:46.039464+00:00,164.4,42,bid,FlawlessFlatbreads,DiligentDonuts,8509982
2026-07-05T16:10:48.137829,2026-07-05T16:10:48.146626+00:00,164.5,50,bid,FlawlessFlatbreads,EarnestEspressos,8510020
2026-07-05T16:10:49.056323,2026-07-05T16:10:49.068552+00:00,164.5,46,bid,CostlyCorianders,EarnestEspressos,8510036
2026-07-05T16:10:50.236041,2026-07-05T16:10:50.245963+00:00,164.6,11,ask,EarnestEspressos,Xuanyu Liu,8510052
2026-07-05T16:10:50.245110,2026-07-05T16:10:50.266528+00:00,164.7,50,bid,FlawlessFlatbreads,DiligentDonuts,8510054
2026-07-05T16:10:50.344565,2026-07-05T16:10:50.353007+00:00,164.6,3,ask,EarnestEspressos,Xuanyu Liu,8510057
2026-07-05T16:10:52.350732,2026-07-05T16:10:52.349304+00:00,164.9,8,bid,FlawlessFlatbreads,Zhangyue Shen,8510096
2026-07-05T16:10:52.350732,2026-07-05T16:10:52.349304+00:00,165.0,42,bid,FlawlessFlatbreads,DiligentDonuts,8510097
2026-07-05T16:10:52.792324,2026-07-05T16:10:52.800384+00:00,164.6,3,ask,EarnestEspressos,Zhangyue Shen,8510105
2026-07-05T16:10:52.957197,2026-07-05T16:10:52.968831+00:00,164.6,3,ask,EarnestEspressos,Xuanyu Liu,8510108
2026-07-05T16:10:53.241691,2026-07-05T16:10:53.251695+00:00,164.6,3,ask,EarnestEspressos,Zhangyue Shen,8510119
2026-07-05T16:10:53.509224,2026-07-05T16:10:53.517762+00:00,164.5,3,ask,DiligentDonuts,Zhangyue Shen,8510125
2026-07-05T16:10:53.792662,2026-07-05T16:10:53.803099+00:00,164.5,3,ask,DiligentDonuts,Zhangyue Shen,8510129
2026-07-05T16:10:54.055290,2026-07-05T16:10:54.056169+00:00,164.5,3,ask,DiligentDonuts,Zhangyue Shen,8510135
2026-07-05T16:10:54.459486,2026-07-05T16:10:54.468826+00:00,164.6,8,bid,FlawlessFlatbreads,Zhangyue Shen,8510146
2026-07-05T16:10:54.459486,2026-07-05T16:10:54.468826+00:00,164.7,42,bid,FlawlessFlatbreads,EarnestEspressos,8510147
2026-07-05T16:10:56.568723,2026-07-05T16:10:56.580656+00:00,164.9,50,bid,FlawlessFlatbreads,DiligentDonuts,8510169
2026-07-05T16:10:56.991656,2026-07-05T16:10:57.003037+00:00,164.4,41,ask,DiligentDonuts,CostlyCorianders,8510178
2026-07-05T16:10:58.129060,2026-07-05T16:10:58.139585+00:00,164.4,1,ask,EarnestEspressos,Zhangyue Shen,8510201
2026-07-05T16:10:58.676364,2026-07-05T16:10:58.688582+00:00,164.7,8,bid,FlawlessFlatbreads,Zhangyue Shen,8510208
2026-07-05T16:10:58.676364,2026-07-05T16:10:58.688582+00:00,164.9,42,bid,FlawlessFlatbreads,EarnestEspressos,8510209
2026-07-05T16:10:59.716738,2026-07-05T16:10:59.728235+00:00,164.6,3,ask,EarnestEspressos,Zhangyue Shen,8510234
2026-07-05T16:10:59.982590,2026-07-05T16:10:59.994248+00:00,164.6,3,ask,EarnestEspressos,Zhangyue Shen,8510237
2026-07-05T16:11:00.040884,2026-07-05T16:11:00.049800+00:00,164.6,11,ask,EarnestEspressos,Xuanyu Liu,8510239
2026-07-05T16:11:00.239357,2026-07-05T16:11:00.251095+00:00,164.6,10,ask,EarnestEspressos,Zhangyue Shen,8510242
2026-07-05T16:11:00.250255,2026-07-05T16:11:00.258546+00:00,164.6,3,ask,EarnestEspressos,Zhangyue Shen,8510244
2026-07-05T16:11:00.532938,2026-07-05T16:11:00.545063+00:00,164.6,10,ask,EarnestEspressos,Zhangyue Shen,8510251
2026-07-05T16:11:00.547329,2026-07-05T16:11:00.555505+00:00,164.6,100,ask,EarnestEspressos,DiligentDonuts,8510253
2026-07-05T16:11:00.552348,2026-07-05T16:11:00.560753+00:00,164.6,3,ask,EarnestEspressos,Zhangyue Shen,8510254
2026-07-05T16:11:00.679480,2026-07-05T16:11:00.688401+00:00,164.6,7,ask,EarnestEspressos,Xuanyu Liu,8510260
2026-07-05T16:11:00.784429,2026-07-05T16:11:00.796065+00:00,164.7,8,bid,FlawlessFlatbreads,Zhangyue Shen,8510262
2026-07-05T16:11:00.784429,2026-07-05T16:11:00.796065+00:00,165.1,42,bid,FlawlessFlatbreads,EarnestEspressos,8510263
2026-07-05T16:11:02.229674,2026-07-05T16:11:02.240389+00:00,163.9,8,ask,Zhangyue Shen,CostlyCorianders,8510288
2026-07-05T16:11:02.229674,2026-07-05T16:11:02.240389+00:00,163.8,32,ask,DiligentDonuts,CostlyCorianders,8510289
2026-07-05T16:11:03.290133,2026-07-05T16:11:03.298295+00:00,164.3,21,bid,Xuanyu Liu,EarnestEspressos,8510307
2026-07-05T16:11:03.387428,2026-07-05T16:11:03.398376+00:00,164.3,3,bid,Zhangyue Shen,EarnestEspressos,8510313
2026-07-05T16:11:03.679953,2026-07-05T16:11:03.692247+00:00,164.3,100,bid,DiligentDonuts,EarnestEspressos,8510317
2026-07-05T16:11:03.686904,2026-07-05T16:11:03.697652+00:00,164.3,3,bid,Zhangyue Shen,EarnestEspressos,8510318
2026-07-05T16:11:03.985270,2026-07-05T16:11:03.994037+00:00,164.3,2,bid,Zhangyue Shen,EarnestEspressos,8510323
2026-07-05T16:11:04.499772,2026-07-05T16:11:04.510134+00:00,164.3,3,bid,Zhangyue Shen,EarnestEspressos,8510334
2026-07-05T16:11:04.764562,2026-07-05T16:11:04.775875+00:00,164.3,3,bid,Zhangyue Shen,EarnestEspressos,8510338
2026-07-05T16:11:04.998930,2026-07-05T16:11:05.010844+00:00,164.3,15,bid,FlawlessFlatbreads,EarnestEspressos,8510342
2026-07-05T16:11:04.998930,2026-07-05T16:11:05.010844+00:00,164.5,8,bid,FlawlessFlatbreads,Zhangyue Shen,8510343
2026-07-05T16:11:04.998930,2026-07-05T16:11:05.010844+00:00,164.9,27,bid,FlawlessFlatbreads,DiligentDonuts,8510344
2026-07-05T16:11:05.806656,2026-07-05T16:11:05.818651+00:00,164.2,8,ask,Zhangyue Shen,CostlyCorianders,8510356
2026-07-05T16:11:06.027246,2026-07-05T16:11:06.039099+00:00,164.7,8,bid,EarnestEspressos,Zhangyue Shen,8510361
2026-07-05T16:11:06.040527,2026-07-05T16:11:06.051389+00:00,164.8,26,ask,EarnestEspressos,Xuanyu Liu,8510362
2026-07-05T16:11:06.091196,2026-07-05T16:11:06.098230+00:00,164.8,3,ask,EarnestEspressos,Zhangyue Shen,8510366
2026-07-05T16:11:06.105011,2026-07-05T16:11:06.114117+00:00,164.8,8,ask,EarnestEspressos,Zhangyue Shen,8510367
2026-07-05T16:11:06.387428,2026-07-05T16:11:06.395909+00:00,164.8,3,ask,EarnestEspressos,Zhangyue Shen,8510379
2026-07-05T16:11:06.391133,2026-07-05T16:11:06.400918+00:00,164.9,40,bid,CostlyCorianders,DiligentDonuts,8510380
2026-07-05T16:11:06.653003,2026-07-05T16:11:06.658604+00:00,164.8,3,ask,EarnestEspressos,Zhangyue Shen,8510384
2026-07-05T16:11:06.915087,2026-07-05T16:11:06.922480+00:00,164.8,3,ask,EarnestEspressos,Zhangyue Shen,8510391
2026-07-05T16:11:07.109640,2026-07-05T16:11:07.121499+00:00,164.9,50,bid,FlawlessFlatbreads,DiligentDonuts,8510393
2026-07-05T16:11:07.179761,2026-07-05T16:11:07.189071+00:00,164.8,3,ask,EarnestEspressos,Zhangyue Shen,8510395
2026-07-05T16:11:07.231302,2026-07-05T16:11:07.239743+00:00,164.8,11,ask,EarnestEspressos,Xuanyu Liu,8510397
2026-07-05T16:11:07.436456,2026-07-05T16:11:07.448536+00:00,164.8,10,ask,EarnestEspressos,Zhangyue Shen,8510409
2026-07-05T16:11:07.449158,2026-07-05T16:11:07.458565+00:00,164.8,3,ask,EarnestEspressos,Zhangyue Shen,8510411
2026-07-05T16:11:07.468527,2026-07-05T16:11:07.477251+00:00,164.8,8,ask,EarnestEspressos,Zhangyue Shen,8510412
2026-07-05T16:11:07.473829,2026-07-05T16:11:07.482668+00:00,164.8,4,ask,EarnestEspressos,Aaron Tian,8510413
2026-07-05T16:11:07.733744,2026-07-05T16:11:07.745643+00:00,164.8,10,ask,EarnestEspressos,Zhangyue Shen,8510416
2026-07-05T16:11:07.746649,2026-07-05T16:11:07.755824+00:00,164.8,3,ask,EarnestEspressos,Zhangyue Shen,8510418
2026-07-05T16:11:08.010970,2026-07-05T16:11:08.018369+00:00,164.8,10,ask,EarnestEspressos,Zhangyue Shen,8510425
2026-07-05T16:11:08.029999,2026-07-05T16:11:08.039017+00:00,164.8,3,ask,EarnestEspressos,Zhangyue Shen,8510428
2026-07-05T16:11:08.163804,2026-07-05T16:11:08.175968+00:00,164.8,31,ask,EarnestEspressos,CostlyCorianders,8510431
2026-07-05T16:11:08.163804,2026-07-05T16:11:08.175968+00:00,164.4,10,ask,DiligentDonuts,CostlyCorianders,8510432
2026-07-05T16:11:09.216039,2026-07-05T16:11:09.225892+00:00,164.8,8,bid,FlawlessFlatbreads,Zhangyue Shen,8510454
2026-07-05T16:11:09.216039,2026-07-05T16:11:09.225892+00:00,164.9,42,bid,FlawlessFlatbreads,DiligentDonuts,8510455
2026-07-05T16:11:09.259490,2026-07-05T16:11:09.269515+00:00,164.5,11,bid,Xuanyu Liu,EarnestEspressos,8510458
2026-07-05T16:11:09.291425,2026-07-05T16:11:09.310279+00:00,164.5,12,bid,Xuanyu Liu,EarnestEspressos,8510460
2026-07-05T16:11:10.180227,2026-07-05T16:11:10.192243+00:00,164.5,42,bid,CostlyCorianders,EarnestEspressos,8510471
2026-07-05T16:11:11.325314,2026-07-05T16:11:11.364065+00:00,164.5,50,bid,FlawlessFlatbreads,EarnestEspressos,8510489
2026-07-05T16:11:13.431257,2026-07-05T16:11:13.443157+00:00,165.0,50,bid,FlawlessFlatbreads,EarnestEspressos,8510515
2026-07-05T16:11:14.139828,2026-07-05T16:11:14.148733+00:00,164.5,12,ask,EarnestEspressos,Xuanyu Liu,8510534
2026-07-05T16:11:14.185818,2026-07-05T16:11:14.195217+00:00,164.5,25,ask,EarnestEspressos,Harold Schneider,8510536
2026-07-05T16:11:14.211826,2026-07-05T16:11:14.220146+00:00,164.6,10,ask,Harold Schneider,Xuanyu Liu,8510538
2026-07-05T16:11:15.540042,2026-07-05T16:11:15.548659+00:00,164.9,10,bid,FlawlessFlatbreads,Harold Schneider,8510567
2026-07-05T16:11:15.540042,2026-07-05T16:11:15.548659+00:00,165.0,40,bid,FlawlessFlatbreads,DiligentDonuts,8510568
2026-07-05T16:11:15.703663,2026-07-05T16:11:15.712079+00:00,164.5,49,ask,DiligentDonuts,CostlyCorianders,8510573
2026-07-05T16:11:16.737912,2026-07-05T16:11:16.746819+00:00,164.4,44,ask,EarnestEspressos,CostlyCorianders,8510591
2026-07-05T16:11:17.393158,2026-07-05T16:11:17.400892+00:00,164.9,40,bid,CostlyCorianders,EarnestEspressos,8510599
2026-07-05T16:11:17.649055,2026-07-05T16:11:17.660435+00:00,164.9,50,bid,FlawlessFlatbreads,EarnestEspressos,8510604
2026-07-05T16:11:17.951256,2026-07-05T16:11:17.959056+00:00,164.4,41,ask,EarnestEspressos,CostlyCorianders,8510609
2026-07-05T16:11:19.210277,2026-07-05T16:11:19.221994+00:00,164.4,25,ask,DiligentDonuts,Harold Schneider,8510633
2026-07-05T16:11:19.233983,2026-07-05T16:11:19.242790+00:00,164.5,1,ask,Harold Schneider,Xuanyu Liu,8510635
2026-07-05T16:11:19.755329,2026-07-05T16:11:19.767052+00:00,164.6,50,bid,FlawlessFlatbreads,DiligentDonuts,8510643
2026-07-05T16:11:20.083090,2026-07-05T16:11:20.094878+00:00,164.6,48,bid,CostlyCorianders,DiligentDonuts,8510648
2026-07-05T16:11:20.351746,2026-07-05T16:11:20.360164+00:00,164.5,9,ask,Harold Schneider,Xuanyu Liu,8510652
2026-07-05T16:11:20.608090,2026-07-05T16:11:20.617813+00:00,164.3,4,ask,EarnestEspressos,Aaron Tian,8510660
2026-07-05T16:11:21.865369,2026-07-05T16:11:21.877171+00:00,164.6,2,bid,FlawlessFlatbreads,DiligentDonuts,8510671
2026-07-05T16:11:21.865369,2026-07-05T16:11:21.877171+00:00,164.7,10,bid,FlawlessFlatbreads,Harold Schneider,8510672
2026-07-05T16:11:23.654743,2026-07-05T16:11:23.652229+00:00,164.5,45,ask,DiligentDonuts,CostlyCorianders,8510696
2026-07-05T16:11:24.024873,2026-07-05T16:11:24.032961+00:00,164.5,50,ask,DiligentDonuts,FlawlessFlatbreads,8510702
2026-07-05T16:11:24.253828,2026-07-05T16:11:24.254767+00:00,164.5,5,ask,DiligentDonuts,Harold Schneider,8510704
2026-07-05T16:11:24.292973,2026-07-05T16:11:24.301373+00:00,164.3,2,ask,EarnestEspressos,Harold Schneider,8510706
2026-07-05T16:11:24.733481,2026-07-05T16:11:24.741228+00:00,164.8,42,bid,CostlyCorianders,EarnestEspressos,8510709
2026-07-05T16:11:26.130668,2026-07-05T16:11:26.138245+00:00,164.5,50,ask,EarnestEspressos,FlawlessFlatbreads,8510729
2026-07-05T16:11:27.185230,2026-07-05T16:11:27.196936+00:00,164.5,4,ask,EarnestEspressos,Aaron Tian,8510749
2026-07-05T16:11:28.238497,2026-07-05T16:11:28.246533+00:00,164.2,50,ask,EarnestEspressos,FlawlessFlatbreads,8510768
2026-07-05T16:11:29.303354,2026-07-05T16:11:29.314101+00:00,164.3,25,ask,DiligentDonuts,Harold Schneider,8510782
2026-07-05T16:11:29.328479,2026-07-05T16:11:29.334914+00:00,164.3,2,ask,DiligentDonuts,Harold Schneider,8510785
2026-07-05T16:11:32.457609,2026-07-05T16:11:32.468833+00:00,164.1,50,ask,DiligentDonuts,FlawlessFlatbreads,8510831
2026-07-05T16:11:34.341183,2026-07-05T16:11:34.349245+00:00,164.1,25,ask,DiligentDonuts,Harold Schneider,8510857
2026-07-05T16:11:34.359540,2026-07-05T16:11:34.371547+00:00,164.1,2,ask,DiligentDonuts,Harold Schneider,8510859
2026-07-05T16:11:34.568913,2026-07-05T16:11:34.577294+00:00,164.1,23,ask,DiligentDonuts,FlawlessFlatbreads,8510870
2026-07-05T16:11:34.568913,2026-07-05T16:11:34.577294+00:00,164.0,8,ask,Zhangyue Shen,FlawlessFlatbreads,8510871
2026-07-05T16:11:34.568913,2026-07-05T16:11:34.582604+00:00,163.9,19,ask,EarnestEspressos,FlawlessFlatbreads,8510872
2026-07-05T16:11:35.225756,2026-07-05T16:11:35.236247+00:00,163.9,41,ask,EarnestEspressos,CostlyCorianders,8510882
2026-07-05T16:11:37.408617,2026-07-05T16:11:37.423337+00:00,164.4,46,bid,CostlyCorianders,EarnestEspressos,8510915
2026-07-05T16:11:37.414463,2026-07-05T16:11:37.423337+00:00,164.4,9,bid,Xuanyu Liu,EarnestEspressos,8510916
2026-07-05T16:11:38.784158,2026-07-05T16:11:38.795925+00:00,164.1,50,ask,EarnestEspressos,FlawlessFlatbreads,8510934
2026-07-05T16:11:39.384125,2026-07-05T16:11:39.395747+00:00,164.1,2,ask,EarnestEspressos,Harold Schneider,8510938
2026-07-05T16:11:40.883689,2026-07-05T16:11:40.892165+00:00,164.3,11,bid,Xuanyu Liu,EarnestEspressos,8510953
2026-07-05T16:11:40.891795,2026-07-05T16:11:40.907444+00:00,164.1,8,ask,Zhangyue Shen,FlawlessFlatbreads,8510955
2026-07-05T16:11:40.891795,2026-07-05T16:11:40.907444+00:00,164.0,42,ask,DiligentDonuts,FlawlessFlatbreads,8510956
2026-07-05T16:11:43.006963,2026-07-05T16:11:43.018710+00:00,164.0,8,ask,Zhangyue Shen,FlawlessFlatbreads,8510983
2026-07-05T16:11:43.006963,2026-07-05T16:11:43.018710+00:00,163.8,42,ask,EarnestEspressos,FlawlessFlatbreads,8510984
2026-07-05T16:11:44.040616,2026-07-05T16:11:44.051559+00:00,164.2,12,bid,Xuanyu Liu,EarnestEspressos,8511005
2026-07-05T16:11:44.207718,2026-07-05T16:11:44.217377+00:00,163.8,49,ask,DiligentDonuts,CostlyCorianders,8511007
