timestamp,recv_time,price,volume,aggressor_side,buyer,seller,trade_id
2026-07-09T00:00:00.825536,2026-07-09T00:00:00.837439+00:00,137.1,40,bid,CostlyCorianders,DiligentDonuts,12845018
2026-07-09T00:00:01.997184,2026-07-09T00:00:01.984116+00:00,137.1,50,ask,DiligentDonuts,FlawlessFlatbreads,12845032
2026-07-09T00:00:02.858702,2026-07-09T00:00:02.870702+00:00,137.3,47,bid,CostlyCorianders,EarnestEspressos,12845042
2026-07-09T00:00:04.105671,2026-07-09T00:00:04.118056+00:00,137.4,50,ask,EarnestEspressos,FlawlessFlatbreads,12845055
2026-07-09T00:00:04.827838,2026-07-09T00:00:04.842233+00:00,137.4,100,ask,EarnestEspressos,DiligentDonuts,12845066
2026-07-09T00:00:04.940993,2026-07-09T00:00:04.951384+00:00,136.9,45,ask,DiligentDonuts,CostlyCorianders,12845069
2026-07-09T00:00:06.215894,2026-07-09T00:00:06.228197+00:00,136.9,50,ask,DiligentDonuts,FlawlessFlatbreads,12845079
2026-07-09T00:00:06.497584,2026-07-09T00:00:06.509604+00:00,137.4,40,bid,CostlyCorianders,EarnestEspressos,12845085
2026-07-09T00:00:08.273383,2026-07-09T00:00:08.281800+00:00,137.4,50,bid,FlawlessFlatbreads,EarnestEspressos,12845113
2026-07-09T00:00:12.488181,2026-07-09T00:00:12.499885+00:00,137.5,50,bid,FlawlessFlatbreads,DiligentDonuts,12845159
2026-07-09T00:00:13.043966,2026-07-09T00:00:13.058584+00:00,137.3,49,ask,EarnestEspressos,CostlyCorianders,12845165
2026-07-09T00:00:14.074805,2026-07-09T00:00:14.083400+00:00,137.3,40,ask,EarnestEspressos,CostlyCorianders,12845189
2026-07-09T00:00:14.595429,2026-07-09T00:00:14.605406+00:00,137.8,50,bid,FlawlessFlatbreads,EarnestEspressos,12845191
2026-07-09T00:00:15.254582,2026-07-09T00:00:15.263797+00:00,137.8,43,bid,CostlyCorianders,EarnestEspressos,12845200
2026-07-09T00:00:16.701364,2026-07-09T00:00:16.713476+00:00,137.7,50,bid,FlawlessFlatbreads,EarnestEspressos,12845219
2026-07-09T00:00:17.815353,2026-07-09T00:00:17.825284+00:00,137.7,46,bid,CostlyCorianders,EarnestEspressos,12845231
2026-07-09T00:00:17.869952,2026-07-09T00:00:17.880193+00:00,137.5,42,ask,DiligentDonuts,CostlyCorianders,12845233
2026-07-09T00:00:18.861355,2026-07-09T00:00:18.868951+00:00,137.5,50,ask,DiligentDonuts,FlawlessFlatbreads,12845243
2026-07-09T00:00:18.963046,2026-07-09T00:00:18.970560+00:00,138.0,100,bid,EarnestEspressos,DiligentDonuts,12845246
2026-07-09T00:00:20.018085,2026-07-09T00:00:20.027423+00:00,138.0,3,ask,EarnestEspressos,Xuanyu Liu,12845262
2026-07-09T00:00:20.641391,2026-07-09T00:00:20.646881+00:00,138.0,47,ask,EarnestEspressos,DiligentDonuts,12845269
2026-07-09T00:00:20.970217,2026-07-09T00:00:20.980977+00:00,137.5,50,ask,DiligentDonuts,FlawlessFlatbreads,12845276
2026-07-09T00:00:21.090844,2026-07-09T00:00:21.102818+00:00,138.0,40,bid,CostlyCorianders,DiligentDonuts,12845277
2026-07-09T00:00:21.333706,2026-07-09T00:00:21.344220+00:00,138.0,3,bid,Xuanyu Liu,DiligentDonuts,12845280
2026-07-09T00:00:22.178113,2026-07-09T00:00:22.190252+00:00,137.5,49,ask,DiligentDonuts,CostlyCorianders,12845295
2026-07-09T00:00:23.025774,2026-07-09T00:00:23.032757+00:00,138.0,10,bid,FlawlessFlatbreads,DiligentDonuts,12845302
2026-07-09T00:00:23.025774,2026-07-09T00:00:23.037768+00:00,138.0,40,bid,FlawlessFlatbreads,EarnestEspressos,12845303
2026-07-09T00:00:25.134678,2026-07-09T00:00:25.143143+00:00,138.0,50,bid,FlawlessFlatbreads,EarnestEspressos,12845318
2026-07-09T00:00:26.885950,2026-07-09T00:00:26.895524+00:00,138.5,46,bid,CostlyCorianders,EarnestEspressos,12845344
2026-07-09T00:00:27.241526,2026-07-09T00:00:27.250679+00:00,138.4,50,bid,FlawlessFlatbreads,DiligentDonuts,12845347
2026-07-09T00:00:28.136809,2026-07-09T00:00:28.148838+00:00,138.0,45,ask,EarnestEspressos,CostlyCorianders,12845365
2026-07-09T00:00:28.638781,2026-07-09T00:00:28.649983+00:00,137.9,48,ask,DiligentDonuts,CostlyCorianders,12845373
2026-07-09T00:00:29.350881,2026-07-09T00:00:29.363622+00:00,138.4,50,bid,FlawlessFlatbreads,DiligentDonuts,12845377
2026-07-09T00:00:31.457270,2026-07-09T00:00:31.469431+00:00,138.4,50,bid,FlawlessFlatbreads,EarnestEspressos,12845407
2026-07-09T00:00:32.597301,2026-07-09T00:00:32.609558+00:00,138.4,47,bid,CostlyCorianders,DiligentDonuts,12845423
2026-07-09T00:00:33.165160,2026-07-09T00:00:33.177222+00:00,138.1,3,ask,EarnestEspressos,Xuanyu Liu,12845428
2026-07-09T00:00:33.565756,2026-07-09T00:00:33.577917+00:00,138.4,50,bid,FlawlessFlatbreads,DiligentDonuts,12845439
2026-07-09T00:00:34.476473,2026-07-09T00:00:34.485685+00:00,138.1,23,ask,EarnestEspressos,Xuanyu Liu,12845460
2026-07-09T00:00:35.808435,2026-07-09T00:00:35.852003+00:00,138.1,12,bid,Xuanyu Liu,EarnestEspressos,12845483
2026-07-09T00:00:35.996028,2026-07-09T00:00:36.007907+00:00,138.1,41,bid,CostlyCorianders,EarnestEspressos,12845486
2026-07-09T00:00:36.400244,2026-07-09T00:00:36.410620+00:00,138.1,97,bid,DiligentDonuts,EarnestEspressos,12845499
2026-07-09T00:00:37.053011,2026-07-09T00:00:37.058660+00:00,138.2,3,ask,DiligentDonuts,CostlyCorianders,12845510
2026-07-09T00:00:37.053011,2026-07-09T00:00:37.063628+00:00,137.6,41,ask,EarnestEspressos,CostlyCorianders,12845511
2026-07-09T00:00:37.829758,2026-07-09T00:00:37.837117+00:00,137.6,50,ask,EarnestEspressos,FlawlessFlatbreads,12845524
2026-07-09T00:00:39.937052,2026-07-09T00:00:39.944822+00:00,137.8,50,ask,EarnestEspressos,FlawlessFlatbreads,12845558
2026-07-09T00:00:40.805819,2026-07-09T00:00:40.814313+00:00,137.8,49,ask,EarnestEspressos,CostlyCorianders,12845570
2026-07-09T00:00:42.042501,2026-07-09T00:00:42.049579+00:00,137.5,50,ask,DiligentDonuts,FlawlessFlatbreads,12845590
2026-07-09T00:00:43.443748,2026-07-09T00:00:43.455647+00:00,137.9,49,bid,CostlyCorianders,DiligentDonuts,12845605
2026-07-09T00:00:44.149759,2026-07-09T00:00:44.158562+00:00,137.5,50,ask,EarnestEspressos,FlawlessFlatbreads,12845624
2026-07-09T00:00:44.352090,2026-07-09T00:00:44.361910+00:00,137.7,11,bid,Xuanyu Liu,EarnestEspressos,12845629
2026-07-09T00:00:45.845290,2026-07-09T00:00:45.853831+00:00,137.7,46,bid,CostlyCorianders,EarnestEspressos,12845652
2026-07-09T00:00:45.900525,2026-07-09T00:00:45.912553+00:00,137.5,48,ask,DiligentDonuts,CostlyCorianders,12845653
2026-07-09T00:00:46.262580,2026-07-09T00:00:46.274269+00:00,137.5,50,ask,DiligentDonuts,FlawlessFlatbreads,12845659
2026-07-09T00:00:46.310045,2026-07-09T00:00:46.318947+00:00,137.7,3,bid,Xuanyu Liu,EarnestEspressos,12845661
2026-07-09T00:00:47.422694,2026-07-09T00:00:47.434336+00:00,137.5,2,ask,DiligentDonuts,CostlyCorianders,12845674
2026-07-09T00:00:48.372300,2026-07-09T00:00:48.383164+00:00,137.5,50,ask,EarnestEspressos,FlawlessFlatbreads,12845680
2026-07-09T00:00:50.479257,2026-07-09T00:00:50.490899+00:00,137.5,50,ask,EarnestEspressos,FlawlessFlatbreads,12845707
2026-07-09T00:00:51.883889,2026-07-09T00:00:51.895476+00:00,137.8,42,bid,CostlyCorianders,DiligentDonuts,12845729
2026-07-09T00:00:52.535605,2026-07-09T00:00:52.547412+00:00,137.8,50,bid,FlawlessFlatbreads,EarnestEspressos,12845733
2026-07-09T00:00:52.927244,2026-07-09T00:00:52.939143+00:00,137.8,40,bid,CostlyCorianders,EarnestEspressos,12845737
2026-07-09T00:00:54.695504,2026-07-09T00:00:54.707599+00:00,137.7,50,ask,DiligentDonuts,FlawlessFlatbreads,12845761
2026-07-09T00:00:55.969904,2026-07-09T00:00:55.980721+00:00,137.5,40,ask,EarnestEspressos,CostlyCorianders,12845782
2026-07-09T00:00:56.751923,2026-07-09T00:00:56.753241+00:00,137.8,50,bid,FlawlessFlatbreads,DiligentDonuts,12845786
2026-07-09T00:00:56.944389,2026-07-09T00:00:56.951702+00:00,137.4,48,ask,EarnestEspressos,CostlyCorianders,12845787
2026-07-09T00:00:59.593226,2026-07-09T00:00:59.604752+00:00,137.9,46,bid,CostlyCorianders,EarnestEspressos,12845823
2026-07-09T00:01:01.016700,2026-07-09T00:01:01.024850+00:00,137.6,50,ask,EarnestEspressos,FlawlessFlatbreads,12845843
2026-07-09T00:01:01.058765,2026-07-09T00:01:01.069004+00:00,137.6,43,ask,EarnestEspressos,CostlyCorianders,12845844
2026-07-09T00:01:02.057262,2026-07-09T00:01:02.068730+00:00,138.1,49,bid,CostlyCorianders,EarnestEspressos,12845856
2026-07-09T00:01:03.188138,2026-07-09T00:01:03.197867+00:00,138.1,46,bid,CostlyCorianders,EarnestEspressos,12845870
2026-07-09T00:01:09.422454,2026-07-09T00:01:09.434546+00:00,138.3,50,bid,FlawlessFlatbreads,EarnestEspressos,12845973
2026-07-09T00:01:09.512003,2026-07-09T00:01:09.523829+00:00,138.0,45,ask,DiligentDonuts,CostlyCorianders,12845977
2026-07-09T00:01:11.531069,2026-07-09T00:01:11.542930+00:00,138.2,50,bid,FlawlessFlatbreads,DiligentDonuts,12845999
2026-07-09T00:01:14.329203,2026-07-09T00:01:14.341226+00:00,138.0,46,ask,EarnestEspressos,CostlyCorianders,12846036
2026-07-09T00:01:15.811327,2026-07-09T00:01:15.821907+00:00,138.0,50,ask,EarnestEspressos,FlawlessFlatbreads,12846052
2026-07-09T00:01:17.917959,2026-07-09T00:01:17.930040+00:00,138.0,50,ask,DiligentDonuts,FlawlessFlatbreads,12846083
2026-07-09T00:01:18.291406,2026-07-09T00:01:18.298796+00:00,138.0,42,ask,DiligentDonuts,CostlyCorianders,12846089
2026-07-09T00:01:21.469646,2026-07-09T00:01:21.481762+00:00,138.1,45,bid,CostlyCorianders,EarnestEspressos,12846123
2026-07-09T00:01:22.088992,2026-07-09T00:01:22.096911+00:00,138.1,50,bid,FlawlessFlatbreads,EarnestEspressos,12846132
2026-07-09T00:01:23.098819,2026-07-09T00:01:23.108705+00:00,138.1,49,bid,CostlyCorianders,DiligentDonuts,12846142
2026-07-09T00:01:25.648522,2026-07-09T00:01:25.652982+00:00,137.6,42,ask,EarnestEspressos,CostlyCorianders,12846174
2026-07-09T00:01:27.783110,2026-07-09T00:01:27.802032+00:00,137.6,43,ask,EarnestEspressos,CostlyCorianders,12846207
2026-07-09T00:01:28.404998,2026-07-09T00:01:28.414842+00:00,137.9,50,bid,FlawlessFlatbreads,DiligentDonuts,12846212
2026-07-09T00:01:30.564504,2026-07-09T00:01:30.576400+00:00,137.4,50,ask,DiligentDonuts,FlawlessFlatbreads,12846252
2026-07-09T00:01:30.942661,2026-07-09T00:01:30.952499+00:00,137.7,41,bid,CostlyCorianders,EarnestEspressos,12846256
2026-07-09T00:01:32.670639,2026-07-09T00:01:32.678307+00:00,137.4,50,ask,DiligentDonuts,FlawlessFlatbreads,12846276
2026-07-09T00:01:34.777017,2026-07-09T00:01:34.788753+00:00,137.3,50,ask,EarnestEspressos,FlawlessFlatbreads,12846303
2026-07-09T00:01:36.883994,2026-07-09T00:01:36.890708+00:00,137.1,50,ask,EarnestEspressos,FlawlessFlatbreads,12846322
2026-07-09T00:01:38.238034,2026-07-09T00:01:38.249362+00:00,137.1,3,bid,Xuanyu Liu,EarnestEspressos,12846345
2026-07-09T00:01:38.303472,2026-07-09T00:01:38.311892+00:00,137.1,45,bid,CostlyCorianders,EarnestEspressos,12846348
2026-07-09T00:01:38.990391,2026-07-09T00:01:39.002238+00:00,136.7,50,ask,DiligentDonuts,FlawlessFlatbreads,12846354
2026-07-09T00:01:39.880788,2026-07-09T00:01:39.892634+00:00,136.7,42,ask,DiligentDonuts,CostlyCorianders,12846373
2026-07-09T00:01:41.097953,2026-07-09T00:01:41.106400+00:00,136.7,50,ask,DiligentDonuts,FlawlessFlatbreads,12846394
2026-07-09T00:01:42.536486,2026-07-09T00:01:42.548218+00:00,137.2,49,bid,CostlyCorianders,DiligentDonuts,12846412
2026-07-09T00:01:43.205092,2026-07-09T00:01:43.217280+00:00,136.8,50,ask,EarnestEspressos,FlawlessFlatbreads,12846417
2026-07-09T00:01:43.519403,2026-07-09T00:01:43.530191+00:00,136.9,41,bid,CostlyCorianders,DiligentDonuts,12846420
2026-07-09T00:01:44.166775,2026-07-09T00:01:44.175923+00:00,136.9,11,bid,Xuanyu Liu,DiligentDonuts,12846426
2026-07-09T00:01:45.312499,2026-07-09T00:01:45.324485+00:00,136.4,50,ask,DiligentDonuts,FlawlessFlatbreads,12846447
2026-07-09T00:01:47.304132,2026-07-09T00:01:47.314344+00:00,136.4,47,ask,EarnestEspressos,CostlyCorianders,12846481
2026-07-09T00:01:48.039543,2026-07-09T00:01:48.047844+00:00,136.6,12,bid,Xuanyu Liu,DiligentDonuts,12846489
2026-07-09T00:01:49.527555,2026-07-09T00:01:49.539360+00:00,136.3,50,ask,DiligentDonuts,FlawlessFlatbreads,12846509
2026-07-09T00:01:50.142541,2026-07-09T00:01:50.163632+00:00,136.6,46,bid,CostlyCorianders,EarnestEspressos,12846523
2026-07-09T00:01:51.583321,2026-07-09T00:01:51.594987+00:00,136.6,50,bid,FlawlessFlatbreads,EarnestEspressos,12846543
2026-07-09T00:01:53.692045,2026-07-09T00:01:53.703959+00:00,136.5,50,bid,FlawlessFlatbreads,DiligentDonuts,12846569
2026-07-09T00:01:54.442698,2026-07-09T00:01:54.458589+00:00,136.2,45,ask,EarnestEspressos,CostlyCorianders,12846577
2026-07-09T00:01:55.800759,2026-07-09T00:01:55.812440+00:00,136.5,50,bid,FlawlessFlatbreads,DiligentDonuts,12846593
2026-07-09T00:01:57.006436,2026-07-09T00:01:57.020427+00:00,136.5,41,bid,CostlyCorianders,DiligentDonuts,12846613
2026-07-09T00:01:57.909396,2026-07-09T00:01:57.921338+00:00,136.5,9,bid,FlawlessFlatbreads,DiligentDonuts,12846630
2026-07-09T00:01:57.909396,2026-07-09T00:01:57.921338+00:00,136.8,41,bid,FlawlessFlatbreads,EarnestEspressos,12846631
2026-07-09T00:01:59.075831,2026-07-09T00:01:59.084786+00:00,136.6,46,ask,DiligentDonuts,CostlyCorianders,12846644
2026-07-09T00:02:00.019400,2026-07-09T00:02:00.030483+00:00,136.8,50,bid,FlawlessFlatbreads,EarnestEspressos,12846651
2026-07-09T00:02:00.847040,2026-07-09T00:02:00.853705+00:00,136.7,46,ask,EarnestEspressos,CostlyCorianders,12846659
2026-07-09T00:02:02.126896,2026-07-09T00:02:02.138987+00:00,137.0,50,bid,FlawlessFlatbreads,DiligentDonuts,12846673
2026-07-09T00:02:02.526238,2026-07-09T00:02:02.538157+00:00,137.0,40,bid,CostlyCorianders,DiligentDonuts,12846677
2026-07-09T00:02:02.986932,2026-07-09T00:02:02.998908+00:00,137.0,10,bid,CostlyCorianders,DiligentDonuts,12846682
2026-07-09T00:02:04.235529,2026-07-09T00:02:04.247706+00:00,137.0,50,bid,FlawlessFlatbreads,EarnestEspressos,12846689
2026-07-09T00:02:04.680726,2026-07-09T00:02:04.687319+00:00,137.0,46,bid,CostlyCorianders,EarnestEspressos,12846696
2026-07-09T00:02:05.059629,2026-07-09T00:02:05.069477+00:00,136.7,12,ask,DiligentDonuts,Xuanyu Liu,12846697
2026-07-09T00:02:06.343416,2026-07-09T00:02:06.350603+00:00,137.0,50,bid,FlawlessFlatbreads,EarnestEspressos,12846716
2026-07-09T00:02:06.413675,2026-07-09T00:02:06.422882+00:00,136.7,11,ask,DiligentDonuts,Xuanyu Liu,12846717
2026-07-09T00:02:06.567065,2026-07-09T00:02:06.575282+00:00,136.9,3,ask,EarnestEspressos,Xuanyu Liu,12846721
2026-07-09T00:02:08.319628,2026-07-09T00:02:08.329207+00:00,136.9,42,ask,EarnestEspressos,CostlyCorianders,12846749
2026-07-09T00:02:08.450920,2026-07-09T00:02:08.457613+00:00,137.0,50,bid,FlawlessFlatbreads,DiligentDonuts,12846750
2026-07-09T00:02:09.024103,2026-07-09T00:02:09.033662+00:00,136.9,41,ask,EarnestEspressos,CostlyCorianders,12846756
2026-07-09T00:02:10.062416,2026-07-09T00:02:10.071813+00:00,137.0,40,bid,CostlyCorianders,DiligentDonuts,12846770
2026-07-09T00:02:10.117049,2026-07-09T00:02:10.126452+00:00,136.7,41,ask,EarnestEspressos,CostlyCorianders,12846771
2026-07-09T00:02:10.564721,2026-07-09T00:02:10.577743+00:00,137.0,10,bid,FlawlessFlatbreads,DiligentDonuts,12846783
2026-07-09T00:02:10.564721,2026-07-09T00:02:10.577743+00:00,137.2,40,bid,FlawlessFlatbreads,EarnestEspressos,12846784
2026-07-09T00:02:12.675248,2026-07-09T00:02:12.682951+00:00,137.2,50,bid,FlawlessFlatbreads,EarnestEspressos,12846802
2026-07-09T00:02:13.710143,2026-07-09T00:02:13.720477+00:00,137.4,46,bid,CostlyCorianders,DiligentDonuts,12846815
2026-07-09T00:02:14.791787,2026-07-09T00:02:14.804001+00:00,137.4,50,bid,FlawlessFlatbreads,EarnestEspressos,12846829
2026-07-09T00:02:15.926898,2026-07-09T00:02:15.939025+00:00,137.2,42,ask,DiligentDonuts,CostlyCorianders,12846848
2026-07-09T00:02:16.900239,2026-07-09T00:02:16.910606+00:00,137.2,26,ask,DiligentDonuts,Xuanyu Liu,12846860
2026-07-09T00:02:16.903602,2026-07-09T00:02:16.910606+00:00,137.7,50,bid,FlawlessFlatbreads,DiligentDonuts,12846861
2026-07-09T00:02:17.586879,2026-07-09T00:02:17.602030+00:00,137.2,32,ask,DiligentDonuts,CostlyCorianders,12846874
2026-07-09T00:02:17.586879,2026-07-09T00:02:17.602030+00:00,137.2,15,ask,EarnestEspressos,CostlyCorianders,12846875
2026-07-09T00:02:17.768247,2026-07-09T00:02:17.779939+00:00,137.2,100,ask,EarnestEspressos,DiligentDonuts,12846880
2026-07-09T00:02:19.033457,2026-07-09T00:02:19.040360+00:00,137.7,50,bid,FlawlessFlatbreads,EarnestEspressos,12846899
2026-07-09T00:02:21.140947,2026-07-09T00:02:21.150214+00:00,137.3,50,bid,FlawlessFlatbreads,EarnestEspressos,12846931
2026-07-09T00:02:21.756163,2026-07-09T00:02:21.768038+00:00,137.3,43,bid,CostlyCorianders,EarnestEspressos,12846942
2026-07-09T00:02:23.277048,2026-07-09T00:02:23.289395+00:00,137.5,50,bid,FlawlessFlatbreads,EarnestEspressos,12846962
2026-07-09T00:02:23.478735,2026-07-09T00:02:23.487891+00:00,137.1,41,ask,DiligentDonuts,CostlyCorianders,12846963
2026-07-09T00:02:26.529235,2026-07-09T00:02:26.548540+00:00,137.3,47,ask,EarnestEspressos,CostlyCorianders,12847005
2026-07-09T00:02:27.498469,2026-07-09T00:02:27.510230+00:00,137.5,50,bid,FlawlessFlatbreads,DiligentDonuts,12847010
2026-07-09T00:02:29.691818,2026-07-09T00:02:29.703201+00:00,137.2,50,ask,EarnestEspressos,FlawlessFlatbreads,12847042
2026-07-09T00:02:31.258497,2026-07-09T00:02:31.270260+00:00,137.5,47,bid,CostlyCorianders,DiligentDonuts,12847064
2026-07-09T00:02:31.747411,2026-07-09T00:02:31.754136+00:00,137.5,50,bid,FlawlessFlatbreads,DiligentDonuts,12847072
2026-07-09T00:02:33.344768,2026-07-09T00:02:33.358552+00:00,137.0,46,ask,DiligentDonuts,CostlyCorianders,12847088
2026-07-09T00:02:33.905756,2026-07-09T00:02:33.913917+00:00,137.0,50,ask,DiligentDonuts,FlawlessFlatbreads,12847092
2026-07-09T00:02:36.733574,2026-07-09T00:02:36.745574+00:00,137.1,42,bid,CostlyCorianders,EarnestEspressos,12847134
2026-07-09T00:02:38.116055,2026-07-09T00:02:38.123453+00:00,136.9,50,ask,DiligentDonuts,FlawlessFlatbreads,12847153
2026-07-09T00:02:39.924756,2026-07-09T00:02:39.934269+00:00,136.8,41,ask,EarnestEspressos,CostlyCorianders,12847179
2026-07-09T00:02:40.221518,2026-07-09T00:02:40.230065+00:00,136.8,50,ask,EarnestEspressos,FlawlessFlatbreads,12847183
2026-07-09T00:02:41.470737,2026-07-09T00:02:41.479579+00:00,136.8,100,ask,DiligentDonuts,EarnestEspressos,12847207
2026-07-09T00:02:42.152514,2026-07-09T00:02:42.152726+00:00,136.8,40,bid,CostlyCorianders,EarnestEspressos,12847219
2026-07-09T00:02:42.278707,2026-07-09T00:02:42.291018+00:00,136.8,10,bid,FlawlessFlatbreads,EarnestEspressos,12847220
2026-07-09T00:02:44.388526,2026-07-09T00:02:44.400169+00:00,136.7,50,bid,FlawlessFlatbreads,DiligentDonuts,12847252
2026-07-09T00:02:44.578253,2026-07-09T00:02:44.584967+00:00,136.7,50,bid,EarnestEspressos,DiligentDonuts,12847257
2026-07-09T00:02:44.861175,2026-07-09T00:02:44.871947+00:00,136.9,11,ask,EarnestEspressos,Xuanyu Liu,12847266
2026-07-09T00:02:45.235573,2026-07-09T00:02:45.258640+00:00,136.9,42,ask,EarnestEspressos,CostlyCorianders,12847275
2026-07-09T00:02:46.502481,2026-07-09T00:02:46.514310+00:00,137.1,50,bid,FlawlessFlatbreads,DiligentDonuts,12847289
2026-07-09T00:02:48.662514,2026-07-09T00:02:48.674691+00:00,136.6,50,ask,DiligentDonuts,FlawlessFlatbreads,12847328
2026-07-09T00:02:49.028100,2026-07-09T00:02:49.040264+00:00,137.0,40,bid,CostlyCorianders,EarnestEspressos,12847332
2026-07-09T00:02:49.722346,2026-07-09T00:02:49.730997+00:00,137.0,11,bid,Xuanyu Liu,EarnestEspressos,12847350
2026-07-09T00:02:51.215005,2026-07-09T00:02:51.226831+00:00,137.0,48,bid,CostlyCorianders,EarnestEspressos,12847370
2026-07-09T00:02:52.875904,2026-07-09T00:02:52.887900+00:00,136.6,50,ask,DiligentDonuts,FlawlessFlatbreads,12847391
2026-07-09T00:02:55.531783,2026-07-09T00:02:55.543681+00:00,136.9,49,ask,EarnestEspressos,CostlyCorianders,12847429
2026-07-09T00:02:55.738428,2026-07-09T00:02:55.750588+00:00,136.9,100,ask,EarnestEspressos,DiligentDonuts,12847434
2026-07-09T00:02:56.007647,2026-07-09T00:02:56.014627+00:00,136.9,1,ask,EarnestEspressos,CostlyCorianders,12847435
2026-07-09T00:02:59.191320,2026-07-09T00:02:59.203284+00:00,136.6,50,ask,DiligentDonuts,FlawlessFlatbreads,12847488
2026-07-09T00:03:00.466100,2026-07-09T00:03:00.478149+00:00,136.7,46,bid,CostlyCorianders,EarnestEspressos,12847498
2026-07-09T00:03:00.521154,2026-07-09T00:03:00.532197+00:00,136.6,42,ask,DiligentDonuts,CostlyCorianders,12847499
2026-07-09T00:03:01.250067,2026-07-09T00:03:01.254626+00:00,136.7,50,bid,FlawlessFlatbreads,EarnestEspressos,12847508
2026-07-09T00:03:02.722912,2026-07-09T00:03:02.734567+00:00,136.7,44,bid,CostlyCorianders,EarnestEspressos,12847519
2026-07-09T00:03:04.270429,2026-07-09T00:03:04.278673+00:00,136.7,11,ask,EarnestEspressos,Xuanyu Liu,12847536
2026-07-09T00:03:05.224217,2026-07-09T00:03:05.233955+00:00,136.7,100,ask,EarnestEspressos,DiligentDonuts,12847545
2026-07-09T00:03:05.512042,2026-07-09T00:03:05.521146+00:00,136.7,39,ask,EarnestEspressos,FlawlessFlatbreads,12847547
2026-07-09T00:03:05.512042,2026-07-09T00:03:05.521146+00:00,136.1,11,ask,DiligentDonuts,FlawlessFlatbreads,12847548
2026-07-09T00:03:06.805834,2026-07-09T00:03:06.813750+00:00,136.4,11,bid,Xuanyu Liu,EarnestEspressos,12847566
2026-07-09T00:03:06.832986,2026-07-09T00:03:06.844575+00:00,136.4,43,bid,CostlyCorianders,EarnestEspressos,12847568
2026-07-09T00:03:07.320617,2026-07-09T00:03:07.332235+00:00,136.1,42,ask,DiligentDonuts,CostlyCorianders,12847581
2026-07-09T00:03:07.620631,2026-07-09T00:03:07.632615+00:00,136.1,47,ask,DiligentDonuts,FlawlessFlatbreads,12847585
2026-07-09T00:03:07.909391,2026-07-09T00:03:07.919571+00:00,136.4,12,bid,Xuanyu Liu,EarnestEspressos,12847586
2026-07-09T00:03:09.121017,2026-07-09T00:03:09.130701+00:00,136.4,11,bid,Xuanyu Liu,EarnestEspressos,12847605
2026-07-09T00:03:09.748931,2026-07-09T00:03:09.758586+00:00,136.3,50,ask,DiligentDonuts,FlawlessFlatbreads,12847615
2026-07-09T00:03:09.791946,2026-07-09T00:03:09.803690+00:00,136.3,47,ask,DiligentDonuts,CostlyCorianders,12847616
2026-07-09T00:03:11.856900,2026-07-09T00:03:11.868761+00:00,136.4,50,ask,EarnestEspressos,FlawlessFlatbreads,12847639
2026-07-09T00:03:12.046707,2026-07-09T00:03:12.055944+00:00,136.5,3,bid,Xuanyu Liu,DiligentDonuts,12847643
2026-07-09T00:03:12.749421,2026-07-09T00:03:12.759724+00:00,136.4,3,ask,EarnestEspressos,Xuanyu Liu,12847656
2026-07-09T00:03:13.974593,2026-07-09T00:03:13.986021+00:00,136.0,50,ask,DiligentDonuts,FlawlessFlatbreads,12847673
2026-07-09T00:03:14.021459,2026-07-09T00:03:14.033579+00:00,136.5,45,bid,CostlyCorianders,DiligentDonuts,12847674
2026-07-09T00:03:16.085350,2026-07-09T00:03:16.098955+00:00,136.0,50,ask,EarnestEspressos,FlawlessFlatbreads,12847698
2026-07-09T00:03:16.600631,2026-07-09T00:03:16.609128+00:00,136.1,47,bid,CostlyCorianders,EarnestEspressos,12847707
2026-07-09T00:03:18.160568,2026-07-09T00:03:18.169077+00:00,136.0,50,bid,FlawlessFlatbreads,DiligentDonuts,12847724
2026-07-09T00:03:18.807255,2026-07-09T00:03:18.821001+00:00,136.0,3,bid,Xuanyu Liu,DiligentDonuts,12847739
2026-07-09T00:03:20.096521,2026-07-09T00:03:20.108476+00:00,135.8,41,ask,EarnestEspressos,CostlyCorianders,12847757
2026-07-09T00:03:20.318221,2026-07-09T00:03:20.325090+00:00,135.8,50,ask,EarnestEspressos,FlawlessFlatbreads,12847762
2026-07-09T00:03:21.172807,2026-07-09T00:03:21.184377+00:00,136.3,45,bid,CostlyCorianders,EarnestEspressos,12847770
2026-07-09T00:03:21.227463,2026-07-09T00:03:21.236054+00:00,135.8,48,ask,EarnestEspressos,CostlyCorianders,12847771
2026-07-09T00:03:22.441231,2026-07-09T00:03:22.449998+00:00,135.8,11,ask,EarnestEspressos,CostlyCorianders,12847791
2026-07-09T00:03:22.441231,2026-07-09T00:03:22.458591+00:00,135.8,38,ask,DiligentDonuts,CostlyCorianders,12847792
2026-07-09T00:03:24.450355,2026-07-09T00:03:24.458547+00:00,136.0,43,bid,CostlyCorianders,EarnestEspressos,12847813
2026-07-09T00:03:24.478836,2026-07-09T00:03:24.490825+00:00,136.0,50,bid,FlawlessFlatbreads,EarnestEspressos,12847814
2026-07-09T00:03:26.596950,2026-07-09T00:03:26.606419+00:00,136.0,50,bid,FlawlessFlatbreads,EarnestEspressos,12847845
2026-07-09T00:03:28.755534,2026-07-09T00:03:28.767622+00:00,135.6,50,ask,DiligentDonuts,FlawlessFlatbreads,12847872
2026-07-09T00:03:29.477666,2026-07-09T00:03:29.487389+00:00,135.9,40,ask,EarnestEspressos,CostlyCorianders,12847884
2026-07-09T00:03:30.876477,2026-07-09T00:03:30.891145+00:00,135.9,50,ask,EarnestEspressos,FlawlessFlatbreads,12847905
2026-07-09T00:03:32.932256,2026-07-09T00:03:32.944227+00:00,136.0,50,bid,FlawlessFlatbreads,DiligentDonuts,12847934
2026-07-09T00:03:33.872980,2026-07-09T00:03:33.884791+00:00,136.1,47,bid,CostlyCorianders,DiligentDonuts,12847950
2026-07-09T00:03:36.676844,2026-07-09T00:03:36.683957+00:00,136.1,45,bid,CostlyCorianders,DiligentDonuts,12847980
2026-07-09T00:03:37.222063,2026-07-09T00:03:37.234231+00:00,136.0,50,ask,DiligentDonuts,FlawlessFlatbreads,12847986
2026-07-09T00:03:41.441533,2026-07-09T00:03:41.453398+00:00,136.0,50,ask,DiligentDonuts,FlawlessFlatbreads,12848041
2026-07-09T00:03:41.557302,2026-07-09T00:03:41.568921+00:00,136.0,47,ask,DiligentDonuts,CostlyCorianders,12848042
2026-07-09T00:03:42.623237,2026-07-09T00:03:42.633177+00:00,136.0,3,ask,DiligentDonuts,CostlyCorianders,12848058
2026-07-09T00:03:42.623237,2026-07-09T00:03:42.633177+00:00,135.9,46,ask,EarnestEspressos,CostlyCorianders,12848059
2026-07-09T00:03:43.596304,2026-07-09T00:03:43.607188+00:00,136.1,48,bid,CostlyCorianders,DiligentDonuts,12848075
2026-07-09T00:03:45.262180,2026-07-09T00:03:45.274123+00:00,135.6,47,ask,DiligentDonuts,CostlyCorianders,12848090
2026-07-09T00:03:45.601068,2026-07-09T00:03:45.613043+00:00,135.8,50,bid,FlawlessFlatbreads,EarnestEspressos,12848096
2026-07-09T00:03:45.917191,2026-07-09T00:03:45.926222+00:00,135.8,46,bid,CostlyCorianders,EarnestEspressos,12848101
2026-07-09T00:03:47.708641,2026-07-09T00:03:47.717808+00:00,135.8,50,bid,FlawlessFlatbreads,EarnestEspressos,12848120
2026-07-09T00:03:48.049740,2026-07-09T00:03:48.056707+00:00,136.0,45,bid,CostlyCorianders,DiligentDonuts,12848123
2026-07-09T00:03:49.536399,2026-07-09T00:03:49.543121+00:00,135.9,100,ask,EarnestEspressos,DiligentDonuts,12848149
2026-07-09T00:03:49.816497,2026-07-09T00:03:49.828255+00:00,136.4,50,bid,FlawlessFlatbreads,EarnestEspressos,12848152
2026-07-09T00:03:51.924182,2026-07-09T00:03:51.932135+00:00,136.1,50,bid,FlawlessFlatbreads,EarnestEspressos,12848187
2026-07-09T00:03:54.042915,2026-07-09T00:03:54.050886+00:00,136.1,50,bid,FlawlessFlatbreads,EarnestEspressos,12848217
2026-07-09T00:03:56.149017,2026-07-09T00:03:56.158550+00:00,136.5,50,bid,FlawlessFlatbreads,DiligentDonuts,12848250
2026-07-09T00:03:57.986565,2026-07-09T00:03:57.995139+00:00,136.1,3,ask,EarnestEspressos,Xuanyu Liu,12848282
2026-07-09T00:03:58.013274,2026-07-09T00:03:58.025104+00:00,136.1,48,ask,EarnestEspressos,CostlyCorianders,12848284
2026-07-09T00:03:58.306224,2026-07-09T00:03:58.318149+00:00,136.1,50,ask,EarnestEspressos,FlawlessFlatbreads,12848291
2026-07-09T00:03:58.483197,2026-07-09T00:03:58.491906+00:00,136.1,47,ask,EarnestEspressos,CostlyCorianders,12848301
2026-07-09T00:03:58.961284,2026-07-09T00:03:58.971922+00:00,136.1,2,ask,EarnestEspressos,CostlyCorianders,12848308
2026-07-09T00:03:59.969205,2026-07-09T00:03:59.979549+00:00,136.5,40,bid,CostlyCorianders,DiligentDonuts,12848330
2026-07-09T00:04:00.415370,2026-07-09T00:04:00.417129+00:00,136.0,50,ask,DiligentDonuts,FlawlessFlatbreads,12848333
2026-07-09T00:04:00.611258,2026-07-09T00:04:00.631055+00:00,136.0,50,ask,DiligentDonuts,EarnestEspressos,12848338
2026-07-09T00:04:00.622142,2026-07-09T00:04:00.631055+00:00,136.0,3,bid,Xuanyu Liu,EarnestEspressos,12848339
2026-07-09T00:04:02.129586,2026-07-09T00:04:02.140028+00:00,136.0,97,bid,DiligentDonuts,EarnestEspressos,12848365
2026-07-09T00:04:02.522196,2026-07-09T00:04:02.529726+00:00,136.2,3,ask,DiligentDonuts,FlawlessFlatbreads,12848369
2026-07-09T00:04:02.522196,2026-07-09T00:04:02.534695+00:00,135.5,47,ask,EarnestEspressos,FlawlessFlatbreads,12848370
2026-07-09T00:04:04.385432,2026-07-09T00:04:04.397300+00:00,136.1,41,ask,EarnestEspressos,CostlyCorianders,12848399
2026-07-09T00:04:05.344714,2026-07-09T00:04:05.358711+00:00,136.1,100,ask,EarnestEspressos,DiligentDonuts,12848417
2026-07-09T00:04:06.684654,2026-07-09T00:04:06.696455+00:00,136.6,50,bid,FlawlessFlatbreads,EarnestEspressos,12848432
2026-07-09T00:04:07.277553,2026-07-09T00:04:07.289275+00:00,136.3,42,bid,CostlyCorianders,EarnestEspressos,12848436
2026-07-09T00:04:07.807001,2026-07-09T00:04:07.814944+00:00,136.3,48,bid,CostlyCorianders,EarnestEspressos,12848445
2026-07-09T00:04:08.843363,2026-07-09T00:04:08.853785+00:00,135.9,50,ask,DiligentDonuts,FlawlessFlatbreads,12848463
2026-07-09T00:04:10.010820,2026-07-09T00:04:10.022690+00:00,135.9,48,ask,DiligentDonuts,CostlyCorianders,12848474
2026-07-09T00:04:10.949274,2026-07-09T00:04:10.958557+00:00,136.1,50,ask,EarnestEspressos,FlawlessFlatbreads,12848484
2026-07-09T00:04:12.190125,2026-07-09T00:04:12.200873+00:00,136.2,46,bid,CostlyCorianders,DiligentDonuts,12848499
2026-07-09T00:04:12.244137,2026-07-09T00:04:12.258612+00:00,136.1,42,ask,EarnestEspressos,CostlyCorianders,12848500
2026-07-09T00:04:12.789217,2026-07-09T00:04:12.798694+00:00,136.1,48,ask,EarnestEspressos,CostlyCorianders,12848514
2026-07-09T00:04:13.057642,2026-07-09T00:04:13.069580+00:00,136.1,10,ask,EarnestEspressos,FlawlessFlatbreads,12848518
2026-07-09T00:04:13.057642,2026-07-09T00:04:13.069580+00:00,135.7,40,ask,DiligentDonuts,FlawlessFlatbreads,12848519
2026-07-09T00:04:14.981907,2026-07-09T00:04:14.994082+00:00,136.0,41,bid,CostlyCorianders,EarnestEspressos,12848536
2026-07-09T00:04:15.166385,2026-07-09T00:04:15.178481+00:00,135.8,50,ask,DiligentDonuts,FlawlessFlatbreads,12848538
2026-07-09T00:04:15.591077,2026-07-09T00:04:15.602944+00:00,136.0,43,bid,CostlyCorianders,EarnestEspressos,12848542
2026-07-09T00:04:16.532824,2026-07-09T00:04:16.550200+00:00,135.9,45,ask,EarnestEspressos,CostlyCorianders,12848549
2026-07-09T00:04:17.223284,2026-07-09T00:04:17.235229+00:00,136.3,50,bid,FlawlessFlatbreads,DiligentDonuts,12848557
2026-07-09T00:04:18.062024,2026-07-09T00:04:18.073870+00:00,135.9,44,ask,EarnestEspressos,CostlyCorianders,12848570
2026-07-09T00:04:19.383657,2026-07-09T00:04:19.395322+00:00,135.9,50,ask,EarnestEspressos,FlawlessFlatbreads,12848580
2026-07-09T00:04:21.439360,2026-07-09T00:04:21.451162+00:00,135.6,50,bid,FlawlessFlatbreads,EarnestEspressos,12848603
2026-07-09T00:04:24.237134,2026-07-09T00:04:24.247180+00:00,135.8,3,bid,Xuanyu Liu,EarnestEspressos,12848642
2026-07-09T00:04:24.299954,2026-07-09T00:04:24.307428+00:00,135.8,100,bid,DiligentDonuts,EarnestEspressos,12848647
2026-07-09T00:04:24.584984,2026-07-09T00:04:24.594493+00:00,135.8,43,bid,CostlyCorianders,EarnestEspressos,12848650
2026-07-09T00:04:25.664537,2026-07-09T00:04:25.676296+00:00,135.8,4,bid,FlawlessFlatbreads,EarnestEspressos,12848656
2026-07-09T00:04:25.879623,2026-07-09T00:04:25.888810+00:00,136.0,3,ask,EarnestEspressos,Xuanyu Liu,12848661
2026-07-09T00:04:26.187919,2026-07-09T00:04:26.200291+00:00,136.3,42,bid,CostlyCorianders,DiligentDonuts,12848664
2026-07-09T00:04:26.245962,2026-07-09T00:04:26.258022+00:00,136.0,42,ask,EarnestEspressos,CostlyCorianders,12848665
2026-07-09T00:04:27.470608,2026-07-09T00:04:27.479324+00:00,136.0,40,ask,EarnestEspressos,CostlyCorianders,12848682
2026-07-09T00:04:27.514994,2026-07-09T00:04:27.527063+00:00,136.0,65,ask,EarnestEspressos,DiligentDonuts,12848683
2026-07-09T00:04:27.792754,2026-07-09T00:04:27.805002+00:00,136.0,35,bid,FlawlessFlatbreads,DiligentDonuts,12848684
2026-07-09T00:04:29.901427,2026-07-09T00:04:29.913169+00:00,136.0,50,bid,FlawlessFlatbreads,EarnestEspressos,12848709
2026-07-09T00:04:34.193700,2026-07-09T00:04:34.200245+00:00,135.9,50,ask,DiligentDonuts,FlawlessFlatbreads,12848764
2026-07-09T00:04:36.311863,2026-07-09T00:04:36.327330+00:00,135.9,50,ask,DiligentDonuts,FlawlessFlatbreads,12848799
2026-07-09T00:04:38.422223,2026-07-09T00:04:38.436397+00:00,135.8,50,ask,EarnestEspressos,FlawlessFlatbreads,12848824
2026-07-09T00:04:38.723835,2026-07-09T00:04:38.733357+00:00,136.0,3,bid,Xuanyu Liu,EarnestEspressos,12848829
2026-07-09T00:04:39.302574,2026-07-09T00:04:39.313838+00:00,136.0,43,bid,CostlyCorianders,EarnestEspressos,12848848
2026-07-09T00:04:40.533731,2026-07-09T00:04:40.545681+00:00,135.8,50,ask,DiligentDonuts,FlawlessFlatbreads,12848872
2026-07-09T00:04:42.639807,2026-07-09T00:04:42.651626+00:00,135.8,50,ask,DiligentDonuts,FlawlessFlatbreads,12848900
2026-07-09T00:04:44.750509,2026-07-09T00:04:44.758643+00:00,135.8,50,ask,EarnestEspressos,FlawlessFlatbreads,12848919
2026-07-09T00:04:45.688457,2026-07-09T00:04:45.700291+00:00,135.9,44,bid,CostlyCorianders,DiligentDonuts,12848930
2026-07-09T00:04:46.241389,2026-07-09T00:04:46.248641+00:00,135.9,49,bid,CostlyCorianders,DiligentDonuts,12848942
2026-07-09T00:04:46.726545,2026-07-09T00:04:46.738396+00:00,135.5,43,ask,EarnestEspressos,CostlyCorianders,12848946
2026-07-09T00:04:46.867826,2026-07-09T00:04:46.878086+00:00,135.5,50,ask,EarnestEspressos,FlawlessFlatbreads,12848952
2026-07-09T00:04:48.063421,2026-07-09T00:04:48.085206+00:00,135.5,100,ask,DiligentDonuts,EarnestEspressos,12848978
2026-07-09T00:04:48.076616,2026-07-09T00:04:48.085206+00:00,135.4,11,bid,Xuanyu Liu,EarnestEspressos,12848980
2026-07-09T00:04:49.240465,2026-07-09T00:04:49.249553+00:00,135.4,23,bid,Xuanyu Liu,EarnestEspressos,12849002
2026-07-09T00:04:49.743022,2026-07-09T00:04:49.752909+00:00,135.4,16,bid,CostlyCorianders,EarnestEspressos,12849008
2026-07-09T00:04:49.743022,2026-07-09T00:04:49.752909+00:00,135.7,26,bid,CostlyCorianders,DiligentDonuts,12849009
2026-07-09T00:04:51.186350,2026-07-09T00:04:51.194945+00:00,135.6,11,ask,EarnestEspressos,Xuanyu Liu,12849033
2026-07-09T00:04:52.974738,2026-07-09T00:04:52.984272+00:00,135.6,43,ask,EarnestEspressos,CostlyCorianders,12849055
2026-07-09T00:04:53.161113,2026-07-09T00:04:53.172931+00:00,135.8,50,bid,FlawlessFlatbreads,DiligentDonuts,12849060
2026-07-09T00:04:53.964505,2026-07-09T00:04:53.972612+00:00,135.6,40,ask,EarnestEspressos,CostlyCorianders,12849077
2026-07-09T00:04:55.350248,2026-07-09T00:04:55.358562+00:00,135.3,50,ask,DiligentDonuts,FlawlessFlatbreads,12849108
2026-07-09T00:04:57.459901,2026-07-09T00:04:57.475078+00:00,135.3,50,ask,DiligentDonuts,FlawlessFlatbreads,12849132
2026-07-09T00:04:57.624482,2026-07-09T00:04:57.634105+00:00,135.7,45,bid,CostlyCorianders,EarnestEspressos,12849137
2026-07-09T00:04:59.154507,2026-07-09T00:04:59.166353+00:00,135.7,42,bid,CostlyCorianders,EarnestEspressos,12849159
2026-07-09T00:04:59.514687,2026-07-09T00:04:59.522977+00:00,135.7,50,bid,FlawlessFlatbreads,EarnestEspressos,12849161
2026-07-09T00:05:00.686346,2026-07-09T00:05:00.698415+00:00,135.7,100,bid,EarnestEspressos,DiligentDonuts,12849191
2026-07-09T00:05:00.755714,2026-07-09T00:05:00.766662+00:00,135.8,12,ask,EarnestEspressos,Xuanyu Liu,12849192
2026-07-09T00:05:01.069186,2026-07-09T00:05:01.082716+00:00,135.8,11,ask,EarnestEspressos,Xuanyu Liu,12849196
2026-07-09T00:05:01.621664,2026-07-09T00:05:01.630413+00:00,136.3,50,bid,FlawlessFlatbreads,EarnestEspressos,12849201
2026-07-09T00:05:02.329270,2026-07-09T00:05:02.346935+00:00,135.8,27,ask,EarnestEspressos,DiligentDonuts,12849210
2026-07-09T00:05:03.728186,2026-07-09T00:05:03.740068+00:00,135.8,50,bid,FlawlessFlatbreads,DiligentDonuts,12849224
2026-07-09T00:05:05.539565,2026-07-09T00:05:05.551589+00:00,135.5,41,ask,DiligentDonuts,CostlyCorianders,12849250
2026-07-09T00:05:05.835641,2026-07-09T00:05:05.847466+00:00,135.9,50,bid,FlawlessFlatbreads,EarnestEspressos,12849253
2026-07-09T00:05:07.942717,2026-07-09T00:05:07.953995+00:00,136.0,50,bid,FlawlessFlatbreads,DiligentDonuts,12849279
2026-07-09T00:05:10.057005,2026-07-09T00:05:10.064188+00:00,135.9,50,bid,FlawlessFlatbreads,DiligentDonuts,12849305
2026-07-09T00:05:12.165554,2026-07-09T00:05:12.177365+00:00,135.9,50,bid,FlawlessFlatbreads,EarnestEspressos,12849337
2026-07-09T00:05:14.274752,2026-07-09T00:05:14.285429+00:00,136.0,50,bid,FlawlessFlatbreads,EarnestEspressos,12849353
2026-07-09T00:05:15.539806,2026-07-09T00:05:15.551336+00:00,135.6,47,ask,DiligentDonuts,CostlyCorianders,12849372
2026-07-09T00:05:16.064805,2026-07-09T00:05:16.076058+00:00,136.0,42,bid,CostlyCorianders,EarnestEspressos,12849377
2026-07-09T00:05:16.281589,2026-07-09T00:05:16.290485+00:00,135.6,3,ask,DiligentDonuts,Xuanyu Liu,12849386
2026-07-09T00:05:19.440361,2026-07-09T00:05:19.450949+00:00,135.8,3,ask,EarnestEspressos,Xuanyu Liu,12849436
2026-07-09T00:05:20.646769,2026-07-09T00:05:20.653364+00:00,135.8,50,ask,EarnestEspressos,FlawlessFlatbreads,12849447
2026-07-09T00:05:21.303647,2026-07-09T00:05:21.311519+00:00,135.8,100,ask,EarnestEspressos,DiligentDonuts,12849465
2026-07-09T00:05:22.671176,2026-07-09T00:05:22.682807+00:00,135.2,44,ask,DiligentDonuts,CostlyCorianders,12849487
2026-07-09T00:05:22.949706,2026-07-09T00:05:22.958624+00:00,135.7,3,bid,Xuanyu Liu,EarnestEspressos,12849489
2026-07-09T00:05:24.413557,2026-07-09T00:05:24.425881+00:00,135.7,100,bid,DiligentDonuts,EarnestEspressos,12849515
2026-07-09T00:05:24.807440,2026-07-09T00:05:24.816701+00:00,135.7,47,bid,FlawlessFlatbreads,EarnestEspressos,12849522
2026-07-09T00:05:24.807440,2026-07-09T00:05:24.816701+00:00,136.4,3,bid,FlawlessFlatbreads,DiligentDonuts,12849523
2026-07-09T00:05:26.060392,2026-07-09T00:05:26.069035+00:00,136.0,3,ask,EarnestEspressos,Xuanyu Liu,12849547
2026-07-09T00:05:26.917746,2026-07-09T00:05:26.927483+00:00,136.4,50,bid,FlawlessFlatbreads,DiligentDonuts,12849556
2026-07-09T00:05:27.629870,2026-07-09T00:05:27.641580+00:00,136.0,100,ask,EarnestEspressos,DiligentDonuts,12849569
2026-07-09T00:05:29.024948,2026-07-09T00:05:29.033085+00:00,136.5,50,bid,FlawlessFlatbreads,EarnestEspressos,12849595
2026-07-09T00:05:29.926573,2026-07-09T00:05:29.935838+00:00,136.0,41,ask,EarnestEspressos,CostlyCorianders,12849606
2026-07-09T00:05:31.130840,2026-07-09T00:05:31.142801+00:00,136.4,50,bid,FlawlessFlatbreads,DiligentDonuts,12849620
2026-07-09T00:05:33.290778,2026-07-09T00:05:33.302767+00:00,135.9,50,ask,DiligentDonuts,FlawlessFlatbreads,12849651
2026-07-09T00:05:35.399438,2026-07-09T00:05:35.411070+00:00,136.1,50,ask,DiligentDonuts,FlawlessFlatbreads,12849682
2026-07-09T00:05:37.506758,2026-07-09T00:05:37.515026+00:00,135.9,50,ask,EarnestEspressos,FlawlessFlatbreads,12849715
2026-07-09T00:05:38.210820,2026-07-09T00:05:38.218135+00:00,136.3,46,bid,CostlyCorianders,DiligentDonuts,12849722
2026-07-09T00:05:38.871597,2026-07-09T00:05:38.883405+00:00,135.8,41,ask,DiligentDonuts,CostlyCorianders,12849739
2026-07-09T00:05:39.085732,2026-07-09T00:05:39.093897+00:00,136.0,3,bid,Xuanyu Liu,EarnestEspressos,12849740
2026-07-09T00:05:39.632463,2026-07-09T00:05:39.644848+00:00,135.8,50,ask,DiligentDonuts,FlawlessFlatbreads,12849756
2026-07-09T00:05:41.697791,2026-07-09T00:05:41.712823+00:00,136.0,50,bid,FlawlessFlatbreads,EarnestEspressos,12849788
2026-07-09T00:05:41.927559,2026-07-09T00:05:41.936584+00:00,136.2,43,bid,CostlyCorianders,DiligentDonuts,12849796
2026-07-09T00:05:43.740341,2026-07-09T00:05:43.751924+00:00,136.4,48,bid,CostlyCorianders,EarnestEspressos,12849824
2026-07-09T00:05:43.810397,2026-07-09T00:05:43.822489+00:00,136.4,50,bid,FlawlessFlatbreads,EarnestEspressos,12849825
2026-07-09T00:05:45.939372,2026-07-09T00:05:45.951406+00:00,136.4,50,bid,FlawlessFlatbreads,DiligentDonuts,12849860
2026-07-09T00:05:46.260713,2026-07-09T00:05:46.272558+00:00,136.3,44,ask,EarnestEspressos,CostlyCorianders,12849865
2026-07-09T00:05:46.585334,2026-07-09T00:05:46.594545+00:00,136.3,3,ask,EarnestEspressos,Xuanyu Liu,12849872
2026-07-09T00:05:47.827745,2026-07-09T00:05:47.839693+00:00,136.3,42,ask,EarnestEspressos,CostlyCorianders,12849885
2026-07-09T00:05:48.047689,2026-07-09T00:05:48.058630+00:00,136.6,50,bid,FlawlessFlatbreads,DiligentDonuts,12849886
2026-07-09T00:05:48.473641,2026-07-09T00:05:48.485384+00:00,136.4,43,bid,CostlyCorianders,EarnestEspressos,12849890
2026-07-09T00:05:50.230247,2026-07-09T00:05:50.239327+00:00,136.3,50,ask,DiligentDonuts,FlawlessFlatbreads,12849919
2026-07-09T00:05:50.864781,2026-07-09T00:05:50.876526+00:00,136.4,48,bid,CostlyCorianders,EarnestEspressos,12849925
2026-07-09T00:05:52.337972,2026-07-09T00:05:52.346381+00:00,136.4,50,ask,EarnestEspressos,FlawlessFlatbreads,12849947
2026-07-09T00:05:54.475714,2026-07-09T00:05:54.487886+00:00,136.4,50,ask,EarnestEspressos,FlawlessFlatbreads,12849967
2026-07-09T00:05:55.916242,2026-07-09T00:05:55.928008+00:00,136.2,48,ask,DiligentDonuts,CostlyCorianders,12849990
2026-07-09T00:05:56.584586,2026-07-09T00:05:56.591887+00:00,136.3,50,ask,DiligentDonuts,FlawlessFlatbreads,12849997
2026-07-09T00:05:57.479734,2026-07-09T00:05:57.491504+00:00,136.3,42,ask,DiligentDonuts,CostlyCorianders,12850008
2026-07-09T00:05:58.708890,2026-07-09T00:05:58.718040+00:00,136.3,8,ask,DiligentDonuts,FlawlessFlatbreads,12850022
2026-07-09T00:05:58.708890,2026-07-09T00:05:58.718040+00:00,136.1,42,ask,EarnestEspressos,FlawlessFlatbreads,12850023
2026-07-09T00:05:59.298650,2026-07-09T00:05:59.307889+00:00,136.2,3,bid,Xuanyu Liu,DiligentDonuts,12850035
2026-07-09T00:06:02.672106,2026-07-09T00:06:02.681422+00:00,136.4,49,bid,CostlyCorianders,DiligentDonuts,12850074
2026-07-09T00:06:02.946335,2026-07-09T00:06:02.963672+00:00,136.0,50,ask,EarnestEspressos,FlawlessFlatbreads,12850080
2026-07-09T00:06:03.158460,2026-07-09T00:06:03.169020+00:00,136.0,44,ask,EarnestEspressos,CostlyCorianders,12850086
2026-07-09T00:06:04.104098,2026-07-09T00:06:04.116507+00:00,136.0,14,bid,Xuanyu Liu,EarnestEspressos,12850100
2026-07-09T00:06:05.055135,2026-07-09T00:06:05.058541+00:00,135.9,50,ask,DiligentDonuts,FlawlessFlatbreads,12850114
2026-07-09T00:06:07.163978,2026-07-09T00:06:07.174506+00:00,135.9,50,ask,DiligentDonuts,FlawlessFlatbreads,12850143
2026-07-09T00:06:08.982359,2026-07-09T00:06:08.994128+00:00,136.0,47,bid,CostlyCorianders,EarnestEspressos,12850182
2026-07-09T00:06:09.271197,2026-07-09T00:06:09.280598+00:00,135.6,50,ask,EarnestEspressos,FlawlessFlatbreads,12850183
2026-07-09T00:06:11.386056,2026-07-09T00:06:11.401029+00:00,135.8,10,ask,Lachy Miller,FlawlessFlatbreads,12850217
2026-07-09T00:06:11.386056,2026-07-09T00:06:11.401029+00:00,135.6,40,ask,DiligentDonuts,FlawlessFlatbreads,12850218
2026-07-09T00:06:13.494097,2026-07-09T00:06:13.505800+00:00,135.6,10,ask,Lachy Miller,FlawlessFlatbreads,12850242
2026-07-09T00:06:13.494097,2026-07-09T00:06:13.505800+00:00,135.5,40,ask,DiligentDonuts,FlawlessFlatbreads,12850243
2026-07-09T00:06:15.188689,2026-07-09T00:06:15.195847+00:00,135.8,43,bid,CostlyCorianders,DiligentDonuts,12850276
2026-07-09T00:06:16.323265,2026-07-09T00:06:16.331817+00:00,135.8,42,bid,CostlyCorianders,DiligentDonuts,12850287
2026-07-09T00:06:17.041419,2026-07-09T00:06:17.050716+00:00,135.4,28,ask,EarnestEspressos,Lachy Miller,12850303
2026-07-09T00:06:17.161620,2026-07-09T00:06:17.171521+00:00,135.8,12,bid,Xuanyu Liu,DiligentDonuts,12850306
2026-07-09T00:06:17.659199,2026-07-09T00:06:17.671218+00:00,135.8,3,bid,FlawlessFlatbreads,DiligentDonuts,12850314
2026-07-09T00:06:17.659199,2026-07-09T00:06:17.671218+00:00,135.9,47,bid,FlawlessFlatbreads,EarnestEspressos,12850315
2026-07-09T00:06:19.053769,2026-07-09T00:06:19.065759+00:00,135.8,48,ask,DiligentDonuts,CostlyCorianders,12850337
2026-07-09T00:06:19.768230,2026-07-09T00:06:19.775089+00:00,135.9,50,bid,FlawlessFlatbreads,EarnestEspressos,12850347
2026-07-09T00:06:19.786430,2026-07-09T00:06:19.796833+00:00,135.8,12,ask,DiligentDonuts,Xuanyu Liu,12850349
2026-07-09T00:06:21.877347,2026-07-09T00:06:21.889425+00:00,135.9,50,bid,FlawlessFlatbreads,DiligentDonuts,12850392
2026-07-09T00:06:23.985083,2026-07-09T00:06:23.992629+00:00,135.9,50,bid,FlawlessFlatbreads,DiligentDonuts,12850422
2026-07-09T00:06:26.021563,2026-07-09T00:06:26.030963+00:00,135.7,45,ask,EarnestEspressos,CostlyCorianders,12850461
2026-07-09T00:06:26.092823,2026-07-09T00:06:26.103229+00:00,136.1,50,bid,FlawlessFlatbreads,DiligentDonuts,12850463
2026-07-09T00:06:26.487841,2026-07-09T00:06:26.497221+00:00,135.8,45,bid,CostlyCorianders,EarnestEspressos,12850469
2026-07-09T00:06:27.066070,2026-07-09T00:06:27.077863+00:00,135.8,48,bid,CostlyCorianders,EarnestEspressos,12850478
2026-07-09T00:06:27.121887,2026-07-09T00:06:27.129480+00:00,135.6,44,ask,DiligentDonuts,CostlyCorianders,12850481
2026-07-09T00:06:28.199534,2026-07-09T00:06:28.210668+00:00,135.8,50,bid,FlawlessFlatbreads,EarnestEspressos,12850497
2026-07-09T00:06:28.857384,2026-07-09T00:06:28.869392+00:00,135.5,48,ask,DiligentDonuts,CostlyCorianders,12850504
2026-07-09T00:06:29.352156,2026-07-09T00:06:29.364180+00:00,136.0,100,bid,EarnestEspressos,DiligentDonuts,12850507
2026-07-09T00:06:29.420694,2026-07-09T00:06:29.430090+00:00,136.0,14,ask,EarnestEspressos,Xuanyu Liu,12850509
2026-07-09T00:06:30.358937,2026-07-09T00:06:30.370801+00:00,136.0,36,ask,EarnestEspressos,FlawlessFlatbreads,12850525
2026-07-09T00:06:31.903539,2026-07-09T00:06:31.911202+00:00,135.7,48,ask,DiligentDonuts,CostlyCorianders,12850546
2026-07-09T00:06:32.421221,2026-07-09T00:06:32.430462+00:00,136.2,47,bid,CostlyCorianders,DiligentDonuts,12850556
2026-07-09T00:06:32.467902,2026-07-09T00:06:32.479251+00:00,135.7,50,ask,DiligentDonuts,FlawlessFlatbreads,12850557
2026-07-09T00:06:32.583407,2026-07-09T00:06:32.595028+00:00,135.7,2,ask,DiligentDonuts,EarnestEspressos,12850558
2026-07-09T00:06:32.899710,2026-07-09T00:06:32.908639+00:00,135.7,3,bid,Xuanyu Liu,EarnestEspressos,12850562
2026-07-09T00:06:34.464099,2026-07-09T00:06:34.473789+00:00,135.7,40,bid,CostlyCorianders,EarnestEspressos,12850592
2026-07-09T00:06:34.574719,2026-07-09T00:06:34.586368+00:00,135.6,50,ask,DiligentDonuts,FlawlessFlatbreads,12850593
2026-07-09T00:06:36.631286,2026-07-09T00:06:36.641324+00:00,135.9,50,bid,FlawlessFlatbreads,EarnestEspressos,12850618
2026-07-09T00:06:36.701094,2026-07-09T00:06:36.712913+00:00,135.6,40,ask,DiligentDonuts,CostlyCorianders,12850619
2026-07-09T00:06:39.478466,2026-07-09T00:06:39.487709+00:00,135.7,3,ask,EarnestEspressos,Xuanyu Liu,12850669
2026-07-09T00:06:40.315212,2026-07-09T00:06:40.322583+00:00,135.7,49,ask,EarnestEspressos,CostlyCorianders,12850687
2026-07-09T00:06:40.450203,2026-07-09T00:06:40.463871+00:00,135.7,98,ask,EarnestEspressos,DiligentDonuts,12850688
2026-07-09T00:06:40.843790,2026-07-09T00:06:40.855528+00:00,135.6,2,bid,FlawlessFlatbreads,DiligentDonuts,12850690
2026-07-09T00:06:40.843790,2026-07-09T00:06:40.855528+00:00,136.2,48,bid,FlawlessFlatbreads,EarnestEspressos,12850691
2026-07-09T00:06:42.953214,2026-07-09T00:06:42.958565+00:00,135.7,50,bid,FlawlessFlatbreads,EarnestEspressos,12850733
2026-07-09T00:06:48.261219,2026-07-09T00:06:48.273005+00:00,135.8,47,bid,CostlyCorianders,EarnestEspressos,12850797
2026-07-09T00:06:49.322171,2026-07-09T00:06:49.328963+00:00,135.4,50,ask,EarnestEspressos,FlawlessFlatbreads,12850812
2026-07-09T00:06:49.339501,2026-07-09T00:06:49.349998+00:00,135.4,40,ask,EarnestEspressos,CostlyCorianders,12850813
2026-07-09T00:06:50.822790,2026-07-09T00:06:50.834767+00:00,135.8,44,bid,CostlyCorianders,DiligentDonuts,12850829
2026-07-09T00:06:51.378865,2026-07-09T00:06:51.389663+00:00,135.8,50,bid,FlawlessFlatbreads,DiligentDonuts,12850835
2026-07-09T00:06:53.045018,2026-07-09T00:06:53.054975+00:00,135.6,100,bid,DiligentDonuts,EarnestEspressos,12850855
2026-07-09T00:06:53.486630,2026-07-09T00:06:53.494710+00:00,135.6,50,bid,FlawlessFlatbreads,EarnestEspressos,12850864
2026-07-09T00:06:55.691101,2026-07-09T00:06:55.702849+00:00,135.7,42,ask,EarnestEspressos,CostlyCorianders,12850893
2026-07-09T00:06:57.322741,2026-07-09T00:06:57.334645+00:00,136.2,45,bid,CostlyCorianders,EarnestEspressos,12850937
2026-07-09T00:06:57.709552,2026-07-09T00:06:57.721254+00:00,136.2,50,bid,FlawlessFlatbreads,EarnestEspressos,12850940
2026-07-09T00:06:57.842805,2026-07-09T00:06:57.850639+00:00,136.0,14,ask,EarnestEspressos,Xuanyu Liu,12850942
2026-07-09T00:06:58.453946,2026-07-09T00:06:58.458558+00:00,136.0,41,ask,EarnestEspressos,CostlyCorianders,12850955
2026-07-09T00:06:59.426263,2026-07-09T00:06:59.438012+00:00,136.0,95,ask,EarnestEspressos,DiligentDonuts,12850965
2026-07-09T00:06:59.439313,2026-07-09T00:06:59.448660+00:00,136.0,5,bid,Xuanyu Liu,DiligentDonuts,12850966
2026-07-09T00:06:59.912827,2026-07-09T00:06:59.922747+00:00,136.5,47,bid,CostlyCorianders,EarnestEspressos,12850986
2026-07-09T00:07:01.917826,2026-07-09T00:07:01.929636+00:00,136.1,50,bid,FlawlessFlatbreads,EarnestEspressos,12851000
2026-07-09T00:07:03.271544,2026-07-09T00:07:03.285144+00:00,135.8,41,ask,DiligentDonuts,CostlyCorianders,12851015
2026-07-09T00:07:04.026250,2026-07-09T00:07:04.037914+00:00,136.1,50,bid,FlawlessFlatbreads,EarnestEspressos,12851027
2026-07-09T00:07:06.084640,2026-07-09T00:07:06.093195+00:00,136.2,42,bid,CostlyCorianders,DiligentDonuts,12851048
2026-07-09T00:07:06.185636,2026-07-09T00:07:06.197596+00:00,136.0,50,ask,EarnestEspressos,FlawlessFlatbreads,12851049
2026-07-09T00:07:06.577592,2026-07-09T00:07:06.589416+00:00,136.0,43,ask,EarnestEspressos,CostlyCorianders,12851058
2026-07-09T00:07:07.064625,2026-07-09T00:07:07.072955+00:00,136.2,40,bid,CostlyCorianders,DiligentDonuts,12851065
2026-07-09T00:07:07.723890,2026-07-09T00:07:07.740541+00:00,136.1,8,bid,CostlyCorianders,Lachy Miller,12851077
2026-07-09T00:07:07.723890,2026-07-09T00:07:07.745746+00:00,136.2,18,bid,CostlyCorianders,DiligentDonuts,12851078
2026-07-09T00:07:07.723890,2026-07-09T00:07:07.745746+00:00,136.2,14,bid,CostlyCorianders,EarnestEspressos,12851079
2026-07-09T00:07:07.783819,2026-07-09T00:07:07.793097+00:00,135.8,8,ask,Lachy Miller,CostlyCorianders,12851080
2026-07-09T00:07:07.783819,2026-07-09T00:07:07.798254+00:00,135.7,34,ask,DiligentDonuts,CostlyCorianders,12851081
2026-07-09T00:07:08.319119,2026-07-09T00:07:08.327549+00:00,135.8,8,ask,Lachy Miller,FlawlessFlatbreads,12851088
2026-07-09T00:07:08.319119,2026-07-09T00:07:08.332526+00:00,135.7,42,ask,DiligentDonuts,FlawlessFlatbreads,12851089
2026-07-09T00:07:09.920659,2026-07-09T00:07:09.931317+00:00,135.8,8,ask,Lachy Miller,CostlyCorianders,12851116
2026-07-09T00:07:09.920659,2026-07-09T00:07:09.931317+00:00,135.7,37,ask,EarnestEspressos,CostlyCorianders,12851117
2026-07-09T00:07:10.176111,2026-07-09T00:07:10.189377+00:00,136.1,6,bid,Xuanyu Liu,Lachy Miller,12851121
2026-07-09T00:07:12.534347,2026-07-09T00:07:12.546209+00:00,135.8,50,ask,DiligentDonuts,FlawlessFlatbreads,12851152
2026-07-09T00:07:12.604837,2026-07-09T00:07:12.613085+00:00,136.1,8,bid,CostlyCorianders,Lachy Miller,12851153
2026-07-09T00:07:12.604837,2026-07-09T00:07:12.613085+00:00,136.2,36,bid,CostlyCorianders,EarnestEspressos,12851154
2026-07-09T00:07:13.610927,2026-07-09T00:07:13.619544+00:00,136.1,3,bid,Xuanyu Liu,Lachy Miller,12851170
2026-07-09T00:07:14.019372,2026-07-09T00:07:14.031359+00:00,136.0,8,ask,Lachy Miller,CostlyCorianders,12851176
2026-07-09T00:07:14.019372,2026-07-09T00:07:14.031359+00:00,135.9,32,ask,EarnestEspressos,CostlyCorianders,12851177
2026-07-09T00:07:14.641360,2026-07-09T00:07:14.649811+00:00,135.9,50,ask,EarnestEspressos,FlawlessFlatbreads,12851189
2026-07-09T00:07:16.749786,2026-07-09T00:07:16.756275+00:00,135.9,50,ask,EarnestEspressos,FlawlessFlatbreads,12851228
2026-07-09T00:07:18.858598,2026-07-09T00:07:18.870136+00:00,135.5,50,ask,DiligentDonuts,FlawlessFlatbreads,12851254
2026-07-09T00:07:19.834132,2026-07-09T00:07:19.841760+00:00,135.8,49,bid,CostlyCorianders,EarnestEspressos,12851278
2026-07-09T00:07:20.467893,2026-07-09T00:07:20.479981+00:00,135.5,42,ask,DiligentDonuts,CostlyCorianders,12851286
2026-07-09T00:07:20.964990,2026-07-09T00:07:20.974098+00:00,135.5,8,ask,DiligentDonuts,FlawlessFlatbreads,12851297
2026-07-09T00:07:20.964990,2026-07-09T00:07:20.974098+00:00,135.4,8,ask,Lachy Miller,FlawlessFlatbreads,12851298
2026-07-09T00:07:20.964990,2026-07-09T00:07:20.979341+00:00,135.2,34,ask,EarnestEspressos,FlawlessFlatbreads,12851299
2026-07-09T00:07:23.075346,2026-07-09T00:07:23.084589+00:00,135.2,50,ask,EarnestEspressos,FlawlessFlatbreads,12851330
2026-07-09T00:07:23.502541,2026-07-09T00:07:23.511538+00:00,135.2,3,bid,Xuanyu Liu,EarnestEspressos,12851341
2026-07-09T00:07:25.181466,2026-07-09T00:07:25.193414+00:00,134.9,50,ask,DiligentDonuts,FlawlessFlatbreads,12851360
2026-07-09T00:07:27.201368,2026-07-09T00:07:27.210123+00:00,135.1,44,bid,CostlyCorianders,EarnestEspressos,12851390
2026-07-09T00:07:27.289754,2026-07-09T00:07:27.301853+00:00,134.9,50,ask,DiligentDonuts,FlawlessFlatbreads,12851393
2026-07-09T00:07:27.902917,2026-07-09T00:07:27.914665+00:00,135.0,11,bid,Xuanyu Liu,DiligentDonuts,12851397
2026-07-09T00:07:28.382252,2026-07-09T00:07:28.394625+00:00,135.0,40,bid,CostlyCorianders,DiligentDonuts,12851402
2026-07-09T00:07:29.398612,2026-07-09T00:07:29.405925+00:00,134.6,50,ask,EarnestEspressos,FlawlessFlatbreads,12851414
2026-07-09T00:07:29.963045,2026-07-09T00:07:29.973563+00:00,134.6,43,ask,EarnestEspressos,CostlyCorianders,12851422
2026-07-09T00:07:30.765057,2026-07-09T00:07:30.774066+00:00,135.0,12,bid,Xuanyu Liu,DiligentDonuts,12851434
2026-07-09T00:07:31.506294,2026-07-09T00:07:31.518633+00:00,134.8,50,ask,DiligentDonuts,FlawlessFlatbreads,12851445
2026-07-09T00:07:31.829099,2026-07-09T00:07:31.840696+00:00,135.1,45,bid,CostlyCorianders,EarnestEspressos,12851447
2026-07-09T00:07:32.878214,2026-07-09T00:07:32.889956+00:00,134.8,48,ask,DiligentDonuts,CostlyCorianders,12851465
2026-07-09T00:07:33.616423,2026-07-09T00:07:33.628824+00:00,134.8,2,ask,DiligentDonuts,FlawlessFlatbreads,12851471
2026-07-09T00:07:33.616423,2026-07-09T00:07:33.628824+00:00,134.7,8,ask,Lachy Miller,FlawlessFlatbreads,12851472
2026-07-09T00:07:33.616423,2026-07-09T00:07:33.628824+00:00,134.4,40,ask,EarnestEspressos,FlawlessFlatbreads,12851473
2026-07-09T00:07:35.726425,2026-07-09T00:07:35.734720+00:00,134.4,50,ask,EarnestEspressos,FlawlessFlatbreads,12851494
2026-07-09T00:07:35.893128,2026-07-09T00:07:35.907797+00:00,134.5,11,bid,Xuanyu Liu,EarnestEspressos,12851500
2026-07-09T00:07:35.929542,2026-07-09T00:07:35.938960+00:00,134.5,34,bid,Xuanyu Liu,EarnestEspressos,12851506
2026-07-09T00:07:37.439098,2026-07-09T00:07:37.451161+00:00,134.5,45,bid,CostlyCorianders,EarnestEspressos,12851520
2026-07-09T00:07:37.834911,2026-07-09T00:07:37.846642+00:00,134.1,50,ask,DiligentDonuts,FlawlessFlatbreads,12851534
2026-07-09T00:07:37.950099,2026-07-09T00:07:37.957980+00:00,134.5,47,bid,CostlyCorianders,EarnestEspressos,12851537
2026-07-09T00:07:39.002253,2026-07-09T00:07:39.014661+00:00,134.5,8,bid,EarnestEspressos,Lachy Miller,12851550
2026-07-09T00:07:39.002253,2026-07-09T00:07:39.014661+00:00,134.6,100,bid,EarnestEspressos,DiligentDonuts,12851551
2026-07-09T00:07:39.072741,2026-07-09T00:07:39.084565+00:00,134.6,22,ask,EarnestEspressos,Xuanyu Liu,12851553
2026-07-09T00:07:39.859476,2026-07-09T00:07:39.869757+00:00,134.6,20,ask,EarnestEspressos,Xuanyu Liu,12851567
2026-07-09T00:07:39.859476,2026-07-09T00:07:39.869757+00:00,134.6,3,ask,Lachy Miller,Xuanyu Liu,12851568
2026-07-09T00:07:39.906636,2026-07-09T00:07:39.916962+00:00,134.3,8,ask,Lachy Miller,CostlyCorianders,12851570
2026-07-09T00:07:39.906636,2026-07-09T00:07:39.916962+00:00,134.1,35,ask,DiligentDonuts,CostlyCorianders,12851571
2026-07-09T00:07:41.170554,2026-07-09T00:07:41.181319+00:00,134.5,23,bid,Xuanyu Liu,DiligentDonuts,12851583
2026-07-09T00:07:42.049557,2026-07-09T00:07:42.058588+00:00,134.0,50,ask,DiligentDonuts,FlawlessFlatbreads,12851598
2026-07-09T00:07:43.558846,2026-07-09T00:07:43.570602+00:00,134.5,43,bid,CostlyCorianders,DiligentDonuts,12851611
2026-07-09T00:07:44.106419,2026-07-09T00:07:44.118410+00:00,134.5,50,bid,FlawlessFlatbreads,EarnestEspressos,12851621
2026-07-09T00:07:45.673263,2026-07-09T00:07:45.682957+00:00,134.2,46,ask,DiligentDonuts,CostlyCorianders,12851649
2026-07-09T00:07:46.265043,2026-07-09T00:07:46.275301+00:00,134.2,50,ask,DiligentDonuts,FlawlessFlatbreads,12851656
2026-07-09T00:07:46.326757,2026-07-09T00:07:46.338631+00:00,134.2,4,ask,DiligentDonuts,CostlyCorianders,12851657
2026-07-09T00:07:46.326757,2026-07-09T00:07:46.338631+00:00,134.2,36,ask,EarnestEspressos,CostlyCorianders,12851658
2026-07-09T00:07:48.370702,2026-07-09T00:07:48.382569+00:00,134.2,50,ask,EarnestEspressos,FlawlessFlatbreads,12851685
2026-07-09T00:07:48.493187,2026-07-09T00:07:48.504709+00:00,134.5,49,bid,CostlyCorianders,DiligentDonuts,12851686
2026-07-09T00:07:48.561456,2026-07-09T00:07:48.571222+00:00,134.4,11,bid,Xuanyu Liu,EarnestEspressos,12851691
2026-07-09T00:07:49.466526,2026-07-09T00:07:49.478555+00:00,134.4,40,bid,CostlyCorianders,EarnestEspressos,12851701
2026-07-09T00:07:49.521418,2026-07-09T00:07:49.532269+00:00,134.0,40,ask,DiligentDonuts,CostlyCorianders,12851702
2026-07-09T00:07:50.139360,2026-07-09T00:07:50.150458+00:00,134.4,46,bid,CostlyCorianders,EarnestEspressos,12851717
2026-07-09T00:07:50.193646,2026-07-09T00:07:50.205532+00:00,133.9,49,ask,EarnestEspressos,CostlyCorianders,12851719
2026-07-09T00:07:52.539365,2026-07-09T00:07:52.549100+00:00,134.4,50,bid,FlawlessFlatbreads,EarnestEspressos,12851757
2026-07-09T00:07:53.317242,2026-07-09T00:07:53.329018+00:00,134.5,8,bid,CostlyCorianders,Lachy Miller,12851764
2026-07-09T00:07:53.317242,2026-07-09T00:07:53.329018+00:00,134.6,32,bid,CostlyCorianders,EarnestEspressos,12851765
2026-07-09T00:07:54.645899,2026-07-09T00:07:54.655205+00:00,134.5,8,bid,FlawlessFlatbreads,Lachy Miller,12851792
2026-07-09T00:07:54.645899,2026-07-09T00:07:54.655205+00:00,134.6,42,bid,FlawlessFlatbreads,EarnestEspressos,12851793
2026-07-09T00:07:56.776080,2026-07-09T00:07:56.784337+00:00,134.5,50,bid,FlawlessFlatbreads,EarnestEspressos,12851818
2026-07-09T00:07:57.988753,2026-07-09T00:07:57.996172+00:00,134.6,100,bid,EarnestEspressos,DiligentDonuts,12851836
2026-07-09T00:07:58.003894,2026-07-09T00:07:58.011688+00:00,134.6,8,ask,EarnestEspressos,Lachy Miller,12851837
2026-07-09T00:07:58.064925,2026-07-09T00:07:58.075251+00:00,134.6,23,ask,EarnestEspressos,Xuanyu Liu,12851838
2026-07-09T00:07:58.591989,2026-07-09T00:07:58.608592+00:00,134.6,11,ask,EarnestEspressos,Xuanyu Liu,12851854
2026-07-09T00:07:58.891807,2026-07-09T00:07:58.903464+00:00,135.1,50,bid,FlawlessFlatbreads,EarnestEspressos,12851865
2026-07-09T00:07:59.563957,2026-07-09T00:07:59.571561+00:00,134.6,8,ask,EarnestEspressos,DiligentDonuts,12851877
2026-07-09T00:07:59.577628,2026-07-09T00:07:59.585810+00:00,134.4,45,bid,Xuanyu Liu,DiligentDonuts,12851878
2026-07-09T00:08:01.024624,2026-07-09T00:08:01.031787+00:00,134.4,47,bid,FlawlessFlatbreads,DiligentDonuts,12851904
2026-07-09T00:08:01.024624,2026-07-09T00:08:01.037012+00:00,135.1,3,bid,FlawlessFlatbreads,EarnestEspressos,12851905
2026-07-09T00:08:02.682379,2026-07-09T00:08:02.693719+00:00,134.3,34,ask,DiligentDonuts,Xuanyu Liu,12851927
2026-07-09T00:08:02.841758,2026-07-09T00:08:02.852308+00:00,134.3,11,ask,DiligentDonuts,Xuanyu Liu,12851931
2026-07-09T00:08:03.140700,2026-07-09T00:08:03.152455+00:00,134.4,50,bid,FlawlessFlatbreads,EarnestEspressos,12851937
2026-07-09T00:08:03.459920,2026-07-09T00:08:03.471088+00:00,134.4,11,bid,Xuanyu Liu,EarnestEspressos,12851941
2026-07-09T00:08:03.564840,2026-07-09T00:08:03.572008+00:00,134.3,2,ask,DiligentDonuts,Lachy Miller,12851947
2026-07-09T00:08:04.035940,2026-07-09T00:08:04.046821+00:00,134.3,11,ask,DiligentDonuts,Xuanyu Liu,12851968
2026-07-09T00:08:05.101740,2026-07-09T00:08:05.111269+00:00,134.3,42,ask,DiligentDonuts,CostlyCorianders,12851986
2026-07-09T00:08:05.249943,2026-07-09T00:08:05.259851+00:00,134.6,50,bid,FlawlessFlatbreads,EarnestEspressos,12851988
2026-07-09T00:08:06.171620,2026-07-09T00:08:06.178898+00:00,134.1,49,ask,EarnestEspressos,CostlyCorianders,12852005
2026-07-09T00:08:07.266818,2026-07-09T00:08:07.275040+00:00,134.1,47,ask,EarnestEspressos,CostlyCorianders,12852019
2026-07-09T00:08:07.366625,2026-07-09T00:08:07.376383+00:00,134.4,50,bid,FlawlessFlatbreads,DiligentDonuts,12852021
2026-07-09T00:08:09.100944,2026-07-09T00:08:09.112845+00:00,134.4,49,bid,CostlyCorianders,EarnestEspressos,12852043
2026-07-09T00:08:09.483686,2026-07-09T00:08:09.496280+00:00,134.4,50,bid,FlawlessFlatbreads,EarnestEspressos,12852054
2026-07-09T00:08:10.605908,2026-07-09T00:08:10.617610+00:00,134.4,41,bid,CostlyCorianders,DiligentDonuts,12852074
2026-07-09T00:08:10.690724,2026-07-09T00:08:10.707369+00:00,134.2,12,ask,EarnestEspressos,Xuanyu Liu,12852078
2026-07-09T00:08:11.327537,2026-07-09T00:08:11.338493+00:00,134.2,11,ask,EarnestEspressos,Xuanyu Liu,12852085
2026-07-09T00:08:11.591182,2026-07-09T00:08:11.602900+00:00,134.4,50,bid,FlawlessFlatbreads,DiligentDonuts,12852094
2026-07-09T00:08:12.639218,2026-07-09T00:08:12.648204+00:00,134.2,3,ask,EarnestEspressos,Xuanyu Liu,12852104
2026-07-09T00:08:13.725832,2026-07-09T00:08:13.737824+00:00,134.6,50,bid,FlawlessFlatbreads,DiligentDonuts,12852120
2026-07-09T00:08:15.450224,2026-07-09T00:08:15.456861+00:00,134.1,40,ask,DiligentDonuts,CostlyCorianders,12852141
2026-07-09T00:08:15.832909,2026-07-09T00:08:15.844631+00:00,134.2,50,bid,FlawlessFlatbreads,EarnestEspressos,12852149
2026-07-09T00:08:17.948179,2026-07-09T00:08:17.954159+00:00,134.3,50,bid,FlawlessFlatbreads,EarnestEspressos,12852182
2026-07-09T00:08:20.067516,2026-07-09T00:08:20.079629+00:00,134.3,50,bid,FlawlessFlatbreads,EarnestEspressos,12852208
2026-07-09T00:08:22.257955,2026-07-09T00:08:22.269791+00:00,134.2,50,ask,EarnestEspressos,FlawlessFlatbreads,12852242
2026-07-09T00:08:23.806289,2026-07-09T00:08:23.818084+00:00,134.2,48,ask,EarnestEspressos,CostlyCorianders,12852264
2026-07-09T00:08:24.366939,2026-07-09T00:08:24.378996+00:00,134.2,50,ask,EarnestEspressos,FlawlessFlatbreads,12852278
2026-07-09T00:08:26.451396,2026-07-09T00:08:26.455521+00:00,134.5,46,bid,CostlyCorianders,DiligentDonuts,12852307
2026-07-09T00:08:26.504959,2026-07-09T00:08:26.517025+00:00,134.0,50,ask,DiligentDonuts,FlawlessFlatbreads,12852309
2026-07-09T00:08:28.560658,2026-07-09T00:08:28.572914+00:00,134.4,50,bid,FlawlessFlatbreads,EarnestEspressos,12852332
2026-07-09T00:08:30.668996,2026-07-09T00:08:30.681081+00:00,134.5,50,bid,FlawlessFlatbreads,DiligentDonuts,12852363
2026-07-09T00:08:32.660188,2026-07-09T00:08:32.669121+00:00,134.0,41,ask,EarnestEspressos,CostlyCorianders,12852390
2026-07-09T00:08:32.777483,2026-07-09T00:08:32.787164+00:00,134.5,50,bid,FlawlessFlatbreads,DiligentDonuts,12852391
2026-07-09T00:08:33.288644,2026-07-09T00:08:33.300636+00:00,134.3,40,bid,CostlyCorianders,EarnestEspressos,12852401
2026-07-09T00:08:34.323297,2026-07-09T00:08:34.330973+00:00,134.3,100,bid,DiligentDonuts,EarnestEspressos,12852417
2026-07-09T00:08:34.884929,2026-07-09T00:08:34.896893+00:00,134.3,10,bid,FlawlessFlatbreads,EarnestEspressos,12852425
2026-07-09T00:08:34.884929,2026-07-09T00:08:34.896893+00:00,134.9,40,bid,FlawlessFlatbreads,DiligentDonuts,12852426
2026-07-09T00:08:36.995833,2026-07-09T00:08:37.007701+00:00,134.9,50,bid,FlawlessFlatbreads,DiligentDonuts,12852458
2026-07-09T00:08:37.500942,2026-07-09T00:08:37.512616+00:00,134.5,48,ask,EarnestEspressos,CostlyCorianders,12852464
2026-07-09T00:08:37.586860,2026-07-09T00:08:37.596784+00:00,134.5,3,ask,EarnestEspressos,Xuanyu Liu,12852466
2026-07-09T00:08:38.453459,2026-07-09T00:08:38.458577+00:00,134.8,47,bid,CostlyCorianders,DiligentDonuts,12852484
2026-07-09T00:08:38.507730,2026-07-09T00:08:38.517339+00:00,134.5,41,ask,EarnestEspressos,CostlyCorianders,12852487
2026-07-09T00:08:39.102560,2026-07-09T00:08:39.114399+00:00,134.8,50,bid,FlawlessFlatbreads,DiligentDonuts,12852495
2026-07-09T00:08:39.577147,2026-07-09T00:08:39.585310+00:00,134.6,42,bid,CostlyCorianders,EarnestEspressos,12852505
2026-07-09T00:08:40.050065,2026-07-09T00:08:40.060093+00:00,134.3,41,ask,DiligentDonuts,CostlyCorianders,12852517
2026-07-09T00:08:40.649310,2026-07-09T00:08:40.663595+00:00,134.6,100,bid,DiligentDonuts,EarnestEspressos,12852525
2026-07-09T00:08:41.230949,2026-07-09T00:08:41.238452+00:00,134.6,8,bid,FlawlessFlatbreads,EarnestEspressos,12852543
2026-07-09T00:08:41.230949,2026-07-09T00:08:41.243734+00:00,135.1,42,bid,FlawlessFlatbreads,DiligentDonuts,12852544
2026-07-09T00:08:41.657872,2026-07-09T00:08:41.669634+00:00,135.1,47,bid,CostlyCorianders,DiligentDonuts,12852552
2026-07-09T00:08:42.296685,2026-07-09T00:08:42.306320+00:00,134.9,11,ask,EarnestEspressos,Xuanyu Liu,12852564
2026-07-09T00:08:42.313434,2026-07-09T00:08:42.321591+00:00,134.9,42,ask,EarnestEspressos,CostlyCorianders,12852566
2026-07-09T00:08:42.906949,2026-07-09T00:08:42.916804+00:00,134.9,41,ask,EarnestEspressos,CostlyCorianders,12852569
2026-07-09T00:08:43.420701,2026-07-09T00:08:43.429770+00:00,134.9,50,ask,EarnestEspressos,FlawlessFlatbreads,12852576
2026-07-09T00:08:44.169857,2026-07-09T00:08:44.180618+00:00,134.9,6,ask,EarnestEspressos,Xuanyu Liu,12852592
2026-07-09T00:08:45.478226,2026-07-09T00:08:45.488382+00:00,135.1,50,bid,FlawlessFlatbreads,DiligentDonuts,12852605
2026-07-09T00:08:45.499189,2026-07-09T00:08:45.505742+00:00,134.6,100,ask,DiligentDonuts,EarnestEspressos,12852608
2026-07-09T00:08:45.512152,2026-07-09T00:08:45.520911+00:00,134.6,6,bid,Xuanyu Liu,EarnestEspressos,12852609
2026-07-09T00:08:47.585611,2026-07-09T00:08:47.598071+00:00,134.6,44,bid,FlawlessFlatbreads,EarnestEspressos,12852633
2026-07-09T00:08:47.585611,2026-07-09T00:08:47.598071+00:00,134.9,6,bid,FlawlessFlatbreads,DiligentDonuts,12852634
2026-07-09T00:08:49.695586,2026-07-09T00:08:49.707343+00:00,134.9,50,bid,FlawlessFlatbreads,DiligentDonuts,12852651
2026-07-09T00:08:51.802436,2026-07-09T00:08:51.814506+00:00,135.1,50,bid,FlawlessFlatbreads,DiligentDonuts,12852674
2026-07-09T00:08:53.333262,2026-07-09T00:08:53.342117+00:00,134.9,12,ask,EarnestEspressos,Xuanyu Liu,12852689
2026-07-09T00:08:53.962752,2026-07-09T00:08:53.975219+00:00,134.9,50,ask,EarnestEspressos,FlawlessFlatbreads,12852702
2026-07-09T00:08:53.970105,2026-07-09T00:08:53.980406+00:00,135.3,43,bid,CostlyCorianders,DiligentDonuts,12852703
2026-07-09T00:08:54.023888,2026-07-09T00:08:54.034734+00:00,134.9,44,ask,EarnestEspressos,CostlyCorianders,12852704
2026-07-09T00:08:55.078396,2026-07-09T00:08:55.090144+00:00,135.0,41,bid,CostlyCorianders,EarnestEspressos,12852719
2026-07-09T00:08:56.019418,2026-07-09T00:08:56.028762+00:00,135.0,50,bid,FlawlessFlatbreads,EarnestEspressos,12852731
2026-07-09T00:08:56.557823,2026-07-09T00:08:56.569763+00:00,135.0,41,bid,CostlyCorianders,EarnestEspressos,12852740
2026-07-09T00:08:57.616376,2026-07-09T00:08:57.628053+00:00,134.9,47,ask,DiligentDonuts,CostlyCorianders,12852762
2026-07-09T00:08:58.127594,2026-07-09T00:08:58.139573+00:00,135.4,50,bid,FlawlessFlatbreads,DiligentDonuts,12852776
2026-07-09T00:09:00.233375,2026-07-09T00:09:00.241595+00:00,135.4,50,bid,FlawlessFlatbreads,EarnestEspressos,12852801
2026-07-09T00:09:00.291638,2026-07-09T00:09:00.299227+00:00,135.1,47,ask,DiligentDonuts,CostlyCorianders,12852802
2026-07-09T00:09:00.946878,2026-07-09T00:09:00.958614+00:00,135.4,49,bid,CostlyCorianders,EarnestEspressos,12852812
2026-07-09T00:09:01.279117,2026-07-09T00:09:01.291435+00:00,135.5,45,ask,EarnestEspressos,Xuanyu Liu,12852815
2026-07-09T00:09:02.396670,2026-07-09T00:09:02.405605+00:00,135.5,50,ask,EarnestEspressos,FlawlessFlatbreads,12852842
2026-07-09T00:09:02.522937,2026-07-09T00:09:02.532666+00:00,135.5,12,ask,EarnestEspressos,Xuanyu Liu,12852845
2026-07-09T00:09:03.073018,2026-07-09T00:09:03.085206+00:00,134.8,46,ask,DiligentDonuts,CostlyCorianders,12852855
2026-07-09T00:09:03.832176,2026-07-09T00:09:03.842107+00:00,135.3,34,bid,Xuanyu Liu,DiligentDonuts,12852868
2026-07-09T00:09:04.453336,2026-07-09T00:09:04.454384+00:00,135.3,23,bid,FlawlessFlatbreads,DiligentDonuts,12852880
2026-07-09T00:09:05.116578,2026-07-09T00:09:05.126799+00:00,135.5,42,bid,CostlyCorianders,EarnestEspressos,12852886
2026-07-09T00:09:06.560847,2026-07-09T00:09:06.572845+00:00,135.5,50,bid,FlawlessFlatbreads,EarnestEspressos,12852906
2026-07-09T00:09:07.776190,2026-07-09T00:09:07.785217+00:00,135.4,11,ask,EarnestEspressos,Xuanyu Liu,12852925
2026-07-09T00:09:08.143342,2026-07-09T00:09:08.152840+00:00,135.4,41,ask,EarnestEspressos,CostlyCorianders,12852931
2026-07-09T00:09:08.666792,2026-07-09T00:09:08.675045+00:00,135.7,50,bid,FlawlessFlatbreads,DiligentDonuts,12852943
2026-07-09T00:09:09.598137,2026-07-09T00:09:09.609974+00:00,135.9,45,bid,CostlyCorianders,EarnestEspressos,12852960
2026-07-09T00:09:10.773196,2026-07-09T00:09:10.781537+00:00,135.9,50,bid,FlawlessFlatbreads,DiligentDonuts,12852973
2026-07-09T00:09:11.335627,2026-07-09T00:09:11.345571+00:00,135.4,11,ask,DiligentDonuts,Xuanyu Liu,12852977
2026-07-09T00:09:12.563166,2026-07-09T00:09:12.575247+00:00,135.2,42,ask,EarnestEspressos,CostlyCorianders,12852998
2026-07-09T00:09:13.209371,2026-07-09T00:09:13.221392+00:00,135.2,47,ask,EarnestEspressos,CostlyCorianders,12853006
2026-07-09T00:09:13.978536,2026-07-09T00:09:13.986183+00:00,135.2,100,ask,DiligentDonuts,EarnestEspressos,12853020
2026-07-09T00:09:14.926749,2026-07-09T00:09:14.937025+00:00,135.1,43,bid,CostlyCorianders,EarnestEspressos,12853026
2026-07-09T00:09:16.863921,2026-07-09T00:09:16.871906+00:00,135.1,7,bid,CostlyCorianders,EarnestEspressos,12853052
2026-07-09T00:09:16.863921,2026-07-09T00:09:16.877197+00:00,135.3,42,bid,CostlyCorianders,DiligentDonuts,12853053
2026-07-09T00:09:16.920644,2026-07-09T00:09:16.929504+00:00,134.8,43,ask,DiligentDonuts,CostlyCorianders,12853055
2026-07-09T00:09:17.385144,2026-07-09T00:09:17.394112+00:00,135.1,49,ask,EarnestEspressos,CostlyCorianders,12853059
2026-07-09T00:09:18.284154,2026-07-09T00:09:18.295966+00:00,135.1,12,ask,EarnestEspressos,Xuanyu Liu,12853074
2026-07-09T00:09:18.693267,2026-07-09T00:09:18.705051+00:00,135.1,89,ask,EarnestEspressos,DiligentDonuts,12853082
2026-07-09T00:09:19.247519,2026-07-09T00:09:19.247391+00:00,134.5,50,ask,DiligentDonuts,FlawlessFlatbreads,12853091
2026-07-09T00:09:20.381915,2026-07-09T00:09:20.397867+00:00,134.9,12,bid,Xuanyu Liu,EarnestEspressos,12853110
2026-07-09T00:09:21.354813,2026-07-09T00:09:21.366632+00:00,134.5,50,ask,DiligentDonuts,FlawlessFlatbreads,12853119
2026-07-09T00:09:22.209295,2026-07-09T00:09:22.218053+00:00,134.9,11,bid,Xuanyu Liu,EarnestEspressos,12853128
2026-07-09T00:09:22.231076,2026-07-09T00:09:22.240481+00:00,134.9,45,bid,CostlyCorianders,EarnestEspressos,12853130
2026-07-09T00:09:23.462397,2026-07-09T00:09:23.472130+00:00,134.8,50,ask,EarnestEspressos,FlawlessFlatbreads,12853146
2026-07-09T00:09:23.716758,2026-07-09T00:09:23.728163+00:00,135.1,46,bid,CostlyCorianders,DiligentDonuts,12853151
2026-07-09T00:09:26.453606,2026-07-09T00:09:26.458608+00:00,134.9,42,ask,DiligentDonuts,CostlyCorianders,12853199
2026-07-09T00:09:27.701856,2026-07-09T00:09:27.713683+00:00,134.9,50,ask,DiligentDonuts,FlawlessFlatbreads,12853211
2026-07-09T00:09:28.862833,2026-07-09T00:09:28.880324+00:00,135.1,43,bid,CostlyCorianders,DiligentDonuts,12853231
2026-07-09T00:09:29.422779,2026-07-09T00:09:29.434734+00:00,134.9,45,ask,EarnestEspressos,CostlyCorianders,12853245
2026-07-09T00:09:29.810633,2026-07-09T00:09:29.820194+00:00,134.6,50,ask,DiligentDonuts,FlawlessFlatbreads,12853253
2026-07-09T00:09:30.081018,2026-07-09T00:09:30.089975+00:00,135.0,11,bid,Xuanyu Liu,EarnestEspressos,12853255
2026-07-09T00:09:31.581120,2026-07-09T00:09:31.592848+00:00,135.0,47,bid,CostlyCorianders,EarnestEspressos,12853284
2026-07-09T00:09:31.920684,2026-07-09T00:09:31.929516+00:00,134.7,50,ask,DiligentDonuts,FlawlessFlatbreads,12853289
2026-07-09T00:09:34.025877,2026-07-09T00:09:34.037867+00:00,134.8,50,ask,EarnestEspressos,FlawlessFlatbreads,12853326
2026-07-09T00:09:35.056334,2026-07-09T00:09:35.058152+00:00,134.8,47,ask,EarnestEspressos,CostlyCorianders,12853347
2026-07-09T00:09:35.318248,2026-07-09T00:09:35.326585+00:00,135.0,23,bid,Xuanyu Liu,DiligentDonuts,12853354
2026-07-09T00:09:36.139959,2026-07-09T00:09:36.151741+00:00,134.8,50,ask,EarnestEspressos,FlawlessFlatbreads,12853362
2026-07-09T00:09:38.250389,2026-07-09T00:09:38.257234+00:00,134.8,50,ask,EarnestEspressos,FlawlessFlatbreads,12853388
2026-07-09T00:09:39.306658,2026-07-09T00:09:39.318255+00:00,134.7,100,ask,DiligentDonuts,EarnestEspressos,12853406
2026-07-09T00:09:39.319430,2026-07-09T00:09:39.327159+00:00,134.6,23,bid,Xuanyu Liu,EarnestEspressos,12853407
2026-07-09T00:09:40.307664,2026-07-09T00:09:40.317874+00:00,134.6,27,bid,FlawlessFlatbreads,EarnestEspressos,12853429
2026-07-09T00:09:40.307664,2026-07-09T00:09:40.317874+00:00,135.2,23,bid,FlawlessFlatbreads,DiligentDonuts,12853430
2026-07-09T00:09:42.476679,2026-07-09T00:09:42.484157+00:00,134.7,50,ask,EarnestEspressos,FlawlessFlatbreads,12853468
2026-07-09T00:09:44.532676,2026-07-09T00:09:44.544328+00:00,134.9,50,bid,FlawlessFlatbreads,DiligentDonuts,12853509
2026-07-09T00:09:46.718884,2026-07-09T00:09:46.730320+00:00,134.4,50,ask,DiligentDonuts,FlawlessFlatbreads,12853540
2026-07-09T00:09:48.835708,2026-07-09T00:09:48.849529+00:00,134.8,50,ask,EarnestEspressos,FlawlessFlatbreads,12853565
2026-07-09T00:09:49.462973,2026-07-09T00:09:49.475152+00:00,135.1,49,bid,CostlyCorianders,DiligentDonuts,12853574
2026-07-09T00:09:50.890713,2026-07-09T00:09:50.902475+00:00,135.1,50,bid,FlawlessFlatbreads,DiligentDonuts,12853580
2026-07-09T00:09:51.101196,2026-07-09T00:09:51.112417+00:00,135.1,49,bid,CostlyCorianders,DiligentDonuts,12853589
2026-07-09T00:09:52.608817,2026-07-09T00:09:52.620620+00:00,134.6,47,ask,DiligentDonuts,CostlyCorianders,12853601
2026-07-09T00:09:53.077306,2026-07-09T00:09:53.084962+00:00,134.6,50,ask,DiligentDonuts,FlawlessFlatbreads,12853606
2026-07-09T00:09:55.183310,2026-07-09T00:09:55.195247+00:00,134.6,50,ask,DiligentDonuts,FlawlessFlatbreads,12853643
2026-07-09T00:09:56.188384,2026-07-09T00:09:56.200201+00:00,134.6,47,ask,DiligentDonuts,CostlyCorianders,12853664
2026-07-09T00:09:57.290690,2026-07-09T00:09:57.303523+00:00,134.3,50,ask,EarnestEspressos,FlawlessFlatbreads,12853674
2026-07-09T00:09:59.377915,2026-07-09T00:09:59.389923+00:00,134.8,41,bid,CostlyCorianders,DiligentDonuts,12853704
2026-07-09T00:09:59.399768,2026-07-09T00:09:59.407503+00:00,134.5,50,ask,EarnestEspressos,FlawlessFlatbreads,12853705
2026-07-09T00:09:59.920239,2026-07-09T00:09:59.932013+00:00,134.5,41,ask,EarnestEspressos,CostlyCorianders,12853714
2026-07-09T00:10:01.491273,2026-07-09T00:10:01.500015+00:00,134.5,100,ask,DiligentDonuts,EarnestEspressos,12853737
2026-07-09T00:10:01.506355,2026-07-09T00:10:01.517969+00:00,134.3,6,bid,Xuanyu Liu,EarnestEspressos,12853738
2026-07-09T00:10:03.444534,2026-07-09T00:10:03.453489+00:00,134.3,11,bid,Xuanyu Liu,EarnestEspressos,12853770
2026-07-09T00:10:03.558612,2026-07-09T00:10:03.570785+00:00,134.3,33,bid,FlawlessFlatbreads,EarnestEspressos,12853775
2026-07-09T00:10:03.558612,2026-07-09T00:10:03.570785+00:00,134.7,17,bid,FlawlessFlatbreads,DiligentDonuts,12853776
2026-07-09T00:10:04.646338,2026-07-09T00:10:04.654792+00:00,134.5,11,ask,EarnestEspressos,Xuanyu Liu,12853789
2026-07-09T00:10:05.551855,2026-07-09T00:10:05.561190+00:00,134.5,3,ask,EarnestEspressos,Xuanyu Liu,12853805
2026-07-09T00:10:05.672691,2026-07-09T00:10:05.684661+00:00,134.7,50,bid,FlawlessFlatbreads,DiligentDonuts,12853807
2026-07-09T00:10:07.780457,2026-07-09T00:10:07.789174+00:00,134.9,50,bid,FlawlessFlatbreads,DiligentDonuts,12853837
2026-07-09T00:10:09.886338,2026-07-09T00:10:09.898274+00:00,134.8,50,bid,FlawlessFlatbreads,EarnestEspressos,12853860
2026-07-09T00:10:10.348444,2026-07-09T00:10:10.360472+00:00,134.8,47,bid,CostlyCorianders,EarnestEspressos,12853871
2026-07-09T00:10:11.377016,2026-07-09T00:10:11.383914+00:00,134.8,40,ask,EarnestEspressos,CostlyCorianders,12853883
2026-07-09T00:10:12.046940,2026-07-09T00:10:12.058572+00:00,134.8,50,ask,EarnestEspressos,FlawlessFlatbreads,12853897
2026-07-09T00:10:12.593647,2026-07-09T00:10:12.605825+00:00,135.3,44,bid,CostlyCorianders,EarnestEspressos,12853904
2026-07-09T00:10:14.175239,2026-07-09T00:10:14.187047+00:00,134.8,47,ask,DiligentDonuts,CostlyCorianders,12853923
2026-07-09T00:10:16.303463,2026-07-09T00:10:16.314838+00:00,135.1,44,bid,CostlyCorianders,DiligentDonuts,12853952
2026-07-09T00:10:18.365983,2026-07-09T00:10:18.377879+00:00,134.8,50,ask,EarnestEspressos,FlawlessFlatbreads,12853983
2026-07-09T00:10:20.493334,2026-07-09T00:10:20.504935+00:00,134.6,50,ask,DiligentDonuts,FlawlessFlatbreads,12854005
2026-07-09T00:10:22.055437,2026-07-09T00:10:22.067425+00:00,135.0,49,bid,CostlyCorianders,EarnestEspressos,12854048
2026-07-09T00:10:22.601168,2026-07-09T00:10:22.611392+00:00,134.5,50,ask,EarnestEspressos,FlawlessFlatbreads,12854056
2026-07-09T00:10:23.663485,2026-07-09T00:10:23.675171+00:00,134.5,46,ask,DiligentDonuts,CostlyCorianders,12854069
2026-07-09T00:10:24.802230,2026-07-09T00:10:24.814423+00:00,134.8,45,bid,CostlyCorianders,EarnestEspressos,12854084
2026-07-09T00:10:26.418564,2026-07-09T00:10:26.425830+00:00,134.3,45,ask,EarnestEspressos,CostlyCorianders,12854109
2026-07-09T00:10:26.764654,2026-07-09T00:10:26.774657+00:00,134.8,50,bid,FlawlessFlatbreads,DiligentDonuts,12854117
2026-07-09T00:10:27.593143,2026-07-09T00:10:27.605801+00:00,134.8,43,bid,CostlyCorianders,DiligentDonuts,12854127
2026-07-09T00:10:28.872712,2026-07-09T00:10:28.889924+00:00,134.9,50,bid,FlawlessFlatbreads,EarnestEspressos,12854150
2026-07-09T00:10:29.822235,2026-07-09T00:10:29.833975+00:00,134.7,43,ask,DiligentDonuts,CostlyCorianders,12854167
2026-07-09T00:10:30.332801,2026-07-09T00:10:30.344656+00:00,134.9,40,bid,CostlyCorianders,EarnestEspressos,12854181
2026-07-09T00:10:30.459523,2026-07-09T00:10:30.468729+00:00,134.7,14,ask,DiligentDonuts,Xuanyu Liu,12854182
2026-07-09T00:10:30.986328,2026-07-09T00:10:30.993253+00:00,134.9,50,bid,FlawlessFlatbreads,EarnestEspressos,12854187
2026-07-09T00:10:31.770635,2026-07-09T00:10:31.779460+00:00,134.6,11,bid,Xuanyu Liu,DiligentDonuts,12854197
2026-07-09T00:10:33.094576,2026-07-09T00:10:33.102882+00:00,134.6,50,bid,FlawlessFlatbreads,DiligentDonuts,12854211
2026-07-09T00:10:33.114081,2026-07-09T00:10:33.125978+00:00,134.6,39,bid,EarnestEspressos,DiligentDonuts,12854212
2026-07-09T00:10:34.941635,2026-07-09T00:10:34.953204+00:00,134.8,43,ask,EarnestEspressos,CostlyCorianders,12854239
2026-07-09T00:10:35.255255,2026-07-09T00:10:35.267070+00:00,134.8,50,ask,EarnestEspressos,FlawlessFlatbreads,12854250
2026-07-09T00:10:37.364225,2026-07-09T00:10:37.376136+00:00,134.7,50,ask,DiligentDonuts,FlawlessFlatbreads,12854283
2026-07-09T00:10:39.472623,2026-07-09T00:10:39.484611+00:00,134.5,50,ask,DiligentDonuts,FlawlessFlatbreads,12854312
2026-07-09T00:10:39.615564,2026-07-09T00:10:39.628063+00:00,135.0,44,bid,CostlyCorianders,DiligentDonuts,12854315
2026-07-09T00:10:41.579978,2026-07-09T00:10:41.586597+00:00,134.6,50,ask,DiligentDonuts,FlawlessFlatbreads,12854342
2026-07-09T00:10:43.686317,2026-07-09T00:10:43.694822+00:00,134.6,50,ask,DiligentDonuts,FlawlessFlatbreads,12854372
2026-07-09T00:10:45.816931,2026-07-09T00:10:45.826766+00:00,134.6,50,ask,EarnestEspressos,FlawlessFlatbreads,12854411
2026-07-09T00:10:46.040071,2026-07-09T00:10:46.047469+00:00,134.6,46,ask,EarnestEspressos,CostlyCorianders,12854414
2026-07-09T00:10:47.922005,2026-07-09T00:10:47.933814+00:00,134.6,50,ask,EarnestEspressos,FlawlessFlatbreads,12854436
2026-07-09T00:10:48.095146,2026-07-09T00:10:48.107248+00:00,134.9,45,bid,CostlyCorianders,DiligentDonuts,12854439
2026-07-09T00:10:48.985759,2026-07-09T00:10:49.010549+00:00,134.4,100,ask,DiligentDonuts,EarnestEspressos,12854450
2026-07-09T00:10:48.999027,2026-07-09T00:10:49.010549+00:00,134.4,6,bid,Xuanyu Liu,EarnestEspressos,12854451
2026-07-09T00:10:50.611204,2026-07-09T00:10:50.621526+00:00,134.0,46,ask,DiligentDonuts,CostlyCorianders,12854474
2026-07-09T00:10:51.215747,2026-07-09T00:10:51.224440+00:00,134.4,11,bid,Xuanyu Liu,EarnestEspressos,12854490
2026-07-09T00:10:51.742719,2026-07-09T00:10:51.758582+00:00,134.4,33,bid,CostlyCorianders,EarnestEspressos,12854500
2026-07-09T00:10:51.742719,2026-07-09T00:10:51.758582+00:00,134.5,13,bid,CostlyCorianders,DiligentDonuts,12854501
2026-07-09T00:10:52.097700,2026-07-09T00:10:52.109457+00:00,134.5,87,bid,EarnestEspressos,DiligentDonuts,12854506
2026-07-09T00:10:52.160559,2026-07-09T00:10:52.172233+00:00,134.7,50,ask,EarnestEspressos,FlawlessFlatbreads,12854510
2026-07-09T00:10:52.732566,2026-07-09T00:10:52.741120+00:00,134.7,13,ask,EarnestEspressos,Xuanyu Liu,12854519
2026-07-09T00:10:53.723288,2026-07-09T00:10:53.735157+00:00,134.3,43,ask,DiligentDonuts,CostlyCorianders,12854536
2026-07-09T00:10:54.233423,2026-07-09T00:10:54.250720+00:00,134.8,41,bid,CostlyCorianders,DiligentDonuts,12854539
2026-07-09T00:10:54.788144,2026-07-09T00:10:54.799942+00:00,134.8,45,bid,CostlyCorianders,DiligentDonuts,12854550
2026-07-09T00:10:55.326373,2026-07-09T00:10:55.333774+00:00,134.6,2,bid,Xuanyu Liu,EarnestEspressos,12854552
2026-07-09T00:10:56.732528,2026-07-09T00:10:56.744093+00:00,134.6,100,bid,DiligentDonuts,EarnestEspressos,12854570
2026-07-09T00:10:58.471847,2026-07-09T00:10:58.485090+00:00,135.1,50,bid,FlawlessFlatbreads,DiligentDonuts,12854592
2026-07-09T00:10:58.555355,2026-07-09T00:10:58.567181+00:00,134.2,47,ask,EarnestEspressos,CostlyCorianders,12854595
2026-07-09T00:11:00.581105,2026-07-09T00:11:00.592804+00:00,134.7,50,bid,FlawlessFlatbreads,EarnestEspressos,12854631
2026-07-09T00:11:04.015846,2026-07-09T00:11:04.024977+00:00,134.4,49,ask,EarnestEspressos,CostlyCorianders,12854680
2026-07-09T00:11:04.819944,2026-07-09T00:11:04.831867+00:00,134.8,50,bid,FlawlessFlatbreads,DiligentDonuts,12854689
2026-07-09T00:11:07.216642,2026-07-09T00:11:07.229027+00:00,134.8,46,bid,CostlyCorianders,EarnestEspressos,12854735
2026-07-09T00:11:07.771163,2026-07-09T00:11:07.783177+00:00,134.4,45,ask,DiligentDonuts,CostlyCorianders,12854746
2026-07-09T00:11:08.372730,2026-07-09T00:11:08.384659+00:00,134.9,43,bid,CostlyCorianders,DiligentDonuts,12854755
2026-07-09T00:11:09.099088,2026-07-09T00:11:09.111149+00:00,134.5,50,ask,EarnestEspressos,FlawlessFlatbreads,12854765
2026-07-09T00:11:09.480119,2026-07-09T00:11:09.492272+00:00,134.5,48,ask,EarnestEspressos,CostlyCorianders,12854774
2026-07-09T00:11:11.232299,2026-07-09T00:11:11.244059+00:00,134.3,50,ask,DiligentDonuts,FlawlessFlatbreads,12854792
2026-07-09T00:11:13.339495,2026-07-09T00:11:13.346930+00:00,134.3,50,ask,DiligentDonuts,FlawlessFlatbreads,12854822
2026-07-09T00:11:14.298269,2026-07-09T00:11:14.309925+00:00,134.3,50,ask,DiligentDonuts,EarnestEspressos,12854836
2026-07-09T00:11:14.772264,2026-07-09T00:11:14.784735+00:00,134.3,44,bid,CostlyCorianders,EarnestEspressos,12854849
2026-07-09T00:11:15.395398,2026-07-09T00:11:15.407373+00:00,134.3,50,bid,FlawlessFlatbreads,EarnestEspressos,12854857
2026-07-09T00:11:16.342841,2026-07-09T00:11:16.351392+00:00,134.3,6,bid,Xuanyu Liu,EarnestEspressos,12854869
2026-07-09T00:11:17.408641,2026-07-09T00:11:17.419659+00:00,134.4,100,bid,EarnestEspressos,DiligentDonuts,12854887
2026-07-09T00:11:17.475388,2026-07-09T00:11:17.485885+00:00,134.6,6,ask,EarnestEspressos,Xuanyu Liu,12854888
2026-07-09T00:11:17.552948,2026-07-09T00:11:17.564508+00:00,134.6,44,ask,EarnestEspressos,FlawlessFlatbreads,12854891
2026-07-09T00:11:19.661047,2026-07-09T00:11:19.670325+00:00,134.2,50,ask,DiligentDonuts,FlawlessFlatbreads,12854917
2026-07-09T00:11:20.281621,2026-07-09T00:11:20.290629+00:00,134.7,42,bid,CostlyCorianders,DiligentDonuts,12854932
2026-07-09T00:11:20.878982,2026-07-09T00:11:20.892288+00:00,134.3,11,bid,Xuanyu Liu,EarnestEspressos,12854937
2026-07-09T00:11:21.620418,2026-07-09T00:11:21.629067+00:00,134.3,35,bid,Xuanyu Liu,EarnestEspressos,12854957
2026-07-09T00:11:21.766914,2026-07-09T00:11:21.778956+00:00,134.2,50,ask,DiligentDonuts,FlawlessFlatbreads,12854960
2026-07-09T00:11:22.026812,2026-07-09T00:11:22.035215+00:00,134.3,100,bid,DiligentDonuts,EarnestEspressos,12854966
2026-07-09T00:11:23.402980,2026-07-09T00:11:23.415289+00:00,134.3,4,bid,CostlyCorianders,EarnestEspressos,12854980
2026-07-09T00:11:23.744504,2026-07-09T00:11:23.753920+00:00,134.7,46,ask,EarnestEspressos,CostlyCorianders,12854988
2026-07-09T00:11:24.453743,2026-07-09T00:11:24.458576+00:00,134.9,44,bid,CostlyCorianders,DiligentDonuts,12854998
2026-07-09T00:11:24.512598,2026-07-09T00:11:24.522228+00:00,134.7,41,ask,EarnestEspressos,CostlyCorianders,12855000
2026-07-09T00:11:25.099282,2026-07-09T00:11:25.109220+00:00,134.9,44,bid,CostlyCorianders,DiligentDonuts,12855011
2026-07-09T00:11:25.951790,2026-07-09T00:11:25.958597+00:00,134.8,50,bid,FlawlessFlatbreads,DiligentDonuts,12855018
2026-07-09T00:11:28.112498,2026-07-09T00:11:28.121756+00:00,134.3,50,ask,DiligentDonuts,FlawlessFlatbreads,12855052
2026-07-09T00:11:30.948941,2026-07-09T00:11:30.958571+00:00,134.3,44,ask,DiligentDonuts,CostlyCorianders,12855102
2026-07-09T00:11:32.325601,2026-07-09T00:11:32.337634+00:00,134.3,50,ask,EarnestEspressos,FlawlessFlatbreads,12855127
2026-07-09T00:11:33.290185,2026-07-09T00:11:33.300497+00:00,134.5,11,bid,Xuanyu Liu,EarnestEspressos,12855144
2026-07-09T00:11:34.230898,2026-07-09T00:11:34.241115+00:00,134.5,12,bid,Xuanyu Liu,EarnestEspressos,12855156
2026-07-09T00:11:34.431739,2026-07-09T00:11:34.443853+00:00,134.1,50,ask,DiligentDonuts,FlawlessFlatbreads,12855162
2026-07-09T00:11:35.444254,2026-07-09T00:11:35.455441+00:00,134.5,11,bid,Xuanyu Liu,EarnestEspressos,12855169
2026-07-09T00:11:35.686880,2026-07-09T00:11:35.698861+00:00,134.5,46,bid,CostlyCorianders,EarnestEspressos,12855187
2026-07-09T00:11:36.009834,2026-07-09T00:11:36.025655+00:00,134.5,12,bid,Xuanyu Liu,EarnestEspressos,12855195
2026-07-09T00:11:36.032053,2026-07-09T00:11:36.040896+00:00,134.5,11,bid,Xuanyu Liu,EarnestEspressos,12855198
2026-07-09T00:11:36.387094,2026-07-09T00:11:36.399034+00:00,134.5,100,bid,EarnestEspressos,DiligentDonuts,12855204
2026-07-09T00:11:36.459528,2026-07-09T00:11:36.469446+00:00,134.8,11,ask,EarnestEspressos,Xuanyu Liu,12855205
2026-07-09T00:11:36.542106,2026-07-09T00:11:36.554200+00:00,134.8,39,ask,EarnestEspressos,FlawlessFlatbreads,12855209
2026-07-09T00:11:38.666675,2026-07-09T00:11:38.676577+00:00,134.8,12,ask,DiligentDonuts,Xuanyu Liu,12855251
2026-07-09T00:11:42.064255,2026-07-09T00:11:42.074624+00:00,135.2,41,bid,CostlyCorianders,EarnestEspressos,12855307
2026-07-09T00:11:42.777217,2026-07-09T00:11:42.789114+00:00,135.1,100,ask,DiligentDonuts,EarnestEspressos,12855323
2026-07-09T00:11:42.803923,2026-07-09T00:11:42.815694+00:00,135.1,50,bid,FlawlessFlatbreads,EarnestEspressos,12855324
2026-07-09T00:11:43.146429,2026-07-09T00:11:43.163778+00:00,134.6,45,ask,EarnestEspressos,CostlyCorianders,12855332
2026-07-09T00:11:44.910323,2026-07-09T00:11:44.922138+00:00,135.1,50,bid,FlawlessFlatbreads,DiligentDonuts,12855350
2026-07-09T00:11:45.020038,2026-07-09T00:11:45.031809+00:00,135.1,44,bid,CostlyCorianders,DiligentDonuts,12855352
2026-07-09T00:11:45.891646,2026-07-09T00:11:45.901138+00:00,135.1,6,bid,EarnestEspressos,DiligentDonuts,12855363
2026-07-09T00:11:47.018322,2026-07-09T00:11:47.030194+00:00,135.7,50,bid,FlawlessFlatbreads,EarnestEspressos,12855382
2026-07-09T00:11:49.069527,2026-07-09T00:11:49.079692+00:00,135.3,11,ask,EarnestEspressos,Xuanyu Liu,12855416
2026-07-09T00:11:49.127762,2026-07-09T00:11:49.135003+00:00,135.6,50,bid,FlawlessFlatbreads,DiligentDonuts,12855418
2026-07-09T00:11:51.236024,2026-07-09T00:11:51.248085+00:00,135.7,50,bid,FlawlessFlatbreads,DiligentDonuts,12855455
2026-07-09T00:11:52.402534,2026-07-09T00:11:52.416788+00:00,135.4,12,ask,EarnestEspressos,Xuanyu Liu,12855465
2026-07-09T00:11:53.353723,2026-07-09T00:11:53.360585+00:00,135.7,50,bid,FlawlessFlatbreads,DiligentDonuts,12855486
2026-07-09T00:11:53.697259,2026-07-09T00:11:53.706682+00:00,135.7,11,ask,DiligentDonuts,Xuanyu Liu,12855488
2026-07-09T00:11:55.462893,2026-07-09T00:11:55.470679+00:00,136.0,50,bid,FlawlessFlatbreads,EarnestEspressos,12855517
2026-07-09T00:11:57.569595,2026-07-09T00:11:57.580467+00:00,136.0,50,bid,FlawlessFlatbreads,EarnestEspressos,12855551
2026-07-09T00:11:58.561625,2026-07-09T00:11:58.570268+00:00,135.9,3,ask,EarnestEspressos,Xuanyu Liu,12855564
2026-07-09T00:11:58.635159,2026-07-09T00:11:58.647211+00:00,135.9,49,ask,EarnestEspressos,CostlyCorianders,12855566
2026-07-09T00:11:59.675574,2026-07-09T00:11:59.687638+00:00,136.2,50,bid,FlawlessFlatbreads,DiligentDonuts,12855579
2026-07-09T00:12:00.691638,2026-07-09T00:12:00.703738+00:00,135.9,49,ask,EarnestEspressos,CostlyCorianders,12855601
2026-07-09T00:12:01.786452,2026-07-09T00:12:01.794913+00:00,136.1,50,bid,FlawlessFlatbreads,EarnestEspressos,12855615
2026-07-09T00:12:01.844531,2026-07-09T00:12:01.851109+00:00,136.1,43,bid,CostlyCorianders,EarnestEspressos,12855620
2026-07-09T00:12:01.902775,2026-07-09T00:12:01.910664+00:00,135.8,42,ask,DiligentDonuts,CostlyCorianders,12855621
2026-07-09T00:12:02.382251,2026-07-09T00:12:02.395258+00:00,135.8,42,ask,DiligentDonuts,CostlyCorianders,12855624
2026-07-09T00:12:03.894014,2026-07-09T00:12:03.905980+00:00,136.1,50,bid,FlawlessFlatbreads,EarnestEspressos,12855646
2026-07-09T00:12:04.059736,2026-07-09T00:12:04.069076+00:00,136.1,7,bid,CostlyCorianders,EarnestEspressos,12855648
2026-07-09T00:12:04.059736,2026-07-09T00:12:04.069076+00:00,136.3,35,bid,CostlyCorianders,DiligentDonuts,12855649
2026-07-09T00:12:04.896848,2026-07-09T00:12:04.905907+00:00,136.2,3,ask,EarnestEspressos,Xuanyu Liu,12855663
2026-07-09T00:12:06.051690,2026-07-09T00:12:06.063583+00:00,136.2,50,ask,EarnestEspressos,FlawlessFlatbreads,12855680
2026-07-09T00:12:06.767384,2026-07-09T00:12:06.779583+00:00,136.3,46,bid,CostlyCorianders,DiligentDonuts,12855684
2026-07-09T00:12:08.160371,2026-07-09T00:12:08.169438+00:00,136.2,50,ask,EarnestEspressos,FlawlessFlatbreads,12855710
2026-07-09T00:12:10.268773,2026-07-09T00:12:10.280721+00:00,136.2,50,ask,EarnestEspressos,FlawlessFlatbreads,12855750
2026-07-09T00:12:11.265513,2026-07-09T00:12:11.286709+00:00,136.1,100,ask,DiligentDonuts,EarnestEspressos,12855762
2026-07-09T00:12:11.277418,2026-07-09T00:12:11.286709+00:00,136.1,3,bid,Xuanyu Liu,EarnestEspressos,12855763
2026-07-09T00:12:12.383289,2026-07-09T00:12:12.392317+00:00,135.6,44,ask,EarnestEspressos,CostlyCorianders,12855782
2026-07-09T00:12:12.405561,2026-07-09T00:12:12.417711+00:00,135.6,50,ask,EarnestEspressos,FlawlessFlatbreads,12855783
2026-07-09T00:12:13.328292,2026-07-09T00:12:13.340379+00:00,136.1,46,bid,CostlyCorianders,EarnestEspressos,12855789
2026-07-09T00:12:14.834934,2026-07-09T00:12:14.846861+00:00,135.7,41,ask,EarnestEspressos,CostlyCorianders,12855813
2026-07-09T00:12:15.728497,2026-07-09T00:12:15.739866+00:00,136.0,10,bid,CostlyCorianders,Kaleb Liu,12855835
2026-07-09T00:12:15.728497,2026-07-09T00:12:15.739866+00:00,136.1,31,bid,CostlyCorianders,DiligentDonuts,12855836
2026-07-09T00:12:15.784564,2026-07-09T00:12:15.796098+00:00,135.7,47,ask,EarnestEspressos,CostlyCorianders,12855837
2026-07-09T00:12:17.244412,2026-07-09T00:12:17.258552+00:00,136.0,10,bid,CostlyCorianders,Kaleb Liu,12855858
2026-07-09T00:12:17.244412,2026-07-09T00:12:17.258552+00:00,136.2,36,bid,CostlyCorianders,EarnestEspressos,12855859
2026-07-09T00:12:17.934210,2026-07-09T00:12:17.942698+00:00,136.2,10,bid,Kaleb Liu,EarnestEspressos,12855885
2026-07-09T00:12:18.281057,2026-07-09T00:12:18.290642+00:00,136.0,10,bid,CostlyCorianders,Kaleb Liu,12855891
2026-07-09T00:12:18.746240,2026-07-09T00:12:18.753244+00:00,135.8,50,ask,DiligentDonuts,FlawlessFlatbreads,12855896
2026-07-09T00:12:18.950073,2026-07-09T00:12:18.956321+00:00,136.2,10,bid,Kaleb Liu,EarnestEspressos,12855904
2026-07-09T00:12:19.087645,2026-07-09T00:12:19.096217+00:00,136.0,3,bid,Xuanyu Liu,Kaleb Liu,12855905
2026-07-09T00:12:20.863251,2026-07-09T00:12:20.880455+00:00,136.0,50,ask,EarnestEspressos,FlawlessFlatbreads,12855934
2026-07-09T00:12:22.251148,2026-07-09T00:12:22.258543+00:00,136.0,43,ask,EarnestEspressos,CostlyCorianders,12855958
2026-07-09T00:12:22.918378,2026-07-09T00:12:22.930155+00:00,136.2,50,bid,FlawlessFlatbreads,DiligentDonuts,12855970
2026-07-09T00:12:23.762610,2026-07-09T00:12:23.774819+00:00,136.0,48,ask,EarnestEspressos,CostlyCorianders,12855978
2026-07-09T00:12:23.947997,2026-07-09T00:12:23.961554+00:00,135.9,11,bid,Xuanyu Liu,EarnestEspressos,12855979
2026-07-09T00:12:25.027972,2026-07-09T00:12:25.039652+00:00,135.9,50,bid,FlawlessFlatbreads,EarnestEspressos,12856003
2026-07-09T00:12:25.342774,2026-07-09T00:12:25.354634+00:00,135.9,89,bid,DiligentDonuts,EarnestEspressos,12856009
2026-07-09T00:12:25.342774,2026-07-09T00:12:25.354634+00:00,136.0,8,bid,DiligentDonuts,Lachy Miller,12856010
2026-07-09T00:12:26.363739,2026-07-09T00:12:26.375015+00:00,136.6,44,bid,CostlyCorianders,DiligentDonuts,12856028
2026-07-09T00:12:27.225545,2026-07-09T00:12:27.238626+00:00,136.3,11,ask,EarnestEspressos,Xuanyu Liu,12856048
2026-07-09T00:12:27.540371,2026-07-09T00:12:27.548485+00:00,136.3,42,ask,EarnestEspressos,CostlyCorianders,12856052
2026-07-09T00:12:28.540449,2026-07-09T00:12:28.548824+00:00,136.4,3,ask,Lachy Miller,Xuanyu Liu,12856061
2026-07-09T00:12:28.557918,2026-07-09T00:12:28.569644+00:00,136.4,5,ask,Lachy Miller,DiligentDonuts,12856063
2026-07-09T00:12:29.218563,2026-07-09T00:12:29.230548+00:00,136.4,48,bid,CostlyCorianders,DiligentDonuts,12856068
2026-07-09T00:12:29.296594,2026-07-09T00:12:29.308391+00:00,136.3,50,ask,EarnestEspressos,FlawlessFlatbreads,12856069
2026-07-09T00:12:30.546755,2026-07-09T00:12:30.553738+00:00,136.0,45,ask,DiligentDonuts,CostlyCorianders,12856087
2026-07-09T00:12:31.353469,2026-07-09T00:12:31.355572+00:00,136.2,50,bid,FlawlessFlatbreads,EarnestEspressos,12856101
2026-07-09T00:12:33.458873,2026-07-09T00:12:33.470987+00:00,136.3,8,bid,FlawlessFlatbreads,Lachy Miller,12856123
2026-07-09T00:12:33.458873,2026-07-09T00:12:33.470987+00:00,136.4,42,bid,FlawlessFlatbreads,DiligentDonuts,12856124
2026-07-09T00:12:35.568281,2026-07-09T00:12:35.578763+00:00,136.4,50,bid,FlawlessFlatbreads,EarnestEspressos,12856146
2026-07-09T00:12:36.604408,2026-07-09T00:12:36.610985+00:00,136.4,48,bid,CostlyCorianders,EarnestEspressos,12856158
2026-07-09T00:12:37.062105,2026-07-09T00:12:37.074439+00:00,136.0,47,ask,DiligentDonuts,CostlyCorianders,12856161
2026-07-09T00:12:37.673985,2026-07-09T00:12:37.681425+00:00,136.4,50,bid,FlawlessFlatbreads,EarnestEspressos,12856177
2026-07-09T00:12:39.782497,2026-07-09T00:12:39.791281+00:00,136.5,50,bid,FlawlessFlatbreads,DiligentDonuts,12856208
2026-07-09T00:12:41.889107,2026-07-09T00:12:41.900932+00:00,136.5,50,bid,FlawlessFlatbreads,DiligentDonuts,12856230
2026-07-09T00:12:42.951828,2026-07-09T00:12:42.960518+00:00,136.4,3,ask,EarnestEspressos,Xuanyu Liu,12856245
2026-07-09T00:12:43.619056,2026-07-09T00:12:43.631060+00:00,136.4,41,ask,EarnestEspressos,CostlyCorianders,12856252
2026-07-09T00:12:44.003253,2026-07-09T00:12:44.068699+00:00,136.5,50,bid,FlawlessFlatbreads,DiligentDonuts,12856260
2026-07-09T00:12:44.133044,2026-07-09T00:12:44.141982+00:00,136.5,8,ask,Lachy Miller,Xuanyu Liu,12856261
2026-07-09T00:12:46.110738,2026-07-09T00:12:46.120140+00:00,136.7,50,bid,FlawlessFlatbreads,EarnestEspressos,12856288
2026-07-09T00:12:48.217131,2026-07-09T00:12:48.228928+00:00,136.6,50,bid,FlawlessFlatbreads,DiligentDonuts,12856311
2026-07-09T00:12:49.448387,2026-07-09T00:12:49.460061+00:00,136.6,44,bid,CostlyCorianders,DiligentDonuts,12856335
2026-07-09T00:12:49.933284,2026-07-09T00:12:49.943524+00:00,136.3,43,ask,EarnestEspressos,CostlyCorianders,12856341
2026-07-09T00:12:50.324827,2026-07-09T00:12:50.336402+00:00,136.6,6,bid,FlawlessFlatbreads,DiligentDonuts,12856344
2026-07-09T00:12:50.324827,2026-07-09T00:12:50.336402+00:00,136.6,8,bid,FlawlessFlatbreads,Lachy Miller,12856345
2026-07-09T00:12:50.324827,2026-07-09T00:12:50.336402+00:00,136.8,36,bid,FlawlessFlatbreads,EarnestEspressos,12856346
2026-07-09T00:12:50.695726,2026-07-09T00:12:50.706908+00:00,136.6,3,ask,DiligentDonuts,Xuanyu Liu,12856358
2026-07-09T00:12:51.035701,2026-07-09T00:12:51.045596+00:00,136.6,41,ask,DiligentDonuts,CostlyCorianders,12856363
2026-07-09T00:12:51.170000,2026-07-09T00:12:51.178655+00:00,136.6,12,ask,DiligentDonuts,Xuanyu Liu,12856365
2026-07-09T00:12:52.402167,2026-07-09T00:12:52.411774+00:00,136.7,8,ask,Lachy Miller,Xuanyu Liu,12856384
2026-07-09T00:12:52.491979,2026-07-09T00:12:52.501626+00:00,136.6,44,ask,DiligentDonuts,FlawlessFlatbreads,12856386
2026-07-09T00:12:54.598810,2026-07-09T00:12:54.610840+00:00,136.2,50,ask,EarnestEspressos,FlawlessFlatbreads,12856424
2026-07-09T00:12:56.707700,2026-07-09T00:12:56.716861+00:00,136.1,50,ask,DiligentDonuts,FlawlessFlatbreads,12856466
2026-07-09T00:12:58.814239,2026-07-09T00:12:58.820920+00:00,135.8,50,ask,DiligentDonuts,FlawlessFlatbreads,12856502
2026-07-09T00:13:00.003868,2026-07-09T00:13:00.013541+00:00,136.1,8,bid,Xuanyu Liu,EarnestEspressos,12856515
2026-07-09T00:13:00.247399,2026-07-09T00:13:00.256744+00:00,136.0,12,bid,Xuanyu Liu,DiligentDonuts,12856518
2026-07-09T00:13:00.921025,2026-07-09T00:13:00.932750+00:00,135.6,50,ask,EarnestEspressos,FlawlessFlatbreads,12856532
2026-07-09T00:13:02.691511,2026-07-09T00:13:02.700640+00:00,136.0,11,bid,Xuanyu Liu,DiligentDonuts,12856558
2026-07-09T00:13:03.028813,2026-07-09T00:13:03.037280+00:00,135.5,50,ask,DiligentDonuts,FlawlessFlatbreads,12856565
2026-07-09T00:13:04.007781,2026-07-09T00:13:04.019636+00:00,136.0,47,bid,CostlyCorianders,EarnestEspressos,12856584
2026-07-09T00:13:05.142228,2026-07-09T00:13:05.158545+00:00,135.8,50,ask,EarnestEspressos,FlawlessFlatbreads,12856610
2026-07-09T00:13:06.334398,2026-07-09T00:13:06.343732+00:00,136.0,3,bid,Xuanyu Liu,DiligentDonuts,12856629
2026-07-09T00:13:07.248935,2026-07-09T00:13:07.258589+00:00,135.8,50,ask,EarnestEspressos,FlawlessFlatbreads,12856641
2026-07-09T00:13:09.305452,2026-07-09T00:13:09.324111+00:00,136.0,50,bid,FlawlessFlatbreads,EarnestEspressos,12856673
2026-07-09T00:13:09.357081,2026-07-09T00:13:09.363558+00:00,136.0,41,bid,CostlyCorianders,EarnestEspressos,12856675
2026-07-09T00:13:10.552608,2026-07-09T00:13:10.571465+00:00,136.0,42,bid,CostlyCorianders,EarnestEspressos,12856702
2026-07-09T00:13:11.415962,2026-07-09T00:13:11.423669+00:00,136.0,8,bid,FlawlessFlatbreads,Lachy Miller,12856718
2026-07-09T00:13:11.415962,2026-07-09T00:13:11.429027+00:00,136.1,42,bid,FlawlessFlatbreads,DiligentDonuts,12856719
2026-07-09T00:13:12.675140,2026-07-09T00:13:12.686955+00:00,136.1,48,bid,CostlyCorianders,DiligentDonuts,12856740
2026-07-09T00:13:13.561361,2026-07-09T00:13:13.568937+00:00,136.4,50,bid,FlawlessFlatbreads,EarnestEspressos,12856750
2026-07-09T00:13:14.545179,2026-07-09T00:13:14.556883+00:00,136.3,3,ask,EarnestEspressos,Xuanyu Liu,12856774
2026-07-09T00:13:15.668736,2026-07-09T00:13:15.680717+00:00,136.4,50,bid,FlawlessFlatbreads,DiligentDonuts,12856790
2026-07-09T00:13:17.043067,2026-07-09T00:13:17.056456+00:00,136.3,11,ask,EarnestEspressos,Xuanyu Liu,12856818
2026-07-09T00:13:22.067038,2026-07-09T00:13:22.073970+00:00,136.1,50,ask,DiligentDonuts,FlawlessFlatbreads,12856889
2026-07-09T00:13:22.340725,2026-07-09T00:13:22.351273+00:00,135.9,8,ask,Lachy Miller,CostlyCorianders,12856890
2026-07-09T00:13:22.340725,2026-07-09T00:13:22.351273+00:00,135.8,38,ask,EarnestEspressos,CostlyCorianders,12856891
2026-07-09T00:13:24.123886,2026-07-09T00:13:24.132993+00:00,136.3,50,bid,FlawlessFlatbreads,DiligentDonuts,12856908
2026-07-09T00:13:27.386179,2026-07-09T00:13:27.396493+00:00,135.9,47,ask,DiligentDonuts,CostlyCorianders,12856960
2026-07-09T00:13:28.394474,2026-07-09T00:13:28.401860+00:00,135.9,50,ask,DiligentDonuts,FlawlessFlatbreads,12856972
2026-07-09T00:13:30.501122,2026-07-09T00:13:30.512881+00:00,135.6,50,ask,EarnestEspressos,FlawlessFlatbreads,12856998
2026-07-09T00:13:32.608680,2026-07-09T00:13:32.619487+00:00,135.6,50,ask,EarnestEspressos,FlawlessFlatbreads,12857033
2026-07-09T00:13:33.602927,2026-07-09T00:13:33.611834+00:00,135.7,11,bid,Xuanyu Liu,EarnestEspressos,12857045
2026-07-09T00:13:36.093791,2026-07-09T00:13:36.105715+00:00,135.7,41,bid,CostlyCorianders,EarnestEspressos,12857074
2026-07-09T00:13:36.561019,2026-07-09T00:13:36.572859+00:00,135.3,48,ask,DiligentDonuts,CostlyCorianders,12857084
2026-07-09T00:13:36.766748,2026-07-09T00:13:36.773839+00:00,135.7,50,bid,FlawlessFlatbreads,EarnestEspressos,12857095
2026-07-09T00:13:38.872235,2026-07-09T00:13:38.884215+00:00,135.4,50,bid,FlawlessFlatbreads,DiligentDonuts,12857121
2026-07-09T00:13:40.108164,2026-07-09T00:13:40.120097+00:00,135.4,49,bid,CostlyCorianders,DiligentDonuts,12857135
2026-07-09T00:13:40.162352,2026-07-09T00:13:40.174311+00:00,135.3,49,ask,EarnestEspressos,CostlyCorianders,12857137
2026-07-09T00:13:40.271258,2026-07-09T00:13:40.276742+00:00,135.3,8,ask,EarnestEspressos,Xuanyu Liu,12857141
2026-07-09T00:13:40.277701,2026-07-09T00:13:40.281301+00:00,135.4,1,bid,Xuanyu Liu,DiligentDonuts,12857142
