timestamp,recv_time,price,volume,aggressor_side,buyer,seller,trade_id
2026-06-29T10:59:59.707827,2026-06-29T01:00:00.173043+00:00,94.7,6,ask,,,11836711
2026-06-29T10:59:59.707827,2026-06-29T01:00:00.173043+00:00,94.6,34,ask,,,11836712
2026-06-29T11:00:00.106570,2026-06-29T01:00:00.580044+00:00,94.7,25,bid,,,11836723
2026-06-29T11:00:00.114097,2026-06-29T01:00:00.580044+00:00,94.7,25,bid,,,11836725
2026-06-29T11:00:00.315736,2026-06-29T01:00:00.789055+00:00,94.7,25,bid,,,11836732
2026-06-29T11:00:00.323359,2026-06-29T01:00:00.789055+00:00,94.7,25,bid,,,11836734
2026-06-29T11:00:00.446438,2026-06-29T01:00:00.910056+00:00,94.6,50,ask,,,11836739
2026-06-29T11:00:01.188923,2026-06-29T01:00:01.658056+00:00,94.6,40,ask,,,11836752
2026-06-29T11:00:02.584114,2026-06-29T01:00:03.056055+00:00,94.6,5,ask,,,11836779
2026-06-29T11:00:02.734970,2026-06-29T01:00:03.199124+00:00,94.4,25,bid,,,11836785
2026-06-29T11:00:02.740872,2026-06-29T01:00:03.221124+00:00,94.4,25,bid,,,11836788
2026-06-29T11:00:02.952586,2026-06-29T01:00:03.419124+00:00,94.4,20,bid,,,11836792
2026-06-29T11:00:02.957099,2026-06-29T01:00:03.430125+00:00,94.4,25,bid,,,11836793
2026-06-29T11:00:03.166645,2026-06-29T01:00:03.639124+00:00,94.4,25,bid,,,11836798
2026-06-29T11:00:03.283394,2026-06-29T01:00:03.749136+00:00,94.4,6,bid,,,11836801
2026-06-29T11:00:03.379360,2026-06-29T01:00:03.848136+00:00,94.4,9,bid,,,11836804
2026-06-29T11:00:04.189781,2026-06-29T01:00:04.662144+00:00,94.4,2,bid,,,11836814
2026-06-29T11:00:04.334362,2026-06-29T01:00:04.805145+00:00,94.4,5,bid,,,11836820
2026-06-29T11:00:04.499753,2026-06-29T01:00:04.970136+00:00,94.4,3,bid,,,11836826
2026-06-29T11:00:04.623158,2026-06-29T01:00:05.091136+00:00,94.8,50,bid,,,11836828
2026-06-29T11:00:06.808028,2026-06-29T01:00:07.280740+00:00,94.5,2,ask,,,11836853
2026-06-29T11:00:06.808028,2026-06-29T01:00:07.280740+00:00,94.5,48,ask,,,11836854
2026-06-29T11:00:08.865650,2026-06-29T01:00:09.336696+00:00,94.8,3,bid,,,11836896
2026-06-29T11:00:11.043761,2026-06-29T01:00:11.514696+00:00,94.5,3,ask,,,11836932
2026-06-29T11:00:11.043761,2026-06-29T01:00:11.514696+00:00,94.5,47,ask,,,11836933
2026-06-29T11:00:11.761871,2026-06-29T01:00:12.229696+00:00,94.8,42,bid,,,11836953
2026-06-29T11:00:13.100390,2026-06-29T01:00:13.571775+00:00,94.8,3,bid,,,11836981
2026-06-29T11:00:13.100390,2026-06-29T01:00:13.571775+00:00,94.8,47,bid,,,11836982
2026-06-29T11:00:13.391574,2026-06-29T01:00:13.857766+00:00,94.5,3,ask,,,11836991
2026-06-29T11:00:13.391574,2026-06-29T01:00:13.857766+00:00,94.4,38,ask,,,11836992
2026-06-29T11:00:15.288840,2026-06-29T01:00:15.760795+00:00,94.4,50,ask,,,11837026
2026-06-29T11:00:15.410667,2026-06-29T01:00:15.881786+00:00,94.9,48,bid,,,11837029
2026-06-29T11:00:16.977933,2026-06-29T01:00:17.442860+00:00,94.7,5,bid,,,11837054
2026-06-29T11:00:16.977933,2026-06-29T01:00:17.442860+00:00,94.7,36,bid,,,11837055
2026-06-29T11:00:17.042298,2026-06-29T01:00:17.519860+00:00,94.4,45,ask,,,11837056
2026-06-29T11:00:17.394821,2026-06-29T01:00:17.860860+00:00,94.4,50,ask,,,11837068
2026-06-29T11:00:18.156132,2026-06-29T01:00:18.629967+00:00,94.4,43,ask,,,11837080
2026-06-29T11:00:18.871834,2026-06-29T01:00:19.344977+00:00,94.3,100,bid,,,11837095
2026-06-29T11:00:19.377448,2026-06-29T01:00:19.850967+00:00,94.3,1,bid,,,11837100
2026-06-29T11:00:19.473223,2026-06-29T01:00:19.939106+00:00,94.3,49,bid,,,11837101
2026-06-29T11:00:19.473223,2026-06-29T01:00:19.939106+00:00,94.7,1,bid,,,11837102
2026-06-29T11:00:20.051348,2026-06-29T01:00:20.522106+00:00,94.7,4,bid,,,11837116
2026-06-29T11:00:20.051348,2026-06-29T01:00:20.522106+00:00,94.8,38,bid,,,11837117
2026-06-29T11:00:21.110533,2026-06-29T01:00:21.578097+00:00,94.7,4,bid,,,11837144
2026-06-29T11:00:21.110533,2026-06-29T01:00:21.578097+00:00,94.8,36,bid,,,11837145
2026-06-29T11:00:21.637047,2026-06-29T01:00:22.106106+00:00,94.4,1,ask,,,11837156
2026-06-29T11:00:21.637047,2026-06-29T01:00:22.106106+00:00,94.4,49,ask,,,11837157
2026-06-29T11:00:21.762680,2026-06-29T01:00:22.227106+00:00,94.4,44,ask,,,11837160
2026-06-29T11:00:23.745925,2026-06-29T01:00:24.217198+00:00,94.4,50,ask,,,11837204
2026-06-29T11:00:25.802045,2026-06-29T01:00:26.273776+00:00,94.5,50,bid,,,11837239
2026-06-29T11:00:27.908478,2026-06-29T01:00:28.374354+00:00,94.7,4,bid,,,11837266
2026-06-29T11:00:27.908478,2026-06-29T01:00:28.385354+00:00,94.7,46,bid,,,11837267
2026-06-29T11:00:30.067747,2026-06-29T01:00:30.541354+00:00,94.3,50,ask,,,11837312
2026-06-29T11:00:30.811917,2026-06-29T01:00:31.277727+00:00,94.7,49,bid,,,11837322
2026-06-29T11:00:32.122586,2026-06-29T01:00:32.586727+00:00,94.7,50,bid,,,11837341
2026-06-29T11:00:32.249233,2026-06-29T01:00:32.718727+00:00,94.6,25,ask,,,11837348
2026-06-29T11:00:32.249415,2026-06-29T01:00:32.718727+00:00,94.6,25,ask,,,11837349
2026-06-29T11:00:32.460226,2026-06-29T01:00:32.927727+00:00,94.6,25,ask,,,11837358
2026-06-29T11:00:32.462642,2026-06-29T01:00:32.927727+00:00,94.6,25,ask,,,11837359
2026-06-29T11:00:32.669371,2026-06-29T01:00:33.136274+00:00,94.6,25,ask,,,11837363
2026-06-29T11:00:32.671904,2026-06-29T01:00:33.136274+00:00,94.6,25,ask,,,11837364
2026-06-29T11:00:34.239246,2026-06-29T01:00:34.709282+00:00,94.3,50,bid,,,11837393
2026-06-29T11:00:34.288230,2026-06-29T01:00:34.753282+00:00,94.3,25,bid,,,11837396
2026-06-29T11:00:34.290608,2026-06-29T01:00:34.764282+00:00,94.3,25,bid,,,11837397
2026-06-29T11:00:34.505968,2026-06-29T01:00:34.973282+00:00,94.3,25,bid,,,11837401
2026-06-29T11:00:34.508563,2026-06-29T01:00:34.973282+00:00,94.3,25,bid,,,11837402
2026-06-29T11:00:34.542349,2026-06-29T01:00:35.006282+00:00,94.2,42,ask,,,11837404
2026-06-29T11:00:38.924375,2026-06-29T01:00:39.393722+00:00,94.4,5,bid,,,11837476
2026-06-29T11:00:38.928264,2026-06-29T01:00:39.393722+00:00,94.5,2,bid,,,11837477
2026-06-29T11:00:39.008761,2026-06-29T01:00:39.492721+00:00,94.5,43,bid,,,11837478
2026-06-29T11:00:39.132937,2026-06-29T01:00:39.613721+00:00,94.5,2,bid,,,11837479
2026-06-29T11:00:39.339297,2026-06-29T01:00:39.822721+00:00,94.5,2,bid,,,11837483
2026-06-29T11:00:39.545901,2026-06-29T01:00:40.020714+00:00,94.5,2,bid,,,11837489
2026-06-29T11:00:39.751482,2026-06-29T01:00:40.229218+00:00,94.5,2,bid,,,11837492
2026-06-29T11:00:39.957393,2026-06-29T01:00:40.427228+00:00,94.5,2,bid,,,11837494
2026-06-29T11:00:40.163173,2026-06-29T01:00:40.636236+00:00,94.5,2,bid,,,11837505
2026-06-29T11:00:40.370021,2026-06-29T01:00:40.845236+00:00,94.5,2,bid,,,11837518
2026-06-29T11:00:40.469586,2026-06-29T01:00:40.955236+00:00,94.5,41,bid,,,11837520
2026-06-29T11:00:40.561710,2026-06-29T01:00:41.032236+00:00,95.1,50,bid,,,11837524
2026-06-29T11:00:44.831603,2026-06-29T01:00:45.299391+00:00,94.5,50,ask,,,11837608
2026-06-29T11:00:46.886320,2026-06-29T01:00:47.376978+00:00,94.6,5,bid,,,11837642
2026-06-29T11:00:46.886320,2026-06-29T01:00:47.376978+00:00,94.7,45,bid,,,11837643
2026-06-29T11:00:47.681244,2026-06-29T01:00:48.156788+00:00,94.3,44,ask,,,11837654
2026-06-29T11:00:48.328212,2026-06-29T01:00:48.816788+00:00,94.3,41,ask,,,11837679
2026-06-29T11:00:48.940844,2026-06-29T01:00:49.432788+00:00,94.6,5,bid,,,11837689
2026-06-29T11:00:48.940844,2026-06-29T01:00:49.443788+00:00,94.7,42,bid,,,11837690
2026-06-29T11:00:49.004776,2026-06-29T01:00:49.498788+00:00,94.7,50,bid,,,11837693
2026-06-29T11:00:49.523122,2026-06-29T01:00:50.015788+00:00,94.3,15,ask,,,11837701
2026-06-29T11:00:49.523122,2026-06-29T01:00:50.015788+00:00,94.2,31,ask,,,11837702
2026-06-29T11:00:49.954674,2026-06-29T01:00:50.421312+00:00,94.8,100,bid,,,11837711
2026-06-29T11:00:50.013505,2026-06-29T01:00:50.487313+00:00,94.8,25,ask,,,11837714
2026-06-29T11:00:50.149516,2026-06-29T01:00:50.641321+00:00,94.8,10,ask,,,11837718
2026-06-29T11:00:50.359713,2026-06-29T01:00:50.839321+00:00,94.8,10,ask,,,11837722
2026-06-29T11:00:51.110763,2026-06-29T01:00:51.587313+00:00,95.0,50,bid,,,11837754
2026-06-29T11:00:51.372308,2026-06-29T01:00:51.873312+00:00,95.0,41,bid,,,11837759
2026-06-29T11:00:52.256109,2026-06-29T01:00:52.753321+00:00,95.0,9,bid,,,11837771
2026-06-29T11:00:53.670559,2026-06-29T01:00:54.138510+00:00,94.8,100,bid,,,11837794
2026-06-29T11:00:55.862736,2026-06-29T01:00:56.326601+00:00,94.8,46,bid,,,11837836
2026-06-29T11:00:57.441813,2026-06-29T01:00:57.910610+00:00,94.8,4,ask,,,11837856
2026-06-29T11:00:57.483016,2026-06-29T01:00:57.954610+00:00,94.8,50,ask,,,11837860
2026-06-29T11:00:59.591521,2026-06-29T01:01:00.055737+00:00,94.7,50,ask,,,11837904
2026-06-29T11:01:01.645955,2026-06-29T01:01:02.112765+00:00,94.9,50,bid,,,11837942
2026-06-29T11:01:03.803943,2026-06-29T01:01:04.268396+00:00,94.7,50,ask,,,11837975
2026-06-29T11:01:05.910366,2026-06-29T01:01:06.379959+00:00,94.7,50,ask,,,11838020
2026-06-29T11:01:06.855356,2026-06-29T01:01:07.325979+00:00,94.5,43,ask,,,11838031
2026-06-29T11:01:08.023232,2026-06-29T01:01:08.490711+00:00,94.5,50,ask,,,11838060
2026-06-29T11:01:08.820900,2026-06-29T01:01:09.293711+00:00,94.5,49,ask,,,11838074
2026-06-29T11:01:08.973687,2026-06-29T01:01:09.447710+00:00,94.4,100,ask,,,11838075
2026-06-29T11:01:09.005916,2026-06-29T01:01:09.469711+00:00,94.4,25,bid,,,11838077
2026-06-29T11:01:09.123727,2026-06-29T01:01:09.590710+00:00,94.4,25,bid,,,11838080
2026-06-29T11:01:09.733684,2026-06-29T01:01:10.206731+00:00,94.5,9,bid,,,11838094
2026-06-29T11:01:10.461989,2026-06-29T01:01:10.932730+00:00,94.5,2,bid,,,11838100
2026-06-29T11:01:10.489997,2026-06-29T01:01:10.954730+00:00,94.5,2,bid,,,11838101
2026-06-29T11:01:10.933474,2026-06-29T01:01:11.405731+00:00,94.5,41,bid,,,11838106
2026-06-29T11:01:12.939096,2026-06-29T01:01:13.406098+00:00,94.4,46,ask,,,11838153
2026-06-29T11:01:14.340587,2026-06-29T01:01:14.814171+00:00,94.4,50,ask,,,11838173
2026-06-29T11:01:15.582666,2026-06-29T01:01:16.046180+00:00,94.6,41,bid,,,11838197
2026-06-29T11:01:16.453636,2026-06-29T01:01:16.925275+00:00,94.4,1,ask,,,11838205
2026-06-29T11:01:16.453636,2026-06-29T01:01:16.925275+00:00,94.3,49,ask,,,11838206
2026-06-29T11:01:17.244509,2026-06-29T01:01:17.717284+00:00,94.6,40,bid,,,11838223
2026-06-29T11:01:17.738333,2026-06-29T01:01:18.211516+00:00,94.6,49,bid,,,11838229
2026-06-29T11:01:18.404469,2026-06-29T01:01:18.871507+00:00,94.7,5,bid,,,11838246
2026-06-29T11:01:18.565847,2026-06-29T01:01:19.036516+00:00,94.7,50,ask,,,11838253
2026-06-29T11:01:19.016758,2026-06-29T01:01:19.487516+00:00,94.7,95,ask,,,11838267
2026-06-29T11:01:19.035801,2026-06-29T01:01:19.509516+00:00,94.6,5,bid,,,11838269
2026-06-29T11:01:19.673312,2026-06-29T01:01:20.147516+00:00,94.1,47,ask,,,11838279
2026-06-29T11:01:20.294205,2026-06-29T01:01:20.763516+00:00,94.1,45,ask,,,11838290
2026-06-29T11:01:20.760935,2026-06-29T01:01:21.236516+00:00,94.7,2,bid,,,11838298
2026-06-29T11:01:20.815942,2026-06-29T01:01:21.280516+00:00,94.4,3,ask,,,11838304
2026-06-29T11:01:22.459700,2026-06-29T01:01:22.930158+00:00,94.4,1,bid,,,11838337
2026-06-29T11:01:23.470145,2026-06-29T01:01:23.941795+00:00,94.4,5,bid,,,11838355
2026-06-29T11:01:24.407658,2026-06-29T01:01:24.876795+00:00,94.2,3,ask,,,11838370
2026-06-29T11:01:24.407658,2026-06-29T01:01:24.876795+00:00,94.1,37,ask,,,11838371
2026-06-29T11:01:24.852626,2026-06-29T01:01:25.327329+00:00,94.3,50,bid,,,11838377
2026-06-29T11:01:26.969161,2026-06-29T01:01:27.438902+00:00,94.3,50,bid,,,11838439
2026-06-29T11:01:29.096493,2026-06-29T01:01:29.571691+00:00,94.5,50,bid,,,11838469
2026-06-29T11:01:31.259780,2026-06-29T01:01:31.727550+00:00,94.3,50,ask,,,11838508
2026-06-29T11:01:32.905477,2026-06-29T01:01:33.377632+00:00,94.6,44,bid,,,11838538
2026-06-29T11:01:34.075150,2026-06-29T01:01:34.543641+00:00,94.6,41,bid,,,11838562
2026-06-29T11:01:34.542421,2026-06-29T01:01:35.016641+00:00,94.2,2,ask,,,11838568
2026-06-29T11:01:34.542421,2026-06-29T01:01:35.016641+00:00,94.2,41,ask,,,11838569
2026-06-29T11:01:35.473870,2026-06-29T01:01:35.940641+00:00,94.5,50,ask,,,11838589
2026-06-29T11:01:36.576815,2026-06-29T01:01:37.040220+00:00,94.5,42,ask,,,11838602
2026-06-29T11:01:37.432557,2026-06-29T01:01:37.898221+00:00,94.5,8,ask,,,11838614
2026-06-29T11:01:37.468209,2026-06-29T01:01:37.942221+00:00,94.5,45,bid,,,11838617
2026-06-29T11:01:37.580572,2026-06-29T01:01:38.052211+00:00,94.3,6,ask,,,11838620
2026-06-29T11:01:39.691752,2026-06-29T01:01:40.163272+00:00,94.3,5,ask,,,11838650
2026-06-29T11:01:39.691752,2026-06-29T01:01:40.163272+00:00,94.0,45,ask,,,11838651
2026-06-29T11:01:41.801719,2026-06-29T01:01:42.274806+00:00,94.2,3,ask,,,11838673
2026-06-29T11:01:41.801719,2026-06-29T01:01:42.274806+00:00,94.0,47,ask,,,11838674
2026-06-29T11:01:43.173876,2026-06-29T01:01:43.638058+00:00,94.4,42,bid,,,11838700
2026-06-29T11:01:43.913240,2026-06-29T01:01:44.386048+00:00,94.2,50,ask,,,11838712
2026-06-29T11:01:44.788951,2026-06-29T01:01:45.255058+00:00,94.2,41,ask,,,11838723
2026-06-29T11:01:45.786670,2026-06-29T01:01:46.255651+00:00,94.4,40,bid,,,11838744
2026-06-29T11:01:45.971874,2026-06-29T01:01:46.442651+00:00,94.4,50,bid,,,11838750
2026-06-29T11:01:47.732726,2026-06-29T01:01:48.201787+00:00,94.4,47,ask,,,11838792
2026-06-29T11:01:48.104621,2026-06-29T01:01:48.575787+00:00,94.7,50,bid,,,11838805
2026-06-29T11:01:48.308841,2026-06-29T01:01:48.773787+00:00,94.7,45,bid,,,11838810
2026-06-29T11:01:49.255864,2026-06-29T01:01:49.730807+00:00,94.4,40,ask,,,11838833
2026-06-29T11:01:49.736671,2026-06-29T01:01:50.203807+00:00,94.4,13,ask,,,11838841
2026-06-29T11:01:50.209704,2026-06-29T01:01:50.676807+00:00,94.8,50,bid,,,11838852
2026-06-29T11:01:52.340563,2026-06-29T01:01:52.810807+00:00,94.5,50,bid,,,11838890
2026-06-29T11:01:53.185656,2026-06-29T01:01:53.656923+00:00,94.5,50,bid,,,11838899
2026-06-29T11:01:54.448291,2026-06-29T01:01:54.921457+00:00,94.9,50,bid,,,11838936
2026-06-29T11:01:56.558340,2026-06-29T01:01:57.033016+00:00,94.8,50,bid,,,11838976
2026-06-29T11:01:58.666751,2026-06-29T01:01:59.143836+00:00,94.8,50,bid,,,11839014
2026-06-29T11:01:59.984740,2026-06-29T01:02:00.452856+00:00,94.8,48,ask,,,11839039
2026-06-29T11:02:00.773387,2026-06-29T01:02:01.255847+00:00,95.0,50,bid,,,11839065
2026-06-29T11:02:02.880785,2026-06-29T01:02:03.355977+00:00,95.0,50,bid,,,11839105
2026-06-29T11:02:04.985825,2026-06-29T01:02:05.467510+00:00,95.1,50,bid,,,11839147
2026-06-29T11:02:05.244377,2026-06-29T01:02:05.720510+00:00,95.1,45,bid,,,11839155
2026-06-29T11:02:05.953516,2026-06-29T01:02:06.424060+00:00,95.0,25,ask,,,11839167
2026-06-29T11:02:06.040269,2026-06-29T01:02:06.512051+00:00,95.0,25,ask,,,11839175
2026-06-29T11:02:06.165526,2026-06-29T01:02:06.633060+00:00,95.0,1,ask,,,11839180
2026-06-29T11:02:06.252504,2026-06-29T01:02:06.721060+00:00,95.0,25,ask,,,11839183
2026-06-29T11:02:06.775840,2026-06-29T01:02:07.249060+00:00,95.0,25,ask,,,11839198
2026-06-29T11:02:06.882739,2026-06-29T01:02:07.348060+00:00,95.0,25,ask,,,11839204
2026-06-29T11:02:06.984963,2026-06-29T01:02:07.458060+00:00,95.0,24,ask,,,11839210
2026-06-29T11:02:07.093903,2026-06-29T01:02:07.568060+00:00,95.4,50,bid,,,11839214
2026-06-29T11:02:07.101606,2026-06-29T01:02:07.568060+00:00,94.9,25,ask,,,11839215
2026-06-29T11:02:07.193446,2026-06-29T01:02:07.667072+00:00,94.9,25,ask,,,11839218
2026-06-29T11:02:07.316551,2026-06-29T01:02:07.788071+00:00,94.9,25,ask,,,11839225
2026-06-29T11:02:07.405625,2026-06-29T01:02:07.876080+00:00,94.9,25,ask,,,11839230
2026-06-29T11:02:09.201331,2026-06-29T01:02:09.668200+00:00,94.8,50,bid,,,11839261
2026-06-29T11:02:09.862499,2026-06-29T01:02:10.328200+00:00,94.8,48,bid,,,11839276
2026-06-29T11:02:11.319073,2026-06-29T01:02:11.791220+00:00,94.8,50,bid,,,11839313
2026-06-29T11:02:11.375877,2026-06-29T01:02:11.846220+00:00,94.6,2,ask,,,11839316
2026-06-29T11:02:11.375877,2026-06-29T01:02:11.846220+00:00,94.5,44,ask,,,11839317
2026-06-29T11:02:12.182715,2026-06-29T01:02:12.649220+00:00,94.8,25,ask,,,11839329
2026-06-29T11:02:12.223411,2026-06-29T01:02:12.692754+00:00,94.8,25,ask,,,11839331
2026-06-29T11:02:12.391698,2026-06-29T01:02:12.857754+00:00,94.8,25,ask,,,11839339
2026-06-29T11:02:12.433022,2026-06-29T01:02:12.901754+00:00,94.8,25,ask,,,11839342
2026-06-29T11:02:12.603815,2026-06-29T01:02:13.077754+00:00,94.8,25,ask,,,11839347
2026-06-29T11:02:13.442267,2026-06-29T01:02:13.913046+00:00,94.9,3,bid,,,11839358
2026-06-29T11:02:13.442267,2026-06-29T01:02:13.913046+00:00,94.9,47,bid,,,11839359
2026-06-29T11:02:14.359397,2026-06-29T01:02:14.826046+00:00,94.9,49,bid,,,11839371
2026-06-29T11:02:15.923712,2026-06-29T01:02:16.387621+00:00,94.6,45,ask,,,11839412
2026-06-29T11:02:17.451202,2026-06-29T01:02:17.916154+00:00,94.8,41,bid,,,11839438
2026-06-29T11:02:17.659447,2026-06-29T01:02:18.125154+00:00,94.8,50,bid,,,11839443
2026-06-29T11:02:18.493551,2026-06-29T01:02:18.960806+00:00,94.9,4,bid,,,11839468
2026-06-29T11:02:19.154967,2026-06-29T01:02:19.620798+00:00,94.9,3,ask,,,11839478
2026-06-29T11:02:19.767783,2026-06-29T01:02:20.236806+00:00,95.1,50,bid,,,11839504
2026-06-29T11:02:19.824299,2026-06-29T01:02:20.291805+00:00,94.9,3,ask,,,11839507
2026-06-29T11:02:19.870114,2026-06-29T01:02:20.335805+00:00,94.9,3,ask,,,11839508
2026-06-29T11:02:20.971534,2026-06-29T01:02:21.435805+00:00,94.9,3,ask,,,11839527
2026-06-29T11:02:21.935198,2026-06-29T01:02:22.405796+00:00,94.8,50,ask,,,11839565
2026-06-29T11:02:23.140841,2026-06-29T01:02:23.604923+00:00,94.9,41,ask,,,11839592
2026-06-29T11:02:23.661324,2026-06-29T01:02:24.132943+00:00,94.9,43,ask,,,11839598
2026-06-29T11:02:23.863098,2026-06-29T01:02:24.330934+00:00,94.9,16,ask,,,11839606
2026-06-29T11:02:24.043419,2026-06-29T01:02:24.517943+00:00,94.8,50,ask,,,11839613
2026-06-29T11:02:24.139153,2026-06-29T01:02:24.605943+00:00,95.0,1,bid,,,11839614
2026-06-29T11:02:24.139153,2026-06-29T01:02:24.605943+00:00,95.3,41,bid,,,11839615
2026-06-29T11:02:25.102101,2026-06-29T01:02:25.573943+00:00,94.6,3,ask,,,11839636
2026-06-29T11:02:25.102101,2026-06-29T01:02:25.573943+00:00,94.6,41,ask,,,11839637
2026-06-29T11:02:26.151485,2026-06-29T01:02:26.618059+00:00,94.7,3,ask,,,11839659
2026-06-29T11:02:26.151485,2026-06-29T01:02:26.618059+00:00,94.6,47,ask,,,11839660
2026-06-29T11:02:28.026104,2026-06-29T01:02:28.498298+00:00,94.7,1,ask,,,11839692
2026-06-29T11:02:28.071296,2026-06-29T01:02:28.542290+00:00,94.7,25,bid,,,11839695
2026-06-29T11:02:28.082644,2026-06-29T01:02:28.553298+00:00,94.7,25,bid,,,11839697
2026-06-29T11:02:28.159658,2026-06-29T01:02:28.630298+00:00,94.7,1,bid,,,11839699
2026-06-29T11:02:28.220860,2026-06-29T01:02:28.685298+00:00,94.7,1,bid,,,11839702
2026-06-29T11:02:28.258506,2026-06-29T01:02:28.729298+00:00,94.6,50,ask,,,11839703
2026-06-29T11:02:28.280132,2026-06-29T01:02:28.751299+00:00,94.7,25,bid,,,11839705
2026-06-29T11:02:28.290674,2026-06-29T01:02:28.762298+00:00,94.7,25,bid,,,11839707
2026-06-29T11:02:28.500417,2026-06-29T01:02:28.971318+00:00,94.7,25,bid,,,11839722
2026-06-29T11:02:28.506438,2026-06-29T01:02:28.971318+00:00,94.7,22,bid,,,11839723
2026-06-29T11:02:29.109954,2026-06-29T01:02:29.576318+00:00,94.9,25,bid,,,11839737
2026-06-29T11:02:29.126889,2026-06-29T01:02:29.598318+00:00,94.9,25,bid,,,11839739
2026-06-29T11:02:29.321091,2026-06-29T01:02:29.785319+00:00,94.9,25,bid,,,11839743
2026-06-29T11:02:29.336198,2026-06-29T01:02:29.807319+00:00,94.9,25,bid,,,11839745
2026-06-29T11:02:29.953058,2026-06-29T01:02:30.423318+00:00,95.0,1,bid,,,11839753
2026-06-29T11:02:30.363814,2026-06-29T01:02:30.830318+00:00,94.7,3,ask,,,11839759
2026-06-29T11:02:30.363814,2026-06-29T01:02:30.830318+00:00,94.4,47,ask,,,11839760
2026-06-29T11:02:32.293143,2026-06-29T01:02:32.766318+00:00,95.0,2,bid,,,11839807
2026-06-29T11:02:32.293143,2026-06-29T01:02:32.766318+00:00,95.2,45,bid,,,11839808
2026-06-29T11:02:32.472960,2026-06-29T01:02:32.942318+00:00,94.9,50,ask,,,11839813
2026-06-29T11:02:33.428654,2026-06-29T01:02:33.899425+00:00,94.9,45,ask,,,11839822
2026-06-29T11:02:34.579404,2026-06-29T01:02:35.053958+00:00,94.7,2,ask,,,11839846
2026-06-29T11:02:34.579404,2026-06-29T01:02:35.053958+00:00,94.7,48,ask,,,11839847
2026-06-29T11:02:36.635487,2026-06-29T01:02:37.100004+00:00,95.1,50,bid,,,11839883
2026-06-29T11:02:38.485077,2026-06-29T01:02:38.957181+00:00,95.1,1,bid,,,11839920
2026-06-29T11:02:38.485077,2026-06-29T01:02:38.957181+00:00,95.3,39,bid,,,11839921
2026-06-29T11:02:38.740936,2026-06-29T01:02:39.210201+00:00,95.1,2,bid,,,11839923
2026-06-29T11:02:38.740936,2026-06-29T01:02:39.210201+00:00,95.3,48,bid,,,11839924
2026-06-29T11:02:39.182743,2026-06-29T01:02:39.650201+00:00,95.1,2,bid,,,11839943
2026-06-29T11:02:39.182743,2026-06-29T01:02:39.650201+00:00,95.3,40,bid,,,11839944
2026-06-29T11:02:40.619495,2026-06-29T01:02:41.091311+00:00,95.1,2,bid,,,11839968
2026-06-29T11:02:40.642347,2026-06-29T01:02:41.113310+00:00,95.2,2,ask,,,11839969
2026-06-29T11:02:40.670983,2026-06-29T01:02:41.146201+00:00,95.2,2,ask,,,11839970
2026-06-29T11:02:40.708217,2026-06-29T01:02:41.179201+00:00,95.2,2,ask,,,11839971
2026-06-29T11:02:40.745795,2026-06-29T01:02:41.212201+00:00,95.2,25,ask,,,11839972
2026-06-29T11:02:40.759603,2026-06-29T01:02:41.234201+00:00,95.2,25,ask,,,11839974
2026-06-29T11:02:40.765214,2026-06-29T01:02:41.234201+00:00,95.2,2,ask,,,11839975
2026-06-29T11:02:40.798929,2026-06-29T01:02:41.267201+00:00,95.2,2,ask,,,11839978
2026-06-29T11:02:40.847793,2026-06-29T01:02:41.322201+00:00,95.3,50,bid,,,11839979
2026-06-29T11:02:40.905833,2026-06-29T01:02:41.377201+00:00,95.2,1,ask,,,11839982
2026-06-29T11:02:40.933057,2026-06-29T01:02:41.399201+00:00,95.2,1,ask,,,11839983
2026-06-29T11:02:40.957835,2026-06-29T01:02:41.432201+00:00,95.2,25,ask,,,11839984
2026-06-29T11:02:41.578640,2026-06-29T01:02:42.048192+00:00,95.2,3,ask,,,11840004
2026-06-29T11:02:41.786431,2026-06-29T01:02:42.257201+00:00,95.2,3,ask,,,11840007
2026-06-29T11:02:41.842233,2026-06-29T01:02:42.312201+00:00,95.2,2,ask,,,11840010
2026-06-29T11:02:41.994179,2026-06-29T01:02:42.466201+00:00,95.2,3,ask,,,11840014
2026-06-29T11:02:42.126403,2026-06-29T01:02:42.598201+00:00,95.2,40,ask,,,11840018
2026-06-29T11:02:42.204615,2026-06-29T01:02:42.675192+00:00,95.2,10,ask,,,11840019
2026-06-29T11:02:42.210035,2026-06-29T01:02:42.675192+00:00,95.0,25,ask,,,11840020
2026-06-29T11:02:42.417348,2026-06-29T01:02:42.884201+00:00,95.0,25,ask,,,11840033
2026-06-29T11:02:42.427225,2026-06-29T01:02:42.895201+00:00,95.0,25,ask,,,11840035
2026-06-29T11:02:42.625872,2026-06-29T01:02:43.093201+00:00,95.0,25,ask,,,11840045
2026-06-29T11:02:43.016213,2026-06-29T01:02:43.488885+00:00,94.8,3,ask,,,11840053
2026-06-29T11:02:46.873174,2026-06-29T01:02:47.337187+00:00,94.9,4,ask,,,11840124
2026-06-29T11:02:46.873174,2026-06-29T01:02:47.348187+00:00,94.6,37,ask,,,11840125
2026-06-29T11:02:47.178338,2026-06-29T01:02:47.645197+00:00,94.9,50,bid,,,11840140
2026-06-29T11:02:48.851256,2026-06-29T01:02:49.315008+00:00,94.9,25,bid,,,11840167
2026-06-29T11:02:48.870028,2026-06-29T01:02:49.337008+00:00,94.9,25,bid,,,11840169
2026-06-29T11:02:49.067946,2026-06-29T01:02:49.535008+00:00,94.9,25,bid,,,11840171
2026-06-29T11:02:49.079240,2026-06-29T01:02:49.546008+00:00,94.9,25,bid,,,11840173
2026-06-29T11:02:49.290168,2026-06-29T01:02:49.755008+00:00,95.1,50,bid,,,11840185
2026-06-29T11:02:50.099533,2026-06-29T01:02:50.569008+00:00,95.1,50,bid,,,11840211
2026-06-29T11:02:50.099533,2026-06-29T01:02:50.569008+00:00,95.2,1,bid,,,11840212
2026-06-29T11:02:50.276737,2026-06-29T01:02:50.745008+00:00,95.2,2,ask,,,11840214
2026-06-29T11:02:50.496959,2026-06-29T01:02:50.965009+00:00,95.2,2,ask,,,11840221
2026-06-29T11:02:50.686366,2026-06-29T01:02:51.152008+00:00,95.2,3,ask,,,11840229
2026-06-29T11:02:50.688731,2026-06-29T01:02:51.163008+00:00,95.2,25,ask,,,11840230
2026-06-29T11:02:51.096167,2026-06-29T01:02:51.570008+00:00,95.2,3,ask,,,11840241
2026-06-29T11:02:51.304645,2026-06-29T01:02:51.779008+00:00,95.2,25,ask,,,11840244
2026-06-29T11:02:51.309346,2026-06-29T01:02:51.779008+00:00,95.2,25,ask,,,11840245
2026-06-29T11:02:51.395936,2026-06-29T01:02:51.867008+00:00,95.4,50,bid,,,11840249
2026-06-29T11:02:51.518362,2026-06-29T01:02:51.988008+00:00,95.2,14,ask,,,11840260
2026-06-29T11:02:51.983092,2026-06-29T01:02:52.449559+00:00,95.4,47,bid,,,11840281
2026-06-29T11:02:53.325640,2026-06-29T01:02:53.790797+00:00,94.9,100,ask,,,11840304
2026-06-29T11:02:53.520665,2026-06-29T01:02:53.988798+00:00,94.9,50,bid,,,11840315
2026-06-29T11:02:55.494164,2026-06-29T01:02:55.968818+00:00,94.8,4,ask,,,11840340
2026-06-29T11:02:55.494164,2026-06-29T01:02:55.968818+00:00,94.8,41,ask,,,11840341
2026-06-29T11:02:55.625583,2026-06-29T01:02:56.100374+00:00,95.2,2,bid,,,11840343
2026-06-29T11:02:55.625583,2026-06-29T01:02:56.100374+00:00,95.3,48,bid,,,11840344
2026-06-29T11:02:56.546744,2026-06-29T01:02:57.024374+00:00,95.1,25,ask,,,11840367
2026-06-29T11:02:56.584156,2026-06-29T01:02:57.057374+00:00,95.1,25,ask,,,11840369
2026-06-29T11:02:56.715056,2026-06-29T01:02:57.189374+00:00,95.1,44,ask,,,11840377
2026-06-29T11:02:57.744625,2026-06-29T01:02:58.211643+00:00,95.2,3,bid,,,11840391
2026-06-29T11:02:57.744625,2026-06-29T01:02:58.222652+00:00,95.4,46,bid,,,11840392
2026-06-29T11:02:57.758889,2026-06-29T01:02:58.222652+00:00,95.4,50,bid,,,11840393
2026-06-29T11:02:59.660682,2026-06-29T01:03:00.125652+00:00,94.9,3,ask,,,11840430
2026-06-29T11:02:59.660682,2026-06-29T01:03:00.136652+00:00,94.9,100,ask,,,11840431
2026-06-29T11:02:59.864849,2026-06-29T01:03:00.334652+00:00,94.9,47,bid,,,11840443
2026-06-29T11:02:59.864849,2026-06-29T01:03:00.334652+00:00,95.4,3,bid,,,11840444
2026-06-29T11:03:00.741089,2026-06-29T01:03:01.214672+00:00,95.1,45,bid,,,11840454
2026-06-29T11:03:02.029768,2026-06-29T01:03:02.501131+00:00,94.6,50,ask,,,11840479
2026-06-29T11:03:02.769703,2026-06-29T01:03:03.237388+00:00,95.1,55,bid,,,11840485
2026-06-29T11:03:04.136953,2026-06-29T01:03:04.612389+00:00,95.1,50,ask,,,11840519
2026-06-29T11:03:06.237525,2026-06-29T01:03:06.701938+00:00,95.0,40,ask,,,11840562
2026-06-29T11:03:06.243520,2026-06-29T01:03:06.712937+00:00,95.0,50,ask,,,11840563
2026-06-29T11:03:07.898268,2026-06-29T01:03:08.372205+00:00,95.1,43,ask,,,11840611
2026-06-29T11:03:08.348722,2026-06-29T01:03:08.823205+00:00,95.1,50,ask,,,11840617
2026-06-29T11:03:08.383583,2026-06-29T01:03:08.856205+00:00,95.1,7,ask,,,11840619
2026-06-29T11:03:10.455456,2026-06-29T01:03:10.924205+00:00,94.6,50,ask,,,11840660
2026-06-29T11:03:12.562600,2026-06-29T01:03:13.036205+00:00,94.8,4,ask,,,11840698
2026-06-29T11:03:12.562600,2026-06-29T01:03:13.036205+00:00,94.6,46,ask,,,11840699
2026-06-29T11:03:13.007033,2026-06-29T01:03:13.475494+00:00,94.8,4,bid,,,11840706
2026-06-29T11:03:13.274817,2026-06-29T01:03:13.750019+00:00,94.8,4,bid,,,11840711
2026-06-29T11:03:14.673030,2026-06-29T01:03:15.147028+00:00,94.4,50,ask,,,11840745
2026-06-29T11:03:14.677704,2026-06-29T01:03:15.147028+00:00,94.8,4,bid,,,11840746
2026-06-29T11:03:15.499476,2026-06-29T01:03:15.972048+00:00,94.7,4,ask,,,11840764
2026-06-29T11:03:15.611310,2026-06-29T01:03:16.082066+00:00,94.6,25,bid,,,11840769
2026-06-29T11:03:15.632734,2026-06-29T01:03:16.104067+00:00,94.6,25,bid,,,11840771
2026-06-29T11:03:15.821868,2026-06-29T01:03:16.291067+00:00,94.6,25,bid,,,11840775
2026-06-29T11:03:15.842935,2026-06-29T01:03:16.313067+00:00,94.6,25,bid,,,11840777
2026-06-29T11:03:16.016028,2026-06-29T01:03:16.489067+00:00,94.6,4,bid,,,11840778
2026-06-29T11:03:16.031322,2026-06-29T01:03:16.500067+00:00,94.6,25,bid,,,11840780
2026-06-29T11:03:16.053818,2026-06-29T01:03:16.522066+00:00,94.6,17,bid,,,11840782
2026-06-29T11:03:16.223259,2026-06-29T01:03:16.698066+00:00,94.7,3,bid,,,11840786
2026-06-29T11:03:16.320911,2026-06-29T01:03:16.786058+00:00,94.7,3,bid,,,11840790
2026-06-29T11:03:16.383662,2026-06-29T01:03:16.852066+00:00,94.7,40,bid,,,11840793
2026-06-29T11:03:16.397373,2026-06-29T01:03:16.863067+00:00,94.7,3,bid,,,11840794
2026-06-29T11:03:16.779881,2026-06-29T01:03:17.248067+00:00,94.2,50,ask,,,11840797
2026-06-29T11:03:17.033658,2026-06-29T01:03:17.501067+00:00,94.7,2,bid,,,11840804
2026-06-29T11:03:18.608931,2026-06-29T01:03:19.072892+00:00,94.7,49,bid,,,11840836
2026-06-29T11:03:18.843755,2026-06-29T01:03:19.314892+00:00,95.0,2,bid,,,11840848
2026-06-29T11:03:18.843755,2026-06-29T01:03:19.314892+00:00,95.2,48,bid,,,11840849
2026-06-29T11:03:23.059154,2026-06-29T01:03:23.525873+00:00,94.8,50,bid,,,11840911
2026-06-29T11:03:23.161123,2026-06-29T01:03:23.635873+00:00,94.7,48,ask,,,11840912
2026-06-29T11:03:25.167993,2026-06-29T01:03:25.637893+00:00,94.8,50,bid,,,11840943
2026-06-29T11:03:25.669749,2026-06-29T01:03:26.143476+00:00,94.9,2,bid,,,11840947
2026-06-29T11:03:25.669749,2026-06-29T01:03:26.143476+00:00,94.9,38,bid,,,11840948
2026-06-29T11:03:27.151701,2026-06-29T01:03:27.617476+00:00,94.9,45,bid,,,11840977
2026-06-29T11:03:27.276706,2026-06-29T01:03:27.749476+00:00,94.9,50,bid,,,11840982
2026-06-29T11:03:28.258629,2026-06-29T01:03:28.726745+00:00,94.8,25,ask,,,11841007
2026-06-29T11:03:28.307224,2026-06-29T01:03:28.781753+00:00,94.8,25,ask,,,11841009
2026-06-29T11:03:28.470022,2026-06-29T01:03:28.935286+00:00,94.8,25,ask,,,11841016
2026-06-29T11:03:28.520295,2026-06-29T01:03:28.990287+00:00,94.8,25,ask,,,11841019
2026-06-29T11:03:28.592978,2026-06-29T01:03:29.067286+00:00,94.8,49,ask,,,11841022
2026-06-29T11:03:28.679697,2026-06-29T01:03:29.144286+00:00,94.8,1,ask,,,11841023
2026-06-29T11:03:29.384304,2026-06-29T01:03:29.850286+00:00,94.9,4,bid,,,11841040
2026-06-29T11:03:29.384304,2026-06-29T01:03:29.861286+00:00,94.9,46,bid,,,11841041
2026-06-29T11:03:30.137283,2026-06-29T01:03:30.609286+00:00,94.9,47,bid,,,11841054
2026-06-29T11:03:31.493945,2026-06-29T01:03:31.962306+00:00,94.8,50,bid,,,11841086
2026-06-29T11:03:31.820916,2026-06-29T01:03:32.292306+00:00,94.8,100,bid,,,11841091
2026-06-29T11:03:32.135087,2026-06-29T01:03:32.600307+00:00,94.3,44,ask,,,11841100
2026-06-29T11:03:33.653083,2026-06-29T01:03:34.117836+00:00,94.3,50,ask,,,11841129
2026-06-29T11:03:38.686183,2026-06-29T01:03:39.155513+00:00,94.7,41,bid,,,11841208
2026-06-29T11:03:39.965843,2026-06-29T01:03:40.431513+00:00,94.3,50,ask,,,11841231
2026-06-29T11:03:40.845227,2026-06-29T01:03:41.311513+00:00,94.2,46,ask,,,11841248
2026-06-29T11:03:42.021854,2026-06-29T01:03:42.488513+00:00,94.6,50,bid,,,11841274
2026-06-29T11:03:44.180618,2026-06-29T01:03:44.655639+00:00,94.6,50,ask,,,11841307
2026-06-29T11:03:45.450006,2026-06-29T01:03:45.920018+00:00,94.6,46,ask,,,11841328
2026-06-29T11:03:46.287433,2026-06-29T01:03:46.755570+00:00,94.6,50,ask,,,11841347
2026-06-29T11:03:47.150766,2026-06-29T01:03:47.624570+00:00,94.5,1,ask,,,11841361
2026-06-29T11:03:47.150766,2026-06-29T01:03:47.624570+00:00,94.5,100,ask,,,11841362
2026-06-29T11:03:47.168557,2026-06-29T01:03:47.635561+00:00,94.4,25,bid,,,11841364
2026-06-29T11:03:47.325129,2026-06-29T01:03:47.789570+00:00,94.4,24,bid,,,11841369
2026-06-29T11:03:48.416903,2026-06-29T01:03:48.888187+00:00,94.1,50,ask,,,11841392
2026-06-29T11:03:50.523835,2026-06-29T01:03:50.988721+00:00,94.4,50,ask,,,11841422
2026-06-29T11:03:50.850486,2026-06-29T01:03:51.318730+00:00,94.4,100,ask,,,11841426
2026-06-29T11:03:51.069422,2026-06-29T01:03:51.538730+00:00,94.8,2,bid,,,11841429
2026-06-29T11:03:51.069422,2026-06-29T01:03:51.538730+00:00,94.9,43,bid,,,11841430
2026-06-29T11:03:52.071588,2026-06-29T01:03:52.539721+00:00,94.6,2,bid,,,11841443
2026-06-29T11:03:52.071588,2026-06-29T01:03:52.539721+00:00,94.9,45,bid,,,11841444
2026-06-29T11:03:52.651660,2026-06-29T01:03:53.122730+00:00,94.4,2,ask,,,11841465
2026-06-29T11:03:52.651660,2026-06-29T01:03:53.122730+00:00,93.8,48,ask,,,11841466
2026-06-29T11:03:53.699806,2026-06-29T01:03:54.166849+00:00,94.6,2,bid,,,11841482
2026-06-29T11:03:53.699806,2026-06-29T01:03:54.166849+00:00,94.6,39,bid,,,11841483
2026-06-29T11:03:54.759531,2026-06-29T01:03:55.233850+00:00,94.3,2,ask,,,11841506
2026-06-29T11:03:54.759531,2026-06-29T01:03:55.233850+00:00,94.1,48,ask,,,11841507
2026-06-29T11:03:56.895605,2026-06-29T01:03:57.366457+00:00,94.0,50,ask,,,11841557
2026-06-29T11:03:57.462225,2026-06-29T01:03:57.927458+00:00,93.9,44,ask,,,11841568
2026-06-29T11:03:57.555452,2026-06-29T01:03:58.026457+00:00,94.3,25,bid,,,11841572
2026-06-29T11:03:57.595585,2026-06-29T01:03:58.070458+00:00,94.3,25,bid,,,11841579
2026-06-29T11:03:57.764680,2026-06-29T01:03:58.235045+00:00,94.3,25,bid,,,11841581
2026-06-29T11:03:57.804704,2026-06-29T01:03:58.279045+00:00,94.3,25,bid,,,11841583
2026-06-29T11:03:58.950674,2026-06-29T01:03:59.423065+00:00,94.4,50,bid,,,11841620
2026-06-29T11:04:00.130381,2026-06-29T01:04:00.600065+00:00,94.6,3,bid,,,11841658
2026-06-29T11:04:00.130381,2026-06-29T01:04:00.600065+00:00,94.6,45,bid,,,11841659
2026-06-29T11:04:01.058007,2026-06-29T01:04:01.524066+00:00,94.6,50,bid,,,11841676
2026-06-29T11:04:01.352373,2026-06-29T01:04:01.821065+00:00,94.1,44,ask,,,11841681
2026-06-29T11:04:02.509526,2026-06-29T01:04:02.976066+00:00,94.2,3,ask,,,11841707
2026-06-29T11:04:02.509526,2026-06-29T01:04:02.976066+00:00,94.1,38,ask,,,11841708
2026-06-29T11:04:03.170178,2026-06-29T01:04:03.634896+00:00,94.5,3,bid,,,11841725
2026-06-29T11:04:03.170178,2026-06-29T01:04:03.645895+00:00,94.5,47,bid,,,11841726
2026-06-29T11:04:04.778320,2026-06-29T01:04:05.251895+00:00,94.5,45,bid,,,11841756
2026-06-29T11:04:05.306824,2026-06-29T01:04:05.779895+00:00,94.5,50,bid,,,11841765
2026-06-29T11:04:06.068220,2026-06-29T01:04:06.539010+00:00,94.5,100,bid,,,11841784
2026-06-29T11:04:06.068220,2026-06-29T01:04:06.539010+00:00,94.5,3,bid,,,11841785
2026-06-29T11:04:06.185019,2026-06-29T01:04:06.660010+00:00,94.6,25,ask,,,11841792
2026-06-29T11:04:06.223526,2026-06-29T01:04:06.693011+00:00,94.6,22,ask,,,11841794
2026-06-29T11:04:07.397955,2026-06-29T01:04:07.870010+00:00,94.3,25,ask,,,11841822
2026-06-29T11:04:07.414263,2026-06-29T01:04:07.881010+00:00,94.8,50,bid,,,11841824
2026-06-29T11:04:07.445607,2026-06-29T01:04:07.914011+00:00,94.3,25,ask,,,11841826
2026-06-29T11:04:07.606393,2026-06-29T01:04:08.079010+00:00,94.3,25,ask,,,11841832
2026-06-29T11:04:07.656173,2026-06-29T01:04:08.123010+00:00,94.3,25,ask,,,11841835
2026-06-29T11:04:09.063206,2026-06-29T01:04:09.530778+00:00,94.2,2,ask,,,11841857
2026-06-29T11:04:09.548366,2026-06-29T01:04:10.014778+00:00,94.4,50,bid,,,11841862
2026-06-29T11:04:12.608331,2026-06-29T01:04:13.083798+00:00,94.2,1,ask,,,11841933
2026-06-29T11:04:12.608331,2026-06-29T01:04:13.083798+00:00,94.2,43,ask,,,11841934
2026-06-29T11:04:13.766245,2026-06-29T01:04:14.238347+00:00,94.5,1,bid,,,11841967
2026-06-29T11:04:13.766245,2026-06-29T01:04:14.238347+00:00,94.7,49,bid,,,11841968
2026-06-29T11:04:14.700177,2026-06-29T01:04:15.172889+00:00,94.7,43,bid,,,11841978
2026-06-29T11:04:15.268024,2026-06-29T01:04:15.733889+00:00,94.2,48,ask,,,11841992
2026-06-29T11:04:15.873317,2026-06-29T01:04:16.338469+00:00,94.6,50,bid,,,11842004
2026-06-29T11:04:18.002450,2026-06-29T01:04:18.472292+00:00,94.6,50,bid,,,11842045
2026-06-29T11:04:18.719471,2026-06-29T01:04:19.187291+00:00,94.6,100,bid,,,11842060
2026-06-29T11:04:18.837611,2026-06-29T01:04:19.308291+00:00,94.6,25,ask,,,11842061
2026-06-29T11:04:18.886744,2026-06-29T01:04:19.352292+00:00,94.6,20,ask,,,11842064
2026-06-29T11:04:18.916924,2026-06-29T01:04:19.385291+00:00,94.6,5,ask,,,11842067
2026-06-29T11:04:19.335084,2026-06-29T01:04:19.803283+00:00,94.6,4,ask,,,11842075
2026-06-29T11:04:19.813571,2026-06-29T01:04:20.287291+00:00,94.6,4,ask,,,11842080
2026-06-29T11:04:20.109165,2026-06-29T01:04:20.584291+00:00,95.1,50,bid,,,11842095
2026-06-29T11:04:22.215635,2026-06-29T01:04:22.685282+00:00,94.7,50,bid,,,11842123
2026-06-29T11:04:22.481161,2026-06-29T01:04:22.948798+00:00,94.3,43,ask,,,11842129
2026-06-29T11:04:24.324327,2026-06-29T01:04:24.796438+00:00,94.6,3,bid,,,11842163
2026-06-29T11:04:24.324327,2026-06-29T01:04:24.796438+00:00,94.7,47,bid,,,11842164
2026-06-29T11:04:26.490396,2026-06-29T01:04:26.963007+00:00,94.3,50,ask,,,11842204
2026-06-29T11:04:26.653728,2026-06-29T01:04:27.128016+00:00,94.6,5,bid,,,11842211
2026-06-29T11:04:26.653728,2026-06-29T01:04:27.128016+00:00,94.6,42,bid,,,11842212
2026-06-29T11:04:29.829816,2026-06-29T01:04:30.294782+00:00,94.5,42,bid,,,11842244
2026-06-29T11:04:29.871387,2026-06-29T01:04:30.338782+00:00,94.3,1,ask,,,11842245
2026-06-29T11:04:32.771071,2026-06-29T01:04:33.240311+00:00,94.6,4,bid,,,11842302
2026-06-29T11:04:32.771071,2026-06-29T01:04:33.240311+00:00,94.7,46,bid,,,11842303
2026-06-29T11:04:33.474966,2026-06-29T01:04:33.944310+00:00,94.4,47,ask,,,11842310
2026-06-29T11:04:34.880470,2026-06-29T01:04:35.352319+00:00,94.6,4,bid,,,11842334
2026-06-29T11:04:34.880470,2026-06-29T01:04:35.352319+00:00,94.7,46,bid,,,11842335
2026-06-29T11:04:34.889779,2026-06-29T01:04:35.363320+00:00,94.3,1,ask,,,11842336
2026-06-29T11:04:35.079970,2026-06-29T01:04:35.550319+00:00,94.6,4,bid,,,11842344
2026-06-29T11:04:35.079970,2026-06-29T01:04:35.550319+00:00,94.7,96,bid,,,11842345
2026-06-29T11:04:37.019326,2026-06-29T01:04:37.485853+00:00,94.6,3,bid,,,11842379
2026-06-29T11:04:37.019326,2026-06-29T01:04:37.485853+00:00,94.7,47,bid,,,11842380
2026-06-29T11:04:38.129077,2026-06-29T01:04:38.596857+00:00,95.0,44,ask,,,11842406
2026-06-29T11:04:38.295594,2026-06-29T01:04:38.772865+00:00,95.0,100,ask,,,11842413
2026-06-29T11:04:38.721310,2026-06-29T01:04:39.190856+00:00,95.0,6,ask,,,11842425
2026-06-29T11:04:43.385407,2026-06-29T01:04:43.853047+00:00,94.8,50,ask,,,11842529
2026-06-29T11:04:45.497041,2026-06-29T01:04:45.965202+00:00,94.8,50,ask,,,11842568
2026-06-29T11:04:45.687629,2026-06-29T01:04:46.162382+00:00,94.9,45,bid,,,11842573
2026-06-29T11:04:47.602494,2026-06-29T01:04:48.076391+00:00,94.8,50,ask,,,11842605
2026-06-29T11:04:49.707759,2026-06-29T01:04:50.176613+00:00,94.8,50,ask,,,11842652
2026-06-29T11:04:50.987301,2026-06-29T01:04:51.452128+00:00,94.8,46,bid,,,11842679
2026-06-29T11:04:51.814083,2026-06-29T01:04:52.288119+00:00,94.5,4,ask,,,11842692
2026-06-29T11:04:51.814083,2026-06-29T01:04:52.288119+00:00,94.4,46,ask,,,11842693
2026-06-29T11:04:53.921823,2026-06-29T01:04:54.388117+00:00,94.6,50,ask,,,11842730
2026-06-29T11:04:56.027895,2026-06-29T01:04:56.499674+00:00,94.6,50,ask,,,11842764
2026-06-29T11:04:56.153735,2026-06-29T01:04:56.620675+00:00,94.7,49,bid,,,11842765
2026-06-29T11:04:56.709362,2026-06-29T01:04:57.181684+00:00,94.5,5,ask,,,11842773
2026-06-29T11:04:56.709362,2026-06-29T01:04:57.181684+00:00,94.3,36,ask,,,11842774
2026-06-29T11:04:58.134992,2026-06-29T01:04:58.610181+00:00,94.5,5,ask,,,11842799
2026-06-29T11:04:58.134992,2026-06-29T01:04:58.610181+00:00,94.4,45,ask,,,11842800
2026-06-29T11:04:58.416052,2026-06-29T01:04:58.885181+00:00,94.8,44,bid,,,11842803
2026-06-29T11:05:00.243821,2026-06-29T01:05:00.711181+00:00,94.5,5,ask,,,11842847
2026-06-29T11:05:00.243821,2026-06-29T01:05:00.711181+00:00,94.4,45,ask,,,11842848
2026-06-29T11:05:02.245491,2026-06-29T01:05:02.712291+00:00,94.5,5,ask,,,11842902
2026-06-29T11:05:02.245491,2026-06-29T01:05:02.712291+00:00,94.4,39,ask,,,11842903
2026-06-29T11:05:02.351705,2026-06-29T01:05:02.822172+00:00,94.4,50,ask,,,11842907
2026-06-29T11:05:04.205978,2026-06-29T01:05:04.680445+00:00,94.9,43,bid,,,11842938
2026-06-29T11:05:04.458323,2026-06-29T01:05:04.933445+00:00,94.6,50,ask,,,11842943
2026-06-29T11:05:04.823187,2026-06-29T01:05:05.296445+00:00,94.6,49,ask,,,11842950
2026-06-29T11:05:06.392482,2026-06-29T01:05:06.858268+00:00,95.1,47,bid,,,11842978
2026-06-29T11:05:06.563473,2026-06-29T01:05:07.034268+00:00,94.6,1,ask,,,11842984
2026-06-29T11:05:06.563473,2026-06-29T01:05:07.034268+00:00,94.6,49,ask,,,11842985
2026-06-29T11:05:08.670755,2026-06-29T01:05:09.144378+00:00,94.6,50,ask,,,11843016
2026-06-29T11:05:09.396065,2026-06-29T01:05:09.870377+00:00,94.6,25,bid,,,11843029
2026-06-29T11:05:09.571744,2026-06-29T01:05:10.046377+00:00,94.6,25,bid,,,11843031
2026-06-29T11:05:09.606891,2026-06-29T01:05:10.079377+00:00,94.6,25,bid,,,11843033
2026-06-29T11:05:09.786795,2026-06-29T01:05:10.255377+00:00,94.6,25,bid,,,11843041
2026-06-29T11:05:09.817699,2026-06-29T01:05:10.288377+00:00,94.6,25,bid,,,11843046
2026-06-29T11:05:09.995830,2026-06-29T01:05:10.464377+00:00,94.6,25,bid,,,11843051
2026-06-29T11:05:10.779763,2026-06-29T01:05:11.245377+00:00,94.5,5,ask,,,11843068
2026-06-29T11:05:10.779763,2026-06-29T01:05:11.256377+00:00,94.4,45,ask,,,11843069
2026-06-29T11:05:11.968927,2026-06-29T01:05:12.444378+00:00,94.5,5,ask,,,11843098
2026-06-29T11:05:11.968927,2026-06-29T01:05:12.444378+00:00,94.4,38,ask,,,11843099
2026-06-29T11:05:12.837070,2026-06-29T01:05:13.311747+00:00,94.9,50,bid,,,11843110
2026-06-29T11:05:13.211815,2026-06-29T01:05:13.685253+00:00,94.8,25,bid,,,11843117
2026-06-29T11:05:13.233686,2026-06-29T01:05:13.707253+00:00,94.8,25,bid,,,11843119
2026-06-29T11:05:13.422769,2026-06-29T01:05:13.894253+00:00,94.8,25,bid,,,11843122
2026-06-29T11:05:13.443273,2026-06-29T01:05:13.916253+00:00,94.8,25,bid,,,11843124
2026-06-29T11:05:14.372730,2026-06-29T01:05:14.840244+00:00,94.7,43,ask,,,11843148
2026-06-29T11:05:14.944892,2026-06-29T01:05:15.412244+00:00,95.2,50,bid,,,11843165
2026-06-29T11:05:16.413965,2026-06-29T01:05:16.885060+00:00,95.1,49,bid,,,11843191
2026-06-29T11:05:16.986158,2026-06-29T01:05:17.457060+00:00,95.1,43,bid,,,11843197
2026-06-29T11:05:17.101202,2026-06-29T01:05:17.567060+00:00,94.7,50,ask,,,11843204
2026-06-29T11:05:19.161666,2026-06-29T01:05:19.634291+00:00,95.1,8,bid,,,11843237
2026-06-29T11:05:19.161666,2026-06-29T01:05:19.634291+00:00,95.1,42,bid,,,11843238
2026-06-29T11:05:20.118657,2026-06-29T01:05:20.591300+00:00,95.0,45,ask,,,11843256
2026-06-29T11:05:21.041481,2026-06-29T01:05:21.515300+00:00,95.0,25,ask,,,11843279
2026-06-29T11:05:21.069508,2026-06-29T01:05:21.537300+00:00,95.0,25,ask,,,11843282
2026-06-29T11:05:21.256428,2026-06-29T01:05:21.724291+00:00,95.0,5,ask,,,11843287
2026-06-29T11:05:21.268196,2026-06-29T01:05:21.735291+00:00,95.1,50,bid,,,11843289
2026-06-29T11:05:23.376281,2026-06-29T01:05:23.845906+00:00,95.1,50,bid,,,11843327
2026-06-29T11:05:23.606897,2026-06-29T01:05:24.076915+00:00,95.1,43,bid,,,11843332
2026-06-29T11:05:25.482298,2026-06-29T01:05:25.957915+00:00,95.1,7,bid,,,11843360
2026-06-29T11:05:26.273362,2026-06-29T01:05:26.738473+00:00,95.0,25,ask,,,11843375
2026-06-29T11:05:26.288023,2026-06-29T01:05:26.760464+00:00,95.0,25,ask,,,11843377
2026-06-29T11:05:27.593514,2026-06-29T01:05:28.058472+00:00,95.5,50,bid,,,11843419
2026-06-29T11:05:28.486591,2026-06-29T01:05:28.960587+00:00,95.1,25,ask,,,11843425
2026-06-29T11:05:28.501355,2026-06-29T01:05:28.971587+00:00,95.1,25,ask,,,11843427
2026-06-29T11:05:28.696204,2026-06-29T01:05:29.169596+00:00,95.1,25,ask,,,11843432
2026-06-29T11:05:28.710531,2026-06-29T01:05:29.180596+00:00,95.1,25,ask,,,11843434
2026-06-29T11:05:28.921153,2026-06-29T01:05:29.389596+00:00,95.1,25,ask,,,11843443
2026-06-29T11:05:29.707584,2026-06-29T01:05:30.181616+00:00,95.5,50,bid,,,11843459
2026-06-29T11:05:32.050924,2026-06-29T01:05:32.524131+00:00,95.1,100,bid,,,11843522
2026-06-29T11:05:34.928501,2026-06-29T01:05:35.405896+00:00,95.0,46,ask,,,11843575
2026-06-29T11:05:36.092053,2026-06-29T01:05:36.559667+00:00,95.0,50,ask,,,11843599
2026-06-29T11:05:39.401297,2026-06-29T01:05:39.870039+00:00,95.2,47,bid,,,11843666
2026-06-29T11:05:40.255306,2026-06-29T01:05:40.728039+00:00,95.2,50,bid,,,11843677
2026-06-29T11:05:42.415845,2026-06-29T01:05:42.884039+00:00,95.1,50,ask,,,11843719
2026-06-29T11:05:44.185513,2026-06-29T01:05:44.653382+00:00,95.1,44,ask,,,11843760
2026-06-29T11:05:44.522235,2026-06-29T01:05:44.993382+00:00,95.1,50,ask,,,11843765
2026-06-29T11:05:44.533782,2026-06-29T01:05:45.004366+00:00,95.1,6,ask,,,11843766
2026-06-29T11:05:45.861500,2026-06-29T01:05:46.334805+00:00,94.9,1,ask,,,11843780
2026-06-29T11:05:45.861500,2026-06-29T01:05:46.334805+00:00,94.8,48,ask,,,11843781
2026-06-29T11:05:46.627090,2026-06-29T01:05:47.093320+00:00,94.8,50,ask,,,11843794
2026-06-29T11:05:47.378013,2026-06-29T01:05:47.852329+00:00,94.9,25,bid,,,11843804
2026-06-29T11:05:47.551210,2026-06-29T01:05:48.017329+00:00,94.9,25,bid,,,11843812
2026-06-29T11:05:47.586297,2026-06-29T01:05:48.061329+00:00,94.9,25,bid,,,11843815
2026-06-29T11:05:47.765959,2026-06-29T01:05:48.236609+00:00,94.9,25,bid,,,11843826
2026-06-29T11:05:47.794584,2026-06-29T01:05:48.269609+00:00,94.9,25,bid,,,11843829
2026-06-29T11:05:47.974727,2026-06-29T01:05:48.445609+00:00,94.9,25,bid,,,11843834
2026-06-29T11:05:48.732735,2026-06-29T01:05:49.204600+00:00,94.7,50,ask,,,11843854
2026-06-29T11:05:50.841277,2026-06-29T01:05:51.316621+00:00,95.0,50,ask,,,11843896
2026-06-29T11:05:51.066033,2026-06-29T01:05:51.536630+00:00,95.0,100,ask,,,11843898
2026-06-29T11:05:53.338765,2026-06-29T01:05:53.813252+00:00,95.5,43,bid,,,11843945
2026-06-29T11:05:55.052552,2026-06-29T01:05:55.518253+00:00,94.8,50,ask,,,11843984
2026-06-29T11:05:55.089654,2026-06-29T01:05:55.562252+00:00,94.8,42,ask,,,11843985
2026-06-29T11:05:57.160915,2026-06-29T01:05:57.629945+00:00,94.8,8,ask,,,11844034
2026-06-29T11:05:57.160915,2026-06-29T01:05:57.629945+00:00,94.6,42,ask,,,11844035
2026-06-29T11:05:58.613773,2026-06-29T01:05:59.079713+00:00,95.1,1,bid,,,11844072
2026-06-29T11:05:58.613773,2026-06-29T01:05:59.090713+00:00,95.1,43,bid,,,11844073
2026-06-29T11:05:59.083724,2026-06-29T01:05:59.552713+00:00,94.6,45,ask,,,11844079
2026-06-29T11:06:00.027668,2026-06-29T01:06:00.498714+00:00,94.7,25,bid,,,11844105
2026-06-29T11:06:00.208220,2026-06-29T01:06:00.674714+00:00,94.7,25,bid,,,11844110
2026-06-29T11:06:00.238019,2026-06-29T01:06:00.707713+00:00,94.7,25,bid,,,11844114
2026-06-29T11:06:00.418773,2026-06-29T01:06:00.894713+00:00,94.7,25,bid,,,11844123
2026-06-29T11:06:00.447505,2026-06-29T01:06:00.916705+00:00,94.7,25,bid,,,11844126
2026-06-29T11:06:00.627738,2026-06-29T01:06:01.092713+00:00,94.7,25,bid,,,11844129
2026-06-29T11:06:01.321723,2026-06-29T01:06:01.796714+00:00,95.0,50,bid,,,11844143
2026-06-29T11:06:01.351430,2026-06-29T01:06:01.818713+00:00,95.0,45,bid,,,11844144
2026-06-29T11:06:03.042614,2026-06-29T01:06:03.521007+00:00,95.0,5,bid,,,11844178
2026-06-29T11:06:03.042614,2026-06-29T01:06:03.521007+00:00,95.0,5,bid,,,11844179
2026-06-29T11:06:03.326992,2026-06-29T01:06:03.796015+00:00,95.1,5,ask,,,11844180
2026-06-29T11:06:03.478310,2026-06-29T01:06:03.950016+00:00,95.1,50,ask,,,11844187
2026-06-29T11:06:03.848344,2026-06-29T01:06:04.324016+00:00,95.1,46,ask,,,11844195
2026-06-29T11:06:03.903180,2026-06-29T01:06:04.379006+00:00,95.1,5,ask,,,11844196
2026-06-29T11:06:04.730839,2026-06-29T01:06:05.204016+00:00,95.1,4,ask,,,11844210
2026-06-29T11:06:05.584808,2026-06-29T01:06:06.051016+00:00,95.1,40,ask,,,11844232
2026-06-29T11:06:05.584808,2026-06-29T01:06:06.051016+00:00,94.9,10,ask,,,11844233
2026-06-29T11:06:05.860473,2026-06-29T01:06:06.325573+00:00,95.1,4,bid,,,11844236
2026-06-29T11:06:06.069541,2026-06-29T01:06:06.534574+00:00,95.1,4,bid,,,11844240
2026-06-29T11:06:06.491227,2026-06-29T01:06:06.963573+00:00,95.1,25,bid,,,11844251
2026-06-29T11:06:06.495838,2026-06-29T01:06:06.963573+00:00,95.1,2,bid,,,11844252
2026-06-29T11:06:06.705514,2026-06-29T01:06:07.172573+00:00,95.1,6,bid,,,11844257
2026-06-29T11:06:06.710070,2026-06-29T01:06:07.183573+00:00,95.1,2,bid,,,11844258
2026-06-29T11:06:07.694953,2026-06-29T01:06:08.161698+00:00,95.0,50,ask,,,11844291
2026-06-29T11:06:08.054580,2026-06-29T01:06:08.524688+00:00,95.1,45,bid,,,11844298
2026-06-29T11:06:09.253164,2026-06-29T01:06:09.723698+00:00,95.0,47,ask,,,11844341
2026-06-29T11:06:09.800576,2026-06-29T01:06:10.273697+00:00,95.0,3,ask,,,11844352
2026-06-29T11:06:09.800576,2026-06-29T01:06:10.273697+00:00,94.8,2,ask,,,11844353
2026-06-29T11:06:09.800576,2026-06-29T01:06:10.273697+00:00,94.7,45,ask,,,11844354
2026-06-29T11:06:10.771703,2026-06-29T01:06:11.241697+00:00,94.9,15,bid,,,11844374
2026-06-29T11:06:10.915595,2026-06-29T01:06:11.384698+00:00,94.9,41,bid,,,11844377
2026-06-29T11:06:11.535812,2026-06-29T01:06:12.011698+00:00,94.9,41,bid,,,11844385
2026-06-29T11:06:11.687773,2026-06-29T01:06:12.154698+00:00,94.9,3,bid,,,11844390
2026-06-29T11:06:11.910618,2026-06-29T01:06:12.385698+00:00,94.8,5,ask,,,11844402
2026-06-29T11:06:11.910618,2026-06-29T01:06:12.385698+00:00,94.7,45,ask,,,11844403
2026-06-29T11:06:14.016392,2026-06-29T01:06:14.485407+00:00,94.9,50,ask,,,11844434
2026-06-29T11:06:15.025196,2026-06-29T01:06:15.495407+00:00,95.0,40,bid,,,11844452
2026-06-29T11:06:16.123520,2026-06-29T01:06:16.593970+00:00,94.9,50,ask,,,11844471
2026-06-29T11:06:18.230414,2026-06-29T01:06:18.704677+00:00,94.5,50,ask,,,11844505
2026-06-29T11:06:22.391064,2026-06-29T01:06:22.859408+00:00,94.8,50,bid,,,11844581
2026-06-29T11:06:24.498042,2026-06-29T01:06:24.970748+00:00,94.8,50,bid,,,11844615
2026-06-29T11:06:25.273482,2026-06-29T01:06:25.740649+00:00,94.9,6,bid,,,11844627
2026-06-29T11:06:25.273482,2026-06-29T01:06:25.740649+00:00,94.9,100,bid,,,11844628
2026-06-29T11:06:25.295648,2026-06-29T01:06:25.762649+00:00,94.9,6,ask,,,11844629
2026-06-29T11:06:25.346965,2026-06-29T01:06:25.817648+00:00,94.9,6,ask,,,11844630
2026-06-29T11:06:26.298175,2026-06-29T01:06:26.773724+00:00,94.9,6,ask,,,11844650
2026-06-29T11:06:26.524800,2026-06-29T01:06:26.993734+00:00,95.0,6,bid,,,11844657
2026-06-29T11:06:26.617987,2026-06-29T01:06:27.092734+00:00,95.4,50,bid,,,11844661
2026-06-29T11:06:27.335281,2026-06-29T01:06:27.807725+00:00,95.0,6,bid,,,11844674
2026-06-29T11:06:28.726229,2026-06-29T01:06:29.192858+00:00,95.0,6,bid,,,11844708
2026-06-29T11:06:28.726229,2026-06-29T01:06:29.203858+00:00,95.0,44,bid,,,11844709
2026-06-29T11:06:30.835705,2026-06-29T01:06:31.303968+00:00,95.0,50,bid,,,11844733
2026-06-29T11:06:32.207369,2026-06-29T01:06:32.677372+00:00,94.8,46,ask,,,11844756
2026-06-29T11:06:32.760931,2026-06-29T01:06:33.237456+00:00,95.0,6,bid,,,11844770
2026-06-29T11:06:32.942036,2026-06-29T01:06:33.413456+00:00,95.3,50,bid,,,11844778
2026-06-29T11:06:34.174664,2026-06-29T01:06:34.643979+00:00,95.1,6,bid,,,11844800
2026-06-29T11:06:35.047545,2026-06-29T01:06:35.512980+00:00,95.3,50,bid,,,11844820
2026-06-29T11:06:37.153275,2026-06-29T01:06:37.621402+00:00,95.4,50,bid,,,11844869
2026-06-29T11:06:37.938695,2026-06-29T01:06:38.411676+00:00,95.2,6,bid,,,11844886
2026-06-29T11:06:39.158052,2026-06-29T01:06:39.630685+00:00,95.2,44,ask,,,11844900
2026-06-29T11:06:39.260315,2026-06-29T01:06:39.729685+00:00,95.6,50,bid,,,11844903
2026-06-29T11:06:39.723324,2026-06-29T01:06:40.191190+00:00,95.2,43,ask,,,11844911
2026-06-29T11:06:40.778876,2026-06-29T01:06:41.247199+00:00,95.6,48,bid,,,11844931
2026-06-29T11:06:41.252439,2026-06-29T01:06:41.731190+00:00,95.1,41,ask,,,11844935
2026-06-29T11:06:41.416367,2026-06-29T01:06:41.885199+00:00,95.1,50,ask,,,11844936
2026-06-29T11:06:42.918514,2026-06-29T01:06:43.391328+00:00,95.4,6,ask,,,11844961
2026-06-29T11:06:42.960146,2026-06-29T01:06:43.435328+00:00,95.4,6,ask,,,11844962
2026-06-29T11:06:45.625546,2026-06-29T01:06:46.095484+00:00,95.3,50,ask,,,11845013
2026-06-29T11:06:47.731153,2026-06-29T01:06:48.206252+00:00,95.3,50,ask,,,11845075
2026-06-29T11:06:49.836707,2026-06-29T01:06:50.307251+00:00,95.2,50,ask,,,11845099
2026-06-29T11:06:51.942294,2026-06-29T01:06:52.408243+00:00,95.2,3,ask,,,11845127
2026-06-29T11:06:51.942294,2026-06-29T01:06:52.419242+00:00,95.0,47,ask,,,11845128
2026-06-29T11:06:54.053538,2026-06-29T01:06:54.529773+00:00,95.2,3,ask,,,11845167
2026-06-29T11:06:54.053538,2026-06-29T01:06:54.529773+00:00,95.1,47,ask,,,11845168
2026-06-29T11:06:55.586726,2026-06-29T01:06:56.058773+00:00,95.6,42,bid,,,11845206
2026-06-29T11:06:56.160905,2026-06-29T01:06:56.630328+00:00,95.1,50,ask,,,11845215
2026-06-29T11:06:56.990450,2026-06-29T01:06:57.466327+00:00,95.1,100,ask,,,11845227
2026-06-29T11:06:57.512228,2026-06-29T01:06:57.983336+00:00,95.0,41,bid,,,11845231
2026-06-29T11:06:58.267671,2026-06-29T01:06:58.741641+00:00,94.5,50,ask,,,11845242
2026-06-29T11:07:00.101205,2026-06-29T01:07:00.567218+00:00,95.0,100,bid,,,11845257
2026-06-29T11:07:00.181969,2026-06-29T01:07:00.655229+00:00,95.0,48,ask,,,11845258
2026-06-29T11:07:01.645581,2026-06-29T01:07:02.118154+00:00,95.3,45,bid,,,11845288
2026-06-29T11:07:02.426534,2026-06-29T01:07:02.899155+00:00,95.3,50,bid,,,11845300
2026-06-29T11:07:02.713377,2026-06-29T01:07:03.195284+00:00,95.0,2,ask,,,11845306
2026-06-29T11:07:02.713377,2026-06-29T01:07:03.195284+00:00,94.9,6,ask,,,11845307
2026-06-29T11:07:02.713377,2026-06-29T01:07:03.195284+00:00,94.8,35,ask,,,11845308
2026-06-29T11:07:03.742236,2026-06-29T01:07:04.218283+00:00,94.9,6,bid,,,11845323
2026-06-29T11:07:03.785015,2026-06-29T01:07:04.251284+00:00,94.9,49,bid,,,11845325
2026-06-29T11:07:03.802945,2026-06-29T01:07:04.273284+00:00,94.9,95,bid,,,11845326
2026-06-29T11:07:04.549165,2026-06-29T01:07:05.032284+00:00,95.7,50,bid,,,11845337
2026-06-29T11:07:06.656731,2026-06-29T01:07:07.132982+00:00,95.6,50,bid,,,11845369
2026-06-29T11:07:08.711610,2026-06-29T01:07:09.177216+00:00,95.1,44,ask,,,11845390
2026-06-29T11:07:08.771550,2026-06-29T01:07:09.243215+00:00,95.6,50,bid,,,11845392
2026-06-29T11:07:09.882149,2026-06-29T01:07:10.353105+00:00,95.4,1,ask,,,11845411
2026-06-29T11:07:10.881518,2026-06-29T01:07:11.353620+00:00,95.6,50,bid,,,11845424
2026-06-29T11:07:11.486922,2026-06-29T01:07:11.958620+00:00,95.4,1,ask,,,11845428
2026-06-29T11:07:12.761811,2026-06-29T01:07:13.233871+00:00,95.6,50,bid,,,11845462
2026-06-29T11:07:12.988669,2026-06-29T01:07:13.464892+00:00,96.1,50,bid,,,11845467
2026-06-29T11:07:13.592248,2026-06-29T01:07:14.069891+00:00,96.1,40,bid,,,11845478
2026-06-29T11:07:15.101499,2026-06-29T01:07:15.576397+00:00,96.1,50,bid,,,11845506
2026-06-29T11:07:17.261602,2026-06-29T01:07:17.742960+00:00,95.9,50,ask,,,11845546
2026-06-29T11:07:17.436803,2026-06-29T01:07:17.907969+00:00,95.9,25,ask,,,11845550
2026-06-29T11:07:17.498958,2026-06-29T01:07:17.973969+00:00,95.9,25,ask,,,11845552
2026-06-29T11:07:17.646262,2026-06-29T01:07:18.116969+00:00,95.9,25,ask,,,11845554
2026-06-29T11:07:17.719057,2026-06-29T01:07:18.193094+00:00,95.9,25,ask,,,11845556
2026-06-29T11:07:19.369534,2026-06-29T01:07:19.843096+00:00,95.6,50,ask,,,11845581
2026-06-29T11:07:19.754026,2026-06-29T01:07:20.228096+00:00,95.4,45,ask,,,11845587
2026-06-29T11:07:20.234147,2026-06-29T01:07:20.700721+00:00,95.8,41,bid,,,11845592
2026-06-29T11:07:25.636562,2026-06-29T01:07:26.111212+00:00,95.7,50,bid,,,11845697
2026-06-29T11:07:27.743698,2026-06-29T01:07:28.210483+00:00,95.6,50,bid,,,11845739
2026-06-29T11:07:29.849673,2026-06-29T01:07:30.322126+00:00,95.7,7,bid,,,11845779
2026-06-29T11:07:29.849673,2026-06-29T01:07:30.322126+00:00,95.7,43,bid,,,11845780
2026-06-29T11:07:31.959616,2026-06-29T01:07:32.434017+00:00,95.7,6,bid,,,11845817
2026-06-29T11:07:31.959616,2026-06-29T01:07:32.434017+00:00,95.8,44,bid,,,11845818
2026-06-29T11:07:33.304200,2026-06-29T01:07:33.775077+00:00,95.4,42,ask,,,11845847
2026-06-29T11:07:34.119620,2026-06-29T01:07:34.589086+00:00,95.4,50,ask,,,11845855
2026-06-29T11:07:34.802387,2026-06-29T01:07:35.271086+00:00,95.7,42,bid,,,11845868
2026-06-29T11:07:35.439074,2026-06-29T01:07:35.909077+00:00,95.4,100,bid,,,11845886
2026-06-29T11:07:35.445490,2026-06-29T01:07:35.920077+00:00,95.4,49,bid,,,11845887
2026-06-29T11:07:36.175024,2026-06-29T01:07:36.645638+00:00,95.4,1,bid,,,11845909
2026-06-29T11:07:37.451832,2026-06-29T01:07:37.920629+00:00,94.9,45,ask,,,11845933
2026-06-29T11:07:38.281393,2026-06-29T01:07:38.754221+00:00,95.7,7,bid,,,11845945
2026-06-29T11:07:38.281393,2026-06-29T01:07:38.754221+00:00,96.0,43,bid,,,11845946
2026-06-29T11:07:38.776346,2026-06-29T01:07:39.248111+00:00,95.6,25,ask,,,11845954
2026-06-29T11:07:38.894807,2026-06-29T01:07:39.369111+00:00,95.6,25,ask,,,11845958
2026-06-29T11:07:38.985759,2026-06-29T01:07:39.457111+00:00,95.6,25,ask,,,11845962
2026-06-29T11:07:39.106763,2026-06-29T01:07:39.578117+00:00,95.6,25,ask,,,11845971
2026-06-29T11:07:39.198197,2026-06-29T01:07:39.666128+00:00,95.6,25,ask,,,11845977
2026-06-29T11:07:39.316005,2026-06-29T01:07:39.787144+00:00,95.6,25,ask,,,11845986
2026-06-29T11:07:40.027249,2026-06-29T01:07:40.502111+00:00,95.5,44,ask,,,11845999
2026-06-29T11:07:40.388935,2026-06-29T01:07:40.865103+00:00,96.0,50,bid,,,11846008
2026-06-29T11:07:41.277082,2026-06-29T01:07:41.744111+00:00,95.5,56,ask,,,11846018
2026-06-29T11:07:42.494577,2026-06-29T01:07:42.965102+00:00,95.5,50,bid,,,11846047
2026-06-29T11:07:43.301597,2026-06-29T01:07:43.779280+00:00,95.2,47,ask,,,11846063
2026-06-29T11:07:44.602346,2026-06-29T01:07:45.076270+00:00,95.6,50,bid,,,11846092
2026-06-29T11:07:45.178034,2026-06-29T01:07:45.648389+00:00,95.4,48,bid,,,11846103
2026-06-29T11:07:46.710189,2026-06-29T01:07:47.176940+00:00,95.4,50,bid,,,11846133
2026-06-29T11:07:46.724989,2026-06-29T01:07:47.198941+00:00,95.4,2,bid,,,11846134
2026-06-29T11:07:46.724989,2026-06-29T01:07:47.198941+00:00,95.6,45,bid,,,11846135
2026-06-29T11:07:47.622977,2026-06-29T01:07:48.089455+00:00,95.5,25,ask,,,11846159
2026-06-29T11:07:47.756103,2026-06-29T01:07:48.230997+00:00,95.5,25,ask,,,11846163
2026-06-29T11:07:47.821356,2026-06-29T01:07:48.296997+00:00,95.5,47,ask,,,11846165
2026-06-29T11:07:47.834542,2026-06-29T01:07:48.307997+00:00,95.5,25,ask,,,11846166
2026-06-29T11:07:47.964339,2026-06-29T01:07:48.439997+00:00,95.5,25,ask,,,11846173
2026-06-29T11:07:48.044207,2026-06-29T01:07:48.516997+00:00,95.5,3,ask,,,11846178
2026-06-29T11:07:48.816946,2026-06-29T01:07:49.286988+00:00,95.7,50,bid,,,11846187
2026-06-29T11:07:49.430623,2026-06-29T01:07:49.901997+00:00,95.7,42,bid,,,11846201
2026-06-29T11:07:49.484987,2026-06-29T01:07:49.957107+00:00,95.2,49,ask,,,11846205
2026-06-29T11:07:50.924127,2026-06-29T01:07:51.397601+00:00,95.4,50,bid,,,11846238
2026-06-29T11:07:51.250428,2026-06-29T01:07:51.716622+00:00,95.4,100,bid,,,11846251
2026-06-29T11:07:53.029692,2026-06-29T01:07:53.497565+00:00,96.0,50,bid,,,11846279
2026-06-29T11:07:53.937914,2026-06-29T01:07:54.410565+00:00,95.6,22,ask,,,11846308
2026-06-29T11:07:55.188099,2026-06-29T01:07:55.664079+00:00,95.6,50,ask,,,11846334
2026-06-29T11:07:55.480608,2026-06-29T01:07:55.950079+00:00,95.8,46,bid,,,11846340
2026-06-29T11:07:57.243671,2026-06-29T01:07:57.710100+00:00,95.8,50,bid,,,11846371
2026-06-29T11:07:59.350132,2026-06-29T01:07:59.821194+00:00,95.9,50,bid,,,11846402
2026-06-29T11:08:00.189826,2026-06-29T01:08:00.659194+00:00,95.8,1,bid,,,11846407
2026-06-29T11:08:00.211354,2026-06-29T01:08:00.681194+00:00,95.8,1,ask,,,11846409
2026-06-29T11:08:00.257767,2026-06-29T01:08:00.736194+00:00,95.8,2,ask,,,11846410
2026-06-29T11:08:00.280407,2026-06-29T01:08:00.747194+00:00,95.8,1,ask,,,11846413
2026-06-29T11:08:00.303631,2026-06-29T01:08:00.780194+00:00,95.8,2,ask,,,11846416
2026-06-29T11:08:00.336971,2026-06-29T01:08:00.813194+00:00,95.8,1,ask,,,11846417
2026-06-29T11:08:00.743115,2026-06-29T01:08:01.209185+00:00,95.9,1,bid,,,11846424
2026-06-29T11:08:00.801944,2026-06-29T01:08:01.275185+00:00,95.9,2,ask,,,11846425
2026-06-29T11:08:01.412771,2026-06-29T01:08:01.880194+00:00,95.9,1,ask,,,11846437
2026-06-29T11:08:01.513676,2026-06-29T01:08:01.990194+00:00,95.9,50,ask,,,11846439
2026-06-29T11:08:01.994298,2026-06-29T01:08:02.463203+00:00,95.9,46,ask,,,11846443
2026-06-29T11:08:01.994298,2026-06-29T01:08:02.463203+00:00,95.8,3,ask,,,11846444
2026-06-29T11:08:03.417546,2026-06-29T01:08:03.893316+00:00,95.6,5,ask,,,11846470
2026-06-29T11:08:03.621818,2026-06-29T01:08:04.091316+00:00,95.4,50,ask,,,11846474
2026-06-29T11:08:03.826381,2026-06-29T01:08:04.300328+00:00,95.7,5,ask,,,11846477
2026-06-29T11:08:04.036560,2026-06-29T01:08:04.509337+00:00,95.7,5,ask,,,11846481
2026-06-29T11:08:04.480363,2026-06-29T01:08:04.949337+00:00,95.9,46,bid,,,11846484
2026-06-29T11:08:05.730929,2026-06-29T01:08:06.202895+00:00,95.6,4,ask,,,11846510
2026-06-29T11:08:05.730929,2026-06-29T01:08:06.202895+00:00,95.4,46,ask,,,11846511
2026-06-29T11:08:06.876512,2026-06-29T01:08:07.346401+00:00,95.6,4,ask,,,11846523
2026-06-29T11:08:06.876512,2026-06-29T01:08:07.346401+00:00,95.4,36,ask,,,11846524
2026-06-29T11:08:07.761830,2026-06-29T01:08:08.236659+00:00,95.8,44,bid,,,11846539
2026-06-29T11:08:07.841073,2026-06-29T01:08:08.313650+00:00,95.6,4,ask,,,11846541
2026-06-29T11:08:07.841073,2026-06-29T01:08:08.313650+00:00,95.4,46,ask,,,11846542
2026-06-29T11:08:09.955197,2026-06-29T01:08:10.424661+00:00,95.6,5,ask,,,11846574
2026-06-29T11:08:09.955197,2026-06-29T01:08:10.424661+00:00,95.3,45,ask,,,11846575
2026-06-29T11:08:12.022298,2026-06-29T01:08:12.490661+00:00,95.7,50,bid,,,11846612
2026-06-29T11:08:13.228050,2026-06-29T01:08:13.698944+00:00,95.6,5,ask,,,11846628
2026-06-29T11:08:13.228050,2026-06-29T01:08:13.698944+00:00,95.5,38,ask,,,11846629
2026-06-29T11:08:13.857905,2026-06-29T01:08:14.325944+00:00,95.5,43,ask,,,11846637
2026-06-29T11:08:14.188044,2026-06-29T01:08:14.655935+00:00,95.5,50,ask,,,11846643
2026-06-29T11:08:14.481074,2026-06-29T01:08:14.953053+00:00,96.0,45,bid,,,11846655
2026-06-29T11:08:15.831961,2026-06-29T01:08:16.305498+00:00,96.0,46,bid,,,11846689
2026-06-29T11:08:17.029236,2026-06-29T01:08:17.504023+00:00,95.5,5,ask,,,11846709
2026-06-29T11:08:17.029236,2026-06-29T01:08:17.504023+00:00,95.5,38,ask,,,11846710
2026-06-29T11:08:18.347651,2026-06-29T01:08:18.823271+00:00,95.9,50,bid,,,11846735
2026-06-29T11:08:18.574885,2026-06-29T01:08:19.043271+00:00,95.9,42,bid,,,11846739
2026-06-29T11:08:21.516328,2026-06-29T01:08:21.991291+00:00,95.7,43,ask,,,11846797
2026-06-29T11:08:22.581374,2026-06-29T01:08:23.058291+00:00,95.8,2,bid,,,11846823
2026-06-29T11:08:22.581374,2026-06-29T01:08:23.058291+00:00,95.8,48,bid,,,11846824
2026-06-29T11:08:23.538755,2026-06-29T01:08:24.014930+00:00,95.9,47,bid,,,11846841
2026-06-29T11:08:24.712241,2026-06-29T01:08:25.181040+00:00,95.9,50,bid,,,11846877
2026-06-29T11:08:25.505353,2026-06-29T01:08:25.971922+00:00,95.9,100,bid,,,11846891
2026-06-29T11:08:25.966337,2026-06-29T01:08:26.444590+00:00,96.0,3,ask,,,11846899
2026-06-29T11:08:26.685656,2026-06-29T01:08:27.159480+00:00,96.0,45,ask,,,11846917
2026-06-29T11:08:26.894909,2026-06-29T01:08:27.368480+00:00,96.0,2,ask,,,11846922
2026-06-29T11:08:26.894909,2026-06-29T01:08:27.368480+00:00,95.8,48,ask,,,11846923
2026-06-29T11:08:29.003188,2026-06-29T01:08:29.478775+00:00,95.8,50,ask,,,11846976
2026-06-29T11:08:29.243966,2026-06-29T01:08:29.709766+00:00,95.7,4,ask,,,11846986
2026-06-29T11:08:29.243966,2026-06-29T01:08:29.720766+00:00,95.5,41,ask,,,11846987
2026-06-29T11:08:30.336129,2026-06-29T01:08:30.808766+00:00,95.9,43,bid,,,11847001
2026-06-29T11:08:31.108381,2026-06-29T01:08:31.578885+00:00,95.6,5,ask,,,11847013
2026-06-29T11:08:31.108381,2026-06-29T01:08:31.578885+00:00,95.5,45,ask,,,11847014
2026-06-29T11:08:31.340083,2026-06-29T01:08:31.809284+00:00,95.6,5,ask,,,11847020
2026-06-29T11:08:31.340083,2026-06-29T01:08:31.809284+00:00,95.5,14,ask,,,11847021
2026-06-29T11:08:31.340083,2026-06-29T01:08:31.809284+00:00,95.4,22,ask,,,11847022
2026-06-29T11:08:31.929502,2026-06-29T01:08:32.403292+00:00,95.8,40,bid,,,11847036
2026-06-29T11:08:32.417984,2026-06-29T01:08:32.887283+00:00,95.6,3,ask,,,11847041
2026-06-29T11:08:32.826451,2026-06-29T01:08:33.294395+00:00,95.5,40,bid,,,11847046
2026-06-29T11:08:33.169598,2026-06-29T01:08:33.646395+00:00,95.5,50,bid,,,11847055
2026-06-29T11:08:33.385572,2026-06-29T01:08:33.855395+00:00,95.5,3,bid,,,11847059
2026-06-29T11:08:34.454722,2026-06-29T01:08:34.922397+00:00,95.3,44,ask,,,11847088
2026-06-29T11:08:35.275471,2026-06-29T01:08:35.747395+00:00,95.5,4,bid,,,11847118
2026-06-29T11:08:35.275471,2026-06-29T01:08:35.758395+00:00,95.7,46,bid,,,11847119
2026-06-29T11:08:37.384139,2026-06-29T01:08:37.858676+00:00,95.7,50,bid,,,11847149
2026-06-29T11:08:39.490731,2026-06-29T01:08:39.958523+00:00,95.8,50,bid,,,11847194
2026-06-29T11:08:40.354800,2026-06-29T01:08:40.827522+00:00,95.8,47,bid,,,11847216
2026-06-29T11:08:41.305082,2026-06-29T01:08:41.773531+00:00,95.8,3,bid,,,11847235
2026-06-29T11:08:41.602326,2026-06-29T01:08:42.070384+00:00,95.9,1,bid,,,11847239
2026-06-29T11:08:43.768290,2026-06-29T01:08:44.235345+00:00,95.8,50,ask,,,11847281
2026-06-29T11:08:45.003473,2026-06-29T01:08:45.478345+00:00,95.9,3,bid,,,11847291
2026-06-29T11:08:45.875877,2026-06-29T01:08:46.346878+00:00,95.9,50,ask,,,11847318
2026-06-29T11:08:47.981554,2026-06-29T01:08:48.455586+00:00,95.9,47,ask,,,11847365
2026-06-29T11:08:47.981554,2026-06-29T01:08:48.466586+00:00,95.8,3,ask,,,11847366
2026-06-29T11:08:50.089491,2026-06-29T01:08:50.556586+00:00,95.8,50,ask,,,11847407
2026-06-29T11:08:52.196465,2026-06-29T01:08:52.666696+00:00,95.5,50,ask,,,11847441
2026-06-29T11:08:54.302392,2026-06-29T01:08:54.777541+00:00,95.5,50,ask,,,11847486
2026-06-29T11:08:54.847900,2026-06-29T01:08:55.316532+00:00,95.5,45,ask,,,11847493
2026-06-29T11:08:55.369213,2026-06-29T01:08:55.844541+00:00,95.7,44,bid,,,11847505
2026-06-29T11:08:56.158372,2026-06-29T01:08:56.625563+00:00,95.7,25,bid,,,11847524
2026-06-29T11:08:56.265322,2026-06-29T01:08:56.735564+00:00,95.7,25,bid,,,11847527
2026-06-29T11:08:56.368602,2026-06-29T01:08:56.845564+00:00,95.7,6,bid,,,11847530
2026-06-29T11:08:56.408641,2026-06-29T01:08:56.878564+00:00,95.5,50,ask,,,11847531
2026-06-29T11:08:57.077747,2026-06-29T01:08:57.549573+00:00,95.2,43,ask,,,11847549
2026-06-29T11:08:57.277404,2026-06-29T01:08:57.747573+00:00,95.7,25,bid,,,11847553
2026-06-29T11:08:57.380646,2026-06-29T01:08:57.857572+00:00,95.7,25,bid,,,11847555
2026-06-29T11:08:58.465217,2026-06-29T01:08:58.934736+00:00,95.7,50,bid,,,11847576
2026-06-29T11:08:58.687655,2026-06-29T01:08:59.154617+00:00,95.7,46,bid,,,11847580
2026-06-29T11:09:00.622691,2026-06-29T01:09:01.089627+00:00,95.6,50,ask,,,11847631
2026-06-29T11:09:02.729561,2026-06-29T01:09:03.200392+00:00,95.6,50,ask,,,11847677
2026-06-29T11:09:03.538431,2026-06-29T01:09:04.014401+00:00,95.4,42,ask,,,11847694
2026-06-29T11:09:04.007114,2026-06-29T01:09:04.480392+00:00,95.7,43,bid,,,11847710
2026-06-29T11:09:04.010022,2026-06-29T01:09:04.480392+00:00,95.7,25,bid,,,11847711
2026-06-29T11:09:04.100253,2026-06-29T01:09:04.568393+00:00,95.7,25,bid,,,11847713
2026-06-29T11:09:04.219729,2026-06-29T01:09:04.689392+00:00,95.7,25,bid,,,11847717
2026-06-29T11:09:04.310239,2026-06-29T01:09:04.777392+00:00,95.7,25,bid,,,11847721
2026-06-29T11:09:04.784622,2026-06-29T01:09:05.261392+00:00,95.7,7,bid,,,11847730
2026-06-29T11:09:04.784622,2026-06-29T01:09:05.261392+00:00,95.8,43,bid,,,11847731
2026-06-29T11:09:05.083073,2026-06-29T01:09:05.558401+00:00,95.3,45,ask,,,11847732
2026-06-29T11:09:06.204382,2026-06-29T01:09:06.679471+00:00,95.6,2,ask,,,11847759
2026-06-29T11:09:06.604197,2026-06-29T01:09:07.075471+00:00,95.8,57,bid,,,11847768
2026-06-29T11:09:07.281851,2026-06-29T01:09:07.757472+00:00,96.0,49,bid,,,11847786
2026-06-29T11:09:07.860813,2026-06-29T01:09:08.328260+00:00,95.8,47,ask,,,11847791
2026-06-29T11:09:08.848125,2026-06-29T01:09:09.318280+00:00,95.8,25,ask,,,11847811
2026-06-29T11:09:08.922969,2026-06-29T01:09:09.395281+00:00,95.8,21,ask,,,11847813
2026-06-29T11:09:09.812616,2026-06-29T01:09:10.286281+00:00,95.5,44,ask,,,11847829
2026-06-29T11:09:11.100684,2026-06-29T01:09:11.571808+00:00,95.6,50,bid,,,11847866
2026-06-29T11:09:11.943580,2026-06-29T01:09:12.418799+00:00,95.6,42,bid,,,11847880
2026-06-29T11:09:14.534066,2026-06-29T01:09:15.003509+00:00,95.5,48,ask,,,11847944
2026-06-29T11:09:16.272321,2026-06-29T01:09:16.740579+00:00,95.8,49,bid,,,11847967
2026-06-29T11:09:16.802011,2026-06-29T01:09:17.268580+00:00,95.5,2,ask,,,11847975
2026-06-29T11:09:16.802011,2026-06-29T01:09:17.279579+00:00,95.4,40,ask,,,11847976
2026-06-29T11:09:17.467446,2026-06-29T01:09:17.939579+00:00,95.5,3,ask,,,11847995
2026-06-29T11:09:17.467446,2026-06-29T01:09:17.939579+00:00,95.4,47,ask,,,11847996
2026-06-29T11:09:19.580739,2026-06-29T01:09:20.050516+00:00,95.5,4,ask,,,11848026
2026-06-29T11:09:19.580739,2026-06-29T01:09:20.061517+00:00,95.5,46,ask,,,11848027
2026-06-29T11:09:21.638479,2026-06-29T01:09:22.107508+00:00,95.6,50,bid,,,11848079
2026-06-29T11:09:23.744346,2026-06-29T01:09:24.218021+00:00,95.7,50,bid,,,11848122
2026-06-29T11:09:25.900243,2026-06-29T01:09:26.374113+00:00,95.4,50,ask,,,11848168
2026-06-29T11:09:26.096591,2026-06-29T01:09:26.572103+00:00,95.9,40,bid,,,11848169
2026-06-29T11:09:26.300483,2026-06-29T01:09:26.770103+00:00,95.6,25,bid,,,11848175
2026-06-29T11:09:26.384394,2026-06-29T01:09:26.858104+00:00,95.6,25,bid,,,11848178
2026-06-29T11:09:26.509804,2026-06-29T01:09:26.979113+00:00,95.6,25,bid,,,11848180
2026-06-29T11:09:26.594157,2026-06-29T01:09:27.067113+00:00,95.6,25,bid,,,11848182
2026-06-29T11:09:28.008255,2026-06-29T01:09:28.484893+00:00,95.4,50,ask,,,11848218
2026-06-29T11:09:28.562403,2026-06-29T01:09:29.034893+00:00,95.7,1,bid,,,11848229
2026-06-29T11:09:28.562403,2026-06-29T01:09:29.034893+00:00,95.9,44,bid,,,11848230
2026-06-29T11:09:30.114885,2026-06-29T01:09:30.585411+00:00,95.6,50,ask,,,11848258
2026-06-29T11:09:32.222432,2026-06-29T01:09:32.697416+00:00,95.6,50,ask,,,11848306
2026-06-29T11:09:34.328705,2026-06-29T01:09:34.797951+00:00,95.5,50,ask,,,11848358
2026-06-29T11:09:36.435649,2026-06-29T01:09:36.909513+00:00,95.3,50,ask,,,11848407
2026-06-29T11:09:36.756711,2026-06-29T01:09:37.228522+00:00,95.3,43,ask,,,11848411
2026-06-29T11:09:37.873180,2026-06-29T01:09:38.350080+00:00,95.8,1,bid,,,11848433
2026-06-29T11:09:37.873180,2026-06-29T01:09:38.350080+00:00,95.8,40,bid,,,11848434
2026-06-29T11:09:38.341494,2026-06-29T01:09:38.811585+00:00,95.7,25,bid,,,11848448
2026-06-29T11:09:38.425875,2026-06-29T01:09:38.899585+00:00,95.7,25,bid,,,11848452
2026-06-29T11:09:38.544684,2026-06-29T01:09:39.020585+00:00,95.3,50,ask,,,11848455
2026-06-29T11:09:38.562303,2026-06-29T01:09:39.031585+00:00,95.7,25,bid,,,11848457
2026-06-29T11:09:38.635536,2026-06-29T01:09:39.108585+00:00,95.7,25,bid,,,11848460
2026-06-29T11:09:38.844988,2026-06-29T01:09:39.317586+00:00,95.7,21,bid,,,11848468
2026-06-29T11:09:39.049298,2026-06-29T01:09:39.526704+00:00,95.7,29,bid,,,11848472
2026-06-29T11:09:39.049298,2026-06-29T01:09:39.526704+00:00,95.8,18,bid,,,11848473
2026-06-29T11:09:40.011237,2026-06-29T01:09:40.483704+00:00,95.3,48,ask,,,11848491
2026-06-29T11:09:40.539265,2026-06-29T01:09:41.010717+00:00,95.3,41,ask,,,11848506
2026-06-29T11:09:40.650884,2026-06-29T01:09:41.120717+00:00,95.3,11,ask,,,11848511
2026-06-29T11:09:40.650884,2026-06-29T01:09:41.120717+00:00,95.2,39,ask,,,11848512
2026-06-29T11:09:41.727843,2026-06-29T01:09:42.197717+00:00,95.5,44,ask,,,11848535
2026-06-29T11:09:41.978063,2026-06-29T01:09:42.450606+00:00,95.5,100,ask,,,11848538
2026-06-29T11:09:42.757150,2026-06-29T01:09:43.230019+00:00,95.5,6,ask,,,11848555
2026-06-29T11:09:42.757150,2026-06-29T01:09:43.230019+00:00,95.4,5,ask,,,11848556
2026-06-29T11:09:42.757150,2026-06-29T01:09:43.230019+00:00,94.8,39,ask,,,11848557
2026-06-29T11:09:44.866894,2026-06-29T01:09:45.340538+00:00,95.4,5,ask,,,11848590
2026-06-29T11:09:44.866894,2026-06-29T01:09:45.340538+00:00,95.1,45,ask,,,11848591
2026-06-29T11:09:46.974103,2026-06-29T01:09:47.441349+00:00,95.4,5,ask,,,11848627
2026-06-29T11:09:46.974103,2026-06-29T01:09:47.452348+00:00,95.3,45,ask,,,11848628
2026-06-29T11:09:47.690504,2026-06-29T01:09:48.166915+00:00,95.8,40,bid,,,11848634
2026-06-29T11:09:49.083929,2026-06-29T01:09:49.551943+00:00,95.3,5,ask,,,11848660
2026-06-29T11:09:49.083929,2026-06-29T01:09:49.563025+00:00,95.2,45,ask,,,11848661
2026-06-29T11:09:49.120612,2026-06-29T01:09:49.595907+00:00,95.4,49,bid,,,11848663
2026-06-29T11:09:50.579992,2026-06-29T01:09:51.047424+00:00,95.4,46,bid,,,11848712
2026-06-29T11:09:51.196307,2026-06-29T01:09:51.663433+00:00,95.3,50,ask,,,11848725
2026-06-29T11:09:53.303560,2026-06-29T01:09:53.773554+00:00,95.3,50,ask,,,11848774
2026-06-29T11:09:53.600770,2026-06-29T01:09:54.070546+00:00,95.5,4,bid,,,11848780
2026-06-29T11:09:55.357368,2026-06-29T01:09:55.828554+00:00,95.1,50,bid,,,11848810
2026-06-29T11:09:57.216695,2026-06-29T01:09:57.685739+00:00,95.3,3,bid,,,11848850
2026-06-29T11:09:57.463362,2026-06-29T01:09:57.938629+00:00,95.3,50,bid,,,11848853
2026-06-29T11:09:57.469959,2026-06-29T01:09:57.938629+00:00,94.9,44,ask,,,11848854
2026-06-29T11:09:58.601626,2026-06-29T01:09:59.069449+00:00,95.4,47,bid,,,11848875
2026-06-29T11:10:01.686041,2026-06-29T01:10:02.159449+00:00,95.2,50,bid,,,11848931
2026-06-29T11:10:01.686189,2026-06-29T01:10:02.159449+00:00,95.1,45,ask,,,11848932
2026-06-29T11:10:03.645462,2026-06-29T01:10:04.115486+00:00,95.4,2,bid,,,11848978
2026-06-29T11:10:07.261867,2026-06-29T01:10:07.734072+00:00,95.4,3,bid,,,11849041
2026-06-29T11:10:09.688166,2026-06-29T01:10:10.164322+00:00,95.0,45,ask,,,11849089
2026-06-29T11:10:11.289814,2026-06-29T01:10:11.759341+00:00,95.2,40,bid,,,11849119
2026-06-29T11:10:12.207393,2026-06-29T01:10:12.682860+00:00,95.2,50,bid,,,11849148
2026-06-29T11:10:13.041406,2026-06-29T01:10:13.518509+00:00,95.2,100,bid,,,11849169
2026-06-29T11:10:13.291427,2026-06-29T01:10:13.760518+00:00,95.3,4,bid,,,11849171
2026-06-29T11:10:14.318927,2026-06-29T01:10:14.794519+00:00,95.6,50,bid,,,11849195
2026-06-29T11:10:14.919726,2026-06-29T01:10:15.388519+00:00,95.2,42,ask,,,11849205
2026-06-29T11:10:16.090083,2026-06-29T01:10:16.567057+00:00,95.3,2,bid,,,11849233
2026-06-29T11:10:16.256548,2026-06-29T01:10:16.732067+00:00,95.1,100,ask,,,11849237
2026-06-29T11:10:16.427832,2026-06-29T01:10:16.897066+00:00,95.0,50,bid,,,11849243
2026-06-29T11:10:16.430575,2026-06-29T01:10:16.908067+00:00,95.6,46,bid,,,11849244
2026-06-29T11:10:18.542799,2026-06-29T01:10:19.018858+00:00,95.4,4,bid,,,11849272
2026-06-29T11:10:18.542799,2026-06-29T01:10:19.018858+00:00,95.6,46,bid,,,11849273
2026-06-29T11:10:20.651896,2026-06-29T01:10:21.119871+00:00,95.4,3,bid,,,11849331
2026-06-29T11:10:20.651896,2026-06-29T01:10:21.119871+00:00,95.6,47,bid,,,11849332
2026-06-29T11:10:22.759869,2026-06-29T01:10:23.229929+00:00,95.6,50,bid,,,11849368
2026-06-29T11:10:24.869143,2026-06-29T01:10:25.340929+00:00,95.5,50,bid,,,11849418
2026-06-29T11:10:24.940759,2026-06-29T01:10:25.417930+00:00,95.2,46,ask,,,11849419
2026-06-29T11:10:26.975055,2026-06-29T01:10:27.441952+00:00,95.5,50,bid,,,11849458
2026-06-29T11:10:29.083091,2026-06-29T01:10:29.552077+00:00,95.5,50,bid,,,11849482
2026-06-29T11:10:29.400888,2026-06-29T01:10:29.871076+00:00,95.4,41,ask,,,11849487
2026-06-29T11:10:31.189941,2026-06-29T01:10:31.664067+00:00,95.5,50,bid,,,11849531
2026-06-29T11:10:31.923094,2026-06-29T01:10:32.390186+00:00,95.4,25,ask,,,11849547
2026-06-29T11:10:31.945767,2026-06-29T01:10:32.423186+00:00,95.4,25,ask,,,11849549
2026-06-29T11:10:32.131700,2026-06-29T01:10:32.599068+00:00,95.4,9,ask,,,11849552
2026-06-29T11:10:32.155137,2026-06-29T01:10:32.632067+00:00,95.3,25,ask,,,11849554
2026-06-29T11:10:32.343413,2026-06-29T01:10:32.819068+00:00,95.3,25,ask,,,11849565
2026-06-29T11:10:32.364483,2026-06-29T01:10:32.841067+00:00,95.3,25,ask,,,11849567
2026-06-29T11:10:32.554092,2026-06-29T01:10:33.027068+00:00,95.3,25,ask,,,11849575
2026-06-29T11:10:32.573705,2026-06-29T01:10:33.049068+00:00,95.3,25,ask,,,11849577
2026-06-29T11:10:32.576261,2026-06-29T01:10:33.049068+00:00,95.3,25,ask,,,11849578
2026-06-29T11:10:33.185377,2026-06-29T01:10:33.654169+00:00,95.3,46,bid,,,11849584
2026-06-29T11:10:33.296266,2026-06-29T01:10:33.764169+00:00,95.3,29,bid,,,11849587
2026-06-29T11:10:33.296266,2026-06-29T01:10:33.775169+00:00,95.5,4,bid,,,11849588
2026-06-29T11:10:33.296266,2026-06-29T01:10:33.775169+00:00,95.8,17,bid,,,11849589
2026-06-29T11:10:35.404344,2026-06-29T01:10:35.876367+00:00,95.5,5,bid,,,11849616
2026-06-29T11:10:35.404344,2026-06-29T01:10:35.876367+00:00,95.5,45,bid,,,11849617
2026-06-29T11:10:37.511911,2026-06-29T01:10:37.987922+00:00,95.5,50,bid,,,11849657
2026-06-29T11:10:39.777739,2026-06-29T01:10:40.253490+00:00,95.4,25,ask,,,11849699
2026-06-29T11:10:39.796211,2026-06-29T01:10:40.264490+00:00,95.4,25,ask,,,11849701
2026-06-29T11:10:39.987467,2026-06-29T01:10:40.462490+00:00,95.4,25,ask,,,11849703
2026-06-29T11:10:40.005260,2026-06-29T01:10:40.473490+00:00,95.4,25,ask,,,11849705
2026-06-29T11:10:40.204776,2026-06-29T01:10:40.671490+00:00,95.4,25,ask,,,11849711
2026-06-29T11:10:40.220203,2026-06-29T01:10:40.693482+00:00,95.4,25,ask,,,11849713
2026-06-29T11:10:41.583467,2026-06-29T01:10:42.057501+00:00,95.3,100,ask,,,11849742
2026-06-29T11:10:41.721874,2026-06-29T01:10:42.189501+00:00,95.2,50,bid,,,11849747
2026-06-29T11:10:42.128704,2026-06-29T01:10:42.597502+00:00,95.4,42,bid,,,11849755
2026-06-29T11:10:42.183413,2026-06-29T01:10:42.652501+00:00,94.9,42,ask,,,11849756
2026-06-29T11:10:42.830547,2026-06-29T01:10:43.300158+00:00,95.4,48,bid,,,11849762
2026-06-29T11:10:43.828955,2026-06-29T01:10:44.300677+00:00,95.4,10,bid,,,11849786
2026-06-29T11:10:43.828955,2026-06-29T01:10:44.300677+00:00,95.6,4,bid,,,11849787
2026-06-29T11:10:43.871027,2026-06-29T01:10:44.344677+00:00,94.9,44,ask,,,11849788
2026-06-29T11:10:45.987379,2026-06-29T01:10:46.456219+00:00,95.4,50,ask,,,11849824
2026-06-29T11:10:47.143487,2026-06-29T01:10:47.611232+00:00,95.4,40,ask,,,11849847
2026-06-29T11:10:48.045808,2026-06-29T01:10:48.522906+00:00,95.5,50,bid,,,11849860
2026-06-29T11:10:50.202227,2026-06-29T01:10:50.678927+00:00,95.3,1,ask,,,11849902
2026-06-29T11:10:50.202227,2026-06-29T01:10:50.678927+00:00,95.0,49,ask,,,11849903
2026-06-29T11:10:52.310547,2026-06-29T01:10:52.779050+00:00,95.1,50,ask,,,11849958
2026-06-29T11:10:53.639454,2026-06-29T01:10:54.107434+00:00,95.3,4,ask,,,11849986
2026-06-29T11:10:54.048718,2026-06-29T01:10:54.525433+00:00,95.3,3,ask,,,11849992
2026-06-29T11:10:54.232769,2026-06-29T01:10:54.701426+00:00,95.2,4,ask,,,11849997
2026-06-29T11:10:54.254487,2026-06-29T01:10:54.723434+00:00,95.1,25,ask,,,11849998
2026-06-29T11:10:54.257275,2026-06-29T01:10:54.734434+00:00,95.1,25,ask,,,11849999
2026-06-29T11:10:54.259702,2026-06-29T01:10:54.734434+00:00,95.2,3,bid,,,11850000
2026-06-29T11:10:54.287132,2026-06-29T01:10:54.756434+00:00,95.2,3,bid,,,11850003
2026-06-29T11:10:54.416527,2026-06-29T01:10:54.888434+00:00,95.1,50,ask,,,11850007
2026-06-29T11:10:54.466072,2026-06-29T01:10:54.943424+00:00,95.2,3,bid,,,11850011
2026-06-29T11:10:54.553520,2026-06-29T01:10:55.020425+00:00,95.2,3,bid,,,11850015
2026-06-29T11:10:55.479499,2026-06-29T01:10:55.955434+00:00,94.9,25,bid,,,11850047
2026-06-29T11:10:55.479676,2026-06-29T01:10:55.955434+00:00,94.9,25,bid,,,11850048
2026-06-29T11:10:55.690273,2026-06-29T01:10:56.164000+00:00,94.9,25,bid,,,11850059
2026-06-29T11:10:55.692996,2026-06-29T01:10:56.164000+00:00,94.9,25,bid,,,11850060
2026-06-29T11:10:56.532877,2026-06-29T01:10:57.010991+00:00,94.7,50,ask,,,11850074
2026-06-29T11:10:57.502223,2026-06-29T01:10:57.978990+00:00,94.8,25,bid,,,11850102
2026-06-29T11:10:57.504296,2026-06-29T01:10:57.978990+00:00,94.8,25,bid,,,11850103
2026-06-29T11:10:57.714194,2026-06-29T01:10:58.187528+00:00,94.8,25,bid,,,11850109
2026-06-29T11:10:57.719899,2026-06-29T01:10:58.187528+00:00,94.8,25,bid,,,11850110
2026-06-29T11:10:57.818100,2026-06-29T01:10:58.286537+00:00,94.8,50,bid,,,11850113
2026-06-29T11:10:57.977004,2026-06-29T01:10:58.451537+00:00,95.4,5,bid,,,11850114
2026-06-29T11:10:57.977004,2026-06-29T01:10:58.451537+00:00,95.4,39,bid,,,11850115
2026-06-29T11:10:58.588518,2026-06-29T01:10:59.056528+00:00,95.3,3,bid,,,11850131
2026-06-29T11:10:58.588518,2026-06-29T01:10:59.056528+00:00,95.4,47,bid,,,11850132
2026-06-29T11:11:00.134817,2026-06-29T01:11:00.606071+00:00,95.3,3,bid,,,11850160
2026-06-29T11:11:00.134817,2026-06-29T01:11:00.606071+00:00,95.4,14,bid,,,11850161
2026-06-29T11:11:01.329886,2026-06-29T01:11:01.805070+00:00,95.3,40,ask,,,11850184
2026-06-29T11:11:02.126526,2026-06-29T01:11:02.597084+00:00,95.3,25,ask,,,11850206
2026-06-29T11:11:02.133137,2026-06-29T01:11:02.608084+00:00,95.3,25,ask,,,11850208
2026-06-29T11:11:02.335691,2026-06-29T01:11:02.806084+00:00,95.3,25,ask,,,11850218
2026-06-29T11:11:02.342779,2026-06-29T01:11:02.817083+00:00,95.3,25,ask,,,11850220
2026-06-29T11:11:02.544913,2026-06-29T01:11:03.015075+00:00,95.3,10,ask,,,11850226
2026-06-29T11:11:02.557925,2026-06-29T01:11:03.026075+00:00,95.2,25,ask,,,11850230
2026-06-29T11:11:02.762499,2026-06-29T01:11:03.234613+00:00,95.2,25,ask,,,11850238
2026-06-29T11:11:02.772200,2026-06-29T01:11:03.245612+00:00,95.2,25,ask,,,11850242
2026-06-29T11:11:02.802482,2026-06-29T01:11:03.278613+00:00,95.7,50,bid,,,11850244
2026-06-29T11:11:03.730256,2026-06-29T01:11:04.202621+00:00,95.2,25,ask,,,11850255
2026-06-29T11:11:03.730256,2026-06-29T01:11:04.202621+00:00,95.0,3,ask,,,11850256
2026-06-29T11:11:03.787114,2026-06-29T01:11:04.257621+00:00,95.0,25,bid,,,11850260
2026-06-29T11:11:03.792405,2026-06-29T01:11:04.268621+00:00,95.0,25,bid,,,11850261
2026-06-29T11:11:04.014291,2026-06-29T01:11:04.488621+00:00,95.0,25,bid,,,11850269
2026-06-29T11:11:04.014473,2026-06-29T01:11:04.488621+00:00,95.0,25,bid,,,11850270
2026-06-29T11:11:04.231318,2026-06-29T01:11:04.708621+00:00,95.0,22,bid,,,11850273
2026-06-29T11:11:04.611044,2026-06-29T01:11:05.082634+00:00,95.4,47,bid,,,11850286
2026-06-29T11:11:04.908184,2026-06-29T01:11:05.379642+00:00,95.4,50,bid,,,11850296
2026-06-29T11:11:05.174672,2026-06-29T01:11:05.643642+00:00,94.9,48,ask,,,11850304
2026-06-29T11:11:05.262045,2026-06-29T01:11:05.731642+00:00,95.4,2,bid,,,11850311
2026-06-29T11:11:05.482597,2026-06-29T01:11:05.962642+00:00,95.4,1,bid,,,11850322
2026-06-29T11:11:05.482597,2026-06-29T01:11:05.962642+00:00,95.4,1,bid,,,11850323
2026-06-29T11:11:06.104512,2026-06-29T01:11:06.577195+00:00,95.4,2,bid,,,11850338
2026-06-29T11:11:07.016316,2026-06-29T01:11:07.490401+00:00,95.8,50,bid,,,11850358
2026-06-29T11:11:08.807678,2026-06-29T01:11:09.282938+00:00,95.5,1,bid,,,11850397
2026-06-29T11:11:08.807678,2026-06-29T01:11:09.282938+00:00,95.6,40,bid,,,11850398
2026-06-29T11:11:08.863398,2026-06-29T01:11:09.337938+00:00,95.3,40,ask,,,11850403
2026-06-29T11:11:09.123858,2026-06-29T01:11:09.590938+00:00,95.6,50,bid,,,11850408
2026-06-29T11:11:10.533128,2026-06-29T01:11:11.009958+00:00,95.4,25,ask,,,11850429
2026-06-29T11:11:10.649195,2026-06-29T01:11:11.119958+00:00,95.4,25,ask,,,11850434
2026-06-29T11:11:10.742852,2026-06-29T01:11:11.218949+00:00,95.4,25,ask,,,11850436
2026-06-29T11:11:10.857917,2026-06-29T01:11:11.328949+00:00,95.4,25,ask,,,11850441
2026-06-29T11:11:11.230929,2026-06-29T01:11:11.702958+00:00,95.5,4,bid,,,11850450
2026-06-29T11:11:11.230929,2026-06-29T01:11:11.702958+00:00,95.7,46,bid,,,11850451
2026-06-29T11:11:12.068450,2026-06-29T01:11:12.538477+00:00,95.5,5,bid,,,11850472
2026-06-29T11:11:12.068450,2026-06-29T01:11:12.538477+00:00,95.7,43,bid,,,11850473
2026-06-29T11:11:13.206715,2026-06-29T01:11:13.682034+00:00,95.5,41,ask,,,11850493
2026-06-29T11:11:13.270817,2026-06-29T01:11:13.748033+00:00,95.5,25,ask,,,11850494
2026-06-29T11:11:13.337701,2026-06-29T01:11:13.814033+00:00,95.9,50,bid,,,11850498
2026-06-29T11:11:13.357285,2026-06-29T01:11:13.825034+00:00,95.5,6,ask,,,11850499
2026-06-29T11:11:14.095537,2026-06-29T01:11:14.573120+00:00,95.6,40,bid,,,11850516
2026-06-29T11:11:14.149766,2026-06-29T01:11:14.617126+00:00,95.5,48,ask,,,11850522
2026-06-29T11:11:15.445023,2026-06-29T01:11:15.915033+00:00,95.6,50,bid,,,11850543
2026-06-29T11:11:17.603755,2026-06-29T01:11:18.071053+00:00,95.4,50,ask,,,11850576
2026-06-29T11:11:17.868283,2026-06-29T01:11:18.345136+00:00,95.5,49,bid,,,11850583
2026-06-29T11:11:18.761815,2026-06-29T01:11:19.236144+00:00,95.4,49,ask,,,11850603
2026-06-29T11:11:19.094426,2026-06-29T01:11:19.566145+00:00,95.4,1,ask,,,11850613
2026-06-29T11:11:19.658109,2026-06-29T01:11:20.127144+00:00,95.6,3,bid,,,11850627
2026-06-29T11:11:19.658109,2026-06-29T01:11:20.127144+00:00,95.8,47,bid,,,11850628
2026-06-29T11:11:21.816227,2026-06-29T01:11:22.292157+00:00,95.3,50,ask,,,11850659
2026-06-29T11:11:22.709505,2026-06-29T01:11:23.181832+00:00,95.3,4,ask,,,11850682
2026-06-29T11:11:23.719256,2026-06-29T01:11:24.193832+00:00,95.3,4,ask,,,11850701
2026-06-29T11:11:23.889043,2026-06-29T01:11:24.358832+00:00,95.6,1,bid,,,11850707
2026-06-29T11:11:23.889043,2026-06-29T01:11:24.358832+00:00,95.6,44,bid,,,11850708
2026-06-29T11:11:23.924031,2026-06-29T01:11:24.391822+00:00,95.3,4,ask,,,11850709
2026-06-29T11:11:23.924031,2026-06-29T01:11:24.402823+00:00,95.2,46,ask,,,11850710
2026-06-29T11:11:24.130168,2026-06-29T01:11:24.600831+00:00,95.3,4,ask,,,11850714
2026-06-29T11:11:25.270851,2026-06-29T01:11:25.744832+00:00,95.3,4,ask,,,11850733
2026-06-29T11:11:25.270851,2026-06-29T01:11:25.744832+00:00,95.2,37,ask,,,11850734
2026-06-29T11:11:25.773336,2026-06-29T01:11:26.250395+00:00,95.6,43,bid,,,11850744
2026-06-29T11:11:26.298630,2026-06-29T01:11:26.767386+00:00,95.5,100,bid,,,11850758
2026-06-29T11:11:26.956663,2026-06-29T01:11:27.427387+00:00,95.3,4,ask,,,11850774
2026-06-29T11:11:27.164399,2026-06-29T01:11:27.636395+00:00,95.0,49,ask,,,11850779
2026-06-29T11:11:28.134749,2026-06-29T01:11:28.603964+00:00,95.0,50,ask,,,11850807
2026-06-29T11:11:28.401668,2026-06-29T01:11:28.878973+00:00,95.0,44,ask,,,11850811
2026-06-29T11:11:30.511617,2026-06-29T01:11:30.978973+00:00,95.1,4,bid,,,11850855
2026-06-29T11:11:30.541510,2026-06-29T01:11:31.011972+00:00,95.1,4,bid,,,11850856
2026-06-29T11:11:30.580863,2026-06-29T01:11:31.055973+00:00,95.1,49,bid,,,11850857
2026-06-29T11:11:30.585968,2026-06-29T01:11:31.055973+00:00,95.1,4,bid,,,11850858
2026-06-29T11:11:31.191915,2026-06-29T01:11:31.660972+00:00,95.1,46,bid,,,11850867
2026-06-29T11:11:31.405400,2026-06-29T01:11:31.880973+00:00,95.1,4,bid,,,11850870
2026-06-29T11:11:31.573869,2026-06-29T01:11:32.045972+00:00,95.1,4,bid,,,11850871
2026-06-29T11:11:32.295396,2026-06-29T01:11:32.771972+00:00,95.4,50,bid,,,11850881
2026-06-29T11:11:34.402566,2026-06-29T01:11:34.871670+00:00,95.6,50,bid,,,11850929
2026-06-29T11:11:38.673522,2026-06-29T01:11:39.147401+00:00,95.4,50,ask,,,11850983
2026-06-29T11:11:38.998823,2026-06-29T01:11:39.466393+00:00,95.2,1,ask,,,11850989
2026-06-29T11:11:39.809129,2026-06-29T01:11:40.280401+00:00,95.2,1,ask,,,11851005
2026-06-29T11:11:40.020346,2026-06-29T01:11:40.489401+00:00,95.2,1,ask,,,11851007
2026-06-29T11:11:40.255781,2026-06-29T01:11:40.731405+00:00,95.2,1,ask,,,11851027
2026-06-29T11:11:40.780266,2026-06-29T01:11:41.248414+00:00,95.1,50,ask,,,11851041
2026-06-29T11:11:42.619390,2026-06-29T01:11:43.095524+00:00,95.0,47,ask,,,11851075
2026-06-29T11:11:42.885074,2026-06-29T01:11:43.357380+00:00,95.0,50,ask,,,11851080
2026-06-29T11:11:44.155877,2026-06-29T01:11:44.633380+00:00,95.3,44,bid,,,11851106
2026-06-29T11:11:44.214851,2026-06-29T01:11:44.688380+00:00,95.0,3,ask,,,11851110
2026-06-29T11:11:44.214851,2026-06-29T01:11:44.688380+00:00,94.8,45,ask,,,11851111
2026-06-29T11:11:44.991205,2026-06-29T01:11:45.458380+00:00,94.8,50,ask,,,11851136
2026-06-29T11:11:45.277077,2026-06-29T01:11:45.744371+00:00,95.3,42,bid,,,11851139
2026-06-29T11:11:47.097886,2026-06-29T01:11:47.570033+00:00,94.8,50,ask,,,11851170
2026-06-29T11:11:48.034773,2026-06-29T01:11:48.503356+00:00,95.0,25,bid,,,11851188
2026-06-29T11:11:48.084797,2026-06-29T01:11:48.558356+00:00,95.0,25,bid,,,11851190
2026-06-29T11:11:48.248482,2026-06-29T01:11:48.723347+00:00,95.0,25,bid,,,11851194
2026-06-29T11:11:48.296481,2026-06-29T01:11:48.767348+00:00,95.0,25,bid,,,11851197
2026-06-29T11:11:48.458883,2026-06-29T01:11:48.932347+00:00,95.0,25,bid,,,11851199
2026-06-29T11:11:48.550821,2026-06-29T01:11:49.020348+00:00,95.0,25,bid,,,11851203
2026-06-29T11:11:48.883892,2026-06-29T01:11:49.361356+00:00,94.9,48,ask,,,11851216
2026-06-29T11:11:49.207138,2026-06-29T01:11:49.680356+00:00,94.9,50,ask,,,11851231
2026-06-29T11:11:50.887964,2026-06-29T01:11:51.363356+00:00,95.3,4,bid,,,11851257
2026-06-29T11:11:50.887964,2026-06-29T01:11:51.363356+00:00,95.4,43,bid,,,11851258
2026-06-29T11:11:51.159929,2026-06-29T01:11:51.627356+00:00,95.3,25,ask,,,11851265
2026-06-29T11:11:51.269527,2026-06-29T01:11:51.737356+00:00,95.3,25,ask,,,11851268
2026-06-29T11:11:51.313500,2026-06-29T01:11:51.781356+00:00,95.3,50,ask,,,11851274
2026-06-29T11:11:51.368970,2026-06-29T01:11:51.836347+00:00,95.3,25,ask,,,11851275
2026-06-29T11:11:51.479286,2026-06-29T01:11:51.946347+00:00,95.3,25,ask,,,11851279
2026-06-29T11:11:51.909808,2026-06-29T01:11:52.385356+00:00,94.7,41,ask,,,11851295
2026-06-29T11:11:53.427560,2026-06-29T01:11:53.901837+00:00,94.7,50,ask,,,11851314
2026-06-29T11:11:54.832314,2026-06-29T01:11:55.308846+00:00,94.9,100,ask,,,11851342
2026-06-29T11:11:55.535653,2026-06-29T01:11:56.012857+00:00,94.9,50,ask,,,11851351
2026-06-29T11:11:56.466164,2026-06-29T01:11:56.936519+00:00,95.1,2,bid,,,11851369
2026-06-29T11:11:56.466164,2026-06-29T01:11:56.936519+00:00,95.4,43,bid,,,11851370
2026-06-29T11:11:57.474617,2026-06-29T01:11:57.948037+00:00,94.8,4,ask,,,11851386
2026-06-29T11:11:57.503096,2026-06-29T01:11:57.970038+00:00,94.8,25,bid,,,11851388
2026-06-29T11:11:57.624802,2026-06-29T01:11:58.102038+00:00,94.4,44,ask,,,11851392
2026-06-29T11:11:57.628943,2026-06-29T01:11:58.102038+00:00,94.8,25,bid,,,11851393
2026-06-29T11:11:57.645546,2026-06-29T01:11:58.113038+00:00,94.4,50,ask,,,11851398
2026-06-29T11:11:57.714621,2026-06-29T01:11:58.189872+00:00,94.8,25,bid,,,11851401
2026-06-29T11:11:57.839251,2026-06-29T01:11:58.310881+00:00,94.8,25,bid,,,11851408
2026-06-29T11:11:57.924211,2026-06-29T01:11:58.398880+00:00,94.8,25,bid,,,11851412
2026-06-29T11:11:58.047745,2026-06-29T01:11:58.519881+00:00,94.8,21,bid,,,11851416
2026-06-29T11:11:59.760949,2026-06-29T01:12:00.235881+00:00,94.5,50,ask,,,11851445
2026-06-29T11:11:59.860577,2026-06-29T01:12:00.334881+00:00,95.0,25,bid,,,11851449
2026-06-29T11:11:59.936415,2026-06-29T01:12:00.411881+00:00,95.0,25,bid,,,11851451
2026-06-29T11:12:00.068502,2026-06-29T01:12:00.543895+00:00,95.0,25,bid,,,11851455
2026-06-29T11:12:00.144859,2026-06-29T01:12:00.620905+00:00,95.0,25,bid,,,11851461
2026-06-29T11:12:00.693317,2026-06-29T01:12:01.170872+00:00,95.0,44,ask,,,11851482
2026-06-29T11:12:02.352302,2026-06-29T01:12:02.829990+00:00,95.1,2,bid,,,11851511
2026-06-29T11:12:02.352302,2026-06-29T01:12:02.829990+00:00,95.2,43,bid,,,11851512
2026-06-29T11:12:03.415490,2026-06-29T01:12:03.886166+00:00,95.0,41,ask,,,11851537
2026-06-29T11:12:03.927872,2026-06-29T01:12:04.403157+00:00,95.1,2,bid,,,11851542
2026-06-29T11:12:03.927872,2026-06-29T01:12:04.403157+00:00,95.2,48,bid,,,11851543
2026-06-29T11:12:06.355921,2026-06-29T01:12:06.832728+00:00,95.1,1,bid,,,11851595
2026-06-29T11:12:06.355921,2026-06-29T01:12:06.832728+00:00,95.2,47,bid,,,11851596
2026-06-29T11:12:08.155792,2026-06-29T01:12:08.624784+00:00,95.2,50,bid,,,11851623
2026-06-29T11:12:08.197791,2026-06-29T01:12:08.668784+00:00,94.8,1,ask,,,11851624
2026-06-29T11:12:08.197791,2026-06-29T01:12:08.668784+00:00,94.8,45,ask,,,11851625
2026-06-29T11:12:08.821125,2026-06-29T01:12:09.295775+00:00,95.2,48,bid,,,11851640
2026-06-29T11:12:09.346591,2026-06-29T01:12:09.823784+00:00,94.8,47,ask,,,11851647
2026-06-29T11:12:10.079283,2026-06-29T01:12:10.549784+00:00,95.1,5,bid,,,11851665
2026-06-29T11:12:10.314297,2026-06-29T01:12:10.791784+00:00,95.1,50,ask,,,11851672
2026-06-29T11:12:10.427351,2026-06-29T01:12:10.901784+00:00,95.1,4,ask,,,11851674
2026-06-29T11:12:11.141383,2026-06-29T01:12:11.616784+00:00,95.1,4,ask,,,11851689
2026-06-29T11:12:12.420275,2026-06-29T01:12:12.892784+00:00,95.1,50,ask,,,11851730
2026-06-29T11:12:12.977640,2026-06-29T01:12:13.453484+00:00,95.1,4,ask,,,11851733
2026-06-29T11:12:13.168129,2026-06-29T01:12:13.640493+00:00,95.2,48,bid,,,11851734
2026-06-29T11:12:14.304451,2026-06-29T01:12:14.773514+00:00,95.2,3,bid,,,11851752
2026-06-29T11:12:14.304451,2026-06-29T01:12:14.773514+00:00,95.2,22,bid,,,11851753
2026-06-29T11:12:14.378789,2026-06-29T01:12:14.850514+00:00,95.2,45,bid,,,11851755
2026-06-29T11:12:14.381641,2026-06-29T01:12:14.850514+00:00,95.2,25,bid,,,11851756
2026-06-29T11:12:14.517076,2026-06-29T01:12:14.993513+00:00,95.2,25,bid,,,11851760
2026-06-29T11:12:14.527401,2026-06-29T01:12:15.004514+00:00,94.9,2,ask,,,11851761
2026-06-29T11:12:14.527401,2026-06-29T01:12:15.004514+00:00,94.8,48,ask,,,11851762
2026-06-29T11:12:16.637760,2026-06-29T01:12:17.105074+00:00,95.1,50,ask,,,11851820
2026-06-29T11:12:16.961112,2026-06-29T01:12:17.435065+00:00,95.1,100,ask,,,11851828
2026-06-29T11:12:17.137791,2026-06-29T01:12:17.611074+00:00,94.6,46,ask,,,11851830
2026-06-29T11:12:17.795962,2026-06-29T01:12:18.270623+00:00,94.9,5,ask,,,11851841
2026-06-29T11:12:18.743434,2026-06-29T01:12:19.216632+00:00,94.8,5,ask,,,11851855
2026-06-29T11:12:18.743434,2026-06-29T01:12:19.216632+00:00,94.6,45,ask,,,11851856
2026-06-29T11:12:20.537421,2026-06-29T01:12:21.007636+00:00,95.1,2,bid,,,11851879
2026-06-29T11:12:20.601975,2026-06-29T01:12:21.073636+00:00,95.1,2,bid,,,11851881
2026-06-29T11:12:20.746107,2026-06-29T01:12:21.216636+00:00,95.1,2,bid,,,11851884
2026-06-29T11:12:20.811255,2026-06-29T01:12:21.282156+00:00,95.1,2,bid,,,11851889
2026-06-29T11:12:20.850996,2026-06-29T01:12:21.326156+00:00,94.9,50,ask,,,11851893
2026-06-29T11:12:21.015733,2026-06-29T01:12:21.491155+00:00,95.1,2,bid,,,11851894
2026-06-29T11:12:21.236257,2026-06-29T01:12:21.711274+00:00,95.1,2,bid,,,11851895
2026-06-29T11:12:21.440657,2026-06-29T01:12:21.908274+00:00,95.1,2,bid,,,11851899
2026-06-29T11:12:21.860766,2026-06-29T01:12:22.337155+00:00,95.1,1,bid,,,11851911
2026-06-29T11:12:21.860766,2026-06-29T01:12:22.337155+00:00,95.3,1,bid,,,11851912
2026-06-29T11:12:22.067939,2026-06-29T01:12:22.535155+00:00,95.1,1,bid,,,11851915
2026-06-29T11:12:22.067939,2026-06-29T01:12:22.546155+00:00,95.3,1,bid,,,11851916
2026-06-29T11:12:22.119355,2026-06-29T01:12:22.590155+00:00,94.9,44,ask,,,11851918
2026-06-29T11:12:22.282199,2026-06-29T01:12:22.755274+00:00,95.1,2,bid,,,11851920
2026-06-29T11:12:22.488780,2026-06-29T01:12:22.964274+00:00,95.1,2,bid,,,11851923
2026-06-29T11:12:22.692930,2026-06-29T01:12:23.162006+00:00,95.1,2,bid,,,11851926
2026-06-29T11:12:22.897227,2026-06-29T01:12:23.369752+00:00,95.0,1,bid,,,11851934
2026-06-29T11:12:22.906137,2026-06-29T01:12:23.380752+00:00,95.0,50,bid,,,11851935
2026-06-29T11:12:23.511466,2026-06-29T01:12:23.985761+00:00,94.9,4,bid,,,11851946
2026-06-29T11:12:24.114694,2026-06-29T01:12:24.589871+00:00,94.9,40,bid,,,11851963
2026-06-29T11:12:25.013506,2026-06-29T01:12:25.480753+00:00,94.9,50,bid,,,11851971
2026-06-29T11:12:26.273841,2026-06-29T01:12:26.744434+00:00,94.9,6,bid,,,11851990
2026-06-29T11:12:26.273841,2026-06-29T01:12:26.744434+00:00,95.1,1,bid,,,11851991
2026-06-29T11:12:26.273841,2026-06-29T01:12:26.744434+00:00,95.2,37,bid,,,11851992
2026-06-29T11:12:27.120543,2026-06-29T01:12:27.590552+00:00,95.2,50,bid,,,11852010
2026-06-29T11:12:29.313534,2026-06-29T01:12:29.788242+00:00,95.0,47,ask,,,11852052
2026-06-29T11:12:30.940963,2026-06-29T01:12:31.414507+00:00,95.1,3,bid,,,11852082
2026-06-29T11:12:30.940963,2026-06-29T01:12:31.414507+00:00,95.1,41,bid,,,11852083
2026-06-29T11:12:31.369984,2026-06-29T01:12:31.842625+00:00,95.0,25,ask,,,11852092
2026-06-29T11:12:31.373980,2026-06-29T01:12:31.842625+00:00,95.0,25,ask,,,11852093
2026-06-29T11:12:31.385067,2026-06-29T01:12:31.853515+00:00,95.0,50,ask,,,11852096
2026-06-29T11:12:32.595119,2026-06-29T01:12:33.063025+00:00,95.0,25,bid,,,11852129
2026-06-29T11:12:32.610452,2026-06-29T01:12:33.085025+00:00,95.0,25,bid,,,11852131
2026-06-29T11:12:32.728751,2026-06-29T01:12:33.205562+00:00,95.0,100,bid,,,11852135
2026-06-29T11:12:33.493589,2026-06-29T01:12:33.964571+00:00,94.5,50,ask,,,11852158
2026-06-29T11:12:35.600726,2026-06-29T01:12:36.076686+00:00,95.0,50,ask,,,11852191
2026-06-29T11:12:35.943813,2026-06-29T01:12:36.428686+00:00,95.0,100,ask,,,11852198
2026-06-29T11:12:37.074500,2026-06-29T01:12:37.550195+00:00,94.5,41,ask,,,11852207
2026-06-29T11:12:37.706139,2026-06-29T01:12:38.177217+00:00,94.5,50,ask,,,11852215
2026-06-29T11:12:38.912198,2026-06-29T01:12:39.387217+00:00,94.7,46,bid,,,11852230
2026-06-29T11:12:39.511946,2026-06-29T01:12:39.981218+00:00,94.7,48,bid,,,11852235
2026-06-29T11:12:39.761008,2026-06-29T01:12:40.234218+00:00,94.7,50,bid,,,11852244
2026-06-29T11:12:41.718143,2026-06-29T01:12:42.192218+00:00,94.7,7,bid,,,11852274
2026-06-29T11:12:41.718143,2026-06-29T01:12:42.192218+00:00,94.9,100,bid,,,11852275
2026-06-29T11:12:41.917461,2026-06-29T01:12:42.390217+00:00,95.0,43,ask,,,11852282
2026-06-29T11:12:41.917461,2026-06-29T01:12:42.390217+00:00,94.4,7,ask,,,11852283
2026-06-29T11:12:42.032339,2026-06-29T01:12:42.500218+00:00,94.4,44,ask,,,11852284
2026-06-29T11:12:44.025595,2026-06-29T01:12:44.501144+00:00,94.8,50,ask,,,11852322
2026-06-29T11:12:44.653054,2026-06-29T01:12:45.128144+00:00,94.8,6,ask,,,11852325
2026-06-29T11:12:46.133550,2026-06-29T01:12:46.602177+00:00,94.6,50,ask,,,11852349
2026-06-29T11:12:46.303671,2026-06-29T01:12:46.778177+00:00,94.6,46,ask,,,11852350
2026-06-29T11:12:48.188762,2026-06-29T01:12:48.658696+00:00,94.9,3,bid,,,11852379
2026-06-29T11:12:48.188762,2026-06-29T01:12:48.669696+00:00,94.9,47,bid,,,11852380
2026-06-29T11:12:50.364663,2026-06-29T01:12:50.835223+00:00,94.5,50,ask,,,11852426
2026-06-29T11:12:50.541268,2026-06-29T01:12:51.011223+00:00,94.9,44,bid,,,11852428
2026-06-29T11:12:51.201145,2026-06-29T01:12:51.671223+00:00,94.9,2,bid,,,11852432
2026-06-29T11:12:51.744258,2026-06-29T01:12:52.221223+00:00,94.9,2,ask,,,11852437
2026-06-29T11:12:51.759673,2026-06-29T01:12:52.232224+00:00,94.9,100,ask,,,11852438
2026-06-29T11:12:52.245658,2026-06-29T01:12:52.716223+00:00,94.9,4,ask,,,11852445
2026-06-29T11:12:52.470534,2026-06-29T01:12:52.947214+00:00,94.9,42,ask,,,11852450
2026-06-29T11:12:52.470534,2026-06-29T01:12:52.947214+00:00,94.5,3,ask,,,11852451
2026-06-29T11:12:52.470534,2026-06-29T01:12:52.947214+00:00,94.3,5,ask,,,11852452
2026-06-29T11:12:53.081628,2026-06-29T01:12:53.553382+00:00,94.9,3,bid,,,11852463
2026-06-29T11:12:54.419992,2026-06-29T01:12:54.895395+00:00,94.6,2,ask,,,11852506
2026-06-29T11:12:54.601674,2026-06-29T01:12:55.070513+00:00,94.3,50,ask,,,11852507
2026-06-29T11:12:54.617374,2026-06-29T01:12:55.092513+00:00,94.6,41,bid,,,11852508
2026-06-29T11:12:55.222467,2026-06-29T01:12:55.697395+00:00,94.6,1,bid,,,11852516
2026-06-29T11:12:55.271424,2026-06-29T01:12:55.741404+00:00,94.6,2,bid,,,11852517
2026-06-29T11:12:55.778516,2026-06-29T01:12:56.258187+00:00,94.6,47,bid,,,11852524
2026-06-29T11:12:56.707335,2026-06-29T01:12:57.181068+00:00,94.5,1,ask,,,11852538
2026-06-29T11:12:56.707335,2026-06-29T01:12:57.181068+00:00,94.2,49,ask,,,11852539
2026-06-29T11:12:58.835404,2026-06-29T01:12:59.314629+00:00,94.5,50,ask,,,11852582
2026-06-29T11:13:02.996361,2026-06-29T01:13:03.472189+00:00,94.6,50,bid,,,11852640
2026-06-29T11:13:05.102218,2026-06-29T01:13:05.573202+00:00,94.7,50,bid,,,11852670
2026-06-29T11:13:05.862465,2026-06-29T01:13:06.331754+00:00,94.3,45,ask,,,11852681
2026-06-29T11:13:07.211990,2026-06-29T01:13:07.683864+00:00,94.5,50,bid,,,11852711
2026-06-29T11:13:09.338225,2026-06-29T01:13:09.816424+00:00,94.5,50,bid,,,11852739
2026-06-29T11:13:09.404690,2026-06-29T01:13:09.882424+00:00,94.5,43,bid,,,11852740
2026-06-29T11:13:10.035803,2026-06-29T01:13:10.509424+00:00,94.3,42,ask,,,11852749
2026-06-29T11:13:11.559250,2026-06-29T01:13:12.038424+00:00,94.7,6,bid,,,11852782
2026-06-29T11:13:12.036042,2026-06-29T01:13:12.511424+00:00,94.6,44,ask,,,11852788
2026-06-29T11:13:12.629993,2026-06-29T01:13:13.105415+00:00,94.8,8,bid,,,11852797
2026-06-29T11:13:12.629993,2026-06-29T01:13:13.105415+00:00,95.1,36,bid,,,11852798
2026-06-29T11:13:13.565817,2026-06-29T01:13:14.039624+00:00,95.1,50,bid,,,11852825
2026-06-29T11:13:15.673802,2026-06-29T01:13:16.150683+00:00,95.0,50,bid,,,11852876
2026-06-29T11:13:17.780699,2026-06-29T01:13:18.251556+00:00,94.9,7,bid,,,11852908
2026-06-29T11:13:19.554657,2026-06-29T01:13:20.022556+00:00,94.6,49,ask,,,11852940
2026-06-29T11:13:19.938600,2026-06-29T01:13:20.407567+00:00,94.6,50,ask,,,11852947
2026-06-29T11:13:20.182383,2026-06-29T01:13:20.649576+00:00,94.5,42,ask,,,11852953
2026-06-29T11:13:20.774057,2026-06-29T01:13:21.243567+00:00,94.9,6,bid,,,11852962
2026-06-29T11:13:20.774057,2026-06-29T01:13:21.243567+00:00,95.0,34,bid,,,11852963
2026-06-29T11:13:21.994383,2026-06-29T01:13:22.464095+00:00,95.0,50,bid,,,11852994
2026-06-29T11:13:22.966390,2026-06-29T01:13:23.442645+00:00,95.0,48,bid,,,11853007
2026-06-29T11:13:23.020113,2026-06-29T01:13:23.497644+00:00,94.6,48,ask,,,11853009
2026-06-29T11:13:24.100161,2026-06-29T01:13:24.575763+00:00,95.1,50,bid,,,11853028
