timestamp,recv_time,price,volume,aggressor_side,buyer,seller,trade_id
2026-07-06T01:00:00.360523,2026-07-06T01:00:00.285623+00:00,164.4,50,ask,EarnestEspressos,FlawlessFlatbreads,8948885
2026-07-06T01:00:02.467588,2026-07-06T01:00:02.479452+00:00,164.1,50,ask,EarnestEspressos,FlawlessFlatbreads,8948903
2026-07-06T01:00:04.598234,2026-07-06T01:00:04.607776+00:00,163.9,50,ask,DiligentDonuts,FlawlessFlatbreads,8948930
2026-07-06T01:00:05.421058,2026-07-06T01:00:05.432671+00:00,163.6,41,ask,EarnestEspressos,CostlyCorianders,8948936
2026-07-06T01:00:06.351944,2026-07-06T01:00:06.360015+00:00,164.1,11,bid,Xuanyu Liu,EarnestEspressos,8948944
2026-07-06T01:00:06.704571,2026-07-06T01:00:06.716226+00:00,163.6,50,ask,EarnestEspressos,FlawlessFlatbreads,8948949
2026-07-06T01:00:07.418523,2026-07-06T01:00:07.430390+00:00,164.1,47,bid,CostlyCorianders,EarnestEspressos,8948957
2026-07-06T01:00:07.557579,2026-07-06T01:00:07.565361+00:00,164.1,12,bid,Xuanyu Liu,EarnestEspressos,8948962
2026-07-06T01:00:08.818507,2026-07-06T01:00:08.824866+00:00,163.9,50,ask,DiligentDonuts,FlawlessFlatbreads,8948976
2026-07-06T01:00:10.929609,2026-07-06T01:00:10.937772+00:00,163.9,50,ask,DiligentDonuts,FlawlessFlatbreads,8948998
2026-07-06T01:00:11.832726,2026-07-06T01:00:11.962221+00:00,164.1,22,bid,Xuanyu Liu,DiligentDonuts,8949004
2026-07-06T01:00:12.069558,2026-07-06T01:00:12.081323+00:00,163.8,41,ask,EarnestEspressos,CostlyCorianders,8949010
2026-07-06T01:00:12.115086,2026-07-06T01:00:12.125488+00:00,164.1,26,bid,Kaleb Liu,DiligentDonuts,8949012
2026-07-06T01:00:13.073833,2026-07-06T01:00:13.085660+00:00,164.1,43,bid,CostlyCorianders,DiligentDonuts,8949025
2026-07-06T01:00:14.663262,2026-07-06T01:00:14.674855+00:00,163.9,43,ask,DiligentDonuts,CostlyCorianders,8949035
2026-07-06T01:00:15.088218,2026-07-06T01:00:15.099879+00:00,164.2,50,bid,FlawlessFlatbreads,EarnestEspressos,8949039
2026-07-06T01:00:17.200027,2026-07-06T01:00:17.208069+00:00,164.4,50,bid,FlawlessFlatbreads,DiligentDonuts,8949074
2026-07-06T01:00:19.719794,2026-07-06T01:00:19.727031+00:00,164.2,43,ask,DiligentDonuts,CostlyCorianders,8949106
2026-07-06T01:00:20.291322,2026-07-06T01:00:20.299562+00:00,164.2,11,ask,DiligentDonuts,Xuanyu Liu,8949110
2026-07-06T01:00:21.421241,2026-07-06T01:00:21.433219+00:00,164.3,50,bid,FlawlessFlatbreads,DiligentDonuts,8949132
2026-07-06T01:00:23.529486,2026-07-06T01:00:23.539376+00:00,164.3,50,bid,FlawlessFlatbreads,DiligentDonuts,8949157
2026-07-06T01:00:25.636491,2026-07-06T01:00:25.648684+00:00,164.3,50,bid,FlawlessFlatbreads,EarnestEspressos,8949188
2026-07-06T01:00:26.501030,2026-07-06T01:00:26.513108+00:00,164.3,46,bid,CostlyCorianders,EarnestEspressos,8949201
2026-07-06T01:00:26.708596,2026-07-06T01:00:26.717487+00:00,164.3,11,ask,EarnestEspressos,Xuanyu Liu,8949205
2026-07-06T01:00:27.744618,2026-07-06T01:00:27.753931+00:00,164.6,50,bid,FlawlessFlatbreads,DiligentDonuts,8949222
2026-07-06T01:00:28.196642,2026-07-06T01:00:28.206528+00:00,164.3,12,ask,EarnestEspressos,Xuanyu Liu,8949228
2026-07-06T01:00:29.851379,2026-07-06T01:00:29.857836+00:00,164.6,50,bid,FlawlessFlatbreads,DiligentDonuts,8949252
2026-07-06T01:00:31.958350,2026-07-06T01:00:31.970398+00:00,164.6,50,bid,FlawlessFlatbreads,EarnestEspressos,8949284
2026-07-06T01:00:32.172132,2026-07-06T01:00:32.179999+00:00,164.3,44,ask,DiligentDonuts,CostlyCorianders,8949289
2026-07-06T01:00:33.459701,2026-07-06T01:00:33.468650+00:00,164.4,11,ask,EarnestEspressos,Xuanyu Liu,8949304
2026-07-06T01:00:34.064538,2026-07-06T01:00:34.076168+00:00,164.6,50,bid,FlawlessFlatbreads,DiligentDonuts,8949315
2026-07-06T01:00:36.223188,2026-07-06T01:00:36.231432+00:00,164.3,50,ask,EarnestEspressos,FlawlessFlatbreads,8949347
2026-07-06T01:00:36.281982,2026-07-06T01:00:36.293653+00:00,164.6,47,bid,CostlyCorianders,DiligentDonuts,8949349
2026-07-06T01:00:37.257040,2026-07-06T01:00:37.268590+00:00,164.6,46,ask,DiligentDonuts,CostlyCorianders,8949356
2026-07-06T01:00:37.381792,2026-07-06T01:00:37.391133+00:00,164.6,12,ask,DiligentDonuts,Xuanyu Liu,8949359
2026-07-06T01:00:38.331574,2026-07-06T01:00:38.343163+00:00,164.6,42,ask,DiligentDonuts,FlawlessFlatbreads,8949373
2026-07-06T01:00:38.331574,2026-07-06T01:00:38.343163+00:00,164.3,8,ask,EarnestEspressos,FlawlessFlatbreads,8949374
2026-07-06T01:00:40.439274,2026-07-06T01:00:40.458783+00:00,164.2,50,ask,DiligentDonuts,FlawlessFlatbreads,8949392
2026-07-06T01:00:42.428993,2026-07-06T01:00:42.440887+00:00,164.2,43,ask,DiligentDonuts,CostlyCorianders,8949414
2026-07-06T01:00:42.546713,2026-07-06T01:00:42.558461+00:00,164.2,7,ask,DiligentDonuts,FlawlessFlatbreads,8949417
2026-07-06T01:00:42.546713,2026-07-06T01:00:42.558461+00:00,164.0,43,ask,EarnestEspressos,FlawlessFlatbreads,8949418
2026-07-06T01:00:43.054513,2026-07-06T01:00:43.066337+00:00,164.5,40,bid,CostlyCorianders,EarnestEspressos,8949425
2026-07-06T01:00:44.652806,2026-07-06T01:00:44.663026+00:00,164.3,12,bid,Xuanyu Liu,DiligentDonuts,8949443
2026-07-06T01:00:44.655963,2026-07-06T01:00:44.663026+00:00,164.0,50,ask,EarnestEspressos,FlawlessFlatbreads,8949444
2026-07-06T01:00:46.896516,2026-07-06T01:00:46.908418+00:00,164.3,46,bid,CostlyCorianders,EarnestEspressos,8949483
2026-07-06T01:00:47.878062,2026-07-06T01:00:47.886371+00:00,164.3,11,bid,Xuanyu Liu,EarnestEspressos,8949497
2026-07-06T01:00:48.403493,2026-07-06T01:00:48.415170+00:00,164.3,47,bid,CostlyCorianders,EarnestEspressos,8949510
2026-07-06T01:00:48.815193,2026-07-06T01:00:48.822925+00:00,164.4,50,bid,FlawlessFlatbreads,DiligentDonuts,8949515
2026-07-06T01:00:50.921206,2026-07-06T01:00:50.932848+00:00,164.6,50,bid,FlawlessFlatbreads,DiligentDonuts,8949535
2026-07-06T01:00:53.030619,2026-07-06T01:00:53.042240+00:00,164.8,50,bid,FlawlessFlatbreads,EarnestEspressos,8949559
2026-07-06T01:00:55.188519,2026-07-06T01:00:55.197501+00:00,164.4,50,ask,EarnestEspressos,FlawlessFlatbreads,8949582
2026-07-06T01:00:55.747526,2026-07-06T01:00:55.755380+00:00,164.4,11,ask,EarnestEspressos,Xuanyu Liu,8949588
2026-07-06T01:00:56.840027,2026-07-06T01:00:56.848505+00:00,164.4,40,ask,EarnestEspressos,CostlyCorianders,8949601
2026-07-06T01:00:57.302880,2026-07-06T01:00:57.314825+00:00,164.4,49,ask,EarnestEspressos,FlawlessFlatbreads,8949609
2026-07-06T01:00:57.302880,2026-07-06T01:00:57.314825+00:00,164.3,1,ask,DiligentDonuts,FlawlessFlatbreads,8949610
2026-07-06T01:00:59.414507,2026-07-06T01:00:59.425414+00:00,164.3,50,ask,DiligentDonuts,FlawlessFlatbreads,8949628
2026-07-06T01:01:00.992080,2026-07-06T01:01:01.000109+00:00,164.5,11,bid,Xuanyu Liu,EarnestEspressos,8949647
2026-07-06T01:01:01.528306,2026-07-06T01:01:01.538051+00:00,164.3,50,ask,DiligentDonuts,FlawlessFlatbreads,8949653
2026-07-06T01:01:02.366528,2026-07-06T01:01:02.377533+00:00,164.7,44,bid,CostlyCorianders,EarnestEspressos,8949665
2026-07-06T01:01:03.588273,2026-07-06T01:01:03.599891+00:00,164.7,50,bid,FlawlessFlatbreads,EarnestEspressos,8949678
2026-07-06T01:01:04.398623,2026-07-06T01:01:04.410459+00:00,164.3,47,ask,DiligentDonuts,CostlyCorianders,8949688
2026-07-06T01:01:05.339227,2026-07-06T01:01:05.350853+00:00,164.7,100,ask,EarnestEspressos,DiligentDonuts,8949702
2026-07-06T01:01:05.477531,2026-07-06T01:01:05.489214+00:00,164.7,48,ask,EarnestEspressos,CostlyCorianders,8949704
2026-07-06T01:01:05.716862,2026-07-06T01:01:05.725044+00:00,165.2,50,bid,FlawlessFlatbreads,EarnestEspressos,8949710
2026-07-06T01:01:09.591234,2026-07-06T01:01:09.603257+00:00,164.9,42,bid,CostlyCorianders,EarnestEspressos,8949759
2026-07-06T01:01:12.669688,2026-07-06T01:01:12.680049+00:00,164.7,41,ask,EarnestEspressos,CostlyCorianders,8949806
2026-07-06T01:01:14.646747,2026-07-06T01:01:14.653205+00:00,164.9,41,bid,CostlyCorianders,EarnestEspressos,8949834
2026-07-06T01:01:15.196235,2026-07-06T01:01:15.207788+00:00,164.5,41,ask,DiligentDonuts,CostlyCorianders,8949840
2026-07-06T01:01:16.249406,2026-07-06T01:01:16.261306+00:00,164.9,50,bid,FlawlessFlatbreads,EarnestEspressos,8949858
2026-07-06T01:01:16.631583,2026-07-06T01:01:16.652789+00:00,164.9,23,bid,Xuanyu Liu,EarnestEspressos,8949863
2026-07-06T01:01:17.364384,2026-07-06T01:01:17.376316+00:00,165.0,100,bid,EarnestEspressos,DiligentDonuts,8949874
2026-07-06T01:01:17.434243,2026-07-06T01:01:17.445598+00:00,165.3,23,ask,EarnestEspressos,Xuanyu Liu,8949875
2026-07-06T01:01:18.274795,2026-07-06T01:01:18.286861+00:00,165.7,46,bid,CostlyCorianders,DiligentDonuts,8949893
2026-07-06T01:01:18.434247,2026-07-06T01:01:18.443722+00:00,165.3,27,ask,EarnestEspressos,FlawlessFlatbreads,8949896
2026-07-06T01:01:18.434247,2026-07-06T01:01:18.443722+00:00,165.2,23,ask,DiligentDonuts,FlawlessFlatbreads,8949897
2026-07-06T01:01:20.545313,2026-07-06T01:01:20.551850+00:00,165.2,50,ask,DiligentDonuts,FlawlessFlatbreads,8949929
2026-07-06T01:01:20.584355,2026-07-06T01:01:20.596423+00:00,165.2,27,ask,DiligentDonuts,EarnestEspressos,8949931
2026-07-06T01:01:21.113143,2026-07-06T01:01:21.124859+00:00,165.1,100,bid,DiligentDonuts,EarnestEspressos,8949942
2026-07-06T01:01:22.354688,2026-07-06T01:01:22.366660+00:00,164.6,44,ask,EarnestEspressos,CostlyCorianders,8949958
2026-07-06T01:01:22.680183,2026-07-06T01:01:22.690724+00:00,164.6,50,ask,EarnestEspressos,FlawlessFlatbreads,8949965
2026-07-06T01:01:22.817863,2026-07-06T01:01:22.826848+00:00,165.1,23,bid,CostlyCorianders,EarnestEspressos,8949966
2026-07-06T01:01:24.202398,2026-07-06T01:01:24.209410+00:00,164.9,6,ask,EarnestEspressos,Kaleb Liu,8949974
2026-07-06T01:01:24.786880,2026-07-06T01:01:24.798002+00:00,164.9,50,ask,EarnestEspressos,FlawlessFlatbreads,8949985
2026-07-06T01:01:26.902569,2026-07-06T01:01:26.919554+00:00,164.8,50,ask,EarnestEspressos,FlawlessFlatbreads,8950007
2026-07-06T01:01:27.813711,2026-07-06T01:01:27.825359+00:00,165.3,44,bid,CostlyCorianders,EarnestEspressos,8950016
2026-07-06T01:01:29.009402,2026-07-06T01:01:29.021299+00:00,164.8,50,ask,EarnestEspressos,FlawlessFlatbreads,8950031
2026-07-06T01:01:29.593105,2026-07-06T01:01:29.607638+00:00,164.8,48,ask,EarnestEspressos,CostlyCorianders,8950040
2026-07-06T01:01:30.078794,2026-07-06T01:01:30.088031+00:00,164.8,100,ask,DiligentDonuts,EarnestEspressos,8950046
2026-07-06T01:01:30.089310,2026-07-06T01:01:30.098635+00:00,164.8,46,bid,Xuanyu Liu,EarnestEspressos,8950047
2026-07-06T01:01:30.119621,2026-07-06T01:01:30.130771+00:00,164.8,4,bid,CostlyCorianders,EarnestEspressos,8950049
2026-07-06T01:01:30.119621,2026-07-06T01:01:30.130771+00:00,165.3,43,bid,CostlyCorianders,DiligentDonuts,8950050
2026-07-06T01:01:31.065468,2026-07-06T01:01:31.077269+00:00,165.1,50,bid,FlawlessFlatbreads,DiligentDonuts,8950062
2026-07-06T01:01:33.202912,2026-07-06T01:01:33.214612+00:00,165.1,50,bid,FlawlessFlatbreads,DiligentDonuts,8950103
2026-07-06T01:01:35.311332,2026-07-06T01:01:35.323374+00:00,165.5,50,bid,FlawlessFlatbreads,EarnestEspressos,8950124
2026-07-06T01:01:35.501580,2026-07-06T01:01:35.510508+00:00,165.0,46,ask,EarnestEspressos,CostlyCorianders,8950130
2026-07-06T01:01:37.017660,2026-07-06T01:01:37.029547+00:00,165.6,42,bid,CostlyCorianders,EarnestEspressos,8950144
2026-07-06T01:01:38.042505,2026-07-06T01:01:38.051748+00:00,165.1,44,ask,EarnestEspressos,CostlyCorianders,8950154
2026-07-06T01:01:39.069990,2026-07-06T01:01:39.082121+00:00,165.1,12,ask,EarnestEspressos,Xuanyu Liu,8950162
2026-07-06T01:01:39.601697,2026-07-06T01:01:39.613345+00:00,165.1,50,ask,DiligentDonuts,FlawlessFlatbreads,8950167
2026-07-06T01:01:40.089756,2026-07-06T01:01:40.101393+00:00,165.4,100,bid,DiligentDonuts,EarnestEspressos,8950174
2026-07-06T01:01:41.709826,2026-07-06T01:01:41.721571+00:00,164.9,50,ask,EarnestEspressos,FlawlessFlatbreads,8950197
2026-07-06T01:01:42.787998,2026-07-06T01:01:42.796349+00:00,165.5,11,ask,EarnestEspressos,Xuanyu Liu,8950203
2026-07-06T01:01:43.317419,2026-07-06T01:01:43.329334+00:00,165.5,100,ask,EarnestEspressos,DiligentDonuts,8950209
2026-07-06T01:01:43.818466,2026-07-06T01:01:43.825025+00:00,165.5,39,ask,EarnestEspressos,FlawlessFlatbreads,8950211
2026-07-06T01:01:43.818466,2026-07-06T01:01:43.825025+00:00,164.8,11,ask,DiligentDonuts,FlawlessFlatbreads,8950212
2026-07-06T01:01:43.868495,2026-07-06T01:01:43.881428+00:00,166.0,40,bid,CostlyCorianders,EarnestEspressos,8950215
2026-07-06T01:01:44.231826,2026-07-06T01:01:44.238895+00:00,166.0,34,bid,Kaleb Liu,EarnestEspressos,8950218
2026-07-06T01:01:47.980442,2026-07-06T01:01:47.992277+00:00,165.6,50,bid,FlawlessFlatbreads,DiligentDonuts,8950265
2026-07-06T01:01:49.215701,2026-07-06T01:01:49.222493+00:00,165.2,49,ask,EarnestEspressos,CostlyCorianders,8950280
2026-07-06T01:01:50.086259,2026-07-06T01:01:50.096917+00:00,165.7,50,bid,FlawlessFlatbreads,EarnestEspressos,8950292
2026-07-06T01:01:50.411646,2026-07-06T01:01:50.419059+00:00,165.7,44,bid,CostlyCorianders,EarnestEspressos,8950294
2026-07-06T01:01:54.052820,2026-07-06T01:01:54.064539+00:00,165.7,49,bid,CostlyCorianders,DiligentDonuts,8950330
2026-07-06T01:01:54.347622,2026-07-06T01:01:54.358570+00:00,165.3,50,ask,EarnestEspressos,FlawlessFlatbreads,8950332
2026-07-06T01:01:56.457850,2026-07-06T01:01:56.469747+00:00,165.5,50,ask,DiligentDonuts,FlawlessFlatbreads,8950361
2026-07-06T01:01:58.258085,2026-07-06T01:01:58.269269+00:00,165.5,4,ask,DiligentDonuts,Kaleb Liu,8950383
2026-07-06T01:01:58.573199,2026-07-06T01:01:58.582432+00:00,165.5,46,ask,DiligentDonuts,FlawlessFlatbreads,8950387
2026-07-06T01:01:58.573199,2026-07-06T01:01:58.582432+00:00,165.3,4,ask,EarnestEspressos,FlawlessFlatbreads,8950388
2026-07-06T01:02:00.269920,2026-07-06T01:02:00.276516+00:00,165.7,4,bid,Kaleb Liu,DiligentDonuts,8950411
2026-07-06T01:02:00.685468,2026-07-06T01:02:00.692555+00:00,165.3,50,ask,EarnestEspressos,FlawlessFlatbreads,8950415
2026-07-06T01:02:02.170126,2026-07-06T01:02:02.179727+00:00,165.3,11,bid,Xuanyu Liu,EarnestEspressos,8950435
2026-07-06T01:02:02.617014,2026-07-06T01:02:02.626194+00:00,165.3,12,bid,Xuanyu Liu,EarnestEspressos,8950443
2026-07-06T01:02:02.740068,2026-07-06T01:02:02.747549+00:00,165.3,50,bid,FlawlessFlatbreads,EarnestEspressos,8950448
2026-07-06T01:02:04.022293,2026-07-06T01:02:04.033958+00:00,165.3,46,bid,CostlyCorianders,EarnestEspressos,8950460
2026-07-06T01:02:04.828120,2026-07-06T01:02:04.836785+00:00,165.5,12,ask,EarnestEspressos,Xuanyu Liu,8950472
2026-07-06T01:02:04.847219,2026-07-06T01:02:04.858588+00:00,165.7,50,bid,FlawlessFlatbreads,DiligentDonuts,8950474
2026-07-06T01:02:05.804245,2026-07-06T01:02:05.815158+00:00,165.5,11,ask,EarnestEspressos,Xuanyu Liu,8950491
2026-07-06T01:02:06.953857,2026-07-06T01:02:06.965609+00:00,165.9,50,bid,FlawlessFlatbreads,DiligentDonuts,8950509
2026-07-06T01:02:09.065600,2026-07-06T01:02:09.077062+00:00,166.2,50,bid,FlawlessFlatbreads,EarnestEspressos,8950531
2026-07-06T01:02:11.222540,2026-07-06T01:02:11.264256+00:00,165.9,50,ask,EarnestEspressos,FlawlessFlatbreads,8950553
2026-07-06T01:02:11.863140,2026-07-06T01:02:11.872083+00:00,165.9,11,ask,EarnestEspressos,Xuanyu Liu,8950559
2026-07-06T01:02:12.293711,2026-07-06T01:02:12.303980+00:00,165.9,12,ask,EarnestEspressos,Kaleb Liu,8950570
2026-07-06T01:02:13.279460,2026-07-06T01:02:13.287127+00:00,166.3,50,bid,FlawlessFlatbreads,DiligentDonuts,8950580
2026-07-06T01:02:13.714678,2026-07-06T01:02:13.726583+00:00,165.9,42,ask,EarnestEspressos,CostlyCorianders,8950587
2026-07-06T01:02:14.308864,2026-07-06T01:02:14.320334+00:00,166.3,12,bid,Kaleb Liu,DiligentDonuts,8950592
2026-07-06T01:02:15.213160,2026-07-06T01:02:15.224858+00:00,166.0,40,ask,DiligentDonuts,CostlyCorianders,8950598
2026-07-06T01:02:15.387738,2026-07-06T01:02:15.397662+00:00,166.2,50,bid,FlawlessFlatbreads,EarnestEspressos,8950601
2026-07-06T01:02:15.676446,2026-07-06T01:02:15.683651+00:00,166.2,44,bid,CostlyCorianders,EarnestEspressos,8950605
2026-07-06T01:02:18.324659,2026-07-06T01:02:18.336309+00:00,166.3,8,ask,DiligentDonuts,Kaleb Liu,8950646
2026-07-06T01:02:19.653679,2026-07-06T01:02:19.665339+00:00,166.3,50,ask,DiligentDonuts,FlawlessFlatbreads,8950670
2026-07-06T01:02:20.781254,2026-07-06T01:02:20.798629+00:00,166.3,3,ask,EarnestEspressos,CostlyCorianders,8950682
2026-07-06T01:02:23.330073,2026-07-06T01:02:23.342843+00:00,166.6,40,bid,CostlyCorianders,DiligentDonuts,8950719
2026-07-06T01:02:24.340679,2026-07-06T01:02:24.347002+00:00,166.3,8,ask,EarnestEspressos,Kaleb Liu,8950738
2026-07-06T01:02:25.814263,2026-07-06T01:02:25.825868+00:00,166.8,50,bid,FlawlessFlatbreads,EarnestEspressos,8950760
2026-07-06T01:02:26.839153,2026-07-06T01:02:26.851358+00:00,166.8,11,bid,Xuanyu Liu,EarnestEspressos,8950780
2026-07-06T01:02:26.952367,2026-07-06T01:02:26.963967+00:00,166.8,100,bid,EarnestEspressos,DiligentDonuts,8950783
2026-07-06T01:02:27.017497,2026-07-06T01:02:27.027134+00:00,167.0,11,ask,EarnestEspressos,Xuanyu Liu,8950785
2026-07-06T01:02:27.250143,2026-07-06T01:02:27.256837+00:00,167.0,39,ask,EarnestEspressos,CostlyCorianders,8950788
2026-07-06T01:02:27.250143,2026-07-06T01:02:27.256837+00:00,166.3,4,ask,DiligentDonuts,CostlyCorianders,8950789
2026-07-06T01:02:27.604133,2026-07-06T01:02:27.612428+00:00,167.0,23,ask,DiligentDonuts,Xuanyu Liu,8950795
2026-07-06T01:02:28.354914,2026-07-06T01:02:28.358571+00:00,167.5,16,bid,Kaleb Liu,EarnestEspressos,8950810
2026-07-06T01:02:28.775345,2026-07-06T01:02:28.787097+00:00,167.0,40,ask,DiligentDonuts,CostlyCorianders,8950816
2026-07-06T01:02:29.754305,2026-07-06T01:02:29.766149+00:00,167.0,37,ask,DiligentDonuts,CostlyCorianders,8950824
2026-07-06T01:02:30.179027,2026-07-06T01:02:30.189138+00:00,167.1,11,bid,Xuanyu Liu,EarnestEspressos,8950835
2026-07-06T01:02:32.128694,2026-07-06T01:02:32.138312+00:00,167.1,50,bid,FlawlessFlatbreads,EarnestEspressos,8950854
2026-07-06T01:02:32.956422,2026-07-06T01:02:32.963606+00:00,167.1,47,bid,CostlyCorianders,EarnestEspressos,8950865
2026-07-06T01:02:34.234579,2026-07-06T01:02:34.245102+00:00,167.3,50,bid,FlawlessFlatbreads,DiligentDonuts,8950884
2026-07-06T01:02:34.457428,2026-07-06T01:02:34.468864+00:00,167.3,42,bid,CostlyCorianders,DiligentDonuts,8950889
2026-07-06T01:02:34.968839,2026-07-06T01:02:34.976051+00:00,167.0,48,ask,EarnestEspressos,CostlyCorianders,8950896
2026-07-06T01:02:36.341455,2026-07-06T01:02:36.353166+00:00,167.3,8,bid,FlawlessFlatbreads,DiligentDonuts,8950907
2026-07-06T01:02:36.341455,2026-07-06T01:02:36.353166+00:00,167.5,42,bid,FlawlessFlatbreads,EarnestEspressos,8950908
2026-07-06T01:02:36.372418,2026-07-06T01:02:36.379007+00:00,167.0,12,ask,EarnestEspressos,Kaleb Liu,8950910
2026-07-06T01:02:38.387358,2026-07-06T01:02:38.396109+00:00,167.1,4,ask,DiligentDonuts,Kaleb Liu,8950938
2026-07-06T01:02:40.127582,2026-07-06T01:02:40.139354+00:00,167.4,45,bid,CostlyCorianders,EarnestEspressos,8950964
2026-07-06T01:02:42.123708,2026-07-06T01:02:42.130871+00:00,167.1,47,ask,DiligentDonuts,CostlyCorianders,8950985
2026-07-06T01:02:42.654964,2026-07-06T01:02:42.666590+00:00,167.4,50,bid,FlawlessFlatbreads,EarnestEspressos,8950990
2026-07-06T01:02:42.734746,2026-07-06T01:02:42.745969+00:00,167.6,43,bid,CostlyCorianders,DiligentDonuts,8950991
2026-07-06T01:02:42.796897,2026-07-06T01:02:42.806038+00:00,167.5,11,ask,EarnestEspressos,Xuanyu Liu,8950993
2026-07-06T01:02:43.844479,2026-07-06T01:02:43.863596+00:00,167.5,41,ask,EarnestEspressos,CostlyCorianders,8951012
2026-07-06T01:02:44.405897,2026-07-06T01:02:44.413771+00:00,167.5,5,ask,EarnestEspressos,Kaleb Liu,8951019
2026-07-06T01:02:45.338445,2026-07-06T01:02:45.347702+00:00,167.5,41,ask,EarnestEspressos,CostlyCorianders,8951029
2026-07-06T01:02:46.866388,2026-07-06T01:02:46.875957+00:00,167.5,50,bid,FlawlessFlatbreads,EarnestEspressos,8951046
2026-07-06T01:02:48.077924,2026-07-06T01:02:48.087740+00:00,167.2,47,ask,DiligentDonuts,CostlyCorianders,8951066
2026-07-06T01:02:48.974878,2026-07-06T01:02:48.986681+00:00,167.5,50,bid,FlawlessFlatbreads,EarnestEspressos,8951078
2026-07-06T01:02:49.370213,2026-07-06T01:02:49.379006+00:00,167.3,12,ask,EarnestEspressos,Xuanyu Liu,8951083
2026-07-06T01:02:49.780384,2026-07-06T01:02:49.792007+00:00,167.3,100,ask,EarnestEspressos,DiligentDonuts,8951085
2026-07-06T01:02:50.432576,2026-07-06T01:02:50.444922+00:00,167.3,6,ask,EarnestEspressos,Kaleb Liu,8951092
2026-07-06T01:02:51.134944,2026-07-06T01:02:51.146975+00:00,167.3,32,ask,EarnestEspressos,FlawlessFlatbreads,8951103
2026-07-06T01:02:51.134944,2026-07-06T01:02:51.146975+00:00,166.8,18,ask,DiligentDonuts,FlawlessFlatbreads,8951104
2026-07-06T01:02:52.506236,2026-07-06T01:02:52.514680+00:00,167.1,23,bid,Xuanyu Liu,EarnestEspressos,8951117
2026-07-06T01:02:52.889197,2026-07-06T01:02:52.899492+00:00,167.1,100,bid,DiligentDonuts,EarnestEspressos,8951123
2026-07-06T01:02:53.243182,2026-07-06T01:02:53.258572+00:00,166.6,50,ask,EarnestEspressos,FlawlessFlatbreads,8951127
2026-07-06T01:02:53.895840,2026-07-06T01:02:53.906436+00:00,167.1,27,bid,CostlyCorianders,EarnestEspressos,8951139
2026-07-06T01:02:53.895840,2026-07-06T01:02:53.906436+00:00,167.7,21,bid,CostlyCorianders,DiligentDonuts,8951140
2026-07-06T01:02:54.445780,2026-07-06T01:02:54.463769+00:00,167.7,27,bid,Kaleb Liu,DiligentDonuts,8951153
2026-07-06T01:02:56.049517,2026-07-06T01:02:56.063593+00:00,167.4,100,bid,DiligentDonuts,EarnestEspressos,8951166
2026-07-06T01:02:57.408026,2026-07-06T01:02:57.419830+00:00,167.4,50,bid,FlawlessFlatbreads,EarnestEspressos,8951174
2026-07-06T01:02:58.614596,2026-07-06T01:02:58.622953+00:00,167.8,37,ask,EarnestEspressos,Xuanyu Liu,8951192
2026-07-06T01:02:59.261486,2026-07-06T01:02:59.273028+00:00,167.8,100,ask,EarnestEspressos,DiligentDonuts,8951202
2026-07-06T01:03:00.458916,2026-07-06T01:03:00.470275+00:00,167.8,13,ask,EarnestEspressos,Kaleb Liu,8951219
2026-07-06T01:03:01.622068,2026-07-06T01:03:01.633795+00:00,168.3,50,bid,FlawlessFlatbreads,EarnestEspressos,8951229
2026-07-06T01:03:02.469958,2026-07-06T01:03:02.477024+00:00,167.3,21,ask,EarnestEspressos,Kaleb Liu,8951239
2026-07-06T01:03:03.730004,2026-07-06T01:03:03.741717+00:00,167.5,50,bid,FlawlessFlatbreads,DiligentDonuts,8951252
2026-07-06T01:03:05.840538,2026-07-06T01:03:05.849967+00:00,167.7,50,bid,FlawlessFlatbreads,DiligentDonuts,8951272
2026-07-06T01:03:05.881444,2026-07-06T01:03:05.890330+00:00,167.7,47,bid,CostlyCorianders,DiligentDonuts,8951274
2026-07-06T01:03:07.947592,2026-07-06T01:03:07.958587+00:00,167.7,3,bid,FlawlessFlatbreads,DiligentDonuts,8951297
2026-07-06T01:03:07.947592,2026-07-06T01:03:07.958587+00:00,167.8,47,bid,FlawlessFlatbreads,EarnestEspressos,8951298
2026-07-06T01:03:10.069865,2026-07-06T01:03:10.081722+00:00,167.8,50,bid,FlawlessFlatbreads,EarnestEspressos,8951333
2026-07-06T01:03:10.489510,2026-07-06T01:03:10.500225+00:00,167.5,8,ask,DiligentDonuts,Kaleb Liu,8951337
2026-07-06T01:03:11.969952,2026-07-06T01:03:11.979250+00:00,167.6,46,ask,EarnestEspressos,CostlyCorianders,8951356
2026-07-06T01:03:12.177531,2026-07-06T01:03:12.186760+00:00,167.9,50,bid,FlawlessFlatbreads,DiligentDonuts,8951358
2026-07-06T01:03:12.503000,2026-07-06T01:03:12.513513+00:00,167.6,1,ask,EarnestEspressos,Kaleb Liu,8951366
2026-07-06T01:03:12.563837,2026-07-06T01:03:12.575630+00:00,167.9,40,bid,CostlyCorianders,DiligentDonuts,8951368
2026-07-06T01:03:14.019337,2026-07-06T01:03:14.030885+00:00,167.6,45,ask,EarnestEspressos,CostlyCorianders,8951389
2026-07-06T01:03:14.283593,2026-07-06T01:03:14.295520+00:00,167.9,10,bid,FlawlessFlatbreads,DiligentDonuts,8951399
2026-07-06T01:03:14.283593,2026-07-06T01:03:14.295520+00:00,168.1,40,bid,FlawlessFlatbreads,EarnestEspressos,8951400
2026-07-06T01:03:14.514249,2026-07-06T01:03:14.524988+00:00,167.4,1,ask,DiligentDonuts,Kaleb Liu,8951405
2026-07-06T01:03:16.392141,2026-07-06T01:03:16.404169+00:00,167.8,50,bid,FlawlessFlatbreads,EarnestEspressos,8951429
2026-07-06T01:03:16.524706,2026-07-06T01:03:16.535459+00:00,167.6,56,ask,DiligentDonuts,Kaleb Liu,8951433
2026-07-06T01:03:17.250991,2026-07-06T01:03:17.260933+00:00,167.6,14,ask,DiligentDonuts,Xuanyu Liu,8951443
2026-07-06T01:03:18.499969,2026-07-06T01:03:18.511426+00:00,168.1,50,bid,FlawlessFlatbreads,EarnestEspressos,8951454
2026-07-06T01:03:18.535780,2026-07-06T01:03:18.542744+00:00,168.1,2,bid,Kaleb Liu,EarnestEspressos,8951457
2026-07-06T01:03:20.045806,2026-07-06T01:03:20.054089+00:00,168.1,11,bid,Xuanyu Liu,EarnestEspressos,8951475
2026-07-06T01:03:20.547734,2026-07-06T01:03:20.558995+00:00,167.6,2,ask,EarnestEspressos,Kaleb Liu,8951480
2026-07-06T01:03:20.608331,2026-07-06T01:03:20.620117+00:00,168.1,50,bid,FlawlessFlatbreads,EarnestEspressos,8951481
2026-07-06T01:03:20.735486,2026-07-06T01:03:20.743264+00:00,168.1,100,bid,EarnestEspressos,DiligentDonuts,8951485
2026-07-06T01:03:20.798525,2026-07-06T01:03:20.807203+00:00,168.5,11,ask,EarnestEspressos,Xuanyu Liu,8951487
2026-07-06T01:03:21.359661,2026-07-06T01:03:21.375675+00:00,168.5,23,ask,EarnestEspressos,Xuanyu Liu,8951496
2026-07-06T01:03:21.429191,2026-07-06T01:03:21.441347+00:00,168.5,16,ask,EarnestEspressos,CostlyCorianders,8951502
2026-07-06T01:03:21.429191,2026-07-06T01:03:21.441347+00:00,168.2,30,ask,DiligentDonuts,CostlyCorianders,8951503
2026-07-06T01:03:22.581607,2026-07-06T01:03:22.597472+00:00,168.2,46,ask,DiligentDonuts,CostlyCorianders,8951520
2026-07-06T01:03:22.732197,2026-07-06T01:03:22.744164+00:00,168.7,50,bid,FlawlessFlatbreads,DiligentDonuts,8951523
2026-07-06T01:03:23.947834,2026-07-06T01:03:23.968675+00:00,168.2,24,ask,DiligentDonuts,EarnestEspressos,8951533
2026-07-06T01:03:23.959563,2026-07-06T01:03:23.968675+00:00,168.2,11,bid,Xuanyu Liu,EarnestEspressos,8951534
2026-07-06T01:03:24.838791,2026-07-06T01:03:24.850839+00:00,168.2,50,bid,FlawlessFlatbreads,EarnestEspressos,8951543
2026-07-06T01:03:25.155971,2026-07-06T01:03:25.154230+00:00,168.0,44,ask,DiligentDonuts,CostlyCorianders,8951550
2026-07-06T01:03:26.945879,2026-07-06T01:03:26.963864+00:00,168.2,50,bid,FlawlessFlatbreads,EarnestEspressos,8951579
2026-07-06T01:03:27.245743,2026-07-06T01:03:27.255358+00:00,168.5,43,bid,CostlyCorianders,DiligentDonuts,8951583
2026-07-06T01:03:28.375469,2026-07-06T01:03:28.387314+00:00,168.2,45,ask,EarnestEspressos,CostlyCorianders,8951596
2026-07-06T01:03:29.051636,2026-07-06T01:03:29.058557+00:00,168.5,50,bid,FlawlessFlatbreads,DiligentDonuts,8951601
2026-07-06T01:03:29.493542,2026-07-06T01:03:29.501300+00:00,168.5,40,bid,CostlyCorianders,DiligentDonuts,8951608
2026-07-06T01:03:31.159321,2026-07-06T01:03:31.171019+00:00,168.5,50,bid,FlawlessFlatbreads,EarnestEspressos,8951631
2026-07-06T01:03:33.266677,2026-07-06T01:03:33.278731+00:00,168.5,50,bid,FlawlessFlatbreads,EarnestEspressos,8951658
2026-07-06T01:03:33.389162,2026-07-06T01:03:33.398015+00:00,168.6,11,ask,EarnestEspressos,Xuanyu Liu,8951662
2026-07-06T01:03:33.449214,2026-07-06T01:03:33.457815+00:00,168.6,12,ask,EarnestEspressos,Xuanyu Liu,8951666
2026-07-06T01:03:33.836273,2026-07-06T01:03:33.848066+00:00,168.8,47,bid,CostlyCorianders,DiligentDonuts,8951673
2026-07-06T01:03:34.059875,2026-07-06T01:03:34.070461+00:00,168.6,11,ask,EarnestEspressos,Xuanyu Liu,8951675
2026-07-06T01:03:34.573892,2026-07-06T01:03:34.584876+00:00,168.6,21,ask,EarnestEspressos,Kaleb Liu,8951684
2026-07-06T01:03:35.424807,2026-07-06T01:03:35.436817+00:00,168.6,50,ask,EarnestEspressos,FlawlessFlatbreads,8951696
2026-07-06T01:03:36.844028,2026-07-06T01:03:36.858579+00:00,168.5,44,ask,DiligentDonuts,CostlyCorianders,8951714
2026-07-06T01:03:37.303070,2026-07-06T01:03:37.312622+00:00,168.6,40,bid,CostlyCorianders,EarnestEspressos,8951725
2026-07-06T01:03:37.356964,2026-07-06T01:03:37.368816+00:00,168.2,43,ask,DiligentDonuts,CostlyCorianders,8951726
2026-07-06T01:03:37.482498,2026-07-06T01:03:37.494438+00:00,168.6,50,bid,FlawlessFlatbreads,EarnestEspressos,8951729
2026-07-06T01:03:37.842603,2026-07-06T01:03:37.858578+00:00,168.2,41,ask,DiligentDonuts,CostlyCorianders,8951734
2026-07-06T01:03:38.417920,2026-07-06T01:03:38.434680+00:00,168.6,11,bid,Xuanyu Liu,EarnestEspressos,8951739
2026-07-06T01:03:38.764633,2026-07-06T01:03:38.776595+00:00,168.6,46,bid,CostlyCorianders,EarnestEspressos,8951745
2026-07-06T01:03:39.590684,2026-07-06T01:03:39.602312+00:00,168.6,3,bid,FlawlessFlatbreads,EarnestEspressos,8951758
2026-07-06T01:03:39.590684,2026-07-06T01:03:39.602312+00:00,168.7,47,bid,FlawlessFlatbreads,DiligentDonuts,8951759
2026-07-06T01:03:39.708661,2026-07-06T01:03:39.716420+00:00,168.7,53,bid,EarnestEspressos,DiligentDonuts,8951761
2026-07-06T01:03:39.770715,2026-07-06T01:03:39.778940+00:00,168.8,11,ask,EarnestEspressos,Xuanyu Liu,8951763
2026-07-06T01:03:41.292412,2026-07-06T01:03:41.304152+00:00,168.8,49,ask,EarnestEspressos,CostlyCorianders,8951778
2026-07-06T01:03:41.750356,2026-07-06T01:03:41.758535+00:00,168.8,37,ask,EarnestEspressos,FlawlessFlatbreads,8951781
2026-07-06T01:03:42.636524,2026-07-06T01:03:42.648276+00:00,169.0,47,bid,CostlyCorianders,DiligentDonuts,8951795
2026-07-06T01:03:43.164624,2026-07-06T01:03:43.174327+00:00,168.5,42,ask,DiligentDonuts,CostlyCorianders,8951802
2026-07-06T01:03:43.748766,2026-07-06T01:03:43.758539+00:00,168.6,45,bid,CostlyCorianders,EarnestEspressos,8951810
2026-07-06T01:03:43.857865,2026-07-06T01:03:43.869584+00:00,168.4,50,ask,DiligentDonuts,FlawlessFlatbreads,8951813
2026-07-06T01:03:45.248516,2026-07-06T01:03:45.255159+00:00,168.6,44,bid,CostlyCorianders,EarnestEspressos,8951830
2026-07-06T01:03:48.017500,2026-07-06T01:03:48.028544+00:00,168.8,50,bid,FlawlessFlatbreads,EarnestEspressos,8951873
2026-07-06T01:03:50.177376,2026-07-06T01:03:50.183803+00:00,168.6,50,ask,EarnestEspressos,FlawlessFlatbreads,8951896
2026-07-06T01:03:50.223054,2026-07-06T01:03:50.231052+00:00,168.6,41,ask,EarnestEspressos,CostlyCorianders,8951897
2026-07-06T01:03:51.164980,2026-07-06T01:03:51.177078+00:00,168.6,11,ask,EarnestEspressos,Xuanyu Liu,8951906
2026-07-06T01:03:52.284456,2026-07-06T01:03:52.296294+00:00,168.6,48,ask,EarnestEspressos,FlawlessFlatbreads,8951914
2026-07-06T01:03:52.284456,2026-07-06T01:03:52.296294+00:00,168.2,2,ask,DiligentDonuts,FlawlessFlatbreads,8951915
2026-07-06T01:03:52.430513,2026-07-06T01:03:52.438694+00:00,168.4,11,bid,Xuanyu Liu,EarnestEspressos,8951917
2026-07-06T01:03:52.869643,2026-07-06T01:03:52.893938+00:00,168.4,11,bid,Xuanyu Liu,EarnestEspressos,8951924
2026-07-06T01:03:53.351447,2026-07-06T01:03:53.358580+00:00,168.4,44,bid,CostlyCorianders,EarnestEspressos,8951932
2026-07-06T01:03:53.852523,2026-07-06T01:03:53.867933+00:00,168.3,40,ask,DiligentDonuts,CostlyCorianders,8951943
2026-07-06T01:03:54.159536,2026-07-06T01:03:54.167632+00:00,168.4,12,bid,Xuanyu Liu,EarnestEspressos,8951947
2026-07-06T01:03:54.343661,2026-07-06T01:03:54.352202+00:00,168.4,50,bid,FlawlessFlatbreads,EarnestEspressos,8951951
2026-07-06T01:03:56.006416,2026-07-06T01:03:56.016015+00:00,168.5,12,ask,EarnestEspressos,Xuanyu Liu,8951973
2026-07-06T01:03:58.439584,2026-07-06T01:03:58.458712+00:00,168.6,48,bid,CostlyCorianders,DiligentDonuts,8952016
2026-07-06T01:03:58.494839,2026-07-06T01:03:58.505662+00:00,168.5,41,ask,EarnestEspressos,CostlyCorianders,8952018
2026-07-06T01:03:58.592218,2026-07-06T01:03:58.604185+00:00,168.6,50,bid,FlawlessFlatbreads,DiligentDonuts,8952019
2026-07-06T01:04:00.764191,2026-07-06T01:04:00.773051+00:00,168.5,50,ask,DiligentDonuts,FlawlessFlatbreads,8952060
2026-07-06T01:04:05.005424,2026-07-06T01:04:05.017323+00:00,168.3,50,ask,DiligentDonuts,FlawlessFlatbreads,8952110
2026-07-06T01:04:05.989707,2026-07-06T01:04:05.999079+00:00,168.5,48,ask,DiligentDonuts,CostlyCorianders,8952122
2026-07-06T01:04:07.112861,2026-07-06T01:04:07.124405+00:00,168.5,50,ask,DiligentDonuts,FlawlessFlatbreads,8952132
2026-07-06T01:04:07.894227,2026-07-06T01:04:07.905726+00:00,168.9,46,bid,CostlyCorianders,EarnestEspressos,8952145
2026-07-06T01:04:08.904995,2026-07-06T01:04:08.913833+00:00,168.9,100,ask,EarnestEspressos,DiligentDonuts,8952162
2026-07-06T01:04:09.418256,2026-07-06T01:04:09.430178+00:00,168.9,45,ask,EarnestEspressos,CostlyCorianders,8952167
2026-07-06T01:04:11.749719,2026-07-06T01:04:11.757991+00:00,168.7,12,bid,Xuanyu Liu,EarnestEspressos,8952194
2026-07-06T01:04:13.185129,2026-07-06T01:04:13.196837+00:00,168.7,40,bid,CostlyCorianders,EarnestEspressos,8952214
2026-07-06T01:04:13.387633,2026-07-06T01:04:13.399618+00:00,168.7,50,bid,FlawlessFlatbreads,EarnestEspressos,8952216
2026-07-06T01:04:14.101329,2026-07-06T01:04:14.113140+00:00,168.5,48,ask,DiligentDonuts,CostlyCorianders,8952224
2026-07-06T01:04:16.511043,2026-07-06T01:04:16.518495+00:00,168.5,12,ask,EarnestEspressos,Xuanyu Liu,8952255
2026-07-06T01:04:17.384729,2026-07-06T01:04:17.396428+00:00,168.5,46,ask,EarnestEspressos,CostlyCorianders,8952266
2026-07-06T01:04:17.661241,2026-07-06T01:04:17.674182+00:00,168.1,50,ask,DiligentDonuts,FlawlessFlatbreads,8952268
2026-07-06T01:04:18.404622,2026-07-06T01:04:18.414274+00:00,168.3,12,bid,Xuanyu Liu,DiligentDonuts,8952281
2026-07-06T01:04:19.767270,2026-07-06T01:04:19.778927+00:00,168.1,50,ask,EarnestEspressos,FlawlessFlatbreads,8952297
2026-07-06T01:04:20.856463,2026-07-06T01:04:20.868116+00:00,168.3,48,bid,CostlyCorianders,DiligentDonuts,8952303
2026-07-06T01:04:21.364853,2026-07-06T01:04:21.376717+00:00,168.3,40,bid,CostlyCorianders,DiligentDonuts,8952309
2026-07-06T01:04:21.364853,2026-07-06T01:04:21.376717+00:00,168.5,7,bid,CostlyCorianders,EarnestEspressos,8952310
2026-07-06T01:04:21.878537,2026-07-06T01:04:21.885873+00:00,168.2,50,ask,DiligentDonuts,FlawlessFlatbreads,8952322
2026-07-06T01:04:23.410376,2026-07-06T01:04:23.422334+00:00,168.5,46,bid,CostlyCorianders,EarnestEspressos,8952338
2026-07-06T01:04:23.988838,2026-07-06T01:04:23.995995+00:00,168.2,50,ask,DiligentDonuts,FlawlessFlatbreads,8952348
2026-07-06T01:04:24.517418,2026-07-06T01:04:24.526618+00:00,168.3,46,ask,EarnestEspressos,CostlyCorianders,8952354
2026-07-06T01:04:24.637099,2026-07-06T01:04:24.643852+00:00,168.8,21,bid,Kaleb Liu,EarnestEspressos,8952356
2026-07-06T01:04:25.093327,2026-07-06T01:04:25.104017+00:00,168.3,49,ask,EarnestEspressos,CostlyCorianders,8952361
2026-07-06T01:04:26.096058,2026-07-06T01:04:26.103285+00:00,168.3,50,ask,EarnestEspressos,FlawlessFlatbreads,8952373
2026-07-06T01:04:27.273995,2026-07-06T01:04:27.283488+00:00,168.1,23,bid,Xuanyu Liu,EarnestEspressos,8952392
2026-07-06T01:04:28.204105,2026-07-06T01:04:28.215090+00:00,167.8,50,ask,DiligentDonuts,FlawlessFlatbreads,8952401
2026-07-06T01:04:28.539380,2026-07-06T01:04:28.549978+00:00,168.1,11,bid,Xuanyu Liu,EarnestEspressos,8952408
2026-07-06T01:04:28.603760,2026-07-06T01:04:28.615436+00:00,168.1,40,bid,CostlyCorianders,EarnestEspressos,8952411
2026-07-06T01:04:30.309117,2026-07-06T01:04:30.321086+00:00,167.8,50,ask,DiligentDonuts,FlawlessFlatbreads,8952433
2026-07-06T01:04:31.031307,2026-07-06T01:04:31.042938+00:00,168.1,100,ask,EarnestEspressos,DiligentDonuts,8952445
2026-07-06T01:04:31.826161,2026-07-06T01:04:31.832916+00:00,168.6,45,bid,CostlyCorianders,EarnestEspressos,8952450
2026-07-06T01:04:32.308455,2026-07-06T01:04:32.317167+00:00,168.1,42,ask,EarnestEspressos,CostlyCorianders,8952458
2026-07-06T01:04:32.417395,2026-07-06T01:04:32.428964+00:00,168.1,8,ask,EarnestEspressos,FlawlessFlatbreads,8952461
2026-07-06T01:04:32.417395,2026-07-06T01:04:32.428964+00:00,167.5,42,ask,DiligentDonuts,FlawlessFlatbreads,8952462
2026-07-06T01:04:32.655228,2026-07-06T01:04:32.666531+00:00,167.5,21,ask,DiligentDonuts,Kaleb Liu,8952469
2026-07-06T01:04:33.353770,2026-07-06T01:04:33.365666+00:00,168.6,41,bid,CostlyCorianders,EarnestEspressos,8952475
2026-07-06T01:04:33.834391,2026-07-06T01:04:33.846075+00:00,167.7,45,ask,EarnestEspressos,CostlyCorianders,8952484
2026-07-06T01:04:34.524083,2026-07-06T01:04:34.535568+00:00,167.7,50,ask,EarnestEspressos,FlawlessFlatbreads,8952485
2026-07-06T01:04:36.632034,2026-07-06T01:04:36.643876+00:00,167.7,50,ask,EarnestEspressos,FlawlessFlatbreads,8952518
2026-07-06T01:04:36.773154,2026-07-06T01:04:36.792177+00:00,167.7,100,ask,DiligentDonuts,EarnestEspressos,8952521
2026-07-06T01:04:36.783217,2026-07-06T01:04:36.792177+00:00,167.4,6,bid,Xuanyu Liu,EarnestEspressos,8952523
2026-07-06T01:04:37.182960,2026-07-06T01:04:37.191241+00:00,167.4,11,bid,Xuanyu Liu,EarnestEspressos,8952533
2026-07-06T01:04:37.475467,2026-07-06T01:04:37.485330+00:00,167.4,23,bid,Xuanyu Liu,EarnestEspressos,8952535
2026-07-06T01:04:38.203944,2026-07-06T01:04:38.216236+00:00,167.4,10,bid,CostlyCorianders,EarnestEspressos,8952545
2026-07-06T01:04:38.203944,2026-07-06T01:04:38.216236+00:00,167.8,37,bid,CostlyCorianders,DiligentDonuts,8952546
2026-07-06T01:04:38.676574,2026-07-06T01:04:38.685189+00:00,167.8,21,bid,Kaleb Liu,DiligentDonuts,8952552
2026-07-06T01:04:38.740696,2026-07-06T01:04:38.752277+00:00,167.3,50,ask,DiligentDonuts,FlawlessFlatbreads,8952553
2026-07-06T01:04:39.895407,2026-07-06T01:04:39.905401+00:00,167.7,23,ask,EarnestEspressos,Xuanyu Liu,8952565
2026-07-06T01:04:40.535377,2026-07-06T01:04:40.546998+00:00,167.7,44,ask,EarnestEspressos,CostlyCorianders,8952571
2026-07-06T01:04:40.847547,2026-07-06T01:04:40.853967+00:00,167.7,50,ask,EarnestEspressos,FlawlessFlatbreads,8952575
2026-07-06T01:04:42.954947,2026-07-06T01:04:42.954997+00:00,167.7,33,ask,EarnestEspressos,FlawlessFlatbreads,8952607
2026-07-06T01:04:42.954947,2026-07-06T01:04:42.954997+00:00,167.4,17,ask,DiligentDonuts,FlawlessFlatbreads,8952608
2026-07-06T01:04:44.060227,2026-07-06T01:04:44.067804+00:00,167.7,46,bid,CostlyCorianders,EarnestEspressos,8952619
2026-07-06T01:04:45.063074,2026-07-06T01:04:45.072336+00:00,167.4,50,ask,DiligentDonuts,FlawlessFlatbreads,8952634
2026-07-06T01:04:47.170533,2026-07-06T01:04:47.182195+00:00,167.4,50,ask,EarnestEspressos,FlawlessFlatbreads,8952659
2026-07-06T01:04:49.277041,2026-07-06T01:04:49.285516+00:00,167.4,50,ask,EarnestEspressos,FlawlessFlatbreads,8952689
2026-07-06T01:04:49.444261,2026-07-06T01:04:49.453705+00:00,167.4,12,bid,Xuanyu Liu,EarnestEspressos,8952695
2026-07-06T01:04:50.698704,2026-07-06T01:04:50.708108+00:00,167.4,12,bid,Kaleb Liu,EarnestEspressos,8952713
2026-07-06T01:04:51.385766,2026-07-06T01:04:51.397589+00:00,167.2,50,ask,DiligentDonuts,FlawlessFlatbreads,8952723
2026-07-06T01:04:51.721332,2026-07-06T01:04:51.730412+00:00,167.4,11,bid,Xuanyu Liu,EarnestEspressos,8952729
2026-07-06T01:04:53.492822,2026-07-06T01:04:53.504796+00:00,167.0,50,ask,DiligentDonuts,FlawlessFlatbreads,8952744
2026-07-06T01:04:54.828231,2026-07-06T01:04:54.840241+00:00,167.4,41,bid,CostlyCorianders,EarnestEspressos,8952759
2026-07-06T01:04:55.549531,2026-07-06T01:04:55.561413+00:00,167.4,50,bid,FlawlessFlatbreads,EarnestEspressos,8952770
2026-07-06T01:04:55.884141,2026-07-06T01:04:55.895938+00:00,167.4,45,ask,EarnestEspressos,CostlyCorianders,8952773
2026-07-06T01:04:59.766877,2026-07-06T01:04:59.777674+00:00,167.5,50,bid,FlawlessFlatbreads,DiligentDonuts,8952826
2026-07-06T01:04:59.769703,2026-07-06T01:04:59.777674+00:00,167.5,12,bid,Xuanyu Liu,DiligentDonuts,8952827
2026-07-06T01:05:00.011355,2026-07-06T01:05:00.019698+00:00,167.5,38,bid,CostlyCorianders,DiligentDonuts,8952833
2026-07-06T01:05:00.011355,2026-07-06T01:05:00.024860+00:00,167.7,2,bid,CostlyCorianders,EarnestEspressos,8952834
2026-07-06T01:05:01.250589,2026-07-06T01:05:01.258606+00:00,167.2,45,ask,EarnestEspressos,CostlyCorianders,8952854
2026-07-06T01:05:01.872782,2026-07-06T01:05:01.884462+00:00,167.7,50,bid,FlawlessFlatbreads,EarnestEspressos,8952860
2026-07-06T01:05:03.981312,2026-07-06T01:05:03.993185+00:00,167.5,50,bid,FlawlessFlatbreads,DiligentDonuts,8952890
2026-07-06T01:05:05.005821,2026-07-06T01:05:05.014026+00:00,167.1,12,ask,EarnestEspressos,Xuanyu Liu,8952902
2026-07-06T01:05:05.401590,2026-07-06T01:05:05.413331+00:00,167.3,47,bid,CostlyCorianders,EarnestEspressos,8952910
2026-07-06T01:05:06.089980,2026-07-06T01:05:06.100017+00:00,167.3,50,bid,FlawlessFlatbreads,EarnestEspressos,8952921
2026-07-06T01:05:06.721221,2026-07-06T01:05:06.730591+00:00,167.3,9,bid,Kaleb Liu,EarnestEspressos,8952933
2026-07-06T01:05:07.304116,2026-07-06T01:05:07.314587+00:00,166.9,11,ask,DiligentDonuts,Xuanyu Liu,8952934
2026-07-06T01:05:08.195781,2026-07-06T01:05:08.207690+00:00,167.3,44,bid,FlawlessFlatbreads,EarnestEspressos,8952953
2026-07-06T01:05:08.195781,2026-07-06T01:05:08.207690+00:00,167.4,6,bid,FlawlessFlatbreads,DiligentDonuts,8952954
2026-07-06T01:05:08.361328,2026-07-06T01:05:08.370232+00:00,167.0,12,ask,EarnestEspressos,Xuanyu Liu,8952956
2026-07-06T01:05:08.624040,2026-07-06T01:05:08.632611+00:00,167.0,49,ask,EarnestEspressos,CostlyCorianders,8952960
2026-07-06T01:05:09.900563,2026-07-06T01:05:09.908224+00:00,167.0,11,ask,EarnestEspressos,Xuanyu Liu,8952970
2026-07-06T01:05:10.316116,2026-07-06T01:05:10.329438+00:00,167.1,50,bid,FlawlessFlatbreads,DiligentDonuts,8952978
2026-07-06T01:05:11.114132,2026-07-06T01:05:11.123096+00:00,167.0,3,ask,EarnestEspressos,Xuanyu Liu,8952993
2026-07-06T01:05:11.123056,2026-07-06T01:05:11.138374+00:00,167.1,43,bid,CostlyCorianders,DiligentDonuts,8952995
2026-07-06T01:05:12.475447,2026-07-06T01:05:12.487474+00:00,166.7,50,ask,DiligentDonuts,FlawlessFlatbreads,8953001
2026-07-06T01:05:14.601133,2026-07-06T01:05:14.613015+00:00,166.7,50,ask,DiligentDonuts,FlawlessFlatbreads,8953032
2026-07-06T01:05:15.038083,2026-07-06T01:05:15.045065+00:00,166.5,49,ask,EarnestEspressos,CostlyCorianders,8953037
2026-07-06T01:05:15.503332,2026-07-06T01:05:15.511560+00:00,166.8,3,bid,Xuanyu Liu,DiligentDonuts,8953043
2026-07-06T01:05:16.708458,2026-07-06T01:05:16.720352+00:00,166.5,50,ask,EarnestEspressos,FlawlessFlatbreads,8953055
2026-07-06T01:05:17.209637,2026-07-06T01:05:17.219451+00:00,166.8,43,bid,CostlyCorianders,DiligentDonuts,8953063
2026-07-06T01:05:17.900453,2026-07-06T01:05:17.909305+00:00,166.7,11,bid,Xuanyu Liu,EarnestEspressos,8953069
2026-07-06T01:05:18.223696,2026-07-06T01:05:18.235222+00:00,166.7,43,bid,CostlyCorianders,EarnestEspressos,8953076
2026-07-06T01:05:18.722846,2026-07-06T01:05:18.734894+00:00,166.6,46,ask,DiligentDonuts,CostlyCorianders,8953081
2026-07-06T01:05:18.817379,2026-07-06T01:05:18.827160+00:00,166.6,50,ask,DiligentDonuts,FlawlessFlatbreads,8953083
2026-07-06T01:05:19.338634,2026-07-06T01:05:19.350373+00:00,166.7,46,bid,CostlyCorianders,EarnestEspressos,8953090
2026-07-06T01:05:19.442339,2026-07-06T01:05:19.450165+00:00,166.7,12,bid,Xuanyu Liu,EarnestEspressos,8953096
2026-07-06T01:05:19.803817,2026-07-06T01:05:19.815347+00:00,166.7,38,bid,CostlyCorianders,EarnestEspressos,8953108
2026-07-06T01:05:20.746573,2026-07-06T01:05:20.758561+00:00,166.6,4,ask,DiligentDonuts,Kaleb Liu,8953121
2026-07-06T01:05:20.927686,2026-07-06T01:05:20.934991+00:00,166.2,50,ask,EarnestEspressos,FlawlessFlatbreads,8953125
2026-07-06T01:05:22.059605,2026-07-06T01:05:22.068008+00:00,166.7,11,bid,Xuanyu Liu,DiligentDonuts,8953141
2026-07-06T01:05:22.753115,2026-07-06T01:05:22.764730+00:00,166.7,4,bid,Kaleb Liu,DiligentDonuts,8953145
2026-07-06T01:05:23.031888,2026-07-06T01:05:23.041270+00:00,166.6,46,ask,EarnestEspressos,CostlyCorianders,8953149
2026-07-06T01:05:23.047919,2026-07-06T01:05:23.056955+00:00,166.6,50,ask,EarnestEspressos,FlawlessFlatbreads,8953151
2026-07-06T01:05:25.058331,2026-07-06T01:05:25.075345+00:00,166.6,45,bid,CostlyCorianders,DiligentDonuts,8953185
2026-07-06T01:05:25.103065,2026-07-06T01:05:25.115126+00:00,166.6,50,bid,FlawlessFlatbreads,DiligentDonuts,8953186
2026-07-06T01:05:25.620672,2026-07-06T01:05:25.632508+00:00,166.6,5,bid,CostlyCorianders,DiligentDonuts,8953191
2026-07-06T01:05:26.545625,2026-07-06T01:05:26.557329+00:00,166.2,48,ask,EarnestEspressos,CostlyCorianders,8953206
2026-07-06T01:05:27.209725,2026-07-06T01:05:27.217558+00:00,166.7,50,bid,FlawlessFlatbreads,EarnestEspressos,8953212
2026-07-06T01:05:29.329934,2026-07-06T01:05:29.342007+00:00,166.8,50,bid,FlawlessFlatbreads,EarnestEspressos,8953240
2026-07-06T01:05:29.597878,2026-07-06T01:05:29.609405+00:00,166.5,46,ask,DiligentDonuts,CostlyCorianders,8953243
2026-07-06T01:05:30.495269,2026-07-06T01:05:30.504300+00:00,167.0,100,bid,EarnestEspressos,DiligentDonuts,8953262
2026-07-06T01:05:30.559567,2026-07-06T01:05:30.567778+00:00,167.0,25,ask,EarnestEspressos,Xuanyu Liu,8953263
2026-07-06T01:05:30.770823,2026-07-06T01:05:30.779280+00:00,167.0,25,ask,EarnestEspressos,Kaleb Liu,8953270
2026-07-06T01:05:31.233478,2026-07-06T01:05:31.241793+00:00,167.4,12,ask,DiligentDonuts,Xuanyu Liu,8953277
2026-07-06T01:05:31.516269,2026-07-06T01:05:31.526500+00:00,167.4,50,ask,DiligentDonuts,FlawlessFlatbreads,8953286
2026-07-06T01:05:31.686672,2026-07-06T01:05:31.694660+00:00,167.4,3,ask,DiligentDonuts,Xuanyu Liu,8953290
2026-07-06T01:05:32.075677,2026-07-06T01:05:32.087180+00:00,167.4,35,ask,DiligentDonuts,CostlyCorianders,8953295
2026-07-06T01:05:33.162747,2026-07-06T01:05:33.170741+00:00,167.5,45,bid,CostlyCorianders,EarnestEspressos,8953316
2026-07-06T01:05:33.721125,2026-07-06T01:05:33.730848+00:00,167.0,29,bid,Xuanyu Liu,EarnestEspressos,8953325
2026-07-06T01:05:34.699289,2026-07-06T01:05:34.707286+00:00,167.0,47,bid,CostlyCorianders,EarnestEspressos,8953339
2026-07-06T01:05:34.783439,2026-07-06T01:05:34.790772+00:00,167.0,16,bid,Kaleb Liu,EarnestEspressos,8953341
2026-07-06T01:05:35.160488,2026-07-06T01:05:35.172513+00:00,167.0,11,bid,Xuanyu Liu,EarnestEspressos,8953349
2026-07-06T01:05:35.286271,2026-07-06T01:05:35.297924+00:00,167.0,46,bid,CostlyCorianders,EarnestEspressos,8953353
2026-07-06T01:05:35.726245,2026-07-06T01:05:35.737244+00:00,166.9,50,ask,DiligentDonuts,FlawlessFlatbreads,8953362
2026-07-06T01:05:37.776919,2026-07-06T01:05:37.785389+00:00,167.1,11,ask,EarnestEspressos,Xuanyu Liu,8953392
2026-07-06T01:05:37.835846,2026-07-06T01:05:37.847616+00:00,167.1,50,ask,EarnestEspressos,FlawlessFlatbreads,8953394
2026-07-06T01:05:39.944262,2026-07-06T01:05:39.950691+00:00,166.8,50,ask,DiligentDonuts,FlawlessFlatbreads,8953420
2026-07-06T01:05:44.103661,2026-07-06T01:05:44.115280+00:00,167.1,50,bid,FlawlessFlatbreads,DiligentDonuts,8953456
2026-07-06T01:05:44.274568,2026-07-06T01:05:44.286108+00:00,166.8,42,ask,EarnestEspressos,CostlyCorianders,8953457
2026-07-06T01:05:45.396656,2026-07-06T01:05:45.408554+00:00,167.1,41,bid,CostlyCorianders,DiligentDonuts,8953469
2026-07-06T01:05:46.502379,2026-07-06T01:05:46.514230+00:00,166.7,46,ask,EarnestEspressos,CostlyCorianders,8953484
2026-07-06T01:05:47.141872,2026-07-06T01:05:47.150718+00:00,166.9,42,ask,DiligentDonuts,CostlyCorianders,8953491
2026-07-06T01:05:48.278194,2026-07-06T01:05:48.287794+00:00,167.2,44,bid,CostlyCorianders,EarnestEspressos,8953503
2026-07-06T01:05:48.368962,2026-07-06T01:05:48.380953+00:00,166.9,50,ask,DiligentDonuts,FlawlessFlatbreads,8953504
2026-07-06T01:05:50.425420,2026-07-06T01:05:50.437002+00:00,167.3,50,bid,FlawlessFlatbreads,DiligentDonuts,8953523
2026-07-06T01:05:52.090153,2026-07-06T01:05:52.100648+00:00,166.9,41,ask,EarnestEspressos,CostlyCorianders,8953543
2026-07-06T01:05:52.583053,2026-07-06T01:05:52.592273+00:00,166.9,50,ask,EarnestEspressos,FlawlessFlatbreads,8953553
2026-07-06T01:05:52.624767,2026-07-06T01:05:52.636305+00:00,167.3,44,bid,CostlyCorianders,DiligentDonuts,8953554
2026-07-06T01:05:52.715506,2026-07-06T01:05:52.723748+00:00,167.1,23,bid,Xuanyu Liu,EarnestEspressos,8953559
2026-07-06T01:05:52.809186,2026-07-06T01:05:52.819442+00:00,167.1,22,bid,Kaleb Liu,EarnestEspressos,8953563
2026-07-06T01:05:53.200232,2026-07-06T01:05:53.211946+00:00,167.1,100,bid,DiligentDonuts,EarnestEspressos,8953567
2026-07-06T01:05:53.219713,2026-07-06T01:05:53.231533+00:00,167.1,5,bid,CostlyCorianders,EarnestEspressos,8953568
2026-07-06T01:05:54.823477,2026-07-06T01:05:54.832695+00:00,166.6,34,ask,EarnestEspressos,Kaleb Liu,8953595
2026-07-06T01:05:56.745790,2026-07-06T01:05:56.752222+00:00,167.4,50,bid,FlawlessFlatbreads,DiligentDonuts,8953618
2026-07-06T01:05:56.836721,2026-07-06T01:05:56.847179+00:00,167.4,2,bid,Kaleb Liu,DiligentDonuts,8953621
2026-07-06T01:05:58.808195,2026-07-06T01:05:58.817380+00:00,167.0,12,ask,EarnestEspressos,Xuanyu Liu,8953643
2026-07-06T01:05:58.849355,2026-07-06T01:05:58.860729+00:00,167.0,2,ask,EarnestEspressos,Kaleb Liu,8953646
2026-07-06T01:05:58.853439,2026-07-06T01:05:58.860729+00:00,167.4,48,bid,FlawlessFlatbreads,DiligentDonuts,8953647
2026-07-06T01:05:58.853439,2026-07-06T01:05:58.866012+00:00,167.5,2,bid,FlawlessFlatbreads,EarnestEspressos,8953648
2026-07-06T01:05:59.000234,2026-07-06T01:05:59.011891+00:00,166.9,40,ask,DiligentDonuts,CostlyCorianders,8953651
2026-07-06T01:05:59.605276,2026-07-06T01:05:59.617091+00:00,167.1,43,bid,CostlyCorianders,EarnestEspressos,8953663
2026-07-06T01:06:00.188506,2026-07-06T01:06:00.196911+00:00,166.6,49,ask,EarnestEspressos,CostlyCorianders,8953670
2026-07-06T01:06:00.765505,2026-07-06T01:06:00.777319+00:00,167.1,46,bid,CostlyCorianders,EarnestEspressos,8953681
2026-07-06T01:06:00.862342,2026-07-06T01:06:00.874107+00:00,167.1,12,bid,Kaleb Liu,EarnestEspressos,8953683
2026-07-06T01:06:00.961523,2026-07-06T01:06:00.973752+00:00,167.1,49,bid,FlawlessFlatbreads,EarnestEspressos,8953684
2026-07-06T01:06:00.961523,2026-07-06T01:06:00.973752+00:00,167.1,1,bid,FlawlessFlatbreads,DiligentDonuts,8953685
2026-07-06T01:06:02.131952,2026-07-06T01:06:02.140813+00:00,167.1,99,bid,EarnestEspressos,DiligentDonuts,8953701
2026-07-06T01:06:02.875091,2026-07-06T01:06:02.885100+00:00,167.5,9,bid,Kaleb Liu,DiligentDonuts,8953717
2026-07-06T01:06:03.071667,2026-07-06T01:06:03.089402+00:00,167.5,50,bid,FlawlessFlatbreads,DiligentDonuts,8953723
2026-07-06T01:06:03.885503,2026-07-06T01:06:03.893589+00:00,167.1,45,ask,EarnestEspressos,CostlyCorianders,8953733
2026-07-06T01:06:05.179665,2026-07-06T01:06:05.191899+00:00,167.5,41,bid,FlawlessFlatbreads,DiligentDonuts,8953746
2026-07-06T01:06:05.179665,2026-07-06T01:06:05.191899+00:00,167.6,9,bid,FlawlessFlatbreads,EarnestEspressos,8953747
2026-07-06T01:06:05.402065,2026-07-06T01:06:05.410145+00:00,167.0,49,ask,DiligentDonuts,CostlyCorianders,8953754
2026-07-06T01:06:05.877955,2026-07-06T01:06:05.889588+00:00,167.1,100,bid,DiligentDonuts,EarnestEspressos,8953758
2026-07-06T01:06:07.290609,2026-07-06T01:06:07.302322+00:00,167.1,50,bid,FlawlessFlatbreads,EarnestEspressos,8953781
2026-07-06T01:06:08.362662,2026-07-06T01:06:08.369958+00:00,167.7,47,bid,CostlyCorianders,DiligentDonuts,8953788
2026-07-06T01:06:08.476317,2026-07-06T01:06:08.485934+00:00,167.2,11,ask,EarnestEspressos,Xuanyu Liu,8953794
2026-07-06T01:06:09.295644,2026-07-06T01:06:09.304495+00:00,167.2,12,ask,EarnestEspressos,Xuanyu Liu,8953802
2026-07-06T01:06:09.398226,2026-07-06T01:06:09.409706+00:00,167.6,50,bid,FlawlessFlatbreads,DiligentDonuts,8953805
2026-07-06T01:06:10.870079,2026-07-06T01:06:10.879217+00:00,167.2,11,ask,EarnestEspressos,Xuanyu Liu,8953832
2026-07-06T01:06:11.503903,2026-07-06T01:06:11.564559+00:00,167.6,50,bid,FlawlessFlatbreads,DiligentDonuts,8953837
2026-07-06T01:06:12.689631,2026-07-06T01:06:12.703772+00:00,167.2,3,ask,DiligentDonuts,Xuanyu Liu,8953854
2026-07-06T01:06:13.323225,2026-07-06T01:06:13.334753+00:00,167.2,48,ask,DiligentDonuts,CostlyCorianders,8953871
2026-07-06T01:06:13.610829,2026-07-06T01:06:13.622506+00:00,167.3,50,bid,FlawlessFlatbreads,EarnestEspressos,8953876
2026-07-06T01:06:13.941399,2026-07-06T01:06:13.953190+00:00,167.3,44,bid,CostlyCorianders,EarnestEspressos,8953881
2026-07-06T01:06:15.717104,2026-07-06T01:06:15.729086+00:00,167.6,50,bid,FlawlessFlatbreads,DiligentDonuts,8953909
2026-07-06T01:06:15.795043,2026-07-06T01:06:15.806964+00:00,167.3,46,ask,EarnestEspressos,CostlyCorianders,8953911
2026-07-06T01:06:16.907185,2026-07-06T01:06:16.917959+00:00,167.6,43,bid,CostlyCorianders,DiligentDonuts,8953929
2026-07-06T01:06:17.423404,2026-07-06T01:06:17.435439+00:00,167.3,42,ask,EarnestEspressos,CostlyCorianders,8953937
2026-07-06T01:06:17.823593,2026-07-06T01:06:17.835414+00:00,167.6,7,bid,FlawlessFlatbreads,DiligentDonuts,8953945
2026-07-06T01:06:17.823593,2026-07-06T01:06:17.835414+00:00,167.8,43,bid,FlawlessFlatbreads,EarnestEspressos,8953946
2026-07-06T01:06:18.024732,2026-07-06T01:06:18.036414+00:00,167.1,41,ask,DiligentDonuts,CostlyCorianders,8953950
2026-07-06T01:06:20.000794,2026-07-06T01:06:20.019997+00:00,167.2,50,ask,DiligentDonuts,FlawlessFlatbreads,8953973
2026-07-06T01:06:20.059747,2026-07-06T01:06:20.072727+00:00,167.4,44,bid,CostlyCorianders,EarnestEspressos,8953975
2026-07-06T01:06:20.902384,2026-07-06T01:06:20.908903+00:00,167.2,21,ask,DiligentDonuts,Kaleb Liu,8953990
2026-07-06T01:06:20.987329,2026-07-06T01:06:20.999220+00:00,167.2,29,ask,DiligentDonuts,CostlyCorianders,8953991
2026-07-06T01:06:20.987329,2026-07-06T01:06:20.999220+00:00,166.9,15,ask,EarnestEspressos,CostlyCorianders,8953992
2026-07-06T01:06:22.107937,2026-07-06T01:06:22.119692+00:00,166.9,50,ask,EarnestEspressos,FlawlessFlatbreads,8954001
2026-07-06T01:06:23.156112,2026-07-06T01:06:23.168255+00:00,167.4,47,bid,CostlyCorianders,EarnestEspressos,8954022
2026-07-06T01:06:24.164024,2026-07-06T01:06:24.176023+00:00,167.4,50,bid,FlawlessFlatbreads,EarnestEspressos,8954033
2026-07-06T01:06:26.324719,2026-07-06T01:06:26.337362+00:00,167.3,50,ask,EarnestEspressos,FlawlessFlatbreads,8954051
2026-07-06T01:06:29.853929,2026-07-06T01:06:29.868905+00:00,167.3,45,bid,CostlyCorianders,DiligentDonuts,8954102
2026-07-06T01:06:29.908998,2026-07-06T01:06:29.920682+00:00,166.9,41,ask,EarnestEspressos,CostlyCorianders,8954104
2026-07-06T01:06:30.537990,2026-07-06T01:06:30.548499+00:00,166.9,50,ask,EarnestEspressos,FlawlessFlatbreads,8954114
2026-07-06T01:06:31.246171,2026-07-06T01:06:31.257791+00:00,166.7,100,ask,EarnestEspressos,DiligentDonuts,8954121
2026-07-06T01:06:32.314726,2026-07-06T01:06:32.326583+00:00,167.2,49,bid,CostlyCorianders,EarnestEspressos,8954140
2026-07-06T01:06:32.594916,2026-07-06T01:06:32.606685+00:00,167.2,50,bid,FlawlessFlatbreads,EarnestEspressos,8954145
2026-07-06T01:06:32.924316,2026-07-06T01:06:32.931223+00:00,167.2,2,bid,Kaleb Liu,EarnestEspressos,8954152
2026-07-06T01:06:34.719736,2026-07-06T01:06:34.731600+00:00,166.8,50,bid,FlawlessFlatbreads,EarnestEspressos,8954178
2026-07-06T01:06:36.491571,2026-07-06T01:06:36.503205+00:00,166.6,45,ask,DiligentDonuts,CostlyCorianders,8954196
2026-07-06T01:06:36.828728,2026-07-06T01:06:36.836273+00:00,166.8,50,bid,FlawlessFlatbreads,EarnestEspressos,8954201
2026-07-06T01:06:36.950820,2026-07-06T01:06:36.959317+00:00,167.1,4,bid,Kaleb Liu,DiligentDonuts,8954206
2026-07-06T01:06:37.126079,2026-07-06T01:06:37.137734+00:00,166.6,49,ask,DiligentDonuts,CostlyCorianders,8954207
2026-07-06T01:06:39.012447,2026-07-06T01:06:39.019940+00:00,166.6,50,ask,EarnestEspressos,FlawlessFlatbreads,8954230
2026-07-06T01:06:39.756355,2026-07-06T01:06:39.768073+00:00,167.0,48,bid,CostlyCorianders,DiligentDonuts,8954234
2026-07-06T01:06:40.824407,2026-07-06T01:06:40.836668+00:00,167.1,48,bid,CostlyCorianders,EarnestEspressos,8954256
2026-07-06T01:06:41.067330,2026-07-06T01:06:41.076476+00:00,167.1,50,bid,FlawlessFlatbreads,EarnestEspressos,8954258
2026-07-06T01:06:42.278074,2026-07-06T01:06:42.286897+00:00,166.9,43,ask,DiligentDonuts,CostlyCorianders,8954279
2026-07-06T01:06:43.203740,2026-07-06T01:06:43.215414+00:00,167.1,50,bid,FlawlessFlatbreads,EarnestEspressos,8954289
2026-07-06T01:06:43.282958,2026-07-06T01:06:43.293332+00:00,167.1,3,ask,EarnestEspressos,Xuanyu Liu,8954290
2026-07-06T01:06:44.967895,2026-07-06T01:06:44.974800+00:00,167.1,6,ask,EarnestEspressos,Kaleb Liu,8954315
2026-07-06T01:06:45.367589,2026-07-06T01:06:45.379439+00:00,167.1,50,ask,EarnestEspressos,FlawlessFlatbreads,8954316
2026-07-06T01:06:45.840353,2026-07-06T01:06:45.848157+00:00,167.3,40,bid,CostlyCorianders,DiligentDonuts,8954324
2026-07-06T01:06:47.474581,2026-07-06T01:06:47.486468+00:00,167.0,50,ask,EarnestEspressos,FlawlessFlatbreads,8954343
2026-07-06T01:06:48.971291,2026-07-06T01:06:48.983155+00:00,167.0,40,ask,EarnestEspressos,CostlyCorianders,8954364
2026-07-06T01:06:49.612287,2026-07-06T01:06:49.619553+00:00,166.9,50,ask,DiligentDonuts,FlawlessFlatbreads,8954370
2026-07-06T01:06:51.276372,2026-07-06T01:06:51.284054+00:00,167.1,3,bid,Xuanyu Liu,DiligentDonuts,8954392
2026-07-06T01:06:51.718379,2026-07-06T01:06:51.729864+00:00,166.7,50,ask,EarnestEspressos,FlawlessFlatbreads,8954403
2026-07-06T01:06:53.833334,2026-07-06T01:06:53.845273+00:00,166.4,50,ask,DiligentDonuts,FlawlessFlatbreads,8954428
2026-07-06T01:06:55.332098,2026-07-06T01:06:55.344013+00:00,166.8,49,bid,CostlyCorianders,EarnestEspressos,8954452
2026-07-06T01:06:55.940801,2026-07-06T01:06:55.947403+00:00,166.5,50,ask,EarnestEspressos,FlawlessFlatbreads,8954458
2026-07-06T01:06:56.992654,2026-07-06T01:06:57.003458+00:00,166.5,41,ask,EarnestEspressos,CostlyCorianders,8954472
2026-07-06T01:06:57.995086,2026-07-06T01:06:58.006946+00:00,166.8,50,bid,FlawlessFlatbreads,DiligentDonuts,8954487
2026-07-06T01:06:58.042235,2026-07-06T01:06:58.058619+00:00,166.8,44,bid,CostlyCorianders,DiligentDonuts,8954488
2026-07-06T01:06:58.637438,2026-07-06T01:06:58.648992+00:00,166.8,6,bid,CostlyCorianders,DiligentDonuts,8954496
2026-07-06T01:06:58.993042,2026-07-06T01:06:59.000049+00:00,166.5,2,ask,EarnestEspressos,Kaleb Liu,8954502
2026-07-06T01:06:59.167627,2026-07-06T01:06:59.179312+00:00,166.5,49,bid,CostlyCorianders,EarnestEspressos,8954505
2026-07-06T01:06:59.220887,2026-07-06T01:06:59.232838+00:00,166.3,44,ask,DiligentDonuts,CostlyCorianders,8954506
2026-07-06T01:07:00.155224,2026-07-06T01:07:00.166877+00:00,166.3,50,ask,DiligentDonuts,FlawlessFlatbreads,8954524
2026-07-06T01:07:00.708113,2026-07-06T01:07:00.717963+00:00,166.5,42,bid,CostlyCorianders,EarnestEspressos,8954531
2026-07-06T01:07:01.005556,2026-07-06T01:07:01.017112+00:00,166.5,2,bid,Kaleb Liu,EarnestEspressos,8954533
2026-07-06T01:07:02.198131,2026-07-06T01:07:02.209860+00:00,166.3,49,ask,DiligentDonuts,CostlyCorianders,8954546
2026-07-06T01:07:02.264260,2026-07-06T01:07:02.279710+00:00,166.3,1,ask,DiligentDonuts,FlawlessFlatbreads,8954548
2026-07-06T01:07:02.724772,2026-07-06T01:07:02.736647+00:00,166.2,46,ask,EarnestEspressos,CostlyCorianders,8954553
2026-07-06T01:07:03.348438,2026-07-06T01:07:03.354958+00:00,166.4,43,bid,CostlyCorianders,DiligentDonuts,8954557
2026-07-06T01:07:04.388720,2026-07-06T01:07:04.397191+00:00,166.4,3,bid,Xuanyu Liu,DiligentDonuts,8954574
2026-07-06T01:07:04.396317,2026-07-06T01:07:04.417835+00:00,166.4,47,bid,CostlyCorianders,DiligentDonuts,8954576
2026-07-06T01:07:04.449800,2026-07-06T01:07:04.458571+00:00,166.2,47,ask,EarnestEspressos,CostlyCorianders,8954577
2026-07-06T01:07:05.019690,2026-07-06T01:07:05.030500+00:00,166.4,6,bid,Kaleb Liu,DiligentDonuts,8954585
2026-07-06T01:07:05.489577,2026-07-06T01:07:05.498286+00:00,165.9,100,ask,DiligentDonuts,EarnestEspressos,8954596
2026-07-06T01:07:05.697064,2026-07-06T01:07:05.707229+00:00,165.9,23,bid,Xuanyu Liu,EarnestEspressos,8954599
2026-07-06T01:07:06.487775,2026-07-06T01:07:06.496906+00:00,165.8,50,ask,DiligentDonuts,FlawlessFlatbreads,8954615
2026-07-06T01:07:06.612216,2026-07-06T01:07:06.624061+00:00,165.9,27,bid,CostlyCorianders,EarnestEspressos,8954618
2026-07-06T01:07:06.612216,2026-07-06T01:07:06.624061+00:00,166.3,22,bid,CostlyCorianders,DiligentDonuts,8954619
2026-07-06T01:07:07.143176,2026-07-06T01:07:07.148462+00:00,165.8,48,ask,DiligentDonuts,CostlyCorianders,8954622
2026-07-06T01:07:08.221081,2026-07-06T01:07:08.233065+00:00,166.3,46,bid,CostlyCorianders,DiligentDonuts,8954636
2026-07-06T01:07:08.594840,2026-07-06T01:07:08.606893+00:00,165.8,2,ask,DiligentDonuts,FlawlessFlatbreads,8954642
2026-07-06T01:07:08.603078,2026-07-06T01:07:08.617078+00:00,166.3,32,bid,EarnestEspressos,DiligentDonuts,8954644
2026-07-06T01:07:08.668788,2026-07-06T01:07:08.678806+00:00,166.4,26,ask,EarnestEspressos,Xuanyu Liu,8954648
2026-07-06T01:07:09.185630,2026-07-06T01:07:09.197427+00:00,166.4,92,ask,EarnestEspressos,DiligentDonuts,8954660
2026-07-06T01:07:09.248175,2026-07-06T01:07:09.258556+00:00,165.7,47,ask,DiligentDonuts,CostlyCorianders,8954662
2026-07-06T01:07:09.880307,2026-07-06T01:07:09.892033+00:00,166.2,8,bid,CostlyCorianders,DiligentDonuts,8954670
2026-07-06T01:07:10.703181,2026-07-06T01:07:10.710771+00:00,165.7,50,ask,DiligentDonuts,FlawlessFlatbreads,8954684
2026-07-06T01:07:11.037456,2026-07-06T01:07:11.048827+00:00,165.7,3,ask,DiligentDonuts,Kaleb Liu,8954688
2026-07-06T01:07:12.757544,2026-07-06T01:07:12.768854+00:00,166.2,50,bid,FlawlessFlatbreads,EarnestEspressos,8954701
2026-07-06T01:07:12.986008,2026-07-06T01:07:12.997850+00:00,166.2,42,bid,CostlyCorianders,EarnestEspressos,8954705
2026-07-06T01:07:13.047928,2026-07-06T01:07:13.054626+00:00,165.7,3,ask,EarnestEspressos,Kaleb Liu,8954707
2026-07-06T01:07:14.438479,2026-07-06T01:07:14.458557+00:00,165.7,49,ask,EarnestEspressos,CostlyCorianders,8954729
2026-07-06T01:07:14.928436,2026-07-06T01:07:14.937782+00:00,165.7,50,ask,DiligentDonuts,FlawlessFlatbreads,8954737
2026-07-06T01:07:15.838255,2026-07-06T01:07:15.847299+00:00,166.1,14,bid,Xuanyu Liu,EarnestEspressos,8954743
2026-07-06T01:07:17.035120,2026-07-06T01:07:17.045168+00:00,165.6,50,ask,EarnestEspressos,FlawlessFlatbreads,8954762
2026-07-06T01:07:19.089599,2026-07-06T01:07:19.101355+00:00,166.1,50,bid,FlawlessFlatbreads,DiligentDonuts,8954782
2026-07-06T01:07:21.249633,2026-07-06T01:07:21.255937+00:00,165.6,50,ask,DiligentDonuts,FlawlessFlatbreads,8954811
2026-07-06T01:07:23.355578,2026-07-06T01:07:23.350601+00:00,165.6,50,ask,EarnestEspressos,FlawlessFlatbreads,8954843
2026-07-06T01:07:25.370711,2026-07-06T01:07:25.378815+00:00,165.7,23,bid,Xuanyu Liu,EarnestEspressos,8954867
2026-07-06T01:07:25.460434,2026-07-06T01:07:25.472157+00:00,165.3,50,ask,DiligentDonuts,FlawlessFlatbreads,8954870
2026-07-06T01:07:26.686666,2026-07-06T01:07:26.694666+00:00,165.7,12,bid,Xuanyu Liu,EarnestEspressos,8954884
2026-07-06T01:07:27.517506,2026-07-06T01:07:27.529326+00:00,165.7,50,bid,FlawlessFlatbreads,EarnestEspressos,8954901
2026-07-06T01:07:27.997179,2026-07-06T01:07:28.006864+00:00,165.7,12,ask,EarnestEspressos,Xuanyu Liu,8954911
2026-07-06T01:07:28.163069,2026-07-06T01:07:28.174846+00:00,165.7,100,ask,EarnestEspressos,DiligentDonuts,8954913
2026-07-06T01:07:29.624164,2026-07-06T01:07:29.631168+00:00,166.2,50,bid,FlawlessFlatbreads,EarnestEspressos,8954932
2026-07-06T01:07:30.155596,2026-07-06T01:07:30.172247+00:00,165.7,11,ask,EarnestEspressos,Xuanyu Liu,8954943
2026-07-06T01:07:30.614598,2026-07-06T01:07:30.621567+00:00,165.7,27,ask,EarnestEspressos,CostlyCorianders,8954953
2026-07-06T01:07:31.732389,2026-07-06T01:07:31.744029+00:00,165.6,50,bid,FlawlessFlatbreads,EarnestEspressos,8954967
2026-07-06T01:07:33.839282,2026-07-06T01:07:33.850843+00:00,165.6,50,bid,FlawlessFlatbreads,EarnestEspressos,8954987
2026-07-06T01:07:34.689699,2026-07-06T01:07:34.701193+00:00,166.0,42,bid,CostlyCorianders,EarnestEspressos,8955000
2026-07-06T01:07:36.792654,2026-07-06T01:07:36.804648+00:00,166.0,49,bid,CostlyCorianders,EarnestEspressos,8955025
2026-07-06T01:07:37.065203,2026-07-06T01:07:37.076836+00:00,166.0,100,bid,EarnestEspressos,DiligentDonuts,8955032
2026-07-06T01:07:37.127625,2026-07-06T01:07:37.135755+00:00,166.0,23,ask,EarnestEspressos,Xuanyu Liu,8955033
2026-07-06T01:07:37.170704,2026-07-06T01:07:37.179012+00:00,166.0,3,ask,EarnestEspressos,Xuanyu Liu,8955036
2026-07-06T01:07:38.054044,2026-07-06T01:07:38.058535+00:00,166.1,50,bid,FlawlessFlatbreads,DiligentDonuts,8955046
2026-07-06T01:07:40.161346,2026-07-06T01:07:40.173042+00:00,166.1,50,bid,FlawlessFlatbreads,DiligentDonuts,8955079
2026-07-06T01:07:40.330157,2026-07-06T01:07:40.337337+00:00,165.6,40,ask,DiligentDonuts,CostlyCorianders,8955083
2026-07-06T01:07:40.794619,2026-07-06T01:07:40.806041+00:00,165.8,100,bid,DiligentDonuts,EarnestEspressos,8955086
2026-07-06T01:07:41.273909,2026-07-06T01:07:41.282619+00:00,165.8,3,bid,Xuanyu Liu,EarnestEspressos,8955089
2026-07-06T01:07:42.278538,2026-07-06T01:07:42.286729+00:00,165.8,47,bid,FlawlessFlatbreads,EarnestEspressos,8955095
2026-07-06T01:07:42.278538,2026-07-06T01:07:42.291785+00:00,166.3,3,bid,FlawlessFlatbreads,DiligentDonuts,8955096
2026-07-06T01:07:43.398837,2026-07-06T01:07:43.407062+00:00,166.0,3,ask,EarnestEspressos,Xuanyu Liu,8955110
2026-07-06T01:07:44.009444,2026-07-06T01:07:44.020801+00:00,166.0,100,ask,EarnestEspressos,DiligentDonuts,8955123
2026-07-06T01:07:44.438873,2026-07-06T01:07:44.448428+00:00,166.0,47,ask,EarnestEspressos,FlawlessFlatbreads,8955130
2026-07-06T01:07:47.126416,2026-07-06T01:07:47.139556+00:00,165.9,100,bid,DiligentDonuts,EarnestEspressos,8955163
2026-07-06T01:07:50.764775,2026-07-06T01:07:50.774654+00:00,165.7,50,ask,EarnestEspressos,FlawlessFlatbreads,8955207
2026-07-06T01:07:52.870454,2026-07-06T01:07:52.882054+00:00,165.5,50,ask,DiligentDonuts,FlawlessFlatbreads,8955235
2026-07-06T01:07:53.933764,2026-07-06T01:07:53.941779+00:00,165.8,49,bid,CostlyCorianders,DiligentDonuts,8955248
2026-07-06T01:07:54.610508,2026-07-06T01:07:54.618696+00:00,165.8,3,bid,Xuanyu Liu,DiligentDonuts,8955257
2026-07-06T01:07:57.083107,2026-07-06T01:07:57.093057+00:00,165.6,50,ask,EarnestEspressos,FlawlessFlatbreads,8955286
2026-07-06T01:07:59.190907,2026-07-06T01:07:59.202416+00:00,165.6,50,ask,DiligentDonuts,FlawlessFlatbreads,8955307
2026-07-06T01:08:01.246998,2026-07-06T01:08:01.258615+00:00,165.9,50,bid,FlawlessFlatbreads,DiligentDonuts,8955342
2026-07-06T01:08:01.635354,2026-07-06T01:08:01.646755+00:00,165.5,47,ask,EarnestEspressos,CostlyCorianders,8955347
2026-07-06T01:08:02.419584,2026-07-06T01:08:02.427841+00:00,165.7,11,bid,Xuanyu Liu,EarnestEspressos,8955367
2026-07-06T01:08:02.953057,2026-07-06T01:08:02.964775+00:00,165.7,100,bid,DiligentDonuts,EarnestEspressos,8955377
2026-07-06T01:08:03.355098,2026-07-06T01:08:03.366961+00:00,165.7,39,bid,FlawlessFlatbreads,EarnestEspressos,8955380
2026-07-06T01:08:04.224247,2026-07-06T01:08:04.231015+00:00,165.2,46,ask,EarnestEspressos,CostlyCorianders,8955400
2026-07-06T01:08:07.224925,2026-07-06T01:08:07.236814+00:00,165.6,45,bid,CostlyCorianders,DiligentDonuts,8955442
2026-07-06T01:08:07.622790,2026-07-06T01:08:07.634416+00:00,165.4,50,ask,EarnestEspressos,FlawlessFlatbreads,8955446
2026-07-06T01:08:07.812842,2026-07-06T01:08:07.824678+00:00,165.4,46,ask,EarnestEspressos,CostlyCorianders,8955449
2026-07-06T01:08:08.345422,2026-07-06T01:08:08.358600+00:00,165.6,47,bid,CostlyCorianders,DiligentDonuts,8955456
2026-07-06T01:08:09.728965,2026-07-06T01:08:09.740897+00:00,165.5,50,ask,DiligentDonuts,FlawlessFlatbreads,8955472
2026-07-06T01:08:09.821049,2026-07-06T01:08:09.832768+00:00,165.5,45,ask,DiligentDonuts,CostlyCorianders,8955474
2026-07-06T01:08:10.846483,2026-07-06T01:08:10.858585+00:00,165.6,49,bid,CostlyCorianders,EarnestEspressos,8955487
2026-07-06T01:08:11.840864,2026-07-06T01:08:11.863874+00:00,165.5,5,ask,DiligentDonuts,FlawlessFlatbreads,8955511
2026-07-06T01:08:11.840864,2026-07-06T01:08:11.863874+00:00,165.4,45,ask,EarnestEspressos,FlawlessFlatbreads,8955512
2026-07-06T01:08:13.349775,2026-07-06T01:08:13.356389+00:00,165.7,47,bid,CostlyCorianders,DiligentDonuts,8955524
2026-07-06T01:08:13.947695,2026-07-06T01:08:13.958584+00:00,165.4,50,ask,EarnestEspressos,FlawlessFlatbreads,8955535
2026-07-06T01:08:15.059548,2026-07-06T01:08:15.069614+00:00,165.5,23,bid,Xuanyu Liu,EarnestEspressos,8955547
2026-07-06T01:08:15.444683,2026-07-06T01:08:15.448435+00:00,165.5,47,bid,CostlyCorianders,EarnestEspressos,8955560
2026-07-06T01:08:15.601481,2026-07-06T01:08:15.613171+00:00,165.5,80,bid,DiligentDonuts,EarnestEspressos,8955564
2026-07-06T01:08:18.156809,2026-07-06T01:08:18.168747+00:00,165.5,20,ask,DiligentDonuts,FlawlessFlatbreads,8955594
2026-07-06T01:08:18.308334,2026-07-06T01:08:18.321050+00:00,165.5,47,ask,EarnestEspressos,CostlyCorianders,8955597
2026-07-06T01:08:18.815691,2026-07-06T01:08:18.824697+00:00,165.5,100,ask,EarnestEspressos,DiligentDonuts,8955602
2026-07-06T01:08:18.889933,2026-07-06T01:08:18.898971+00:00,165.5,3,ask,EarnestEspressos,Xuanyu Liu,8955603
2026-07-06T01:08:19.315579,2026-07-06T01:08:19.322445+00:00,165.0,47,ask,DiligentDonuts,CostlyCorianders,8955613
2026-07-06T01:08:20.263928,2026-07-06T01:08:20.274240+00:00,165.0,50,ask,DiligentDonuts,FlawlessFlatbreads,8955629
2026-07-06T01:08:21.391896,2026-07-06T01:08:21.404538+00:00,165.3,3,bid,Xuanyu Liu,EarnestEspressos,8955646
2026-07-06T01:08:22.370832,2026-07-06T01:08:22.382359+00:00,165.0,50,ask,DiligentDonuts,FlawlessFlatbreads,8955665
2026-07-06T01:08:23.686622,2026-07-06T01:08:23.698818+00:00,165.3,40,bid,CostlyCorianders,EarnestEspressos,8955682
2026-07-06T01:08:24.478106,2026-07-06T01:08:24.489636+00:00,165.0,50,ask,DiligentDonuts,FlawlessFlatbreads,8955695
2026-07-06T01:08:25.159633,2026-07-06T01:08:25.168239+00:00,165.0,12,bid,Xuanyu Liu,DiligentDonuts,8955709
2026-07-06T01:08:25.282356,2026-07-06T01:08:25.298335+00:00,165.0,11,bid,Xuanyu Liu,DiligentDonuts,8955713
2026-07-06T01:08:25.883865,2026-07-06T01:08:25.904483+00:00,165.0,11,bid,Xuanyu Liu,DiligentDonuts,8955726
2026-07-06T01:08:26.534069,2026-07-06T01:08:26.544132+00:00,165.0,50,bid,FlawlessFlatbreads,DiligentDonuts,8955736
2026-07-06T01:08:27.328366,2026-07-06T01:08:27.340134+00:00,164.9,43,ask,EarnestEspressos,CostlyCorianders,8955742
2026-07-06T01:08:28.327397,2026-07-06T01:08:28.342885+00:00,165.3,43,bid,CostlyCorianders,EarnestEspressos,8955755
2026-07-06T01:08:28.640315,2026-07-06T01:08:28.651906+00:00,165.3,50,bid,FlawlessFlatbreads,EarnestEspressos,8955757
2026-07-06T01:08:30.746202,2026-07-06T01:08:30.753500+00:00,165.3,50,bid,FlawlessFlatbreads,EarnestEspressos,8955781
2026-07-06T01:08:30.835542,2026-07-06T01:08:30.845061+00:00,165.3,34,ask,EarnestEspressos,Xuanyu Liu,8955783
2026-07-06T01:08:30.934680,2026-07-06T01:08:30.943062+00:00,165.3,49,ask,EarnestEspressos,CostlyCorianders,8955788
2026-07-06T01:08:32.852249,2026-07-06T01:08:32.864077+00:00,165.5,50,bid,FlawlessFlatbreads,DiligentDonuts,8955805
2026-07-06T01:08:35.014002,2026-07-06T01:08:35.025616+00:00,165.0,50,ask,EarnestEspressos,FlawlessFlatbreads,8955838
2026-07-06T01:08:36.038680,2026-07-06T01:08:36.050328+00:00,165.4,45,bid,CostlyCorianders,DiligentDonuts,8955847
2026-07-06T01:08:36.524394,2026-07-06T01:08:36.533828+00:00,165.0,42,ask,EarnestEspressos,CostlyCorianders,8955858
2026-07-06T01:08:37.121929,2026-07-06T01:08:37.130946+00:00,164.9,50,ask,DiligentDonuts,FlawlessFlatbreads,8955866
2026-07-06T01:08:39.253714,2026-07-06T01:08:39.255762+00:00,165.0,50,ask,DiligentDonuts,FlawlessFlatbreads,8955889
2026-07-06T01:08:39.315920,2026-07-06T01:08:39.327526+00:00,165.0,45,ask,DiligentDonuts,CostlyCorianders,8955892
2026-07-06T01:08:40.369573,2026-07-06T01:08:40.380080+00:00,165.1,12,bid,Xuanyu Liu,EarnestEspressos,8955906
2026-07-06T01:08:41.360276,2026-07-06T01:08:41.371856+00:00,164.6,50,ask,EarnestEspressos,FlawlessFlatbreads,8955917
2026-07-06T01:08:42.561473,2026-07-06T01:08:42.573100+00:00,165.1,48,bid,CostlyCorianders,EarnestEspressos,8955934
2026-07-06T01:08:42.819382,2026-07-06T01:08:42.832102+00:00,165.1,11,bid,Xuanyu Liu,EarnestEspressos,8955938
2026-07-06T01:08:45.520080,2026-07-06T01:08:45.531628+00:00,165.2,50,bid,FlawlessFlatbreads,DiligentDonuts,8955976
2026-07-06T01:08:46.459968,2026-07-06T01:08:46.468202+00:00,165.2,11,bid,Xuanyu Liu,DiligentDonuts,8955980
2026-07-06T01:08:46.841947,2026-07-06T01:08:46.858607+00:00,165.2,39,bid,CostlyCorianders,DiligentDonuts,8955987
2026-07-06T01:08:46.841947,2026-07-06T01:08:46.858607+00:00,165.5,9,bid,CostlyCorianders,EarnestEspressos,8955988
2026-07-06T01:08:47.626172,2026-07-06T01:08:47.637829+00:00,165.5,50,bid,FlawlessFlatbreads,EarnestEspressos,8956002
2026-07-06T01:08:49.733361,2026-07-06T01:08:49.740856+00:00,165.7,50,bid,FlawlessFlatbreads,DiligentDonuts,8956027
2026-07-06T01:08:51.909735,2026-07-06T01:08:51.918460+00:00,165.3,50,ask,DiligentDonuts,FlawlessFlatbreads,8956057
2026-07-06T01:08:52.963910,2026-07-06T01:08:52.970536+00:00,165.7,47,ask,EarnestEspressos,CostlyCorianders,8956077
2026-07-06T01:08:53.964754,2026-07-06T01:08:53.976355+00:00,166.1,50,bid,FlawlessFlatbreads,DiligentDonuts,8956088
2026-07-06T01:08:56.073281,2026-07-06T01:08:56.080356+00:00,166.1,50,bid,FlawlessFlatbreads,DiligentDonuts,8956114
2026-07-06T01:08:56.731538,2026-07-06T01:08:56.767135+00:00,165.8,22,ask,DiligentDonuts,Xuanyu Liu,8956122
2026-07-06T01:08:57.619417,2026-07-06T01:08:57.626909+00:00,165.8,12,ask,DiligentDonuts,Xuanyu Liu,8956137
2026-07-06T01:08:58.231362,2026-07-06T01:08:58.243313+00:00,165.8,50,ask,DiligentDonuts,FlawlessFlatbreads,8956146
2026-07-06T01:08:59.317676,2026-07-06T01:08:59.327696+00:00,165.8,16,ask,DiligentDonuts,EarnestEspressos,8956156
2026-07-06T01:09:00.287664,2026-07-06T01:09:00.299371+00:00,165.8,50,bid,FlawlessFlatbreads,EarnestEspressos,8956167
2026-07-06T01:09:01.363993,2026-07-06T01:09:01.375753+00:00,165.3,42,ask,EarnestEspressos,CostlyCorianders,8956183
2026-07-06T01:09:01.983068,2026-07-06T01:09:01.994619+00:00,165.8,43,bid,CostlyCorianders,EarnestEspressos,8956191
2026-07-06T01:09:04.160183,2026-07-06T01:09:04.169188+00:00,165.8,43,bid,CostlyCorianders,EarnestEspressos,8956215
2026-07-06T01:09:04.498801,2026-07-06T01:09:04.506988+00:00,165.8,50,bid,FlawlessFlatbreads,EarnestEspressos,8956217
2026-07-06T01:09:05.114342,2026-07-06T01:09:05.122799+00:00,165.4,49,ask,EarnestEspressos,CostlyCorianders,8956228
2026-07-06T01:09:06.370931,2026-07-06T01:09:06.378538+00:00,165.5,12,bid,Xuanyu Liu,DiligentDonuts,8956245
2026-07-06T01:09:06.604930,2026-07-06T01:09:06.616848+00:00,165.5,50,bid,FlawlessFlatbreads,DiligentDonuts,8956248
2026-07-06T01:09:08.765375,2026-07-06T01:09:08.775047+00:00,165.4,50,ask,EarnestEspressos,FlawlessFlatbreads,8956279
2026-07-06T01:09:08.989984,2026-07-06T01:09:09.001307+00:00,165.4,49,ask,EarnestEspressos,CostlyCorianders,8956284
2026-07-06T01:09:10.871842,2026-07-06T01:09:10.883300+00:00,165.5,50,ask,DiligentDonuts,FlawlessFlatbreads,8956313
2026-07-06T01:09:10.922996,2026-07-06T01:09:10.932024+00:00,165.9,49,bid,CostlyCorianders,EarnestEspressos,8956317
2026-07-06T01:09:11.895826,2026-07-06T01:09:11.904479+00:00,166.0,44,bid,CostlyCorianders,DiligentDonuts,8956330
2026-07-06T01:09:12.497627,2026-07-06T01:09:12.512892+00:00,165.3,45,ask,EarnestEspressos,CostlyCorianders,8956335
2026-07-06T01:09:14.777100,2026-07-06T01:09:14.786153+00:00,165.8,44,bid,CostlyCorianders,EarnestEspressos,8956357
2026-07-06T01:09:14.831893,2026-07-06T01:09:14.839614+00:00,165.4,42,ask,DiligentDonuts,CostlyCorianders,8956360
2026-07-06T01:09:15.081442,2026-07-06T01:09:15.093308+00:00,165.4,50,ask,DiligentDonuts,FlawlessFlatbreads,8956361
2026-07-06T01:09:16.925968,2026-07-06T01:09:16.937693+00:00,165.8,40,bid,CostlyCorianders,DiligentDonuts,8956386
2026-07-06T01:09:17.189301,2026-07-06T01:09:17.201033+00:00,165.4,50,ask,EarnestEspressos,FlawlessFlatbreads,8956390
2026-07-06T01:09:18.468037,2026-07-06T01:09:18.479580+00:00,165.3,43,ask,DiligentDonuts,CostlyCorianders,8956409
2026-07-06T01:09:19.245663,2026-07-06T01:09:19.258548+00:00,165.7,50,bid,FlawlessFlatbreads,EarnestEspressos,8956424
2026-07-06T01:09:20.488083,2026-07-06T01:09:20.496064+00:00,165.5,43,ask,DiligentDonuts,CostlyCorianders,8956443
2026-07-06T01:09:21.353216,2026-07-06T01:09:21.354952+00:00,165.7,50,bid,FlawlessFlatbreads,EarnestEspressos,8956453
2026-07-06T01:09:22.101162,2026-07-06T01:09:22.112728+00:00,165.7,100,ask,EarnestEspressos,DiligentDonuts,8956464
2026-07-06T01:09:23.461098,2026-07-06T01:09:23.469186+00:00,166.2,50,bid,FlawlessFlatbreads,EarnestEspressos,8956476
2026-07-06T01:09:25.567949,2026-07-06T01:09:25.577051+00:00,165.9,50,bid,FlawlessFlatbreads,EarnestEspressos,8956506
2026-07-06T01:09:26.715559,2026-07-06T01:09:26.727131+00:00,165.9,45,bid,CostlyCorianders,EarnestEspressos,8956518
2026-07-06T01:09:27.297872,2026-07-06T01:09:27.309808+00:00,165.9,45,bid,CostlyCorianders,EarnestEspressos,8956524
2026-07-06T01:09:27.353229,2026-07-06T01:09:27.364923+00:00,165.5,40,ask,DiligentDonuts,CostlyCorianders,8956528
2026-07-06T01:09:27.673502,2026-07-06T01:09:27.685288+00:00,165.9,10,bid,FlawlessFlatbreads,EarnestEspressos,8956532
2026-07-06T01:09:27.673502,2026-07-06T01:09:27.685288+00:00,166.0,40,bid,FlawlessFlatbreads,DiligentDonuts,8956533
2026-07-06T01:09:27.754910,2026-07-06T01:09:27.753423+00:00,166.0,60,bid,EarnestEspressos,DiligentDonuts,8956535
2026-07-06T01:09:27.819346,2026-07-06T01:09:27.826621+00:00,166.1,35,ask,EarnestEspressos,Xuanyu Liu,8956542
2026-07-06T01:09:28.926792,2026-07-06T01:09:28.938345+00:00,166.2,40,bid,CostlyCorianders,DiligentDonuts,8956561
2026-07-06T01:09:29.783395,2026-07-06T01:09:29.795208+00:00,166.2,50,bid,FlawlessFlatbreads,DiligentDonuts,8956572
2026-07-06T01:09:31.446900,2026-07-06T01:09:31.458550+00:00,165.8,44,ask,EarnestEspressos,CostlyCorianders,8956593
2026-07-06T01:09:32.096166,2026-07-06T01:09:32.105369+00:00,166.3,43,bid,CostlyCorianders,EarnestEspressos,8956604
2026-07-06T01:09:33.199272,2026-07-06T01:09:33.206975+00:00,166.1,49,ask,DiligentDonuts,CostlyCorianders,8956620
2026-07-06T01:09:34.048639,2026-07-06T01:09:34.058573+00:00,166.1,50,ask,DiligentDonuts,FlawlessFlatbreads,8956632
2026-07-06T01:09:34.142905,2026-07-06T01:09:34.158566+00:00,166.1,1,ask,DiligentDonuts,EarnestEspressos,8956635
2026-07-06T01:09:35.159609,2026-07-06T01:09:35.167607+00:00,165.9,23,bid,Xuanyu Liu,EarnestEspressos,8956646
2026-07-06T01:09:36.233720,2026-07-06T01:09:36.245602+00:00,165.7,45,ask,DiligentDonuts,CostlyCorianders,8956659
2026-07-06T01:09:37.228185,2026-07-06T01:09:37.240086+00:00,166.2,44,bid,CostlyCorianders,DiligentDonuts,8956669
2026-07-06T01:09:38.258345,2026-07-06T01:09:38.269921+00:00,166.0,50,ask,EarnestEspressos,FlawlessFlatbreads,8956678
2026-07-06T01:09:40.364385,2026-07-06T01:09:40.374296+00:00,165.9,50,ask,DiligentDonuts,FlawlessFlatbreads,8956703
2026-07-06T01:09:42.472269,2026-07-06T01:09:42.483630+00:00,165.9,50,ask,EarnestEspressos,FlawlessFlatbreads,8956723
2026-07-06T01:09:44.529970,2026-07-06T01:09:44.541105+00:00,166.2,50,bid,FlawlessFlatbreads,EarnestEspressos,8956748
2026-07-06T01:09:44.739668,2026-07-06T01:09:44.751330+00:00,165.8,43,ask,DiligentDonuts,CostlyCorianders,8956752
2026-07-06T01:09:47.275750,2026-07-06T01:09:47.283951+00:00,166.1,46,bid,CostlyCorianders,EarnestEspressos,8956775
2026-07-06T01:09:48.803279,2026-07-06T01:09:48.813279+00:00,165.6,50,ask,EarnestEspressos,FlawlessFlatbreads,8956785
2026-07-06T01:09:53.012837,2026-07-06T01:09:53.024464+00:00,165.6,50,ask,EarnestEspressos,FlawlessFlatbreads,8956835
2026-07-06T01:09:54.728964,2026-07-06T01:09:54.736940+00:00,165.8,47,bid,CostlyCorianders,EarnestEspressos,8956856
2026-07-06T01:09:55.121513,2026-07-06T01:09:55.131790+00:00,165.3,50,ask,EarnestEspressos,FlawlessFlatbreads,8956869
2026-07-06T01:09:55.722093,2026-07-06T01:09:55.733905+00:00,165.3,40,ask,EarnestEspressos,CostlyCorianders,8956881
2026-07-06T01:09:56.335725,2026-07-06T01:09:56.347342+00:00,165.6,46,bid,CostlyCorianders,EarnestEspressos,8956897
2026-07-06T01:09:57.226796,2026-07-06T01:09:57.238340+00:00,165.1,50,ask,EarnestEspressos,FlawlessFlatbreads,8956908
2026-07-06T01:09:57.325454,2026-07-06T01:09:57.337199+00:00,165.4,44,bid,CostlyCorianders,DiligentDonuts,8956909
2026-07-06T01:09:58.980624,2026-07-06T01:09:58.989015+00:00,165.4,12,bid,Xuanyu Liu,DiligentDonuts,8956927
2026-07-06T01:09:58.992352,2026-07-06T01:09:59.004615+00:00,165.1,45,ask,EarnestEspressos,CostlyCorianders,8956929
2026-07-06T01:09:59.333782,2026-07-06T01:09:59.345457+00:00,165.1,50,ask,EarnestEspressos,FlawlessFlatbreads,8956934
2026-07-06T01:09:59.445087,2026-07-06T01:09:59.463808+00:00,164.9,100,ask,DiligentDonuts,EarnestEspressos,8956937
2026-07-06T01:09:59.464889,2026-07-06T01:09:59.478431+00:00,164.9,34,bid,Xuanyu Liu,EarnestEspressos,8956938
2026-07-06T01:09:59.999970,2026-07-06T01:10:00.012335+00:00,164.9,16,bid,CostlyCorianders,EarnestEspressos,8956943
2026-07-06T01:10:01.440613,2026-07-06T01:10:01.452464+00:00,164.9,50,ask,DiligentDonuts,FlawlessFlatbreads,8956964
2026-07-06T01:10:03.145029,2026-07-06T01:10:03.158708+00:00,165.1,46,ask,EarnestEspressos,CostlyCorianders,8956986
2026-07-06T01:10:03.547581,2026-07-06T01:10:03.554164+00:00,165.1,50,ask,EarnestEspressos,FlawlessFlatbreads,8956989
2026-07-06T01:10:04.225720,2026-07-06T01:10:04.233700+00:00,165.1,46,ask,EarnestEspressos,CostlyCorianders,8956999
2026-07-06T01:10:05.654654,2026-07-06T01:10:05.666500+00:00,165.1,8,ask,EarnestEspressos,FlawlessFlatbreads,8957023
2026-07-06T01:10:05.654654,2026-07-06T01:10:05.666500+00:00,164.7,42,ask,DiligentDonuts,FlawlessFlatbreads,8957024
2026-07-06T01:10:06.262708,2026-07-06T01:10:06.269643+00:00,165.0,40,bid,CostlyCorianders,EarnestEspressos,8957032
2026-07-06T01:10:06.862460,2026-07-06T01:10:06.872163+00:00,165.0,46,bid,CostlyCorianders,EarnestEspressos,8957046
2026-07-06T01:10:07.712960,2026-07-06T01:10:07.724771+00:00,165.0,50,bid,FlawlessFlatbreads,EarnestEspressos,8957057
2026-07-06T01:10:09.464903,2026-07-06T01:10:09.473790+00:00,164.9,12,ask,EarnestEspressos,Xuanyu Liu,8957080
2026-07-06T01:10:09.578697,2026-07-06T01:10:09.590302+00:00,164.9,100,ask,EarnestEspressos,DiligentDonuts,8957083
2026-07-06T01:10:11.923460,2026-07-06T01:10:11.935428+00:00,165.4,50,bid,FlawlessFlatbreads,EarnestEspressos,8957104
2026-07-06T01:10:14.030240,2026-07-06T01:10:14.041858+00:00,164.9,50,bid,FlawlessFlatbreads,EarnestEspressos,8957140
2026-07-06T01:10:15.825677,2026-07-06T01:10:15.832054+00:00,164.5,40,ask,EarnestEspressos,CostlyCorianders,8957167
2026-07-06T01:10:16.136636,2026-07-06T01:10:16.143480+00:00,165.0,50,bid,FlawlessFlatbreads,EarnestEspressos,8957171
2026-07-06T01:10:16.365216,2026-07-06T01:10:16.376848+00:00,164.5,41,ask,EarnestEspressos,CostlyCorianders,8957177
2026-07-06T01:10:18.247128,2026-07-06T01:10:18.254137+00:00,165.0,50,bid,FlawlessFlatbreads,EarnestEspressos,8957193
2026-07-06T01:10:20.405834,2026-07-06T01:10:20.414645+00:00,164.6,50,ask,EarnestEspressos,FlawlessFlatbreads,8957211
2026-07-06T01:10:22.437725,2026-07-06T01:10:22.445964+00:00,164.9,47,bid,CostlyCorianders,EarnestEspressos,8957237
2026-07-06T01:10:22.460373,2026-07-06T01:10:22.471980+00:00,164.9,50,bid,FlawlessFlatbreads,EarnestEspressos,8957238
2026-07-06T01:10:24.567530,2026-07-06T01:10:24.576560+00:00,164.9,50,bid,FlawlessFlatbreads,EarnestEspressos,8957257
2026-07-06T01:10:24.686145,2026-07-06T01:10:24.692853+00:00,165.0,100,bid,EarnestEspressos,DiligentDonuts,8957259
2026-07-06T01:10:24.748371,2026-07-06T01:10:24.758145+00:00,165.0,22,ask,EarnestEspressos,Xuanyu Liu,8957260
2026-07-06T01:10:24.957837,2026-07-06T01:10:24.969790+00:00,165.0,28,ask,EarnestEspressos,CostlyCorianders,8957267
2026-07-06T01:10:24.957837,2026-07-06T01:10:24.969790+00:00,164.5,20,ask,DiligentDonuts,CostlyCorianders,8957268
2026-07-06T01:10:26.674475,2026-07-06T01:10:26.683452+00:00,165.2,50,bid,FlawlessFlatbreads,DiligentDonuts,8957292
2026-07-06T01:10:28.191531,2026-07-06T01:10:28.203345+00:00,165.1,46,bid,CostlyCorianders,EarnestEspressos,8957304
2026-07-06T01:10:28.513444,2026-07-06T01:10:28.524929+00:00,165.1,100,bid,DiligentDonuts,EarnestEspressos,8957312
2026-07-06T01:10:28.783235,2026-07-06T01:10:28.790297+00:00,165.1,4,bid,FlawlessFlatbreads,EarnestEspressos,8957315
2026-07-06T01:10:28.783235,2026-07-06T01:10:28.795644+00:00,165.6,46,bid,FlawlessFlatbreads,DiligentDonuts,8957316
2026-07-06T01:10:30.889976,2026-07-06T01:10:30.901301+00:00,165.6,50,bid,FlawlessFlatbreads,DiligentDonuts,8957339
2026-07-06T01:10:31.171769,2026-07-06T01:10:31.180251+00:00,165.5,12,ask,EarnestEspressos,Xuanyu Liu,8957343
2026-07-06T01:10:32.081990,2026-07-06T01:10:32.093532+00:00,165.5,49,ask,EarnestEspressos,CostlyCorianders,8957359
2026-07-06T01:10:32.408247,2026-07-06T01:10:32.415566+00:00,165.5,11,ask,EarnestEspressos,Xuanyu Liu,8957361
2026-07-06T01:10:32.636462,2026-07-06T01:10:32.648237+00:00,165.5,43,ask,EarnestEspressos,CostlyCorianders,8957365
2026-07-06T01:10:33.017339,2026-07-06T01:10:33.028066+00:00,165.8,50,bid,FlawlessFlatbreads,DiligentDonuts,8957371
2026-07-06T01:10:33.097689,2026-07-06T01:10:33.105010+00:00,165.8,42,bid,CostlyCorianders,DiligentDonuts,8957377
2026-07-06T01:10:34.216658,2026-07-06T01:10:34.226104+00:00,165.3,100,ask,DiligentDonuts,EarnestEspressos,8957394
2026-07-06T01:10:34.348058,2026-07-06T01:10:34.356310+00:00,165.0,11,bid,Xuanyu Liu,EarnestEspressos,8957399
2026-07-06T01:10:34.833871,2026-07-06T01:10:34.843802+00:00,165.0,39,bid,DiligentDonuts,EarnestEspressos,8957415
2026-07-06T01:10:35.125257,2026-07-06T01:10:35.136847+00:00,165.5,50,bid,FlawlessFlatbreads,DiligentDonuts,8957418
2026-07-06T01:10:37.231091,2026-07-06T01:10:37.239077+00:00,165.5,50,bid,FlawlessFlatbreads,DiligentDonuts,8957448
2026-07-06T01:10:37.390801,2026-07-06T01:10:37.400091+00:00,165.3,11,ask,EarnestEspressos,Xuanyu Liu,8957449
2026-07-06T01:10:37.669702,2026-07-06T01:10:37.681399+00:00,165.3,40,ask,EarnestEspressos,CostlyCorianders,8957451
2026-07-06T01:10:38.826112,2026-07-06T01:10:38.837556+00:00,165.6,41,bid,CostlyCorianders,DiligentDonuts,8957461
2026-07-06T01:10:39.340169,2026-07-06T01:10:39.349776+00:00,165.6,50,bid,FlawlessFlatbreads,DiligentDonuts,8957470
2026-07-06T01:10:40.009606,2026-07-06T01:10:40.021373+00:00,165.3,47,ask,EarnestEspressos,CostlyCorianders,8957474
2026-07-06T01:10:41.168511,2026-07-06T01:10:41.176183+00:00,165.4,12,ask,DiligentDonuts,Xuanyu Liu,8957489
2026-07-06T01:10:41.497169,2026-07-06T01:10:41.508588+00:00,165.4,50,ask,DiligentDonuts,FlawlessFlatbreads,8957491
2026-07-06T01:10:41.759565,2026-07-06T01:10:41.769249+00:00,165.4,11,ask,DiligentDonuts,Xuanyu Liu,8957494
2026-07-06T01:10:43.602793,2026-07-06T01:10:43.612551+00:00,165.4,27,ask,DiligentDonuts,FlawlessFlatbreads,8957520
2026-07-06T01:10:45.724854,2026-07-06T01:10:45.732165+00:00,165.0,50,ask,DiligentDonuts,FlawlessFlatbreads,8957544
2026-07-06T01:10:46.928264,2026-07-06T01:10:46.938343+00:00,165.4,41,bid,CostlyCorianders,EarnestEspressos,8957562
2026-07-06T01:10:47.831417,2026-07-06T01:10:47.842927+00:00,165.0,50,ask,DiligentDonuts,FlawlessFlatbreads,8957571
2026-07-06T01:10:48.566993,2026-07-06T01:10:48.575954+00:00,165.4,42,bid,CostlyCorianders,EarnestEspressos,8957582
2026-07-06T01:10:49.886225,2026-07-06T01:10:49.897274+00:00,165.4,50,bid,FlawlessFlatbreads,EarnestEspressos,8957602
2026-07-06T01:10:50.705523,2026-07-06T01:10:50.714833+00:00,165.4,100,ask,EarnestEspressos,DiligentDonuts,8957613
2026-07-06T01:10:52.831666,2026-07-06T01:10:52.837952+00:00,165.4,42,ask,EarnestEspressos,CostlyCorianders,8957649
2026-07-06T01:10:54.153922,2026-07-06T01:10:54.157367+00:00,165.4,50,ask,DiligentDonuts,FlawlessFlatbreads,8957662
2026-07-06T01:10:55.971535,2026-07-06T01:10:55.983253+00:00,165.7,40,bid,CostlyCorianders,EarnestEspressos,8957681
2026-07-06T01:10:56.259000,2026-07-06T01:10:56.270655+00:00,165.4,50,ask,DiligentDonuts,FlawlessFlatbreads,8957684
2026-07-06T01:10:57.409065,2026-07-06T01:10:57.415755+00:00,165.3,40,ask,EarnestEspressos,CostlyCorianders,8957703
2026-07-06T01:10:57.925278,2026-07-06T01:10:57.937138+00:00,165.6,47,bid,CostlyCorianders,DiligentDonuts,8957708
2026-07-06T01:10:58.367573,2026-07-06T01:10:58.379512+00:00,165.3,50,ask,EarnestEspressos,FlawlessFlatbreads,8957716
2026-07-06T01:10:58.549343,2026-07-06T01:10:58.559077+00:00,165.3,44,ask,EarnestEspressos,CostlyCorianders,8957720
2026-07-06T01:10:59.193007,2026-07-06T01:10:59.204962+00:00,165.6,42,bid,CostlyCorianders,DiligentDonuts,8957732
2026-07-06T01:10:59.515781,2026-07-06T01:10:59.524471+00:00,165.2,46,bid,Xuanyu Liu,EarnestEspressos,8957736
2026-07-06T01:11:00.141541,2026-07-06T01:11:00.158566+00:00,165.2,100,bid,DiligentDonuts,EarnestEspressos,8957746
2026-07-06T01:11:00.475476,2026-07-06T01:11:00.484517+00:00,164.7,50,ask,EarnestEspressos,FlawlessFlatbreads,8957753
2026-07-06T01:11:02.052321,2026-07-06T01:11:02.058553+00:00,165.2,4,bid,CostlyCorianders,EarnestEspressos,8957770
2026-07-06T01:11:03.586484,2026-07-06T01:11:03.597934+00:00,165.4,45,bid,CostlyCorianders,EarnestEspressos,8957797
2026-07-06T01:11:04.692745,2026-07-06T01:11:04.704641+00:00,164.9,50,ask,EarnestEspressos,FlawlessFlatbreads,8957813
2026-07-06T01:11:06.799929,2026-07-06T01:11:06.811443+00:00,164.8,50,ask,EarnestEspressos,FlawlessFlatbreads,8957839
2026-07-06T01:11:07.679415,2026-07-06T01:11:07.691175+00:00,164.8,43,ask,EarnestEspressos,CostlyCorianders,8957846
2026-07-06T01:11:08.738503,2026-07-06T01:11:08.749843+00:00,164.8,42,ask,EarnestEspressos,CostlyCorianders,8957864
2026-07-06T01:11:08.907820,2026-07-06T01:11:08.919281+00:00,164.8,50,ask,DiligentDonuts,FlawlessFlatbreads,8957865
2026-07-06T01:11:09.001864,2026-07-06T01:11:09.013720+00:00,164.8,50,ask,DiligentDonuts,EarnestEspressos,8957866
2026-07-06T01:11:09.015005,2026-07-06T01:11:09.023529+00:00,164.8,22,bid,Xuanyu Liu,EarnestEspressos,8957867
2026-07-06T01:11:10.962621,2026-07-06T01:11:10.974548+00:00,164.8,50,bid,FlawlessFlatbreads,EarnestEspressos,8957894
2026-07-06T01:11:12.452906,2026-07-06T01:11:12.464709+00:00,165.0,42,bid,CostlyCorianders,DiligentDonuts,8957914
2026-07-06T01:11:13.068738,2026-07-06T01:11:13.082787+00:00,165.0,50,bid,FlawlessFlatbreads,DiligentDonuts,8957922
2026-07-06T01:11:14.523512,2026-07-06T01:11:14.535139+00:00,165.0,44,bid,CostlyCorianders,DiligentDonuts,8957933
2026-07-06T01:11:15.175610,2026-07-06T01:11:15.187267+00:00,165.0,6,bid,FlawlessFlatbreads,DiligentDonuts,8957943
2026-07-06T01:11:15.175610,2026-07-06T01:11:15.187267+00:00,165.2,44,bid,FlawlessFlatbreads,EarnestEspressos,8957944
2026-07-06T01:11:15.341806,2026-07-06T01:11:15.351317+00:00,165.1,11,ask,EarnestEspressos,Xuanyu Liu,8957945
2026-07-06T01:11:16.613980,2026-07-06T01:11:16.625716+00:00,165.1,42,ask,EarnestEspressos,CostlyCorianders,8957968
2026-07-06T01:11:17.284325,2026-07-06T01:11:17.296006+00:00,165.5,50,bid,FlawlessFlatbreads,DiligentDonuts,8957976
2026-07-06T01:11:17.709517,2026-07-06T01:11:17.721178+00:00,165.1,44,ask,EarnestEspressos,CostlyCorianders,8957984
2026-07-06T01:11:19.101090,2026-07-06T01:11:19.112902+00:00,165.4,100,bid,DiligentDonuts,EarnestEspressos,8957997
2026-07-06T01:11:19.391165,2026-07-06T01:11:19.402983+00:00,165.4,50,bid,FlawlessFlatbreads,EarnestEspressos,8958003
2026-07-06T01:11:20.384396,2026-07-06T01:11:20.395275+00:00,165.9,42,bid,CostlyCorianders,DiligentDonuts,8958016
2026-07-06T01:11:21.631109,2026-07-06T01:11:21.640487+00:00,165.5,23,ask,EarnestEspressos,Xuanyu Liu,8958036
2026-07-06T01:11:22.922074,2026-07-06T01:11:22.930806+00:00,165.5,40,ask,EarnestEspressos,CostlyCorianders,8958051
2026-07-06T01:11:23.603102,2026-07-06T01:11:23.614800+00:00,165.6,50,bid,FlawlessFlatbreads,DiligentDonuts,8958055
2026-07-06T01:11:25.709903,2026-07-06T01:11:25.721460+00:00,165.7,50,bid,FlawlessFlatbreads,EarnestEspressos,8958083
2026-07-06T01:11:25.907437,2026-07-06T01:11:25.918927+00:00,165.3,46,ask,DiligentDonuts,CostlyCorianders,8958087
2026-07-06T01:11:27.817193,2026-07-06T01:11:27.829182+00:00,165.7,50,bid,FlawlessFlatbreads,EarnestEspressos,8958117
2026-07-06T01:11:27.949123,2026-07-06T01:11:27.963595+00:00,165.5,11,ask,EarnestEspressos,Xuanyu Liu,8958118
2026-07-06T01:11:28.563414,2026-07-06T01:11:28.574986+00:00,166.0,40,bid,CostlyCorianders,EarnestEspressos,8958125
2026-07-06T01:11:29.163444,2026-07-06T01:11:29.175289+00:00,165.5,41,ask,EarnestEspressos,CostlyCorianders,8958133
2026-07-06T01:11:29.978809,2026-07-06T01:11:29.989314+00:00,165.5,50,ask,EarnestEspressos,FlawlessFlatbreads,8958142
2026-07-06T01:11:30.853787,2026-07-06T01:11:30.863962+00:00,165.6,41,bid,CostlyCorianders,DiligentDonuts,8958152
2026-07-06T01:11:32.033368,2026-07-06T01:11:32.045230+00:00,165.8,50,bid,FlawlessFlatbreads,EarnestEspressos,8958171
2026-07-06T01:11:32.890234,2026-07-06T01:11:32.901788+00:00,165.8,44,bid,CostlyCorianders,EarnestEspressos,8958178
2026-07-06T01:11:33.604703,2026-07-06T01:11:33.612881+00:00,165.3,45,ask,EarnestEspressos,CostlyCorianders,8958187
2026-07-06T01:11:35.930082,2026-07-06T01:11:35.942048+00:00,165.4,46,ask,EarnestEspressos,CostlyCorianders,8958222
2026-07-06T01:11:37.291317,2026-07-06T01:11:37.299685+00:00,165.4,12,ask,EarnestEspressos,Xuanyu Liu,8958242
2026-07-06T01:11:38.449396,2026-07-06T01:11:38.454651+00:00,165.1,50,ask,DiligentDonuts,FlawlessFlatbreads,8958256
2026-07-06T01:11:40.504086,2026-07-06T01:11:40.514054+00:00,165.5,50,bid,FlawlessFlatbreads,EarnestEspressos,8958281
2026-07-06T01:11:42.183699,2026-07-06T01:11:42.195298+00:00,165.6,43,bid,CostlyCorianders,DiligentDonuts,8958299
2026-07-06T01:11:42.638562,2026-07-06T01:11:42.649228+00:00,165.6,50,bid,FlawlessFlatbreads,DiligentDonuts,8958303
2026-07-06T01:11:43.786273,2026-07-06T01:11:43.798028+00:00,165.4,45,ask,EarnestEspressos,CostlyCorianders,8958321
2026-07-06T01:11:44.281222,2026-07-06T01:11:44.293022+00:00,165.6,7,bid,CostlyCorianders,DiligentDonuts,8958329
2026-07-06T01:11:44.281222,2026-07-06T01:11:44.293022+00:00,165.9,34,bid,CostlyCorianders,EarnestEspressos,8958330
2026-07-06T01:11:46.909035,2026-07-06T01:11:46.918670+00:00,165.8,48,bid,CostlyCorianders,DiligentDonuts,8958360
2026-07-06T01:11:48.559837,2026-07-06T01:11:48.570983+00:00,165.7,40,ask,DiligentDonuts,CostlyCorianders,8958383
2026-07-06T01:11:49.023761,2026-07-06T01:11:49.035386+00:00,165.7,50,ask,DiligentDonuts,FlawlessFlatbreads,8958388
2026-07-06T01:11:49.638706,2026-07-06T01:11:49.650351+00:00,166.1,48,bid,CostlyCorianders,EarnestEspressos,8958394
2026-07-06T01:11:50.849606,2026-07-06T01:11:50.858589+00:00,165.8,40,ask,EarnestEspressos,CostlyCorianders,8958403
2026-07-06T01:11:51.132220,2026-07-06T01:11:51.144004+00:00,165.8,50,ask,EarnestEspressos,FlawlessFlatbreads,8958405
2026-07-06T01:11:51.392621,2026-07-06T01:11:51.404284+00:00,165.8,41,ask,EarnestEspressos,CostlyCorianders,8958408
2026-07-06T01:11:51.734596,2026-07-06T01:11:51.742766+00:00,165.8,11,ask,EarnestEspressos,Xuanyu Liu,8958411
2026-07-06T01:11:51.982168,2026-07-06T01:11:51.991046+00:00,165.8,3,ask,EarnestEspressos,Xuanyu Liu,8958416
2026-07-06T01:11:53.249758,2026-07-06T01:11:53.263842+00:00,165.5,50,ask,DiligentDonuts,FlawlessFlatbreads,8958430
2026-07-06T01:11:53.331093,2026-07-06T01:11:53.336697+00:00,165.7,14,bid,Xuanyu Liu,EarnestEspressos,8958432
2026-07-06T01:11:55.356642,2026-07-06T01:11:55.350039+00:00,165.3,50,ask,DiligentDonuts,FlawlessFlatbreads,8958457
2026-07-06T01:11:57.462916,2026-07-06T01:11:57.469906+00:00,165.2,50,ask,EarnestEspressos,FlawlessFlatbreads,8958491
2026-07-06T01:11:59.571773,2026-07-06T01:11:59.579772+00:00,165.1,50,ask,DiligentDonuts,FlawlessFlatbreads,8958508
2026-07-06T01:11:59.652994,2026-07-06T01:11:59.661169+00:00,165.3,12,bid,Xuanyu Liu,EarnestEspressos,8958509
2026-07-06T01:12:00.465037,2026-07-06T01:12:00.473690+00:00,165.3,11,bid,Xuanyu Liu,EarnestEspressos,8958516
2026-07-06T01:12:00.901971,2026-07-06T01:12:00.910354+00:00,165.3,12,bid,Xuanyu Liu,EarnestEspressos,8958527
2026-07-06T01:12:01.679026,2026-07-06T01:12:01.690513+00:00,164.9,50,ask,EarnestEspressos,FlawlessFlatbreads,8958534
2026-07-06T01:12:02.215732,2026-07-06T01:12:02.227091+00:00,165.3,11,bid,Xuanyu Liu,EarnestEspressos,8958543
2026-07-06T01:12:03.821833,2026-07-06T01:12:03.832946+00:00,165.1,50,ask,EarnestEspressos,FlawlessFlatbreads,8958569
2026-07-06T01:12:05.927996,2026-07-06T01:12:05.938034+00:00,165.0,50,ask,DiligentDonuts,FlawlessFlatbreads,8958600
2026-07-06T01:12:06.505617,2026-07-06T01:12:06.514753+00:00,165.1,23,bid,Xuanyu Liu,EarnestEspressos,8958611
2026-07-06T01:12:08.047134,2026-07-06T01:12:08.068660+00:00,164.9,50,ask,DiligentDonuts,FlawlessFlatbreads,8958628
2026-07-06T01:12:08.388140,2026-07-06T01:12:08.400032+00:00,165.1,44,bid,CostlyCorianders,EarnestEspressos,8958633
2026-07-06T01:12:09.731367,2026-07-06T01:12:09.740718+00:00,165.6,40,bid,CostlyCorianders,EarnestEspressos,8958640
2026-07-06T01:12:09.808013,2026-07-06T01:12:09.817438+00:00,165.1,100,ask,EarnestEspressos,DiligentDonuts,8958642
2026-07-06T01:12:10.156083,2026-07-06T01:12:10.158581+00:00,165.1,50,ask,EarnestEspressos,FlawlessFlatbreads,8958649
2026-07-06T01:12:12.286598,2026-07-06T01:12:12.296779+00:00,164.6,50,ask,DiligentDonuts,FlawlessFlatbreads,8958676
2026-07-06T01:12:13.160112,2026-07-06T01:12:13.171977+00:00,164.9,45,bid,CostlyCorianders,EarnestEspressos,8958689
2026-07-06T01:12:16.498658,2026-07-06T01:12:16.510480+00:00,164.7,50,ask,EarnestEspressos,FlawlessFlatbreads,8958723
2026-07-06T01:12:18.266418,2026-07-06T01:12:18.278123+00:00,164.7,49,ask,EarnestEspressos,CostlyCorianders,8958739
2026-07-06T01:12:18.610660,2026-07-06T01:12:18.623100+00:00,164.7,50,ask,DiligentDonuts,FlawlessFlatbreads,8958744
2026-07-06T01:12:18.941582,2026-07-06T01:12:18.949825+00:00,164.8,11,bid,Xuanyu Liu,EarnestEspressos,8958749
2026-07-06T01:12:19.266377,2026-07-06T01:12:19.275260+00:00,164.8,6,bid,Xuanyu Liu,EarnestEspressos,8958754
2026-07-06T01:12:20.665438,2026-07-06T01:12:20.677064+00:00,164.8,50,bid,FlawlessFlatbreads,EarnestEspressos,8958769
2026-07-06T01:12:20.811009,2026-07-06T01:12:20.820450+00:00,164.8,48,bid,CostlyCorianders,EarnestEspressos,8958775
2026-07-06T01:12:21.435221,2026-07-06T01:12:21.446953+00:00,164.6,43,ask,DiligentDonuts,CostlyCorianders,8958784
2026-07-06T01:12:23.538108,2026-07-06T01:12:23.554775+00:00,165.1,47,bid,CostlyCorianders,DiligentDonuts,8958809
2026-07-06T01:12:24.173889,2026-07-06T01:12:24.185372+00:00,165.1,43,bid,CostlyCorianders,DiligentDonuts,8958820
2026-07-06T01:12:24.876439,2026-07-06T01:12:24.886073+00:00,165.1,10,bid,FlawlessFlatbreads,DiligentDonuts,8958831
2026-07-06T01:12:25.835647,2026-07-06T01:12:25.844582+00:00,165.4,6,ask,EarnestEspressos,Xuanyu Liu,8958843
2026-07-06T01:12:26.982066,2026-07-06T01:12:26.993882+00:00,165.8,50,bid,FlawlessFlatbreads,DiligentDonuts,8958855
2026-07-06T01:12:27.159780,2026-07-06T01:12:27.170510+00:00,165.4,11,ask,EarnestEspressos,Xuanyu Liu,8958860
2026-07-06T01:12:29.089501,2026-07-06T01:12:29.101241+00:00,165.7,50,bid,FlawlessFlatbreads,EarnestEspressos,8958885
2026-07-06T01:12:31.196317,2026-07-06T01:12:31.208226+00:00,165.9,50,bid,FlawlessFlatbreads,DiligentDonuts,8958912
2026-07-06T01:12:32.983679,2026-07-06T01:12:32.995089+00:00,165.6,46,ask,DiligentDonuts,CostlyCorianders,8958933
2026-07-06T01:12:33.304104,2026-07-06T01:12:33.319717+00:00,165.9,50,bid,FlawlessFlatbreads,EarnestEspressos,8958936
2026-07-06T01:12:33.690566,2026-07-06T01:12:33.699342+00:00,165.6,12,ask,DiligentDonuts,Xuanyu Liu,8958943
2026-07-06T01:12:34.373948,2026-07-06T01:12:34.383100+00:00,166.1,100,bid,EarnestEspressos,DiligentDonuts,8958957
2026-07-06T01:12:34.440468,2026-07-06T01:12:34.449497+00:00,166.2,22,ask,EarnestEspressos,Xuanyu Liu,8958958
2026-07-06T01:12:34.564986,2026-07-06T01:12:34.576644+00:00,166.2,28,ask,EarnestEspressos,CostlyCorianders,8958961
2026-07-06T01:12:34.564986,2026-07-06T01:12:34.576644+00:00,165.6,15,ask,DiligentDonuts,CostlyCorianders,8958962
2026-07-06T01:12:35.138158,2026-07-06T01:12:35.149915+00:00,165.8,42,ask,DiligentDonuts,CostlyCorianders,8958970
2026-07-06T01:12:35.461752,2026-07-06T01:12:35.473463+00:00,165.8,50,ask,DiligentDonuts,FlawlessFlatbreads,8958974
2026-07-06T01:12:35.747870,2026-07-06T01:12:35.754460+00:00,166.3,47,bid,CostlyCorianders,DiligentDonuts,8958979
2026-07-06T01:12:37.436115,2026-07-06T01:12:37.446473+00:00,166.3,47,bid,CostlyCorianders,DiligentDonuts,8959009
2026-07-06T01:12:37.490561,2026-07-06T01:12:37.499969+00:00,165.8,8,ask,DiligentDonuts,CostlyCorianders,8959010
2026-07-06T01:12:37.518955,2026-07-06T01:12:37.530768+00:00,166.3,6,bid,FlawlessFlatbreads,DiligentDonuts,8959011
2026-07-06T01:12:37.603649,2026-07-06T01:12:37.612361+00:00,165.8,11,bid,Xuanyu Liu,EarnestEspressos,8959012
2026-07-06T01:12:37.613341,2026-07-06T01:12:37.621563+00:00,165.8,11,bid,Xuanyu Liu,EarnestEspressos,8959014
2026-07-06T01:12:37.986914,2026-07-06T01:12:37.995044+00:00,165.8,12,bid,Xuanyu Liu,EarnestEspressos,8959023
2026-07-06T01:12:38.114822,2026-07-06T01:12:38.123561+00:00,165.8,45,bid,CostlyCorianders,EarnestEspressos,8959028
2026-07-06T01:12:38.250582,2026-07-06T01:12:38.253248+00:00,165.8,71,bid,DiligentDonuts,EarnestEspressos,8959032
2026-07-06T01:12:38.325692,2026-07-06T01:12:38.334750+00:00,166.0,12,ask,DiligentDonuts,Xuanyu Liu,8959034
2026-07-06T01:12:38.739266,2026-07-06T01:12:38.747497+00:00,166.0,17,ask,DiligentDonuts,CostlyCorianders,8959038
2026-07-06T01:12:38.739266,2026-07-06T01:12:38.752660+00:00,165.3,27,ask,EarnestEspressos,CostlyCorianders,8959039
2026-07-06T01:12:39.342455,2026-07-06T01:12:39.358554+00:00,165.3,44,ask,EarnestEspressos,CostlyCorianders,8959053
