timestamp,recv_time,price,volume,aggressor_side,buyer,seller,trade_id
2026-07-04T18:00:00.166247,2026-07-04T18:00:00.158173+00:00,136.5,50,bid,FlawlessFlatbreads,EarnestEspressos,7316446
2026-07-04T18:00:02.273417,2026-07-04T18:00:02.285317+00:00,136.6,50,bid,FlawlessFlatbreads,DiligentDonuts,7316470
2026-07-04T18:00:04.434923,2026-07-04T18:00:04.446645+00:00,136.1,50,ask,DiligentDonuts,FlawlessFlatbreads,7316505
2026-07-04T18:00:04.884553,2026-07-04T18:00:04.891776+00:00,136.1,3,ask,DiligentDonuts,Xuanyu Liu,7316515
2026-07-04T18:00:06.491844,2026-07-04T18:00:06.503356+00:00,136.3,50,bid,FlawlessFlatbreads,DiligentDonuts,7316531
2026-07-04T18:00:06.592969,2026-07-04T18:00:06.600703+00:00,136.3,47,bid,CostlyCorianders,DiligentDonuts,7316536
2026-07-04T18:00:07.111031,2026-07-04T18:00:07.120523+00:00,136.0,49,ask,EarnestEspressos,CostlyCorianders,7316543
2026-07-04T18:00:08.652494,2026-07-04T18:00:08.664159+00:00,136.1,50,ask,EarnestEspressos,FlawlessFlatbreads,7316567
2026-07-04T18:00:10.061838,2026-07-04T18:00:10.073568+00:00,136.1,46,ask,EarnestEspressos,CostlyCorianders,7316591
2026-07-04T18:00:10.663957,2026-07-04T18:00:10.675442+00:00,136.6,41,bid,CostlyCorianders,EarnestEspressos,7316599
2026-07-04T18:00:10.773115,2026-07-04T18:00:10.781592+00:00,136.1,50,ask,DiligentDonuts,FlawlessFlatbreads,7316601
2026-07-04T18:00:11.192934,2026-07-04T18:00:11.200232+00:00,136.1,45,ask,DiligentDonuts,CostlyCorianders,7316606
2026-07-04T18:00:12.337835,2026-07-04T18:00:12.347275+00:00,136.3,49,bid,CostlyCorianders,EarnestEspressos,7316614
2026-07-04T18:00:12.828774,2026-07-04T18:00:12.840508+00:00,136.3,50,bid,FlawlessFlatbreads,EarnestEspressos,7316624
2026-07-04T18:00:13.856224,2026-07-04T18:00:13.868147+00:00,136.3,45,bid,CostlyCorianders,EarnestEspressos,7316637
2026-07-04T18:00:16.346493,2026-07-04T18:00:16.357958+00:00,136.1,41,ask,EarnestEspressos,CostlyCorianders,7316679
2026-07-04T18:00:17.115963,2026-07-04T18:00:17.127385+00:00,136.1,50,ask,EarnestEspressos,FlawlessFlatbreads,7316686
2026-07-04T18:00:19.230432,2026-07-04T18:00:19.242213+00:00,136.1,50,ask,EarnestEspressos,FlawlessFlatbreads,7316715
2026-07-04T18:00:20.939646,2026-07-04T18:00:20.951478+00:00,136.2,43,bid,CostlyCorianders,EarnestEspressos,7316735
2026-07-04T18:00:21.336623,2026-07-04T18:00:21.347604+00:00,136.0,50,ask,DiligentDonuts,FlawlessFlatbreads,7316741
2026-07-04T18:00:23.442808,2026-07-04T18:00:23.463664+00:00,136.0,50,ask,EarnestEspressos,FlawlessFlatbreads,7316767
2026-07-04T18:00:23.925920,2026-07-04T18:00:23.937912+00:00,136.0,49,ask,EarnestEspressos,CostlyCorianders,7316776
2026-07-04T18:00:25.552160,2026-07-04T18:00:25.564192+00:00,136.0,50,ask,EarnestEspressos,FlawlessFlatbreads,7316802
2026-07-04T18:00:25.614609,2026-07-04T18:00:25.626266+00:00,136.0,1,ask,EarnestEspressos,CostlyCorianders,7316803
2026-07-04T18:00:25.614609,2026-07-04T18:00:25.626266+00:00,136.0,44,ask,DiligentDonuts,CostlyCorianders,7316804
2026-07-04T18:00:26.168571,2026-07-04T18:00:26.176309+00:00,136.5,45,bid,CostlyCorianders,EarnestEspressos,7316812
2026-07-04T18:00:26.643196,2026-07-04T18:00:26.652555+00:00,136.0,56,ask,DiligentDonuts,EarnestEspressos,7316817
2026-07-04T18:00:26.659538,2026-07-04T18:00:26.671117+00:00,135.9,3,bid,Xuanyu Liu,EarnestEspressos,7316818
2026-07-04T18:00:27.315450,2026-07-04T18:00:27.326987+00:00,135.9,46,bid,CostlyCorianders,EarnestEspressos,7316831
2026-07-04T18:00:29.722591,2026-07-04T18:00:29.734013+00:00,136.0,50,bid,FlawlessFlatbreads,DiligentDonuts,7316861
2026-07-04T18:00:30.256950,2026-07-04T18:00:30.269008+00:00,135.9,44,ask,EarnestEspressos,CostlyCorianders,7316866
2026-07-04T18:00:32.449810,2026-07-04T18:00:32.458560+00:00,135.9,47,ask,EarnestEspressos,CostlyCorianders,7316897
2026-07-04T18:00:33.023341,2026-07-04T18:00:33.034950+00:00,136.0,44,bid,CostlyCorianders,EarnestEspressos,7316905
2026-07-04T18:00:35.102379,2026-07-04T18:00:35.111493+00:00,135.8,43,ask,DiligentDonuts,CostlyCorianders,7316933
2026-07-04T18:00:36.058436,2026-07-04T18:00:36.069878+00:00,136.3,40,bid,CostlyCorianders,DiligentDonuts,7316947
2026-07-04T18:00:36.134657,2026-07-04T18:00:36.144226+00:00,135.8,50,ask,DiligentDonuts,FlawlessFlatbreads,7316948
2026-07-04T18:00:37.639825,2026-07-04T18:00:37.651694+00:00,136.2,44,bid,CostlyCorianders,EarnestEspressos,7316966
2026-07-04T18:00:38.190741,2026-07-04T18:00:38.202790+00:00,136.2,50,bid,FlawlessFlatbreads,EarnestEspressos,7316976
2026-07-04T18:00:39.248493,2026-07-04T18:00:39.257171+00:00,136.2,100,bid,EarnestEspressos,DiligentDonuts,7316998
2026-07-04T18:00:40.303080,2026-07-04T18:00:40.312272+00:00,136.8,50,bid,FlawlessFlatbreads,EarnestEspressos,7317011
2026-07-04T18:00:42.436044,2026-07-04T18:00:42.444787+00:00,136.6,50,bid,FlawlessFlatbreads,DiligentDonuts,7317037
2026-07-04T18:00:44.542551,2026-07-04T18:00:44.554083+00:00,136.6,50,bid,FlawlessFlatbreads,EarnestEspressos,7317077
2026-07-04T18:00:46.446888,2026-07-04T18:00:46.447874+00:00,136.2,44,ask,EarnestEspressos,CostlyCorianders,7317097
2026-07-04T18:00:48.172304,2026-07-04T18:00:48.180230+00:00,136.2,3,ask,EarnestEspressos,Xuanyu Liu,7317118
2026-07-04T18:00:48.811732,2026-07-04T18:00:48.823533+00:00,136.1,50,ask,DiligentDonuts,FlawlessFlatbreads,7317123
2026-07-04T18:00:50.145801,2026-07-04T18:00:50.158584+00:00,135.8,47,ask,EarnestEspressos,CostlyCorianders,7317144
2026-07-04T18:00:50.919835,2026-07-04T18:00:50.931644+00:00,135.8,50,ask,EarnestEspressos,FlawlessFlatbreads,7317154
2026-07-04T18:00:51.973606,2026-07-04T18:00:51.981388+00:00,136.0,3,bid,Xuanyu Liu,EarnestEspressos,7317173
2026-07-04T18:00:52.181791,2026-07-04T18:00:52.193078+00:00,136.0,40,bid,CostlyCorianders,EarnestEspressos,7317181
2026-07-04T18:00:52.687042,2026-07-04T18:00:52.698861+00:00,136.0,44,bid,CostlyCorianders,EarnestEspressos,7317189
2026-07-04T18:00:53.026803,2026-07-04T18:00:53.038495+00:00,135.8,50,ask,DiligentDonuts,FlawlessFlatbreads,7317197
2026-07-04T18:00:55.133215,2026-07-04T18:00:55.144849+00:00,135.8,50,ask,EarnestEspressos,FlawlessFlatbreads,7317233
2026-07-04T18:00:55.383074,2026-07-04T18:00:55.394794+00:00,135.8,48,ask,EarnestEspressos,CostlyCorianders,7317236
2026-07-04T18:00:56.451814,2026-07-04T18:00:56.463826+00:00,135.8,42,ask,EarnestEspressos,CostlyCorianders,7317255
2026-07-04T18:00:57.242219,2026-07-04T18:00:57.258821+00:00,135.8,10,ask,EarnestEspressos,FlawlessFlatbreads,7317269
2026-07-04T18:00:57.242219,2026-07-04T18:00:57.258821+00:00,135.5,40,ask,DiligentDonuts,FlawlessFlatbreads,7317270
2026-07-04T18:00:58.286734,2026-07-04T18:00:58.294341+00:00,135.5,60,ask,DiligentDonuts,EarnestEspressos,7317296
2026-07-04T18:00:58.584483,2026-07-04T18:00:58.593935+00:00,135.5,48,bid,CostlyCorianders,EarnestEspressos,7317299
2026-07-04T18:00:59.349465,2026-07-04T18:00:59.358594+00:00,135.0,50,ask,EarnestEspressos,FlawlessFlatbreads,7317309
2026-07-04T18:01:01.456250,2026-07-04T18:01:01.463647+00:00,135.1,50,ask,DiligentDonuts,FlawlessFlatbreads,7317343
2026-07-04T18:01:02.781937,2026-07-04T18:01:02.791015+00:00,135.0,3,bid,Xuanyu Liu,DiligentDonuts,7317358
2026-07-04T18:01:03.563107,2026-07-04T18:01:03.574760+00:00,134.9,50,ask,EarnestEspressos,FlawlessFlatbreads,7317374
2026-07-04T18:01:03.832711,2026-07-04T18:01:03.844480+00:00,135.0,49,bid,CostlyCorianders,DiligentDonuts,7317377
2026-07-04T18:01:05.671207,2026-07-04T18:01:05.682831+00:00,134.5,50,ask,DiligentDonuts,FlawlessFlatbreads,7317400
2026-07-04T18:01:05.777243,2026-07-04T18:01:05.787092+00:00,134.5,43,ask,DiligentDonuts,CostlyCorianders,7317403
2026-07-04T18:01:05.951916,2026-07-04T18:01:05.959944+00:00,134.8,11,bid,Xuanyu Liu,DiligentDonuts,7317407
2026-07-04T18:01:07.778481,2026-07-04T18:01:07.788229+00:00,134.3,50,ask,DiligentDonuts,FlawlessFlatbreads,7317431
2026-07-04T18:01:09.102804,2026-07-04T18:01:09.111481+00:00,134.6,12,bid,Xuanyu Liu,DiligentDonuts,7317453
2026-07-04T18:01:09.480677,2026-07-04T18:01:09.488827+00:00,134.6,11,bid,Xuanyu Liu,DiligentDonuts,7317461
2026-07-04T18:01:09.888688,2026-07-04T18:01:09.898350+00:00,134.3,50,ask,EarnestEspressos,FlawlessFlatbreads,7317468
2026-07-04T18:01:11.996390,2026-07-04T18:01:12.001443+00:00,134.2,50,ask,EarnestEspressos,FlawlessFlatbreads,7317503
2026-07-04T18:01:14.111917,2026-07-04T18:01:14.121391+00:00,134.5,12,bid,Xuanyu Liu,EarnestEspressos,7317533
2026-07-04T18:01:17.754636,2026-07-04T18:01:17.766588+00:00,134.4,43,bid,CostlyCorianders,EarnestEspressos,7317595
2026-07-04T18:01:18.312590,2026-07-04T18:01:18.335456+00:00,134.1,50,ask,DiligentDonuts,FlawlessFlatbreads,7317598
2026-07-04T18:01:18.676279,2026-07-04T18:01:18.688036+00:00,134.4,46,bid,CostlyCorianders,EarnestEspressos,7317605
2026-07-04T18:01:19.749235,2026-07-04T18:01:19.758535+00:00,133.9,41,ask,EarnestEspressos,CostlyCorianders,7317622
2026-07-04T18:01:23.809084,2026-07-04T18:01:23.814380+00:00,134.1,48,ask,EarnestEspressos,CostlyCorianders,7317684
2026-07-04T18:01:24.574566,2026-07-04T18:01:24.585212+00:00,134.4,50,bid,FlawlessFlatbreads,DiligentDonuts,7317696
2026-07-04T18:01:25.897992,2026-07-04T18:01:25.909222+00:00,134.6,46,bid,CostlyCorianders,EarnestEspressos,7317714
2026-07-04T18:01:26.681991,2026-07-04T18:01:26.693688+00:00,134.6,50,bid,FlawlessFlatbreads,DiligentDonuts,7317723
2026-07-04T18:01:28.787508,2026-07-04T18:01:28.798965+00:00,134.7,50,bid,FlawlessFlatbreads,EarnestEspressos,7317751
2026-07-04T18:01:29.455861,2026-07-04T18:01:29.458598+00:00,134.2,40,ask,EarnestEspressos,CostlyCorianders,7317768
2026-07-04T18:01:30.895908,2026-07-04T18:01:30.906957+00:00,134.7,50,bid,FlawlessFlatbreads,DiligentDonuts,7317782
2026-07-04T18:01:33.003431,2026-07-04T18:01:33.014846+00:00,135.0,50,bid,FlawlessFlatbreads,DiligentDonuts,7317818
2026-07-04T18:01:34.343063,2026-07-04T18:01:34.352814+00:00,134.8,100,bid,DiligentDonuts,EarnestEspressos,7317842
2026-07-04T18:01:34.390110,2026-07-04T18:01:34.398222+00:00,134.8,49,bid,CostlyCorianders,EarnestEspressos,7317844
2026-07-04T18:01:35.110374,2026-07-04T18:01:35.122506+00:00,134.8,1,bid,FlawlessFlatbreads,EarnestEspressos,7317849
2026-07-04T18:01:35.110374,2026-07-04T18:01:35.122506+00:00,135.3,49,bid,FlawlessFlatbreads,DiligentDonuts,7317850
2026-07-04T18:01:36.221091,2026-07-04T18:01:36.230694+00:00,134.9,35,ask,EarnestEspressos,Xuanyu Liu,7317875
2026-07-04T18:01:37.219705,2026-07-04T18:01:37.230892+00:00,135.3,50,bid,FlawlessFlatbreads,DiligentDonuts,7317887
2026-07-04T18:01:39.337275,2026-07-04T18:01:39.347887+00:00,135.3,50,bid,FlawlessFlatbreads,DiligentDonuts,7317919
2026-07-04T18:01:40.677878,2026-07-04T18:01:40.685067+00:00,135.0,11,ask,DiligentDonuts,Xuanyu Liu,7317933
2026-07-04T18:01:41.443677,2026-07-04T18:01:41.458655+00:00,135.3,50,bid,FlawlessFlatbreads,EarnestEspressos,7317948
2026-07-04T18:01:42.487998,2026-07-04T18:01:42.499584+00:00,135.0,47,ask,DiligentDonuts,CostlyCorianders,7317959
2026-07-04T18:01:43.282444,2026-07-04T18:01:43.290776+00:00,135.1,3,ask,EarnestEspressos,Xuanyu Liu,7317973
2026-07-04T18:01:43.550511,2026-07-04T18:01:43.557088+00:00,135.5,50,bid,FlawlessFlatbreads,DiligentDonuts,7317981
2026-07-04T18:01:45.657520,2026-07-04T18:01:45.669207+00:00,135.3,50,bid,FlawlessFlatbreads,DiligentDonuts,7318005
2026-07-04T18:01:46.747038,2026-07-04T18:01:46.756745+00:00,134.8,46,ask,DiligentDonuts,CostlyCorianders,7318026
2026-07-04T18:01:47.764051,2026-07-04T18:01:47.775732+00:00,135.2,50,bid,FlawlessFlatbreads,DiligentDonuts,7318042
2026-07-04T18:01:49.394219,2026-07-04T18:01:49.403233+00:00,134.7,48,ask,DiligentDonuts,CostlyCorianders,7318070
2026-07-04T18:01:49.874573,2026-07-04T18:01:49.886910+00:00,135.2,50,bid,FlawlessFlatbreads,DiligentDonuts,7318076
2026-07-04T18:01:50.001922,2026-07-04T18:01:50.011347+00:00,135.2,43,bid,CostlyCorianders,EarnestEspressos,7318077
2026-07-04T18:01:53.919992,2026-07-04T18:01:53.931993+00:00,135.1,48,bid,CostlyCorianders,DiligentDonuts,7318133
2026-07-04T18:01:54.139356,2026-07-04T18:01:54.158596+00:00,134.7,50,ask,EarnestEspressos,FlawlessFlatbreads,7318134
2026-07-04T18:01:55.950845,2026-07-04T18:01:55.962646+00:00,134.6,41,ask,DiligentDonuts,CostlyCorianders,7318163
2026-07-04T18:01:56.247453,2026-07-04T18:01:56.253966+00:00,134.6,50,ask,DiligentDonuts,FlawlessFlatbreads,7318169
2026-07-04T18:01:58.354405,2026-07-04T18:01:58.366404+00:00,134.4,50,ask,DiligentDonuts,FlawlessFlatbreads,7318189
2026-07-04T18:01:58.945874,2026-07-04T18:01:58.952901+00:00,134.9,41,bid,CostlyCorianders,DiligentDonuts,7318202
2026-07-04T18:02:00.462363,2026-07-04T18:02:00.474074+00:00,134.6,50,ask,EarnestEspressos,FlawlessFlatbreads,7318231
2026-07-04T18:02:02.570263,2026-07-04T18:02:02.582377+00:00,134.3,50,ask,DiligentDonuts,FlawlessFlatbreads,7318259
2026-07-04T18:02:04.549562,2026-07-04T18:02:04.556902+00:00,134.6,48,bid,CostlyCorianders,EarnestEspressos,7318293
2026-07-04T18:02:04.603089,2026-07-04T18:02:04.611406+00:00,134.1,46,ask,EarnestEspressos,CostlyCorianders,7318296
2026-07-04T18:02:06.783406,2026-07-04T18:02:06.795065+00:00,134.3,50,ask,EarnestEspressos,FlawlessFlatbreads,7318324
2026-07-04T18:02:08.892506,2026-07-04T18:02:08.904288+00:00,134.3,50,ask,DiligentDonuts,FlawlessFlatbreads,7318356
2026-07-04T18:02:09.557891,2026-07-04T18:02:09.569650+00:00,134.2,40,ask,EarnestEspressos,CostlyCorianders,7318371
2026-07-04T18:02:11.121633,2026-07-04T18:02:11.130206+00:00,134.3,3,bid,Xuanyu Liu,EarnestEspressos,7318390
2026-07-04T18:02:11.200753,2026-07-04T18:02:11.208421+00:00,134.3,44,bid,CostlyCorianders,EarnestEspressos,7318392
2026-07-04T18:02:12.680723,2026-07-04T18:02:12.692356+00:00,134.3,43,bid,CostlyCorianders,EarnestEspressos,7318404
2026-07-04T18:02:13.055552,2026-07-04T18:02:13.068750+00:00,134.3,50,bid,FlawlessFlatbreads,EarnestEspressos,7318412
2026-07-04T18:02:15.214075,2026-07-04T18:02:15.225650+00:00,134.4,50,ask,EarnestEspressos,FlawlessFlatbreads,7318446
2026-07-04T18:02:17.270116,2026-07-04T18:02:17.281765+00:00,134.6,50,bid,FlawlessFlatbreads,DiligentDonuts,7318479
2026-07-04T18:02:17.868926,2026-07-04T18:02:17.876976+00:00,134.4,44,ask,EarnestEspressos,CostlyCorianders,7318485
2026-07-04T18:02:19.377083,2026-07-04T18:02:19.387046+00:00,134.8,50,bid,FlawlessFlatbreads,DiligentDonuts,7318508
2026-07-04T18:02:21.494184,2026-07-04T18:02:21.507896+00:00,134.3,48,ask,DiligentDonuts,CostlyCorianders,7318541
2026-07-04T18:02:22.052397,2026-07-04T18:02:22.064124+00:00,134.5,40,bid,CostlyCorianders,EarnestEspressos,7318549
2026-07-04T18:02:22.565538,2026-07-04T18:02:22.577128+00:00,134.3,49,ask,DiligentDonuts,CostlyCorianders,7318554
2026-07-04T18:02:23.587459,2026-07-04T18:02:23.596675+00:00,134.5,50,bid,FlawlessFlatbreads,EarnestEspressos,7318572
2026-07-04T18:02:24.042008,2026-07-04T18:02:24.063647+00:00,134.8,47,bid,CostlyCorianders,DiligentDonuts,7318576
2026-07-04T18:02:25.684371,2026-07-04T18:02:25.695281+00:00,134.4,49,ask,DiligentDonuts,CostlyCorianders,7318597
2026-07-04T18:02:25.694754,2026-07-04T18:02:25.706293+00:00,134.8,50,bid,FlawlessFlatbreads,EarnestEspressos,7318598
2026-07-04T18:02:26.892191,2026-07-04T18:02:26.901037+00:00,134.8,3,ask,EarnestEspressos,Xuanyu Liu,7318619
2026-07-04T18:02:28.213845,2026-07-04T18:02:28.222851+00:00,134.8,100,ask,EarnestEspressos,DiligentDonuts,7318639
2026-07-04T18:02:29.905324,2026-07-04T18:02:29.912058+00:00,135.3,50,bid,FlawlessFlatbreads,EarnestEspressos,7318652
2026-07-04T18:02:32.077659,2026-07-04T18:02:32.089069+00:00,134.6,50,ask,EarnestEspressos,FlawlessFlatbreads,7318681
2026-07-04T18:02:33.527018,2026-07-04T18:02:33.538860+00:00,134.6,42,ask,DiligentDonuts,CostlyCorianders,7318707
2026-07-04T18:02:34.133192,2026-07-04T18:02:34.145112+00:00,134.8,50,bid,FlawlessFlatbreads,EarnestEspressos,7318713
2026-07-04T18:02:34.541671,2026-07-04T18:02:34.554233+00:00,134.8,47,bid,CostlyCorianders,EarnestEspressos,7318727
2026-07-04T18:02:36.374646,2026-07-04T18:02:36.381150+00:00,134.8,100,bid,EarnestEspressos,DiligentDonuts,7318749
2026-07-04T18:02:37.095328,2026-07-04T18:02:37.106829+00:00,134.9,46,ask,EarnestEspressos,CostlyCorianders,7318766
2026-07-04T18:02:38.384620,2026-07-04T18:02:38.392915+00:00,134.9,3,ask,EarnestEspressos,Xuanyu Liu,7318785
2026-07-04T18:02:38.448450,2026-07-04T18:02:38.458594+00:00,134.9,1,ask,EarnestEspressos,FlawlessFlatbreads,7318788
2026-07-04T18:02:38.448450,2026-07-04T18:02:38.458594+00:00,134.6,49,ask,DiligentDonuts,FlawlessFlatbreads,7318789
2026-07-04T18:02:39.255795,2026-07-04T18:02:39.267643+00:00,135.1,46,bid,CostlyCorianders,DiligentDonuts,7318804
2026-07-04T18:02:39.590829,2026-07-04T18:02:39.602415+00:00,134.6,51,ask,DiligentDonuts,EarnestEspressos,7318806
2026-07-04T18:02:39.603609,2026-07-04T18:02:39.612576+00:00,134.5,3,bid,Xuanyu Liu,EarnestEspressos,7318807
2026-07-04T18:02:40.370907,2026-07-04T18:02:40.380376+00:00,134.5,42,bid,CostlyCorianders,EarnestEspressos,7318821
2026-07-04T18:02:40.555035,2026-07-04T18:02:40.563628+00:00,134.0,50,ask,EarnestEspressos,FlawlessFlatbreads,7318825
2026-07-04T18:02:42.285674,2026-07-04T18:02:42.296472+00:00,134.4,46,ask,DiligentDonuts,CostlyCorianders,7318853
2026-07-04T18:02:42.675633,2026-07-04T18:02:42.689946+00:00,134.4,50,ask,DiligentDonuts,FlawlessFlatbreads,7318860
2026-07-04T18:02:45.821101,2026-07-04T18:02:45.832782+00:00,134.6,44,bid,CostlyCorianders,DiligentDonuts,7318905
2026-07-04T18:02:46.248647,2026-07-04T18:02:46.256111+00:00,134.6,3,bid,Xuanyu Liu,DiligentDonuts,7318914
2026-07-04T18:02:46.889894,2026-07-04T18:02:46.901385+00:00,134.3,50,ask,EarnestEspressos,FlawlessFlatbreads,7318918
2026-07-04T18:02:48.996730,2026-07-04T18:02:49.008380+00:00,134.5,50,ask,DiligentDonuts,FlawlessFlatbreads,7318941
2026-07-04T18:02:49.699392,2026-07-04T18:02:49.711033+00:00,134.5,43,ask,DiligentDonuts,CostlyCorianders,7318948
2026-07-04T18:02:51.053009,2026-07-04T18:02:51.064738+00:00,134.7,50,bid,FlawlessFlatbreads,EarnestEspressos,7318967
2026-07-04T18:02:51.801865,2026-07-04T18:02:51.813506+00:00,134.7,45,bid,CostlyCorianders,EarnestEspressos,7318976
2026-07-04T18:02:53.175122,2026-07-04T18:02:53.186837+00:00,134.8,50,bid,FlawlessFlatbreads,DiligentDonuts,7318998
2026-07-04T18:02:54.012063,2026-07-04T18:02:54.019610+00:00,134.3,47,ask,EarnestEspressos,CostlyCorianders,7319008
2026-07-04T18:02:54.584400,2026-07-04T18:02:54.591208+00:00,134.6,41,bid,CostlyCorianders,DiligentDonuts,7319012
2026-07-04T18:02:55.220938,2026-07-04T18:02:55.232373+00:00,134.3,42,ask,EarnestEspressos,CostlyCorianders,7319020
2026-07-04T18:02:55.332006,2026-07-04T18:02:55.343699+00:00,134.3,50,ask,EarnestEspressos,FlawlessFlatbreads,7319022
2026-07-04T18:02:56.331201,2026-07-04T18:02:56.338389+00:00,134.5,49,bid,CostlyCorianders,EarnestEspressos,7319038
2026-07-04T18:02:57.259417,2026-07-04T18:02:57.268234+00:00,134.5,11,bid,Xuanyu Liu,EarnestEspressos,7319052
2026-07-04T18:02:57.386847,2026-07-04T18:02:57.398620+00:00,134.5,50,bid,FlawlessFlatbreads,EarnestEspressos,7319054
2026-07-04T18:02:57.942231,2026-07-04T18:02:57.958575+00:00,134.5,40,bid,CostlyCorianders,EarnestEspressos,7319070
2026-07-04T18:02:59.039482,2026-07-04T18:02:59.046668+00:00,134.5,11,ask,EarnestEspressos,Xuanyu Liu,7319087
2026-07-04T18:02:59.494738,2026-07-04T18:02:59.504536+00:00,134.9,50,bid,FlawlessFlatbreads,DiligentDonuts,7319092
2026-07-04T18:03:00.848322,2026-07-04T18:03:00.857151+00:00,134.5,3,ask,EarnestEspressos,Xuanyu Liu,7319117
2026-07-04T18:03:00.893577,2026-07-04T18:03:00.904272+00:00,134.5,46,ask,EarnestEspressos,CostlyCorianders,7319122
2026-07-04T18:03:01.651417,2026-07-04T18:03:01.658576+00:00,134.5,50,ask,EarnestEspressos,FlawlessFlatbreads,7319137
2026-07-04T18:03:01.769344,2026-07-04T18:03:01.780022+00:00,134.4,100,ask,DiligentDonuts,EarnestEspressos,7319140
2026-07-04T18:03:02.084094,2026-07-04T18:03:02.091313+00:00,134.3,3,bid,Xuanyu Liu,EarnestEspressos,7319152
2026-07-04T18:03:03.022979,2026-07-04T18:03:03.032376+00:00,134.3,42,bid,CostlyCorianders,EarnestEspressos,7319167
2026-07-04T18:03:03.302743,2026-07-04T18:03:03.308077+00:00,134.3,5,bid,Xuanyu Liu,EarnestEspressos,7319176
2026-07-04T18:03:03.706857,2026-07-04T18:03:03.717925+00:00,134.4,50,bid,FlawlessFlatbreads,DiligentDonuts,7319178
2026-07-04T18:03:04.893793,2026-07-04T18:03:04.901746+00:00,134.3,8,ask,EarnestEspressos,Xuanyu Liu,7319195
2026-07-04T18:03:05.813939,2026-07-04T18:03:05.825734+00:00,134.4,50,bid,FlawlessFlatbreads,DiligentDonuts,7319208
2026-07-04T18:03:07.924574,2026-07-04T18:03:07.936285+00:00,134.8,50,bid,FlawlessFlatbreads,EarnestEspressos,7319255
2026-07-04T18:03:08.915182,2026-07-04T18:03:08.926794+00:00,134.3,40,ask,DiligentDonuts,CostlyCorianders,7319275
2026-07-04T18:03:10.009069,2026-07-04T18:03:10.020457+00:00,134.2,47,ask,EarnestEspressos,CostlyCorianders,7319294
2026-07-04T18:03:11.765304,2026-07-04T18:03:11.776455+00:00,134.3,3,ask,EarnestEspressos,Xuanyu Liu,7319314
2026-07-04T18:03:12.189161,2026-07-04T18:03:12.201047+00:00,134.3,50,ask,EarnestEspressos,FlawlessFlatbreads,7319330
2026-07-04T18:03:12.476294,2026-07-04T18:03:12.493693+00:00,134.3,97,ask,EarnestEspressos,DiligentDonuts,7319335
2026-07-04T18:03:12.485743,2026-07-04T18:03:12.493693+00:00,133.9,3,bid,Xuanyu Liu,DiligentDonuts,7319336
2026-07-04T18:03:14.301213,2026-07-04T18:03:14.311305+00:00,133.4,50,ask,DiligentDonuts,FlawlessFlatbreads,7319360
2026-07-04T18:03:15.584561,2026-07-04T18:03:15.596156+00:00,133.6,100,bid,DiligentDonuts,EarnestEspressos,7319380
2026-07-04T18:03:16.408133,2026-07-04T18:03:16.421037+00:00,133.1,50,ask,EarnestEspressos,FlawlessFlatbreads,7319391
2026-07-04T18:03:16.439820,2026-07-04T18:03:16.446808+00:00,133.6,3,bid,Xuanyu Liu,EarnestEspressos,7319394
2026-07-04T18:03:16.945595,2026-07-04T18:03:16.958586+00:00,133.6,44,bid,CostlyCorianders,EarnestEspressos,7319401
2026-07-04T18:03:18.096559,2026-07-04T18:03:18.108250+00:00,133.6,48,ask,EarnestEspressos,CostlyCorianders,7319422
2026-07-04T18:03:18.517863,2026-07-04T18:03:18.526369+00:00,133.6,50,ask,EarnestEspressos,FlawlessFlatbreads,7319428
2026-07-04T18:03:20.624054,2026-07-04T18:03:20.635596+00:00,133.6,50,ask,EarnestEspressos,FlawlessFlatbreads,7319455
2026-07-04T18:03:20.779176,2026-07-04T18:03:20.787250+00:00,133.5,11,bid,Xuanyu Liu,EarnestEspressos,7319458
2026-07-04T18:03:21.911569,2026-07-04T18:03:21.923244+00:00,133.5,100,bid,DiligentDonuts,EarnestEspressos,7319472
2026-07-04T18:03:22.691579,2026-07-04T18:03:22.699611+00:00,133.5,12,bid,Xuanyu Liu,EarnestEspressos,7319481
2026-07-04T18:03:22.738940,2026-07-04T18:03:22.750344+00:00,133.0,50,ask,EarnestEspressos,FlawlessFlatbreads,7319483
2026-07-04T18:03:23.309171,2026-07-04T18:03:23.316477+00:00,133.0,22,ask,EarnestEspressos,Zihao Wu,7319494
2026-07-04T18:03:24.438646,2026-07-04T18:03:24.459150+00:00,133.8,40,bid,CostlyCorianders,EarnestEspressos,7319507
2026-07-04T18:03:24.846721,2026-07-04T18:03:24.855921+00:00,133.3,50,ask,EarnestEspressos,FlawlessFlatbreads,7319513
2026-07-04T18:03:25.568036,2026-07-04T18:03:25.579507+00:00,133.5,42,bid,CostlyCorianders,DiligentDonuts,7319525
2026-07-04T18:03:26.190669,2026-07-04T18:03:26.202333+00:00,133.5,44,bid,CostlyCorianders,DiligentDonuts,7319530
2026-07-04T18:03:26.953005,2026-07-04T18:03:26.952957+00:00,133.3,50,ask,EarnestEspressos,FlawlessFlatbreads,7319542
2026-07-04T18:03:27.353965,2026-07-04T18:03:27.365474+00:00,133.0,47,ask,DiligentDonuts,CostlyCorianders,7319545
2026-07-04T18:03:27.540823,2026-07-04T18:03:27.549021+00:00,133.4,11,bid,Xuanyu Liu,EarnestEspressos,7319552
2026-07-04T18:03:29.063700,2026-07-04T18:03:29.068587+00:00,133.3,50,ask,DiligentDonuts,FlawlessFlatbreads,7319574
2026-07-04T18:03:30.820995,2026-07-04T18:03:30.832556+00:00,133.4,45,bid,CostlyCorianders,EarnestEspressos,7319601
2026-07-04T18:03:31.176245,2026-07-04T18:03:31.187764+00:00,133.3,50,ask,DiligentDonuts,FlawlessFlatbreads,7319607
2026-07-04T18:03:32.177570,2026-07-04T18:03:32.187615+00:00,133.3,12,bid,Xuanyu Liu,DiligentDonuts,7319612
2026-07-04T18:03:33.270084,2026-07-04T18:03:33.281508+00:00,132.9,43,ask,EarnestEspressos,CostlyCorianders,7319626
2026-07-04T18:03:33.283848,2026-07-04T18:03:33.295291+00:00,132.9,50,ask,EarnestEspressos,FlawlessFlatbreads,7319627
2026-07-04T18:03:33.417652,2026-07-04T18:03:33.427134+00:00,132.8,100,ask,DiligentDonuts,EarnestEspressos,7319628
2026-07-04T18:03:33.479502,2026-07-04T18:03:33.488679+00:00,132.8,22,bid,Xuanyu Liu,EarnestEspressos,7319629
2026-07-04T18:03:33.582309,2026-07-04T18:03:33.591957+00:00,132.8,12,bid,Xuanyu Liu,EarnestEspressos,7319634
2026-07-04T18:03:34.802233,2026-07-04T18:03:34.810036+00:00,132.8,11,bid,Xuanyu Liu,EarnestEspressos,7319649
2026-07-04T18:03:35.391566,2026-07-04T18:03:35.400701+00:00,132.5,50,ask,DiligentDonuts,FlawlessFlatbreads,7319658
2026-07-04T18:03:36.526270,2026-07-04T18:03:36.536867+00:00,133.0,100,bid,EarnestEspressos,DiligentDonuts,7319670
2026-07-04T18:03:36.588881,2026-07-04T18:03:36.596754+00:00,133.3,45,ask,EarnestEspressos,Xuanyu Liu,7319671
2026-07-04T18:03:38.416873,2026-07-04T18:03:38.423952+00:00,133.3,5,ask,EarnestEspressos,CostlyCorianders,7319706
2026-07-04T18:03:39.020828,2026-07-04T18:03:39.029217+00:00,133.4,43,bid,CostlyCorianders,DiligentDonuts,7319712
2026-07-04T18:03:40.130084,2026-07-04T18:03:40.142041+00:00,132.9,48,ask,DiligentDonuts,CostlyCorianders,7319725
2026-07-04T18:03:41.660615,2026-07-04T18:03:41.671242+00:00,133.2,50,bid,FlawlessFlatbreads,DiligentDonuts,7319760
2026-07-04T18:03:43.767955,2026-07-04T18:03:43.779592+00:00,133.2,50,bid,FlawlessFlatbreads,DiligentDonuts,7319793
2026-07-04T18:03:44.687090,2026-07-04T18:03:44.698683+00:00,133.0,40,ask,DiligentDonuts,CostlyCorianders,7319806
2026-07-04T18:03:45.707928,2026-07-04T18:03:45.719600+00:00,133.3,41,bid,CostlyCorianders,EarnestEspressos,7319817
2026-07-04T18:03:48.009555,2026-07-04T18:03:48.022793+00:00,133.3,50,bid,FlawlessFlatbreads,DiligentDonuts,7319851
2026-07-04T18:03:50.115895,2026-07-04T18:03:50.127585+00:00,133.3,50,bid,FlawlessFlatbreads,DiligentDonuts,7319875
2026-07-04T18:03:51.428412,2026-07-04T18:03:51.440198+00:00,133.5,42,bid,CostlyCorianders,EarnestEspressos,7319893
2026-07-04T18:03:52.225664,2026-07-04T18:03:52.237251+00:00,133.5,50,bid,FlawlessFlatbreads,EarnestEspressos,7319903
2026-07-04T18:03:56.499760,2026-07-04T18:03:56.509282+00:00,133.3,50,ask,DiligentDonuts,FlawlessFlatbreads,7319965
2026-07-04T18:03:58.554569,2026-07-04T18:03:58.558589+00:00,133.7,50,bid,FlawlessFlatbreads,DiligentDonuts,7319992
2026-07-04T18:03:59.616350,2026-07-04T18:03:59.622697+00:00,133.2,46,ask,DiligentDonuts,CostlyCorianders,7320007
2026-07-04T18:04:00.660543,2026-07-04T18:04:00.672255+00:00,133.6,50,bid,FlawlessFlatbreads,DiligentDonuts,7320021
2026-07-04T18:04:01.744760,2026-07-04T18:04:01.756308+00:00,133.2,44,ask,EarnestEspressos,CostlyCorianders,7320035
2026-07-04T18:04:02.767624,2026-07-04T18:04:02.778932+00:00,133.6,50,bid,FlawlessFlatbreads,DiligentDonuts,7320054
2026-07-04T18:04:03.059580,2026-07-04T18:04:03.069003+00:00,133.5,12,ask,DiligentDonuts,Xuanyu Liu,7320056
2026-07-04T18:04:03.824619,2026-07-04T18:04:03.834357+00:00,133.7,49,bid,CostlyCorianders,EarnestEspressos,7320066
2026-07-04T18:04:04.874718,2026-07-04T18:04:04.886272+00:00,133.7,50,bid,FlawlessFlatbreads,EarnestEspressos,7320083
2026-07-04T18:04:05.401927,2026-07-04T18:04:05.413793+00:00,133.5,46,ask,DiligentDonuts,CostlyCorianders,7320090
2026-07-04T18:04:06.046960,2026-07-04T18:04:06.055105+00:00,134.0,48,bid,CostlyCorianders,DiligentDonuts,7320101
2026-07-04T18:04:06.983704,2026-07-04T18:04:06.995438+00:00,133.9,50,bid,FlawlessFlatbreads,DiligentDonuts,7320108
2026-07-04T18:04:08.170233,2026-07-04T18:04:08.177614+00:00,133.6,11,ask,EarnestEspressos,Xuanyu Liu,7320120
2026-07-04T18:04:09.091152,2026-07-04T18:04:09.103153+00:00,133.9,50,bid,FlawlessFlatbreads,DiligentDonuts,7320131
2026-07-04T18:04:09.402600,2026-07-04T18:04:09.419870+00:00,133.9,12,ask,DiligentDonuts,Xuanyu Liu,7320137
2026-07-04T18:04:11.548497,2026-07-04T18:04:11.568949+00:00,134.2,43,bid,CostlyCorianders,EarnestEspressos,7320166
2026-07-04T18:04:12.859378,2026-07-04T18:04:12.867959+00:00,134.1,11,ask,DiligentDonuts,Xuanyu Liu,7320184
2026-07-04T18:04:14.966003,2026-07-04T18:04:14.977714+00:00,134.1,46,ask,DiligentDonuts,CostlyCorianders,7320218
2026-07-04T18:04:15.457732,2026-07-04T18:04:15.469366+00:00,134.1,43,ask,DiligentDonuts,FlawlessFlatbreads,7320225
2026-07-04T18:04:15.457732,2026-07-04T18:04:15.469366+00:00,134.0,7,ask,EarnestEspressos,FlawlessFlatbreads,7320226
2026-07-04T18:04:16.055485,2026-07-04T18:04:16.067238+00:00,134.3,46,bid,CostlyCorianders,DiligentDonuts,7320231
2026-07-04T18:04:17.098549,2026-07-04T18:04:17.110397+00:00,134.0,40,ask,EarnestEspressos,CostlyCorianders,7320243
2026-07-04T18:04:17.571117,2026-07-04T18:04:17.580541+00:00,134.0,50,ask,EarnestEspressos,FlawlessFlatbreads,7320246
2026-07-04T18:04:18.231699,2026-07-04T18:04:18.243287+00:00,133.8,46,ask,DiligentDonuts,CostlyCorianders,7320260
2026-07-04T18:04:21.782845,2026-07-04T18:04:21.792089+00:00,133.8,50,ask,EarnestEspressos,FlawlessFlatbreads,7320312
2026-07-04T18:04:23.838002,2026-07-04T18:04:23.844799+00:00,134.2,50,bid,FlawlessFlatbreads,DiligentDonuts,7320338
2026-07-04T18:04:25.945200,2026-07-04T18:04:25.956987+00:00,134.2,50,bid,FlawlessFlatbreads,EarnestEspressos,7320365
2026-07-04T18:04:27.754741,2026-07-04T18:04:27.763931+00:00,133.8,45,ask,DiligentDonuts,CostlyCorianders,7320392
2026-07-04T18:04:28.053440,2026-07-04T18:04:28.064963+00:00,134.2,50,bid,FlawlessFlatbreads,EarnestEspressos,7320396
2026-07-04T18:04:30.211619,2026-07-04T18:04:30.223648+00:00,133.7,50,ask,EarnestEspressos,FlawlessFlatbreads,7320423
2026-07-04T18:04:31.765685,2026-07-04T18:04:31.777194+00:00,133.6,40,ask,EarnestEspressos,CostlyCorianders,7320452
2026-07-04T18:04:32.326933,2026-07-04T18:04:32.336379+00:00,133.6,50,ask,EarnestEspressos,FlawlessFlatbreads,7320461
2026-07-04T18:04:35.308689,2026-07-04T18:04:35.316446+00:00,133.6,44,bid,CostlyCorianders,EarnestEspressos,7320499
2026-07-04T18:04:36.560687,2026-07-04T18:04:36.572157+00:00,133.3,50,ask,DiligentDonuts,FlawlessFlatbreads,7320515
2026-07-04T18:04:38.668391,2026-07-04T18:04:38.679963+00:00,133.2,50,ask,EarnestEspressos,FlawlessFlatbreads,7320550
2026-07-04T18:04:40.419506,2026-07-04T18:04:40.428773+00:00,133.4,11,bid,Xuanyu Liu,EarnestEspressos,7320571
2026-07-04T18:04:40.785933,2026-07-04T18:04:40.792610+00:00,133.1,50,ask,DiligentDonuts,FlawlessFlatbreads,7320579
2026-07-04T18:04:41.710967,2026-07-04T18:04:41.722634+00:00,133.4,48,bid,CostlyCorianders,EarnestEspressos,7320591
2026-07-04T18:04:42.840171,2026-07-04T18:04:42.847280+00:00,133.4,50,bid,FlawlessFlatbreads,EarnestEspressos,7320610
2026-07-04T18:04:42.963691,2026-07-04T18:04:42.971590+00:00,133.4,100,bid,EarnestEspressos,DiligentDonuts,7320611
2026-07-04T18:04:44.483000,2026-07-04T18:04:44.494501+00:00,133.4,48,ask,EarnestEspressos,CostlyCorianders,7320634
2026-07-04T18:04:44.975816,2026-07-04T18:04:44.984827+00:00,133.8,50,bid,FlawlessFlatbreads,DiligentDonuts,7320642
2026-07-04T18:04:45.974155,2026-07-04T18:04:45.986175+00:00,133.4,2,ask,EarnestEspressos,CostlyCorianders,7320657
2026-07-04T18:04:46.178340,2026-07-04T18:04:46.190526+00:00,133.3,100,ask,DiligentDonuts,EarnestEspressos,7320659
2026-07-04T18:04:46.191775,2026-07-04T18:04:46.199533+00:00,133.3,12,bid,Xuanyu Liu,EarnestEspressos,7320660
2026-07-04T18:04:47.015143,2026-07-04T18:04:47.024384+00:00,133.3,11,bid,Xuanyu Liu,EarnestEspressos,7320678
2026-07-04T18:04:47.081102,2026-07-04T18:04:47.092570+00:00,133.3,27,bid,FlawlessFlatbreads,EarnestEspressos,7320680
2026-07-04T18:04:47.081102,2026-07-04T18:04:47.092570+00:00,133.8,23,bid,FlawlessFlatbreads,DiligentDonuts,7320681
2026-07-04T18:04:49.189284,2026-07-04T18:04:49.201241+00:00,133.8,50,bid,FlawlessFlatbreads,DiligentDonuts,7320714
2026-07-04T18:04:49.395461,2026-07-04T18:04:49.403130+00:00,133.8,43,bid,CostlyCorianders,DiligentDonuts,7320719
2026-07-04T18:04:50.539979,2026-07-04T18:04:50.546644+00:00,133.5,11,ask,DiligentDonuts,Xuanyu Liu,7320737
2026-07-04T18:04:51.127382,2026-07-04T18:04:51.135359+00:00,133.5,12,ask,DiligentDonuts,Xuanyu Liu,7320742
2026-07-04T18:04:51.309329,2026-07-04T18:04:51.321058+00:00,133.9,50,bid,FlawlessFlatbreads,EarnestEspressos,7320746
2026-07-04T18:04:52.424095,2026-07-04T18:04:52.435565+00:00,133.5,48,ask,DiligentDonuts,CostlyCorianders,7320768
2026-07-04T18:04:53.470570,2026-07-04T18:04:53.480655+00:00,133.7,50,ask,EarnestEspressos,FlawlessFlatbreads,7320781
2026-07-04T18:04:53.483531,2026-07-04T18:04:53.495116+00:00,134.0,47,bid,CostlyCorianders,DiligentDonuts,7320782
2026-07-04T18:04:53.539012,2026-07-04T18:04:53.546655+00:00,133.7,11,ask,EarnestEspressos,Xuanyu Liu,7320783
2026-07-04T18:04:55.577455,2026-07-04T18:04:55.583856+00:00,133.4,50,ask,DiligentDonuts,FlawlessFlatbreads,7320807
2026-07-04T18:04:56.408391,2026-07-04T18:04:56.419302+00:00,133.4,45,ask,DiligentDonuts,CostlyCorianders,7320823
2026-07-04T18:04:57.705496,2026-07-04T18:04:57.720593+00:00,133.4,50,ask,EarnestEspressos,FlawlessFlatbreads,7320840
2026-07-04T18:04:57.795409,2026-07-04T18:04:57.806962+00:00,133.7,45,bid,CostlyCorianders,DiligentDonuts,7320843
2026-07-04T18:05:01.920621,2026-07-04T18:05:01.930104+00:00,133.2,50,ask,DiligentDonuts,FlawlessFlatbreads,7320895
2026-07-04T18:05:05.207778,2026-07-04T18:05:05.215689+00:00,133.3,44,ask,EarnestEspressos,CostlyCorianders,7320949
2026-07-04T18:05:06.179074,2026-07-04T18:05:06.185693+00:00,133.3,50,ask,EarnestEspressos,FlawlessFlatbreads,7320967
2026-07-04T18:05:06.712774,2026-07-04T18:05:06.721541+00:00,133.5,23,bid,Xuanyu Liu,DiligentDonuts,7320972
2026-07-04T18:05:08.284676,2026-07-04T18:05:08.296519+00:00,133.0,50,ask,DiligentDonuts,FlawlessFlatbreads,7320998
2026-07-04T18:05:08.333802,2026-07-04T18:05:08.343306+00:00,133.1,11,bid,Xuanyu Liu,EarnestEspressos,7320999
2026-07-04T18:05:10.401562,2026-07-04T18:05:10.415125+00:00,132.9,50,ask,DiligentDonuts,FlawlessFlatbreads,7321027
2026-07-04T18:05:12.507797,2026-07-04T18:05:12.519631+00:00,132.9,50,ask,DiligentDonuts,FlawlessFlatbreads,7321068
2026-07-04T18:05:14.567287,2026-07-04T18:05:14.576317+00:00,133.1,50,bid,FlawlessFlatbreads,DiligentDonuts,7321096
2026-07-04T18:05:16.684631,2026-07-04T18:05:16.696145+00:00,133.0,50,bid,FlawlessFlatbreads,EarnestEspressos,7321137
2026-07-04T18:05:17.203718,2026-07-04T18:05:17.215236+00:00,133.0,41,bid,CostlyCorianders,EarnestEspressos,7321145
2026-07-04T18:05:17.731648,2026-07-04T18:05:17.743223+00:00,132.6,47,ask,DiligentDonuts,CostlyCorianders,7321150
2026-07-04T18:05:20.248623,2026-07-04T18:05:20.256082+00:00,132.9,40,bid,CostlyCorianders,DiligentDonuts,7321196
2026-07-04T18:05:20.817729,2026-07-04T18:05:20.829546+00:00,132.8,48,ask,EarnestEspressos,CostlyCorianders,7321202
2026-07-04T18:05:20.899873,2026-07-04T18:05:20.908613+00:00,132.9,50,bid,FlawlessFlatbreads,DiligentDonuts,7321203
2026-07-04T18:05:23.006136,2026-07-04T18:05:23.017672+00:00,133.1,50,bid,FlawlessFlatbreads,DiligentDonuts,7321231
2026-07-04T18:05:24.535887,2026-07-04T18:05:24.547592+00:00,133.1,45,bid,CostlyCorianders,DiligentDonuts,7321254
2026-07-04T18:05:25.025496,2026-07-04T18:05:25.032313+00:00,133.1,5,bid,CostlyCorianders,DiligentDonuts,7321263
2026-07-04T18:05:25.025496,2026-07-04T18:05:25.037527+00:00,133.1,44,bid,CostlyCorianders,EarnestEspressos,7321264
2026-07-04T18:05:25.164815,2026-07-04T18:05:25.176266+00:00,132.6,50,ask,DiligentDonuts,FlawlessFlatbreads,7321266
2026-07-04T18:05:26.045762,2026-07-04T18:05:26.057281+00:00,132.9,43,ask,DiligentDonuts,CostlyCorianders,7321281
2026-07-04T18:05:28.404915,2026-07-04T18:05:28.414393+00:00,133.4,44,bid,CostlyCorianders,DiligentDonuts,7321311
2026-07-04T18:05:29.376337,2026-07-04T18:05:29.388183+00:00,132.9,50,ask,EarnestEspressos,FlawlessFlatbreads,7321341
2026-07-04T18:05:29.664328,2026-07-04T18:05:29.670739+00:00,132.9,47,ask,EarnestEspressos,CostlyCorianders,7321342
2026-07-04T18:05:30.191080,2026-07-04T18:05:30.203208+00:00,132.9,40,ask,EarnestEspressos,CostlyCorianders,7321349
2026-07-04T18:05:30.436348,2026-07-04T18:05:30.456893+00:00,132.8,100,ask,DiligentDonuts,EarnestEspressos,7321358
2026-07-04T18:05:30.448823,2026-07-04T18:05:30.456893+00:00,132.7,23,bid,Xuanyu Liu,EarnestEspressos,7321359
2026-07-04T18:05:31.637072,2026-07-04T18:05:31.644850+00:00,132.7,23,bid,Xuanyu Liu,EarnestEspressos,7321380
2026-07-04T18:05:31.822592,2026-07-04T18:05:31.834745+00:00,132.7,4,bid,Zihao Wu,EarnestEspressos,7321383
2026-07-04T18:05:32.251448,2026-07-04T18:05:32.249854+00:00,133.0,44,bid,CostlyCorianders,DiligentDonuts,7321386
2026-07-04T18:05:33.534781,2026-07-04T18:05:33.546351+00:00,133.0,50,bid,FlawlessFlatbreads,DiligentDonuts,7321411
2026-07-04T18:05:33.544689,2026-07-04T18:05:33.551615+00:00,133.0,6,bid,EarnestEspressos,DiligentDonuts,7321412
2026-07-04T18:05:33.612002,2026-07-04T18:05:33.622638+00:00,133.1,23,ask,EarnestEspressos,Xuanyu Liu,7321414
2026-07-04T18:05:35.640727,2026-07-04T18:05:35.648471+00:00,133.6,50,bid,FlawlessFlatbreads,EarnestEspressos,7321440
2026-07-04T18:05:36.348714,2026-07-04T18:05:36.355607+00:00,133.1,45,ask,EarnestEspressos,CostlyCorianders,7321454
2026-07-04T18:05:36.895310,2026-07-04T18:05:36.903245+00:00,133.1,11,ask,DiligentDonuts,Xuanyu Liu,7321458
2026-07-04T18:05:37.746638,2026-07-04T18:05:37.758736+00:00,133.5,50,bid,FlawlessFlatbreads,EarnestEspressos,7321471
2026-07-04T18:05:39.015146,2026-07-04T18:05:39.022356+00:00,133.5,44,bid,CostlyCorianders,EarnestEspressos,7321489
2026-07-04T18:05:39.881508,2026-07-04T18:05:39.889909+00:00,133.4,23,ask,EarnestEspressos,Xuanyu Liu,7321502
2026-07-04T18:05:39.905574,2026-07-04T18:05:39.917308+00:00,133.4,50,ask,EarnestEspressos,FlawlessFlatbreads,7321504
2026-07-04T18:05:41.961309,2026-07-04T18:05:41.968906+00:00,133.6,50,bid,FlawlessFlatbreads,DiligentDonuts,7321524
2026-07-04T18:05:43.566184,2026-07-04T18:05:43.578143+00:00,133.6,42,bid,CostlyCorianders,DiligentDonuts,7321545
2026-07-04T18:05:44.118309,2026-07-04T18:05:44.130057+00:00,133.1,50,ask,DiligentDonuts,FlawlessFlatbreads,7321555
2026-07-04T18:05:45.057329,2026-07-04T18:05:45.069195+00:00,133.3,41,ask,DiligentDonuts,CostlyCorianders,7321562
2026-07-04T18:05:46.226142,2026-07-04T18:05:46.237818+00:00,133.5,50,ask,EarnestEspressos,FlawlessFlatbreads,7321581
2026-07-04T18:05:47.762239,2026-07-04T18:05:47.773916+00:00,133.9,49,bid,CostlyCorianders,DiligentDonuts,7321598
2026-07-04T18:05:48.332014,2026-07-04T18:05:48.338854+00:00,133.5,50,ask,EarnestEspressos,FlawlessFlatbreads,7321602
2026-07-04T18:05:49.262503,2026-07-04T18:05:49.275938+00:00,133.5,43,ask,EarnestEspressos,CostlyCorianders,7321616
2026-07-04T18:05:49.413216,2026-07-04T18:05:49.424691+00:00,133.4,100,ask,DiligentDonuts,EarnestEspressos,7321619
2026-07-04T18:05:49.426062,2026-07-04T18:05:49.433225+00:00,133.4,11,bid,Xuanyu Liu,EarnestEspressos,7321622
2026-07-04T18:05:49.746516,2026-07-04T18:05:49.753813+00:00,133.4,23,bid,Xuanyu Liu,EarnestEspressos,7321630
2026-07-04T18:05:49.997371,2026-07-04T18:05:50.005523+00:00,133.4,11,bid,Xuanyu Liu,EarnestEspressos,7321640
2026-07-04T18:05:50.439026,2026-07-04T18:05:50.450847+00:00,132.9,50,ask,EarnestEspressos,FlawlessFlatbreads,7321643
2026-07-04T18:05:50.649777,2026-07-04T18:05:50.658590+00:00,133.4,5,bid,DiligentDonuts,EarnestEspressos,7321645
2026-07-04T18:05:50.984099,2026-07-04T18:05:50.992079+00:00,133.4,44,ask,DiligentDonuts,CostlyCorianders,7321653
2026-07-04T18:05:54.600643,2026-07-04T18:05:54.610316+00:00,133.9,50,bid,FlawlessFlatbreads,DiligentDonuts,7321715
2026-07-04T18:05:55.671789,2026-07-04T18:05:55.680947+00:00,133.4,22,ask,DiligentDonuts,Zihao Wu,7321738
2026-07-04T18:05:56.710407,2026-07-04T18:05:56.722264+00:00,133.9,50,bid,FlawlessFlatbreads,DiligentDonuts,7321757
2026-07-04T18:05:57.004555,2026-07-04T18:05:57.012821+00:00,133.9,11,ask,DiligentDonuts,Xuanyu Liu,7321761
2026-07-04T18:05:57.159896,2026-07-04T18:05:57.171820+00:00,134.2,47,bid,CostlyCorianders,EarnestEspressos,7321765
2026-07-04T18:05:57.636252,2026-07-04T18:05:57.647629+00:00,133.9,45,ask,DiligentDonuts,CostlyCorianders,7321773
2026-07-04T18:05:58.823977,2026-07-04T18:05:58.839331+00:00,134.4,50,bid,FlawlessFlatbreads,DiligentDonuts,7321786
2026-07-04T18:05:59.181255,2026-07-04T18:05:59.190873+00:00,134.0,11,ask,EarnestEspressos,Xuanyu Liu,7321800
2026-07-04T18:06:00.983732,2026-07-04T18:06:00.995233+00:00,134.0,50,ask,EarnestEspressos,FlawlessFlatbreads,7321828
2026-07-04T18:06:01.325013,2026-07-04T18:06:01.333830+00:00,134.0,12,ask,EarnestEspressos,Xuanyu Liu,7321837
2026-07-04T18:06:02.297460,2026-07-04T18:06:02.308343+00:00,134.2,48,bid,CostlyCorianders,EarnestEspressos,7321856
2026-07-04T18:06:03.052586,2026-07-04T18:06:03.063724+00:00,134.2,50,bid,FlawlessFlatbreads,EarnestEspressos,7321862
2026-07-04T18:06:07.320728,2026-07-04T18:06:07.328491+00:00,134.1,50,ask,EarnestEspressos,FlawlessFlatbreads,7321937
2026-07-04T18:06:09.342935,2026-07-04T18:06:09.354383+00:00,134.5,45,bid,CostlyCorianders,DiligentDonuts,7321975
2026-07-04T18:06:09.376559,2026-07-04T18:06:09.388105+00:00,134.5,50,bid,FlawlessFlatbreads,DiligentDonuts,7321976
2026-07-04T18:06:09.633914,2026-07-04T18:06:09.642108+00:00,134.4,11,ask,DiligentDonuts,Xuanyu Liu,7321979
2026-07-04T18:06:13.595047,2026-07-04T18:06:13.603752+00:00,134.8,50,bid,FlawlessFlatbreads,EarnestEspressos,7322056
2026-07-04T18:06:14.685984,2026-07-04T18:06:14.698124+00:00,134.5,47,ask,DiligentDonuts,CostlyCorianders,7322072
2026-07-04T18:06:14.759622,2026-07-04T18:06:14.767836+00:00,134.6,12,ask,EarnestEspressos,Xuanyu Liu,7322073
2026-07-04T18:06:15.171043,2026-07-04T18:06:15.179242+00:00,134.6,11,ask,EarnestEspressos,Xuanyu Liu,7322076
2026-07-04T18:06:17.817491,2026-07-04T18:06:17.829017+00:00,134.7,50,bid,FlawlessFlatbreads,DiligentDonuts,7322111
2026-07-04T18:06:19.974304,2026-07-04T18:06:19.985917+00:00,134.5,50,ask,DiligentDonuts,FlawlessFlatbreads,7322141
2026-07-04T18:06:20.284456,2026-07-04T18:06:20.296045+00:00,134.5,48,ask,DiligentDonuts,CostlyCorianders,7322149
2026-07-04T18:06:22.081082,2026-07-04T18:06:22.090291+00:00,134.5,2,ask,DiligentDonuts,FlawlessFlatbreads,7322173
2026-07-04T18:06:22.081082,2026-07-04T18:06:22.090291+00:00,134.5,48,ask,EarnestEspressos,FlawlessFlatbreads,7322174
2026-07-04T18:06:23.435870,2026-07-04T18:06:23.438271+00:00,134.5,47,ask,EarnestEspressos,CostlyCorianders,7322192
2026-07-04T18:06:24.188259,2026-07-04T18:06:24.199678+00:00,134.2,50,ask,DiligentDonuts,FlawlessFlatbreads,7322202
2026-07-04T18:06:26.243601,2026-07-04T18:06:26.258593+00:00,134.6,50,bid,FlawlessFlatbreads,EarnestEspressos,7322234
2026-07-04T18:06:27.675305,2026-07-04T18:06:27.682986+00:00,134.6,41,bid,CostlyCorianders,DiligentDonuts,7322249
2026-07-04T18:06:27.933308,2026-07-04T18:06:27.941732+00:00,134.6,11,bid,Xuanyu Liu,DiligentDonuts,7322250
2026-07-04T18:06:28.350018,2026-07-04T18:06:28.358557+00:00,134.6,48,bid,FlawlessFlatbreads,DiligentDonuts,7322260
2026-07-04T18:06:28.350018,2026-07-04T18:06:28.358557+00:00,134.9,2,bid,FlawlessFlatbreads,EarnestEspressos,7322261
2026-07-04T18:06:29.906261,2026-07-04T18:06:29.917928+00:00,134.9,47,bid,CostlyCorianders,EarnestEspressos,7322286
2026-07-04T18:06:30.387612,2026-07-04T18:06:30.399424+00:00,134.9,41,bid,CostlyCorianders,EarnestEspressos,7322292
2026-07-04T18:06:30.456791,2026-07-04T18:06:30.468652+00:00,134.9,50,bid,FlawlessFlatbreads,EarnestEspressos,7322295
2026-07-04T18:06:30.565170,2026-07-04T18:06:30.573612+00:00,135.0,100,bid,EarnestEspressos,DiligentDonuts,7322297
2026-07-04T18:06:30.628450,2026-07-04T18:06:30.637306+00:00,135.0,14,ask,EarnestEspressos,Xuanyu Liu,7322298
2026-07-04T18:06:32.566215,2026-07-04T18:06:32.577947+00:00,135.3,50,bid,FlawlessFlatbreads,DiligentDonuts,7322324
2026-07-04T18:06:34.266913,2026-07-04T18:06:34.278430+00:00,134.8,49,ask,DiligentDonuts,CostlyCorianders,7322351
2026-07-04T18:06:34.724644,2026-07-04T18:06:34.735588+00:00,134.8,50,ask,DiligentDonuts,FlawlessFlatbreads,7322356
2026-07-04T18:06:35.268519,2026-07-04T18:06:35.280240+00:00,134.5,42,ask,EarnestEspressos,CostlyCorianders,7322363
2026-07-04T18:06:35.873575,2026-07-04T18:06:35.885601+00:00,135.0,43,bid,CostlyCorianders,EarnestEspressos,7322368
2026-07-04T18:06:36.779275,2026-07-04T18:06:36.786043+00:00,135.0,50,bid,FlawlessFlatbreads,EarnestEspressos,7322384
2026-07-04T18:06:38.885736,2026-07-04T18:06:38.897451+00:00,135.1,50,bid,FlawlessFlatbreads,DiligentDonuts,7322406
2026-07-04T18:06:40.991054,2026-07-04T18:06:40.999207+00:00,135.1,50,bid,FlawlessFlatbreads,DiligentDonuts,7322444
2026-07-04T18:06:43.096633,2026-07-04T18:06:43.108372+00:00,135.2,50,bid,FlawlessFlatbreads,EarnestEspressos,7322469
2026-07-04T18:06:43.794239,2026-07-04T18:06:43.806518+00:00,135.1,3,ask,DiligentDonuts,Xuanyu Liu,7322478
2026-07-04T18:06:45.204472,2026-07-04T18:06:45.214426+00:00,135.3,50,bid,FlawlessFlatbreads,DiligentDonuts,7322498
2026-07-04T18:06:49.397057,2026-07-04T18:06:49.408476+00:00,135.2,44,ask,DiligentDonuts,CostlyCorianders,7322556
2026-07-04T18:06:49.416773,2026-07-04T18:06:49.428671+00:00,135.5,50,bid,FlawlessFlatbreads,EarnestEspressos,7322557
2026-07-04T18:06:51.516541,2026-07-04T18:06:51.524808+00:00,135.7,44,bid,CostlyCorianders,EarnestEspressos,7322584
2026-07-04T18:06:51.522951,2026-07-04T18:06:51.530110+00:00,135.7,50,bid,FlawlessFlatbreads,EarnestEspressos,7322585
2026-07-04T18:06:51.573704,2026-07-04T18:06:51.582625+00:00,135.3,46,ask,DiligentDonuts,CostlyCorianders,7322588
2026-07-04T18:06:52.729609,2026-07-04T18:06:52.741368+00:00,135.8,100,bid,EarnestEspressos,DiligentDonuts,7322608
2026-07-04T18:06:52.738567,2026-07-04T18:06:52.746710+00:00,135.8,44,ask,EarnestEspressos,CostlyCorianders,7322609
2026-07-04T18:06:52.796401,2026-07-04T18:06:52.806091+00:00,135.8,6,ask,EarnestEspressos,Xuanyu Liu,7322611
2026-07-04T18:06:53.681727,2026-07-04T18:06:53.691443+00:00,135.3,50,ask,DiligentDonuts,FlawlessFlatbreads,7322624
2026-07-04T18:06:55.812316,2026-07-04T18:06:55.824298+00:00,135.3,50,ask,DiligentDonuts,FlawlessFlatbreads,7322651
2026-07-04T18:06:57.869112,2026-07-04T18:06:57.880902+00:00,135.7,50,bid,FlawlessFlatbreads,EarnestEspressos,7322699
2026-07-04T18:06:59.060704,2026-07-04T18:06:59.068746+00:00,135.7,100,bid,EarnestEspressos,DiligentDonuts,7322710
2026-07-04T18:07:00.027996,2026-07-04T18:07:00.039663+00:00,135.7,50,ask,EarnestEspressos,FlawlessFlatbreads,7322721
2026-07-04T18:07:01.100080,2026-07-04T18:07:01.109832+00:00,136.2,42,bid,CostlyCorianders,EarnestEspressos,7322739
2026-07-04T18:07:02.083283,2026-07-04T18:07:02.095066+00:00,136.2,50,bid,FlawlessFlatbreads,EarnestEspressos,7322754
2026-07-04T18:07:02.564893,2026-07-04T18:07:02.576572+00:00,135.9,46,bid,CostlyCorianders,EarnestEspressos,7322762
2026-07-04T18:07:04.241827,2026-07-04T18:07:04.253267+00:00,135.7,50,ask,DiligentDonuts,FlawlessFlatbreads,7322788
2026-07-04T18:07:06.348831,2026-07-04T18:07:06.355315+00:00,135.7,50,ask,DiligentDonuts,FlawlessFlatbreads,7322810
2026-07-04T18:07:08.474893,2026-07-04T18:07:08.484908+00:00,135.5,50,ask,EarnestEspressos,FlawlessFlatbreads,7322829
2026-07-04T18:07:09.104919,2026-07-04T18:07:09.116548+00:00,135.5,43,ask,DiligentDonuts,CostlyCorianders,7322836
2026-07-04T18:07:12.686789,2026-07-04T18:07:12.698528+00:00,135.4,50,ask,DiligentDonuts,FlawlessFlatbreads,7322882
2026-07-04T18:07:13.841515,2026-07-04T18:07:13.853378+00:00,135.8,47,bid,CostlyCorianders,DiligentDonuts,7322895
2026-07-04T18:07:14.743334,2026-07-04T18:07:14.755405+00:00,135.8,50,bid,FlawlessFlatbreads,DiligentDonuts,7322909
2026-07-04T18:07:15.285167,2026-07-04T18:07:15.292479+00:00,135.8,3,bid,Xuanyu Liu,DiligentDonuts,7322916
2026-07-04T18:07:16.852183,2026-07-04T18:07:16.862064+00:00,136.0,50,bid,FlawlessFlatbreads,EarnestEspressos,7322947
2026-07-04T18:07:18.957824,2026-07-04T18:07:18.969323+00:00,136.2,50,bid,FlawlessFlatbreads,DiligentDonuts,7322974
2026-07-04T18:07:21.116061,2026-07-04T18:07:21.125952+00:00,135.8,50,ask,DiligentDonuts,FlawlessFlatbreads,7323016
2026-07-04T18:07:23.221301,2026-07-04T18:07:23.233139+00:00,135.7,50,ask,DiligentDonuts,FlawlessFlatbreads,7323045
2026-07-04T18:07:23.392900,2026-07-04T18:07:23.404445+00:00,135.7,41,ask,DiligentDonuts,CostlyCorianders,7323047
2026-07-04T18:07:25.328623,2026-07-04T18:07:25.338055+00:00,135.7,9,ask,DiligentDonuts,FlawlessFlatbreads,7323077
2026-07-04T18:07:25.328623,2026-07-04T18:07:25.338055+00:00,135.6,41,ask,EarnestEspressos,FlawlessFlatbreads,7323078
2026-07-04T18:07:26.239306,2026-07-04T18:07:26.258756+00:00,135.8,40,bid,CostlyCorianders,DiligentDonuts,7323091
2026-07-04T18:07:26.294481,2026-07-04T18:07:26.306360+00:00,135.6,46,ask,EarnestEspressos,CostlyCorianders,7323092
2026-07-04T18:07:27.384760,2026-07-04T18:07:27.392329+00:00,135.8,50,bid,FlawlessFlatbreads,DiligentDonuts,7323107
2026-07-04T18:07:28.395328,2026-07-04T18:07:28.402582+00:00,135.8,3,bid,Xuanyu Liu,DiligentDonuts,7323120
2026-07-04T18:07:29.930828,2026-07-04T18:07:29.942873+00:00,135.9,47,bid,CostlyCorianders,EarnestEspressos,7323137
2026-07-04T18:07:32.132336,2026-07-04T18:07:32.138805+00:00,135.5,42,ask,EarnestEspressos,CostlyCorianders,7323166
2026-07-04T18:07:33.748245,2026-07-04T18:07:33.758570+00:00,135.5,50,ask,EarnestEspressos,FlawlessFlatbreads,7323190
2026-07-04T18:07:33.911888,2026-07-04T18:07:33.921935+00:00,135.6,3,bid,Xuanyu Liu,EarnestEspressos,7323194
2026-07-04T18:07:34.985324,2026-07-04T18:07:34.997151+00:00,135.6,100,bid,DiligentDonuts,EarnestEspressos,7323224
2026-07-04T18:07:35.865436,2026-07-04T18:07:35.877148+00:00,135.1,50,ask,EarnestEspressos,FlawlessFlatbreads,7323242
2026-07-04T18:07:37.207444,2026-07-04T18:07:37.215511+00:00,135.4,45,ask,EarnestEspressos,CostlyCorianders,7323269
2026-07-04T18:07:37.971706,2026-07-04T18:07:37.983070+00:00,135.4,50,ask,EarnestEspressos,FlawlessFlatbreads,7323286
2026-07-04T18:07:40.077794,2026-07-04T18:07:40.089367+00:00,135.4,50,ask,EarnestEspressos,FlawlessFlatbreads,7323315
2026-07-04T18:07:41.426492,2026-07-04T18:07:41.437063+00:00,135.3,45,bid,CostlyCorianders,EarnestEspressos,7323337
2026-07-04T18:07:42.188184,2026-07-04T18:07:42.198420+00:00,135.0,50,ask,DiligentDonuts,FlawlessFlatbreads,7323350
2026-07-04T18:07:42.974909,2026-07-04T18:07:42.984709+00:00,135.3,46,bid,CostlyCorianders,EarnestEspressos,7323362
2026-07-04T18:07:44.306252,2026-07-04T18:07:44.318091+00:00,135.1,50,ask,EarnestEspressos,FlawlessFlatbreads,7323385
2026-07-04T18:07:46.414200,2026-07-04T18:07:46.426079+00:00,135.1,50,ask,EarnestEspressos,FlawlessFlatbreads,7323427
2026-07-04T18:07:46.590346,2026-07-04T18:07:46.599825+00:00,135.1,3,bid,Xuanyu Liu,EarnestEspressos,7323429
2026-07-04T18:07:48.521023,2026-07-04T18:07:48.532682+00:00,134.8,50,ask,DiligentDonuts,FlawlessFlatbreads,7323456
2026-07-04T18:07:50.578598,2026-07-04T18:07:50.590308+00:00,135.0,49,bid,CostlyCorianders,EarnestEspressos,7323477
2026-07-04T18:07:50.629054,2026-07-04T18:07:50.641078+00:00,134.8,50,ask,DiligentDonuts,FlawlessFlatbreads,7323478
2026-07-04T18:07:52.747554,2026-07-04T18:07:52.758661+00:00,134.5,50,ask,EarnestEspressos,FlawlessFlatbreads,7323507
2026-07-04T18:07:54.853376,2026-07-04T18:07:54.865116+00:00,134.4,50,ask,EarnestEspressos,FlawlessFlatbreads,7323548
2026-07-04T18:07:56.109238,2026-07-04T18:07:56.118323+00:00,134.7,23,bid,Xuanyu Liu,EarnestEspressos,7323563
2026-07-04T18:07:56.354925,2026-07-04T18:07:56.358555+00:00,134.4,42,ask,DiligentDonuts,CostlyCorianders,7323567
2026-07-04T18:07:56.961225,2026-07-04T18:07:56.973183+00:00,134.4,50,ask,DiligentDonuts,FlawlessFlatbreads,7323570
2026-07-04T18:07:57.581887,2026-07-04T18:07:57.594683+00:00,134.7,11,bid,Xuanyu Liu,EarnestEspressos,7323581
2026-07-04T18:07:58.852106,2026-07-04T18:07:58.858610+00:00,134.7,45,bid,CostlyCorianders,EarnestEspressos,7323592
2026-07-04T18:07:59.068699,2026-07-04T18:07:59.080576+00:00,134.2,50,ask,EarnestEspressos,FlawlessFlatbreads,7323596
2026-07-04T18:08:01.133483,2026-07-04T18:08:01.142790+00:00,134.6,50,bid,FlawlessFlatbreads,DiligentDonuts,7323618
2026-07-04T18:08:02.842308,2026-07-04T18:08:02.854243+00:00,134.2,48,ask,EarnestEspressos,CostlyCorianders,7323649
2026-07-04T18:08:03.240547,2026-07-04T18:08:03.258579+00:00,134.6,50,bid,FlawlessFlatbreads,DiligentDonuts,7323657
2026-07-04T18:08:05.350094,2026-07-04T18:08:05.354289+00:00,134.7,50,bid,FlawlessFlatbreads,EarnestEspressos,7323679
2026-07-04T18:08:06.433056,2026-07-04T18:08:06.444740+00:00,134.8,47,bid,CostlyCorianders,EarnestEspressos,7323702
2026-07-04T18:08:09.596447,2026-07-04T18:08:09.607136+00:00,134.8,50,bid,FlawlessFlatbreads,DiligentDonuts,7323744
2026-07-04T18:08:10.306497,2026-07-04T18:08:10.317283+00:00,134.7,47,ask,DiligentDonuts,CostlyCorianders,7323756
2026-07-04T18:08:11.709526,2026-07-04T18:08:11.758633+00:00,134.9,50,bid,FlawlessFlatbreads,EarnestEspressos,7323777
2026-07-04T18:08:11.964900,2026-07-04T18:08:11.975731+00:00,135.0,11,ask,EarnestEspressos,Xuanyu Liu,7323779
2026-07-04T18:08:12.961124,2026-07-04T18:08:12.972864+00:00,135.0,49,ask,EarnestEspressos,CostlyCorianders,7323790
2026-07-04T18:08:12.984209,2026-07-04T18:08:12.994661+00:00,135.0,26,ask,EarnestEspressos,Xuanyu Liu,7323791
2026-07-04T18:08:13.832577,2026-07-04T18:08:13.844198+00:00,135.1,50,bid,FlawlessFlatbreads,DiligentDonuts,7323807
2026-07-04T18:08:15.939286,2026-07-04T18:08:15.949806+00:00,135.0,50,bid,FlawlessFlatbreads,EarnestEspressos,7323832
2026-07-04T18:08:16.075481,2026-07-04T18:08:16.087145+00:00,134.5,40,ask,EarnestEspressos,CostlyCorianders,7323834
2026-07-04T18:08:16.912972,2026-07-04T18:08:16.922180+00:00,135.0,14,bid,Xuanyu Liu,EarnestEspressos,7323854
2026-07-04T18:08:18.100230,2026-07-04T18:08:18.112059+00:00,134.6,50,ask,DiligentDonuts,FlawlessFlatbreads,7323869
2026-07-04T18:08:20.207865,2026-07-04T18:08:20.219775+00:00,134.8,50,ask,EarnestEspressos,FlawlessFlatbreads,7323886
2026-07-04T18:08:20.384276,2026-07-04T18:08:20.395969+00:00,135.0,43,bid,CostlyCorianders,DiligentDonuts,7323888
2026-07-04T18:08:20.971256,2026-07-04T18:08:20.982821+00:00,135.0,44,bid,CostlyCorianders,DiligentDonuts,7323892
2026-07-04T18:08:21.447110,2026-07-04T18:08:21.453525+00:00,134.5,44,ask,DiligentDonuts,CostlyCorianders,7323904
2026-07-04T18:08:22.317391,2026-07-04T18:08:22.325434+00:00,134.5,50,ask,DiligentDonuts,FlawlessFlatbreads,7323911
2026-07-04T18:08:22.960840,2026-07-04T18:08:22.968624+00:00,134.9,47,bid,CostlyCorianders,DiligentDonuts,7323920
2026-07-04T18:08:24.764457,2026-07-04T18:08:24.774413+00:00,134.9,12,bid,Xuanyu Liu,DiligentDonuts,7323939
2026-07-04T18:08:25.593752,2026-07-04T18:08:25.605276+00:00,134.8,47,ask,DiligentDonuts,CostlyCorianders,7323955
2026-07-04T18:08:27.305472,2026-07-04T18:08:27.317054+00:00,135.0,49,bid,CostlyCorianders,EarnestEspressos,7323980
2026-07-04T18:08:29.003490,2026-07-04T18:08:29.015519+00:00,134.9,45,ask,EarnestEspressos,CostlyCorianders,7324006
2026-07-04T18:08:31.644973,2026-07-04T18:08:31.652040+00:00,134.8,44,ask,DiligentDonuts,CostlyCorianders,7324052
2026-07-04T18:08:32.816796,2026-07-04T18:08:32.828418+00:00,135.1,50,bid,FlawlessFlatbreads,DiligentDonuts,7324065
2026-07-04T18:08:33.925652,2026-07-04T18:08:33.936450+00:00,135.1,46,bid,CostlyCorianders,DiligentDonuts,7324078
2026-07-04T18:08:34.925658,2026-07-04T18:08:34.933873+00:00,135.1,4,bid,FlawlessFlatbreads,DiligentDonuts,7324103
2026-07-04T18:08:34.925658,2026-07-04T18:08:34.933873+00:00,135.2,46,bid,FlawlessFlatbreads,EarnestEspressos,7324104
2026-07-04T18:08:35.156991,2026-07-04T18:08:35.168759+00:00,135.0,43,ask,DiligentDonuts,CostlyCorianders,7324107
2026-07-04T18:08:36.754052,2026-07-04T18:08:36.763808+00:00,135.2,49,bid,CostlyCorianders,EarnestEspressos,7324142
2026-07-04T18:08:37.065086,2026-07-04T18:08:37.076539+00:00,135.2,50,bid,FlawlessFlatbreads,EarnestEspressos,7324146
2026-07-04T18:08:37.224993,2026-07-04T18:08:37.236561+00:00,135.4,23,ask,EarnestEspressos,Xuanyu Liu,7324148
2026-07-04T18:08:37.712185,2026-07-04T18:08:37.723789+00:00,135.4,42,ask,EarnestEspressos,CostlyCorianders,7324162
2026-07-04T18:08:39.180145,2026-07-04T18:08:39.185101+00:00,135.6,50,bid,FlawlessFlatbreads,DiligentDonuts,7324177
2026-07-04T18:08:39.691091,2026-07-04T18:08:39.699838+00:00,135.6,47,bid,CostlyCorianders,DiligentDonuts,7324185
2026-07-04T18:08:40.285567,2026-07-04T18:08:40.297216+00:00,135.4,40,ask,EarnestEspressos,CostlyCorianders,7324190
2026-07-04T18:08:40.775225,2026-07-04T18:08:40.787117+00:00,135.6,3,bid,CostlyCorianders,DiligentDonuts,7324196
2026-07-04T18:08:40.775225,2026-07-04T18:08:40.787117+00:00,135.7,46,bid,CostlyCorianders,EarnestEspressos,7324197
2026-07-04T18:08:41.311080,2026-07-04T18:08:41.323008+00:00,135.7,50,bid,FlawlessFlatbreads,EarnestEspressos,7324201
2026-07-04T18:08:43.419062,2026-07-04T18:08:43.430698+00:00,135.7,50,bid,FlawlessFlatbreads,EarnestEspressos,7324237
2026-07-04T18:08:43.556782,2026-07-04T18:08:43.563606+00:00,135.8,100,bid,EarnestEspressos,DiligentDonuts,7324239
2026-07-04T18:08:43.619740,2026-07-04T18:08:43.629354+00:00,135.8,3,ask,EarnestEspressos,Xuanyu Liu,7324241
2026-07-04T18:08:45.553565,2026-07-04T18:08:45.565002+00:00,136.1,50,bid,FlawlessFlatbreads,DiligentDonuts,7324269
2026-07-04T18:08:47.660339,2026-07-04T18:08:47.671842+00:00,135.9,50,bid,FlawlessFlatbreads,EarnestEspressos,7324299
2026-07-04T18:08:47.869459,2026-07-04T18:08:47.881265+00:00,135.8,45,ask,DiligentDonuts,CostlyCorianders,7324306
2026-07-04T18:08:48.375380,2026-07-04T18:08:48.384029+00:00,135.8,3,ask,DiligentDonuts,Xuanyu Liu,7324313
2026-07-04T18:08:49.777354,2026-07-04T18:08:49.788950+00:00,135.9,50,bid,FlawlessFlatbreads,EarnestEspressos,7324348
2026-07-04T18:08:51.546802,2026-07-04T18:08:51.558647+00:00,135.6,48,ask,EarnestEspressos,CostlyCorianders,7324368
2026-07-04T18:08:51.935734,2026-07-04T18:08:51.947698+00:00,135.6,50,ask,EarnestEspressos,FlawlessFlatbreads,7324372
2026-07-04T18:08:53.067811,2026-07-04T18:08:53.079564+00:00,136.1,42,bid,CostlyCorianders,DiligentDonuts,7324392
2026-07-04T18:08:53.269943,2026-07-04T18:08:53.279729+00:00,135.8,3,bid,Xuanyu Liu,EarnestEspressos,7324395
2026-07-04T18:08:53.539461,2026-07-04T18:08:53.549866+00:00,135.6,42,ask,DiligentDonuts,CostlyCorianders,7324401
2026-07-04T18:08:53.993320,2026-07-04T18:08:54.004907+00:00,135.8,50,bid,FlawlessFlatbreads,EarnestEspressos,7324409
2026-07-04T18:08:56.100068,2026-07-04T18:08:56.106791+00:00,135.8,50,bid,FlawlessFlatbreads,EarnestEspressos,7324436
2026-07-04T18:08:58.258867,2026-07-04T18:08:58.266454+00:00,135.9,50,ask,EarnestEspressos,FlawlessFlatbreads,7324465
2026-07-04T18:09:00.186059,2026-07-04T18:09:00.194648+00:00,136.2,47,bid,CostlyCorianders,DiligentDonuts,7324492
2026-07-04T18:09:02.096870,2026-07-04T18:09:02.106330+00:00,135.9,44,ask,DiligentDonuts,CostlyCorianders,7324523
2026-07-04T18:09:02.468890,2026-07-04T18:09:02.480630+00:00,135.9,50,ask,DiligentDonuts,FlawlessFlatbreads,7324527
2026-07-04T18:09:02.655839,2026-07-04T18:09:02.664936+00:00,136.3,44,bid,CostlyCorianders,EarnestEspressos,7324529
2026-07-04T18:09:02.711013,2026-07-04T18:09:02.720355+00:00,135.9,6,ask,DiligentDonuts,CostlyCorianders,7324532
2026-07-04T18:09:02.711013,2026-07-04T18:09:02.720355+00:00,135.8,42,ask,EarnestEspressos,CostlyCorianders,7324533
2026-07-04T18:09:04.371954,2026-07-04T18:09:04.383862+00:00,136.3,46,bid,CostlyCorianders,EarnestEspressos,7324557
2026-07-04T18:09:04.525728,2026-07-04T18:09:04.537251+00:00,136.3,50,bid,FlawlessFlatbreads,EarnestEspressos,7324558
2026-07-04T18:09:05.931574,2026-07-04T18:09:05.938481+00:00,136.4,44,ask,EarnestEspressos,CostlyCorianders,7324584
2026-07-04T18:09:06.633942,2026-07-04T18:09:06.645816+00:00,136.5,50,bid,FlawlessFlatbreads,DiligentDonuts,7324598
2026-07-04T18:09:08.605305,2026-07-04T18:09:08.617177+00:00,136.4,42,ask,EarnestEspressos,CostlyCorianders,7324632
2026-07-04T18:09:08.742376,2026-07-04T18:09:08.748716+00:00,136.7,50,bid,FlawlessFlatbreads,DiligentDonuts,7324636
2026-07-04T18:09:10.900884,2026-07-04T18:09:10.908236+00:00,136.6,50,ask,DiligentDonuts,FlawlessFlatbreads,7324679
2026-07-04T18:09:13.007882,2026-07-04T18:09:13.019392+00:00,136.5,50,ask,EarnestEspressos,FlawlessFlatbreads,7324707
2026-07-04T18:09:14.156868,2026-07-04T18:09:14.164130+00:00,136.9,49,bid,CostlyCorianders,EarnestEspressos,7324722
2026-07-04T18:09:15.114208,2026-07-04T18:09:15.122710+00:00,136.5,50,ask,EarnestEspressos,FlawlessFlatbreads,7324741
2026-07-04T18:09:16.222448,2026-07-04T18:09:16.234020+00:00,136.3,47,ask,DiligentDonuts,CostlyCorianders,7324754
2026-07-04T18:09:17.220073,2026-07-04T18:09:17.231633+00:00,136.3,50,ask,DiligentDonuts,FlawlessFlatbreads,7324777
2026-07-04T18:09:17.257694,2026-07-04T18:09:17.269335+00:00,136.5,45,bid,CostlyCorianders,EarnestEspressos,7324779
2026-07-04T18:09:20.459214,2026-07-04T18:09:20.469068+00:00,136.4,48,bid,CostlyCorianders,DiligentDonuts,7324826
2026-07-04T18:09:21.443496,2026-07-04T18:09:21.458566+00:00,136.2,50,ask,EarnestEspressos,FlawlessFlatbreads,7324842
2026-07-04T18:09:23.550640,2026-07-04T18:09:23.558583+00:00,136.3,50,ask,DiligentDonuts,FlawlessFlatbreads,7324878
2026-07-04T18:09:25.574599,2026-07-04T18:09:25.586158+00:00,136.3,42,ask,DiligentDonuts,CostlyCorianders,7324907
2026-07-04T18:09:25.657976,2026-07-04T18:09:25.669657+00:00,135.9,50,ask,EarnestEspressos,FlawlessFlatbreads,7324908
2026-07-04T18:09:27.766167,2026-07-04T18:09:27.773825+00:00,135.9,50,ask,EarnestEspressos,FlawlessFlatbreads,7324944
2026-07-04T18:09:27.945626,2026-07-04T18:09:27.954036+00:00,136.0,26,bid,Xuanyu Liu,EarnestEspressos,7324945
2026-07-04T18:09:28.857004,2026-07-04T18:09:28.868698+00:00,136.0,100,bid,DiligentDonuts,EarnestEspressos,7324956
2026-07-04T18:09:29.872930,2026-07-04T18:09:29.884473+00:00,135.5,50,ask,EarnestEspressos,FlawlessFlatbreads,7324966
2026-07-04T18:09:30.296267,2026-07-04T18:09:30.307844+00:00,136.0,24,bid,CostlyCorianders,EarnestEspressos,7324972
2026-07-04T18:09:30.296267,2026-07-04T18:09:30.307844+00:00,136.5,17,bid,CostlyCorianders,DiligentDonuts,7324973
2026-07-04T18:09:31.887470,2026-07-04T18:09:31.897666+00:00,135.7,42,ask,EarnestEspressos,CostlyCorianders,7325004
2026-07-04T18:09:32.011077,2026-07-04T18:09:32.019982+00:00,135.7,50,ask,EarnestEspressos,FlawlessFlatbreads,7325009
2026-07-04T18:09:32.521851,2026-07-04T18:09:32.533277+00:00,136.0,42,bid,CostlyCorianders,DiligentDonuts,7325016
2026-07-04T18:09:34.118710,2026-07-04T18:09:34.130340+00:00,135.7,50,ask,EarnestEspressos,FlawlessFlatbreads,7325033
2026-07-04T18:09:34.261500,2026-07-04T18:09:34.269944+00:00,135.6,100,ask,DiligentDonuts,EarnestEspressos,7325038
2026-07-04T18:09:34.276055,2026-07-04T18:09:34.284025+00:00,135.6,34,bid,Xuanyu Liu,EarnestEspressos,7325039
2026-07-04T18:09:35.170118,2026-07-04T18:09:35.181675+00:00,135.6,16,bid,CostlyCorianders,EarnestEspressos,7325051
2026-07-04T18:09:36.226200,2026-07-04T18:09:36.235863+00:00,135.4,50,ask,DiligentDonuts,FlawlessFlatbreads,7325059
2026-07-04T18:09:37.386436,2026-07-04T18:09:37.395077+00:00,135.9,40,bid,CostlyCorianders,DiligentDonuts,7325071
2026-07-04T18:09:37.397823,2026-07-04T18:09:37.407317+00:00,135.7,11,ask,EarnestEspressos,Xuanyu Liu,7325073
2026-07-04T18:09:38.280241,2026-07-04T18:09:38.292084+00:00,135.9,50,bid,FlawlessFlatbreads,DiligentDonuts,7325087
2026-07-04T18:09:40.388975,2026-07-04T18:09:40.400442+00:00,136.0,50,bid,FlawlessFlatbreads,DiligentDonuts,7325119
2026-07-04T18:09:43.055770,2026-07-04T18:09:43.056159+00:00,135.7,46,ask,EarnestEspressos,CostlyCorianders,7325173
2026-07-04T18:09:44.678553,2026-07-04T18:09:44.690381+00:00,135.7,50,ask,EarnestEspressos,FlawlessFlatbreads,7325196
2026-07-04T18:09:46.566127,2026-07-04T18:09:46.574100+00:00,135.8,12,ask,DiligentDonuts,Xuanyu Liu,7325232
2026-07-04T18:09:46.646186,2026-07-04T18:09:46.653891+00:00,135.8,42,ask,DiligentDonuts,CostlyCorianders,7325234
2026-07-04T18:09:46.912631,2026-07-04T18:09:46.921147+00:00,135.8,46,ask,DiligentDonuts,EarnestEspressos,7325241
2026-07-04T18:09:48.841096,2026-07-04T18:09:48.852881+00:00,135.8,50,bid,FlawlessFlatbreads,EarnestEspressos,7325264
2026-07-04T18:09:50.842343,2026-07-04T18:09:50.849391+00:00,135.8,41,bid,CostlyCorianders,DiligentDonuts,7325294
2026-07-04T18:09:51.426070,2026-07-04T18:09:51.437506+00:00,135.7,42,ask,EarnestEspressos,CostlyCorianders,7325300
2026-07-04T18:09:53.052540,2026-07-04T18:09:53.064364+00:00,135.9,50,bid,FlawlessFlatbreads,DiligentDonuts,7325325
2026-07-04T18:09:53.151278,2026-07-04T18:09:53.149994+00:00,135.9,43,bid,CostlyCorianders,DiligentDonuts,7325326
2026-07-04T18:09:54.130533,2026-07-04T18:09:54.141066+00:00,136.0,42,bid,CostlyCorianders,EarnestEspressos,7325345
2026-07-04T18:09:54.185737,2026-07-04T18:09:54.197191+00:00,135.7,42,ask,DiligentDonuts,CostlyCorianders,7325347
2026-07-04T18:09:54.789346,2026-07-04T18:09:54.796309+00:00,136.0,40,bid,CostlyCorianders,EarnestEspressos,7325362
2026-07-04T18:09:54.843730,2026-07-04T18:09:54.850326+00:00,135.7,47,ask,DiligentDonuts,CostlyCorianders,7325363
2026-07-04T18:09:55.211364,2026-07-04T18:09:55.223077+00:00,135.7,11,ask,DiligentDonuts,FlawlessFlatbreads,7325366
2026-07-04T18:09:55.211364,2026-07-04T18:09:55.223077+00:00,135.5,39,ask,EarnestEspressos,FlawlessFlatbreads,7325367
2026-07-04T18:09:56.952250,2026-07-04T18:09:56.964353+00:00,135.6,43,ask,EarnestEspressos,CostlyCorianders,7325390
2026-07-04T18:09:57.320472,2026-07-04T18:09:57.332230+00:00,135.6,50,ask,EarnestEspressos,FlawlessFlatbreads,7325397
2026-07-04T18:09:59.428009,2026-07-04T18:09:59.439424+00:00,135.6,50,ask,EarnestEspressos,FlawlessFlatbreads,7325431
2026-07-04T18:09:59.859548,2026-07-04T18:09:59.871816+00:00,135.6,12,bid,Xuanyu Liu,EarnestEspressos,7325437
2026-07-04T18:10:01.534487,2026-07-04T18:10:01.546487+00:00,135.4,50,ask,DiligentDonuts,FlawlessFlatbreads,7325464
2026-07-04T18:10:01.873461,2026-07-04T18:10:01.882023+00:00,135.6,11,bid,Xuanyu Liu,EarnestEspressos,7325472
2026-07-04T18:10:03.100499,2026-07-04T18:10:03.110717+00:00,135.8,41,bid,CostlyCorianders,EarnestEspressos,7325494
2026-07-04T18:10:03.642556,2026-07-04T18:10:03.658547+00:00,135.3,50,ask,EarnestEspressos,FlawlessFlatbreads,7325501
2026-07-04T18:10:05.182182,2026-07-04T18:10:05.190624+00:00,135.5,46,bid,CostlyCorianders,DiligentDonuts,7325535
2026-07-04T18:10:05.644982,2026-07-04T18:10:05.654554+00:00,135.5,49,bid,CostlyCorianders,DiligentDonuts,7325544
2026-07-04T18:10:05.750371,2026-07-04T18:10:05.758722+00:00,135.3,50,ask,EarnestEspressos,FlawlessFlatbreads,7325545
2026-07-04T18:10:06.837395,2026-07-04T18:10:06.845304+00:00,135.3,100,bid,DiligentDonuts,EarnestEspressos,7325565
2026-07-04T18:10:07.133459,2026-07-04T18:10:07.141341+00:00,135.3,23,bid,Xuanyu Liu,EarnestEspressos,7325572
2026-07-04T18:10:07.858647,2026-07-04T18:10:07.865634+00:00,134.8,50,ask,EarnestEspressos,FlawlessFlatbreads,7325582
2026-07-04T18:10:09.137555,2026-07-04T18:10:09.149089+00:00,135.0,48,ask,EarnestEspressos,CostlyCorianders,7325595
2026-07-04T18:10:09.966030,2026-07-04T18:10:09.977663+00:00,135.0,50,ask,EarnestEspressos,FlawlessFlatbreads,7325606
2026-07-04T18:10:10.208309,2026-07-04T18:10:10.220057+00:00,135.5,42,bid,CostlyCorianders,EarnestEspressos,7325612
2026-07-04T18:10:12.073380,2026-07-04T18:10:12.085276+00:00,135.1,50,ask,DiligentDonuts,FlawlessFlatbreads,7325641
2026-07-04T18:10:13.143286,2026-07-04T18:10:13.151809+00:00,134.8,40,ask,EarnestEspressos,CostlyCorianders,7325655
2026-07-04T18:10:13.646567,2026-07-04T18:10:13.653114+00:00,135.3,49,bid,CostlyCorianders,EarnestEspressos,7325658
2026-07-04T18:10:14.181272,2026-07-04T18:10:14.188301+00:00,134.8,50,ask,EarnestEspressos,FlawlessFlatbreads,7325661
2026-07-04T18:10:16.288978,2026-07-04T18:10:16.300519+00:00,134.8,50,ask,DiligentDonuts,FlawlessFlatbreads,7325704
2026-07-04T18:10:16.824165,2026-07-04T18:10:16.831990+00:00,134.9,11,bid,Xuanyu Liu,EarnestEspressos,7325717
2026-07-04T18:10:17.932166,2026-07-04T18:10:17.941824+00:00,134.5,46,ask,DiligentDonuts,CostlyCorianders,7325755
2026-07-04T18:10:18.345996,2026-07-04T18:10:18.357442+00:00,134.9,50,bid,FlawlessFlatbreads,EarnestEspressos,7325762
2026-07-04T18:10:19.447645,2026-07-04T18:10:19.454071+00:00,134.9,45,ask,EarnestEspressos,CostlyCorianders,7325780
2026-07-04T18:10:19.568184,2026-07-04T18:10:19.577024+00:00,134.9,100,ask,EarnestEspressos,DiligentDonuts,7325784
2026-07-04T18:10:20.451082,2026-07-04T18:10:20.463792+00:00,135.3,50,bid,FlawlessFlatbreads,EarnestEspressos,7325802
2026-07-04T18:10:22.090156,2026-07-04T18:10:22.099422+00:00,134.8,41,bid,CostlyCorianders,EarnestEspressos,7325821
2026-07-04T18:10:22.558402,2026-07-04T18:10:22.568972+00:00,134.8,50,bid,FlawlessFlatbreads,EarnestEspressos,7325833
2026-07-04T18:10:23.106374,2026-07-04T18:10:23.118104+00:00,134.8,43,bid,CostlyCorianders,EarnestEspressos,7325845
2026-07-04T18:10:23.160744,2026-07-04T18:10:23.172114+00:00,134.6,43,ask,DiligentDonuts,CostlyCorianders,7325846
2026-07-04T18:10:26.676155,2026-07-04T18:10:26.683152+00:00,134.9,46,bid,CostlyCorianders,DiligentDonuts,7325904
2026-07-04T18:10:26.730362,2026-07-04T18:10:26.739699+00:00,134.7,44,ask,EarnestEspressos,CostlyCorianders,7325909
2026-07-04T18:10:26.826543,2026-07-04T18:10:26.838344+00:00,134.7,50,ask,EarnestEspressos,FlawlessFlatbreads,7325916
2026-07-04T18:10:27.825561,2026-07-04T18:10:27.837404+00:00,134.7,45,ask,EarnestEspressos,CostlyCorianders,7325936
2026-07-04T18:10:28.887219,2026-07-04T18:10:28.897771+00:00,134.7,50,bid,FlawlessFlatbreads,EarnestEspressos,7325951
2026-07-04T18:10:30.387426,2026-07-04T18:10:30.399031+00:00,134.7,45,bid,CostlyCorianders,EarnestEspressos,7325985
2026-07-04T18:10:30.974082,2026-07-04T18:10:30.984184+00:00,134.7,41,bid,CostlyCorianders,EarnestEspressos,7325996
2026-07-04T18:10:30.992990,2026-07-04T18:10:31.004759+00:00,134.7,14,bid,FlawlessFlatbreads,EarnestEspressos,7325997
2026-07-04T18:10:30.992990,2026-07-04T18:10:31.004759+00:00,135.1,36,bid,FlawlessFlatbreads,DiligentDonuts,7325998
2026-07-04T18:10:31.027715,2026-07-04T18:10:31.037718+00:00,134.6,44,ask,DiligentDonuts,CostlyCorianders,7326000
2026-07-04T18:10:32.102157,2026-07-04T18:10:32.113805+00:00,135.1,48,bid,CostlyCorianders,DiligentDonuts,7326023
2026-07-04T18:10:33.101187,2026-07-04T18:10:33.107740+00:00,135.3,50,bid,FlawlessFlatbreads,DiligentDonuts,7326035
2026-07-04T18:10:33.768368,2026-07-04T18:10:33.775007+00:00,134.9,41,ask,EarnestEspressos,CostlyCorianders,7326046
2026-07-04T18:10:34.824959,2026-07-04T18:10:34.836896+00:00,134.8,42,ask,DiligentDonuts,CostlyCorianders,7326055
2026-07-04T18:10:35.304371,2026-07-04T18:10:35.316137+00:00,135.2,44,bid,CostlyCorianders,EarnestEspressos,7326063
2026-07-04T18:10:36.983526,2026-07-04T18:10:36.990405+00:00,135.2,47,bid,CostlyCorianders,EarnestEspressos,7326092
2026-07-04T18:10:37.313043,2026-07-04T18:10:37.323082+00:00,135.2,50,bid,FlawlessFlatbreads,EarnestEspressos,7326095
2026-07-04T18:10:37.511587,2026-07-04T18:10:37.520005+00:00,135.2,100,bid,EarnestEspressos,DiligentDonuts,7326099
2026-07-04T18:10:37.579546,2026-07-04T18:10:37.590525+00:00,135.4,45,ask,EarnestEspressos,Xuanyu Liu,7326101
2026-07-04T18:10:38.679142,2026-07-04T18:10:38.691149+00:00,135.4,5,ask,EarnestEspressos,CostlyCorianders,7326124
2026-07-04T18:10:38.679142,2026-07-04T18:10:38.691149+00:00,135.2,37,ask,DiligentDonuts,CostlyCorianders,7326125
2026-07-04T18:10:39.419686,2026-07-04T18:10:39.431343+00:00,135.7,50,bid,FlawlessFlatbreads,DiligentDonuts,7326139
2026-07-04T18:10:40.726055,2026-07-04T18:10:40.735334+00:00,135.2,63,ask,DiligentDonuts,EarnestEspressos,7326160
2026-07-04T18:10:41.528437,2026-07-04T18:10:41.540314+00:00,135.2,50,bid,FlawlessFlatbreads,EarnestEspressos,7326181
2026-07-04T18:10:41.551624,2026-07-04T18:10:41.560946+00:00,134.8,40,ask,EarnestEspressos,CostlyCorianders,7326182
2026-07-04T18:10:43.492803,2026-07-04T18:10:43.501207+00:00,135.2,11,bid,Xuanyu Liu,EarnestEspressos,7326225
2026-07-04T18:10:43.687648,2026-07-04T18:10:43.694780+00:00,134.9,50,ask,DiligentDonuts,FlawlessFlatbreads,7326229
2026-07-04T18:10:43.903253,2026-07-04T18:10:43.911070+00:00,135.2,44,ask,EarnestEspressos,CostlyCorianders,7326232
2026-07-04T18:10:44.924699,2026-07-04T18:10:44.934086+00:00,135.5,43,bid,CostlyCorianders,DiligentDonuts,7326249
2026-07-04T18:10:45.794546,2026-07-04T18:10:45.802138+00:00,135.2,50,ask,EarnestEspressos,FlawlessFlatbreads,7326258
2026-07-04T18:10:46.683438,2026-07-04T18:10:46.695221+00:00,135.5,44,bid,CostlyCorianders,DiligentDonuts,7326268
2026-07-04T18:10:47.901630,2026-07-04T18:10:47.912121+00:00,135.0,50,ask,DiligentDonuts,FlawlessFlatbreads,7326291
2026-07-04T18:10:49.810771,2026-07-04T18:10:49.820503+00:00,135.2,49,bid,CostlyCorianders,EarnestEspressos,7326311
2026-07-04T18:10:50.007667,2026-07-04T18:10:50.015314+00:00,135.0,50,ask,DiligentDonuts,FlawlessFlatbreads,7326316
2026-07-04T18:10:51.857439,2026-07-04T18:10:51.869357+00:00,135.0,46,ask,EarnestEspressos,CostlyCorianders,7326347
2026-07-04T18:10:52.063167,2026-07-04T18:10:52.074717+00:00,135.4,50,bid,FlawlessFlatbreads,DiligentDonuts,7326353
2026-07-04T18:10:54.359446,2026-07-04T18:10:54.367207+00:00,135.2,11,bid,Xuanyu Liu,EarnestEspressos,7326390
2026-07-04T18:10:54.966545,2026-07-04T18:10:54.978317+00:00,135.0,47,ask,DiligentDonuts,CostlyCorianders,7326402
2026-07-04T18:10:55.591912,2026-07-04T18:10:55.602293+00:00,135.2,45,bid,CostlyCorianders,EarnestEspressos,7326408
2026-07-04T18:10:56.103435,2026-07-04T18:10:56.115233+00:00,135.2,44,bid,CostlyCorianders,EarnestEspressos,7326413
2026-07-04T18:10:56.275713,2026-07-04T18:10:56.287480+00:00,135.2,50,bid,FlawlessFlatbreads,EarnestEspressos,7326416
2026-07-04T18:10:56.499081,2026-07-04T18:10:56.509168+00:00,135.3,11,ask,EarnestEspressos,Xuanyu Liu,7326422
2026-07-04T18:10:56.986274,2026-07-04T18:10:56.996064+00:00,135.3,11,ask,EarnestEspressos,Xuanyu Liu,7326431
2026-07-04T18:10:57.539511,2026-07-04T18:10:57.558550+00:00,135.3,100,ask,EarnestEspressos,DiligentDonuts,7326437
2026-07-04T18:10:57.641144,2026-07-04T18:10:57.652897+00:00,135.3,28,ask,EarnestEspressos,CostlyCorianders,7326438
2026-07-04T18:10:57.641144,2026-07-04T18:10:57.652897+00:00,134.8,20,ask,DiligentDonuts,CostlyCorianders,7326439
2026-07-04T18:11:00.337137,2026-07-04T18:11:00.347863+00:00,135.0,46,ask,EarnestEspressos,CostlyCorianders,7326482
2026-07-04T18:11:00.485561,2026-07-04T18:11:00.496920+00:00,135.5,50,bid,FlawlessFlatbreads,EarnestEspressos,7326490
2026-07-04T18:11:00.918884,2026-07-04T18:11:00.927690+00:00,135.5,22,bid,Xuanyu Liu,EarnestEspressos,7326494
2026-07-04T18:11:02.372760,2026-07-04T18:11:02.384555+00:00,135.5,47,bid,CostlyCorianders,EarnestEspressos,7326525
2026-07-04T18:11:02.642423,2026-07-04T18:11:02.654021+00:00,135.4,50,ask,DiligentDonuts,FlawlessFlatbreads,7326527
2026-07-04T18:11:04.750718,2026-07-04T18:11:04.763626+00:00,135.4,50,ask,EarnestEspressos,FlawlessFlatbreads,7326562
2026-07-04T18:11:06.859000,2026-07-04T18:11:06.868807+00:00,135.3,50,ask,DiligentDonuts,FlawlessFlatbreads,7326596
2026-07-04T18:11:07.211359,2026-07-04T18:11:07.223706+00:00,135.3,41,ask,DiligentDonuts,CostlyCorianders,7326603
2026-07-04T18:11:08.289866,2026-07-04T18:11:08.301408+00:00,135.7,44,bid,CostlyCorianders,EarnestEspressos,7326617
2026-07-04T18:11:08.924516,2026-07-04T18:11:08.931882+00:00,135.7,50,bid,FlawlessFlatbreads,EarnestEspressos,7326620
2026-07-04T18:11:10.113258,2026-07-04T18:11:10.121175+00:00,135.7,22,ask,EarnestEspressos,Xuanyu Liu,7326638
2026-07-04T18:11:10.209249,2026-07-04T18:11:10.222091+00:00,135.7,100,ask,EarnestEspressos,DiligentDonuts,7326641
2026-07-04T18:11:11.031163,2026-07-04T18:11:11.038656+00:00,136.2,50,bid,FlawlessFlatbreads,EarnestEspressos,7326664
2026-07-04T18:11:13.138375,2026-07-04T18:11:13.147215+00:00,135.7,50,bid,FlawlessFlatbreads,EarnestEspressos,7326694
2026-07-04T18:11:13.149628,2026-07-04T18:11:13.157433+00:00,135.2,42,ask,DiligentDonuts,CostlyCorianders,7326696
2026-07-04T18:11:15.298278,2026-07-04T18:11:15.309223+00:00,135.2,50,ask,EarnestEspressos,FlawlessFlatbreads,7326737
2026-07-04T18:11:17.353609,2026-07-04T18:11:17.358576+00:00,135.7,50,bid,FlawlessFlatbreads,EarnestEspressos,7326774
2026-07-04T18:11:18.614434,2026-07-04T18:11:18.626824+00:00,135.7,47,bid,CostlyCorianders,DiligentDonuts,7326784
2026-07-04T18:11:19.298413,2026-07-04T18:11:19.306600+00:00,135.7,34,bid,Xuanyu Liu,DiligentDonuts,7326792
2026-07-04T18:11:19.460440,2026-07-04T18:11:19.472440+00:00,135.7,19,bid,FlawlessFlatbreads,DiligentDonuts,7326798
2026-07-04T18:11:19.460440,2026-07-04T18:11:19.472440+00:00,136.0,31,bid,FlawlessFlatbreads,EarnestEspressos,7326799
2026-07-04T18:11:19.639295,2026-07-04T18:11:19.650604+00:00,136.0,100,bid,DiligentDonuts,EarnestEspressos,7326802
2026-07-04T18:11:21.576602,2026-07-04T18:11:21.585045+00:00,136.0,19,bid,FlawlessFlatbreads,EarnestEspressos,7326836
2026-07-04T18:11:21.576602,2026-07-04T18:11:21.590058+00:00,136.5,31,bid,FlawlessFlatbreads,DiligentDonuts,7326837
2026-07-04T18:11:21.824536,2026-07-04T18:11:21.832544+00:00,136.2,69,ask,EarnestEspressos,Xuanyu Liu,7326841
2026-07-04T18:11:22.857791,2026-07-04T18:11:22.865922+00:00,136.2,81,ask,EarnestEspressos,DiligentDonuts,7326872
2026-07-04T18:11:23.236769,2026-07-04T18:11:23.246009+00:00,136.0,19,bid,Xuanyu Liu,DiligentDonuts,7326874
2026-07-04T18:11:24.172220,2026-07-04T18:11:24.183835+00:00,135.5,48,ask,DiligentDonuts,CostlyCorianders,7326894
2026-07-04T18:11:25.792970,2026-07-04T18:11:25.805814+00:00,136.2,50,bid,FlawlessFlatbreads,EarnestEspressos,7326909
2026-07-04T18:11:28.135458,2026-07-04T18:11:28.146424+00:00,136.3,100,bid,EarnestEspressos,DiligentDonuts,7326937
2026-07-04T18:11:28.626531,2026-07-04T18:11:28.638134+00:00,136.3,40,ask,EarnestEspressos,CostlyCorianders,7326943
2026-07-04T18:11:30.009342,2026-07-04T18:11:30.020978+00:00,136.7,50,bid,FlawlessFlatbreads,DiligentDonuts,7326965
2026-07-04T18:11:32.169639,2026-07-04T18:11:32.178236+00:00,136.2,50,ask,DiligentDonuts,FlawlessFlatbreads,7326994
2026-07-04T18:11:32.285581,2026-07-04T18:11:32.292424+00:00,136.4,100,bid,DiligentDonuts,EarnestEspressos,7326995
2026-07-04T18:11:34.410523,2026-07-04T18:11:34.422298+00:00,136.4,44,bid,CostlyCorianders,EarnestEspressos,7327026
2026-07-04T18:11:34.880022,2026-07-04T18:11:34.890054+00:00,136.3,45,ask,EarnestEspressos,CostlyCorianders,7327031
2026-07-04T18:11:36.387881,2026-07-04T18:11:36.394316+00:00,136.3,50,ask,EarnestEspressos,FlawlessFlatbreads,7327049
2026-07-04T18:11:38.904592,2026-07-04T18:11:38.913933+00:00,136.4,48,bid,CostlyCorianders,EarnestEspressos,7327079
2026-07-04T18:11:40.408406,2026-07-04T18:11:40.416500+00:00,136.4,45,bid,CostlyCorianders,EarnestEspressos,7327095
2026-07-04T18:11:40.798799,2026-07-04T18:11:40.808043+00:00,136.4,100,bid,EarnestEspressos,DiligentDonuts,7327102
2026-07-04T18:11:40.862746,2026-07-04T18:11:40.871956+00:00,136.4,7,ask,EarnestEspressos,Xuanyu Liu,7327104
2026-07-04T18:11:41.060893,2026-07-04T18:11:41.068964+00:00,136.4,40,ask,EarnestEspressos,CostlyCorianders,7327111
2026-07-04T18:11:42.097501,2026-07-04T18:11:42.108872+00:00,136.4,3,ask,EarnestEspressos,CostlyCorianders,7327123
2026-07-04T18:11:42.097501,2026-07-04T18:11:42.108872+00:00,136.3,40,ask,DiligentDonuts,CostlyCorianders,7327124
2026-07-04T18:11:44.014365,2026-07-04T18:11:44.024721+00:00,136.3,60,ask,DiligentDonuts,EarnestEspressos,7327159
2026-07-04T18:11:44.081765,2026-07-04T18:11:44.093538+00:00,136.1,44,bid,CostlyCorianders,EarnestEspressos,7327162
2026-07-04T18:11:44.239836,2026-07-04T18:11:44.247506+00:00,136.1,23,bid,FlawlessFlatbreads,EarnestEspressos,7327164
2026-07-04T18:11:44.765733,2026-07-04T18:11:44.777464+00:00,136.1,23,bid,Xuanyu Liu,EarnestEspressos,7327169
2026-07-04T18:11:44.765733,2026-07-04T18:11:44.777464+00:00,136.8,27,bid,FlawlessFlatbreads,DiligentDonuts,7327170
2026-07-04T18:11:45.108603,2026-07-04T18:11:45.120235+00:00,136.0,41,ask,DiligentDonuts,CostlyCorianders,7327175
2026-07-04T18:11:46.874197,2026-07-04T18:11:46.885881+00:00,136.5,50,bid,FlawlessFlatbreads,DiligentDonuts,7327202
2026-07-04T18:11:47.073194,2026-07-04T18:11:47.084736+00:00,136.5,48,bid,CostlyCorianders,DiligentDonuts,7327205
2026-07-04T18:11:47.140295,2026-07-04T18:11:47.148085+00:00,136.2,12,ask,EarnestEspressos,Xuanyu Liu,7327210
2026-07-04T18:11:48.035555,2026-07-04T18:11:48.043048+00:00,136.2,48,ask,EarnestEspressos,CostlyCorianders,7327227
2026-07-04T18:11:48.203590,2026-07-04T18:11:48.215014+00:00,136.2,11,ask,EarnestEspressos,Xuanyu Liu,7327232
2026-07-04T18:11:48.591768,2026-07-04T18:11:48.603400+00:00,136.6,43,bid,CostlyCorianders,DiligentDonuts,7327238
2026-07-04T18:11:51.083167,2026-07-04T18:11:51.094897+00:00,136.4,50,bid,FlawlessFlatbreads,EarnestEspressos,7327279
2026-07-04T18:11:51.704617,2026-07-04T18:11:51.716370+00:00,136.1,49,ask,DiligentDonuts,CostlyCorianders,7327294
2026-07-04T18:11:52.261307,2026-07-04T18:11:52.272848+00:00,136.4,40,bid,CostlyCorianders,EarnestEspressos,7327297
2026-07-04T18:11:53.466993,2026-07-04T18:11:53.476508+00:00,136.5,23,ask,EarnestEspressos,Xuanyu Liu,7327321
2026-07-04T18:11:53.941696,2026-07-04T18:11:53.952819+00:00,136.5,49,ask,EarnestEspressos,CostlyCorianders,7327327
2026-07-04T18:11:54.464423,2026-07-04T18:11:54.476214+00:00,136.5,78,ask,EarnestEspressos,DiligentDonuts,7327344
2026-07-04T18:11:54.467550,2026-07-04T18:11:54.476214+00:00,136.5,22,bid,CostlyCorianders,DiligentDonuts,7327345
2026-07-04T18:11:55.046947,2026-07-04T18:11:55.053334+00:00,136.0,41,ask,DiligentDonuts,CostlyCorianders,7327356
2026-07-04T18:11:55.296073,2026-07-04T18:11:55.307723+00:00,137.0,50,bid,FlawlessFlatbreads,EarnestEspressos,7327360
2026-07-04T18:11:57.400919,2026-07-04T18:11:57.412981+00:00,136.4,50,bid,FlawlessFlatbreads,EarnestEspressos,7327392
2026-07-04T18:11:57.831337,2026-07-04T18:11:57.842745+00:00,136.4,44,bid,CostlyCorianders,EarnestEspressos,7327401
2026-07-04T18:11:59.032186,2026-07-04T18:11:59.044059+00:00,136.1,48,ask,DiligentDonuts,CostlyCorianders,7327419
2026-07-04T18:12:00.170571,2026-07-04T18:12:00.180765+00:00,136.6,45,bid,CostlyCorianders,DiligentDonuts,7327439
2026-07-04T18:12:00.784054,2026-07-04T18:12:00.791566+00:00,136.2,100,ask,EarnestEspressos,DiligentDonuts,7327444
2026-07-04T18:12:00.786871,2026-07-04T18:12:00.796771+00:00,136.2,43,ask,EarnestEspressos,CostlyCorianders,7327445
2026-07-04T18:12:01.307767,2026-07-04T18:12:01.316161+00:00,136.2,3,ask,EarnestEspressos,Xuanyu Liu,7327457
2026-07-04T18:12:03.716616,2026-07-04T18:12:03.725806+00:00,136.0,50,bid,FlawlessFlatbreads,EarnestEspressos,7327494
2026-07-04T18:12:03.893517,2026-07-04T18:12:03.905327+00:00,136.0,100,bid,DiligentDonuts,EarnestEspressos,7327496
2026-07-04T18:12:05.874271,2026-07-04T18:12:05.881526+00:00,135.5,50,ask,EarnestEspressos,FlawlessFlatbreads,7327531
2026-07-04T18:12:06.836401,2026-07-04T18:12:06.848228+00:00,136.5,44,bid,CostlyCorianders,EarnestEspressos,7327552
2026-07-04T18:12:07.982602,2026-07-04T18:12:07.992017+00:00,136.0,50,ask,EarnestEspressos,FlawlessFlatbreads,7327576
2026-07-04T18:12:10.038057,2026-07-04T18:12:10.046010+00:00,136.3,50,bid,FlawlessFlatbreads,EarnestEspressos,7327608
2026-07-04T18:12:10.112533,2026-07-04T18:12:10.124466+00:00,136.0,49,ask,DiligentDonuts,CostlyCorianders,7327609
2026-07-04T18:12:10.661578,2026-07-04T18:12:10.669951+00:00,136.1,46,bid,CostlyCorianders,DiligentDonuts,7327614
2026-07-04T18:12:12.145172,2026-07-04T18:12:12.151592+00:00,136.1,50,bid,FlawlessFlatbreads,DiligentDonuts,7327639
2026-07-04T18:12:13.113778,2026-07-04T18:12:13.121862+00:00,136.1,3,bid,Xuanyu Liu,DiligentDonuts,7327655
2026-07-04T18:12:13.626770,2026-07-04T18:12:13.636224+00:00,136.1,44,ask,DiligentDonuts,CostlyCorianders,7327664
2026-07-04T18:12:14.251392,2026-07-04T18:12:14.258543+00:00,136.5,50,bid,FlawlessFlatbreads,EarnestEspressos,7327680
2026-07-04T18:12:15.611393,2026-07-04T18:12:15.620141+00:00,136.3,3,ask,EarnestEspressos,Xuanyu Liu,7327697
2026-07-04T18:12:15.770373,2026-07-04T18:12:15.782103+00:00,136.3,44,ask,EarnestEspressos,CostlyCorianders,7327701
2026-07-04T18:12:16.358078,2026-07-04T18:12:16.369600+00:00,136.6,50,bid,FlawlessFlatbreads,DiligentDonuts,7327711
2026-07-04T18:12:16.421770,2026-07-04T18:12:16.432989+00:00,136.6,45,bid,CostlyCorianders,DiligentDonuts,7327716
2026-07-04T18:12:17.582582,2026-07-04T18:12:17.594358+00:00,136.3,42,ask,EarnestEspressos,CostlyCorianders,7327729
2026-07-04T18:12:18.467508,2026-07-04T18:12:18.474382+00:00,136.7,50,bid,FlawlessFlatbreads,DiligentDonuts,7327739
2026-07-04T18:12:19.016330,2026-07-04T18:12:19.028385+00:00,136.4,48,bid,CostlyCorianders,EarnestEspressos,7327751
2026-07-04T18:12:19.730990,2026-07-04T18:12:19.742036+00:00,136.4,100,bid,DiligentDonuts,EarnestEspressos,7327759
2026-07-04T18:12:21.935073,2026-07-04T18:12:21.944912+00:00,136.5,3,ask,EarnestEspressos,Xuanyu Liu,7327793
2026-07-04T18:12:22.054483,2026-07-04T18:12:22.066309+00:00,136.5,42,ask,EarnestEspressos,CostlyCorianders,7327797
2026-07-04T18:12:22.728531,2026-07-04T18:12:22.735133+00:00,136.5,50,ask,EarnestEspressos,FlawlessFlatbreads,7327812
2026-07-04T18:12:22.859703,2026-07-04T18:12:22.870943+00:00,136.5,25,ask,EarnestEspressos,Alan Tran,7327813
2026-07-04T18:12:22.945921,2026-07-04T18:12:22.957581+00:00,136.5,30,ask,EarnestEspressos,DiligentDonuts,7327819
2026-07-04T18:12:24.835262,2026-07-04T18:12:24.847178+00:00,136.0,50,ask,DiligentDonuts,FlawlessFlatbreads,7327845
2026-07-04T18:12:26.942091,2026-07-04T18:12:26.951605+00:00,135.8,50,ask,EarnestEspressos,FlawlessFlatbreads,7327884
2026-07-04T18:12:27.917869,2026-07-04T18:12:27.929267+00:00,136.3,42,bid,CostlyCorianders,EarnestEspressos,7327909
2026-07-04T18:12:28.843924,2026-07-04T18:12:28.851941+00:00,136.2,3,bid,Xuanyu Liu,EarnestEspressos,7327920
2026-07-04T18:12:29.049196,2026-07-04T18:12:29.060761+00:00,135.8,50,ask,DiligentDonuts,FlawlessFlatbreads,7327927
2026-07-04T18:12:30.491575,2026-07-04T18:12:30.500261+00:00,136.2,44,bid,CostlyCorianders,EarnestEspressos,7327955
2026-07-04T18:12:31.161641,2026-07-04T18:12:31.170496+00:00,135.7,50,ask,EarnestEspressos,FlawlessFlatbreads,7327966
2026-07-04T18:12:32.879427,2026-07-04T18:12:32.888754+00:00,136.1,25,bid,Alan Tran,DiligentDonuts,7327993
2026-07-04T18:12:33.008734,2026-07-04T18:12:33.020444+00:00,135.8,42,ask,EarnestEspressos,CostlyCorianders,7327994
2026-07-04T18:12:33.267838,2026-07-04T18:12:33.279490+00:00,135.8,50,ask,EarnestEspressos,FlawlessFlatbreads,7327996
2026-07-04T18:12:34.636618,2026-07-04T18:12:34.644717+00:00,136.0,3,bid,Xuanyu Liu,EarnestEspressos,7328022
2026-07-04T18:12:35.377305,2026-07-04T18:12:35.388851+00:00,135.6,50,ask,DiligentDonuts,FlawlessFlatbreads,7328039
2026-07-04T18:12:37.485433,2026-07-04T18:12:37.496994+00:00,135.8,50,ask,DiligentDonuts,EarnestEspressos,7328084
2026-07-04T18:12:37.787936,2026-07-04T18:12:37.798845+00:00,135.8,50,ask,DiligentDonuts,FlawlessFlatbreads,7328087
2026-07-04T18:12:38.015046,2026-07-04T18:12:38.026114+00:00,135.7,11,bid,Xuanyu Liu,EarnestEspressos,7328093
2026-07-04T18:12:38.916912,2026-07-04T18:12:38.928422+00:00,135.7,47,bid,CostlyCorianders,EarnestEspressos,7328110
2026-07-04T18:12:39.592149,2026-07-04T18:12:39.602617+00:00,135.3,50,ask,DiligentDonuts,FlawlessFlatbreads,7328123
2026-07-04T18:12:40.358810,2026-07-04T18:12:40.370338+00:00,135.3,43,ask,DiligentDonuts,CostlyCorianders,7328129
2026-07-04T18:12:40.897794,2026-07-04T18:12:40.906493+00:00,135.8,100,bid,EarnestEspressos,DiligentDonuts,7328134
2026-07-04T18:12:41.699167,2026-07-04T18:12:41.710859+00:00,135.8,50,ask,EarnestEspressos,FlawlessFlatbreads,7328151
2026-07-04T18:12:43.805465,2026-07-04T18:12:43.817399+00:00,135.3,50,ask,DiligentDonuts,FlawlessFlatbreads,7328184
2026-07-04T18:12:44.555084,2026-07-04T18:12:44.563937+00:00,135.5,23,bid,Xuanyu Liu,EarnestEspressos,7328195
2026-07-04T18:12:45.859538,2026-07-04T18:12:45.868474+00:00,135.5,12,bid,Xuanyu Liu,EarnestEspressos,7328215
2026-07-04T18:12:45.914242,2026-07-04T18:12:45.921462+00:00,135.1,50,ask,DiligentDonuts,FlawlessFlatbreads,7328219
2026-07-04T18:12:47.969891,2026-07-04T18:12:47.981579+00:00,135.6,50,bid,FlawlessFlatbreads,DiligentDonuts,7328239
2026-07-04T18:12:50.077206,2026-07-04T18:12:50.083914+00:00,135.6,50,bid,FlawlessFlatbreads,DiligentDonuts,7328282
2026-07-04T18:12:50.586880,2026-07-04T18:12:50.598232+00:00,135.6,43,bid,CostlyCorianders,DiligentDonuts,7328289
2026-07-04T18:12:52.183394,2026-07-04T18:12:52.190936+00:00,135.8,50,bid,FlawlessFlatbreads,DiligentDonuts,7328316
2026-07-04T18:12:52.248791,2026-07-04T18:12:52.260283+00:00,135.4,47,ask,EarnestEspressos,CostlyCorianders,7328320
2026-07-04T18:12:52.429084,2026-07-04T18:12:52.439235+00:00,135.4,12,ask,EarnestEspressos,Xuanyu Liu,7328328
2026-07-04T18:12:53.598284,2026-07-04T18:12:53.608175+00:00,135.3,100,ask,DiligentDonuts,EarnestEspressos,7328357
2026-07-04T18:12:53.733660,2026-07-04T18:12:53.741557+00:00,135.3,12,bid,Xuanyu Liu,EarnestEspressos,7328359
2026-07-04T18:12:54.251573,2026-07-04T18:12:54.259636+00:00,135.3,11,bid,Xuanyu Liu,EarnestEspressos,7328366
2026-07-04T18:12:54.289544,2026-07-04T18:12:54.301022+00:00,135.3,27,bid,FlawlessFlatbreads,EarnestEspressos,7328368
2026-07-04T18:12:54.289544,2026-07-04T18:12:54.301022+00:00,135.8,23,bid,FlawlessFlatbreads,DiligentDonuts,7328369
2026-07-04T18:12:55.060208,2026-07-04T18:12:55.069210+00:00,135.3,11,ask,DiligentDonuts,Xuanyu Liu,7328385
2026-07-04T18:12:55.135343,2026-07-04T18:12:55.146997+00:00,135.8,45,bid,CostlyCorianders,DiligentDonuts,7328387
2026-07-04T18:12:56.396381,2026-07-04T18:12:56.408213+00:00,135.8,50,bid,FlawlessFlatbreads,DiligentDonuts,7328398
2026-07-04T18:12:56.718266,2026-07-04T18:12:56.726601+00:00,135.5,12,ask,EarnestEspressos,Xuanyu Liu,7328399
2026-07-04T18:12:58.502260,2026-07-04T18:12:58.513940+00:00,136.0,50,bid,FlawlessFlatbreads,EarnestEspressos,7328428
2026-07-04T18:12:58.987550,2026-07-04T18:12:58.998040+00:00,135.5,11,ask,EarnestEspressos,Xuanyu Liu,7328436
2026-07-04T18:12:59.879938,2026-07-04T18:12:59.888282+00:00,135.6,12,ask,EarnestEspressos,Xuanyu Liu,7328451
2026-07-04T18:13:00.610097,2026-07-04T18:13:00.621676+00:00,136.0,50,bid,FlawlessFlatbreads,DiligentDonuts,7328467
2026-07-04T18:13:00.963982,2026-07-04T18:13:00.979383+00:00,135.6,49,ask,EarnestEspressos,CostlyCorianders,7328472
2026-07-04T18:13:02.506854,2026-07-04T18:13:02.517419+00:00,135.6,49,ask,EarnestEspressos,CostlyCorianders,7328498
2026-07-04T18:13:02.769216,2026-07-04T18:13:02.780910+00:00,135.6,40,ask,EarnestEspressos,FlawlessFlatbreads,7328502
2026-07-04T18:13:02.769216,2026-07-04T18:13:02.780910+00:00,135.5,10,ask,DiligentDonuts,FlawlessFlatbreads,7328503
2026-07-04T18:13:03.084212,2026-07-04T18:13:03.092220+00:00,135.5,90,ask,DiligentDonuts,EarnestEspressos,7328507
2026-07-04T18:13:04.827875,2026-07-04T18:13:04.839609+00:00,135.4,50,bid,FlawlessFlatbreads,EarnestEspressos,7328525
2026-07-04T18:13:06.992613,2026-07-04T18:13:07.005078+00:00,135.3,50,ask,EarnestEspressos,FlawlessFlatbreads,7328556
2026-07-04T18:13:09.044507,2026-07-04T18:13:09.058551+00:00,135.5,46,bid,CostlyCorianders,DiligentDonuts,7328588
2026-07-04T18:13:11.154466,2026-07-04T18:13:11.153947+00:00,135.5,50,bid,FlawlessFlatbreads,EarnestEspressos,7328610
2026-07-04T18:13:13.040200,2026-07-04T18:13:13.047684+00:00,135.6,46,bid,CostlyCorianders,DiligentDonuts,7328645
2026-07-04T18:13:13.260382,2026-07-04T18:13:13.271959+00:00,135.6,50,bid,FlawlessFlatbreads,DiligentDonuts,7328649
2026-07-04T18:13:15.080572,2026-07-04T18:13:15.092044+00:00,135.4,49,ask,EarnestEspressos,CostlyCorianders,7328661
2026-07-04T18:13:17.290062,2026-07-04T18:13:17.301891+00:00,135.5,49,ask,DiligentDonuts,CostlyCorianders,7328695
2026-07-04T18:13:17.350551,2026-07-04T18:13:17.359845+00:00,135.5,14,ask,DiligentDonuts,Xuanyu Liu,7328697
2026-07-04T18:13:17.544260,2026-07-04T18:13:17.550689+00:00,135.5,37,ask,DiligentDonuts,FlawlessFlatbreads,7328701
2026-07-04T18:13:21.087568,2026-07-04T18:13:21.094355+00:00,135.3,43,bid,CostlyCorianders,EarnestEspressos,7328751
2026-07-04T18:13:21.772936,2026-07-04T18:13:21.783490+00:00,134.8,50,ask,EarnestEspressos,FlawlessFlatbreads,7328755
2026-07-04T18:13:22.582336,2026-07-04T18:13:22.590572+00:00,135.3,14,bid,Xuanyu Liu,DiligentDonuts,7328766
2026-07-04T18:13:24.838994,2026-07-04T18:13:24.846485+00:00,135.4,44,bid,CostlyCorianders,EarnestEspressos,7328803
2026-07-04T18:13:25.980683,2026-07-04T18:13:25.992191+00:00,135.3,50,ask,EarnestEspressos,FlawlessFlatbreads,7328818
2026-07-04T18:13:27.397198,2026-07-04T18:13:27.408781+00:00,135.3,46,ask,EarnestEspressos,CostlyCorianders,7328838
2026-07-04T18:13:28.113951,2026-07-04T18:13:28.120410+00:00,135.3,50,ask,EarnestEspressos,FlawlessFlatbreads,7328846
2026-07-04T18:13:28.400468,2026-07-04T18:13:28.408943+00:00,135.1,100,ask,DiligentDonuts,EarnestEspressos,7328848
2026-07-04T18:13:28.410179,2026-07-04T18:13:28.418263+00:00,135.1,12,bid,Xuanyu Liu,EarnestEspressos,7328849
2026-07-04T18:13:29.444104,2026-07-04T18:13:29.463968+00:00,135.1,38,bid,CostlyCorianders,EarnestEspressos,7328859
2026-07-04T18:13:29.444104,2026-07-04T18:13:29.463968+00:00,135.2,2,bid,CostlyCorianders,DiligentDonuts,7328860
2026-07-04T18:13:30.219644,2026-07-04T18:13:30.231428+00:00,134.7,50,ask,DiligentDonuts,FlawlessFlatbreads,7328872
2026-07-04T18:13:31.006011,2026-07-04T18:13:31.014279+00:00,135.2,45,bid,CostlyCorianders,DiligentDonuts,7328885
2026-07-04T18:13:32.330930,2026-07-04T18:13:32.358600+00:00,135.1,50,ask,EarnestEspressos,FlawlessFlatbreads,7328904
2026-07-04T18:13:34.387662,2026-07-04T18:13:34.396918+00:00,135.2,50,bid,FlawlessFlatbreads,DiligentDonuts,7328934
2026-07-04T18:13:34.714916,2026-07-04T18:13:34.721825+00:00,135.0,45,ask,EarnestEspressos,CostlyCorianders,7328941
2026-07-04T18:13:35.335285,2026-07-04T18:13:35.346688+00:00,135.2,43,bid,CostlyCorianders,DiligentDonuts,7328950
2026-07-04T18:13:36.493668,2026-07-04T18:13:36.505505+00:00,135.5,50,bid,FlawlessFlatbreads,EarnestEspressos,7328965
2026-07-04T18:13:37.420443,2026-07-04T18:13:37.429934+00:00,135.0,41,ask,EarnestEspressos,CostlyCorianders,7328982
2026-07-04T18:13:38.486230,2026-07-04T18:13:38.495177+00:00,135.4,42,bid,CostlyCorianders,EarnestEspressos,7329003
2026-07-04T18:13:38.631664,2026-07-04T18:13:38.643367+00:00,135.4,50,bid,FlawlessFlatbreads,EarnestEspressos,7329006
2026-07-04T18:13:40.739222,2026-07-04T18:13:40.750718+00:00,135.4,50,bid,FlawlessFlatbreads,EarnestEspressos,7329031
2026-07-04T18:13:40.977731,2026-07-04T18:13:40.986322+00:00,135.1,48,ask,DiligentDonuts,CostlyCorianders,7329037
2026-07-04T18:13:40.992616,2026-07-04T18:13:41.004029+00:00,135.6,100,bid,EarnestEspressos,DiligentDonuts,7329038
2026-07-04T18:13:41.059572,2026-07-04T18:13:41.066767+00:00,135.6,23,ask,EarnestEspressos,Xuanyu Liu,7329041
2026-07-04T18:13:42.229298,2026-07-04T18:13:42.244717+00:00,135.6,3,ask,EarnestEspressos,Xuanyu Liu,7329062
2026-07-04T18:13:42.847524,2026-07-04T18:13:42.858562+00:00,135.8,50,bid,FlawlessFlatbreads,DiligentDonuts,7329075
2026-07-04T18:13:44.957881,2026-07-04T18:13:44.966363+00:00,135.4,50,bid,FlawlessFlatbreads,EarnestEspressos,7329112
2026-07-04T18:13:45.212227,2026-07-04T18:13:45.224149+00:00,135.4,100,bid,DiligentDonuts,EarnestEspressos,7329118
2026-07-04T18:13:49.224183,2026-07-04T18:13:49.232915+00:00,135.5,50,ask,EarnestEspressos,FlawlessFlatbreads,7329159
2026-07-04T18:13:51.331623,2026-07-04T18:13:51.343120+00:00,135.7,50,ask,EarnestEspressos,FlawlessFlatbreads,7329188
2026-07-04T18:13:51.597818,2026-07-04T18:13:51.609558+00:00,135.7,100,ask,EarnestEspressos,DiligentDonuts,7329194
2026-07-04T18:13:52.876951,2026-07-04T18:13:52.884899+00:00,135.2,8,ask,DiligentDonuts,Zihao Wu,7329213
2026-07-04T18:13:53.219557,2026-07-04T18:13:53.231089+00:00,136.2,48,bid,CostlyCorianders,EarnestEspressos,7329217
2026-07-04T18:13:53.442713,2026-07-04T18:13:53.458735+00:00,135.2,50,ask,DiligentDonuts,FlawlessFlatbreads,7329221
2026-07-04T18:13:54.250557,2026-07-04T18:13:54.258579+00:00,135.4,49,ask,EarnestEspressos,CostlyCorianders,7329236
2026-07-04T18:13:55.351760,2026-07-04T18:13:55.359330+00:00,135.9,3,bid,Xuanyu Liu,EarnestEspressos,7329255
2026-07-04T18:13:55.697167,2026-07-04T18:13:55.709024+00:00,135.9,46,bid,CostlyCorianders,EarnestEspressos,7329263
2026-07-04T18:13:55.944782,2026-07-04T18:13:55.952469+00:00,135.9,11,bid,Xuanyu Liu,EarnestEspressos,7329267
2026-07-04T18:13:58.341926,2026-07-04T18:13:58.349872+00:00,135.8,47,ask,EarnestEspressos,CostlyCorianders,7329300
2026-07-04T18:13:59.711900,2026-07-04T18:13:59.723836+00:00,136.2,50,bid,FlawlessFlatbreads,DiligentDonuts,7329322
2026-07-04T18:14:01.603758,2026-07-04T18:14:01.615579+00:00,136.2,49,ask,DiligentDonuts,CostlyCorianders,7329347
2026-07-04T18:14:01.819038,2026-07-04T18:14:01.830825+00:00,136.4,50,bid,FlawlessFlatbreads,EarnestEspressos,7329353
2026-07-04T18:14:01.926944,2026-07-04T18:14:01.935101+00:00,136.2,11,ask,DiligentDonuts,Xuanyu Liu,7329357
2026-07-04T18:14:03.203558,2026-07-04T18:14:03.214159+00:00,136.7,46,bid,CostlyCorianders,DiligentDonuts,7329377
2026-07-04T18:14:03.927325,2026-07-04T18:14:03.939065+00:00,136.4,50,bid,FlawlessFlatbreads,EarnestEspressos,7329385
2026-07-04T18:14:05.829677,2026-07-04T18:14:05.841367+00:00,136.4,43,bid,CostlyCorianders,EarnestEspressos,7329417
2026-07-04T18:14:06.039376,2026-07-04T18:14:06.047161+00:00,136.4,50,bid,FlawlessFlatbreads,EarnestEspressos,7329419
2026-07-04T18:14:06.328171,2026-07-04T18:14:06.336179+00:00,136.5,6,ask,EarnestEspressos,Xuanyu Liu,7329424
2026-07-04T18:14:07.356255,2026-07-04T18:14:07.367912+00:00,136.5,45,ask,EarnestEspressos,CostlyCorianders,7329439
2026-07-04T18:14:07.451137,2026-07-04T18:14:07.463785+00:00,136.5,99,ask,EarnestEspressos,DiligentDonuts,7329440
2026-07-04T18:14:08.145359,2026-07-04T18:14:08.157011+00:00,136.5,1,bid,FlawlessFlatbreads,DiligentDonuts,7329450
2026-07-04T18:14:09.590507,2026-07-04T18:14:09.601951+00:00,136.0,40,ask,DiligentDonuts,CostlyCorianders,7329478
2026-07-04T18:14:09.784661,2026-07-04T18:14:09.793938+00:00,136.2,3,bid,Xuanyu Liu,EarnestEspressos,7329481
2026-07-04T18:14:10.570608,2026-07-04T18:14:10.580446+00:00,136.2,100,bid,DiligentDonuts,EarnestEspressos,7329492
2026-07-04T18:14:12.358982,2026-07-04T18:14:12.368786+00:00,136.2,47,bid,FlawlessFlatbreads,EarnestEspressos,7329523
2026-07-04T18:14:12.358982,2026-07-04T18:14:12.368786+00:00,136.7,3,bid,FlawlessFlatbreads,DiligentDonuts,7329524
2026-07-04T18:14:12.911500,2026-07-04T18:14:12.918547+00:00,136.7,8,bid,Zihao Wu,DiligentDonuts,7329531
2026-07-04T18:14:13.735640,2026-07-04T18:14:13.744036+00:00,136.4,3,ask,EarnestEspressos,Xuanyu Liu,7329541
2026-07-04T18:14:13.784350,2026-07-04T18:14:13.795824+00:00,136.4,100,ask,EarnestEspressos,DiligentDonuts,7329544
2026-07-04T18:14:14.857266,2026-07-04T18:14:14.869116+00:00,136.4,47,ask,EarnestEspressos,CostlyCorianders,7329559
2026-07-04T18:14:16.359560,2026-07-04T18:14:16.366888+00:00,136.3,3,bid,Xuanyu Liu,EarnestEspressos,7329578
2026-07-04T18:14:16.895592,2026-07-04T18:14:16.902637+00:00,136.3,100,bid,DiligentDonuts,EarnestEspressos,7329589
2026-07-04T18:14:18.044188,2026-07-04T18:14:18.055723+00:00,136.3,47,bid,CostlyCorianders,EarnestEspressos,7329602
2026-07-04T18:14:18.044188,2026-07-04T18:14:18.055723+00:00,136.8,1,bid,CostlyCorianders,DiligentDonuts,7329603
2026-07-04T18:14:18.680895,2026-07-04T18:14:18.692537+00:00,136.8,50,bid,FlawlessFlatbreads,DiligentDonuts,7329617
2026-07-04T18:14:18.960980,2026-07-04T18:14:18.982582+00:00,136.5,3,ask,EarnestEspressos,Xuanyu Liu,7329621
2026-07-04T18:14:18.990850,2026-07-04T18:14:18.998715+00:00,136.5,11,ask,EarnestEspressos,Xuanyu Liu,7329625
2026-07-04T18:14:19.109715,2026-07-04T18:14:19.119108+00:00,136.8,46,bid,CostlyCorianders,DiligentDonuts,7329628
2026-07-04T18:14:19.164092,2026-07-04T18:14:19.171650+00:00,136.5,45,ask,EarnestEspressos,CostlyCorianders,7329629
2026-07-04T18:14:19.620459,2026-07-04T18:14:19.630284+00:00,136.5,46,ask,EarnestEspressos,CostlyCorianders,7329638
2026-07-04T18:14:20.165737,2026-07-04T18:14:20.174342+00:00,136.6,48,bid,CostlyCorianders,DiligentDonuts,7329644
2026-07-04T18:14:20.789752,2026-07-04T18:14:20.797915+00:00,136.6,50,bid,FlawlessFlatbreads,DiligentDonuts,7329652
2026-07-04T18:14:22.206603,2026-07-04T18:14:22.218633+00:00,136.4,48,bid,CostlyCorianders,EarnestEspressos,7329678
2026-07-04T18:14:22.947734,2026-07-04T18:14:22.957695+00:00,136.1,50,ask,DiligentDonuts,FlawlessFlatbreads,7329688
