timestamp,recv_time,price,volume,aggressor_side,buyer,seller,trade_id
2026-07-05T00:00:01.078691,2026-07-05T00:00:01.090387+00:00,142.7,50,ask,EarnestEspressos,FlawlessFlatbreads,7644252
2026-07-05T00:00:03.187130,2026-07-05T00:00:03.175490+00:00,142.7,50,ask,EarnestEspressos,FlawlessFlatbreads,7644283
2026-07-05T00:00:04.678562,2026-07-05T00:00:04.685192+00:00,142.9,45,bid,CostlyCorianders,DiligentDonuts,7644308
2026-07-05T00:00:05.168646,2026-07-05T00:00:05.179494+00:00,142.9,25,bid,Yinxuan Li,DiligentDonuts,7644317
2026-07-05T00:00:05.293724,2026-07-05T00:00:05.301697+00:00,142.7,50,ask,EarnestEspressos,FlawlessFlatbreads,7644322
2026-07-05T00:00:07.402958,2026-07-05T00:00:07.414826+00:00,142.6,50,ask,DiligentDonuts,FlawlessFlatbreads,7644358
2026-07-05T00:00:09.510521,2026-07-05T00:00:09.517231+00:00,142.3,50,ask,DiligentDonuts,FlawlessFlatbreads,7644389
2026-07-05T00:00:10.643761,2026-07-05T00:00:10.655402+00:00,142.3,46,ask,DiligentDonuts,CostlyCorianders,7644402
2026-07-05T00:00:11.617253,2026-07-05T00:00:11.664066+00:00,142.3,4,ask,DiligentDonuts,FlawlessFlatbreads,7644415
2026-07-05T00:00:11.617253,2026-07-05T00:00:11.664066+00:00,142.2,46,ask,EarnestEspressos,FlawlessFlatbreads,7644416
2026-07-05T00:00:13.570644,2026-07-05T00:00:13.580663+00:00,141.8,44,ask,DiligentDonuts,CostlyCorianders,7644452
2026-07-05T00:00:15.002475,2026-07-05T00:00:15.014476+00:00,142.3,47,bid,CostlyCorianders,DiligentDonuts,7644476
2026-07-05T00:00:15.193050,2026-07-05T00:00:15.202989+00:00,142.3,17,bid,Yinxuan Li,DiligentDonuts,7644481
2026-07-05T00:00:16.063886,2026-07-05T00:00:16.074477+00:00,142.1,48,bid,CostlyCorianders,EarnestEspressos,7644499
2026-07-05T00:00:16.119376,2026-07-05T00:00:16.131323+00:00,141.7,48,ask,DiligentDonuts,CostlyCorianders,7644503
2026-07-05T00:00:17.898728,2026-07-05T00:00:17.907210+00:00,142.1,50,bid,FlawlessFlatbreads,EarnestEspressos,7644538
2026-07-05T00:00:18.703280,2026-07-05T00:00:18.714870+00:00,142.0,100,ask,EarnestEspressos,DiligentDonuts,7644550
2026-07-05T00:00:20.004486,2026-07-05T00:00:20.015807+00:00,142.5,50,bid,FlawlessFlatbreads,EarnestEspressos,7644560
2026-07-05T00:00:21.604970,2026-07-05T00:00:21.614493+00:00,142.5,41,bid,CostlyCorianders,EarnestEspressos,7644579
2026-07-05T00:00:21.659874,2026-07-05T00:00:21.671711+00:00,142.0,43,ask,EarnestEspressos,CostlyCorianders,7644580
2026-07-05T00:00:22.118227,2026-07-05T00:00:22.129342+00:00,142.0,50,bid,FlawlessFlatbreads,DiligentDonuts,7644589
2026-07-05T00:00:24.224335,2026-07-05T00:00:24.228176+00:00,142.0,50,bid,FlawlessFlatbreads,DiligentDonuts,7644617
2026-07-05T00:00:25.803199,2026-07-05T00:00:25.811450+00:00,142.1,47,bid,CostlyCorianders,EarnestEspressos,7644644
2026-07-05T00:00:27.266540,2026-07-05T00:00:27.274172+00:00,142.1,46,bid,CostlyCorianders,EarnestEspressos,7644674
2026-07-05T00:00:27.864091,2026-07-05T00:00:27.876082+00:00,141.8,48,ask,DiligentDonuts,CostlyCorianders,7644682
2026-07-05T00:00:28.454036,2026-07-05T00:00:28.463897+00:00,142.1,50,bid,FlawlessFlatbreads,DiligentDonuts,7644691
2026-07-05T00:00:29.034042,2026-07-05T00:00:29.046027+00:00,142.1,41,bid,CostlyCorianders,DiligentDonuts,7644696
2026-07-05T00:00:30.587937,2026-07-05T00:00:30.595938+00:00,142.1,9,bid,FlawlessFlatbreads,DiligentDonuts,7644713
2026-07-05T00:00:30.587937,2026-07-05T00:00:30.600902+00:00,142.4,41,bid,FlawlessFlatbreads,EarnestEspressos,7644714
2026-07-05T00:00:31.359632,2026-07-05T00:00:31.371926+00:00,142.3,11,ask,EarnestEspressos,Xuanyu Liu,7644730
2026-07-05T00:00:32.698085,2026-07-05T00:00:32.710062+00:00,142.6,50,bid,FlawlessFlatbreads,DiligentDonuts,7644751
2026-07-05T00:00:34.735757,2026-07-05T00:00:34.744764+00:00,142.4,3,ask,DiligentDonuts,Xuanyu Liu,7644782
2026-07-05T00:00:34.806585,2026-07-05T00:00:34.818600+00:00,142.8,50,bid,FlawlessFlatbreads,EarnestEspressos,7644784
2026-07-05T00:00:36.915097,2026-07-05T00:00:36.926960+00:00,142.8,50,bid,FlawlessFlatbreads,EarnestEspressos,7644809
2026-07-05T00:00:37.899762,2026-07-05T00:00:37.907751+00:00,142.6,3,ask,EarnestEspressos,Xuanyu Liu,7644818
2026-07-05T00:00:39.024108,2026-07-05T00:00:39.035944+00:00,142.7,50,bid,FlawlessFlatbreads,DiligentDonuts,7644837
2026-07-05T00:00:40.223150,2026-07-05T00:00:40.234736+00:00,142.6,25,ask,EarnestEspressos,Yinxuan Li,7644850
2026-07-05T00:00:40.684843,2026-07-05T00:00:40.693068+00:00,142.6,43,ask,EarnestEspressos,CostlyCorianders,7644857
2026-07-05T00:00:41.128950,2026-07-05T00:00:41.140669+00:00,142.7,50,bid,FlawlessFlatbreads,EarnestEspressos,7644873
2026-07-05T00:00:41.198609,2026-07-05T00:00:41.210346+00:00,142.3,43,ask,DiligentDonuts,CostlyCorianders,7644874
2026-07-05T00:00:43.299072,2026-07-05T00:00:43.309321+00:00,142.3,50,ask,DiligentDonuts,FlawlessFlatbreads,7644901
2026-07-05T00:00:43.769128,2026-07-05T00:00:43.781018+00:00,142.3,7,ask,DiligentDonuts,CostlyCorianders,7644906
2026-07-05T00:00:43.769128,2026-07-05T00:00:43.781018+00:00,142.2,39,ask,EarnestEspressos,CostlyCorianders,7644907
2026-07-05T00:00:45.409876,2026-07-05T00:00:45.418449+00:00,142.1,50,ask,EarnestEspressos,FlawlessFlatbreads,7644928
2026-07-05T00:00:45.966048,2026-07-05T00:00:45.977725+00:00,142.2,42,bid,CostlyCorianders,DiligentDonuts,7644936
2026-07-05T00:00:46.543326,2026-07-05T00:00:46.552056+00:00,142.2,3,bid,Xuanyu Liu,DiligentDonuts,7644945
2026-07-05T00:00:47.546210,2026-07-05T00:00:47.559232+00:00,142.1,50,ask,DiligentDonuts,FlawlessFlatbreads,7644957
2026-07-05T00:00:48.547761,2026-07-05T00:00:48.560012+00:00,142.6,40,bid,CostlyCorianders,DiligentDonuts,7644973
2026-07-05T00:00:49.653257,2026-07-05T00:00:49.665361+00:00,142.1,50,ask,DiligentDonuts,FlawlessFlatbreads,7644990
2026-07-05T00:00:51.075251,2026-07-05T00:00:51.087153+00:00,141.9,43,ask,EarnestEspressos,CostlyCorianders,7645006
2026-07-05T00:00:51.710115,2026-07-05T00:00:51.722030+00:00,142.3,50,bid,FlawlessFlatbreads,DiligentDonuts,7645019
2026-07-05T00:00:52.119450,2026-07-05T00:00:52.131029+00:00,142.3,42,bid,CostlyCorianders,DiligentDonuts,7645028
2026-07-05T00:00:53.884250,2026-07-05T00:00:53.896101+00:00,141.9,50,ask,DiligentDonuts,FlawlessFlatbreads,7645053
2026-07-05T00:00:54.206226,2026-07-05T00:00:54.216626+00:00,141.9,46,ask,DiligentDonuts,CostlyCorianders,7645058
2026-07-05T00:00:54.721030,2026-07-05T00:00:54.732668+00:00,142.1,40,bid,CostlyCorianders,EarnestEspressos,7645068
2026-07-05T00:00:56.015572,2026-07-05T00:00:56.023163+00:00,141.9,4,ask,DiligentDonuts,FlawlessFlatbreads,7645084
2026-07-05T00:01:00.225688,2026-07-05T00:01:00.237453+00:00,141.8,50,ask,EarnestEspressos,FlawlessFlatbreads,7645130
2026-07-05T00:01:01.339737,2026-07-05T00:01:01.351614+00:00,141.8,40,ask,EarnestEspressos,CostlyCorianders,7645144
2026-07-05T00:01:02.334689,2026-07-05T00:01:02.346978+00:00,141.8,50,ask,EarnestEspressos,FlawlessFlatbreads,7645163
2026-07-05T00:01:03.065177,2026-07-05T00:01:03.075500+00:00,141.6,3,bid,Xuanyu Liu,EarnestEspressos,7645180
2026-07-05T00:01:04.442046,2026-07-05T00:01:04.449301+00:00,141.5,50,ask,DiligentDonuts,FlawlessFlatbreads,7645207
2026-07-05T00:01:04.915816,2026-07-05T00:01:04.924310+00:00,141.6,23,bid,Xuanyu Liu,EarnestEspressos,7645215
2026-07-05T00:01:05.252967,2026-07-05T00:01:05.254624+00:00,141.6,25,bid,Yinxuan Li,EarnestEspressos,7645220
2026-07-05T00:01:06.549232,2026-07-05T00:01:06.556142+00:00,141.2,50,ask,DiligentDonuts,FlawlessFlatbreads,7645238
2026-07-05T00:01:06.559615,2026-07-05T00:01:06.576926+00:00,141.7,44,bid,CostlyCorianders,DiligentDonuts,7645241
2026-07-05T00:01:07.169431,2026-07-05T00:01:07.177177+00:00,141.2,43,ask,DiligentDonuts,CostlyCorianders,7645250
2026-07-05T00:01:08.655481,2026-07-05T00:01:08.667318+00:00,141.2,7,ask,DiligentDonuts,FlawlessFlatbreads,7645264
2026-07-05T00:01:08.655481,2026-07-05T00:01:08.667318+00:00,141.2,43,ask,EarnestEspressos,FlawlessFlatbreads,7645265
2026-07-05T00:01:10.763851,2026-07-05T00:01:10.775793+00:00,141.0,50,ask,DiligentDonuts,FlawlessFlatbreads,7645294
2026-07-05T00:01:12.871865,2026-07-05T00:01:12.883577+00:00,140.8,50,ask,DiligentDonuts,FlawlessFlatbreads,7645323
2026-07-05T00:01:14.979045,2026-07-05T00:01:14.990715+00:00,140.8,50,ask,DiligentDonuts,FlawlessFlatbreads,7645356
2026-07-05T00:01:15.675399,2026-07-05T00:01:15.685193+00:00,141.0,23,bid,Xuanyu Liu,DiligentDonuts,7645366
2026-07-05T00:01:17.086264,2026-07-05T00:01:17.093864+00:00,140.9,50,ask,EarnestEspressos,FlawlessFlatbreads,7645388
2026-07-05T00:01:18.541123,2026-07-05T00:01:18.550376+00:00,141.0,48,bid,CostlyCorianders,DiligentDonuts,7645408
2026-07-05T00:01:19.143278,2026-07-05T00:01:19.150729+00:00,141.0,50,bid,FlawlessFlatbreads,DiligentDonuts,7645416
2026-07-05T00:01:19.603585,2026-07-05T00:01:19.615334+00:00,141.0,47,bid,CostlyCorianders,DiligentDonuts,7645423
2026-07-05T00:01:21.250648,2026-07-05T00:01:21.258551+00:00,141.0,3,bid,FlawlessFlatbreads,DiligentDonuts,7645455
2026-07-05T00:01:21.250648,2026-07-05T00:01:21.258551+00:00,141.0,47,bid,FlawlessFlatbreads,EarnestEspressos,7645456
2026-07-05T00:01:22.314403,2026-07-05T00:01:22.323704+00:00,140.7,40,ask,DiligentDonuts,CostlyCorianders,7645468
2026-07-05T00:01:22.852218,2026-07-05T00:01:22.864170+00:00,141.1,41,bid,CostlyCorianders,EarnestEspressos,7645476
2026-07-05T00:01:23.360771,2026-07-05T00:01:23.372822+00:00,141.1,50,bid,FlawlessFlatbreads,EarnestEspressos,7645490
2026-07-05T00:01:23.373682,2026-07-05T00:01:23.385471+00:00,140.7,49,ask,DiligentDonuts,CostlyCorianders,7645491
2026-07-05T00:01:24.922890,2026-07-05T00:01:24.934884+00:00,141.1,45,bid,CostlyCorianders,EarnestEspressos,7645509
2026-07-05T00:01:25.219684,2026-07-05T00:01:25.231821+00:00,140.9,100,bid,EarnestEspressos,DiligentDonuts,7645519
2026-07-05T00:01:25.285958,2026-07-05T00:01:25.295138+00:00,141.0,35,ask,EarnestEspressos,Xuanyu Liu,7645521
2026-07-05T00:01:27.584980,2026-07-05T00:01:27.595857+00:00,141.5,50,bid,FlawlessFlatbreads,EarnestEspressos,7645552
2026-07-05T00:01:27.590148,2026-07-05T00:01:27.601111+00:00,141.0,15,ask,EarnestEspressos,CostlyCorianders,7645553
2026-07-05T00:01:27.590148,2026-07-05T00:01:27.601111+00:00,140.4,34,ask,DiligentDonuts,CostlyCorianders,7645554
2026-07-05T00:01:27.698743,2026-07-05T00:01:27.708684+00:00,141.5,11,bid,Zihao Wu,EarnestEspressos,7645556
2026-07-05T00:01:29.695646,2026-07-05T00:01:29.705778+00:00,141.0,50,bid,FlawlessFlatbreads,DiligentDonuts,7645584
2026-07-05T00:01:31.360114,2026-07-05T00:01:31.369836+00:00,141.0,41,bid,CostlyCorianders,DiligentDonuts,7645610
2026-07-05T00:01:31.413914,2026-07-05T00:01:31.424643+00:00,140.8,41,ask,EarnestEspressos,CostlyCorianders,7645611
2026-07-05T00:01:31.803455,2026-07-05T00:01:31.812875+00:00,141.2,50,bid,FlawlessFlatbreads,EarnestEspressos,7645620
2026-07-05T00:01:33.545704,2026-07-05T00:01:33.556869+00:00,141.2,44,bid,CostlyCorianders,EarnestEspressos,7645649
2026-07-05T00:01:33.909859,2026-07-05T00:01:33.921453+00:00,141.2,50,bid,FlawlessFlatbreads,EarnestEspressos,7645656
2026-07-05T00:01:34.714529,2026-07-05T00:01:34.722629+00:00,141.5,100,bid,EarnestEspressos,DiligentDonuts,7645677
2026-07-05T00:01:34.796317,2026-07-05T00:01:34.804779+00:00,141.5,14,ask,EarnestEspressos,Xuanyu Liu,7645680
2026-07-05T00:01:36.016829,2026-07-05T00:01:36.026107+00:00,142.0,50,bid,FlawlessFlatbreads,EarnestEspressos,7645697
2026-07-05T00:01:36.059313,2026-07-05T00:01:36.071291+00:00,141.5,36,ask,EarnestEspressos,CostlyCorianders,7645698
2026-07-05T00:01:36.059313,2026-07-05T00:01:36.071291+00:00,141.0,5,ask,DiligentDonuts,CostlyCorianders,7645699
2026-07-05T00:01:39.897881,2026-07-05T00:01:39.907251+00:00,141.5,45,ask,DiligentDonuts,CostlyCorianders,7645751
2026-07-05T00:01:40.247677,2026-07-05T00:01:40.254425+00:00,141.7,50,bid,FlawlessFlatbreads,EarnestEspressos,7645752
2026-07-05T00:01:40.471224,2026-07-05T00:01:40.481562+00:00,141.5,40,ask,DiligentDonuts,CostlyCorianders,7645757
2026-07-05T00:01:41.613608,2026-07-05T00:01:41.625594+00:00,141.6,45,bid,CostlyCorianders,DiligentDonuts,7645778
2026-07-05T00:01:42.355188,2026-07-05T00:01:42.367290+00:00,141.6,50,bid,FlawlessFlatbreads,DiligentDonuts,7645786
2026-07-05T00:01:44.247614,2026-07-05T00:01:44.258561+00:00,141.9,42,bid,CostlyCorianders,DiligentDonuts,7645820
2026-07-05T00:01:44.462965,2026-07-05T00:01:44.474676+00:00,141.9,50,bid,FlawlessFlatbreads,DiligentDonuts,7645826
2026-07-05T00:01:44.732703,2026-07-05T00:01:44.739808+00:00,141.5,41,ask,EarnestEspressos,CostlyCorianders,7645830
2026-07-05T00:01:46.169032,2026-07-05T00:01:46.180887+00:00,141.9,8,bid,CostlyCorianders,DiligentDonuts,7645842
2026-07-05T00:01:46.169032,2026-07-05T00:01:46.180887+00:00,142.0,37,bid,CostlyCorianders,EarnestEspressos,7645843
2026-07-05T00:01:46.569118,2026-07-05T00:01:46.580879+00:00,142.0,50,bid,FlawlessFlatbreads,EarnestEspressos,7645851
2026-07-05T00:01:47.390973,2026-07-05T00:01:47.399510+00:00,141.7,3,ask,EarnestEspressos,Xuanyu Liu,7645862
2026-07-05T00:01:47.722050,2026-07-05T00:01:47.732481+00:00,141.7,11,ask,EarnestEspressos,Zihao Wu,7645873
2026-07-05T00:01:48.749916,2026-07-05T00:01:48.758561+00:00,141.7,50,ask,EarnestEspressos,FlawlessFlatbreads,7645895
2026-07-05T00:01:49.133682,2026-07-05T00:01:49.142026+00:00,141.7,45,ask,EarnestEspressos,CostlyCorianders,7645900
2026-07-05T00:01:50.708735,2026-07-05T00:01:50.720593+00:00,141.9,41,bid,CostlyCorianders,EarnestEspressos,7645923
2026-07-05T00:01:50.857102,2026-07-05T00:01:50.868938+00:00,141.8,50,ask,DiligentDonuts,FlawlessFlatbreads,7645925
2026-07-05T00:01:52.649789,2026-07-05T00:01:52.651275+00:00,141.8,45,ask,DiligentDonuts,CostlyCorianders,7645950
2026-07-05T00:01:52.962642,2026-07-05T00:01:52.974623+00:00,141.8,5,ask,DiligentDonuts,FlawlessFlatbreads,7645956
2026-07-05T00:01:52.962642,2026-07-05T00:01:52.974623+00:00,141.4,45,ask,EarnestEspressos,FlawlessFlatbreads,7645957
2026-07-05T00:01:54.103845,2026-07-05T00:01:54.115099+00:00,142.0,41,bid,CostlyCorianders,EarnestEspressos,7645977
2026-07-05T00:01:55.019914,2026-07-05T00:01:55.031909+00:00,141.6,45,ask,DiligentDonuts,CostlyCorianders,7645992
2026-07-05T00:01:55.070816,2026-07-05T00:01:55.082922+00:00,141.6,50,ask,DiligentDonuts,FlawlessFlatbreads,7645993
2026-07-05T00:01:56.832312,2026-07-05T00:01:56.843235+00:00,141.5,100,ask,EarnestEspressos,DiligentDonuts,7646020
2026-07-05T00:01:56.959526,2026-07-05T00:01:56.970188+00:00,141.4,3,bid,Xuanyu Liu,EarnestEspressos,7646021
2026-07-05T00:01:58.055527,2026-07-05T00:01:58.054463+00:00,141.4,43,bid,CostlyCorianders,EarnestEspressos,7646041
2026-07-05T00:01:58.703958,2026-07-05T00:01:58.712741+00:00,141.0,46,ask,DiligentDonuts,CostlyCorianders,7646051
2026-07-05T00:01:59.282613,2026-07-05T00:01:59.290068+00:00,141.0,50,ask,DiligentDonuts,FlawlessFlatbreads,7646056
2026-07-05T00:02:01.415965,2026-07-05T00:02:01.424373+00:00,140.9,50,ask,EarnestEspressos,FlawlessFlatbreads,7646089
2026-07-05T00:02:03.523227,2026-07-05T00:02:03.535193+00:00,140.9,50,ask,DiligentDonuts,FlawlessFlatbreads,7646119
2026-07-05T00:02:04.338598,2026-07-05T00:02:04.350212+00:00,141.3,43,bid,CostlyCorianders,EarnestEspressos,7646137
2026-07-05T00:02:05.579327,2026-07-05T00:02:05.591542+00:00,141.3,50,bid,FlawlessFlatbreads,EarnestEspressos,7646158
2026-07-05T00:02:06.478803,2026-07-05T00:02:06.490622+00:00,141.0,41,ask,EarnestEspressos,CostlyCorianders,7646178
2026-07-05T00:02:07.774899,2026-07-05T00:02:07.783504+00:00,141.0,50,ask,EarnestEspressos,FlawlessFlatbreads,7646191
2026-07-05T00:02:09.886520,2026-07-05T00:02:09.896511+00:00,140.8,50,ask,DiligentDonuts,FlawlessFlatbreads,7646233
2026-07-05T00:02:10.750694,2026-07-05T00:02:10.757139+00:00,141.3,48,bid,CostlyCorianders,DiligentDonuts,7646249
2026-07-05T00:02:11.994385,2026-07-05T00:02:12.003630+00:00,140.8,50,ask,DiligentDonuts,FlawlessFlatbreads,7646265
2026-07-05T00:02:12.593174,2026-07-05T00:02:12.602428+00:00,140.8,40,ask,EarnestEspressos,CostlyCorianders,7646274
2026-07-05T00:02:13.117069,2026-07-05T00:02:13.125301+00:00,141.0,14,bid,Xuanyu Liu,DiligentDonuts,7646286
2026-07-05T00:02:14.100279,2026-07-05T00:02:14.111815+00:00,140.6,50,ask,EarnestEspressos,FlawlessFlatbreads,7646300
2026-07-05T00:02:16.207407,2026-07-05T00:02:16.219113+00:00,140.6,50,ask,DiligentDonuts,FlawlessFlatbreads,7646328
2026-07-05T00:02:16.227501,2026-07-05T00:02:16.239297+00:00,140.8,41,bid,CostlyCorianders,EarnestEspressos,7646329
2026-07-05T00:02:17.204169,2026-07-05T00:02:17.213625+00:00,140.8,12,bid,Xuanyu Liu,EarnestEspressos,7646350
2026-07-05T00:02:18.313809,2026-07-05T00:02:18.325478+00:00,140.6,50,ask,DiligentDonuts,FlawlessFlatbreads,7646364
2026-07-05T00:02:18.751745,2026-07-05T00:02:18.763902+00:00,140.8,45,bid,CostlyCorianders,EarnestEspressos,7646374
2026-07-05T00:02:20.422359,2026-07-05T00:02:20.434166+00:00,140.8,50,ask,EarnestEspressos,FlawlessFlatbreads,7646393
2026-07-05T00:02:22.136942,2026-07-05T00:02:22.149003+00:00,140.8,100,ask,EarnestEspressos,DiligentDonuts,7646417
2026-07-05T00:02:22.276191,2026-07-05T00:02:22.285622+00:00,140.5,11,bid,Xuanyu Liu,EarnestEspressos,7646418
2026-07-05T00:02:22.534703,2026-07-05T00:02:22.543442+00:00,140.2,50,ask,DiligentDonuts,FlawlessFlatbreads,7646428
2026-07-05T00:02:22.912890,2026-07-05T00:02:22.924896+00:00,140.5,45,bid,CostlyCorianders,EarnestEspressos,7646437
2026-07-05T00:02:23.248701,2026-07-05T00:02:23.261475+00:00,140.5,12,bid,Xuanyu Liu,EarnestEspressos,7646441
2026-07-05T00:02:24.645972,2026-07-05T00:02:24.653041+00:00,140.2,50,ask,DiligentDonuts,FlawlessFlatbreads,7646469
2026-07-05T00:02:25.956391,2026-07-05T00:02:25.968132+00:00,140.4,40,ask,EarnestEspressos,CostlyCorianders,7646488
2026-07-05T00:02:26.565152,2026-07-05T00:02:26.577413+00:00,140.4,40,ask,EarnestEspressos,CostlyCorianders,7646499
2026-07-05T00:02:26.752802,2026-07-05T00:02:26.764746+00:00,140.4,50,ask,EarnestEspressos,FlawlessFlatbreads,7646500
2026-07-05T00:02:27.213463,2026-07-05T00:02:27.221128+00:00,140.8,49,bid,CostlyCorianders,DiligentDonuts,7646507
2026-07-05T00:02:28.591712,2026-07-05T00:02:28.614310+00:00,140.2,100,ask,DiligentDonuts,EarnestEspressos,7646532
2026-07-05T00:02:28.604693,2026-07-05T00:02:28.614310+00:00,140.2,11,bid,Xuanyu Liu,EarnestEspressos,7646533
2026-07-05T00:02:28.863930,2026-07-05T00:02:28.875559+00:00,139.7,50,ask,EarnestEspressos,FlawlessFlatbreads,7646540
2026-07-05T00:02:29.530308,2026-07-05T00:02:29.542310+00:00,139.7,42,ask,EarnestEspressos,CostlyCorianders,7646550
2026-07-05T00:02:30.514129,2026-07-05T00:02:30.521438+00:00,140.2,11,bid,Xuanyu Liu,EarnestEspressos,7646567
2026-07-05T00:02:30.919763,2026-07-05T00:02:30.931936+00:00,140.2,28,bid,FlawlessFlatbreads,EarnestEspressos,7646569
2026-07-05T00:02:30.919763,2026-07-05T00:02:30.931936+00:00,140.7,22,bid,FlawlessFlatbreads,DiligentDonuts,7646570
2026-07-05T00:02:32.909713,2026-07-05T00:02:32.918530+00:00,140.3,49,bid,CostlyCorianders,EarnestEspressos,7646602
2026-07-05T00:02:33.029544,2026-07-05T00:02:33.036314+00:00,140.3,50,bid,FlawlessFlatbreads,EarnestEspressos,7646605
2026-07-05T00:02:34.558969,2026-07-05T00:02:34.570996+00:00,140.3,43,bid,CostlyCorianders,EarnestEspressos,7646626
2026-07-05T00:02:34.865686,2026-07-05T00:02:34.877376+00:00,140.5,100,bid,EarnestEspressos,DiligentDonuts,7646632
2026-07-05T00:02:34.933341,2026-07-05T00:02:34.943049+00:00,140.5,22,ask,EarnestEspressos,Xuanyu Liu,7646634
2026-07-05T00:02:35.137026,2026-07-05T00:02:35.146149+00:00,141.0,50,bid,FlawlessFlatbreads,EarnestEspressos,7646639
2026-07-05T00:02:37.242713,2026-07-05T00:02:37.251294+00:00,141.0,50,bid,FlawlessFlatbreads,EarnestEspressos,7646673
2026-07-05T00:02:39.350197,2026-07-05T00:02:39.358581+00:00,141.0,50,bid,FlawlessFlatbreads,DiligentDonuts,7646694
2026-07-05T00:02:41.393638,2026-07-05T00:02:41.422771+00:00,140.7,12,ask,DiligentDonuts,Xuanyu Liu,7646725
2026-07-05T00:02:41.456544,2026-07-05T00:02:41.468566+00:00,141.2,50,bid,FlawlessFlatbreads,DiligentDonuts,7646728
2026-07-05T00:02:41.936661,2026-07-05T00:02:41.944196+00:00,140.7,11,ask,DiligentDonuts,Xuanyu Liu,7646742
2026-07-05T00:02:45.669692,2026-07-05T00:02:45.679070+00:00,140.9,50,bid,FlawlessFlatbreads,EarnestEspressos,7646808
2026-07-05T00:02:47.778085,2026-07-05T00:02:47.790027+00:00,141.0,50,bid,FlawlessFlatbreads,DiligentDonuts,7646839
2026-07-05T00:02:49.884895,2026-07-05T00:02:49.894853+00:00,141.0,50,bid,FlawlessFlatbreads,DiligentDonuts,7646877
2026-07-05T00:02:50.569443,2026-07-05T00:02:50.577638+00:00,140.7,12,ask,DiligentDonuts,Xuanyu Liu,7646889
2026-07-05T00:02:51.992242,2026-07-05T00:02:52.003832+00:00,141.0,50,bid,FlawlessFlatbreads,EarnestEspressos,7646909
2026-07-05T00:02:53.733065,2026-07-05T00:02:53.740567+00:00,140.9,11,ask,DiligentDonuts,Xuanyu Liu,7646941
2026-07-05T00:02:54.107902,2026-07-05T00:02:54.117106+00:00,141.4,50,bid,FlawlessFlatbreads,DiligentDonuts,7646945
2026-07-05T00:02:55.335779,2026-07-05T00:02:55.346795+00:00,140.9,41,ask,DiligentDonuts,CostlyCorianders,7646969
2026-07-05T00:02:56.215260,2026-07-05T00:02:56.227301+00:00,141.4,50,bid,FlawlessFlatbreads,DiligentDonuts,7646983
2026-07-05T00:02:57.635698,2026-07-05T00:02:57.643738+00:00,141.0,3,ask,DiligentDonuts,Xuanyu Liu,7646997
2026-07-05T00:02:57.867077,2026-07-05T00:02:57.879044+00:00,141.0,42,ask,DiligentDonuts,CostlyCorianders,7647003
2026-07-05T00:02:58.328046,2026-07-05T00:02:58.339546+00:00,141.4,50,bid,FlawlessFlatbreads,EarnestEspressos,7647007
2026-07-05T00:03:00.435016,2026-07-05T00:03:00.446680+00:00,141.3,50,bid,FlawlessFlatbreads,DiligentDonuts,7647039
2026-07-05T00:03:02.564685,2026-07-05T00:03:02.579485+00:00,141.3,50,bid,FlawlessFlatbreads,DiligentDonuts,7647059
2026-07-05T00:03:04.677318,2026-07-05T00:03:04.689673+00:00,141.5,50,bid,FlawlessFlatbreads,EarnestEspressos,7647099
2026-07-05T00:03:06.063255,2026-07-05T00:03:06.075161+00:00,141.1,41,ask,DiligentDonuts,CostlyCorianders,7647114
2026-07-05T00:03:06.810809,2026-07-05T00:03:06.822294+00:00,141.3,50,bid,FlawlessFlatbreads,DiligentDonuts,7647121
2026-07-05T00:03:06.963805,2026-07-05T00:03:06.975793+00:00,141.3,43,bid,CostlyCorianders,DiligentDonuts,7647126
2026-07-05T00:03:08.046130,2026-07-05T00:03:08.058574+00:00,141.2,44,ask,EarnestEspressos,CostlyCorianders,7647147
2026-07-05T00:03:08.668381,2026-07-05T00:03:08.677874+00:00,141.3,7,bid,CostlyCorianders,DiligentDonuts,7647149
2026-07-05T00:03:08.668381,2026-07-05T00:03:08.677874+00:00,141.7,34,bid,CostlyCorianders,EarnestEspressos,7647150
2026-07-05T00:03:08.723716,2026-07-05T00:03:08.730737+00:00,141.2,46,ask,EarnestEspressos,CostlyCorianders,7647152
2026-07-05T00:03:08.916399,2026-07-05T00:03:08.927957+00:00,141.7,50,bid,FlawlessFlatbreads,EarnestEspressos,7647154
2026-07-05T00:03:09.218165,2026-07-05T00:03:09.233483+00:00,141.7,45,bid,CostlyCorianders,EarnestEspressos,7647164
2026-07-05T00:03:09.715509,2026-07-05T00:03:09.724319+00:00,141.7,14,ask,EarnestEspressos,Xuanyu Liu,7647169
2026-07-05T00:03:10.332021,2026-07-05T00:03:10.344195+00:00,141.7,49,ask,EarnestEspressos,CostlyCorianders,7647175
2026-07-05T00:03:10.375539,2026-07-05T00:03:10.387467+00:00,141.7,25,ask,EarnestEspressos,Yinxuan Li,7647176
2026-07-05T00:03:11.026545,2026-07-05T00:03:11.037676+00:00,141.9,50,bid,FlawlessFlatbreads,DiligentDonuts,7647186
2026-07-05T00:03:12.091695,2026-07-05T00:03:12.099608+00:00,141.7,23,ask,EarnestEspressos,Xuanyu Liu,7647208
2026-07-05T00:03:12.927377,2026-07-05T00:03:12.936335+00:00,141.5,11,bid,Xuanyu Liu,EarnestEspressos,7647217
2026-07-05T00:03:13.190205,2026-07-05T00:03:13.198799+00:00,141.4,50,ask,DiligentDonuts,FlawlessFlatbreads,7647224
2026-07-05T00:03:14.716713,2026-07-05T00:03:14.731180+00:00,141.5,12,bid,Xuanyu Liu,EarnestEspressos,7647246
2026-07-05T00:03:15.245662,2026-07-05T00:03:15.252173+00:00,141.5,50,bid,FlawlessFlatbreads,EarnestEspressos,7647254
2026-07-05T00:03:16.579807,2026-07-05T00:03:16.591596+00:00,141.9,49,bid,CostlyCorianders,DiligentDonuts,7647269
2026-07-05T00:03:17.360085,2026-07-05T00:03:17.371703+00:00,141.9,50,bid,FlawlessFlatbreads,DiligentDonuts,7647276
2026-07-05T00:03:19.458931,2026-07-05T00:03:19.468838+00:00,141.7,42,ask,DiligentDonuts,CostlyCorianders,7647303
2026-07-05T00:03:20.396344,2026-07-05T00:03:20.408307+00:00,141.7,25,ask,DiligentDonuts,Yinxuan Li,7647319
2026-07-05T00:03:20.993726,2026-07-05T00:03:21.005437+00:00,142.0,45,bid,CostlyCorianders,EarnestEspressos,7647332
2026-07-05T00:03:23.680576,2026-07-05T00:03:23.688591+00:00,142.2,50,bid,FlawlessFlatbreads,DiligentDonuts,7647367
2026-07-05T00:03:24.627277,2026-07-05T00:03:24.636989+00:00,141.8,48,ask,EarnestEspressos,CostlyCorianders,7647385
2026-07-05T00:03:25.018307,2026-07-05T00:03:25.026220+00:00,141.8,12,ask,EarnestEspressos,Xuanyu Liu,7647387
2026-07-05T00:03:25.157028,2026-07-05T00:03:25.155528+00:00,141.8,49,ask,EarnestEspressos,CostlyCorianders,7647389
2026-07-05T00:03:25.224177,2026-07-05T00:03:25.232226+00:00,141.8,23,ask,EarnestEspressos,Xuanyu Liu,7647391
2026-07-05T00:03:25.411341,2026-07-05T00:03:25.420128+00:00,141.8,18,ask,EarnestEspressos,Yinxuan Li,7647396
2026-07-05T00:03:25.568049,2026-07-05T00:03:25.579734+00:00,141.5,100,ask,DiligentDonuts,EarnestEspressos,7647401
2026-07-05T00:03:25.580796,2026-07-05T00:03:25.588670+00:00,141.4,23,bid,Xuanyu Liu,EarnestEspressos,7647402
2026-07-05T00:03:25.665593,2026-07-05T00:03:25.672417+00:00,141.4,27,bid,CostlyCorianders,EarnestEspressos,7647405
2026-07-05T00:03:25.665593,2026-07-05T00:03:25.677454+00:00,142.0,18,bid,CostlyCorianders,DiligentDonuts,7647406
2026-07-05T00:03:25.813318,2026-07-05T00:03:25.825304+00:00,142.0,50,bid,FlawlessFlatbreads,DiligentDonuts,7647407
2026-07-05T00:03:27.920335,2026-07-05T00:03:27.930264+00:00,142.0,32,bid,FlawlessFlatbreads,DiligentDonuts,7647426
2026-07-05T00:03:30.086206,2026-07-05T00:03:30.097812+00:00,141.5,50,ask,DiligentDonuts,FlawlessFlatbreads,7647451
2026-07-05T00:03:30.422720,2026-07-05T00:03:30.429315+00:00,141.5,25,ask,DiligentDonuts,Yinxuan Li,7647456
2026-07-05T00:03:30.863037,2026-07-05T00:03:30.874871+00:00,141.5,25,ask,DiligentDonuts,CostlyCorianders,7647466
2026-07-05T00:03:30.863037,2026-07-05T00:03:30.874871+00:00,141.4,21,ask,EarnestEspressos,CostlyCorianders,7647467
2026-07-05T00:03:32.193235,2026-07-05T00:03:32.200756+00:00,141.5,50,ask,EarnestEspressos,FlawlessFlatbreads,7647487
2026-07-05T00:03:38.451839,2026-07-05T00:03:38.456096+00:00,141.7,42,bid,CostlyCorianders,DiligentDonuts,7647566
2026-07-05T00:03:38.455296,2026-07-05T00:03:38.456096+00:00,141.7,50,bid,FlawlessFlatbreads,DiligentDonuts,7647567
2026-07-05T00:03:40.560491,2026-07-05T00:03:40.572756+00:00,141.7,8,bid,FlawlessFlatbreads,DiligentDonuts,7647597
2026-07-05T00:03:40.560491,2026-07-05T00:03:40.572756+00:00,141.8,42,bid,FlawlessFlatbreads,EarnestEspressos,7647598
2026-07-05T00:03:42.720668,2026-07-05T00:03:42.730050+00:00,141.6,50,ask,DiligentDonuts,FlawlessFlatbreads,7647630
2026-07-05T00:03:43.590316,2026-07-05T00:03:43.597385+00:00,141.6,23,ask,DiligentDonuts,Xuanyu Liu,7647642
2026-07-05T00:03:44.388794,2026-07-05T00:03:44.400681+00:00,141.5,100,ask,EarnestEspressos,DiligentDonuts,7647654
2026-07-05T00:03:44.586260,2026-07-05T00:03:44.595328+00:00,141.3,23,bid,Xuanyu Liu,EarnestEspressos,7647659
2026-07-05T00:03:44.774542,2026-07-05T00:03:44.785486+00:00,141.3,50,bid,FlawlessFlatbreads,EarnestEspressos,7647664
2026-07-05T00:03:45.474902,2026-07-05T00:03:45.486893+00:00,141.3,47,bid,CostlyCorianders,EarnestEspressos,7647675
2026-07-05T00:03:46.439606,2026-07-05T00:03:46.451512+00:00,141.0,49,ask,DiligentDonuts,CostlyCorianders,7647693
2026-07-05T00:03:46.931108,2026-07-05T00:03:46.943168+00:00,141.0,50,ask,DiligentDonuts,FlawlessFlatbreads,7647697
2026-07-05T00:03:47.991238,2026-07-05T00:03:48.000325+00:00,141.4,48,ask,EarnestEspressos,CostlyCorianders,7647715
2026-07-05T00:03:49.038797,2026-07-05T00:03:49.060878+00:00,141.4,50,ask,EarnestEspressos,FlawlessFlatbreads,7647726
2026-07-05T00:03:50.447918,2026-07-05T00:03:50.458598+00:00,141.4,25,ask,EarnestEspressos,Yinxuan Li,7647749
2026-07-05T00:03:51.685278,2026-07-05T00:03:51.692274+00:00,141.3,40,bid,CostlyCorianders,EarnestEspressos,7647763
2026-07-05T00:03:52.190667,2026-07-05T00:03:52.199726+00:00,141.3,12,bid,Xuanyu Liu,EarnestEspressos,7647767
2026-07-05T00:03:52.753635,2026-07-05T00:03:52.761791+00:00,141.3,11,bid,Xuanyu Liu,EarnestEspressos,7647773
2026-07-05T00:03:53.249524,2026-07-05T00:03:53.254881+00:00,141.1,50,ask,DiligentDonuts,FlawlessFlatbreads,7647783
2026-07-05T00:03:55.457144,2026-07-05T00:03:55.468946+00:00,141.3,25,ask,EarnestEspressos,Yinxuan Li,7647814
2026-07-05T00:03:57.468101,2026-07-05T00:03:57.479705+00:00,141.1,50,ask,DiligentDonuts,FlawlessFlatbreads,7647838
2026-07-05T00:03:59.574896,2026-07-05T00:03:59.586665+00:00,141.1,50,ask,DiligentDonuts,FlawlessFlatbreads,7647874
2026-07-05T00:04:01.556295,2026-07-05T00:04:01.564684+00:00,141.4,40,bid,CostlyCorianders,DiligentDonuts,7647901
2026-07-05T00:04:01.679964,2026-07-05T00:04:01.689065+00:00,141.0,50,ask,EarnestEspressos,FlawlessFlatbreads,7647908
2026-07-05T00:04:03.787381,2026-07-05T00:04:03.795348+00:00,141.0,50,ask,DiligentDonuts,FlawlessFlatbreads,7647948
2026-07-05T00:04:03.834591,2026-07-05T00:04:03.855314+00:00,141.3,45,bid,CostlyCorianders,EarnestEspressos,7647951
2026-07-05T00:04:04.559526,2026-07-05T00:04:04.566649+00:00,141.3,3,bid,Xuanyu Liu,EarnestEspressos,7647960
2026-07-05T00:04:04.938297,2026-07-05T00:04:04.948461+00:00,141.3,41,bid,CostlyCorianders,EarnestEspressos,7647970
2026-07-05T00:04:05.505427,2026-07-05T00:04:05.514030+00:00,141.3,25,bid,Yinxuan Li,EarnestEspressos,7647976
2026-07-05T00:04:05.892758,2026-07-05T00:04:05.904549+00:00,141.0,50,ask,DiligentDonuts,FlawlessFlatbreads,7647985
2026-07-05T00:04:06.669356,2026-07-05T00:04:06.676478+00:00,141.4,100,bid,EarnestEspressos,DiligentDonuts,7647996
2026-07-05T00:04:08.000265,2026-07-05T00:04:08.008880+00:00,141.5,50,ask,EarnestEspressos,FlawlessFlatbreads,7648019
2026-07-05T00:04:08.901050,2026-07-05T00:04:08.912759+00:00,140.9,43,ask,DiligentDonuts,CostlyCorianders,7648032
2026-07-05T00:04:10.106573,2026-07-05T00:04:10.118434+00:00,141.1,50,ask,DiligentDonuts,FlawlessFlatbreads,7648047
2026-07-05T00:04:10.431866,2026-07-05T00:04:10.443506+00:00,141.4,41,bid,CostlyCorianders,EarnestEspressos,7648050
2026-07-05T00:04:11.578007,2026-07-05T00:04:11.589633+00:00,141.1,41,ask,DiligentDonuts,CostlyCorianders,7648071
2026-07-05T00:04:12.235734,2026-07-05T00:04:12.247431+00:00,141.1,9,ask,DiligentDonuts,FlawlessFlatbreads,7648081
2026-07-05T00:04:12.235734,2026-07-05T00:04:12.247431+00:00,140.9,41,ask,EarnestEspressos,FlawlessFlatbreads,7648082
2026-07-05T00:04:13.001675,2026-07-05T00:04:13.008722+00:00,140.9,43,ask,DiligentDonuts,CostlyCorianders,7648091
2026-07-05T00:04:14.346303,2026-07-05T00:04:14.358573+00:00,141.0,50,ask,EarnestEspressos,FlawlessFlatbreads,7648106
2026-07-05T00:04:16.403852,2026-07-05T00:04:16.416390+00:00,141.2,50,bid,FlawlessFlatbreads,DiligentDonuts,7648126
2026-07-05T00:04:18.565571,2026-07-05T00:04:18.577244+00:00,140.7,50,ask,DiligentDonuts,FlawlessFlatbreads,7648147
2026-07-05T00:04:19.181445,2026-07-05T00:04:19.190597+00:00,141.1,3,bid,Xuanyu Liu,DiligentDonuts,7648161
2026-07-05T00:04:20.527980,2026-07-05T00:04:20.534539+00:00,141.1,25,bid,Yinxuan Li,DiligentDonuts,7648179
2026-07-05T00:04:20.700223,2026-07-05T00:04:20.711800+00:00,140.6,50,ask,DiligentDonuts,FlawlessFlatbreads,7648183
2026-07-05T00:04:22.808195,2026-07-05T00:04:22.820222+00:00,140.5,50,ask,EarnestEspressos,FlawlessFlatbreads,7648217
2026-07-05T00:04:24.926461,2026-07-05T00:04:24.938330+00:00,140.5,50,ask,EarnestEspressos,FlawlessFlatbreads,7648249
2026-07-05T00:04:25.510364,2026-07-05T00:04:25.518806+00:00,140.8,11,bid,Xuanyu Liu,DiligentDonuts,7648255
2026-07-05T00:04:25.536431,2026-07-05T00:04:25.545094+00:00,140.8,25,bid,Yinxuan Li,DiligentDonuts,7648259
2026-07-05T00:04:25.736800,2026-07-05T00:04:25.744488+00:00,140.5,35,bid,Xuanyu Liu,EarnestEspressos,7648263
2026-07-05T00:04:26.102442,2026-07-05T00:04:26.111779+00:00,140.5,11,bid,Xuanyu Liu,EarnestEspressos,7648268
2026-07-05T00:04:27.303062,2026-07-05T00:04:27.311034+00:00,140.5,11,bid,Xuanyu Liu,EarnestEspressos,7648281
2026-07-05T00:04:28.609105,2026-07-05T00:04:28.621356+00:00,140.5,93,bid,DiligentDonuts,EarnestEspressos,7648303
2026-07-05T00:04:28.678513,2026-07-05T00:04:28.688000+00:00,140.7,7,ask,DiligentDonuts,Xuanyu Liu,7648304
2026-07-05T00:04:28.859401,2026-07-05T00:04:28.868687+00:00,140.8,15,ask,EarnestEspressos,Xuanyu Liu,7648306
2026-07-05T00:04:29.163931,2026-07-05T00:04:29.175545+00:00,140.8,50,ask,EarnestEspressos,FlawlessFlatbreads,7648311
2026-07-05T00:04:30.381635,2026-07-05T00:04:30.390039+00:00,140.8,12,ask,EarnestEspressos,Xuanyu Liu,7648329
2026-07-05T00:04:30.428646,2026-07-05T00:04:30.437490+00:00,141.2,47,bid,CostlyCorianders,DiligentDonuts,7648331
2026-07-05T00:04:31.269119,2026-07-05T00:04:31.280803+00:00,140.8,50,ask,EarnestEspressos,FlawlessFlatbreads,7648346
2026-07-05T00:04:31.829611,2026-07-05T00:04:31.841771+00:00,140.8,23,ask,EarnestEspressos,DiligentDonuts,7648350
2026-07-05T00:04:31.903419,2026-07-05T00:04:31.915413+00:00,140.8,41,bid,CostlyCorianders,DiligentDonuts,7648352
2026-07-05T00:04:32.877582,2026-07-05T00:04:32.889176+00:00,140.3,45,ask,DiligentDonuts,CostlyCorianders,7648371
2026-07-05T00:04:33.327214,2026-07-05T00:04:33.338907+00:00,140.6,50,bid,FlawlessFlatbreads,EarnestEspressos,7648374
2026-07-05T00:04:33.368898,2026-07-05T00:04:33.379180+00:00,140.6,42,bid,CostlyCorianders,EarnestEspressos,7648376
2026-07-05T00:04:35.445735,2026-07-05T00:04:35.463876+00:00,140.3,40,ask,DiligentDonuts,CostlyCorianders,7648403
2026-07-05T00:04:35.553391,2026-07-05T00:04:35.554577+00:00,140.8,25,bid,Yinxuan Li,DiligentDonuts,7648405
2026-07-05T00:04:37.570808,2026-07-05T00:04:37.582555+00:00,140.3,47,ask,DiligentDonuts,CostlyCorianders,7648430
2026-07-05T00:04:39.659455,2026-07-05T00:04:39.669158+00:00,140.5,50,bid,FlawlessFlatbreads,DiligentDonuts,7648461
2026-07-05T00:04:40.059964,2026-07-05T00:04:40.067586+00:00,140.5,12,bid,Xuanyu Liu,DiligentDonuts,7648469
2026-07-05T00:04:40.567832,2026-07-05T00:04:40.574530+00:00,140.5,25,bid,Yinxuan Li,DiligentDonuts,7648476
2026-07-05T00:04:41.765884,2026-07-05T00:04:41.777622+00:00,140.7,50,bid,FlawlessFlatbreads,EarnestEspressos,7648489
2026-07-05T00:04:43.934431,2026-07-05T00:04:43.942478+00:00,140.4,50,ask,DiligentDonuts,FlawlessFlatbreads,7648517
2026-07-05T00:04:45.167231,2026-07-05T00:04:45.179070+00:00,140.8,43,bid,CostlyCorianders,DiligentDonuts,7648538
2026-07-05T00:04:45.586865,2026-07-05T00:04:45.595335+00:00,140.8,18,bid,Yinxuan Li,DiligentDonuts,7648553
2026-07-05T00:04:45.990091,2026-07-05T00:04:46.002338+00:00,140.8,39,bid,FlawlessFlatbreads,DiligentDonuts,7648554
2026-07-05T00:04:45.990091,2026-07-05T00:04:46.002338+00:00,141.1,11,bid,FlawlessFlatbreads,EarnestEspressos,7648555
2026-07-05T00:04:46.268425,2026-07-05T00:04:46.280108+00:00,140.6,43,ask,EarnestEspressos,CostlyCorianders,7648560
2026-07-05T00:04:46.786350,2026-07-05T00:04:46.794619+00:00,141.1,43,bid,CostlyCorianders,EarnestEspressos,7648568
2026-07-05T00:04:47.832396,2026-07-05T00:04:47.839091+00:00,141.2,40,bid,CostlyCorianders,DiligentDonuts,7648582
2026-07-05T00:04:48.174947,2026-07-05T00:04:48.186980+00:00,140.7,50,ask,DiligentDonuts,FlawlessFlatbreads,7648589
2026-07-05T00:04:49.219933,2026-07-05T00:04:49.228891+00:00,140.7,12,ask,DiligentDonuts,Xuanyu Liu,7648611
2026-07-05T00:04:50.281453,2026-07-05T00:04:50.293591+00:00,140.7,38,ask,DiligentDonuts,FlawlessFlatbreads,7648623
2026-07-05T00:04:50.281453,2026-07-05T00:04:50.293591+00:00,140.7,12,ask,EarnestEspressos,FlawlessFlatbreads,7648624
2026-07-05T00:04:51.141485,2026-07-05T00:04:51.151378+00:00,140.6,41,ask,EarnestEspressos,CostlyCorianders,7648630
2026-07-05T00:04:52.391354,2026-07-05T00:04:52.402891+00:00,140.6,50,ask,EarnestEspressos,FlawlessFlatbreads,7648648
2026-07-05T00:04:54.501256,2026-07-05T00:04:54.512793+00:00,140.4,50,ask,DiligentDonuts,FlawlessFlatbreads,7648671
2026-07-05T00:04:54.687504,2026-07-05T00:04:54.694861+00:00,140.4,44,ask,DiligentDonuts,CostlyCorianders,7648677
2026-07-05T00:04:56.555593,2026-07-05T00:04:56.567023+00:00,140.7,50,bid,FlawlessFlatbreads,EarnestEspressos,7648704
2026-07-05T00:04:58.197922,2026-07-05T00:04:58.205657+00:00,140.7,23,bid,Xuanyu Liu,DiligentDonuts,7648729
2026-07-05T00:04:58.664702,2026-07-05T00:04:58.676681+00:00,140.7,50,bid,FlawlessFlatbreads,DiligentDonuts,7648735
2026-07-05T00:04:59.729197,2026-07-05T00:04:59.737359+00:00,140.7,11,bid,Xuanyu Liu,DiligentDonuts,7648758
2026-07-05T00:05:00.773184,2026-07-05T00:05:00.785201+00:00,141.4,50,bid,FlawlessFlatbreads,DiligentDonuts,7648775
2026-07-05T00:05:01.045644,2026-07-05T00:05:01.054105+00:00,140.9,11,ask,DiligentDonuts,Xuanyu Liu,7648780
2026-07-05T00:05:01.376169,2026-07-05T00:05:01.388209+00:00,141.4,47,bid,CostlyCorianders,DiligentDonuts,7648788
2026-07-05T00:05:01.884172,2026-07-05T00:05:01.891031+00:00,140.9,48,ask,DiligentDonuts,CostlyCorianders,7648792
2026-07-05T00:05:01.892235,2026-07-05T00:05:01.901388+00:00,140.9,11,ask,DiligentDonuts,Xuanyu Liu,7648793
2026-07-05T00:05:02.881837,2026-07-05T00:05:02.892938+00:00,141.4,3,bid,FlawlessFlatbreads,DiligentDonuts,7648807
2026-07-05T00:05:02.881837,2026-07-05T00:05:02.892938+00:00,141.4,47,bid,FlawlessFlatbreads,EarnestEspressos,7648808
2026-07-05T00:05:04.922578,2026-07-05T00:05:04.934322+00:00,141.3,41,bid,CostlyCorianders,DiligentDonuts,7648848
2026-07-05T00:05:04.991547,2026-07-05T00:05:05.003239+00:00,141.3,50,bid,FlawlessFlatbreads,DiligentDonuts,7648850
2026-07-05T00:05:05.522379,2026-07-05T00:05:05.530278+00:00,141.0,12,ask,EarnestEspressos,Xuanyu Liu,7648856
2026-07-05T00:05:06.960980,2026-07-05T00:05:06.972398+00:00,141.4,47,bid,CostlyCorianders,EarnestEspressos,7648876
2026-07-05T00:05:07.097156,2026-07-05T00:05:07.108991+00:00,141.4,50,bid,FlawlessFlatbreads,EarnestEspressos,7648877
2026-07-05T00:05:09.206007,2026-07-05T00:05:09.217996+00:00,141.4,50,bid,FlawlessFlatbreads,EarnestEspressos,7648908
2026-07-05T00:05:09.696504,2026-07-05T00:05:09.707478+00:00,141.1,48,ask,DiligentDonuts,CostlyCorianders,7648915
2026-07-05T00:05:09.975706,2026-07-05T00:05:09.987596+00:00,141.5,100,bid,EarnestEspressos,DiligentDonuts,7648921
2026-07-05T00:05:10.042949,2026-07-05T00:05:10.052044+00:00,141.6,37,ask,EarnestEspressos,Xuanyu Liu,7648924
2026-07-05T00:05:11.314451,2026-07-05T00:05:11.326293+00:00,142.1,50,bid,FlawlessFlatbreads,EarnestEspressos,7648937
2026-07-05T00:05:11.343655,2026-07-05T00:05:11.355486+00:00,141.6,13,ask,EarnestEspressos,CostlyCorianders,7648938
2026-07-05T00:05:11.343655,2026-07-05T00:05:11.355486+00:00,141.0,27,ask,DiligentDonuts,CostlyCorianders,7648939
2026-07-05T00:05:12.383781,2026-07-05T00:05:12.395550+00:00,142.1,46,bid,CostlyCorianders,EarnestEspressos,7648951
2026-07-05T00:05:13.421160,2026-07-05T00:05:13.429027+00:00,141.8,50,bid,FlawlessFlatbreads,DiligentDonuts,7648978
2026-07-05T00:05:15.527785,2026-07-05T00:05:15.535589+00:00,141.8,50,bid,FlawlessFlatbreads,DiligentDonuts,7649013
2026-07-05T00:05:17.633626,2026-07-05T00:05:17.645306+00:00,142.0,50,bid,FlawlessFlatbreads,EarnestEspressos,7649052
2026-07-05T00:05:19.584724,2026-07-05T00:05:19.596274+00:00,141.6,45,ask,DiligentDonuts,CostlyCorianders,7649082
2026-07-05T00:05:19.740180,2026-07-05T00:05:19.751744+00:00,142.1,50,bid,FlawlessFlatbreads,DiligentDonuts,7649087
2026-07-05T00:05:21.397370,2026-07-05T00:05:21.405485+00:00,141.6,46,ask,DiligentDonuts,CostlyCorianders,7649113
2026-07-05T00:05:21.846201,2026-07-05T00:05:21.858599+00:00,142.1,50,bid,FlawlessFlatbreads,DiligentDonuts,7649119
2026-07-05T00:05:22.053044,2026-07-05T00:05:22.055336+00:00,142.1,48,bid,CostlyCorianders,EarnestEspressos,7649120
2026-07-05T00:05:23.634470,2026-07-05T00:05:23.641505+00:00,142.0,41,bid,CostlyCorianders,DiligentDonuts,7649141
2026-07-05T00:05:23.688031,2026-07-05T00:05:23.699696+00:00,141.7,46,ask,EarnestEspressos,CostlyCorianders,7649144
2026-07-05T00:05:23.952207,2026-07-05T00:05:23.968908+00:00,142.0,50,bid,FlawlessFlatbreads,DiligentDonuts,7649146
2026-07-05T00:05:25.578963,2026-07-05T00:05:25.587528+00:00,141.8,3,ask,DiligentDonuts,Xuanyu Liu,7649172
2026-07-05T00:05:25.627880,2026-07-05T00:05:25.634825+00:00,141.8,25,ask,DiligentDonuts,Yinxuan Li,7649176
2026-07-05T00:05:26.057555,2026-07-05T00:05:26.069078+00:00,142.0,50,bid,FlawlessFlatbreads,EarnestEspressos,7649183
2026-07-05T00:05:26.163731,2026-07-05T00:05:26.171050+00:00,141.8,47,ask,DiligentDonuts,CostlyCorianders,7649188
2026-07-05T00:05:26.772183,2026-07-05T00:05:26.784134+00:00,142.0,41,bid,CostlyCorianders,EarnestEspressos,7649195
2026-07-05T00:05:26.826383,2026-07-05T00:05:26.838354+00:00,141.8,25,ask,DiligentDonuts,CostlyCorianders,7649197
2026-07-05T00:05:28.162815,2026-07-05T00:05:28.174519+00:00,142.0,50,bid,FlawlessFlatbreads,EarnestEspressos,7649220
2026-07-05T00:05:28.969908,2026-07-05T00:05:28.981865+00:00,142.2,100,bid,EarnestEspressos,DiligentDonuts,7649230
2026-07-05T00:05:29.058968,2026-07-05T00:05:29.066798+00:00,142.3,34,ask,EarnestEspressos,Xuanyu Liu,7649231
2026-07-05T00:05:30.641969,2026-07-05T00:05:30.648855+00:00,142.3,16,ask,EarnestEspressos,Yinxuan Li,7649246
2026-07-05T00:05:34.208858,2026-07-05T00:05:34.220712+00:00,142.2,48,bid,CostlyCorianders,EarnestEspressos,7649289
2026-07-05T00:05:34.263506,2026-07-05T00:05:34.275333+00:00,142.0,48,ask,DiligentDonuts,CostlyCorianders,7649290
2026-07-05T00:05:34.531774,2026-07-05T00:05:34.540818+00:00,142.0,50,ask,DiligentDonuts,FlawlessFlatbreads,7649295
2026-07-05T00:05:36.492937,2026-07-05T00:05:36.501077+00:00,142.2,46,bid,CostlyCorianders,DiligentDonuts,7649336
2026-07-05T00:05:36.640019,2026-07-05T00:05:36.651436+00:00,142.0,50,ask,EarnestEspressos,FlawlessFlatbreads,7649340
2026-07-05T00:05:36.976206,2026-07-05T00:05:36.985538+00:00,142.2,11,bid,Xuanyu Liu,DiligentDonuts,7649344
2026-07-05T00:05:37.690382,2026-07-05T00:05:37.698152+00:00,142.2,43,bid,CostlyCorianders,DiligentDonuts,7649354
2026-07-05T00:05:38.752139,2026-07-05T00:05:38.758300+00:00,142.2,50,ask,DiligentDonuts,FlawlessFlatbreads,7649373
2026-07-05T00:05:40.662854,2026-07-05T00:05:40.674829+00:00,142.2,25,ask,DiligentDonuts,Yinxuan Li,7649393
2026-07-05T00:05:40.858922,2026-07-05T00:05:40.871078+00:00,142.2,25,ask,DiligentDonuts,FlawlessFlatbreads,7649401
2026-07-05T00:05:40.858922,2026-07-05T00:05:40.871078+00:00,141.9,25,ask,EarnestEspressos,FlawlessFlatbreads,7649402
2026-07-05T00:05:41.490469,2026-07-05T00:05:41.502256+00:00,141.9,42,ask,EarnestEspressos,CostlyCorianders,7649407
2026-07-05T00:05:41.704625,2026-07-05T00:05:41.713139+00:00,141.9,23,bid,Xuanyu Liu,EarnestEspressos,7649408
2026-07-05T00:05:41.768680,2026-07-05T00:05:41.777778+00:00,141.9,3,bid,Xuanyu Liu,EarnestEspressos,7649411
2026-07-05T00:05:42.966079,2026-07-05T00:05:42.977773+00:00,141.7,50,ask,DiligentDonuts,FlawlessFlatbreads,7649422
2026-07-05T00:05:44.239329,2026-07-05T00:05:44.249883+00:00,141.9,41,bid,CostlyCorianders,EarnestEspressos,7649437
2026-07-05T00:05:45.073300,2026-07-05T00:05:45.085205+00:00,141.8,50,ask,EarnestEspressos,FlawlessFlatbreads,7649442
2026-07-05T00:05:45.223330,2026-07-05T00:05:45.232485+00:00,141.8,45,ask,EarnestEspressos,CostlyCorianders,7649445
2026-07-05T00:05:46.350245,2026-07-05T00:05:46.357061+00:00,141.8,44,ask,EarnestEspressos,CostlyCorianders,7649459
2026-07-05T00:05:46.882213,2026-07-05T00:05:46.894236+00:00,142.2,45,bid,CostlyCorianders,DiligentDonuts,7649468
2026-07-05T00:05:47.181606,2026-07-05T00:05:47.193499+00:00,141.8,11,ask,EarnestEspressos,FlawlessFlatbreads,7649472
2026-07-05T00:05:47.181606,2026-07-05T00:05:47.193499+00:00,141.7,39,ask,DiligentDonuts,FlawlessFlatbreads,7649473
2026-07-05T00:05:47.905334,2026-07-05T00:05:47.917113+00:00,141.7,46,ask,DiligentDonuts,CostlyCorianders,7649486
2026-07-05T00:05:48.022667,2026-07-05T00:05:48.035101+00:00,141.7,54,ask,DiligentDonuts,EarnestEspressos,7649487
2026-07-05T00:05:49.002662,2026-07-05T00:05:49.014355+00:00,141.7,41,bid,CostlyCorianders,EarnestEspressos,7649503
2026-07-05T00:05:49.289333,2026-07-05T00:05:49.301127+00:00,141.3,50,ask,EarnestEspressos,FlawlessFlatbreads,7649504
2026-07-05T00:05:50.692297,2026-07-05T00:05:50.701496+00:00,141.7,25,bid,Yinxuan Li,EarnestEspressos,7649530
2026-07-05T00:05:50.951984,2026-07-05T00:05:50.959984+00:00,141.7,3,bid,Xuanyu Liu,EarnestEspressos,7649536
2026-07-05T00:05:51.396389,2026-07-05T00:05:51.407896+00:00,141.7,50,ask,EarnestEspressos,FlawlessFlatbreads,7649541
2026-07-05T00:05:52.569844,2026-07-05T00:05:52.578863+00:00,141.7,45,ask,EarnestEspressos,CostlyCorianders,7649563
2026-07-05T00:05:53.502803,2026-07-05T00:05:53.514666+00:00,141.7,50,ask,EarnestEspressos,FlawlessFlatbreads,7649579
2026-07-05T00:05:54.355229,2026-07-05T00:05:54.364027+00:00,141.4,100,ask,DiligentDonuts,EarnestEspressos,7649591
2026-07-05T00:05:54.369973,2026-07-05T00:05:54.377907+00:00,141.4,23,bid,Xuanyu Liu,EarnestEspressos,7649592
2026-07-05T00:05:54.479087,2026-07-05T00:05:54.491453+00:00,141.4,11,bid,Xuanyu Liu,EarnestEspressos,7649596
2026-07-05T00:05:55.610812,2026-07-05T00:05:55.622657+00:00,140.9,50,ask,EarnestEspressos,FlawlessFlatbreads,7649614
2026-07-05T00:05:55.641524,2026-07-05T00:05:55.653538+00:00,141.4,16,bid,CostlyCorianders,EarnestEspressos,7649615
2026-07-05T00:05:55.641524,2026-07-05T00:05:55.653538+00:00,141.9,33,bid,CostlyCorianders,DiligentDonuts,7649616
2026-07-05T00:05:55.759783,2026-07-05T00:05:55.768990+00:00,141.9,25,bid,Yinxuan Li,DiligentDonuts,7649622
2026-07-05T00:05:57.717650,2026-07-05T00:05:57.729511+00:00,141.4,50,ask,DiligentDonuts,FlawlessFlatbreads,7649643
2026-07-05T00:05:58.186161,2026-07-05T00:05:58.197699+00:00,141.9,42,bid,CostlyCorianders,DiligentDonuts,7649647
2026-07-05T00:05:59.708367,2026-07-05T00:05:59.720317+00:00,141.9,41,bid,CostlyCorianders,DiligentDonuts,7649671
2026-07-05T00:05:59.823961,2026-07-05T00:05:59.835671+00:00,141.4,50,ask,DiligentDonuts,FlawlessFlatbreads,7649672
2026-07-05T00:06:00.779122,2026-07-05T00:06:00.786810+00:00,141.8,16,bid,Yinxuan Li,DiligentDonuts,7649686
2026-07-05T00:06:01.929989,2026-07-05T00:06:01.938060+00:00,141.4,50,ask,EarnestEspressos,FlawlessFlatbreads,7649703
2026-07-05T00:06:04.038308,2026-07-05T00:06:04.046025+00:00,141.3,50,ask,DiligentDonuts,FlawlessFlatbreads,7649743
2026-07-05T00:06:06.145066,2026-07-05T00:06:06.157116+00:00,141.3,50,ask,DiligentDonuts,FlawlessFlatbreads,7649762
2026-07-05T00:06:08.254192,2026-07-05T00:06:08.252603+00:00,141.2,50,ask,EarnestEspressos,FlawlessFlatbreads,7649790
2026-07-05T00:06:10.359354,2026-07-05T00:06:10.371055+00:00,141.2,50,ask,DiligentDonuts,FlawlessFlatbreads,7649817
2026-07-05T00:06:11.900707,2026-07-05T00:06:11.905147+00:00,141.2,44,ask,DiligentDonuts,CostlyCorianders,7649837
2026-07-05T00:06:12.415936,2026-07-05T00:06:12.427592+00:00,141.6,50,bid,FlawlessFlatbreads,EarnestEspressos,7649843
2026-07-05T00:06:13.141799,2026-07-05T00:06:13.155183+00:00,141.4,12,bid,Xuanyu Liu,DiligentDonuts,7649851
2026-07-05T00:06:13.642792,2026-07-05T00:06:13.654532+00:00,141.4,45,bid,CostlyCorianders,DiligentDonuts,7649863
2026-07-05T00:06:14.522664,2026-07-05T00:06:14.532051+00:00,141.4,43,bid,FlawlessFlatbreads,DiligentDonuts,7649871
2026-07-05T00:06:14.522664,2026-07-05T00:06:14.532051+00:00,141.8,7,bid,FlawlessFlatbreads,EarnestEspressos,7649872
2026-07-05T00:06:16.630924,2026-07-05T00:06:16.638107+00:00,141.7,50,bid,FlawlessFlatbreads,DiligentDonuts,7649909
2026-07-05T00:06:18.749181,2026-07-05T00:06:18.755060+00:00,141.7,50,bid,FlawlessFlatbreads,DiligentDonuts,7649932
2026-07-05T00:06:22.386138,2026-07-05T00:06:22.393909+00:00,141.7,23,ask,DiligentDonuts,Xuanyu Liu,7649975
2026-07-05T00:06:22.854617,2026-07-05T00:06:22.858542+00:00,141.4,47,ask,DiligentDonuts,CostlyCorianders,7649983
2026-07-05T00:06:25.069355,2026-07-05T00:06:25.081025+00:00,141.4,40,ask,DiligentDonuts,CostlyCorianders,7650013
2026-07-05T00:06:25.114621,2026-07-05T00:06:25.125764+00:00,141.4,13,ask,DiligentDonuts,FlawlessFlatbreads,7650016
2026-07-05T00:06:25.114621,2026-07-05T00:06:25.125764+00:00,141.3,37,ask,EarnestEspressos,FlawlessFlatbreads,7650017
2026-07-05T00:06:29.332644,2026-07-05T00:06:29.344409+00:00,141.2,50,ask,EarnestEspressos,FlawlessFlatbreads,7650064
2026-07-05T00:06:31.387622,2026-07-05T00:06:31.399431+00:00,141.6,50,bid,FlawlessFlatbreads,DiligentDonuts,7650089
2026-07-05T00:06:32.701333,2026-07-05T00:06:32.709268+00:00,141.4,11,bid,Xuanyu Liu,EarnestEspressos,7650108
2026-07-05T00:06:33.200891,2026-07-05T00:06:33.212449+00:00,141.4,45,bid,CostlyCorianders,EarnestEspressos,7650112
2026-07-05T00:06:33.714552,2026-07-05T00:06:33.726200+00:00,141.4,44,bid,CostlyCorianders,EarnestEspressos,7650115
2026-07-05T00:06:33.714552,2026-07-05T00:06:33.726200+00:00,141.7,4,bid,CostlyCorianders,DiligentDonuts,7650116
2026-07-05T00:06:39.869287,2026-07-05T00:06:39.881036+00:00,141.4,50,ask,EarnestEspressos,FlawlessFlatbreads,7650212
2026-07-05T00:06:41.978747,2026-07-05T00:06:41.995270+00:00,141.1,50,ask,EarnestEspressos,FlawlessFlatbreads,7650243
2026-07-05T00:06:46.188075,2026-07-05T00:06:46.199911+00:00,140.8,50,ask,DiligentDonuts,FlawlessFlatbreads,7650299
2026-07-05T00:06:48.294599,2026-07-05T00:06:48.306184+00:00,140.8,50,ask,DiligentDonuts,FlawlessFlatbreads,7650327
2026-07-05T00:06:49.912088,2026-07-05T00:06:49.919955+00:00,141.3,12,bid,Xuanyu Liu,DiligentDonuts,7650351
2026-07-05T00:06:50.267444,2026-07-05T00:06:50.274836+00:00,141.3,47,bid,CostlyCorianders,DiligentDonuts,7650360
2026-07-05T00:06:50.322490,2026-07-05T00:06:50.333277+00:00,140.8,45,ask,DiligentDonuts,CostlyCorianders,7650361
2026-07-05T00:06:50.783849,2026-07-05T00:06:50.796333+00:00,140.8,5,ask,DiligentDonuts,CostlyCorianders,7650368
2026-07-05T00:06:50.783849,2026-07-05T00:06:50.796333+00:00,140.8,35,ask,EarnestEspressos,CostlyCorianders,7650369
2026-07-05T00:06:51.420771,2026-07-05T00:06:51.431789+00:00,141.0,49,ask,EarnestEspressos,CostlyCorianders,7650376
2026-07-05T00:06:53.837971,2026-07-05T00:06:53.846592+00:00,141.4,11,bid,Xuanyu Liu,DiligentDonuts,7650415
2026-07-05T00:06:53.963843,2026-07-05T00:06:53.975336+00:00,141.4,19,bid,Kaleb Liu,DiligentDonuts,7650420
2026-07-05T00:06:54.557366,2026-07-05T00:06:54.569227+00:00,141.6,50,bid,FlawlessFlatbreads,EarnestEspressos,7650432
2026-07-05T00:06:55.038762,2026-07-05T00:06:55.045331+00:00,141.6,44,bid,CostlyCorianders,EarnestEspressos,7650436
2026-07-05T00:06:56.662765,2026-07-05T00:06:56.674601+00:00,141.6,50,bid,FlawlessFlatbreads,EarnestEspressos,7650462
2026-07-05T00:06:56.981329,2026-07-05T00:06:56.992307+00:00,141.6,3,bid,Kaleb Liu,EarnestEspressos,7650467
2026-07-05T00:06:57.770191,2026-07-05T00:06:57.778583+00:00,141.6,11,ask,EarnestEspressos,Xuanyu Liu,7650483
2026-07-05T00:07:00.979599,2026-07-05T00:07:00.988585+00:00,141.7,48,bid,CostlyCorianders,DiligentDonuts,7650517
2026-07-05T00:07:01.033083,2026-07-05T00:07:01.044754+00:00,141.6,46,ask,EarnestEspressos,CostlyCorianders,7650518
2026-07-05T00:07:03.038134,2026-07-05T00:07:03.049797+00:00,141.6,50,ask,EarnestEspressos,FlawlessFlatbreads,7650553
2026-07-05T00:07:03.599721,2026-07-05T00:07:03.611472+00:00,141.7,49,bid,CostlyCorianders,DiligentDonuts,7650556
2026-07-05T00:07:04.173392,2026-07-05T00:07:04.185211+00:00,141.6,40,ask,DiligentDonuts,CostlyCorianders,7650563
2026-07-05T00:07:05.093088,2026-07-05T00:07:05.104985+00:00,141.7,50,bid,FlawlessFlatbreads,EarnestEspressos,7650571
2026-07-05T00:07:06.623853,2026-07-05T00:07:06.631793+00:00,141.6,12,ask,DiligentDonuts,Xuanyu Liu,7650597
2026-07-05T00:07:07.199971,2026-07-05T00:07:07.210995+00:00,141.7,50,bid,FlawlessFlatbreads,DiligentDonuts,7650607
2026-07-05T00:07:07.835929,2026-07-05T00:07:07.844777+00:00,141.7,44,bid,CostlyCorianders,DiligentDonuts,7650613
2026-07-05T00:07:09.310822,2026-07-05T00:07:09.317692+00:00,141.7,6,bid,FlawlessFlatbreads,DiligentDonuts,7650627
2026-07-05T00:07:09.310822,2026-07-05T00:07:09.323024+00:00,141.7,44,bid,FlawlessFlatbreads,EarnestEspressos,7650628
2026-07-05T00:07:11.392066,2026-07-05T00:07:11.403453+00:00,141.5,11,ask,DiligentDonuts,Xuanyu Liu,7650661
2026-07-05T00:07:11.418930,2026-07-05T00:07:11.429342+00:00,141.8,50,bid,FlawlessFlatbreads,EarnestEspressos,7650663
2026-07-05T00:07:12.604246,2026-07-05T00:07:12.612657+00:00,141.5,12,ask,DiligentDonuts,Xuanyu Liu,7650692
2026-07-05T00:07:13.524796,2026-07-05T00:07:13.536570+00:00,141.6,50,bid,FlawlessFlatbreads,DiligentDonuts,7650704
2026-07-05T00:07:15.637636,2026-07-05T00:07:15.652022+00:00,141.6,50,bid,FlawlessFlatbreads,DiligentDonuts,7650736
2026-07-05T00:07:16.052540,2026-07-05T00:07:16.064412+00:00,141.3,41,ask,EarnestEspressos,CostlyCorianders,7650744
2026-07-05T00:07:17.745283,2026-07-05T00:07:17.756984+00:00,141.4,50,bid,FlawlessFlatbreads,EarnestEspressos,7650760
2026-07-05T00:07:18.879737,2026-07-05T00:07:18.887941+00:00,141.2,40,ask,DiligentDonuts,CostlyCorianders,7650776
2026-07-05T00:07:19.876774,2026-07-05T00:07:19.886726+00:00,141.7,50,bid,FlawlessFlatbreads,DiligentDonuts,7650789
2026-07-05T00:07:19.955356,2026-07-05T00:07:19.966953+00:00,141.2,42,ask,DiligentDonuts,CostlyCorianders,7650793
2026-07-05T00:07:22.022735,2026-07-05T00:07:22.033789+00:00,141.7,2,bid,Kaleb Liu,DiligentDonuts,7650830
2026-07-05T00:07:24.153568,2026-07-05T00:07:24.168649+00:00,141.4,50,ask,EarnestEspressos,FlawlessFlatbreads,7650865
2026-07-05T00:07:28.340321,2026-07-05T00:07:28.348011+00:00,141.6,50,bid,FlawlessFlatbreads,EarnestEspressos,7650930
2026-07-05T00:07:29.038553,2026-07-05T00:07:29.044356+00:00,141.6,100,bid,DiligentDonuts,EarnestEspressos,7650938
2026-07-05T00:07:29.234026,2026-07-05T00:07:29.243146+00:00,141.9,11,ask,EarnestEspressos,Xuanyu Liu,7650943
2026-07-05T00:07:29.625777,2026-07-05T00:07:29.632989+00:00,141.9,3,ask,EarnestEspressos,Xuanyu Liu,7650946
2026-07-05T00:07:29.691962,2026-07-05T00:07:29.699205+00:00,142.1,46,bid,CostlyCorianders,DiligentDonuts,7650950
2026-07-05T00:07:29.744677,2026-07-05T00:07:29.763968+00:00,141.9,45,ask,EarnestEspressos,CostlyCorianders,7650951
2026-07-05T00:07:30.445436,2026-07-05T00:07:30.451992+00:00,142.1,50,bid,FlawlessFlatbreads,DiligentDonuts,7650961
2026-07-05T00:07:32.254194,2026-07-05T00:07:32.268884+00:00,141.9,91,ask,EarnestEspressos,DiligentDonuts,7650980
2026-07-05T00:07:32.578839,2026-07-05T00:07:32.590169+00:00,141.7,50,bid,FlawlessFlatbreads,EarnestEspressos,7650988
2026-07-05T00:07:33.334900,2026-07-05T00:07:33.346490+00:00,141.7,49,bid,CostlyCorianders,EarnestEspressos,7651007
2026-07-05T00:07:34.273057,2026-07-05T00:07:34.284771+00:00,141.4,47,ask,DiligentDonuts,CostlyCorianders,7651014
2026-07-05T00:07:34.685255,2026-07-05T00:07:34.696893+00:00,141.7,50,bid,FlawlessFlatbreads,EarnestEspressos,7651022
2026-07-05T00:07:36.801237,2026-07-05T00:07:36.810976+00:00,142.1,50,bid,FlawlessFlatbreads,DiligentDonuts,7651046
2026-07-05T00:07:37.886543,2026-07-05T00:07:37.898710+00:00,142.1,43,bid,CostlyCorianders,DiligentDonuts,7651059
2026-07-05T00:07:38.641890,2026-07-05T00:07:38.652507+00:00,142.1,3,ask,DiligentDonuts,Xuanyu Liu,7651067
2026-07-05T00:07:38.961754,2026-07-05T00:07:38.973305+00:00,142.1,50,ask,DiligentDonuts,FlawlessFlatbreads,7651073
2026-07-05T00:07:39.052238,2026-07-05T00:07:39.058553+00:00,142.1,12,ask,DiligentDonuts,Kaleb Liu,7651076
2026-07-05T00:07:40.064265,2026-07-05T00:07:40.074884+00:00,142.1,6,ask,DiligentDonuts,Kaleb Liu,7651089
2026-07-05T00:07:41.073351,2026-07-05T00:07:41.081574+00:00,142.1,29,ask,DiligentDonuts,FlawlessFlatbreads,7651097
2026-07-05T00:07:41.073351,2026-07-05T00:07:41.081574+00:00,141.8,21,ask,EarnestEspressos,FlawlessFlatbreads,7651098
2026-07-05T00:07:43.129792,2026-07-05T00:07:43.138132+00:00,142.1,50,bid,FlawlessFlatbreads,DiligentDonuts,7651124
2026-07-05T00:07:43.398891,2026-07-05T00:07:43.410818+00:00,141.8,45,ask,EarnestEspressos,CostlyCorianders,7651128
2026-07-05T00:07:44.490061,2026-07-05T00:07:44.497183+00:00,141.8,41,ask,EarnestEspressos,CostlyCorianders,7651144
2026-07-05T00:07:44.956161,2026-07-05T00:07:44.968406+00:00,142.2,42,bid,CostlyCorianders,DiligentDonuts,7651151
2026-07-05T00:07:45.096184,2026-07-05T00:07:45.106829+00:00,141.8,3,bid,Xuanyu Liu,EarnestEspressos,7651156
2026-07-05T00:07:45.234851,2026-07-05T00:07:45.246830+00:00,141.8,50,bid,FlawlessFlatbreads,EarnestEspressos,7651160
2026-07-05T00:07:46.584489,2026-07-05T00:07:46.596248+00:00,141.8,44,bid,CostlyCorianders,EarnestEspressos,7651175
2026-07-05T00:07:47.400485,2026-07-05T00:07:47.412494+00:00,141.7,50,ask,DiligentDonuts,FlawlessFlatbreads,7651182
2026-07-05T00:07:47.616280,2026-07-05T00:07:47.623968+00:00,141.8,3,bid,Xuanyu Liu,EarnestEspressos,7651189
2026-07-05T00:07:47.669999,2026-07-05T00:07:47.681755+00:00,141.8,44,bid,CostlyCorianders,EarnestEspressos,7651191
2026-07-05T00:07:47.724331,2026-07-05T00:07:47.735945+00:00,141.7,47,ask,DiligentDonuts,CostlyCorianders,7651193
2026-07-05T00:07:48.193678,2026-07-05T00:07:48.205428+00:00,142.2,100,bid,EarnestEspressos,DiligentDonuts,7651200
2026-07-05T00:07:48.259625,2026-07-05T00:07:48.268384+00:00,142.2,3,ask,EarnestEspressos,Xuanyu Liu,7651202
2026-07-05T00:07:49.094175,2026-07-05T00:07:49.101228+00:00,142.2,2,ask,EarnestEspressos,Kaleb Liu,7651218
2026-07-05T00:07:49.522819,2026-07-05T00:07:49.538966+00:00,142.2,45,ask,EarnestEspressos,FlawlessFlatbreads,7651226
2026-07-05T00:07:49.522819,2026-07-05T00:07:49.538966+00:00,141.7,5,ask,DiligentDonuts,FlawlessFlatbreads,7651227
2026-07-05T00:07:49.853985,2026-07-05T00:07:49.865851+00:00,141.7,46,ask,DiligentDonuts,CostlyCorianders,7651231
2026-07-05T00:07:50.104090,2026-07-05T00:07:50.115081+00:00,142.7,3,bid,Kaleb Liu,EarnestEspressos,7651235
2026-07-05T00:07:51.115713,2026-07-05T00:07:51.126915+00:00,142.7,2,bid,Kaleb Liu,EarnestEspressos,7651261
2026-07-05T00:07:51.580668,2026-07-05T00:07:51.592375+00:00,142.0,50,bid,FlawlessFlatbreads,EarnestEspressos,7651271
2026-07-05T00:07:51.694885,2026-07-05T00:07:51.706623+00:00,142.0,40,bid,CostlyCorianders,EarnestEspressos,7651274
2026-07-05T00:07:52.305414,2026-07-05T00:07:52.317376+00:00,141.8,47,ask,DiligentDonuts,CostlyCorianders,7651286
2026-07-05T00:07:53.769499,2026-07-05T00:07:53.780172+00:00,141.8,50,ask,DiligentDonuts,FlawlessFlatbreads,7651301
2026-07-05T00:07:55.825648,2026-07-05T00:07:55.837284+00:00,141.9,50,bid,FlawlessFlatbreads,DiligentDonuts,7651340
2026-07-05T00:07:56.848035,2026-07-05T00:07:56.858575+00:00,141.9,49,bid,CostlyCorianders,DiligentDonuts,7651356
2026-07-05T00:08:00.114055,2026-07-05T00:08:00.125457+00:00,141.8,50,ask,EarnestEspressos,FlawlessFlatbreads,7651389
2026-07-05T00:08:01.475759,2026-07-05T00:08:01.487666+00:00,141.7,43,ask,DiligentDonuts,CostlyCorianders,7651409
2026-07-05T00:08:01.973222,2026-07-05T00:08:01.982004+00:00,142.0,46,bid,CostlyCorianders,EarnestEspressos,7651416
2026-07-05T00:08:02.222213,2026-07-05T00:08:02.234322+00:00,141.7,50,ask,DiligentDonuts,FlawlessFlatbreads,7651419
2026-07-05T00:08:03.541857,2026-07-05T00:08:03.553593+00:00,142.0,43,bid,CostlyCorianders,EarnestEspressos,7651448
2026-07-05T00:08:04.006340,2026-07-05T00:08:04.018540+00:00,142.0,100,bid,EarnestEspressos,DiligentDonuts,7651450
2026-07-05T00:08:04.329918,2026-07-05T00:08:04.341659+00:00,142.0,50,ask,EarnestEspressos,FlawlessFlatbreads,7651454
2026-07-05T00:08:05.142365,2026-07-05T00:08:05.158574+00:00,142.5,4,bid,Kaleb Liu,EarnestEspressos,7651478
2026-07-05T00:08:06.436134,2026-07-05T00:08:06.448067+00:00,141.5,50,ask,DiligentDonuts,FlawlessFlatbreads,7651487
2026-07-05T00:08:07.718870,2026-07-05T00:08:07.726773+00:00,141.3,42,ask,DiligentDonuts,CostlyCorianders,7651506
2026-07-05T00:08:08.345413,2026-07-05T00:08:08.354051+00:00,141.6,3,bid,Xuanyu Liu,EarnestEspressos,7651514
2026-07-05T00:08:08.543815,2026-07-05T00:08:08.550339+00:00,141.3,50,ask,DiligentDonuts,FlawlessFlatbreads,7651517
2026-07-05T00:08:10.650783,2026-07-05T00:08:10.657289+00:00,141.4,50,ask,EarnestEspressos,FlawlessFlatbreads,7651544
2026-07-05T00:08:11.536109,2026-07-05T00:08:11.548130+00:00,141.8,44,bid,CostlyCorianders,DiligentDonuts,7651561
2026-07-05T00:08:12.159976,2026-07-05T00:08:12.167266+00:00,141.8,2,bid,Kaleb Liu,DiligentDonuts,7651567
2026-07-05T00:08:14.860733,2026-07-05T00:08:14.872211+00:00,141.5,50,ask,DiligentDonuts,FlawlessFlatbreads,7651596
2026-07-05T00:08:15.171053,2026-07-05T00:08:15.183284+00:00,141.7,11,bid,Xuanyu Liu,EarnestEspressos,7651607
2026-07-05T00:08:15.746119,2026-07-05T00:08:15.752937+00:00,141.7,40,bid,CostlyCorianders,EarnestEspressos,7651615
2026-07-05T00:08:16.966440,2026-07-05T00:08:16.978437+00:00,141.4,50,ask,DiligentDonuts,FlawlessFlatbreads,7651628
2026-07-05T00:08:18.030758,2026-07-05T00:08:18.045427+00:00,141.4,48,ask,DiligentDonuts,CostlyCorianders,7651640
2026-07-05T00:08:18.179099,2026-07-05T00:08:18.188945+00:00,141.4,2,ask,DiligentDonuts,Kaleb Liu,7651645
2026-07-05T00:08:18.179099,2026-07-05T00:08:18.188945+00:00,141.4,4,ask,EarnestEspressos,Kaleb Liu,7651646
2026-07-05T00:08:19.023567,2026-07-05T00:08:19.035263+00:00,141.9,50,bid,FlawlessFlatbreads,DiligentDonuts,7651657
2026-07-05T00:08:19.085646,2026-07-05T00:08:19.094818+00:00,141.4,47,ask,EarnestEspressos,CostlyCorianders,7651658
2026-07-05T00:08:19.195456,2026-07-05T00:08:19.201810+00:00,141.4,3,ask,EarnestEspressos,Kaleb Liu,7651665
2026-07-05T00:08:20.197513,2026-07-05T00:08:20.209509+00:00,141.7,47,bid,CostlyCorianders,DiligentDonuts,7651680
2026-07-05T00:08:21.130759,2026-07-05T00:08:21.142352+00:00,141.7,50,bid,FlawlessFlatbreads,DiligentDonuts,7651688
2026-07-05T00:08:21.734729,2026-07-05T00:08:21.745070+00:00,141.7,3,bid,Xuanyu Liu,DiligentDonuts,7651695
2026-07-05T00:08:21.734729,2026-07-05T00:08:21.745070+00:00,141.7,9,bid,Xuanyu Liu,EarnestEspressos,7651696
2026-07-05T00:08:21.751972,2026-07-05T00:08:21.760374+00:00,141.7,41,bid,CostlyCorianders,EarnestEspressos,7651698
2026-07-05T00:08:22.283107,2026-07-05T00:08:22.290371+00:00,141.2,48,ask,DiligentDonuts,CostlyCorianders,7651708
2026-07-05T00:08:23.251724,2026-07-05T00:08:23.258589+00:00,141.6,2,ask,DiligentDonuts,Kaleb Liu,7651719
2026-07-05T00:08:23.288589,2026-07-05T00:08:23.300155+00:00,141.6,50,ask,DiligentDonuts,FlawlessFlatbreads,7651720
2026-07-05T00:08:23.305895,2026-07-05T00:08:23.317571+00:00,141.6,43,ask,DiligentDonuts,CostlyCorianders,7651721
2026-07-05T00:08:23.776828,2026-07-05T00:08:23.788582+00:00,142.1,44,bid,CostlyCorianders,DiligentDonuts,7651728
2026-07-05T00:08:24.261579,2026-07-05T00:08:24.268959+00:00,141.6,1,ask,DiligentDonuts,Kaleb Liu,7651739
2026-07-05T00:08:25.275913,2026-07-05T00:08:25.283556+00:00,141.6,1,ask,DiligentDonuts,Kaleb Liu,7651749
2026-07-05T00:08:26.973797,2026-07-05T00:08:26.982366+00:00,141.6,12,ask,EarnestEspressos,Xuanyu Liu,7651778
2026-07-05T00:08:27.499012,2026-07-05T00:08:27.508181+00:00,141.6,50,ask,EarnestEspressos,FlawlessFlatbreads,7651786
2026-07-05T00:08:29.554239,2026-07-05T00:08:29.565947+00:00,141.6,50,bid,FlawlessFlatbreads,EarnestEspressos,7651820
2026-07-05T00:08:29.610317,2026-07-05T00:08:29.621898+00:00,141.6,46,bid,CostlyCorianders,EarnestEspressos,7651821
2026-07-05T00:08:31.661748,2026-07-05T00:08:31.673464+00:00,141.6,50,bid,FlawlessFlatbreads,EarnestEspressos,7651850
2026-07-05T00:08:32.480467,2026-07-05T00:08:32.489950+00:00,141.7,100,bid,EarnestEspressos,DiligentDonuts,7651868
2026-07-05T00:08:35.930418,2026-07-05T00:08:35.942144+00:00,141.5,50,ask,DiligentDonuts,FlawlessFlatbreads,7651923
2026-07-05T00:08:37.986190,2026-07-05T00:08:37.997909+00:00,141.8,50,bid,FlawlessFlatbreads,EarnestEspressos,7651950
2026-07-05T00:08:40.143881,2026-07-05T00:08:40.158586+00:00,141.5,50,ask,EarnestEspressos,FlawlessFlatbreads,7651979
2026-07-05T00:08:44.140368,2026-07-05T00:08:44.152150+00:00,141.2,42,ask,DiligentDonuts,CostlyCorianders,7652041
2026-07-05T00:08:44.305530,2026-07-05T00:08:44.312009+00:00,141.7,50,bid,FlawlessFlatbreads,DiligentDonuts,7652049
2026-07-05T00:08:46.435838,2026-07-05T00:08:46.446376+00:00,141.8,50,bid,FlawlessFlatbreads,DiligentDonuts,7652082
2026-07-05T00:08:46.684806,2026-07-05T00:08:46.696614+00:00,141.3,47,ask,DiligentDonuts,CostlyCorianders,7652088
2026-07-05T00:08:47.941511,2026-07-05T00:08:47.950037+00:00,141.3,11,ask,DiligentDonuts,Xuanyu Liu,7652116
2026-07-05T00:08:48.543578,2026-07-05T00:08:48.550679+00:00,141.3,50,bid,FlawlessFlatbreads,DiligentDonuts,7652131
2026-07-05T00:08:49.791341,2026-07-05T00:08:49.799661+00:00,141.3,47,bid,CostlyCorianders,DiligentDonuts,7652156
2026-07-05T00:08:50.648816,2026-07-05T00:08:50.661180+00:00,141.3,3,bid,FlawlessFlatbreads,DiligentDonuts,7652165
2026-07-05T00:08:50.648816,2026-07-05T00:08:50.661180+00:00,141.3,47,bid,FlawlessFlatbreads,EarnestEspressos,7652166
2026-07-05T00:08:51.399213,2026-07-05T00:08:51.407533+00:00,141.3,100,bid,DiligentDonuts,EarnestEspressos,7652180
2026-07-05T00:08:51.504601,2026-07-05T00:08:51.513058+00:00,141.6,3,ask,EarnestEspressos,Xuanyu Liu,7652185
2026-07-05T00:08:52.490669,2026-07-05T00:08:52.500705+00:00,141.6,40,ask,EarnestEspressos,CostlyCorianders,7652203
2026-07-05T00:08:52.771036,2026-07-05T00:08:52.783116+00:00,141.8,50,bid,FlawlessFlatbreads,DiligentDonuts,7652209
2026-07-05T00:08:55.651038,2026-07-05T00:08:55.657485+00:00,141.4,48,bid,CostlyCorianders,DiligentDonuts,7652270
2026-07-05T00:08:57.005518,2026-07-05T00:08:57.017452+00:00,141.4,50,bid,FlawlessFlatbreads,DiligentDonuts,7652295
2026-07-05T00:08:57.118904,2026-07-05T00:08:57.130677+00:00,141.2,48,ask,EarnestEspressos,CostlyCorianders,7652297
2026-07-05T00:08:58.548132,2026-07-05T00:08:58.556697+00:00,141.5,46,bid,CostlyCorianders,EarnestEspressos,7652322
2026-07-05T00:08:59.113520,2026-07-05T00:08:59.124149+00:00,141.5,50,bid,FlawlessFlatbreads,EarnestEspressos,7652335
2026-07-05T00:08:59.623988,2026-07-05T00:08:59.635725+00:00,141.2,43,ask,DiligentDonuts,CostlyCorianders,7652342
2026-07-05T00:09:00.202217,2026-07-05T00:09:00.214187+00:00,141.5,48,bid,CostlyCorianders,EarnestEspressos,7652352
2026-07-05T00:09:00.985307,2026-07-05T00:09:00.994974+00:00,141.6,100,bid,EarnestEspressos,DiligentDonuts,7652363
2026-07-05T00:09:01.088267,2026-07-05T00:09:01.097719+00:00,141.6,3,ask,EarnestEspressos,Xuanyu Liu,7652367
2026-07-05T00:09:01.219566,2026-07-05T00:09:01.231653+00:00,142.1,50,bid,FlawlessFlatbreads,EarnestEspressos,7652370
2026-07-05T00:09:02.325298,2026-07-05T00:09:02.334650+00:00,141.6,43,ask,EarnestEspressos,CostlyCorianders,7652383
2026-07-05T00:09:03.327780,2026-07-05T00:09:03.339591+00:00,142.1,50,bid,FlawlessFlatbreads,EarnestEspressos,7652401
2026-07-05T00:09:05.455614,2026-07-05T00:09:05.467308+00:00,142.0,50,bid,FlawlessFlatbreads,DiligentDonuts,7652434
2026-07-05T00:09:07.985128,2026-07-05T00:09:07.992516+00:00,141.6,45,ask,DiligentDonuts,CostlyCorianders,7652473
2026-07-05T00:09:08.553202,2026-07-05T00:09:08.568911+00:00,142.0,41,bid,CostlyCorianders,EarnestEspressos,7652480
2026-07-05T00:09:09.683560,2026-07-05T00:09:09.695442+00:00,142.0,50,bid,FlawlessFlatbreads,EarnestEspressos,7652493
2026-07-05T00:09:10.480396,2026-07-05T00:09:10.488963+00:00,142.0,11,ask,EarnestEspressos,Xuanyu Liu,7652514
2026-07-05T00:09:10.962815,2026-07-05T00:09:10.974502+00:00,142.0,25,ask,EarnestEspressos,Yinxuan Li,7652519
2026-07-05T00:09:11.453952,2026-07-05T00:09:11.465974+00:00,142.0,49,ask,EarnestEspressos,CostlyCorianders,7652527
2026-07-05T00:09:11.572458,2026-07-05T00:09:11.580906+00:00,142.0,12,ask,EarnestEspressos,Xuanyu Liu,7652530
2026-07-05T00:09:12.512925,2026-07-05T00:09:12.520936+00:00,142.0,11,ask,EarnestEspressos,Xuanyu Liu,7652551
2026-07-05T00:09:13.916197,2026-07-05T00:09:13.927940+00:00,141.9,50,bid,FlawlessFlatbreads,EarnestEspressos,7652570
2026-07-05T00:09:14.294881,2026-07-05T00:09:14.304977+00:00,141.5,42,ask,DiligentDonuts,CostlyCorianders,7652577
2026-07-05T00:09:15.539684,2026-07-05T00:09:15.547849+00:00,141.9,23,bid,Xuanyu Liu,EarnestEspressos,7652597
2026-07-05T00:09:18.179124,2026-07-05T00:09:18.190793+00:00,141.9,50,ask,EarnestEspressos,FlawlessFlatbreads,7652629
2026-07-05T00:09:18.891981,2026-07-05T00:09:18.903747+00:00,142.1,41,bid,CostlyCorianders,DiligentDonuts,7652642
2026-07-05T00:09:20.285424,2026-07-05T00:09:20.297061+00:00,141.7,50,ask,DiligentDonuts,FlawlessFlatbreads,7652662
2026-07-05T00:09:22.170223,2026-07-05T00:09:22.179514+00:00,141.7,42,ask,DiligentDonuts,CostlyCorianders,7652702
2026-07-05T00:09:22.391860,2026-07-05T00:09:22.403968+00:00,141.7,8,ask,DiligentDonuts,FlawlessFlatbreads,7652707
2026-07-05T00:09:22.391860,2026-07-05T00:09:22.403968+00:00,141.7,42,ask,EarnestEspressos,FlawlessFlatbreads,7652708
2026-07-05T00:09:27.325899,2026-07-05T00:09:27.333863+00:00,142.0,11,bid,Xuanyu Liu,DiligentDonuts,7652773
2026-07-05T00:09:28.448196,2026-07-05T00:09:28.458580+00:00,142.0,42,bid,CostlyCorianders,DiligentDonuts,7652789
2026-07-05T00:09:28.708574,2026-07-05T00:09:28.720185+00:00,141.6,50,ask,EarnestEspressos,FlawlessFlatbreads,7652799
2026-07-05T00:09:29.098543,2026-07-05T00:09:29.110414+00:00,141.6,40,ask,EarnestEspressos,CostlyCorianders,7652805
2026-07-05T00:09:29.502192,2026-07-05T00:09:29.510950+00:00,141.6,3,bid,Xuanyu Liu,EarnestEspressos,7652808
2026-07-05T00:09:30.815595,2026-07-05T00:09:30.827183+00:00,141.5,50,ask,DiligentDonuts,FlawlessFlatbreads,7652822
2026-07-05T00:09:30.992198,2026-07-05T00:09:31.002267+00:00,141.6,25,bid,Yinxuan Li,EarnestEspressos,7652828
2026-07-05T00:09:31.280903,2026-07-05T00:09:31.292433+00:00,141.6,47,bid,CostlyCorianders,EarnestEspressos,7652836
2026-07-05T00:09:32.871142,2026-07-05T00:09:32.882821+00:00,142.0,50,bid,FlawlessFlatbreads,DiligentDonuts,7652862
2026-07-05T00:09:33.303581,2026-07-05T00:09:33.315131+00:00,142.0,47,bid,CostlyCorianders,DiligentDonuts,7652869
2026-07-05T00:09:34.979845,2026-07-05T00:09:34.988203+00:00,142.0,3,bid,FlawlessFlatbreads,DiligentDonuts,7652889
2026-07-05T00:09:34.979845,2026-07-05T00:09:34.988203+00:00,142.1,47,bid,FlawlessFlatbreads,EarnestEspressos,7652890
2026-07-05T00:09:37.138618,2026-07-05T00:09:37.150398+00:00,141.7,50,ask,DiligentDonuts,FlawlessFlatbreads,7652917
2026-07-05T00:09:40.785850,2026-07-05T00:09:40.793012+00:00,141.8,46,ask,EarnestEspressos,CostlyCorianders,7652969
2026-07-05T00:09:41.298656,2026-07-05T00:09:41.310289+00:00,142.2,50,bid,FlawlessFlatbreads,DiligentDonuts,7652975
2026-07-05T00:09:41.407846,2026-07-05T00:09:41.419486+00:00,141.8,41,ask,EarnestEspressos,CostlyCorianders,7652976
2026-07-05T00:09:43.455147,2026-07-05T00:09:43.467024+00:00,141.6,50,ask,DiligentDonuts,FlawlessFlatbreads,7653010
2026-07-05T00:09:44.388181,2026-07-05T00:09:44.396300+00:00,141.7,3,bid,Xuanyu Liu,EarnestEspressos,7653024
2026-07-05T00:09:45.178014,2026-07-05T00:09:45.184864+00:00,141.7,100,bid,DiligentDonuts,EarnestEspressos,7653041
2026-07-05T00:09:45.259349,2026-07-05T00:09:45.268026+00:00,142.1,3,ask,EarnestEspressos,Xuanyu Liu,7653048
2026-07-05T00:09:45.563870,2026-07-05T00:09:45.575663+00:00,142.1,50,ask,EarnestEspressos,FlawlessFlatbreads,7653054
2026-07-05T00:09:46.376091,2026-07-05T00:09:46.384622+00:00,142.4,42,bid,CostlyCorianders,DiligentDonuts,7653066
2026-07-05T00:09:47.009980,2026-07-05T00:09:47.017387+00:00,142.1,3,ask,EarnestEspressos,Xuanyu Liu,7653073
2026-07-05T00:09:47.284337,2026-07-05T00:09:47.292798+00:00,142.1,1,ask,EarnestEspressos,Kaleb Liu,7653080
2026-07-05T00:09:47.619415,2026-07-05T00:09:47.627075+00:00,142.1,11,ask,EarnestEspressos,Xuanyu Liu,7653085
2026-07-05T00:09:47.669761,2026-07-05T00:09:47.681720+00:00,142.1,50,ask,EarnestEspressos,FlawlessFlatbreads,7653087
2026-07-05T00:09:48.297245,2026-07-05T00:09:48.307865+00:00,142.1,1,ask,EarnestEspressos,Kaleb Liu,7653102
2026-07-05T00:09:48.402896,2026-07-05T00:09:48.411810+00:00,141.9,11,bid,Xuanyu Liu,DiligentDonuts,7653104
2026-07-05T00:09:49.778140,2026-07-05T00:09:49.790280+00:00,141.4,50,ask,DiligentDonuts,FlawlessFlatbreads,7653127
2026-07-05T00:09:51.911632,2026-07-05T00:09:51.923343+00:00,141.3,50,ask,DiligentDonuts,FlawlessFlatbreads,7653162
2026-07-05T00:09:52.249940,2026-07-05T00:09:52.257535+00:00,141.8,3,bid,Xuanyu Liu,DiligentDonuts,7653167
2026-07-05T00:09:54.019258,2026-07-05T00:09:54.031061+00:00,141.3,50,ask,DiligentDonuts,FlawlessFlatbreads,7653201
2026-07-05T00:09:54.869829,2026-07-05T00:09:54.879823+00:00,141.5,3,bid,Xuanyu Liu,DiligentDonuts,7653216
2026-07-05T00:09:56.126585,2026-07-05T00:09:56.138264+00:00,141.3,50,ask,EarnestEspressos,FlawlessFlatbreads,7653238
2026-07-05T00:09:58.234815,2026-07-05T00:09:58.246538+00:00,141.2,50,ask,EarnestEspressos,FlawlessFlatbreads,7653272
2026-07-05T00:09:58.493964,2026-07-05T00:09:58.509323+00:00,141.6,11,bid,Xuanyu Liu,DiligentDonuts,7653280
2026-07-05T00:09:59.320825,2026-07-05T00:09:59.327742+00:00,141.6,1,bid,Kaleb Liu,DiligentDonuts,7653298
2026-07-05T00:09:59.545830,2026-07-05T00:09:59.558599+00:00,141.6,49,bid,CostlyCorianders,DiligentDonuts,7653307
2026-07-05T00:09:59.759360,2026-07-05T00:09:59.767052+00:00,141.6,12,bid,Xuanyu Liu,DiligentDonuts,7653313
2026-07-05T00:10:00.335931,2026-07-05T00:10:00.345101+00:00,141.6,3,bid,Kaleb Liu,DiligentDonuts,7653325
2026-07-05T00:10:00.355335,2026-07-05T00:10:00.358582+00:00,141.2,50,ask,EarnestEspressos,FlawlessFlatbreads,7653326
2026-07-05T00:10:01.103354,2026-07-05T00:10:01.114809+00:00,141.6,100,ask,DiligentDonuts,EarnestEspressos,7653339
2026-07-05T00:10:01.350453,2026-07-05T00:10:01.358667+00:00,141.5,2,bid,Kaleb Liu,EarnestEspressos,7653349
2026-07-05T00:10:01.418881,2026-07-05T00:10:01.426711+00:00,141.5,23,bid,Xuanyu Liu,EarnestEspressos,7653354
2026-07-05T00:10:02.360724,2026-07-05T00:10:02.369495+00:00,141.5,9,bid,Kaleb Liu,EarnestEspressos,7653372
2026-07-05T00:10:02.465915,2026-07-05T00:10:02.472808+00:00,141.0,50,ask,EarnestEspressos,FlawlessFlatbreads,7653374
2026-07-05T00:10:04.597692,2026-07-05T00:10:04.607902+00:00,141.4,50,ask,EarnestEspressos,FlawlessFlatbreads,7653400
2026-07-05T00:10:06.704357,2026-07-05T00:10:06.716128+00:00,141.4,50,ask,EarnestEspressos,FlawlessFlatbreads,7653436
2026-07-05T00:10:09.403049,2026-07-05T00:10:09.411203+00:00,141.8,5,bid,Kaleb Liu,EarnestEspressos,7653472
2026-07-05T00:10:10.417058,2026-07-05T00:10:10.423954+00:00,141.8,2,bid,Kaleb Liu,EarnestEspressos,7653488
2026-07-05T00:10:10.927103,2026-07-05T00:10:10.938703+00:00,141.8,50,ask,DiligentDonuts,FlawlessFlatbreads,7653503
2026-07-05T00:10:11.156002,2026-07-05T00:10:11.168050+00:00,142.0,43,bid,CostlyCorianders,EarnestEspressos,7653504
2026-07-05T00:10:11.211681,2026-07-05T00:10:11.229649+00:00,141.8,41,ask,DiligentDonuts,CostlyCorianders,7653505
2026-07-05T00:10:12.886235,2026-07-05T00:10:12.897950+00:00,142.0,47,bid,CostlyCorianders,EarnestEspressos,7653531
2026-07-05T00:10:13.037305,2026-07-05T00:10:13.049040+00:00,141.8,9,ask,DiligentDonuts,FlawlessFlatbreads,7653533
2026-07-05T00:10:13.037305,2026-07-05T00:10:13.049040+00:00,141.5,41,ask,EarnestEspressos,FlawlessFlatbreads,7653534
2026-07-05T00:10:14.514756,2026-07-05T00:10:14.526614+00:00,141.6,46,ask,EarnestEspressos,CostlyCorianders,7653558
2026-07-05T00:10:15.097441,2026-07-05T00:10:15.107325+00:00,141.9,50,bid,FlawlessFlatbreads,DiligentDonuts,7653565
2026-07-05T00:10:17.203813,2026-07-05T00:10:17.215693+00:00,141.8,50,bid,FlawlessFlatbreads,EarnestEspressos,7653592
2026-07-05T00:10:17.863522,2026-07-05T00:10:17.871924+00:00,141.8,11,bid,Xuanyu Liu,EarnestEspressos,7653611
2026-07-05T00:10:18.370111,2026-07-05T00:10:18.381890+00:00,141.8,40,bid,CostlyCorianders,EarnestEspressos,7653620
2026-07-05T00:10:18.463351,2026-07-05T00:10:18.474443+00:00,141.8,8,bid,Kaleb Liu,EarnestEspressos,7653622
2026-07-05T00:10:18.833434,2026-07-05T00:10:18.839219+00:00,141.8,40,bid,CostlyCorianders,EarnestEspressos,7653629
2026-07-05T00:10:19.311514,2026-07-05T00:10:19.319923+00:00,141.8,1,bid,FlawlessFlatbreads,EarnestEspressos,7653632
2026-07-05T00:10:19.311514,2026-07-05T00:10:19.319923+00:00,142.0,49,bid,FlawlessFlatbreads,DiligentDonuts,7653633
2026-07-05T00:10:20.059406,2026-07-05T00:10:20.068079+00:00,142.2,23,ask,EarnestEspressos,Xuanyu Liu,7653653
2026-07-05T00:10:21.421939,2026-07-05T00:10:21.433537+00:00,142.4,50,bid,FlawlessFlatbreads,DiligentDonuts,7653671
2026-07-05T00:10:23.707282,2026-07-05T00:10:23.716623+00:00,142.2,43,ask,EarnestEspressos,CostlyCorianders,7653706
2026-07-05T00:10:24.791203,2026-07-05T00:10:24.802925+00:00,142.2,40,ask,EarnestEspressos,CostlyCorianders,7653730
2026-07-05T00:10:25.438801,2026-07-05T00:10:25.445828+00:00,142.6,44,bid,CostlyCorianders,DiligentDonuts,7653738
2026-07-05T00:10:25.654633,2026-07-05T00:10:25.663732+00:00,142.6,50,bid,FlawlessFlatbreads,DiligentDonuts,7653740
2026-07-05T00:10:26.384741,2026-07-05T00:10:26.392020+00:00,142.4,23,ask,DiligentDonuts,Xuanyu Liu,7653747
2026-07-05T00:10:26.399084,2026-07-05T00:10:26.407653+00:00,142.4,77,ask,DiligentDonuts,EarnestEspressos,7653749
2026-07-05T00:10:27.768618,2026-07-05T00:10:27.780408+00:00,142.4,50,bid,FlawlessFlatbreads,EarnestEspressos,7653773
2026-07-05T00:10:29.880878,2026-07-05T00:10:29.892437+00:00,142.6,50,bid,FlawlessFlatbreads,DiligentDonuts,7653819
2026-07-05T00:10:31.987388,2026-07-05T00:10:31.996501+00:00,142.6,50,bid,FlawlessFlatbreads,DiligentDonuts,7653845
2026-07-05T00:10:33.823390,2026-07-05T00:10:33.831554+00:00,142.4,45,ask,DiligentDonuts,CostlyCorianders,7653865
2026-07-05T00:10:34.094277,2026-07-05T00:10:34.105951+00:00,142.9,50,bid,FlawlessFlatbreads,DiligentDonuts,7653868
2026-07-05T00:10:36.202538,2026-07-05T00:10:36.212407+00:00,142.8,50,bid,FlawlessFlatbreads,DiligentDonuts,7653899
2026-07-05T00:10:38.309076,2026-07-05T00:10:38.318277+00:00,142.8,50,bid,FlawlessFlatbreads,DiligentDonuts,7653933
2026-07-05T00:10:39.048681,2026-07-05T00:10:39.062862+00:00,142.7,14,ask,DiligentDonuts,Xuanyu Liu,7653942
2026-07-05T00:10:39.497130,2026-07-05T00:10:39.508840+00:00,142.7,15,ask,DiligentDonuts,Kaleb Liu,7653948
2026-07-05T00:10:40.416402,2026-07-05T00:10:40.426304+00:00,142.8,50,bid,FlawlessFlatbreads,EarnestEspressos,7653971
2026-07-05T00:10:40.511987,2026-07-05T00:10:40.519710+00:00,142.7,7,ask,DiligentDonuts,Kaleb Liu,7653973
2026-07-05T00:10:40.795081,2026-07-05T00:10:40.802215+00:00,142.7,41,ask,DiligentDonuts,CostlyCorianders,7653981
2026-07-05T00:10:41.522611,2026-07-05T00:10:41.529625+00:00,142.7,4,ask,DiligentDonuts,Kaleb Liu,7654005
2026-07-05T00:10:42.038729,2026-07-05T00:10:42.050278+00:00,142.7,19,ask,DiligentDonuts,CostlyCorianders,7654008
2026-07-05T00:10:42.522859,2026-07-05T00:10:42.533667+00:00,142.9,50,bid,FlawlessFlatbreads,DiligentDonuts,7654015
2026-07-05T00:10:42.935835,2026-07-05T00:10:42.947626+00:00,142.9,41,bid,CostlyCorianders,DiligentDonuts,7654021
2026-07-05T00:10:44.118972,2026-07-05T00:10:44.130900+00:00,142.9,9,bid,CostlyCorianders,DiligentDonuts,7654037
2026-07-05T00:10:44.118972,2026-07-05T00:10:44.130900+00:00,143.0,32,bid,CostlyCorianders,EarnestEspressos,7654038
2026-07-05T00:10:44.629423,2026-07-05T00:10:44.641180+00:00,143.0,50,bid,FlawlessFlatbreads,EarnestEspressos,7654049
2026-07-05T00:10:45.099723,2026-07-05T00:10:45.112097+00:00,142.5,44,ask,EarnestEspressos,CostlyCorianders,7654058
2026-07-05T00:10:48.753886,2026-07-05T00:10:48.756948+00:00,142.8,48,ask,DiligentDonuts,CostlyCorianders,7654110
2026-07-05T00:10:48.889764,2026-07-05T00:10:48.898481+00:00,142.8,50,ask,DiligentDonuts,FlawlessFlatbreads,7654119
2026-07-05T00:10:49.766659,2026-07-05T00:10:49.778597+00:00,143.3,42,bid,CostlyCorianders,DiligentDonuts,7654135
2026-07-05T00:10:50.995754,2026-07-05T00:10:51.007546+00:00,142.8,2,ask,DiligentDonuts,FlawlessFlatbreads,7654148
2026-07-05T00:10:50.995754,2026-07-05T00:10:51.007546+00:00,142.8,48,ask,EarnestEspressos,FlawlessFlatbreads,7654149
2026-07-05T00:10:52.937074,2026-07-05T00:10:52.949018+00:00,142.6,48,ask,DiligentDonuts,CostlyCorianders,7654170
2026-07-05T00:10:53.104882,2026-07-05T00:10:53.113031+00:00,142.6,50,ask,DiligentDonuts,FlawlessFlatbreads,7654179
2026-07-05T00:10:54.538664,2026-07-05T00:10:54.550635+00:00,143.1,42,bid,CostlyCorianders,DiligentDonuts,7654194
2026-07-05T00:10:54.999837,2026-07-05T00:10:55.011760+00:00,142.5,45,ask,EarnestEspressos,CostlyCorianders,7654205
2026-07-05T00:10:55.212618,2026-07-05T00:10:55.224542+00:00,142.5,50,ask,EarnestEspressos,FlawlessFlatbreads,7654207
2026-07-05T00:10:56.551986,2026-07-05T00:10:56.558590+00:00,142.5,1,ask,EarnestEspressos,Kaleb Liu,7654234
2026-07-05T00:10:57.085484,2026-07-05T00:10:57.097356+00:00,142.9,47,bid,CostlyCorianders,DiligentDonuts,7654240
2026-07-05T00:10:57.319538,2026-07-05T00:10:57.331299+00:00,142.5,50,ask,EarnestEspressos,FlawlessFlatbreads,7654245
2026-07-05T00:10:57.563062,2026-07-05T00:10:57.569896+00:00,142.5,1,ask,EarnestEspressos,Kaleb Liu,7654252
2026-07-05T00:10:57.606194,2026-07-05T00:10:57.617691+00:00,142.5,3,ask,EarnestEspressos,CostlyCorianders,7654254
2026-07-05T00:10:58.027624,2026-07-05T00:10:58.045593+00:00,142.5,100,ask,DiligentDonuts,EarnestEspressos,7654266
2026-07-05T00:10:58.037334,2026-07-05T00:10:58.045593+00:00,142.4,3,bid,Xuanyu Liu,EarnestEspressos,7654267
2026-07-05T00:10:59.429427,2026-07-05T00:10:59.441130+00:00,141.9,50,ask,EarnestEspressos,FlawlessFlatbreads,7654288
2026-07-05T00:11:00.443280,2026-07-05T00:11:00.451187+00:00,142.4,11,bid,Xuanyu Liu,EarnestEspressos,7654303
2026-07-05T00:11:01.545024,2026-07-05T00:11:01.558596+00:00,142.3,50,ask,DiligentDonuts,FlawlessFlatbreads,7654312
2026-07-05T00:11:01.811078,2026-07-05T00:11:01.822656+00:00,142.7,48,bid,CostlyCorianders,EarnestEspressos,7654313
2026-07-05T00:11:02.426700,2026-07-05T00:11:02.434178+00:00,142.3,44,ask,DiligentDonuts,CostlyCorianders,7654324
2026-07-05T00:11:03.600824,2026-07-05T00:11:03.612747+00:00,142.7,50,bid,FlawlessFlatbreads,EarnestEspressos,7654344
2026-07-05T00:11:04.349307,2026-07-05T00:11:04.358578+00:00,142.6,100,ask,EarnestEspressos,DiligentDonuts,7654351
2026-07-05T00:11:04.371164,2026-07-05T00:11:04.379057+00:00,142.6,11,ask,EarnestEspressos,Xuanyu Liu,7654352
2026-07-05T00:11:05.758854,2026-07-05T00:11:05.766280+00:00,142.6,39,ask,EarnestEspressos,FlawlessFlatbreads,7654372
2026-07-05T00:11:05.758854,2026-07-05T00:11:05.771492+00:00,142.0,11,ask,DiligentDonuts,FlawlessFlatbreads,7654373
2026-07-05T00:11:05.943153,2026-07-05T00:11:05.954700+00:00,143.1,46,bid,CostlyCorianders,EarnestEspressos,7654376
2026-07-05T00:11:06.582300,2026-07-05T00:11:06.593236+00:00,142.0,1,ask,DiligentDonuts,Kaleb Liu,7654390
2026-07-05T00:11:07.867059,2026-07-05T00:11:07.879180+00:00,142.3,50,ask,EarnestEspressos,FlawlessFlatbreads,7654402
2026-07-05T00:11:09.993105,2026-07-05T00:11:10.000104+00:00,142.3,50,ask,EarnestEspressos,FlawlessFlatbreads,7654431
2026-07-05T00:11:10.685195,2026-07-05T00:11:10.694034+00:00,142.3,11,bid,Xuanyu Liu,EarnestEspressos,7654444
2026-07-05T00:11:10.917411,2026-07-05T00:11:10.925310+00:00,142.3,12,bid,Xuanyu Liu,EarnestEspressos,7654448
2026-07-05T00:11:11.348778,2026-07-05T00:11:11.358587+00:00,142.3,44,bid,CostlyCorianders,EarnestEspressos,7654458
2026-07-05T00:11:11.597089,2026-07-05T00:11:11.607061+00:00,142.3,3,bid,Kaleb Liu,EarnestEspressos,7654461
2026-07-05T00:11:12.099280,2026-07-05T00:11:12.106394+00:00,142.2,50,ask,DiligentDonuts,FlawlessFlatbreads,7654462
2026-07-05T00:11:12.225231,2026-07-05T00:11:12.233111+00:00,142.3,11,bid,Xuanyu Liu,EarnestEspressos,7654463
2026-07-05T00:11:12.486097,2026-07-05T00:11:12.496882+00:00,142.2,49,ask,DiligentDonuts,CostlyCorianders,7654474
2026-07-05T00:11:12.606117,2026-07-05T00:11:12.618231+00:00,142.3,5,bid,Kaleb Liu,EarnestEspressos,7654476
2026-07-05T00:11:14.192496,2026-07-05T00:11:14.199667+00:00,142.5,42,bid,CostlyCorianders,DiligentDonuts,7654500
2026-07-05T00:11:14.214785,2026-07-05T00:11:14.226565+00:00,142.2,50,ask,EarnestEspressos,FlawlessFlatbreads,7654502
2026-07-05T00:11:14.681255,2026-07-05T00:11:14.693182+00:00,142.2,48,ask,EarnestEspressos,CostlyCorianders,7654506
2026-07-05T00:11:15.148514,2026-07-05T00:11:15.158557+00:00,142.5,47,bid,CostlyCorianders,DiligentDonuts,7654515
2026-07-05T00:11:15.629341,2026-07-05T00:11:15.640857+00:00,142.2,40,ask,EarnestEspressos,CostlyCorianders,7654519
2026-07-05T00:11:16.159476,2026-07-05T00:11:16.168377+00:00,142.2,11,ask,EarnestEspressos,Xuanyu Liu,7654532
2026-07-05T00:11:16.320886,2026-07-05T00:11:16.332603+00:00,142.2,1,ask,EarnestEspressos,FlawlessFlatbreads,7654535
2026-07-05T00:11:16.320886,2026-07-05T00:11:16.332603+00:00,142.0,49,ask,DiligentDonuts,FlawlessFlatbreads,7654536
2026-07-05T00:11:16.647633,2026-07-05T00:11:16.658558+00:00,142.0,4,ask,DiligentDonuts,Kaleb Liu,7654542
2026-07-05T00:11:16.993837,2026-07-05T00:11:17.005644+00:00,141.8,100,ask,DiligentDonuts,EarnestEspressos,7654551
2026-07-05T00:11:17.007563,2026-07-05T00:11:17.016248+00:00,141.8,23,bid,Xuanyu Liu,EarnestEspressos,7654552
2026-07-05T00:11:17.658484,2026-07-05T00:11:17.670152+00:00,141.8,10,bid,Kaleb Liu,EarnestEspressos,7654563
2026-07-05T00:11:18.427541,2026-07-05T00:11:18.435431+00:00,141.3,50,ask,EarnestEspressos,FlawlessFlatbreads,7654576
2026-07-05T00:11:18.668929,2026-07-05T00:11:18.676052+00:00,141.8,5,bid,Kaleb Liu,EarnestEspressos,7654582
2026-07-05T00:11:18.769915,2026-07-05T00:11:18.780139+00:00,141.8,11,bid,Xuanyu Liu,EarnestEspressos,7654586
2026-07-05T00:11:19.337306,2026-07-05T00:11:19.349227+00:00,141.8,1,bid,CostlyCorianders,EarnestEspressos,7654599
2026-07-05T00:11:19.337306,2026-07-05T00:11:19.349227+00:00,142.3,40,bid,CostlyCorianders,DiligentDonuts,7654600
2026-07-05T00:11:20.537357,2026-07-05T00:11:20.546827+00:00,141.8,50,ask,EarnestEspressos,FlawlessFlatbreads,7654620
2026-07-05T00:11:21.509233,2026-07-05T00:11:21.521040+00:00,142.2,43,bid,CostlyCorianders,DiligentDonuts,7654638
2026-07-05T00:11:21.564774,2026-07-05T00:11:21.576666+00:00,141.8,49,ask,EarnestEspressos,CostlyCorianders,7654640
2026-07-05T00:11:21.682686,2026-07-05T00:11:21.693165+00:00,142.2,2,bid,Kaleb Liu,DiligentDonuts,7654642
2026-07-05T00:11:23.328299,2026-07-05T00:11:23.337648+00:00,142.3,100,ask,DiligentDonuts,EarnestEspressos,7654670
2026-07-05T00:11:23.695495,2026-07-05T00:11:23.707067+00:00,142.3,1,bid,Kaleb Liu,EarnestEspressos,7654673
2026-07-05T00:11:23.920642,2026-07-05T00:11:23.930572+00:00,141.8,48,ask,EarnestEspressos,CostlyCorianders,7654678
2026-07-05T00:11:24.717177,2026-07-05T00:11:24.724733+00:00,142.3,49,bid,FlawlessFlatbreads,EarnestEspressos,7654691
2026-07-05T00:11:25.529844,2026-07-05T00:11:25.538222+00:00,142.8,40,bid,CostlyCorianders,DiligentDonuts,7654711
2026-07-05T00:11:25.706965,2026-07-05T00:11:25.716442+00:00,141.8,11,ask,EarnestEspressos,Kaleb Liu,7654718
2026-07-05T00:11:26.824720,2026-07-05T00:11:26.832310+00:00,142.2,50,bid,FlawlessFlatbreads,DiligentDonuts,7654730
2026-07-05T00:11:27.696863,2026-07-05T00:11:27.706078+00:00,142.2,40,bid,CostlyCorianders,DiligentDonuts,7654752
2026-07-05T00:11:28.933575,2026-07-05T00:11:28.945496+00:00,142.2,10,bid,FlawlessFlatbreads,DiligentDonuts,7654760
2026-07-05T00:11:28.933575,2026-07-05T00:11:28.945496+00:00,142.3,40,bid,FlawlessFlatbreads,EarnestEspressos,7654761
2026-07-05T00:11:30.923242,2026-07-05T00:11:30.933075+00:00,141.8,44,ask,DiligentDonuts,CostlyCorianders,7654796
2026-07-05T00:11:31.042556,2026-07-05T00:11:31.058560+00:00,142.2,50,bid,FlawlessFlatbreads,EarnestEspressos,7654797
2026-07-05T00:11:31.988665,2026-07-05T00:11:32.000743+00:00,141.8,48,ask,DiligentDonuts,CostlyCorianders,7654811
2026-07-05T00:11:32.830006,2026-07-05T00:11:32.838257+00:00,142.2,11,ask,EarnestEspressos,Xuanyu Liu,7654815
2026-07-05T00:11:33.016896,2026-07-05T00:11:33.025265+00:00,142.2,12,ask,EarnestEspressos,Xuanyu Liu,7654823
2026-07-05T00:11:33.186327,2026-07-05T00:11:33.197886+00:00,142.3,50,bid,FlawlessFlatbreads,DiligentDonuts,7654825
2026-07-05T00:11:34.734283,2026-07-05T00:11:34.746015+00:00,142.3,40,bid,CostlyCorianders,DiligentDonuts,7654850
2026-07-05T00:11:35.294421,2026-07-05T00:11:35.306337+00:00,142.3,10,bid,FlawlessFlatbreads,DiligentDonuts,7654852
2026-07-05T00:11:35.294421,2026-07-05T00:11:35.306337+00:00,142.7,40,bid,FlawlessFlatbreads,EarnestEspressos,7654853
2026-07-05T00:11:35.727101,2026-07-05T00:11:35.734618+00:00,142.7,2,bid,Kaleb Liu,EarnestEspressos,7654860
2026-07-05T00:11:36.399202,2026-07-05T00:11:36.408168+00:00,142.2,41,ask,EarnestEspressos,CostlyCorianders,7654866
2026-07-05T00:11:36.659475,2026-07-05T00:11:36.667671+00:00,142.2,11,ask,EarnestEspressos,Xuanyu Liu,7654873
2026-07-05T00:11:36.893024,2026-07-05T00:11:36.904815+00:00,142.2,42,ask,EarnestEspressos,CostlyCorianders,7654881
2026-07-05T00:11:37.425263,2026-07-05T00:11:37.437036+00:00,142.5,50,bid,FlawlessFlatbreads,DiligentDonuts,7654893
2026-07-05T00:11:37.484649,2026-07-05T00:11:37.496580+00:00,142.5,47,bid,CostlyCorianders,DiligentDonuts,7654894
2026-07-05T00:11:38.094330,2026-07-05T00:11:38.106205+00:00,142.2,43,ask,EarnestEspressos,CostlyCorianders,7654900
2026-07-05T00:11:38.604171,2026-07-05T00:11:38.614539+00:00,142.5,3,bid,CostlyCorianders,DiligentDonuts,7654911
2026-07-05T00:11:38.604171,2026-07-05T00:11:38.614539+00:00,142.7,39,bid,CostlyCorianders,EarnestEspressos,7654912
2026-07-05T00:11:38.739544,2026-07-05T00:11:38.751294+00:00,142.7,1,bid,Kaleb Liu,EarnestEspressos,7654915
2026-07-05T00:11:39.150338,2026-07-05T00:11:39.159840+00:00,142.3,100,ask,DiligentDonuts,EarnestEspressos,7654925
2026-07-05T00:11:43.807419,2026-07-05T00:11:43.819252+00:00,142.3,50,ask,EarnestEspressos,FlawlessFlatbreads,7654987
2026-07-05T00:11:44.115953,2026-07-05T00:11:44.123345+00:00,142.3,48,ask,EarnestEspressos,CostlyCorianders,7654995
2026-07-05T00:11:47.967950,2026-07-05T00:11:47.979756+00:00,142.6,50,bid,FlawlessFlatbreads,EarnestEspressos,7655053
2026-07-05T00:11:50.076230,2026-07-05T00:11:50.087875+00:00,142.6,50,bid,FlawlessFlatbreads,DiligentDonuts,7655091
2026-07-05T00:11:50.347165,2026-07-05T00:11:50.358988+00:00,142.6,42,bid,CostlyCorianders,DiligentDonuts,7655100
2026-07-05T00:11:52.182197,2026-07-05T00:11:52.193809+00:00,142.5,50,bid,FlawlessFlatbreads,EarnestEspressos,7655139
2026-07-05T00:11:52.388436,2026-07-05T00:11:52.399976+00:00,142.5,43,bid,CostlyCorianders,EarnestEspressos,7655142
2026-07-05T00:11:54.159517,2026-07-05T00:11:54.169477+00:00,142.3,23,ask,DiligentDonuts,Xuanyu Liu,7655180
2026-07-05T00:11:54.288229,2026-07-05T00:11:54.297013+00:00,142.5,50,bid,FlawlessFlatbreads,EarnestEspressos,7655190
2026-07-05T00:11:54.988274,2026-07-05T00:11:54.997935+00:00,142.4,3,ask,EarnestEspressos,Xuanyu Liu,7655199
2026-07-05T00:11:56.446471,2026-07-05T00:11:56.463625+00:00,142.4,50,ask,EarnestEspressos,FlawlessFlatbreads,7655212
2026-07-05T00:11:58.502409,2026-07-05T00:11:58.510155+00:00,142.6,50,bid,FlawlessFlatbreads,DiligentDonuts,7655243
2026-07-05T00:11:59.307885,2026-07-05T00:11:59.319959+00:00,142.3,40,ask,EarnestEspressos,CostlyCorianders,7655251
2026-07-05T00:11:59.880268,2026-07-05T00:11:59.887221+00:00,142.3,41,ask,EarnestEspressos,CostlyCorianders,7655256
2026-07-05T00:12:00.495396,2026-07-05T00:12:00.507221+00:00,142.6,46,bid,CostlyCorianders,DiligentDonuts,7655264
2026-07-05T00:12:00.609416,2026-07-05T00:12:00.621282+00:00,142.6,4,bid,FlawlessFlatbreads,DiligentDonuts,7655265
2026-07-05T00:12:00.609416,2026-07-05T00:12:00.621282+00:00,142.8,46,bid,FlawlessFlatbreads,EarnestEspressos,7655266
2026-07-05T00:12:00.958332,2026-07-05T00:12:00.969775+00:00,142.3,40,ask,EarnestEspressos,CostlyCorianders,7655276
2026-07-05T00:12:01.304609,2026-07-05T00:12:01.313611+00:00,142.5,100,ask,DiligentDonuts,EarnestEspressos,7655280
2026-07-05T00:12:01.452387,2026-07-05T00:12:01.445489+00:00,142.5,40,bid,CostlyCorianders,EarnestEspressos,7655283
2026-07-05T00:12:02.718824,2026-07-05T00:12:02.729665+00:00,142.5,10,bid,FlawlessFlatbreads,EarnestEspressos,7655303
2026-07-05T00:12:02.718824,2026-07-05T00:12:02.729665+00:00,143.0,40,bid,FlawlessFlatbreads,DiligentDonuts,7655304
2026-07-05T00:12:04.780014,2026-07-05T00:12:04.790056+00:00,142.4,7,ask,EarnestEspressos,Kaleb Liu,7655344
2026-07-05T00:12:04.825746,2026-07-05T00:12:04.837522+00:00,142.5,50,bid,FlawlessFlatbreads,DiligentDonuts,7655345
2026-07-05T00:12:06.987463,2026-07-05T00:12:06.996407+00:00,142.4,50,ask,EarnestEspressos,FlawlessFlatbreads,7655375
2026-07-05T00:12:07.215219,2026-07-05T00:12:07.226976+00:00,142.4,48,ask,EarnestEspressos,CostlyCorianders,7655380
2026-07-05T00:12:09.097154,2026-07-05T00:12:09.105544+00:00,142.3,50,ask,DiligentDonuts,FlawlessFlatbreads,7655400
2026-07-05T00:12:10.240691,2026-07-05T00:12:10.252768+00:00,142.6,46,bid,CostlyCorianders,EarnestEspressos,7655418
2026-07-05T00:12:10.296694,2026-07-05T00:12:10.308552+00:00,142.3,45,ask,DiligentDonuts,CostlyCorianders,7655419
2026-07-05T00:12:10.898851,2026-07-05T00:12:10.909845+00:00,142.3,47,bid,CostlyCorianders,DiligentDonuts,7655423
2026-07-05T00:12:11.204032,2026-07-05T00:12:11.215761+00:00,142.1,50,ask,EarnestEspressos,FlawlessFlatbreads,7655425
2026-07-05T00:12:12.397499,2026-07-05T00:12:12.409305+00:00,142.3,41,bid,CostlyCorianders,DiligentDonuts,7655440
2026-07-05T00:12:13.309555,2026-07-05T00:12:13.318913+00:00,142.1,50,ask,EarnestEspressos,FlawlessFlatbreads,7655459
2026-07-05T00:12:13.987632,2026-07-05T00:12:13.995360+00:00,142.1,100,ask,DiligentDonuts,EarnestEspressos,7655471
2026-07-05T00:12:14.473596,2026-07-05T00:12:14.485314+00:00,141.7,40,ask,EarnestEspressos,CostlyCorianders,7655475
2026-07-05T00:12:15.384558,2026-07-05T00:12:15.396236+00:00,142.1,44,bid,CostlyCorianders,EarnestEspressos,7655484
2026-07-05T00:12:15.415920,2026-07-05T00:12:15.425536+00:00,141.7,50,ask,EarnestEspressos,FlawlessFlatbreads,7655485
2026-07-05T00:12:16.802896,2026-07-05T00:12:16.809932+00:00,141.7,3,ask,EarnestEspressos,Kaleb Liu,7655511
2026-07-05T00:12:17.521706,2026-07-05T00:12:17.529286+00:00,141.8,50,ask,EarnestEspressos,FlawlessFlatbreads,7655521
2026-07-05T00:12:17.813233,2026-07-05T00:12:17.820331+00:00,142.2,2,bid,Kaleb Liu,DiligentDonuts,7655524
2026-07-05T00:12:18.823343,2026-07-05T00:12:18.830327+00:00,142.2,1,bid,Kaleb Liu,DiligentDonuts,7655540
2026-07-05T00:12:19.584123,2026-07-05T00:12:19.592511+00:00,142.2,50,bid,FlawlessFlatbreads,DiligentDonuts,7655556
2026-07-05T00:12:19.835020,2026-07-05T00:12:19.846597+00:00,141.8,3,ask,EarnestEspressos,Kaleb Liu,7655562
2026-07-05T00:12:21.679744,2026-07-05T00:12:21.687746+00:00,142.0,14,bid,Xuanyu Liu,EarnestEspressos,7655581
2026-07-05T00:12:21.689624,2026-07-05T00:12:21.703281+00:00,142.0,50,bid,FlawlessFlatbreads,EarnestEspressos,7655583
2026-07-05T00:12:23.795712,2026-07-05T00:12:23.806859+00:00,142.6,50,bid,FlawlessFlatbreads,DiligentDonuts,7655625
2026-07-05T00:12:23.832832,2026-07-05T00:12:23.840657+00:00,142.1,49,ask,DiligentDonuts,CostlyCorianders,7655629
2026-07-05T00:12:23.851338,2026-07-05T00:12:23.866357+00:00,142.6,2,bid,Kaleb Liu,DiligentDonuts,7655633
2026-07-05T00:12:25.636226,2026-07-05T00:12:25.644112+00:00,142.1,11,ask,DiligentDonuts,Xuanyu Liu,7655662
2026-07-05T00:12:26.390892,2026-07-05T00:12:26.397581+00:00,142.1,40,ask,DiligentDonuts,CostlyCorianders,7655676
2026-07-05T00:12:26.390892,2026-07-05T00:12:26.402915+00:00,142.1,3,ask,EarnestEspressos,CostlyCorianders,7655677
2026-07-05T00:12:26.863435,2026-07-05T00:12:26.870536+00:00,142.3,1,bid,Kaleb Liu,DiligentDonuts,7655690
2026-07-05T00:12:27.978909,2026-07-05T00:12:27.990638+00:00,142.3,43,bid,CostlyCorianders,DiligentDonuts,7655699
2026-07-05T00:12:28.096870,2026-07-05T00:12:28.108437+00:00,141.9,50,ask,EarnestEspressos,FlawlessFlatbreads,7655706
2026-07-05T00:12:28.653062,2026-07-05T00:12:28.658595+00:00,141.9,43,ask,EarnestEspressos,CostlyCorianders,7655716
2026-07-05T00:12:30.209928,2026-07-05T00:12:30.221759+00:00,141.8,50,ask,DiligentDonuts,FlawlessFlatbreads,7655752
2026-07-05T00:12:30.714998,2026-07-05T00:12:30.724153+00:00,141.9,40,bid,CostlyCorianders,EarnestEspressos,7655758
2026-07-05T00:12:30.859339,2026-07-05T00:12:30.867033+00:00,141.9,11,bid,Xuanyu Liu,EarnestEspressos,7655759
2026-07-05T00:12:31.240117,2026-07-05T00:12:31.251791+00:00,141.9,41,bid,CostlyCorianders,EarnestEspressos,7655767
2026-07-05T00:12:31.671478,2026-07-05T00:12:31.679380+00:00,141.9,12,bid,Xuanyu Liu,EarnestEspressos,7655769
2026-07-05T00:12:32.274063,2026-07-05T00:12:32.285942+00:00,141.9,45,bid,CostlyCorianders,EarnestEspressos,7655782
2026-07-05T00:12:32.329988,2026-07-05T00:12:32.338081+00:00,141.8,50,ask,DiligentDonuts,FlawlessFlatbreads,7655787
2026-07-05T00:12:32.954338,2026-07-05T00:12:32.954099+00:00,142.2,100,ask,EarnestEspressos,DiligentDonuts,7655796
2026-07-05T00:12:32.985991,2026-07-05T00:12:32.995533+00:00,142.2,23,ask,EarnestEspressos,Xuanyu Liu,7655797
2026-07-05T00:12:34.384913,2026-07-05T00:12:34.390494+00:00,142.7,50,bid,FlawlessFlatbreads,EarnestEspressos,7655813
2026-07-05T00:12:35.249399,2026-07-05T00:12:35.261315+00:00,142.2,27,ask,EarnestEspressos,CostlyCorianders,7655827
2026-07-05T00:12:35.249399,2026-07-05T00:12:35.261315+00:00,141.7,18,ask,DiligentDonuts,CostlyCorianders,7655828
2026-07-05T00:12:35.885590,2026-07-05T00:12:35.895714+00:00,141.7,6,ask,DiligentDonuts,Kaleb Liu,7655837
2026-07-05T00:12:36.509766,2026-07-05T00:12:36.517711+00:00,142.8,50,bid,FlawlessFlatbreads,EarnestEspressos,7655848
2026-07-05T00:12:36.767814,2026-07-05T00:12:36.779680+00:00,142.4,40,ask,DiligentDonuts,CostlyCorianders,7655850
2026-07-05T00:12:36.895587,2026-07-05T00:12:36.905197+00:00,142.8,1,bid,Kaleb Liu,EarnestEspressos,7655857
2026-07-05T00:12:38.616483,2026-07-05T00:12:38.628495+00:00,142.8,50,bid,FlawlessFlatbreads,EarnestEspressos,7655885
2026-07-05T00:12:39.278561,2026-07-05T00:12:39.286873+00:00,142.4,46,ask,EarnestEspressos,CostlyCorianders,7655901
2026-07-05T00:12:40.723899,2026-07-05T00:12:40.735692+00:00,142.5,50,bid,FlawlessFlatbreads,DiligentDonuts,7655922
2026-07-05T00:12:42.831332,2026-07-05T00:12:42.843379+00:00,142.7,50,bid,FlawlessFlatbreads,DiligentDonuts,7655955
2026-07-05T00:12:42.909686,2026-07-05T00:12:42.916986+00:00,142.2,1,ask,DiligentDonuts,Kaleb Liu,7655960
2026-07-05T00:12:44.940102,2026-07-05T00:12:44.949179+00:00,142.7,50,bid,FlawlessFlatbreads,DiligentDonuts,7656001
2026-07-05T00:12:45.624896,2026-07-05T00:12:45.634056+00:00,142.6,3,ask,DiligentDonuts,Xuanyu Liu,7656011
2026-07-05T00:12:45.903476,2026-07-05T00:12:45.915524+00:00,142.9,40,bid,CostlyCorianders,EarnestEspressos,7656016
2026-07-05T00:12:47.046233,2026-07-05T00:12:47.058584+00:00,142.9,50,bid,FlawlessFlatbreads,EarnestEspressos,7656034
2026-07-05T00:12:49.219167,2026-07-05T00:12:49.228277+00:00,142.5,50,ask,EarnestEspressos,FlawlessFlatbreads,7656068
2026-07-05T00:12:50.926642,2026-07-05T00:12:50.934555+00:00,142.9,1,bid,Kaleb Liu,DiligentDonuts,7656102
2026-07-05T00:12:51.274674,2026-07-05T00:12:51.286383+00:00,142.9,50,bid,FlawlessFlatbreads,DiligentDonuts,7656109
2026-07-05T00:12:51.935586,2026-07-05T00:12:51.945554+00:00,142.8,1,ask,DiligentDonuts,Kaleb Liu,7656115
2026-07-05T00:12:52.236058,2026-07-05T00:12:52.247574+00:00,142.8,41,ask,DiligentDonuts,CostlyCorianders,7656118
2026-07-05T00:12:52.953100,2026-07-05T00:12:52.958581+00:00,142.8,1,ask,DiligentDonuts,Kaleb Liu,7656129
2026-07-05T00:12:53.434958,2026-07-05T00:12:53.444406+00:00,142.8,50,ask,DiligentDonuts,FlawlessFlatbreads,7656140
2026-07-05T00:12:54.070382,2026-07-05T00:12:54.081441+00:00,142.8,7,ask,DiligentDonuts,CostlyCorianders,7656152
2026-07-05T00:12:54.674725,2026-07-05T00:12:54.685749+00:00,143.0,45,bid,CostlyCorianders,EarnestEspressos,7656162
2026-07-05T00:12:55.541275,2026-07-05T00:12:55.552957+00:00,142.7,50,ask,EarnestEspressos,FlawlessFlatbreads,7656174
2026-07-05T00:12:55.884218,2026-07-05T00:12:55.888201+00:00,142.7,3,ask,EarnestEspressos,Xuanyu Liu,7656184
2026-07-05T00:12:56.198032,2026-07-05T00:12:56.210178+00:00,142.7,25,ask,EarnestEspressos,Yinxuan Li,7656191
2026-07-05T00:12:57.649936,2026-07-05T00:12:57.656588+00:00,142.7,50,ask,EarnestEspressos,FlawlessFlatbreads,7656207
2026-07-05T00:12:58.044502,2026-07-05T00:12:58.053518+00:00,142.7,22,ask,EarnestEspressos,CostlyCorianders,7656212
2026-07-05T00:12:58.044502,2026-07-05T00:12:58.053518+00:00,142.5,22,ask,DiligentDonuts,CostlyCorianders,7656213
2026-07-05T00:12:58.295707,2026-07-05T00:12:58.303920+00:00,142.4,3,bid,Xuanyu Liu,EarnestEspressos,7656219
2026-07-05T00:12:59.019063,2026-07-05T00:12:59.030818+00:00,142.4,46,bid,CostlyCorianders,EarnestEspressos,7656229
