timestamp,recv_time,price,volume,aggressor_side,buyer,seller,trade_id
2026-07-07T23:00:00.336874,2026-07-07T23:00:00.356144+00:00,136.5,47,ask,,,11409266
2026-07-07T23:00:02.023477,2026-07-07T23:00:02.035366+00:00,136.5,50,ask,,,11409279
2026-07-07T23:00:03.561275,2026-07-07T23:00:03.573733+00:00,136.8,11,bid,,,11409301
2026-07-07T23:00:04.079918,2026-07-07T23:00:04.090723+00:00,136.8,50,bid,,,11409310
2026-07-07T23:00:06.186583,2026-07-07T23:00:06.194416+00:00,137.0,50,bid,,,11409342
2026-07-07T23:00:07.514209,2026-07-07T23:00:07.525664+00:00,136.6,48,ask,,,11409357
2026-07-07T23:00:08.299547,2026-07-07T23:00:08.307449+00:00,137.0,50,bid,,,11409367
2026-07-07T23:00:09.111841,2026-07-07T23:00:09.123345+00:00,137.1,44,bid,,,11409380
2026-07-07T23:00:09.745106,2026-07-07T23:00:09.758595+00:00,136.7,40,ask,,,11409385
2026-07-07T23:00:10.357404,2026-07-07T23:00:10.369340+00:00,137.0,46,bid,,,11409394
2026-07-07T23:00:11.351072,2026-07-07T23:00:11.358549+00:00,136.7,45,ask,,,11409406
2026-07-07T23:00:14.392509,2026-07-07T23:00:14.404245+00:00,136.6,44,ask,,,11409440
2026-07-07T23:00:14.673995,2026-07-07T23:00:14.685755+00:00,136.6,50,ask,,,11409447
2026-07-07T23:00:16.812923,2026-07-07T23:00:16.824660+00:00,136.5,50,ask,,,11409471
2026-07-07T23:00:18.167487,2026-07-07T23:00:18.179199+00:00,136.7,49,bid,,,11409492
2026-07-07T23:00:18.870861,2026-07-07T23:00:18.882496+00:00,136.5,50,bid,,,11409499
2026-07-07T23:00:19.651086,2026-07-07T23:00:19.658582+00:00,136.5,41,bid,,,11409508
2026-07-07T23:00:20.271927,2026-07-07T23:00:20.283443+00:00,136.2,47,ask,,,11409515
2026-07-07T23:00:21.055375,2026-07-07T23:00:21.069757+00:00,136.2,50,ask,,,11409537
2026-07-07T23:00:22.112214,2026-07-07T23:00:22.131911+00:00,136.3,100,ask,,,11409547
2026-07-07T23:00:22.121411,2026-07-07T23:00:22.131911+00:00,136.3,12,bid,,,11409548
2026-07-07T23:00:22.844189,2026-07-07T23:00:22.850646+00:00,136.3,38,bid,,,11409558
2026-07-07T23:00:22.844189,2026-07-07T23:00:22.850646+00:00,136.8,6,bid,,,11409559
2026-07-07T23:00:23.111405,2026-07-07T23:00:23.123356+00:00,136.8,50,bid,,,11409562
2026-07-07T23:00:25.222953,2026-07-07T23:00:25.232209+00:00,136.7,50,bid,,,11409590
2026-07-07T23:00:25.492246,2026-07-07T23:00:25.499964+00:00,136.7,41,bid,,,11409594
2026-07-07T23:00:26.006717,2026-07-07T23:00:26.018665+00:00,136.5,47,ask,,,11409595
2026-07-07T23:00:26.913635,2026-07-07T23:00:26.925102+00:00,136.7,9,bid,,,11409601
2026-07-07T23:00:27.329212,2026-07-07T23:00:27.340580+00:00,137.0,50,bid,,,11409612
2026-07-07T23:00:28.081901,2026-07-07T23:00:28.093680+00:00,136.5,44,ask,,,11409621
2026-07-07T23:00:28.672200,2026-07-07T23:00:28.684020+00:00,137.1,45,bid,,,11409633
2026-07-07T23:00:28.952538,2026-07-07T23:00:28.963028+00:00,136.8,23,ask,,,11409640
2026-07-07T23:00:28.979411,2026-07-07T23:00:28.988945+00:00,136.8,3,ask,,,11409642
2026-07-07T23:00:29.486189,2026-07-07T23:00:29.497620+00:00,136.8,50,ask,,,11409651
2026-07-07T23:00:32.702787,2026-07-07T23:00:32.711091+00:00,137.0,40,ask,,,11409693
2026-07-07T23:00:33.337775,2026-07-07T23:00:33.348754+00:00,137.0,42,ask,,,11409701
2026-07-07T23:00:33.714020,2026-07-07T23:00:33.727618+00:00,137.0,50,ask,,,11409711
2026-07-07T23:00:34.777638,2026-07-07T23:00:34.788266+00:00,137.0,3,bid,,,11409726
2026-07-07T23:00:35.010309,2026-07-07T23:00:35.021931+00:00,137.0,41,bid,,,11409732
2026-07-07T23:00:35.621739,2026-07-07T23:00:35.633676+00:00,137.0,45,bid,,,11409736
2026-07-07T23:00:36.238016,2026-07-07T23:00:36.248864+00:00,137.0,11,bid,,,11409746
2026-07-07T23:00:37.924829,2026-07-07T23:00:37.936467+00:00,136.8,50,ask,,,11409773
2026-07-07T23:00:39.262814,2026-07-07T23:00:39.274627+00:00,136.8,49,ask,,,11409794
2026-07-07T23:00:39.782481,2026-07-07T23:00:39.793790+00:00,137.2,47,bid,,,11409800
2026-07-07T23:00:40.036215,2026-07-07T23:00:40.044190+00:00,136.8,50,ask,,,11409806
2026-07-07T23:00:40.970726,2026-07-07T23:00:40.979404+00:00,137.1,11,ask,,,11409819
2026-07-07T23:00:41.093989,2026-07-07T23:00:41.105620+00:00,137.1,89,ask,,,11409824
2026-07-07T23:00:42.071352,2026-07-07T23:00:42.080184+00:00,136.4,46,bid,,,11409838
2026-07-07T23:00:42.144941,2026-07-07T23:00:42.158587+00:00,135.9,50,ask,,,11409842
2026-07-07T23:00:43.382492,2026-07-07T23:00:43.393221+00:00,136.4,15,bid,,,11409860
2026-07-07T23:00:44.253639,2026-07-07T23:00:44.264985+00:00,136.2,50,ask,,,11409869
2026-07-07T23:00:46.437453,2026-07-07T23:00:46.450449+00:00,136.2,40,ask,,,11409897
2026-07-07T23:00:48.467100,2026-07-07T23:00:48.478624+00:00,136.3,50,ask,,,11409922
2026-07-07T23:00:48.633338,2026-07-07T23:00:48.642290+00:00,136.3,15,ask,,,11409925
2026-07-07T23:00:50.522248,2026-07-07T23:00:50.533816+00:00,136.4,50,bid,,,11409949
2026-07-07T23:00:50.577576,2026-07-07T23:00:50.589385+00:00,136.4,41,bid,,,11409950
2026-07-07T23:00:52.633754,2026-07-07T23:00:52.640302+00:00,136.3,50,bid,,,11409989
2026-07-07T23:00:52.993139,2026-07-07T23:00:53.004696+00:00,136.3,41,bid,,,11409990
2026-07-07T23:00:53.573422,2026-07-07T23:00:53.585090+00:00,136.3,59,bid,,,11409999
2026-07-07T23:00:53.709399,2026-07-07T23:00:53.718903+00:00,136.6,12,ask,,,11410000
2026-07-07T23:00:54.741862,2026-07-07T23:00:54.753548+00:00,136.9,50,bid,,,11410021
2026-07-07T23:00:55.185679,2026-07-07T23:00:55.194230+00:00,136.6,11,ask,,,11410025
2026-07-07T23:00:56.849248,2026-07-07T23:00:56.851118+00:00,137.0,50,bid,,,11410057
2026-07-07T23:00:58.964827,2026-07-07T23:00:58.975949+00:00,137.0,50,bid,,,11410091
2026-07-07T23:01:00.477122,2026-07-07T23:01:00.487822+00:00,136.5,12,ask,,,11410117
2026-07-07T23:01:01.121520,2026-07-07T23:01:01.132717+00:00,136.5,50,ask,,,11410122
2026-07-07T23:01:01.750471,2026-07-07T23:01:01.756884+00:00,136.5,38,ask,,,11410136
2026-07-07T23:01:01.750471,2026-07-07T23:01:01.756884+00:00,136.4,9,ask,,,11410137
2026-07-07T23:01:02.772938,2026-07-07T23:01:02.784814+00:00,136.4,45,ask,,,11410148
2026-07-07T23:01:03.228219,2026-07-07T23:01:03.239835+00:00,136.4,50,ask,,,11410155
2026-07-07T23:01:04.801668,2026-07-07T23:01:04.813433+00:00,136.4,40,ask,,,11410180
2026-07-07T23:01:05.335282,2026-07-07T23:01:05.347288+00:00,136.4,10,ask,,,11410190
2026-07-07T23:01:05.335282,2026-07-07T23:01:05.347288+00:00,136.3,40,ask,,,11410191
2026-07-07T23:01:07.447937,2026-07-07T23:01:07.458551+00:00,136.1,50,ask,,,11410210
2026-07-07T23:01:08.516637,2026-07-07T23:01:08.527978+00:00,136.6,46,bid,,,11410224
2026-07-07T23:01:09.059523,2026-07-07T23:01:09.069455+00:00,136.6,44,bid,,,11410230
2026-07-07T23:01:09.556294,2026-07-07T23:01:09.565079+00:00,136.0,50,ask,,,11410237
2026-07-07T23:01:09.671011,2026-07-07T23:01:09.680694+00:00,136.4,35,bid,,,11410241
2026-07-07T23:01:11.611206,2026-07-07T23:01:11.620467+00:00,136.4,50,bid,,,11410270
2026-07-07T23:01:12.661918,2026-07-07T23:01:12.671528+00:00,136.4,100,bid,,,11410281
2026-07-07T23:01:12.726144,2026-07-07T23:01:12.735826+00:00,136.5,23,ask,,,11410282
2026-07-07T23:01:13.720488,2026-07-07T23:01:13.729097+00:00,137.0,50,bid,,,11410300
2026-07-07T23:01:15.878102,2026-07-07T23:01:15.889529+00:00,136.5,50,ask,,,11410329
2026-07-07T23:01:17.468549,2026-07-07T23:01:17.475508+00:00,136.5,48,ask,,,11410357
2026-07-07T23:01:17.986458,2026-07-07T23:01:17.995590+00:00,136.5,2,ask,,,11410368
2026-07-07T23:01:17.986458,2026-07-07T23:01:17.995590+00:00,136.5,48,ask,,,11410369
2026-07-07T23:01:18.928140,2026-07-07T23:01:18.936159+00:00,136.7,34,bid,,,11410384
2026-07-07T23:01:18.988841,2026-07-07T23:01:18.997534+00:00,136.7,66,bid,,,11410386
2026-07-07T23:01:20.094546,2026-07-07T23:01:20.106363+00:00,136.7,50,ask,,,11410406
2026-07-07T23:01:20.452055,2026-07-07T23:01:20.463645+00:00,137.2,43,bid,,,11410413
2026-07-07T23:01:22.203711,2026-07-07T23:01:22.217012+00:00,136.7,50,ask,,,11410434
2026-07-07T23:01:24.311035,2026-07-07T23:01:24.322626+00:00,136.7,50,ask,,,11410464
2026-07-07T23:01:25.775367,2026-07-07T23:01:25.786351+00:00,136.4,41,ask,,,11410481
2026-07-07T23:01:26.432563,2026-07-07T23:01:26.443080+00:00,136.4,50,ask,,,11410490
2026-07-07T23:01:27.817160,2026-07-07T23:01:27.828612+00:00,136.7,44,bid,,,11410510
2026-07-07T23:01:28.538774,2026-07-07T23:01:28.563960+00:00,136.4,50,ask,,,11410518
2026-07-07T23:01:29.412309,2026-07-07T23:01:29.429299+00:00,136.6,34,bid,,,11410534
2026-07-07T23:01:30.455357,2026-07-07T23:01:30.467237+00:00,136.6,44,bid,,,11410552
2026-07-07T23:01:30.658244,2026-07-07T23:01:30.669608+00:00,136.4,50,ask,,,11410555
2026-07-07T23:01:32.764777,2026-07-07T23:01:32.776537+00:00,136.5,50,ask,,,11410576
2026-07-07T23:01:33.334498,2026-07-07T23:01:33.346126+00:00,136.5,44,ask,,,11410585
2026-07-07T23:01:33.816905,2026-07-07T23:01:33.828239+00:00,136.7,45,bid,,,11410591
2026-07-07T23:01:34.892809,2026-07-07T23:01:34.904318+00:00,136.6,50,ask,,,11410611
2026-07-07T23:01:36.999824,2026-07-07T23:01:37.011600+00:00,136.6,50,ask,,,11410643
2026-07-07T23:01:39.107993,2026-07-07T23:01:39.122834+00:00,136.6,50,ask,,,11410662
2026-07-07T23:01:41.162385,2026-07-07T23:01:41.168718+00:00,136.8,50,bid,,,11410683
2026-07-07T23:01:41.595194,2026-07-07T23:01:41.602399+00:00,136.3,47,ask,,,11410689
2026-07-07T23:01:43.272999,2026-07-07T23:01:43.280902+00:00,136.6,50,bid,,,11410709
2026-07-07T23:01:44.015993,2026-07-07T23:01:44.024675+00:00,136.6,6,bid,,,11410721
2026-07-07T23:01:44.696934,2026-07-07T23:01:44.708740+00:00,136.9,45,bid,,,11410730
2026-07-07T23:01:45.262681,2026-07-07T23:01:45.274487+00:00,136.5,46,ask,,,11410739
2026-07-07T23:01:45.379770,2026-07-07T23:01:45.388713+00:00,136.9,50,bid,,,11410742
2026-07-07T23:01:45.777220,2026-07-07T23:01:45.784855+00:00,136.5,42,ask,,,11410748
2026-07-07T23:01:46.300454,2026-07-07T23:01:46.312082+00:00,136.9,5,bid,,,11410756
2026-07-07T23:01:46.300454,2026-07-07T23:01:46.312082+00:00,137.0,43,bid,,,11410757
2026-07-07T23:01:47.487767,2026-07-07T23:01:47.499288+00:00,137.2,50,bid,,,11410778
2026-07-07T23:01:48.117620,2026-07-07T23:01:48.129079+00:00,136.7,48,ask,,,11410790
2026-07-07T23:01:50.332493,2026-07-07T23:01:50.343742+00:00,136.8,44,bid,,,11410821
2026-07-07T23:01:50.436907,2026-07-07T23:01:50.445614+00:00,136.7,6,ask,,,11410823
2026-07-07T23:01:51.324495,2026-07-07T23:01:51.332733+00:00,136.8,43,bid,,,11410844
2026-07-07T23:01:51.728669,2026-07-07T23:01:51.741520+00:00,136.8,50,bid,,,11410850
2026-07-07T23:01:53.342362,2026-07-07T23:01:53.348722+00:00,136.5,41,ask,,,11410873
2026-07-07T23:01:53.835516,2026-07-07T23:01:53.844315+00:00,136.9,50,bid,,,11410879
2026-07-07T23:01:55.696736,2026-07-07T23:01:55.705733+00:00,136.6,23,ask,,,11410896
2026-07-07T23:01:55.941840,2026-07-07T23:01:55.948503+00:00,136.9,50,bid,,,11410898
2026-07-07T23:01:56.470740,2026-07-07T23:01:56.482116+00:00,136.6,47,ask,,,11410905
2026-07-07T23:01:57.003189,2026-07-07T23:01:57.011934+00:00,136.6,12,bid,,,11410909
2026-07-07T23:01:58.048291,2026-07-07T23:01:58.058574+00:00,136.6,50,bid,,,11410925
2026-07-07T23:01:59.149821,2026-07-07T23:01:59.156095+00:00,136.6,49,bid,,,11410939
2026-07-07T23:01:59.687690,2026-07-07T23:01:59.700572+00:00,136.4,46,ask,,,11410954
2026-07-07T23:02:00.157223,2026-07-07T23:02:00.168999+00:00,136.6,50,bid,,,11410959
2026-07-07T23:02:02.265518,2026-07-07T23:02:02.272996+00:00,136.6,50,bid,,,11410977
2026-07-07T23:02:02.587607,2026-07-07T23:02:02.599764+00:00,136.9,46,bid,,,11410979
2026-07-07T23:02:03.283986,2026-07-07T23:02:03.293964+00:00,136.7,23,ask,,,11410987
2026-07-07T23:02:03.393306,2026-07-07T23:02:03.407240+00:00,136.7,11,ask,,,11410990
2026-07-07T23:02:04.372577,2026-07-07T23:02:04.384067+00:00,137.0,50,bid,,,11411008
2026-07-07T23:02:04.687802,2026-07-07T23:02:04.699293+00:00,136.7,45,ask,,,11411013
2026-07-07T23:02:05.812842,2026-07-07T23:02:05.822285+00:00,136.7,12,ask,,,11411027
2026-07-07T23:02:06.480344,2026-07-07T23:02:06.492271+00:00,137.0,50,bid,,,11411032
2026-07-07T23:02:06.653336,2026-07-07T23:02:06.658593+00:00,136.6,49,bid,,,11411036
2026-07-07T23:02:07.772588,2026-07-07T23:02:07.781803+00:00,136.5,43,ask,,,11411046
2026-07-07T23:02:09.360646,2026-07-07T23:02:09.369234+00:00,136.5,40,ask,,,11411057
2026-07-07T23:02:09.999645,2026-07-07T23:02:10.011077+00:00,136.7,46,bid,,,11411067
2026-07-07T23:02:10.750560,2026-07-07T23:02:10.757297+00:00,136.3,50,ask,,,11411075
2026-07-07T23:02:12.808247,2026-07-07T23:02:12.819846+00:00,136.6,50,bid,,,11411091
2026-07-07T23:02:17.076409,2026-07-07T23:02:17.088302+00:00,136.4,50,ask,,,11411140
2026-07-07T23:02:19.190456,2026-07-07T23:02:19.197210+00:00,136.6,50,ask,,,11411165
2026-07-07T23:02:19.912788,2026-07-07T23:02:19.922101+00:00,136.6,46,ask,,,11411174
2026-07-07T23:02:20.446981,2026-07-07T23:02:20.458287+00:00,137.0,46,bid,,,11411178
2026-07-07T23:02:21.246894,2026-07-07T23:02:21.255430+00:00,137.0,50,bid,,,11411193
2026-07-07T23:02:22.289491,2026-07-07T23:02:22.301028+00:00,136.8,100,bid,,,11411207
2026-07-07T23:02:23.404324,2026-07-07T23:02:23.415934+00:00,136.9,50,ask,,,11411223
2026-07-07T23:02:25.461827,2026-07-07T23:02:25.469832+00:00,137.0,50,bid,,,11411251
2026-07-07T23:02:25.634939,2026-07-07T23:02:25.646471+00:00,136.7,41,bid,,,11411254
2026-07-07T23:02:25.895264,2026-07-07T23:02:25.904171+00:00,136.7,12,bid,,,11411258
2026-07-07T23:02:27.570239,2026-07-07T23:02:27.585797+00:00,136.7,50,bid,,,11411272
2026-07-07T23:02:27.807219,2026-07-07T23:02:27.817697+00:00,136.5,44,ask,,,11411277
2026-07-07T23:02:28.884994,2026-07-07T23:02:28.896486+00:00,137.0,40,bid,,,11411290
2026-07-07T23:02:30.215705,2026-07-07T23:02:30.227190+00:00,136.6,48,ask,,,11411308
2026-07-07T23:02:30.842692,2026-07-07T23:02:30.864014+00:00,136.6,49,ask,,,11411316
2026-07-07T23:02:31.788352,2026-07-07T23:02:31.810215+00:00,137.3,50,bid,,,11411328
2026-07-07T23:02:31.788558,2026-07-07T23:02:31.810215+00:00,136.8,12,ask,,,11411329
2026-07-07T23:02:31.843581,2026-07-07T23:02:31.854973+00:00,136.8,88,ask,,,11411333
2026-07-07T23:02:33.900803,2026-07-07T23:02:33.908492+00:00,136.8,50,bid,,,11411355
2026-07-07T23:02:35.090450,2026-07-07T23:02:35.099187+00:00,136.7,11,ask,,,11411371
2026-07-07T23:02:36.466462,2026-07-07T23:02:36.472950+00:00,136.9,45,bid,,,11411386
2026-07-07T23:02:36.521088,2026-07-07T23:02:36.531587+00:00,136.7,40,ask,,,11411387
2026-07-07T23:02:37.671845,2026-07-07T23:02:37.683671+00:00,136.7,41,ask,,,11411406
2026-07-07T23:02:40.280682,2026-07-07T23:02:40.287965+00:00,136.5,50,ask,,,11411443
2026-07-07T23:02:41.410976,2026-07-07T23:02:41.417842+00:00,136.8,47,bid,,,11411459
2026-07-07T23:02:42.387598,2026-07-07T23:02:42.399220+00:00,136.4,50,ask,,,11411471
2026-07-07T23:02:43.039888,2026-07-07T23:02:43.050096+00:00,136.8,41,bid,,,11411475
2026-07-07T23:02:43.646369,2026-07-07T23:02:43.658580+00:00,136.8,12,bid,,,11411483
2026-07-07T23:02:43.646369,2026-07-07T23:02:43.658580+00:00,136.8,33,bid,,,11411484
2026-07-07T23:02:46.602989,2026-07-07T23:02:46.614644+00:00,136.4,50,ask,,,11411531
2026-07-07T23:02:47.959756,2026-07-07T23:02:47.971209+00:00,136.1,43,ask,,,11411545
2026-07-07T23:02:49.012439,2026-07-07T23:02:49.024145+00:00,136.4,41,bid,,,11411563
2026-07-07T23:02:49.520244,2026-07-07T23:02:49.532815+00:00,136.1,48,ask,,,11411574
2026-07-07T23:02:50.140508,2026-07-07T23:02:50.158785+00:00,136.4,41,bid,,,11411579
2026-07-07T23:02:50.814244,2026-07-07T23:02:50.839973+00:00,136.2,50,ask,,,11411592
2026-07-07T23:02:50.826706,2026-07-07T23:02:50.839973+00:00,136.3,11,bid,,,11411593
2026-07-07T23:02:52.697217,2026-07-07T23:02:52.708580+00:00,136.3,43,bid,,,11411620
2026-07-07T23:02:52.752093,2026-07-07T23:02:52.763811+00:00,136.2,40,ask,,,11411626
2026-07-07T23:02:52.922204,2026-07-07T23:02:52.930837+00:00,136.2,10,ask,,,11411629
2026-07-07T23:02:52.922204,2026-07-07T23:02:52.930837+00:00,135.8,40,ask,,,11411630
2026-07-07T23:02:53.798239,2026-07-07T23:02:53.809922+00:00,135.8,47,ask,,,11411640
2026-07-07T23:02:53.992239,2026-07-07T23:02:54.002363+00:00,136.2,12,bid,,,11411643
2026-07-07T23:02:54.902220,2026-07-07T23:02:54.913789+00:00,136.2,49,bid,,,11411655
2026-07-07T23:02:55.029353,2026-07-07T23:02:55.041102+00:00,135.9,50,ask,,,11411659
2026-07-07T23:02:57.088225,2026-07-07T23:02:57.099902+00:00,136.0,50,bid,,,11411686
2026-07-07T23:02:58.759594,2026-07-07T23:02:58.768136+00:00,136.0,11,bid,,,11411705
2026-07-07T23:02:59.159656,2026-07-07T23:02:59.171196+00:00,136.0,39,bid,,,11411714
2026-07-07T23:03:03.405845,2026-07-07T23:03:03.413232+00:00,136.3,50,bid,,,11411771
2026-07-07T23:03:04.095147,2026-07-07T23:03:04.102296+00:00,135.8,45,ask,,,11411782
2026-07-07T23:03:05.512594,2026-07-07T23:03:05.523430+00:00,136.2,50,bid,,,11411800
2026-07-07T23:03:06.279365,2026-07-07T23:03:06.291098+00:00,135.8,48,ask,,,11411809
2026-07-07T23:03:07.618268,2026-07-07T23:03:07.626063+00:00,136.2,50,bid,,,11411827
2026-07-07T23:03:08.965524,2026-07-07T23:03:08.976848+00:00,136.2,40,bid,,,11411852
2026-07-07T23:03:10.011986,2026-07-07T23:03:10.022175+00:00,136.1,11,ask,,,11411869
2026-07-07T23:03:11.113533,2026-07-07T23:03:11.124900+00:00,136.1,46,ask,,,11411885
2026-07-07T23:03:11.831108,2026-07-07T23:03:11.842493+00:00,136.6,50,bid,,,11411898
2026-07-07T23:03:13.060695,2026-07-07T23:03:13.072234+00:00,136.0,41,ask,,,11411916
2026-07-07T23:03:14.613358,2026-07-07T23:03:14.625111+00:00,136.5,48,bid,,,11411929
2026-07-07T23:03:15.127954,2026-07-07T23:03:15.138701+00:00,136.0,49,ask,,,11411935
2026-07-07T23:03:15.782867,2026-07-07T23:03:15.794628+00:00,136.5,46,bid,,,11411945
2026-07-07T23:03:16.047749,2026-07-07T23:03:16.064013+00:00,136.6,50,bid,,,11411950
2026-07-07T23:03:16.387810,2026-07-07T23:03:16.399345+00:00,136.5,49,bid,,,11411955
2026-07-07T23:03:18.155369,2026-07-07T23:03:18.146531+00:00,136.5,50,bid,,,11411977
2026-07-07T23:03:18.597693,2026-07-07T23:03:18.609667+00:00,136.1,47,ask,,,11411985
2026-07-07T23:03:19.259476,2026-07-07T23:03:19.269972+00:00,136.7,23,ask,,,11411996
2026-07-07T23:03:19.651741,2026-07-07T23:03:19.656251+00:00,136.7,42,ask,,,11411999
2026-07-07T23:03:19.702539,2026-07-07T23:03:19.712390+00:00,136.7,12,ask,,,11412002
2026-07-07T23:03:20.265770,2026-07-07T23:03:20.276631+00:00,136.8,50,bid,,,11412012
2026-07-07T23:03:20.907404,2026-07-07T23:03:20.916789+00:00,136.7,11,ask,,,11412021
2026-07-07T23:03:22.426522,2026-07-07T23:03:22.435885+00:00,136.4,50,ask,,,11412039
2026-07-07T23:03:24.316197,2026-07-07T23:03:24.322750+00:00,136.7,49,bid,,,11412057
2026-07-07T23:03:24.493062,2026-07-07T23:03:24.501678+00:00,136.7,50,bid,,,11412058
2026-07-07T23:03:26.607294,2026-07-07T23:03:26.614439+00:00,136.8,50,bid,,,11412082
2026-07-07T23:03:27.949296,2026-07-07T23:03:27.955743+00:00,136.7,45,ask,,,11412101
2026-07-07T23:03:28.737701,2026-07-07T23:03:28.745810+00:00,136.8,50,bid,,,11412117
2026-07-07T23:03:30.847573,2026-07-07T23:03:30.858543+00:00,136.8,50,bid,,,11412136
2026-07-07T23:03:31.822388,2026-07-07T23:03:31.829847+00:00,136.9,100,bid,,,11412152
2026-07-07T23:03:31.913283,2026-07-07T23:03:31.922148+00:00,137.1,3,ask,,,11412153
2026-07-07T23:03:32.958602,2026-07-07T23:03:32.970854+00:00,137.5,50,bid,,,11412172
2026-07-07T23:03:35.067296,2026-07-07T23:03:35.075143+00:00,137.2,50,bid,,,11412189
2026-07-07T23:03:36.060358,2026-07-07T23:03:36.070688+00:00,137.0,46,ask,,,11412200
2026-07-07T23:03:37.174108,2026-07-07T23:03:37.185608+00:00,137.2,50,bid,,,11412211
2026-07-07T23:03:39.283318,2026-07-07T23:03:39.291098+00:00,137.3,50,bid,,,11412238
2026-07-07T23:03:41.392841,2026-07-07T23:03:41.403400+00:00,137.3,50,bid,,,11412273
2026-07-07T23:03:43.512861,2026-07-07T23:03:43.524598+00:00,137.3,50,bid,,,11412305
2026-07-07T23:03:44.463597,2026-07-07T23:03:44.474203+00:00,137.3,49,bid,,,11412320
2026-07-07T23:03:44.476023,2026-07-07T23:03:44.484577+00:00,137.3,100,bid,,,11412321
2026-07-07T23:03:44.581590,2026-07-07T23:03:44.591224+00:00,137.6,26,ask,,,11412323
2026-07-07T23:03:47.732448,2026-07-07T23:03:47.743904+00:00,137.6,100,bid,,,11412360
2026-07-07T23:03:47.780150,2026-07-07T23:03:47.791884+00:00,137.6,50,ask,,,11412361
2026-07-07T23:03:48.619141,2026-07-07T23:03:48.630781+00:00,137.1,47,ask,,,11412370
2026-07-07T23:03:52.201837,2026-07-07T23:03:52.213671+00:00,137.6,40,bid,,,11412410
2026-07-07T23:03:52.259442,2026-07-07T23:03:52.268623+00:00,137.4,41,ask,,,11412412
2026-07-07T23:03:52.733411,2026-07-07T23:03:52.744947+00:00,137.4,42,ask,,,11412417
2026-07-07T23:03:54.097004,2026-07-07T23:03:54.107877+00:00,137.1,50,ask,,,11412433
2026-07-07T23:03:54.213007,2026-07-07T23:03:54.224357+00:00,137.5,49,bid,,,11412435
2026-07-07T23:03:54.710619,2026-07-07T23:03:54.722375+00:00,137.1,48,ask,,,11412441
2026-07-07T23:03:56.202863,2026-07-07T23:03:56.211486+00:00,137.1,2,ask,,,11412461
2026-07-07T23:03:56.202863,2026-07-07T23:03:56.211486+00:00,137.0,48,ask,,,11412462
2026-07-07T23:03:56.677706,2026-07-07T23:03:56.689369+00:00,137.5,44,bid,,,11412467
2026-07-07T23:03:57.217440,2026-07-07T23:03:57.253353+00:00,137.0,26,bid,,,11412474
2026-07-07T23:03:57.242516,2026-07-07T23:03:57.253353+00:00,137.0,74,bid,,,11412476
2026-07-07T23:03:57.374217,2026-07-07T23:03:57.385780+00:00,137.7,47,bid,,,11412479
2026-07-07T23:03:58.310337,2026-07-07T23:03:58.321678+00:00,137.2,50,ask,,,11412488
2026-07-07T23:04:00.366980,2026-07-07T23:04:00.378347+00:00,137.3,50,bid,,,11412508
2026-07-07T23:04:02.494272,2026-07-07T23:04:02.505903+00:00,137.3,50,bid,,,11412533
2026-07-07T23:04:04.602627,2026-07-07T23:04:04.614095+00:00,137.3,50,bid,,,11412566
2026-07-07T23:04:05.408276,2026-07-07T23:04:05.420132+00:00,137.1,49,ask,,,11412578
2026-07-07T23:04:06.015659,2026-07-07T23:04:06.027483+00:00,137.3,42,bid,,,11412585
2026-07-07T23:04:06.651049,2026-07-07T23:04:06.658562+00:00,137.0,45,ask,,,11412591
2026-07-07T23:04:06.710163,2026-07-07T23:04:06.721756+00:00,137.4,50,bid,,,11412592
2026-07-07T23:04:06.947768,2026-07-07T23:04:06.955704+00:00,137.2,3,ask,,,11412595
2026-07-07T23:04:08.159209,2026-07-07T23:04:08.174641+00:00,137.2,42,ask,,,11412612
2026-07-07T23:04:08.163969,2026-07-07T23:04:08.174641+00:00,137.2,11,ask,,,11412613
2026-07-07T23:04:08.819564,2026-07-07T23:04:08.826156+00:00,137.4,50,bid,,,11412622
2026-07-07T23:04:09.615388,2026-07-07T23:04:09.623986+00:00,137.7,40,bid,,,11412638
2026-07-07T23:04:09.750556,2026-07-07T23:04:09.760208+00:00,137.2,23,ask,,,11412639
2026-07-07T23:04:10.927824,2026-07-07T23:04:10.936799+00:00,137.2,50,bid,,,11412654
2026-07-07T23:04:13.034847,2026-07-07T23:04:13.046358+00:00,137.2,50,bid,,,11412690
2026-07-07T23:04:14.866047,2026-07-07T23:04:14.877494+00:00,137.4,40,bid,,,11412710
2026-07-07T23:04:15.335408,2026-07-07T23:04:15.347130+00:00,137.0,40,ask,,,11412713
2026-07-07T23:04:17.297646,2026-07-07T23:04:17.304545+00:00,136.9,50,ask,,,11412734
2026-07-07T23:04:18.886194,2026-07-07T23:04:18.896098+00:00,136.9,49,ask,,,11412760
2026-07-07T23:04:19.014339,2026-07-07T23:04:19.026092+00:00,136.9,1,ask,,,11412762
2026-07-07T23:04:19.014339,2026-07-07T23:04:19.026092+00:00,136.9,11,ask,,,11412763
2026-07-07T23:04:19.326888,2026-07-07T23:04:19.338352+00:00,136.9,100,ask,,,11412767
2026-07-07T23:04:19.484563,2026-07-07T23:04:19.494008+00:00,136.6,23,bid,,,11412776
2026-07-07T23:04:21.459110,2026-07-07T23:04:21.470683+00:00,136.6,50,bid,,,11412805
2026-07-07T23:04:23.566864,2026-07-07T23:04:23.578709+00:00,136.6,50,bid,,,11412835
2026-07-07T23:04:25.675212,2026-07-07T23:04:25.685169+00:00,136.6,50,bid,,,11412867
2026-07-07T23:04:25.767555,2026-07-07T23:04:25.777259+00:00,136.4,11,ask,,,11412869
2026-07-07T23:04:27.025208,2026-07-07T23:04:27.036929+00:00,136.6,42,bid,,,11412884
2026-07-07T23:04:27.783633,2026-07-07T23:04:27.795010+00:00,136.6,50,bid,,,11412901
2026-07-07T23:04:29.445363,2026-07-07T23:04:29.453578+00:00,136.5,12,ask,,,11412922
2026-07-07T23:04:29.833702,2026-07-07T23:04:29.847494+00:00,136.5,46,ask,,,11412929
2026-07-07T23:04:29.908626,2026-07-07T23:04:29.919211+00:00,136.9,50,bid,,,11412930
2026-07-07T23:04:30.470903,2026-07-07T23:04:30.481479+00:00,136.5,42,ask,,,11412939
2026-07-07T23:04:32.023341,2026-07-07T23:04:32.035267+00:00,136.6,50,bid,,,11412967
2026-07-07T23:04:32.083601,2026-07-07T23:04:32.094971+00:00,136.6,50,bid,,,11412971
2026-07-07T23:04:32.159636,2026-07-07T23:04:32.168263+00:00,136.6,34,ask,,,11412972
2026-07-07T23:04:32.654750,2026-07-07T23:04:32.666293+00:00,137.1,46,bid,,,11412985
2026-07-07T23:04:34.202872,2026-07-07T23:04:34.214637+00:00,136.6,50,ask,,,11413005
2026-07-07T23:04:34.583608,2026-07-07T23:04:34.595327+00:00,137.1,45,bid,,,11413008
2026-07-07T23:04:34.700949,2026-07-07T23:04:34.709633+00:00,136.6,11,ask,,,11413011
2026-07-07T23:04:35.155302,2026-07-07T23:04:35.151295+00:00,136.6,5,ask,,,11413017
2026-07-07T23:04:36.272300,2026-07-07T23:04:36.284069+00:00,136.5,50,bid,,,11413038
2026-07-07T23:04:39.854136,2026-07-07T23:04:39.855881+00:00,136.1,45,ask,,,11413090
2026-07-07T23:04:40.536150,2026-07-07T23:04:40.547808+00:00,136.1,50,ask,,,11413100
2026-07-07T23:04:41.659649,2026-07-07T23:04:41.669334+00:00,136.1,23,bid,,,11413110
2026-07-07T23:04:42.664578,2026-07-07T23:04:42.674023+00:00,135.9,50,ask,,,11413123
2026-07-07T23:04:42.984527,2026-07-07T23:04:42.995997+00:00,136.1,42,bid,,,11413130
2026-07-07T23:04:44.771659,2026-07-07T23:04:44.783433+00:00,136.0,50,ask,,,11413152
2026-07-07T23:04:46.878970,2026-07-07T23:04:46.890378+00:00,136.0,50,ask,,,11413181
2026-07-07T23:04:47.977690,2026-07-07T23:04:47.986757+00:00,135.8,11,bid,,,11413197
2026-07-07T23:04:48.004877,2026-07-07T23:04:48.016824+00:00,135.8,45,bid,,,11413199
2026-07-07T23:04:48.077239,2026-07-07T23:04:48.087346+00:00,135.8,23,bid,,,11413202
2026-07-07T23:04:48.987173,2026-07-07T23:04:48.999058+00:00,135.6,50,ask,,,11413212
2026-07-07T23:04:51.101317,2026-07-07T23:04:51.112618+00:00,135.9,50,ask,,,11413249
2026-07-07T23:04:51.354441,2026-07-07T23:04:51.366269+00:00,135.9,47,ask,,,11413251
2026-07-07T23:04:52.942889,2026-07-07T23:04:52.954215+00:00,136.2,49,bid,,,11413274
2026-07-07T23:04:53.208530,2026-07-07T23:04:53.219975+00:00,135.9,50,ask,,,11413278
2026-07-07T23:04:54.311130,2026-07-07T23:04:54.333516+00:00,135.8,100,ask,,,11413292
2026-07-07T23:04:54.323998,2026-07-07T23:04:54.333516+00:00,135.7,11,bid,,,11413293
2026-07-07T23:04:54.525062,2026-07-07T23:04:54.536999+00:00,135.2,41,ask,,,11413296
2026-07-07T23:04:55.340379,2026-07-07T23:04:55.348453+00:00,135.2,50,ask,,,11413306
2026-07-07T23:04:55.390853,2026-07-07T23:04:55.399343+00:00,135.7,12,bid,,,11413307
2026-07-07T23:04:56.598345,2026-07-07T23:04:56.609317+00:00,135.7,27,bid,,,11413321
2026-07-07T23:04:56.598345,2026-07-07T23:04:56.609317+00:00,136.3,19,bid,,,11413322
2026-07-07T23:04:57.446479,2026-07-07T23:04:57.458578+00:00,135.6,50,ask,,,11413334
2026-07-07T23:04:59.553508,2026-07-07T23:04:59.564934+00:00,135.6,50,ask,,,11413355
2026-07-07T23:05:00.359302,2026-07-07T23:05:00.370924+00:00,136.0,43,bid,,,11413371
2026-07-07T23:05:01.660987,2026-07-07T23:05:01.672391+00:00,136.2,50,ask,,,11413390
2026-07-07T23:05:03.609312,2026-07-07T23:05:03.618524+00:00,136.2,23,ask,,,11413412
2026-07-07T23:05:03.772970,2026-07-07T23:05:03.780665+00:00,135.8,50,ask,,,11413417
2026-07-07T23:05:05.880081,2026-07-07T23:05:05.891665+00:00,135.8,50,ask,,,11413441
2026-07-07T23:05:06.797039,2026-07-07T23:05:06.806727+00:00,135.7,34,bid,,,11413451
2026-07-07T23:05:07.988371,2026-07-07T23:05:07.999740+00:00,135.6,50,ask,,,11413469
2026-07-07T23:05:09.960827,2026-07-07T23:05:09.972439+00:00,135.6,100,ask,,,11413494
2026-07-07T23:05:10.095741,2026-07-07T23:05:10.103020+00:00,135.0,50,ask,,,11413496
2026-07-07T23:05:10.142173,2026-07-07T23:05:10.151690+00:00,135.2,3,bid,,,11413498
2026-07-07T23:05:10.508150,2026-07-07T23:05:10.529509+00:00,135.2,3,bid,,,11413507
2026-07-07T23:05:12.098829,2026-07-07T23:05:12.107051+00:00,135.0,44,ask,,,11413531
2026-07-07T23:05:12.203567,2026-07-07T23:05:12.215260+00:00,135.0,6,ask,,,11413532
2026-07-07T23:05:12.203567,2026-07-07T23:05:12.215260+00:00,134.7,44,ask,,,11413533
2026-07-07T23:05:12.565749,2026-07-07T23:05:12.577618+00:00,135.2,45,bid,,,11413539
2026-07-07T23:05:13.069581,2026-07-07T23:05:13.081350+00:00,135.2,99,bid,,,11413549
2026-07-07T23:05:13.570111,2026-07-07T23:05:13.578891+00:00,135.6,3,ask,,,11413558
2026-07-07T23:05:14.312242,2026-07-07T23:05:14.323587+00:00,135.6,50,ask,,,11413566
2026-07-07T23:05:14.663449,2026-07-07T23:05:14.675387+00:00,135.6,49,ask,,,11413570
2026-07-07T23:05:16.290091,2026-07-07T23:05:16.301891+00:00,135.6,48,ask,,,11413586
2026-07-07T23:05:16.419324,2026-07-07T23:05:16.430888+00:00,134.9,50,ask,,,11413588
2026-07-07T23:05:16.459623,2026-07-07T23:05:16.470496+00:00,135.2,3,bid,,,11413589
2026-07-07T23:05:18.528336,2026-07-07T23:05:18.539972+00:00,134.9,50,ask,,,11413624
2026-07-07T23:05:19.203451,2026-07-07T23:05:19.211692+00:00,135.2,45,bid,,,11413629
2026-07-07T23:05:19.667031,2026-07-07T23:05:19.678568+00:00,134.9,43,ask,,,11413641
2026-07-07T23:05:20.635124,2026-07-07T23:05:20.643390+00:00,134.9,50,ask,,,11413655
2026-07-07T23:05:21.985886,2026-07-07T23:05:21.996788+00:00,135.2,11,bid,,,11413667
2026-07-07T23:05:22.745611,2026-07-07T23:05:22.758545+00:00,134.8,50,ask,,,11413676
2026-07-07T23:05:22.806511,2026-07-07T23:05:22.815453+00:00,135.1,12,bid,,,11413677
2026-07-07T23:05:24.009648,2026-07-07T23:05:24.017849+00:00,135.1,41,bid,,,11413691
2026-07-07T23:05:24.851226,2026-07-07T23:05:24.858546+00:00,134.8,50,ask,,,11413705
2026-07-07T23:05:25.071785,2026-07-07T23:05:25.079840+00:00,134.6,41,ask,,,11413711
2026-07-07T23:05:25.669573,2026-07-07T23:05:25.679735+00:00,135.1,49,bid,,,11413716
2026-07-07T23:05:25.798922,2026-07-07T23:05:25.810011+00:00,134.8,11,bid,,,11413717
2026-07-07T23:05:26.848962,2026-07-07T23:05:26.860271+00:00,134.8,12,bid,,,11413733
2026-07-07T23:05:26.957688,2026-07-07T23:05:26.969137+00:00,134.6,50,ask,,,11413737
2026-07-07T23:05:27.237703,2026-07-07T23:05:27.245864+00:00,134.8,22,bid,,,11413744
2026-07-07T23:05:29.063785,2026-07-07T23:05:29.075936+00:00,134.7,50,ask,,,11413766
2026-07-07T23:05:31.121299,2026-07-07T23:05:31.132671+00:00,135.2,50,bid,,,11413795
2026-07-07T23:05:31.755734,2026-07-07T23:05:31.757937+00:00,135.2,45,bid,,,11413810
2026-07-07T23:05:33.233628,2026-07-07T23:05:33.241723+00:00,135.2,50,bid,,,11413827
2026-07-07T23:05:35.404652,2026-07-07T23:05:35.416236+00:00,135.0,50,ask,,,11413856
2026-07-07T23:05:35.427652,2026-07-07T23:05:35.437139+00:00,135.1,11,ask,,,11413857
2026-07-07T23:05:37.214517,2026-07-07T23:05:37.220975+00:00,135.1,46,ask,,,11413875
2026-07-07T23:05:37.462765,2026-07-07T23:05:37.473439+00:00,135.5,50,bid,,,11413877
2026-07-07T23:05:40.000790,2026-07-07T23:05:40.009203+00:00,135.2,48,ask,,,11413905
2026-07-07T23:05:40.514830,2026-07-07T23:05:40.526545+00:00,135.5,44,bid,,,11413918
2026-07-07T23:05:41.034974,2026-07-07T23:05:41.046780+00:00,135.2,41,ask,,,11413927
2026-07-07T23:05:41.672932,2026-07-07T23:05:41.684563+00:00,135.3,50,bid,,,11413936
2026-07-07T23:05:43.157484,2026-07-07T23:05:43.168980+00:00,135.3,49,bid,,,11413962
2026-07-07T23:05:43.687503,2026-07-07T23:05:43.701333+00:00,135.1,42,ask,,,11413971
2026-07-07T23:05:43.837222,2026-07-07T23:05:43.848576+00:00,135.1,50,ask,,,11413973
2026-07-07T23:05:45.892786,2026-07-07T23:05:45.904264+00:00,135.4,50,bid,,,11413992
2026-07-07T23:05:48.003741,2026-07-07T23:05:48.012180+00:00,135.4,50,bid,,,11414023
2026-07-07T23:05:49.825633,2026-07-07T23:05:49.836952+00:00,135.8,41,bid,,,11414041
2026-07-07T23:05:50.112854,2026-07-07T23:05:50.124630+00:00,135.8,50,bid,,,11414047
2026-07-07T23:05:51.081265,2026-07-07T23:05:51.089872+00:00,135.5,11,ask,,,11414059
2026-07-07T23:05:51.557963,2026-07-07T23:05:51.569629+00:00,135.5,41,ask,,,11414069
2026-07-07T23:05:52.089886,2026-07-07T23:05:52.101431+00:00,135.8,49,bid,,,11414076
2026-07-07T23:05:52.219922,2026-07-07T23:05:52.231445+00:00,135.8,50,bid,,,11414079
2026-07-07T23:05:54.352480,2026-07-07T23:05:54.354506+00:00,135.9,50,bid,,,11414109
2026-07-07T23:05:54.410193,2026-07-07T23:05:54.419415+00:00,135.7,23,ask,,,11414111
2026-07-07T23:05:54.842426,2026-07-07T23:05:54.849251+00:00,135.7,47,ask,,,11414123
2026-07-07T23:05:56.459305,2026-07-07T23:05:56.468797+00:00,135.9,50,bid,,,11414138
2026-07-07T23:05:56.818670,2026-07-07T23:05:56.830427+00:00,136.2,46,bid,,,11414147
2026-07-07T23:05:58.577468,2026-07-07T23:05:58.588940+00:00,136.2,50,bid,,,11414164
2026-07-07T23:06:00.732537,2026-07-07T23:06:00.771836+00:00,136.0,12,ask,,,11414194
2026-07-07T23:06:02.141017,2026-07-07T23:06:02.158806+00:00,136.0,48,ask,,,11414218
2026-07-07T23:06:02.789876,2026-07-07T23:06:02.798844+00:00,136.4,50,bid,,,11414223
2026-07-07T23:06:04.899255,2026-07-07T23:06:04.910984+00:00,136.2,50,bid,,,11414246
2026-07-07T23:06:05.496589,2026-07-07T23:06:05.504007+00:00,136.2,40,bid,,,11414255
2026-07-07T23:06:05.550733,2026-07-07T23:06:05.559194+00:00,136.0,42,ask,,,11414256
2026-07-07T23:06:06.099977,2026-07-07T23:06:06.109844+00:00,136.0,46,ask,,,11414265
2026-07-07T23:06:06.605682,2026-07-07T23:06:06.617156+00:00,136.2,45,bid,,,11414272
2026-07-07T23:06:06.628763,2026-07-07T23:06:06.637376+00:00,136.0,11,ask,,,11414273
2026-07-07T23:06:07.006512,2026-07-07T23:06:07.017971+00:00,136.2,50,bid,,,11414285
2026-07-07T23:06:07.059552,2026-07-07T23:06:07.070486+00:00,136.1,3,ask,,,11414286
2026-07-07T23:06:09.118294,2026-07-07T23:06:09.126773+00:00,136.2,50,bid,,,11414313
2026-07-07T23:06:09.753132,2026-07-07T23:06:09.764463+00:00,136.6,40,bid,,,11414326
2026-07-07T23:06:10.572701,2026-07-07T23:06:10.581888+00:00,136.5,3,ask,,,11414342
2026-07-07T23:06:10.844879,2026-07-07T23:06:10.851436+00:00,136.5,40,ask,,,11414346
2026-07-07T23:06:11.227118,2026-07-07T23:06:11.236128+00:00,136.6,50,bid,,,11414354
2026-07-07T23:06:11.733056,2026-07-07T23:06:11.748120+00:00,136.5,49,ask,,,11414359
2026-07-07T23:06:11.739010,2026-07-07T23:06:11.748120+00:00,136.5,23,ask,,,11414360
2026-07-07T23:06:13.315183,2026-07-07T23:06:13.322531+00:00,136.8,47,bid,,,11414382
2026-07-07T23:06:13.388561,2026-07-07T23:06:13.400124+00:00,136.3,50,ask,,,11414383
2026-07-07T23:06:13.945742,2026-07-07T23:06:13.958580+00:00,136.5,42,bid,,,11414387
2026-07-07T23:06:15.033991,2026-07-07T23:06:15.045873+00:00,136.3,49,ask,,,11414394
2026-07-07T23:06:15.495568,2026-07-07T23:06:15.507192+00:00,136.3,1,ask,,,11414402
2026-07-07T23:06:16.587253,2026-07-07T23:06:16.595942+00:00,136.5,12,bid,,,11414411
2026-07-07T23:06:17.551757,2026-07-07T23:06:17.558570+00:00,136.5,50,bid,,,11414425
2026-07-07T23:06:18.453399,2026-07-07T23:06:18.461652+00:00,136.5,11,bid,,,11414446
2026-07-07T23:06:19.036133,2026-07-07T23:06:19.049014+00:00,136.1,42,ask,,,11414455
2026-07-07T23:06:19.537103,2026-07-07T23:06:19.549104+00:00,136.6,44,bid,,,11414457
2026-07-07T23:06:19.658312,2026-07-07T23:06:19.669863+00:00,136.9,50,bid,,,11414460
2026-07-07T23:06:21.002845,2026-07-07T23:06:21.014679+00:00,136.4,43,ask,,,11414480
2026-07-07T23:06:21.816710,2026-07-07T23:06:21.828371+00:00,136.4,50,ask,,,11414496
2026-07-07T23:06:22.996898,2026-07-07T23:06:23.008339+00:00,136.9,49,bid,,,11414511
2026-07-07T23:06:23.538232,2026-07-07T23:06:23.549942+00:00,136.4,45,ask,,,11414514
2026-07-07T23:06:23.924031,2026-07-07T23:06:23.935883+00:00,136.4,50,ask,,,11414521
2026-07-07T23:06:24.150069,2026-07-07T23:06:24.163739+00:00,136.9,45,bid,,,11414529
2026-07-07T23:06:26.032014,2026-07-07T23:06:26.039013+00:00,136.3,50,ask,,,11414554
2026-07-07T23:06:26.234129,2026-07-07T23:06:26.245990+00:00,136.3,40,ask,,,11414556
2026-07-07T23:06:28.142831,2026-07-07T23:06:28.163593+00:00,136.3,10,ask,,,11414582
2026-07-07T23:06:28.142831,2026-07-07T23:06:28.163593+00:00,136.3,40,ask,,,11414583
2026-07-07T23:06:28.914749,2026-07-07T23:06:28.926139+00:00,136.3,47,ask,,,11414593
2026-07-07T23:06:29.251294,2026-07-07T23:06:29.259851+00:00,136.3,3,bid,,,11414600
2026-07-07T23:06:30.070360,2026-07-07T23:06:30.082148+00:00,136.3,42,bid,,,11414613
2026-07-07T23:06:30.251138,2026-07-07T23:06:30.263744+00:00,135.9,50,ask,,,11414615
2026-07-07T23:06:33.202591,2026-07-07T23:06:33.213943+00:00,136.1,42,bid,,,11414654
2026-07-07T23:06:33.688845,2026-07-07T23:06:33.697607+00:00,136.1,43,bid,,,11414662
2026-07-07T23:06:34.190767,2026-07-07T23:06:34.199603+00:00,136.1,3,bid,,,11414669
2026-07-07T23:06:34.470768,2026-07-07T23:06:34.482234+00:00,135.9,50,ask,,,11414672
2026-07-07T23:06:34.634590,2026-07-07T23:06:34.642724+00:00,135.9,47,ask,,,11414673
2026-07-07T23:06:35.572492,2026-07-07T23:06:35.583896+00:00,136.1,100,ask,,,11414685
2026-07-07T23:06:36.578578,2026-07-07T23:06:36.590093+00:00,135.5,50,ask,,,11414700
2026-07-07T23:06:37.720326,2026-07-07T23:06:37.734774+00:00,136.0,49,bid,,,11414710
2026-07-07T23:06:42.844797,2026-07-07T23:06:42.858580+00:00,136.1,50,bid,,,11414768
2026-07-07T23:06:44.961215,2026-07-07T23:06:44.968695+00:00,136.2,50,bid,,,11414796
2026-07-07T23:06:47.068110,2026-07-07T23:06:47.079641+00:00,136.3,50,bid,,,11414826
2026-07-07T23:06:49.048967,2026-07-07T23:06:49.052080+00:00,136.1,40,ask,,,11414847
2026-07-07T23:06:49.175371,2026-07-07T23:06:49.187155+00:00,136.5,50,bid,,,11414849
2026-07-07T23:06:49.215694,2026-07-07T23:06:49.224909+00:00,136.1,3,ask,,,11414851
2026-07-07T23:06:50.088554,2026-07-07T23:06:50.100113+00:00,136.5,45,bid,,,11414866
2026-07-07T23:06:50.545285,2026-07-07T23:06:50.556812+00:00,136.1,41,ask,,,11414870
2026-07-07T23:06:51.036572,2026-07-07T23:06:51.045962+00:00,136.1,44,ask,,,11414873
2026-07-07T23:06:51.284291,2026-07-07T23:06:51.293451+00:00,136.6,50,bid,,,11414878
2026-07-07T23:06:51.394350,2026-07-07T23:06:51.403992+00:00,136.3,100,ask,,,11414879
2026-07-07T23:06:53.391351,2026-07-07T23:06:53.403427+00:00,136.3,50,bid,,,11414904
2026-07-07T23:06:55.565297,2026-07-07T23:06:55.576712+00:00,136.4,50,ask,,,11414932
2026-07-07T23:06:57.690516,2026-07-07T23:06:57.705922+00:00,136.3,50,ask,,,11414951
2026-07-07T23:06:58.649422,2026-07-07T23:06:58.663633+00:00,136.3,40,ask,,,11414965
2026-07-07T23:07:01.766336,2026-07-07T23:07:01.777899+00:00,136.2,3,bid,,,11414999
2026-07-07T23:07:01.850957,2026-07-07T23:07:01.862586+00:00,136.2,50,bid,,,11415002
2026-07-07T23:07:03.413155,2026-07-07T23:07:03.425251+00:00,136.2,45,bid,,,11415029
2026-07-07T23:07:03.986079,2026-07-07T23:07:03.997579+00:00,136.2,50,bid,,,11415033
2026-07-07T23:07:04.057221,2026-07-07T23:07:04.065865+00:00,136.2,3,ask,,,11415035
2026-07-07T23:07:04.475025,2026-07-07T23:07:04.486817+00:00,136.2,44,ask,,,11415042
2026-07-07T23:07:05.013518,2026-07-07T23:07:05.022847+00:00,136.4,42,bid,,,11415048
2026-07-07T23:07:12.456669,2026-07-07T23:07:12.468422+00:00,136.4,50,bid,,,11415139
2026-07-07T23:07:13.208371,2026-07-07T23:07:13.219811+00:00,136.1,47,ask,,,11415153
2026-07-07T23:07:14.569026,2026-07-07T23:07:14.576777+00:00,136.1,50,bid,,,11415169
2026-07-07T23:07:16.685419,2026-07-07T23:07:16.692607+00:00,136.6,50,bid,,,11415204
2026-07-07T23:07:18.791378,2026-07-07T23:07:18.802694+00:00,136.6,50,bid,,,11415227
2026-07-07T23:07:19.884940,2026-07-07T23:07:19.896518+00:00,137.0,44,bid,,,11415234
2026-07-07T23:07:20.473577,2026-07-07T23:07:20.485205+00:00,136.7,47,bid,,,11415246
2026-07-07T23:07:20.976170,2026-07-07T23:07:20.987888+00:00,136.5,50,ask,,,11415255
2026-07-07T23:07:21.085718,2026-07-07T23:07:21.097222+00:00,136.5,43,ask,,,11415258
2026-07-07T23:07:23.082299,2026-07-07T23:07:23.089187+00:00,136.6,50,ask,,,11415285
2026-07-07T23:07:25.187935,2026-07-07T23:07:25.199368+00:00,136.6,50,ask,,,11415306
2026-07-07T23:07:25.542994,2026-07-07T23:07:25.549770+00:00,137.0,47,bid,,,11415308
2026-07-07T23:07:26.132016,2026-07-07T23:07:26.164202+00:00,136.7,42,ask,,,11415315
2026-07-07T23:07:27.296334,2026-07-07T23:07:27.308063+00:00,136.7,14,ask,,,11415328
2026-07-07T23:07:27.296334,2026-07-07T23:07:27.308063+00:00,136.3,36,ask,,,11415329
2026-07-07T23:07:29.406684,2026-07-07T23:07:29.418142+00:00,136.5,50,ask,,,11415358
2026-07-07T23:07:31.100756,2026-07-07T23:07:31.110620+00:00,136.6,44,bid,,,11415382
2026-07-07T23:07:31.514319,2026-07-07T23:07:31.525902+00:00,136.5,50,ask,,,11415387
2026-07-07T23:07:31.684038,2026-07-07T23:07:31.695483+00:00,136.6,42,bid,,,11415391
2026-07-07T23:07:33.622495,2026-07-07T23:07:33.632185+00:00,136.3,50,ask,,,11415416
2026-07-07T23:07:34.368698,2026-07-07T23:07:34.380250+00:00,136.5,43,bid,,,11415426
2026-07-07T23:07:35.728239,2026-07-07T23:07:35.736476+00:00,136.0,50,ask,,,11415443
2026-07-07T23:07:37.837322,2026-07-07T23:07:37.848844+00:00,136.0,50,ask,,,11415482
2026-07-07T23:07:38.753055,2026-07-07T23:07:38.764528+00:00,136.0,48,ask,,,11415489
2026-07-07T23:07:39.788875,2026-07-07T23:07:39.800305+00:00,135.8,49,ask,,,11415501
2026-07-07T23:07:39.944457,2026-07-07T23:07:39.958574+00:00,135.8,50,ask,,,11415503
2026-07-07T23:07:40.117070,2026-07-07T23:07:40.125601+00:00,136.2,3,bid,,,11415509
2026-07-07T23:07:41.331572,2026-07-07T23:07:41.342996+00:00,136.2,42,bid,,,11415538
2026-07-07T23:07:42.049657,2026-07-07T23:07:42.056028+00:00,135.9,50,ask,,,11415548
2026-07-07T23:07:42.132158,2026-07-07T23:07:42.143640+00:00,136.0,11,bid,,,11415549
2026-07-07T23:07:42.480625,2026-07-07T23:07:42.488347+00:00,136.0,23,bid,,,11415554
2026-07-07T23:07:44.106756,2026-07-07T23:07:44.116020+00:00,136.0,50,bid,,,11415580
2026-07-07T23:07:44.949637,2026-07-07T23:07:44.958573+00:00,136.0,66,bid,,,11415593
2026-07-07T23:07:45.242828,2026-07-07T23:07:45.252719+00:00,136.3,11,ask,,,11415597
2026-07-07T23:07:45.963045,2026-07-07T23:07:45.974720+00:00,136.5,45,bid,,,11415614
2026-07-07T23:07:46.472770,2026-07-07T23:07:46.479797+00:00,136.3,44,ask,,,11415626
2026-07-07T23:07:48.325979,2026-07-07T23:07:48.337744+00:00,136.4,50,bid,,,11415659
2026-07-07T23:07:49.972418,2026-07-07T23:07:49.983958+00:00,136.4,42,bid,,,11415679
2026-07-07T23:07:50.433560,2026-07-07T23:07:50.444382+00:00,136.4,8,bid,,,11415686
2026-07-07T23:07:50.433560,2026-07-07T23:07:50.444382+00:00,136.6,42,bid,,,11415687
2026-07-07T23:07:50.519933,2026-07-07T23:07:50.527637+00:00,136.1,44,ask,,,11415691
2026-07-07T23:07:52.549951,2026-07-07T23:07:52.558585+00:00,136.5,50,bid,,,11415707
2026-07-07T23:07:53.763957,2026-07-07T23:07:53.775474+00:00,136.5,45,bid,,,11415723
2026-07-07T23:07:54.392995,2026-07-07T23:07:54.404701+00:00,136.0,47,ask,,,11415734
2026-07-07T23:07:54.659420,2026-07-07T23:07:54.671067+00:00,136.5,50,bid,,,11415741
2026-07-07T23:07:54.732641,2026-07-07T23:07:54.744883+00:00,136.6,23,ask,,,11415743
2026-07-07T23:07:55.502892,2026-07-07T23:07:55.514909+00:00,136.8,47,bid,,,11415756
2026-07-07T23:07:55.559171,2026-07-07T23:07:55.571203+00:00,136.6,48,ask,,,11415757
2026-07-07T23:07:55.633822,2026-07-07T23:07:55.642551+00:00,136.6,3,ask,,,11415760
2026-07-07T23:07:56.819993,2026-07-07T23:07:56.831788+00:00,136.6,50,ask,,,11415773
2026-07-07T23:07:58.712872,2026-07-07T23:07:58.721989+00:00,136.5,49,bid,,,11415800
2026-07-07T23:07:58.876192,2026-07-07T23:07:58.887866+00:00,136.5,50,bid,,,11415802
2026-07-07T23:07:59.366766,2026-07-07T23:07:59.378580+00:00,136.4,40,ask,,,11415805
2026-07-07T23:08:00.881648,2026-07-07T23:08:00.890074+00:00,136.5,3,bid,,,11415831
2026-07-07T23:08:00.985295,2026-07-07T23:08:00.996819+00:00,136.5,48,bid,,,11415834
2026-07-07T23:08:00.985295,2026-07-07T23:08:00.996819+00:00,136.8,2,bid,,,11415835
2026-07-07T23:08:01.050026,2026-07-07T23:08:01.058578+00:00,136.8,98,bid,,,11415836
2026-07-07T23:08:01.116030,2026-07-07T23:08:01.125890+00:00,136.8,3,ask,,,11415838
2026-07-07T23:08:01.261430,2026-07-07T23:08:01.277459+00:00,136.8,3,ask,,,11415842
2026-07-07T23:08:02.826350,2026-07-07T23:08:02.837806+00:00,136.8,45,ask,,,11415867
2026-07-07T23:08:03.094162,2026-07-07T23:08:03.102898+00:00,137.3,50,bid,,,11415872
2026-07-07T23:08:04.276220,2026-07-07T23:08:04.283918+00:00,136.7,3,bid,,,11415886
2026-07-07T23:08:05.201973,2026-07-07T23:08:05.211097+00:00,136.7,50,bid,,,11415901
2026-07-07T23:08:07.314652,2026-07-07T23:08:07.328229+00:00,136.7,50,bid,,,11415935
2026-07-07T23:08:08.254454,2026-07-07T23:08:08.266088+00:00,136.9,48,bid,,,11415946
2026-07-07T23:08:08.308925,2026-07-07T23:08:08.320362+00:00,136.4,43,ask,,,11415947
2026-07-07T23:08:09.424809,2026-07-07T23:08:09.436266+00:00,136.9,50,bid,,,11415965
2026-07-07T23:08:09.517912,2026-07-07T23:08:09.529695+00:00,136.9,2,bid,,,11415966
2026-07-07T23:08:09.517912,2026-07-07T23:08:09.529695+00:00,136.9,46,bid,,,11415967
2026-07-07T23:08:11.556021,2026-07-07T23:08:11.558600+00:00,136.8,50,bid,,,11415992
2026-07-07T23:08:11.726686,2026-07-07T23:08:11.738152+00:00,136.4,43,ask,,,11415997
2026-07-07T23:08:14.016953,2026-07-07T23:08:14.027692+00:00,136.4,3,ask,,,11416033
2026-07-07T23:08:15.372384,2026-07-07T23:08:15.384231+00:00,136.7,49,bid,,,11416051
2026-07-07T23:08:15.775227,2026-07-07T23:08:15.790491+00:00,136.7,50,bid,,,11416057
2026-07-07T23:08:16.897062,2026-07-07T23:08:16.905598+00:00,136.7,11,ask,,,11416074
2026-07-07T23:08:17.025078,2026-07-07T23:08:17.036545+00:00,136.7,44,ask,,,11416076
2026-07-07T23:08:18.458883,2026-07-07T23:08:18.479328+00:00,136.7,40,ask,,,11416094
2026-07-07T23:08:19.441706,2026-07-07T23:08:19.450955+00:00,137.1,40,bid,,,11416107
2026-07-07T23:08:20.045787,2026-07-07T23:08:20.058577+00:00,136.6,50,ask,,,11416113
2026-07-07T23:08:22.152863,2026-07-07T23:08:22.163640+00:00,136.6,50,ask,,,11416137
2026-07-07T23:08:22.611902,2026-07-07T23:08:22.623370+00:00,136.3,40,ask,,,11416144
2026-07-07T23:08:24.263976,2026-07-07T23:08:24.274529+00:00,136.2,50,ask,,,11416153
2026-07-07T23:08:26.370677,2026-07-07T23:08:26.382578+00:00,136.0,50,ask,,,11416176
2026-07-07T23:08:27.522644,2026-07-07T23:08:27.534125+00:00,136.5,45,bid,,,11416190
2026-07-07T23:08:28.479050,2026-07-07T23:08:28.495612+00:00,136.1,50,ask,,,11416198
2026-07-07T23:08:28.972133,2026-07-07T23:08:28.982324+00:00,136.1,40,ask,,,11416204
2026-07-07T23:08:29.631814,2026-07-07T23:08:29.642350+00:00,136.3,14,bid,,,11416208
2026-07-07T23:08:30.585631,2026-07-07T23:08:30.597179+00:00,136.2,50,ask,,,11416223
2026-07-07T23:08:32.694332,2026-07-07T23:08:32.705807+00:00,136.2,50,ask,,,11416249
2026-07-07T23:08:34.751877,2026-07-07T23:08:34.759122+00:00,136.4,50,bid,,,11416274
2026-07-07T23:08:35.144312,2026-07-07T23:08:35.164004+00:00,136.4,45,bid,,,11416278
2026-07-07T23:08:35.893457,2026-07-07T23:08:35.904912+00:00,136.3,100,bid,,,11416285
2026-07-07T23:08:36.858077,2026-07-07T23:08:36.866146+00:00,136.8,50,bid,,,11416311
2026-07-07T23:08:38.959549,2026-07-07T23:08:38.971217+00:00,136.3,3,ask,,,11416333
2026-07-07T23:08:38.963972,2026-07-07T23:08:38.971217+00:00,136.6,50,bid,,,11416334
2026-07-07T23:08:39.216386,2026-07-07T23:08:39.227913+00:00,136.1,45,ask,,,11416337
2026-07-07T23:08:39.796768,2026-07-07T23:08:39.808487+00:00,136.1,49,ask,,,11416350
2026-07-07T23:08:40.358779,2026-07-07T23:08:40.370346+00:00,136.5,40,bid,,,11416357
2026-07-07T23:08:41.069794,2026-07-07T23:08:41.081611+00:00,136.5,50,bid,,,11416367
2026-07-07T23:08:41.533849,2026-07-07T23:08:41.545455+00:00,136.5,42,bid,,,11416372
2026-07-07T23:08:41.589156,2026-07-07T23:08:41.600806+00:00,136.1,6,ask,,,11416376
2026-07-07T23:08:42.221816,2026-07-07T23:08:42.231372+00:00,136.5,100,bid,,,11416386
2026-07-07T23:08:42.289508,2026-07-07T23:08:42.298254+00:00,136.7,11,ask,,,11416387
2026-07-07T23:08:43.176524,2026-07-07T23:08:43.188684+00:00,137.2,50,bid,,,11416397
2026-07-07T23:08:45.283342,2026-07-07T23:08:45.295127+00:00,136.9,50,bid,,,11416426
2026-07-07T23:08:47.441126,2026-07-07T23:08:47.452708+00:00,136.6,50,ask,,,11416458
2026-07-07T23:08:47.614388,2026-07-07T23:08:47.625991+00:00,136.6,45,ask,,,11416460
2026-07-07T23:08:47.954413,2026-07-07T23:08:47.963790+00:00,136.9,11,bid,,,11416464
2026-07-07T23:08:49.549970,2026-07-07T23:08:49.561538+00:00,137.0,50,ask,,,11416487
2026-07-07T23:08:51.008388,2026-07-07T23:08:51.022652+00:00,137.1,44,bid,,,11416518
2026-07-07T23:08:51.658088,2026-07-07T23:08:51.669369+00:00,136.8,50,ask,,,11416527
2026-07-07T23:08:53.764583,2026-07-07T23:08:53.776596+00:00,136.8,50,ask,,,11416565
2026-07-07T23:08:56.113805,2026-07-07T23:08:56.120010+00:00,136.8,46,bid,,,11416606
2026-07-07T23:08:56.167163,2026-07-07T23:08:56.175882+00:00,136.7,46,ask,,,11416608
2026-07-07T23:08:57.370309,2026-07-07T23:08:57.379533+00:00,136.8,3,bid,,,11416623
2026-07-07T23:08:57.978551,2026-07-07T23:08:57.990323+00:00,136.7,50,ask,,,11416639
2026-07-07T23:08:58.684329,2026-07-07T23:08:58.693386+00:00,136.7,3,ask,,,11416652
2026-07-07T23:08:59.841889,2026-07-07T23:08:59.853861+00:00,136.7,43,ask,,,11416668
2026-07-07T23:09:00.400488,2026-07-07T23:09:00.412107+00:00,136.7,40,ask,,,11416678
2026-07-07T23:09:00.993187,2026-07-07T23:09:01.004869+00:00,136.7,49,bid,,,11416684
2026-07-07T23:09:02.142014,2026-07-07T23:09:02.148747+00:00,136.7,50,bid,,,11416687
2026-07-07T23:09:02.620422,2026-07-07T23:09:02.629864+00:00,136.7,1,bid,,,11416696
2026-07-07T23:09:02.620422,2026-07-07T23:09:02.629864+00:00,136.7,2,bid,,,11416697
2026-07-07T23:09:04.249317,2026-07-07T23:09:04.263594+00:00,136.7,50,bid,,,11416722
2026-07-07T23:09:05.191274,2026-07-07T23:09:05.202965+00:00,136.9,40,bid,,,11416731
2026-07-07T23:09:05.246519,2026-07-07T23:09:05.257843+00:00,136.5,47,ask,,,11416733
2026-07-07T23:09:05.831669,2026-07-07T23:09:05.839495+00:00,136.5,45,ask,,,11416743
2026-07-07T23:09:06.294549,2026-07-07T23:09:06.306145+00:00,136.9,41,bid,,,11416751
2026-07-07T23:09:06.412007,2026-07-07T23:09:06.423816+00:00,136.5,8,ask,,,11416753
2026-07-07T23:09:06.412007,2026-07-07T23:09:06.423816+00:00,136.4,42,ask,,,11416754
2026-07-07T23:09:07.316029,2026-07-07T23:09:07.327290+00:00,136.7,48,bid,,,11416767
2026-07-07T23:09:08.520627,2026-07-07T23:09:08.532183+00:00,136.5,50,ask,,,11416781
2026-07-07T23:09:08.528490,2026-07-07T23:09:08.537391+00:00,136.5,41,ask,,,11416782
2026-07-07T23:09:09.177229,2026-07-07T23:09:09.186535+00:00,136.7,41,bid,,,11416791
2026-07-07T23:09:09.712819,2026-07-07T23:09:09.723101+00:00,136.5,42,ask,,,11416800
2026-07-07T23:09:10.629313,2026-07-07T23:09:10.641265+00:00,136.5,17,ask,,,11416815
2026-07-07T23:09:10.629313,2026-07-07T23:09:10.641265+00:00,136.4,33,ask,,,11416816
2026-07-07T23:09:10.738394,2026-07-07T23:09:10.749994+00:00,136.9,43,bid,,,11416817
2026-07-07T23:09:11.743443,2026-07-07T23:09:11.758546+00:00,136.4,44,ask,,,11416823
2026-07-07T23:09:12.740088,2026-07-07T23:09:12.752053+00:00,136.4,23,ask,,,11416842
2026-07-07T23:09:12.740088,2026-07-07T23:09:12.752053+00:00,136.2,27,ask,,,11416843
2026-07-07T23:09:13.326093,2026-07-07T23:09:13.337679+00:00,136.7,48,bid,,,11416845
2026-07-07T23:09:14.850269,2026-07-07T23:09:14.858594+00:00,136.5,50,ask,,,11416864
2026-07-07T23:09:16.965904,2026-07-07T23:09:16.974253+00:00,136.3,50,ask,,,11416897
2026-07-07T23:09:17.864157,2026-07-07T23:09:17.876024+00:00,136.3,49,ask,,,11416913
2026-07-07T23:09:19.517131,2026-07-07T23:09:19.528860+00:00,136.7,47,bid,,,11416933
2026-07-07T23:09:20.607264,2026-07-07T23:09:20.616805+00:00,136.3,47,ask,,,11416944
2026-07-07T23:09:21.110357,2026-07-07T23:09:21.116654+00:00,136.8,48,bid,,,11416950
2026-07-07T23:09:21.148186,2026-07-07T23:09:21.158664+00:00,136.8,50,bid,,,11416952
2026-07-07T23:09:25.359369,2026-07-07T23:09:25.370683+00:00,136.5,47,ask,,,11417009
2026-07-07T23:09:25.417210,2026-07-07T23:09:25.428625+00:00,136.5,50,ask,,,11417011
2026-07-07T23:09:27.559470,2026-07-07T23:09:27.568947+00:00,136.5,3,bid,,,11417039
2026-07-07T23:09:29.194557,2026-07-07T23:09:29.206267+00:00,136.5,44,bid,,,11417062
2026-07-07T23:09:29.784489,2026-07-07T23:09:29.796033+00:00,136.1,43,ask,,,11417067
2026-07-07T23:09:31.719795,2026-07-07T23:09:31.731133+00:00,136.6,50,bid,,,11417099
2026-07-07T23:09:32.857966,2026-07-07T23:09:32.869599+00:00,136.9,45,bid,,,11417117
2026-07-07T23:09:33.856836,2026-07-07T23:09:33.868711+00:00,136.7,50,bid,,,11417132
2026-07-07T23:09:33.969368,2026-07-07T23:09:33.979920+00:00,136.7,42,bid,,,11417134
2026-07-07T23:09:35.144815,2026-07-07T23:09:35.156264+00:00,136.4,49,ask,,,11417147
2026-07-07T23:09:36.015800,2026-07-07T23:09:36.022497+00:00,136.2,50,ask,,,11417160
2026-07-07T23:09:36.787941,2026-07-07T23:09:36.799684+00:00,136.6,48,ask,,,11417170
2026-07-07T23:09:37.618836,2026-07-07T23:09:37.629088+00:00,136.6,3,ask,,,11417176
2026-07-07T23:09:38.144286,2026-07-07T23:09:38.158563+00:00,136.6,50,ask,,,11417188
2026-07-07T23:09:38.913989,2026-07-07T23:09:38.925818+00:00,136.6,49,ask,,,11417197
2026-07-07T23:09:39.251097,2026-07-07T23:09:39.260171+00:00,136.5,3,bid,,,11417199
2026-07-07T23:09:40.250105,2026-07-07T23:09:40.261544+00:00,136.1,50,ask,,,11417216
2026-07-07T23:09:42.357496,2026-07-07T23:09:42.368799+00:00,136.1,50,ask,,,11417239
2026-07-07T23:09:44.468589,2026-07-07T23:09:44.479638+00:00,136.1,50,ask,,,11417260
2026-07-07T23:09:44.597373,2026-07-07T23:09:44.606526+00:00,136.5,23,bid,,,11417263
2026-07-07T23:09:44.896711,2026-07-07T23:09:44.908470+00:00,136.5,40,bid,,,11417271
2026-07-07T23:09:46.096315,2026-07-07T23:09:46.104932+00:00,136.5,12,ask,,,11417284
2026-07-07T23:09:46.573939,2026-07-07T23:09:46.585304+00:00,136.5,50,ask,,,11417292
2026-07-07T23:09:47.577051,2026-07-07T23:09:47.588684+00:00,136.5,41,ask,,,11417312
2026-07-07T23:09:48.398736,2026-07-07T23:09:48.406252+00:00,136.5,47,ask,,,11417318
2026-07-07T23:09:48.412538,2026-07-07T23:09:48.421088+00:00,136.4,12,bid,,,11417319
2026-07-07T23:09:48.509570,2026-07-07T23:09:48.522556+00:00,136.4,11,bid,,,11417324
2026-07-07T23:09:48.679769,2026-07-07T23:09:48.688774+00:00,135.9,50,ask,,,11417330
2026-07-07T23:09:49.598466,2026-07-07T23:09:49.614533+00:00,136.1,12,bid,,,11417344
2026-07-07T23:09:49.859603,2026-07-07T23:09:49.868680+00:00,136.1,11,bid,,,11417349
2026-07-07T23:09:50.739934,2026-07-07T23:09:50.755240+00:00,136.1,48,bid,,,11417361
2026-07-07T23:09:50.799981,2026-07-07T23:09:50.811119+00:00,135.9,50,ask,,,11417363
2026-07-07T23:09:51.861624,2026-07-07T23:09:51.873249+00:00,136.3,44,bid,,,11417372
2026-07-07T23:09:52.855746,2026-07-07T23:09:52.863745+00:00,136.3,50,bid,,,11417390
2026-07-07T23:09:54.965815,2026-07-07T23:09:54.977471+00:00,136.6,50,bid,,,11417413
2026-07-07T23:09:57.113217,2026-07-07T23:09:57.124964+00:00,136.1,41,ask,,,11417445
2026-07-07T23:09:57.150435,2026-07-07T23:09:57.158583+00:00,136.1,50,ask,,,11417446
2026-07-07T23:09:58.056289,2026-07-07T23:09:58.055288+00:00,136.4,45,bid,,,11417459
2026-07-07T23:09:58.159650,2026-07-07T23:09:58.171219+00:00,136.4,55,bid,,,11417460
2026-07-07T23:09:59.032038,2026-07-07T23:09:59.040508+00:00,136.6,11,ask,,,11417473
2026-07-07T23:09:59.868371,2026-07-07T23:09:59.879379+00:00,136.6,42,ask,,,11417480
2026-07-07T23:10:00.348433,2026-07-07T23:10:00.356827+00:00,136.6,35,ask,,,11417484
2026-07-07T23:10:01.319457,2026-07-07T23:10:01.331103+00:00,136.8,50,bid,,,11417500
2026-07-07T23:10:01.382738,2026-07-07T23:10:01.391407+00:00,136.3,100,ask,,,11417501
2026-07-07T23:10:01.397885,2026-07-07T23:10:01.407919+00:00,136.0,50,bid,,,11417502
2026-07-07T23:10:03.429018,2026-07-07T23:10:03.440648+00:00,136.8,50,bid,,,11417531
2026-07-07T23:10:05.571826,2026-07-07T23:10:05.583663+00:00,136.9,50,bid,,,11417554
2026-07-07T23:10:05.983201,2026-07-07T23:10:05.992258+00:00,136.9,49,bid,,,11417558
2026-07-07T23:10:07.229073,2026-07-07T23:10:07.238143+00:00,136.6,4,ask,,,11417570
2026-07-07T23:10:07.470682,2026-07-07T23:10:07.482270+00:00,136.6,47,ask,,,11417574
2026-07-07T23:10:07.671646,2026-07-07T23:10:07.681789+00:00,136.8,23,ask,,,11417577
2026-07-07T23:10:07.680804,2026-07-07T23:10:07.697265+00:00,137.1,50,bid,,,11417579
2026-07-07T23:10:08.069125,2026-07-07T23:10:08.080631+00:00,137.1,42,bid,,,11417586
2026-07-07T23:10:08.124403,2026-07-07T23:10:08.136082+00:00,136.8,45,ask,,,11417588
2026-07-07T23:10:09.813904,2026-07-07T23:10:09.825859+00:00,137.1,8,bid,,,11417603
2026-07-07T23:10:09.813904,2026-07-07T23:10:09.825859+00:00,137.3,36,bid,,,11417604
2026-07-07T23:10:09.820173,2026-07-07T23:10:09.830818+00:00,137.3,50,bid,,,11417605
2026-07-07T23:10:11.912832,2026-07-07T23:10:11.932350+00:00,137.0,41,ask,,,11417622
2026-07-07T23:10:11.925135,2026-07-07T23:10:11.932350+00:00,137.4,50,bid,,,11417623
2026-07-07T23:10:13.561125,2026-07-07T23:10:13.576098+00:00,137.2,11,ask,,,11417645
2026-07-07T23:10:13.567338,2026-07-07T23:10:13.576098+00:00,137.2,45,ask,,,11417646
2026-07-07T23:10:14.037799,2026-07-07T23:10:14.049783+00:00,137.7,50,bid,,,11417653
2026-07-07T23:10:14.652107,2026-07-07T23:10:14.663915+00:00,137.6,46,bid,,,11417659
2026-07-07T23:10:15.672465,2026-07-07T23:10:15.684222+00:00,137.6,43,bid,,,11417675
2026-07-07T23:10:16.108779,2026-07-07T23:10:16.120498+00:00,137.2,12,ask,,,11417682
2026-07-07T23:10:16.197479,2026-07-07T23:10:16.208983+00:00,137.2,32,ask,,,11417686
2026-07-07T23:10:16.197479,2026-07-07T23:10:16.208983+00:00,137.1,18,ask,,,11417687
2026-07-07T23:10:16.279163,2026-07-07T23:10:16.291270+00:00,137.1,45,ask,,,11417691
2026-07-07T23:10:17.283537,2026-07-07T23:10:17.294974+00:00,136.9,48,ask,,,11417699
2026-07-07T23:10:18.259583,2026-07-07T23:10:18.261745+00:00,137.3,50,bid,,,11417715
2026-07-07T23:10:21.849998,2026-07-07T23:10:21.861609+00:00,137.3,41,bid,,,11417757
2026-07-07T23:10:22.468601,2026-07-07T23:10:22.477603+00:00,137.3,50,bid,,,11417763
2026-07-07T23:10:22.968185,2026-07-07T23:10:22.977362+00:00,137.3,42,bid,,,11417769
2026-07-07T23:10:23.515421,2026-07-07T23:10:23.524586+00:00,137.4,14,ask,,,11417771
2026-07-07T23:10:23.970800,2026-07-07T23:10:23.977492+00:00,137.4,49,ask,,,11417780
2026-07-07T23:10:24.576402,2026-07-07T23:10:24.588291+00:00,137.6,50,bid,,,11417788
2026-07-07T23:10:26.684860,2026-07-07T23:10:26.696422+00:00,137.7,50,bid,,,11417811
2026-07-07T23:10:27.649694,2026-07-07T23:10:27.658593+00:00,137.2,49,ask,,,11417821
2026-07-07T23:10:28.792225,2026-07-07T23:10:28.799140+00:00,137.5,50,bid,,,11417833
2026-07-07T23:10:30.899544,2026-07-07T23:10:30.909537+00:00,137.6,50,bid,,,11417861
2026-07-07T23:10:33.005684,2026-07-07T23:10:33.012187+00:00,137.7,50,bid,,,11417888
2026-07-07T23:10:35.162615,2026-07-07T23:10:35.170096+00:00,137.2,50,ask,,,11417915
2026-07-07T23:10:37.270607,2026-07-07T23:10:37.282191+00:00,137.2,50,ask,,,11417941
2026-07-07T23:10:38.965065,2026-07-07T23:10:38.974608+00:00,137.6,41,bid,,,11417966
2026-07-07T23:10:39.376522,2026-07-07T23:10:39.385739+00:00,137.5,50,ask,,,11417968
2026-07-07T23:10:41.482240,2026-07-07T23:10:41.493915+00:00,137.5,50,ask,,,11417993
2026-07-07T23:10:41.586687,2026-07-07T23:10:41.598129+00:00,137.8,48,bid,,,11417995
2026-07-07T23:10:42.544132,2026-07-07T23:10:42.552859+00:00,137.7,100,ask,,,11418010
2026-07-07T23:10:43.258563,2026-07-07T23:10:43.270441+00:00,137.2,46,ask,,,11418019
2026-07-07T23:10:43.591074,2026-07-07T23:10:43.599392+00:00,137.2,50,ask,,,11418026
2026-07-07T23:10:45.698316,2026-07-07T23:10:45.710029+00:00,137.1,50,ask,,,11418050
2026-07-07T23:10:46.075849,2026-07-07T23:10:46.087567+00:00,137.1,42,ask,,,11418055
2026-07-07T23:10:46.585628,2026-07-07T23:10:46.597336+00:00,137.6,43,bid,,,11418067
2026-07-07T23:10:49.858161,2026-07-07T23:10:49.869583+00:00,137.4,50,bid,,,11418101
2026-07-07T23:10:50.523879,2026-07-07T23:10:50.531720+00:00,137.1,41,ask,,,11418108
2026-07-07T23:10:51.965212,2026-07-07T23:10:51.973936+00:00,137.6,50,bid,,,11418119
2026-07-07T23:10:54.046802,2026-07-07T23:10:54.053336+00:00,137.3,43,bid,,,11418149
2026-07-07T23:10:54.221088,2026-07-07T23:10:54.230602+00:00,137.3,3,bid,,,11418156
2026-07-07T23:10:54.563635,2026-07-07T23:10:54.575025+00:00,137.3,40,bid,,,11418166
2026-07-07T23:10:54.719920,2026-07-07T23:10:54.727294+00:00,137.3,64,bid,,,11418169
2026-07-07T23:10:55.159630,2026-07-07T23:10:55.169111+00:00,137.7,3,ask,,,11418176
2026-07-07T23:10:55.533982,2026-07-07T23:10:55.542207+00:00,137.7,3,ask,,,11418180
2026-07-07T23:10:56.176620,2026-07-07T23:10:56.188422+00:00,137.9,50,bid,,,11418193
2026-07-07T23:10:56.221818,2026-07-07T23:10:56.233400+00:00,137.7,48,ask,,,11418194
2026-07-07T23:10:57.725735,2026-07-07T23:10:57.737197+00:00,137.7,48,ask,,,11418213
2026-07-07T23:10:57.938195,2026-07-07T23:10:57.949914+00:00,137.7,48,ask,,,11418216
2026-07-07T23:10:58.284873,2026-07-07T23:10:58.294350+00:00,137.6,50,bid,,,11418221
2026-07-07T23:10:58.359609,2026-07-07T23:10:58.370877+00:00,137.4,3,bid,,,11418222
2026-07-07T23:10:58.898832,2026-07-07T23:10:58.910156+00:00,137.4,42,bid,,,11418229
2026-07-07T23:10:59.392463,2026-07-07T23:10:59.403435+00:00,137.4,43,bid,,,11418237
2026-07-07T23:11:00.392813,2026-07-07T23:11:00.399992+00:00,137.4,50,bid,,,11418246
2026-07-07T23:11:00.463108,2026-07-07T23:11:00.474590+00:00,137.4,12,bid,,,11418248
2026-07-07T23:11:02.499273,2026-07-07T23:11:02.509967+00:00,137.9,50,bid,,,11418269
2026-07-07T23:11:04.232209,2026-07-07T23:11:04.242760+00:00,137.6,3,ask,,,11418293
2026-07-07T23:11:04.681253,2026-07-07T23:11:04.689987+00:00,137.6,50,ask,,,11418295
2026-07-07T23:11:06.737166,2026-07-07T23:11:06.748711+00:00,137.9,50,bid,,,11418328
2026-07-07T23:11:07.986296,2026-07-07T23:11:07.997886+00:00,137.8,40,ask,,,11418346
2026-07-07T23:11:08.918947,2026-07-07T23:11:08.926330+00:00,137.8,50,ask,,,11418358
2026-07-07T23:11:09.552632,2026-07-07T23:11:09.558571+00:00,137.8,47,ask,,,11418366
2026-07-07T23:11:09.614622,2026-07-07T23:11:09.622980+00:00,137.8,13,ask,,,11418368
2026-07-07T23:11:10.122595,2026-07-07T23:11:10.131256+00:00,137.9,45,bid,,,11418375
2026-07-07T23:11:10.999650,2026-07-07T23:11:11.008571+00:00,137.8,100,ask,,,11418387
2026-07-07T23:11:11.009565,2026-07-07T23:11:11.018887+00:00,137.7,13,bid,,,11418388
2026-07-07T23:11:13.768921,2026-07-07T23:11:13.779310+00:00,137.7,37,bid,,,11418424
2026-07-07T23:11:14.399587,2026-07-07T23:11:14.410910+00:00,137.6,40,ask,,,11418432
2026-07-07T23:11:15.207220,2026-07-07T23:11:15.217457+00:00,137.9,50,bid,,,11418444
2026-07-07T23:11:16.524380,2026-07-07T23:11:16.531132+00:00,137.9,41,bid,,,11418457
2026-07-07T23:11:17.844529,2026-07-07T23:11:17.853235+00:00,137.7,23,ask,,,11418480
2026-07-07T23:11:20.521537,2026-07-07T23:11:20.533080+00:00,137.6,42,ask,,,11418508
2026-07-07T23:11:21.633145,2026-07-07T23:11:21.642651+00:00,137.6,50,ask,,,11418519
2026-07-07T23:11:23.689502,2026-07-07T23:11:23.701279+00:00,138.0,50,bid,,,11418542
2026-07-07T23:11:25.876809,2026-07-07T23:11:25.886610+00:00,137.8,50,ask,,,11418569
2026-07-07T23:11:27.983647,2026-07-07T23:11:27.995459+00:00,137.6,50,ask,,,11418591
2026-07-07T23:11:28.217121,2026-07-07T23:11:28.228862+00:00,137.6,42,ask,,,11418593
2026-07-07T23:11:28.341730,2026-07-07T23:11:28.356617+00:00,138.1,23,bid,,,11418599
2026-07-07T23:11:30.039818,2026-07-07T23:11:30.058623+00:00,138.3,50,bid,,,11418627
2026-07-07T23:11:30.265819,2026-07-07T23:11:30.274168+00:00,138.3,48,bid,,,11418630
2026-07-07T23:11:32.154236,2026-07-07T23:11:32.166600+00:00,138.3,2,bid,,,11418648
2026-07-07T23:11:32.154236,2026-07-07T23:11:32.166600+00:00,138.4,48,bid,,,11418649
2026-07-07T23:11:34.262381,2026-07-07T23:11:34.274062+00:00,138.5,50,bid,,,11418674
2026-07-07T23:11:34.656397,2026-07-07T23:11:34.667910+00:00,138.0,47,ask,,,11418678
2026-07-07T23:11:36.397589,2026-07-07T23:11:36.405984+00:00,138.4,50,bid,,,11418694
2026-07-07T23:11:37.401655,2026-07-07T23:11:37.412813+00:00,138.4,47,bid,,,11418707
2026-07-07T23:11:38.503837,2026-07-07T23:11:38.515509+00:00,138.4,3,bid,,,11418732
2026-07-07T23:11:38.503837,2026-07-07T23:11:38.515509+00:00,138.4,47,bid,,,11418733
2026-07-07T23:11:39.049988,2026-07-07T23:11:39.060803+00:00,138.3,11,ask,,,11418739
2026-07-07T23:11:40.662487,2026-07-07T23:11:40.674168+00:00,138.3,50,ask,,,11418754
2026-07-07T23:11:42.773059,2026-07-07T23:11:42.779912+00:00,138.2,50,ask,,,11418776
2026-07-07T23:11:44.139941,2026-07-07T23:11:44.151429+00:00,138.2,12,ask,,,11418798
2026-07-07T23:11:44.314618,2026-07-07T23:11:44.358654+00:00,138.2,49,ask,,,11418801
2026-07-07T23:11:44.880152,2026-07-07T23:11:44.892043+00:00,138.2,39,ask,,,11418807
2026-07-07T23:11:44.880152,2026-07-07T23:11:44.892043+00:00,138.1,11,ask,,,11418808
2026-07-07T23:11:45.805150,2026-07-07T23:11:45.816385+00:00,138.1,12,bid,,,11418827
2026-07-07T23:11:46.990843,2026-07-07T23:11:47.003723+00:00,137.9,50,ask,,,11418843
2026-07-07T23:11:47.732256,2026-07-07T23:11:47.743699+00:00,138.1,48,bid,,,11418852
2026-07-07T23:11:49.097614,2026-07-07T23:11:49.109335+00:00,137.8,50,ask,,,11418873
2026-07-07T23:11:51.207042,2026-07-07T23:11:51.218406+00:00,137.8,50,ask,,,11418903
2026-07-07T23:11:55.365722,2026-07-07T23:11:55.373134+00:00,138.0,50,bid,,,11418959
2026-07-07T23:11:56.703956,2026-07-07T23:11:56.715831+00:00,138.0,47,bid,,,11418970
2026-07-07T23:11:56.759622,2026-07-07T23:11:56.768788+00:00,137.8,41,ask,,,11418971
2026-07-07T23:11:57.475041,2026-07-07T23:11:57.486969+00:00,138.0,3,bid,,,11418992
2026-07-07T23:12:01.739423,2026-07-07T23:12:01.750798+00:00,137.9,50,ask,,,11419058
2026-07-07T23:12:03.796674,2026-07-07T23:12:03.805539+00:00,138.2,50,bid,,,11419076
2026-07-07T23:12:03.837323,2026-07-07T23:12:03.846151+00:00,138.2,11,bid,,,11419079
2026-07-07T23:12:04.459441,2026-07-07T23:12:04.471147+00:00,138.2,46,bid,,,11419089
2026-07-07T23:12:05.902666,2026-07-07T23:12:05.910267+00:00,138.5,50,bid,,,11419107
2026-07-07T23:12:06.459418,2026-07-07T23:12:06.469324+00:00,138.3,23,ask,,,11419122
2026-07-07T23:12:06.878452,2026-07-07T23:12:06.889740+00:00,138.3,49,ask,,,11419125
2026-07-07T23:12:07.583898,2026-07-07T23:12:07.595384+00:00,138.3,78,ask,,,11419133
2026-07-07T23:12:08.011072,2026-07-07T23:12:08.019861+00:00,138.0,12,bid,,,11419141
2026-07-07T23:12:08.489515,2026-07-07T23:12:08.501027+00:00,137.8,43,ask,,,11419147
2026-07-07T23:12:09.463523,2026-07-07T23:12:09.472344+00:00,138.0,11,bid,,,11419154
2026-07-07T23:12:13.750155,2026-07-07T23:12:13.758575+00:00,137.9,48,ask,,,11419205
2026-07-07T23:12:14.325142,2026-07-07T23:12:14.332832+00:00,138.4,50,bid,,,11419211
2026-07-07T23:12:14.352241,2026-07-07T23:12:14.362585+00:00,138.1,3,bid,,,11419212
2026-07-07T23:12:15.480699,2026-07-07T23:12:15.492498+00:00,138.1,49,bid,,,11419223
2026-07-07T23:12:16.491039,2026-07-07T23:12:16.501395+00:00,137.9,50,ask,,,11419235
2026-07-07T23:12:17.020059,2026-07-07T23:12:17.031578+00:00,138.1,98,bid,,,11419255
2026-07-07T23:12:17.827803,2026-07-07T23:12:17.834417+00:00,138.5,44,ask,,,11419259
2026-07-07T23:12:18.463163,2026-07-07T23:12:18.474573+00:00,138.7,43,bid,,,11419273
2026-07-07T23:12:18.536435,2026-07-07T23:12:18.544813+00:00,138.5,14,ask,,,11419278
2026-07-07T23:12:18.598512,2026-07-07T23:12:18.605565+00:00,138.5,50,ask,,,11419282
2026-07-07T23:12:19.762242,2026-07-07T23:12:19.778524+00:00,138.5,12,ask,,,11419293
2026-07-07T23:12:20.239230,2026-07-07T23:12:20.250990+00:00,138.5,30,ask,,,11419302
2026-07-07T23:12:20.659513,2026-07-07T23:12:20.670772+00:00,138.3,12,bid,,,11419313
2026-07-07T23:12:20.704404,2026-07-07T23:12:20.716499+00:00,137.9,50,ask,,,11419315
2026-07-07T23:12:20.983355,2026-07-07T23:12:20.990960+00:00,138.3,49,bid,,,11419325
2026-07-07T23:12:22.218907,2026-07-07T23:12:22.228228+00:00,138.3,11,bid,,,11419340
2026-07-07T23:12:22.660460,2026-07-07T23:12:22.670478+00:00,137.9,42,ask,,,11419347
2026-07-07T23:12:23.282082,2026-07-07T23:12:23.293602+00:00,138.3,42,bid,,,11419361
2026-07-07T23:12:24.931796,2026-07-07T23:12:24.943465+00:00,138.0,50,ask,,,11419375
2026-07-07T23:12:24.938665,2026-07-07T23:12:24.948473+00:00,138.0,49,ask,,,11419376
2026-07-07T23:12:26.592465,2026-07-07T23:12:26.604994+00:00,138.0,51,ask,,,11419406
2026-07-07T23:12:26.925826,2026-07-07T23:12:26.933340+00:00,138.0,47,bid,,,11419412
2026-07-07T23:12:27.089549,2026-07-07T23:12:27.099015+00:00,137.9,3,bid,,,11419414
2026-07-07T23:12:28.769783,2026-07-07T23:12:28.779799+00:00,137.9,49,bid,,,11419431
2026-07-07T23:12:29.118399,2026-07-07T23:12:29.130038+00:00,137.9,50,bid,,,11419434
2026-07-07T23:12:30.853360,2026-07-07T23:12:30.864864+00:00,137.8,44,ask,,,11419450
2026-07-07T23:12:31.240105,2026-07-07T23:12:31.251216+00:00,138.3,50,bid,,,11419456
2026-07-07T23:12:33.352538,2026-07-07T23:12:33.363975+00:00,138.2,50,bid,,,11419489
2026-07-07T23:12:33.591452,2026-07-07T23:12:33.603090+00:00,137.8,41,ask,,,11419490
2026-07-07T23:12:34.555314,2026-07-07T23:12:34.553446+00:00,137.8,45,ask,,,11419513
2026-07-07T23:12:35.139002,2026-07-07T23:12:35.150537+00:00,138.2,40,bid,,,11419519
2026-07-07T23:12:35.482412,2026-07-07T23:12:35.490684+00:00,138.2,10,bid,,,11419523
2026-07-07T23:12:35.482412,2026-07-07T23:12:35.496040+00:00,138.3,40,bid,,,11419524
2026-07-07T23:12:36.041055,2026-07-07T23:12:36.086278+00:00,137.9,45,ask,,,11419529
2026-07-07T23:12:36.045056,2026-07-07T23:12:36.086278+00:00,137.9,3,ask,,,11419530
2026-07-07T23:12:36.463372,2026-07-07T23:12:36.475007+00:00,137.9,52,ask,,,11419534
2026-07-07T23:12:41.890853,2026-07-07T23:12:41.902641+00:00,137.7,50,ask,,,11419603
2026-07-07T23:12:44.022715,2026-07-07T23:12:44.030772+00:00,137.7,50,ask,,,11419620
2026-07-07T23:12:45.682158,2026-07-07T23:12:45.694123+00:00,138.0,49,bid,,,11419641
2026-07-07T23:12:46.136143,2026-07-07T23:12:46.158606+00:00,137.5,50,ask,,,11419649
2026-07-07T23:12:48.245615,2026-07-07T23:12:48.255973+00:00,137.5,50,ask,,,11419670
2026-07-07T23:12:49.791073,2026-07-07T23:12:49.810512+00:00,137.8,3,bid,,,11419696
2026-07-07T23:12:52.437085,2026-07-07T23:12:52.446464+00:00,137.9,50,bid,,,11419736
2026-07-07T23:12:52.928753,2026-07-07T23:12:52.940150+00:00,137.9,47,bid,,,11419740
2026-07-07T23:12:54.542638,2026-07-07T23:12:54.558610+00:00,137.9,3,bid,,,11419763
2026-07-07T23:12:54.542638,2026-07-07T23:12:54.558610+00:00,138.0,47,bid,,,11419764
2026-07-07T23:12:56.678930,2026-07-07T23:12:56.689847+00:00,138.0,50,bid,,,11419800
2026-07-07T23:12:58.785731,2026-07-07T23:12:58.797499+00:00,138.1,50,bid,,,11419821
2026-07-07T23:13:00.684767,2026-07-07T23:13:00.695184+00:00,137.7,48,ask,,,11419848
2026-07-07T23:13:00.897105,2026-07-07T23:13:00.912644+00:00,138.1,50,bid,,,11419853
2026-07-07T23:13:01.731667,2026-07-07T23:13:01.741372+00:00,138.0,14,ask,,,11419863
2026-07-07T23:13:03.008629,2026-07-07T23:13:03.020116+00:00,138.1,50,bid,,,11419886
2026-07-07T23:13:04.269901,2026-07-07T23:13:04.278404+00:00,138.0,12,ask,,,11419900
2026-07-07T23:13:05.139108,2026-07-07T23:13:05.149448+00:00,138.1,50,bid,,,11419909
2026-07-07T23:13:05.430731,2026-07-07T23:13:05.437340+00:00,138.1,40,bid,,,11419913
2026-07-07T23:13:07.103643,2026-07-07T23:13:07.115171+00:00,137.8,45,ask,,,11419940
2026-07-07T23:13:07.244232,2026-07-07T23:13:07.258573+00:00,138.1,10,bid,,,11419942
2026-07-07T23:13:07.244232,2026-07-07T23:13:07.258573+00:00,138.3,40,bid,,,11419943
2026-07-07T23:13:09.404665,2026-07-07T23:13:09.414076+00:00,137.9,50,ask,,,11419965
2026-07-07T23:13:13.617698,2026-07-07T23:13:13.624655+00:00,137.9,50,ask,,,11420024
2026-07-07T23:13:17.858257,2026-07-07T23:13:17.870233+00:00,137.8,50,ask,,,11420075
2026-07-07T23:13:19.966712,2026-07-07T23:13:19.978047+00:00,137.8,50,ask,,,11420098
2026-07-07T23:13:20.400540,2026-07-07T23:13:20.411376+00:00,137.9,12,bid,,,11420106
2026-07-07T23:13:20.898144,2026-07-07T23:13:20.909234+00:00,137.9,43,bid,,,11420110
2026-07-07T23:13:21.831905,2026-07-07T23:13:21.843610+00:00,137.7,44,ask,,,11420122
2026-07-07T23:13:22.094652,2026-07-07T23:13:22.107575+00:00,137.7,50,ask,,,11420125
2026-07-07T23:13:22.702331,2026-07-07T23:13:22.722329+00:00,137.9,11,bid,,,11420131
2026-07-07T23:13:22.803623,2026-07-07T23:13:22.815561+00:00,137.9,34,bid,,,11420136
2026-07-07T23:13:22.803623,2026-07-07T23:13:22.815561+00:00,138.2,6,bid,,,11420137
2026-07-07T23:13:24.009178,2026-07-07T23:13:24.020770+00:00,137.8,45,ask,,,11420150
2026-07-07T23:13:24.200662,2026-07-07T23:13:24.212389+00:00,137.8,50,ask,,,11420152
2026-07-07T23:13:28.424800,2026-07-07T23:13:28.431795+00:00,137.6,50,ask,,,11420196
2026-07-07T23:13:30.205914,2026-07-07T23:13:30.218018+00:00,137.9,48,bid,,,11420226
2026-07-07T23:13:30.568149,2026-07-07T23:13:30.579772+00:00,137.5,50,ask,,,11420233
2026-07-07T23:13:32.624640,2026-07-07T23:13:32.636203+00:00,137.9,50,bid,,,11420261
2026-07-07T23:13:33.288628,2026-07-07T23:13:33.300524+00:00,137.8,40,bid,,,11420269
2026-07-07T23:13:33.410060,2026-07-07T23:13:33.419026+00:00,137.4,3,bid,,,11420270
2026-07-07T23:13:34.734302,2026-07-07T23:13:34.744197+00:00,137.4,50,bid,,,11420291
2026-07-07T23:13:35.832379,2026-07-07T23:13:35.842252+00:00,137.3,41,ask,,,11420306
2026-07-07T23:13:36.868187,2026-07-07T23:13:36.878951+00:00,137.4,50,bid,,,11420322
2026-07-07T23:13:37.532064,2026-07-07T23:13:37.543620+00:00,137.4,49,bid,,,11420341
2026-07-07T23:13:38.974972,2026-07-07T23:13:38.986799+00:00,137.4,50,bid,,,11420358
2026-07-07T23:13:39.316432,2026-07-07T23:13:39.328038+00:00,136.9,44,ask,,,11420361
2026-07-07T23:13:41.114138,2026-07-07T23:13:41.125607+00:00,137.6,50,bid,,,11420389
2026-07-07T23:13:42.417626,2026-07-07T23:13:42.426794+00:00,137.3,14,ask,,,11420414
2026-07-07T23:13:43.280397,2026-07-07T23:13:43.295336+00:00,137.0,50,ask,,,11420422
2026-07-07T23:13:44.519466,2026-07-07T23:13:44.531315+00:00,137.5,44,bid,,,11420439
2026-07-07T23:13:45.335703,2026-07-07T23:13:45.345220+00:00,137.5,50,bid,,,11420458
2026-07-07T23:13:45.553512,2026-07-07T23:13:45.563846+00:00,137.0,48,ask,,,11420459
2026-07-07T23:13:47.443607,2026-07-07T23:13:47.455143+00:00,137.6,50,bid,,,11420485
2026-07-07T23:13:47.696827,2026-07-07T23:13:47.708341+00:00,137.6,43,bid,,,11420490
2026-07-07T23:13:48.758348,2026-07-07T23:13:48.769731+00:00,137.1,41,ask,,,11420500
2026-07-07T23:13:49.577453,2026-07-07T23:13:49.583847+00:00,137.6,50,bid,,,11420518
2026-07-07T23:13:51.684684,2026-07-07T23:13:51.696036+00:00,137.6,50,bid,,,11420547
2026-07-07T23:13:52.338912,2026-07-07T23:13:52.353309+00:00,137.5,12,ask,,,11420555
2026-07-07T23:13:52.611258,2026-07-07T23:13:52.622558+00:00,137.7,49,bid,,,11420560
2026-07-07T23:13:53.820102,2026-07-07T23:13:53.831856+00:00,137.7,50,bid,,,11420581
2026-07-07T23:13:54.240696,2026-07-07T23:13:54.249810+00:00,137.5,11,ask,,,11420589
2026-07-07T23:13:54.664140,2026-07-07T23:13:54.672074+00:00,137.5,49,ask,,,11420593
2026-07-07T23:13:55.257862,2026-07-07T23:13:55.269494+00:00,137.5,47,ask,,,11420599
2026-07-07T23:13:55.545022,2026-07-07T23:13:55.551466+00:00,137.4,100,ask,,,11420605
2026-07-07T23:13:55.988861,2026-07-07T23:13:56.007359+00:00,136.9,50,ask,,,11420611
2026-07-07T23:13:56.671874,2026-07-07T23:13:56.680264+00:00,137.4,11,bid,,,11420616
2026-07-07T23:13:58.097401,2026-07-07T23:13:58.108945+00:00,136.9,50,ask,,,11420636
2026-07-07T23:13:58.964852,2026-07-07T23:13:58.976425+00:00,137.7,41,bid,,,11420649
2026-07-07T23:14:00.206027,2026-07-07T23:14:00.217952+00:00,137.2,50,ask,,,11420658
2026-07-07T23:14:01.379835,2026-07-07T23:14:01.388723+00:00,137.7,48,bid,,,11420676
2026-07-07T23:14:02.316423,2026-07-07T23:14:02.328553+00:00,137.5,50,ask,,,11420690
2026-07-07T23:14:04.426197,2026-07-07T23:14:04.437959+00:00,137.5,50,ask,,,11420716
2026-07-07T23:14:06.534008,2026-07-07T23:14:06.545696+00:00,137.2,50,ask,,,11420740
2026-07-07T23:14:06.570151,2026-07-07T23:14:06.580990+00:00,137.2,46,ask,,,11420741
2026-07-07T23:14:08.066622,2026-07-07T23:14:08.078288+00:00,137.4,44,bid,,,11420750
2026-07-07T23:14:08.643009,2026-07-07T23:14:08.654921+00:00,137.2,50,ask,,,11420757
2026-07-07T23:14:10.699758,2026-07-07T23:14:10.711427+00:00,137.4,50,bid,,,11420782
2026-07-07T23:14:12.807422,2026-07-07T23:14:12.818809+00:00,137.5,50,bid,,,11420804
2026-07-07T23:14:13.664972,2026-07-07T23:14:13.676868+00:00,137.2,41,ask,,,11420810
2026-07-07T23:14:14.831162,2026-07-07T23:14:14.842653+00:00,137.4,46,bid,,,11420831
2026-07-07T23:14:15.917741,2026-07-07T23:14:15.929480+00:00,137.1,48,ask,,,11420835
2026-07-07T23:14:17.017330,2026-07-07T23:14:17.029142+00:00,137.4,50,bid,,,11420856
2026-07-07T23:14:17.859483,2026-07-07T23:14:17.868580+00:00,137.3,12,bid,,,11420867
2026-07-07T23:14:19.126159,2026-07-07T23:14:19.136127+00:00,137.3,50,bid,,,11420881
2026-07-07T23:14:19.425848,2026-07-07T23:14:19.437524+00:00,137.3,42,bid,,,11420884
2026-07-07T23:14:20.890772,2026-07-07T23:14:20.900839+00:00,137.2,47,ask,,,11420903
2026-07-07T23:14:21.232304,2026-07-07T23:14:21.243741+00:00,137.7,50,bid,,,11420905
2026-07-07T23:14:23.338598,2026-07-07T23:14:23.350190+00:00,137.7,50,bid,,,11420926
2026-07-07T23:14:23.873811,2026-07-07T23:14:23.880595+00:00,137.2,45,ask,,,11420932
2026-07-07T23:14:24.491861,2026-07-07T23:14:24.503532+00:00,137.5,49,bid,,,11420945
2026-07-07T23:14:25.496984,2026-07-07T23:14:25.507977+00:00,137.2,50,ask,,,11420956
2026-07-07T23:14:25.619992,2026-07-07T23:14:25.629806+00:00,137.5,46,bid,,,11420958
2026-07-07T23:14:27.181636,2026-07-07T23:14:27.190989+00:00,137.2,12,ask,,,11420993
2026-07-07T23:14:29.708237,2026-07-07T23:14:29.719984+00:00,137.2,50,ask,,,11421025
2026-07-07T23:14:31.814829,2026-07-07T23:14:31.826673+00:00,136.9,50,ask,,,11421049
2026-07-07T23:14:33.922220,2026-07-07T23:14:33.933787+00:00,136.8,50,ask,,,11421074
2026-07-07T23:14:34.970374,2026-07-07T23:14:34.980937+00:00,136.8,23,ask,,,11421086
2026-07-07T23:14:36.026927,2026-07-07T23:14:36.036052+00:00,136.8,50,ask,,,11421098
2026-07-07T23:14:36.381988,2026-07-07T23:14:36.391428+00:00,136.8,27,ask,,,11421105
2026-07-07T23:14:36.705062,2026-07-07T23:14:36.711947+00:00,136.3,100,ask,,,11421112
2026-07-07T23:14:36.718012,2026-07-07T23:14:36.727773+00:00,136.3,46,bid,,,11421113
2026-07-07T23:14:37.879847,2026-07-07T23:14:37.891567+00:00,136.3,4,bid,,,11421127
2026-07-07T23:14:38.132762,2026-07-07T23:14:38.144815+00:00,135.8,50,ask,,,11421129
2026-07-07T23:14:38.539549,2026-07-07T23:14:38.550500+00:00,135.8,43,ask,,,11421131
2026-07-07T23:14:40.263802,2026-07-07T23:14:40.279497+00:00,135.9,50,ask,,,11421159
2026-07-07T23:14:40.269444,2026-07-07T23:14:40.279497+00:00,136.4,3,bid,,,11421160
2026-07-07T23:14:42.126631,2026-07-07T23:14:42.146125+00:00,136.4,42,bid,,,11421177
2026-07-07T23:14:42.369604,2026-07-07T23:14:42.380990+00:00,135.9,50,ask,,,11421178
2026-07-07T23:14:44.478604,2026-07-07T23:14:44.490328+00:00,136.2,50,ask,,,11421205
2026-07-07T23:14:46.590084,2026-07-07T23:14:46.600366+00:00,136.1,50,ask,,,11421231
2026-07-07T23:14:48.666660,2026-07-07T23:14:48.674811+00:00,136.6,50,bid,,,11421266
2026-07-07T23:14:50.387633,2026-07-07T23:14:50.399303+00:00,136.5,49,bid,,,11421294
2026-07-07T23:14:51.004285,2026-07-07T23:14:51.015720+00:00,136.0,46,ask,,,11421306
2026-07-07T23:14:53.529376,2026-07-07T23:14:53.540715+00:00,136.6,40,bid,,,11421337
2026-07-07T23:14:56.082191,2026-07-07T23:14:56.093794+00:00,136.4,48,ask,,,11421368
2026-07-07T23:14:56.631710,2026-07-07T23:14:56.643510+00:00,136.7,43,bid,,,11421380
2026-07-07T23:14:57.173473,2026-07-07T23:14:57.184816+00:00,136.4,50,ask,,,11421389
2026-07-07T23:14:59.209512,2026-07-07T23:14:59.218942+00:00,136.5,41,ask,,,11421417
2026-07-07T23:14:59.228081,2026-07-07T23:14:59.239784+00:00,136.7,50,bid,,,11421419
2026-07-07T23:15:00.787113,2026-07-07T23:15:00.795146+00:00,136.7,42,bid,,,11421432
2026-07-07T23:15:01.385879,2026-07-07T23:15:01.394948+00:00,136.5,50,ask,,,11421444
2026-07-07T23:15:03.494291,2026-07-07T23:15:03.503524+00:00,136.6,50,ask,,,11421467
2026-07-07T23:15:03.515599,2026-07-07T23:15:03.527109+00:00,136.6,40,ask,,,11421469
2026-07-07T23:15:05.601384,2026-07-07T23:15:05.613882+00:00,136.2,50,ask,,,11421505
2026-07-07T23:15:07.708275,2026-07-07T23:15:07.719325+00:00,136.2,50,ask,,,11421531
2026-07-07T23:15:08.052969,2026-07-07T23:15:08.062512+00:00,136.3,3,bid,,,11421540
2026-07-07T23:15:08.124425,2026-07-07T23:15:08.133135+00:00,136.3,11,bid,,,11421545
2026-07-07T23:15:09.818877,2026-07-07T23:15:09.828693+00:00,136.1,50,ask,,,11421568
2026-07-07T23:15:17.611455,2026-07-07T23:15:17.622962+00:00,136.2,42,bid,,,11421653
2026-07-07T23:15:18.690674,2026-07-07T23:15:18.702374+00:00,135.9,49,ask,,,11421665
2026-07-07T23:15:22.403557,2026-07-07T23:15:22.411217+00:00,136.1,50,bid,,,11421708
2026-07-07T23:15:26.128917,2026-07-07T23:15:26.139381+00:00,136.1,48,bid,,,11421756
2026-07-07T23:15:26.847169,2026-07-07T23:15:26.858579+00:00,135.8,47,ask,,,11421767
2026-07-07T23:15:28.335394,2026-07-07T23:15:28.347042+00:00,136.0,44,bid,,,11421779
2026-07-07T23:15:28.715658,2026-07-07T23:15:28.724269+00:00,136.0,50,bid,,,11421783
2026-07-07T23:15:29.253872,2026-07-07T23:15:29.258573+00:00,135.6,43,ask,,,11421793
2026-07-07T23:15:30.821932,2026-07-07T23:15:30.833685+00:00,136.0,50,bid,,,11421809
2026-07-07T23:15:33.757459,2026-07-07T23:15:33.769078+00:00,135.9,45,ask,,,11421841
2026-07-07T23:15:35.084284,2026-07-07T23:15:35.095849+00:00,135.9,50,ask,,,11421854
2026-07-07T23:15:36.155133,2026-07-07T23:15:36.164451+00:00,136.3,47,bid,,,11421870
2026-07-07T23:15:36.794551,2026-07-07T23:15:36.801394+00:00,136.1,49,bid,,,11421877
2026-07-07T23:15:36.798215,2026-07-07T23:15:36.806418+00:00,136.1,51,bid,,,11421878
2026-07-07T23:15:37.191842,2026-07-07T23:15:37.203485+00:00,136.2,50,ask,,,11421883
2026-07-07T23:15:38.498693,2026-07-07T23:15:38.510106+00:00,136.2,46,ask,,,11421899
2026-07-07T23:15:39.294518,2026-07-07T23:15:39.306138+00:00,136.2,3,ask,,,11421915
2026-07-07T23:15:39.298471,2026-07-07T23:15:39.306138+00:00,135.6,50,ask,,,11421916
2026-07-07T23:15:40.027180,2026-07-07T23:15:40.041133+00:00,135.8,3,bid,,,11421924
2026-07-07T23:15:40.603616,2026-07-07T23:15:40.612138+00:00,135.8,12,bid,,,11421933
2026-07-07T23:15:41.415203,2026-07-07T23:15:41.426319+00:00,135.6,50,ask,,,11421945
2026-07-07T23:15:43.521048,2026-07-07T23:15:43.532716+00:00,135.6,50,ask,,,11421972
2026-07-07T23:15:44.730365,2026-07-07T23:15:44.741879+00:00,136.0,44,bid,,,11421984
2026-07-07T23:15:45.277541,2026-07-07T23:15:45.289590+00:00,135.6,43,ask,,,11421994
2026-07-07T23:15:45.661596,2026-07-07T23:15:45.674802+00:00,135.6,50,ask,,,11422000
2026-07-07T23:15:46.337478,2026-07-07T23:15:46.348837+00:00,135.8,100,ask,,,11422016
2026-07-07T23:15:46.350080,2026-07-07T23:15:46.359146+00:00,135.6,34,bid,,,11422017
2026-07-07T23:15:47.156820,2026-07-07T23:15:47.169256+00:00,135.6,16,bid,,,11422028
2026-07-07T23:15:47.156820,2026-07-07T23:15:47.169256+00:00,136.3,24,bid,,,11422029
2026-07-07T23:15:47.755049,2026-07-07T23:15:47.766606+00:00,135.1,42,ask,,,11422037
2026-07-07T23:15:49.330450,2026-07-07T23:15:49.342386+00:00,135.2,46,ask,,,11422052
2026-07-07T23:15:49.822431,2026-07-07T23:15:49.833812+00:00,135.7,50,bid,,,11422060
2026-07-07T23:15:51.693583,2026-07-07T23:15:51.700801+00:00,135.7,42,bid,,,11422081
2026-07-07T23:15:51.931615,2026-07-07T23:15:51.943399+00:00,135.7,8,bid,,,11422084
2026-07-07T23:15:51.931615,2026-07-07T23:15:51.943399+00:00,135.7,42,bid,,,11422085
2026-07-07T23:15:52.411227,2026-07-07T23:15:52.421531+00:00,135.5,11,ask,,,11422095
2026-07-07T23:15:53.234065,2026-07-07T23:15:53.242668+00:00,135.5,43,ask,,,11422103
2026-07-07T23:15:54.040075,2026-07-07T23:15:54.049424+00:00,135.9,50,bid,,,11422113
2026-07-07T23:15:55.324501,2026-07-07T23:15:55.332967+00:00,135.5,12,ask,,,11422135
2026-07-07T23:15:56.149640,2026-07-07T23:15:56.154355+00:00,135.6,50,bid,,,11422144
2026-07-07T23:15:58.262069,2026-07-07T23:15:58.273580+00:00,135.6,50,bid,,,11422173
2026-07-07T23:16:02.536542,2026-07-07T23:16:02.558605+00:00,135.9,50,ask,,,11422232
2026-07-07T23:16:02.587367,2026-07-07T23:16:02.600520+00:00,135.9,11,ask,,,11422234
2026-07-07T23:16:03.368456,2026-07-07T23:16:03.376133+00:00,136.3,42,bid,,,11422247
2026-07-07T23:16:04.643135,2026-07-07T23:16:04.652445+00:00,135.9,50,ask,,,11422265
2026-07-07T23:16:04.878791,2026-07-07T23:16:04.890383+00:00,135.9,39,ask,,,11422266
2026-07-07T23:16:05.347456,2026-07-07T23:16:05.371089+00:00,135.8,100,ask,,,11422272
2026-07-07T23:16:05.359513,2026-07-07T23:16:05.371089+00:00,135.6,11,bid,,,11422273
2026-07-07T23:16:05.524305,2026-07-07T23:16:05.534464+00:00,135.6,12,bid,,,11422279
2026-07-07T23:16:08.862339,2026-07-07T23:16:08.873731+00:00,135.5,50,ask,,,11422330
2026-07-07T23:16:09.558366,2026-07-07T23:16:09.570143+00:00,135.9,46,bid,,,11422338
2026-07-07T23:16:12.188620,2026-07-07T23:16:12.200091+00:00,135.8,42,bid,,,11422367
2026-07-07T23:16:13.073951,2026-07-07T23:16:13.083814+00:00,135.5,50,ask,,,11422379
2026-07-07T23:16:15.180120,2026-07-07T23:16:15.191821+00:00,135.6,50,ask,,,11422403
2026-07-07T23:16:16.334816,2026-07-07T23:16:16.344334+00:00,135.6,42,ask,,,11422408
2026-07-07T23:16:17.297195,2026-07-07T23:16:17.308792+00:00,135.6,8,ask,,,11422424
2026-07-07T23:16:17.297195,2026-07-07T23:16:17.314065+00:00,135.6,42,ask,,,11422425
2026-07-07T23:16:19.251480,2026-07-07T23:16:19.258549+00:00,135.4,44,ask,,,11422445
2026-07-07T23:16:19.407995,2026-07-07T23:16:19.419785+00:00,135.4,50,ask,,,11422446
2026-07-07T23:16:21.251699,2026-07-07T23:16:21.260522+00:00,135.6,11,bid,,,11422470
2026-07-07T23:16:21.464617,2026-07-07T23:16:21.476367+00:00,135.6,50,bid,,,11422474
2026-07-07T23:16:23.573995,2026-07-07T23:16:23.585684+00:00,135.6,50,bid,,,11422503
2026-07-07T23:16:23.933624,2026-07-07T23:16:23.945411+00:00,135.6,39,bid,,,11422512
2026-07-07T23:16:24.001170,2026-07-07T23:16:24.014286+00:00,135.7,23,ask,,,11422513
2026-07-07T23:16:24.046962,2026-07-07T23:16:24.056402+00:00,135.7,38,ask,,,11422515
2026-07-07T23:16:25.681407,2026-07-07T23:16:25.692971+00:00,136.0,50,bid,,,11422543
2026-07-07T23:16:27.159600,2026-07-07T23:16:27.168482+00:00,135.6,34,bid,,,11422555
2026-07-07T23:16:27.467832,2026-07-07T23:16:27.479322+00:00,135.6,66,bid,,,11422560
2026-07-07T23:16:27.537426,2026-07-07T23:16:27.548775+00:00,136.1,45,ask,,,11422562
2026-07-07T23:16:27.788518,2026-07-07T23:16:27.799931+00:00,136.6,50,bid,,,11422569
2026-07-07T23:16:28.467297,2026-07-07T23:16:28.474931+00:00,136.6,40,bid,,,11422581
2026-07-07T23:16:29.902212,2026-07-07T23:16:29.913984+00:00,136.6,50,bid,,,11422599
2026-07-07T23:16:30.435499,2026-07-07T23:16:30.444296+00:00,136.3,11,bid,,,11422606
2026-07-07T23:16:30.634288,2026-07-07T23:16:30.641963+00:00,136.3,89,bid,,,11422609
2026-07-07T23:16:30.712207,2026-07-07T23:16:30.723616+00:00,136.6,23,ask,,,11422610
2026-07-07T23:16:31.688627,2026-07-07T23:16:31.695535+00:00,137.1,49,bid,,,11422631
2026-07-07T23:16:31.743470,2026-07-07T23:16:31.758583+00:00,136.6,38,ask,,,11422633
2026-07-07T23:16:32.011705,2026-07-07T23:16:32.023408+00:00,137.1,50,bid,,,11422637
2026-07-07T23:16:33.797508,2026-07-07T23:16:33.806083+00:00,136.2,41,ask,,,11422662
2026-07-07T23:16:34.121084,2026-07-07T23:16:34.129745+00:00,136.7,50,bid,,,11422670
2026-07-07T23:16:36.231832,2026-07-07T23:16:36.242768+00:00,136.7,50,bid,,,11422704
2026-07-07T23:16:37.367693,2026-07-07T23:16:37.379197+00:00,136.8,42,bid,,,11422718
2026-07-07T23:16:38.337150,2026-07-07T23:16:38.348479+00:00,136.8,50,bid,,,11422735
2026-07-07T23:16:38.517335,2026-07-07T23:16:38.529110+00:00,136.8,8,bid,,,11422739
2026-07-07T23:16:38.517335,2026-07-07T23:16:38.529110+00:00,136.9,35,bid,,,11422740
2026-07-07T23:16:40.443174,2026-07-07T23:16:40.463930+00:00,137.1,50,bid,,,11422759
2026-07-07T23:16:41.686876,2026-07-07T23:16:41.698628+00:00,136.6,44,ask,,,11422777
2026-07-07T23:16:42.549850,2026-07-07T23:16:42.560413+00:00,137.1,50,bid,,,11422789
2026-07-07T23:16:42.625288,2026-07-07T23:16:42.634974+00:00,136.6,41,ask,,,11422791
2026-07-07T23:16:43.575367,2026-07-07T23:16:43.584021+00:00,136.8,14,ask,,,11422803
2026-07-07T23:16:44.262573,2026-07-07T23:16:44.274523+00:00,137.2,45,bid,,,11422809
2026-07-07T23:16:44.335544,2026-07-07T23:16:44.360128+00:00,136.8,48,ask,,,11422810
2026-07-07T23:16:44.654945,2026-07-07T23:16:44.658567+00:00,137.2,50,bid,,,11422816
2026-07-07T23:16:45.405888,2026-07-07T23:16:45.417456+00:00,137.2,42,bid,,,11422828
2026-07-07T23:16:45.461168,2026-07-07T23:16:45.472808+00:00,136.8,38,ask,,,11422830
2026-07-07T23:16:46.461961,2026-07-07T23:16:46.473872+00:00,137.0,100,bid,,,11422841
2026-07-07T23:16:46.508605,2026-07-07T23:16:46.520254+00:00,137.2,47,ask,,,11422842
2026-07-07T23:16:46.828537,2026-07-07T23:16:46.840378+00:00,137.2,3,ask,,,11422845
2026-07-07T23:16:46.828537,2026-07-07T23:16:46.840378+00:00,136.5,47,ask,,,11422846
2026-07-07T23:16:48.886523,2026-07-07T23:16:48.897867+00:00,137.7,50,bid,,,11422878
2026-07-07T23:16:50.248120,2026-07-07T23:16:50.258557+00:00,137.2,41,bid,,,11422891
2026-07-07T23:16:50.995356,2026-07-07T23:16:51.013660+00:00,137.2,50,bid,,,11422899
2026-07-07T23:16:51.321947,2026-07-07T23:16:51.329843+00:00,137.2,9,bid,,,11422904
2026-07-07T23:16:51.321947,2026-07-07T23:16:51.329843+00:00,137.4,33,bid,,,11422905
2026-07-07T23:16:52.512574,2026-07-07T23:16:52.524174+00:00,137.4,40,bid,,,11422914
2026-07-07T23:16:52.803853,2026-07-07T23:16:52.843936+00:00,137.5,14,ask,,,11422922
2026-07-07T23:16:53.110478,2026-07-07T23:16:53.118021+00:00,137.8,50,bid,,,11422926
2026-07-07T23:16:55.246587,2026-07-07T23:16:55.256741+00:00,137.8,50,bid,,,11422946
2026-07-07T23:16:57.277965,2026-07-07T23:16:57.289356+00:00,137.4,45,ask,,,11422977
2026-07-07T23:16:57.355919,2026-07-07T23:16:57.367654+00:00,137.8,50,bid,,,11422978
2026-07-07T23:16:59.484776,2026-07-07T23:16:59.495790+00:00,138.0,50,bid,,,11423001
2026-07-07T23:17:01.592224,2026-07-07T23:17:01.604050+00:00,138.0,50,bid,,,11423031
2026-07-07T23:17:01.986487,2026-07-07T23:17:01.994710+00:00,138.0,12,ask,,,11423043
2026-07-07T23:17:02.370644,2026-07-07T23:17:02.379807+00:00,138.0,49,ask,,,11423050
2026-07-07T23:17:03.512022,2026-07-07T23:17:03.523993+00:00,138.0,39,ask,,,11423068
2026-07-07T23:17:03.512022,2026-07-07T23:17:03.523993+00:00,137.8,9,ask,,,11423069
2026-07-07T23:17:03.701617,2026-07-07T23:17:03.711658+00:00,138.3,50,bid,,,11423071
2026-07-07T23:17:06.808028,2026-07-07T23:17:06.815581+00:00,138.1,49,bid,,,11423107
2026-07-07T23:17:07.961233,2026-07-07T23:17:07.972538+00:00,137.9,50,ask,,,11423116
2026-07-07T23:17:08.792331,2026-07-07T23:17:08.803698+00:00,138.2,48,bid,,,11423134
2026-07-07T23:17:09.884546,2026-07-07T23:17:09.892780+00:00,137.8,11,ask,,,11423150
2026-07-07T23:17:10.067567,2026-07-07T23:17:10.078981+00:00,137.8,50,ask,,,11423152
2026-07-07T23:17:12.193947,2026-07-07T23:17:12.204436+00:00,137.6,50,ask,,,11423181
2026-07-07T23:17:12.422543,2026-07-07T23:17:12.433994+00:00,137.6,49,ask,,,11423185
2026-07-07T23:17:12.845709,2026-07-07T23:17:12.854282+00:00,137.8,11,bid,,,11423193
2026-07-07T23:17:12.949889,2026-07-07T23:17:12.958562+00:00,137.6,40,ask,,,11423197
2026-07-07T23:17:14.300488,2026-07-07T23:17:14.312437+00:00,137.6,11,ask,,,11423218
2026-07-07T23:17:14.300488,2026-07-07T23:17:14.312437+00:00,137.3,39,ask,,,11423219
2026-07-07T23:17:16.282870,2026-07-07T23:17:16.294642+00:00,137.8,44,bid,,,11423250
2026-07-07T23:17:16.410632,2026-07-07T23:17:16.417634+00:00,137.5,50,ask,,,11423256
2026-07-07T23:17:16.777732,2026-07-07T23:17:16.789525+00:00,137.5,43,ask,,,11423262
2026-07-07T23:17:17.860023,2026-07-07T23:17:17.869001+00:00,137.5,12,bid,,,11423280
2026-07-07T23:17:18.516100,2026-07-07T23:17:18.523367+00:00,137.3,50,ask,,,11423289
2026-07-07T23:17:20.623066,2026-07-07T23:17:20.634959+00:00,137.3,50,ask,,,11423315
2026-07-07T23:17:21.330892,2026-07-07T23:17:21.341246+00:00,137.4,11,bid,,,11423324
2026-07-07T23:17:22.732105,2026-07-07T23:17:22.738947+00:00,137.0,50,ask,,,11423347
2026-07-07T23:17:24.784343,2026-07-07T23:17:24.791466+00:00,137.4,45,bid,,,11423381
2026-07-07T23:17:27.402089,2026-07-07T23:17:27.416632+00:00,137.5,42,bid,,,11423418
2026-07-07T23:17:28.313434,2026-07-07T23:17:28.323302+00:00,137.5,3,bid,,,11423433
2026-07-07T23:17:29.053791,2026-07-07T23:17:29.065543+00:00,137.0,50,ask,,,11423439
2026-07-07T23:17:31.161236,2026-07-07T23:17:31.172657+00:00,137.4,50,ask,,,11423469
2026-07-07T23:17:31.480282,2026-07-07T23:17:31.491810+00:00,137.4,43,ask,,,11423474
2026-07-07T23:17:35.370415,2026-07-07T23:17:35.381884+00:00,137.1,50,ask,,,11423523
2026-07-07T23:17:37.477909,2026-07-07T23:17:37.489342+00:00,137.2,50,ask,,,11423544
2026-07-07T23:17:40.307780,2026-07-07T23:17:40.316739+00:00,137.4,3,bid,,,11423570
2026-07-07T23:17:41.264356,2026-07-07T23:17:41.273564+00:00,137.4,23,bid,,,11423581
2026-07-07T23:17:41.639352,2026-07-07T23:17:41.646683+00:00,137.4,50,bid,,,11423592
2026-07-07T23:17:41.958345,2026-07-07T23:17:41.968963+00:00,137.4,44,bid,,,11423596
2026-07-07T23:17:43.405203,2026-07-07T23:17:43.416737+00:00,137.6,100,bid,,,11423611
2026-07-07T23:17:43.472540,2026-07-07T23:17:43.480582+00:00,137.6,12,ask,,,11423613
2026-07-07T23:17:43.797675,2026-07-07T23:17:43.806006+00:00,137.6,38,ask,,,11423617
2026-07-07T23:17:43.797675,2026-07-07T23:17:43.806006+00:00,137.1,12,ask,,,11423618
2026-07-07T23:17:45.854362,2026-07-07T23:17:45.866076+00:00,138.1,50,bid,,,11423652
2026-07-07T23:17:47.209917,2026-07-07T23:17:47.221390+00:00,137.5,45,ask,,,11423676
2026-07-07T23:17:48.018390,2026-07-07T23:17:48.026916+00:00,137.5,50,ask,,,11423691
2026-07-07T23:17:48.765465,2026-07-07T23:17:48.776992+00:00,137.6,42,bid,,,11423700
2026-07-07T23:17:48.820616,2026-07-07T23:17:48.832351+00:00,137.5,5,ask,,,11423701
2026-07-07T23:17:50.941212,2026-07-07T23:17:50.949844+00:00,137.7,11,ask,,,11423721
2026-07-07T23:17:51.544830,2026-07-07T23:17:51.553572+00:00,137.7,3,ask,,,11423731
2026-07-07T23:17:52.182862,2026-07-07T23:17:52.190124+00:00,137.9,50,bid,,,11423742
2026-07-07T23:17:52.945978,2026-07-07T23:17:52.958600+00:00,137.5,100,ask,,,11423752
2026-07-07T23:17:53.305603,2026-07-07T23:17:53.314525+00:00,137.3,3,bid,,,11423755
2026-07-07T23:17:53.621051,2026-07-07T23:17:53.632528+00:00,137.3,47,bid,,,11423758
2026-07-07T23:17:54.341892,2026-07-07T23:17:54.358572+00:00,136.8,50,ask,,,11423766
2026-07-07T23:17:55.502102,2026-07-07T23:17:55.513838+00:00,136.8,48,ask,,,11423779
2026-07-07T23:17:56.449682,2026-07-07T23:17:56.461108+00:00,137.0,50,ask,,,11423790
2026-07-07T23:17:56.623697,2026-07-07T23:17:56.635216+00:00,137.0,42,ask,,,11423795
2026-07-07T23:17:57.703682,2026-07-07T23:17:57.710313+00:00,137.0,40,ask,,,11423811
2026-07-07T23:17:58.505378,2026-07-07T23:17:58.517065+00:00,137.3,50,bid,,,11423824
2026-07-07T23:17:59.285660,2026-07-07T23:17:59.295686+00:00,137.1,11,bid,,,11423831
2026-07-07T23:17:59.435090,2026-07-07T23:17:59.444554+00:00,137.1,48,bid,,,11423833
2026-07-07T23:17:59.880449,2026-07-07T23:17:59.888909+00:00,137.1,12,bid,,,11423837
2026-07-07T23:18:00.047883,2026-07-07T23:18:00.058557+00:00,136.9,48,ask,,,11423841
2026-07-07T23:18:00.698111,2026-07-07T23:18:00.705092+00:00,136.9,50,ask,,,11423852
2026-07-07T23:18:02.805171,2026-07-07T23:18:02.816960+00:00,137.1,50,ask,,,11423885
2026-07-07T23:18:04.773447,2026-07-07T23:18:04.785127+00:00,137.3,44,bid,,,11423914
2026-07-07T23:18:04.897131,2026-07-07T23:18:04.915602+00:00,137.1,12,ask,,,11423919
2026-07-07T23:18:04.958913,2026-07-07T23:18:04.965791+00:00,137.1,50,ask,,,11423921
2026-07-07T23:18:05.141703,2026-07-07T23:18:05.151628+00:00,137.1,11,ask,,,11423926
2026-07-07T23:18:05.334219,2026-07-07T23:18:05.345664+00:00,137.1,27,ask,,,11423931
2026-07-07T23:18:05.621306,2026-07-07T23:18:05.629864+00:00,136.5,46,bid,,,11423937
2026-07-07T23:18:06.448115,2026-07-07T23:18:06.459467+00:00,136.5,11,bid,,,11423947
2026-07-07T23:18:07.015079,2026-07-07T23:18:07.026559+00:00,136.5,50,bid,,,11423956
2026-07-07T23:18:07.766048,2026-07-07T23:18:07.774061+00:00,136.5,11,bid,,,11423971
2026-07-07T23:18:08.445613,2026-07-07T23:18:08.458580+00:00,136.5,32,bid,,,11423976
2026-07-07T23:18:08.733026,2026-07-07T23:18:08.742038+00:00,136.8,11,ask,,,11423980
2026-07-07T23:18:08.972391,2026-07-07T23:18:08.979965+00:00,136.8,42,ask,,,11423987
2026-07-07T23:18:09.108191,2026-07-07T23:18:09.131227+00:00,136.8,11,ask,,,11423989
2026-07-07T23:18:09.602128,2026-07-07T23:18:09.613583+00:00,137.2,46,bid,,,11424004
2026-07-07T23:18:10.211678,2026-07-07T23:18:10.223255+00:00,137.2,41,bid,,,11424008
2026-07-07T23:18:11.230760,2026-07-07T23:18:11.242333+00:00,137.2,13,bid,,,11424017
2026-07-07T23:18:11.230760,2026-07-07T23:18:11.242333+00:00,137.3,37,bid,,,11424018
2026-07-07T23:18:12.235005,2026-07-07T23:18:12.244879+00:00,136.8,12,ask,,,11424030
2026-07-07T23:18:12.291347,2026-07-07T23:18:12.302750+00:00,136.8,45,ask,,,11424033
2026-07-07T23:18:13.296439,2026-07-07T23:18:13.304707+00:00,137.1,47,bid,,,11424048
2026-07-07T23:18:13.354361,2026-07-07T23:18:13.365121+00:00,137.1,50,bid,,,11424050
2026-07-07T23:18:14.332374,2026-07-07T23:18:14.340040+00:00,136.8,11,ask,,,11424062
2026-07-07T23:18:17.094175,2026-07-07T23:18:17.102183+00:00,136.8,12,ask,,,11424090
2026-07-07T23:18:17.607788,2026-07-07T23:18:17.617257+00:00,136.9,50,bid,,,11424094
2026-07-07T23:18:19.714938,2026-07-07T23:18:19.726913+00:00,137.0,50,bid,,,11424124
2026-07-07T23:18:20.949542,2026-07-07T23:18:20.958153+00:00,136.7,11,ask,,,11424134
2026-07-07T23:18:21.216268,2026-07-07T23:18:21.225195+00:00,136.7,46,ask,,,11424142
2026-07-07T23:18:21.823797,2026-07-07T23:18:21.831124+00:00,136.8,50,bid,,,11424147
2026-07-07T23:18:23.929606,2026-07-07T23:18:23.941467+00:00,136.8,50,bid,,,11424171
2026-07-07T23:18:26.089245,2026-07-07T23:18:26.100495+00:00,136.7,50,ask,,,11424191
2026-07-07T23:18:27.288138,2026-07-07T23:18:27.300669+00:00,136.7,43,ask,,,11424202
2026-07-07T23:18:28.195158,2026-07-07T23:18:28.204112+00:00,136.6,50,ask,,,11424217
2026-07-07T23:18:30.316894,2026-07-07T23:18:30.325469+00:00,136.6,50,ask,,,11424235
2026-07-07T23:18:31.302258,2026-07-07T23:18:31.313837+00:00,136.8,42,bid,,,11424252
2026-07-07T23:18:32.423088,2026-07-07T23:18:32.434638+00:00,136.4,50,ask,,,11424259
2026-07-07T23:18:34.539917,2026-07-07T23:18:34.551541+00:00,136.5,50,ask,,,11424280
2026-07-07T23:18:35.593320,2026-07-07T23:18:35.603950+00:00,136.5,45,ask,,,11424291
2026-07-07T23:18:36.217698,2026-07-07T23:18:36.224723+00:00,136.8,48,bid,,,11424296
2026-07-07T23:18:36.647029,2026-07-07T23:18:36.656008+00:00,136.5,5,ask,,,11424301
2026-07-07T23:18:36.647029,2026-07-07T23:18:36.656008+00:00,136.3,45,ask,,,11424302
2026-07-07T23:18:37.272787,2026-07-07T23:18:37.284376+00:00,136.6,41,bid,,,11424317
2026-07-07T23:18:37.720663,2026-07-07T23:18:37.729307+00:00,136.6,11,bid,,,11424324
2026-07-07T23:18:38.461778,2026-07-07T23:18:38.473548+00:00,136.1,44,ask,,,11424337
2026-07-07T23:18:38.782083,2026-07-07T23:18:38.791002+00:00,136.1,50,ask,,,11424339
2026-07-07T23:18:40.131851,2026-07-07T23:18:40.140747+00:00,136.6,12,bid,,,11424353
2026-07-07T23:18:40.157241,2026-07-07T23:18:40.165956+00:00,136.5,11,bid,,,11424355
2026-07-07T23:18:40.185031,2026-07-07T23:18:40.196604+00:00,136.5,43,bid,,,11424357
2026-07-07T23:18:40.889632,2026-07-07T23:18:40.901082+00:00,136.3,50,ask,,,11424369
2026-07-07T23:18:42.998220,2026-07-07T23:18:43.009662+00:00,136.3,50,ask,,,11424396
2026-07-07T23:18:43.648579,2026-07-07T23:18:43.652840+00:00,136.2,100,ask,,,11424405
2026-07-07T23:18:44.595400,2026-07-07T23:18:44.604888+00:00,136.1,12,bid,,,11424423
2026-07-07T23:18:44.977052,2026-07-07T23:18:44.985393+00:00,136.1,11,bid,,,11424431
2026-07-07T23:18:45.106132,2026-07-07T23:18:45.117760+00:00,135.6,50,ask,,,11424434
2026-07-07T23:18:45.247010,2026-07-07T23:18:45.254041+00:00,136.1,27,bid,,,11424437
2026-07-07T23:18:45.898689,2026-07-07T23:18:45.905259+00:00,135.6,48,ask,,,11424444
2026-07-07T23:18:49.321388,2026-07-07T23:18:49.333062+00:00,135.9,50,ask,,,11424480
2026-07-07T23:18:51.424553,2026-07-07T23:18:51.436317+00:00,136.2,42,bid,,,11424504
2026-07-07T23:18:51.430638,2026-07-07T23:18:51.441477+00:00,135.9,50,ask,,,11424505
2026-07-07T23:18:53.485245,2026-07-07T23:18:53.496520+00:00,136.2,50,bid,,,11424530
2026-07-07T23:18:53.748138,2026-07-07T23:18:53.758584+00:00,136.0,48,ask,,,11424537
2026-07-07T23:18:55.643445,2026-07-07T23:18:55.650312+00:00,136.0,50,ask,,,11424560
