timestamp,recv_time,price,volume,aggressor_side,buyer,seller,trade_id
2026-07-02T09:00:00.565184,2026-07-02T09:00:00.528342+00:00,118.4,50,ask,DiligentDonuts,FlawlessFlatbreads,3853673
2026-07-02T09:00:02.698471,2026-07-02T09:00:02.710268+00:00,118.4,50,ask,DiligentDonuts,FlawlessFlatbreads,3853709
2026-07-02T09:00:03.970477,2026-07-02T09:00:03.980301+00:00,118.6,44,bid,CostlyCorianders,EarnestEspressos,3853728
2026-07-02T09:00:04.572680,2026-07-02T09:00:04.584484+00:00,118.6,45,bid,CostlyCorianders,EarnestEspressos,3853742
2026-07-02T09:00:04.823326,2026-07-02T09:00:04.835043+00:00,118.1,50,ask,EarnestEspressos,FlawlessFlatbreads,3853746
2026-07-02T09:00:06.224867,2026-07-02T09:00:06.233239+00:00,118.6,44,bid,CostlyCorianders,DiligentDonuts,3853774
2026-07-02T09:00:06.279673,2026-07-02T09:00:06.291475+00:00,118.3,49,ask,EarnestEspressos,CostlyCorianders,3853775
2026-07-02T09:00:06.812222,2026-07-02T09:00:06.823862+00:00,118.6,42,bid,CostlyCorianders,DiligentDonuts,3853782
2026-07-02T09:00:06.931413,2026-07-02T09:00:06.939739+00:00,118.3,50,ask,EarnestEspressos,FlawlessFlatbreads,3853786
2026-07-02T09:00:06.971653,2026-07-02T09:00:06.978803+00:00,118.6,14,bid,Lachlan Han,DiligentDonuts,3853790
2026-07-02T09:00:08.854169,2026-07-02T09:00:08.853182+00:00,118.4,100,ask,DiligentDonuts,EarnestEspressos,3853818
2026-07-02T09:00:08.859656,2026-07-02T09:00:08.869305+00:00,118.2,14,bid,Xuanyu Liu,EarnestEspressos,3853819
2026-07-02T09:00:09.020194,2026-07-02T09:00:09.032869+00:00,118.2,12,bid,Xuanyu Liu,EarnestEspressos,3853825
2026-07-02T09:00:09.072492,2026-07-02T09:00:09.085550+00:00,117.7,50,ask,EarnestEspressos,FlawlessFlatbreads,3853827
2026-07-02T09:00:09.183751,2026-07-02T09:00:09.191290+00:00,118.2,2,bid,Lachlan Han,EarnestEspressos,3853830
2026-07-02T09:00:09.187076,2026-07-02T09:00:09.196923+00:00,117.7,41,ask,EarnestEspressos,CostlyCorianders,3853831
2026-07-02T09:00:09.408679,2026-07-02T09:00:09.416845+00:00,118.2,3,bid,Kelvin Chan,EarnestEspressos,3853834
2026-07-02T09:00:09.617435,2026-07-02T09:00:09.625245+00:00,118.2,3,bid,Lachlan Han,EarnestEspressos,3853837
2026-07-02T09:00:09.849918,2026-07-02T09:00:09.860211+00:00,118.2,3,bid,Kelvin Chan,EarnestEspressos,3853842
2026-07-02T09:00:09.906726,2026-07-02T09:00:09.914376+00:00,118.2,3,bid,Kelvin Chan,EarnestEspressos,3853843
2026-07-02T09:00:10.016113,2026-07-02T09:00:10.027452+00:00,118.2,3,bid,Kelvin Chan,EarnestEspressos,3853846
2026-07-02T09:00:11.179808,2026-07-02T09:00:11.191535+00:00,118.1,50,ask,DiligentDonuts,FlawlessFlatbreads,3853880
2026-07-02T09:00:11.431810,2026-07-02T09:00:11.448734+00:00,118.2,7,bid,Xuanyu Liu,EarnestEspressos,3853894
2026-07-02T09:00:13.046444,2026-07-02T09:00:13.063651+00:00,118.6,5,bid,CostlyCorianders,Kelvin Chan,3853923
2026-07-02T09:00:13.046444,2026-07-02T09:00:13.063651+00:00,118.6,35,bid,CostlyCorianders,DiligentDonuts,3853924
2026-07-02T09:00:13.309813,2026-07-02T09:00:13.321479+00:00,118.2,50,ask,EarnestEspressos,FlawlessFlatbreads,3853927
2026-07-02T09:00:13.620402,2026-07-02T09:00:13.631922+00:00,118.6,43,bid,CostlyCorianders,DiligentDonuts,3853928
2026-07-02T09:00:14.077917,2026-07-02T09:00:14.086304+00:00,118.2,40,ask,EarnestEspressos,CostlyCorianders,3853945
2026-07-02T09:00:15.209711,2026-07-02T09:00:15.221573+00:00,118.3,100,ask,DiligentDonuts,EarnestEspressos,3853967
2026-07-02T09:00:15.417077,2026-07-02T09:00:15.428621+00:00,117.8,50,ask,EarnestEspressos,FlawlessFlatbreads,3853970
2026-07-02T09:00:15.785877,2026-07-02T09:00:15.797421+00:00,118.3,46,bid,CostlyCorianders,EarnestEspressos,3853973
2026-07-02T09:00:15.838134,2026-07-02T09:00:15.845233+00:00,118.3,4,bid,Lachlan Han,EarnestEspressos,3853975
2026-07-02T09:00:17.545709,2026-07-02T09:00:17.552828+00:00,118.3,9,ask,Kelvin Chan,FlawlessFlatbreads,3854013
2026-07-02T09:00:17.545709,2026-07-02T09:00:17.558102+00:00,118.2,41,ask,DiligentDonuts,FlawlessFlatbreads,3854014
2026-07-02T09:00:19.655796,2026-07-02T09:00:19.658607+00:00,118.3,7,ask,Kelvin Chan,FlawlessFlatbreads,3854061
2026-07-02T09:00:19.655796,2026-07-02T09:00:19.668917+00:00,118.2,43,ask,DiligentDonuts,FlawlessFlatbreads,3854062
2026-07-02T09:00:21.771077,2026-07-02T09:00:21.782786+00:00,118.3,8,ask,Kelvin Chan,FlawlessFlatbreads,3854102
2026-07-02T09:00:21.771077,2026-07-02T09:00:21.782786+00:00,118.3,42,ask,EarnestEspressos,FlawlessFlatbreads,3854103
2026-07-02T09:00:22.859486,2026-07-02T09:00:22.868691+00:00,118.4,4,bid,Xuanyu Liu,DiligentDonuts,3854122
2026-07-02T09:00:23.701150,2026-07-02T09:00:23.711537+00:00,118.3,47,ask,EarnestEspressos,CostlyCorianders,3854147
2026-07-02T09:00:23.879644,2026-07-02T09:00:23.888438+00:00,118.3,50,ask,EarnestEspressos,FlawlessFlatbreads,3854151
2026-07-02T09:00:24.696810,2026-07-02T09:00:24.704187+00:00,118.2,5,ask,Kelvin Chan,EarnestEspressos,3854183
2026-07-02T09:00:24.780128,2026-07-02T09:00:24.791400+00:00,118.0,46,ask,DiligentDonuts,CostlyCorianders,3854191
2026-07-02T09:00:26.343632,2026-07-02T09:00:26.358641+00:00,118.2,42,bid,CostlyCorianders,EarnestEspressos,3854212
2026-07-02T09:00:26.912825,2026-07-02T09:00:26.924568+00:00,118.2,47,bid,CostlyCorianders,EarnestEspressos,3854220
2026-07-02T09:00:27.178962,2026-07-02T09:00:27.187645+00:00,118.1,12,bid,Xuanyu Liu,DiligentDonuts,3854228
2026-07-02T09:00:28.042716,2026-07-02T09:00:28.064283+00:00,118.1,50,bid,FlawlessFlatbreads,DiligentDonuts,3854246
2026-07-02T09:00:28.105012,2026-07-02T09:00:28.113258+00:00,118.1,22,bid,Xuanyu Liu,DiligentDonuts,3854249
2026-07-02T09:00:28.775918,2026-07-02T09:00:28.785561+00:00,118.1,6,bid,Kelvin Chan,DiligentDonuts,3854265
2026-07-02T09:00:28.870880,2026-07-02T09:00:28.879909+00:00,118.1,6,bid,Kelvin Chan,DiligentDonuts,3854266
2026-07-02T09:00:29.100204,2026-07-02T09:00:29.111501+00:00,118.1,4,bid,Kelvin Chan,DiligentDonuts,3854277
2026-07-02T09:00:30.203203,2026-07-02T09:00:30.210854+00:00,118.1,1,ask,Kelvin Chan,FlawlessFlatbreads,3854297
2026-07-02T09:00:30.203203,2026-07-02T09:00:30.216059+00:00,118.1,49,ask,DiligentDonuts,FlawlessFlatbreads,3854298
2026-07-02T09:00:32.259115,2026-07-02T09:00:32.270643+00:00,118.5,2,bid,FlawlessFlatbreads,Kelvin Chan,3854348
2026-07-02T09:00:32.259115,2026-07-02T09:00:32.270643+00:00,118.6,48,bid,FlawlessFlatbreads,DiligentDonuts,3854349
2026-07-02T09:00:34.436327,2026-07-02T09:00:34.446176+00:00,118.4,50,ask,EarnestEspressos,FlawlessFlatbreads,3854403
2026-07-02T09:00:34.612479,2026-07-02T09:00:34.621833+00:00,118.4,43,ask,EarnestEspressos,CostlyCorianders,3854413
2026-07-02T09:00:36.491906,2026-07-02T09:00:36.501012+00:00,118.8,50,bid,FlawlessFlatbreads,DiligentDonuts,3854452
2026-07-02T09:00:38.481277,2026-07-02T09:00:38.492834+00:00,118.3,46,ask,DiligentDonuts,CostlyCorianders,3854489
2026-07-02T09:00:38.598146,2026-07-02T09:00:38.610483+00:00,118.5,50,bid,FlawlessFlatbreads,EarnestEspressos,3854494
2026-07-02T09:00:38.601585,2026-07-02T09:00:38.610483+00:00,118.3,11,ask,DiligentDonuts,Xuanyu Liu,3854495
2026-07-02T09:00:40.704451,2026-07-02T09:00:40.715153+00:00,118.6,50,bid,FlawlessFlatbreads,DiligentDonuts,3854528
2026-07-02T09:00:42.811170,2026-07-02T09:00:42.822399+00:00,118.5,1,bid,FlawlessFlatbreads,Kelvin Chan,3854562
2026-07-02T09:00:42.811170,2026-07-02T09:00:42.822399+00:00,118.6,49,bid,FlawlessFlatbreads,EarnestEspressos,3854563
2026-07-02T09:00:43.025204,2026-07-02T09:00:43.037333+00:00,118.5,2,bid,CostlyCorianders,Kelvin Chan,3854571
2026-07-02T09:00:43.025204,2026-07-02T09:00:43.037333+00:00,118.6,39,bid,CostlyCorianders,EarnestEspressos,3854572
2026-07-02T09:00:43.661693,2026-07-02T09:00:43.670911+00:00,118.4,11,ask,EarnestEspressos,Xuanyu Liu,3854582
2026-07-02T09:00:45.001144,2026-07-02T09:00:45.008334+00:00,118.5,1,bid,CostlyCorianders,Kelvin Chan,3854616
2026-07-02T09:00:45.001144,2026-07-02T09:00:45.013538+00:00,118.6,40,bid,CostlyCorianders,DiligentDonuts,3854617
2026-07-02T09:00:45.055174,2026-07-02T09:00:45.058571+00:00,118.4,45,ask,EarnestEspressos,CostlyCorianders,3854618
2026-07-02T09:00:46.046130,2026-07-02T09:00:46.063671+00:00,118.4,46,ask,EarnestEspressos,CostlyCorianders,3854645
2026-07-02T09:00:46.701793,2026-07-02T09:00:46.709965+00:00,118.4,12,ask,EarnestEspressos,Xuanyu Liu,3854654
2026-07-02T09:00:46.859370,2026-07-02T09:00:46.871188+00:00,118.3,100,ask,DiligentDonuts,EarnestEspressos,3854660
2026-07-02T09:00:47.019973,2026-07-02T09:00:47.031715+00:00,118.3,50,bid,FlawlessFlatbreads,EarnestEspressos,3854663
2026-07-02T09:00:49.126670,2026-07-02T09:00:49.138044+00:00,118.5,3,bid,FlawlessFlatbreads,Kelvin Chan,3854696
2026-07-02T09:00:49.126670,2026-07-02T09:00:49.138044+00:00,118.6,47,bid,FlawlessFlatbreads,DiligentDonuts,3854697
2026-07-02T09:00:49.969133,2026-07-02T09:00:49.980628+00:00,118.5,2,bid,EarnestEspressos,Kelvin Chan,3854713
2026-07-02T09:00:50.102413,2026-07-02T09:00:50.114110+00:00,118.5,41,ask,EarnestEspressos,CostlyCorianders,3854714
2026-07-02T09:00:50.575436,2026-07-02T09:00:50.587262+00:00,118.5,2,ask,EarnestEspressos,Kelvin Chan,3854720
2026-07-02T09:00:51.284636,2026-07-02T09:00:51.296413+00:00,118.5,50,ask,EarnestEspressos,FlawlessFlatbreads,3854732
2026-07-02T09:00:51.495859,2026-07-02T09:00:51.504751+00:00,118.5,2,ask,EarnestEspressos,Kelvin Chan,3854739
2026-07-02T09:00:53.340333,2026-07-02T09:00:53.352238+00:00,118.6,1,bid,FlawlessFlatbreads,Kelvin Chan,3854768
2026-07-02T09:00:53.340333,2026-07-02T09:00:53.352238+00:00,118.6,49,bid,FlawlessFlatbreads,EarnestEspressos,3854769
2026-07-02T09:00:57.553325,2026-07-02T09:00:57.565157+00:00,118.5,50,bid,FlawlessFlatbreads,DiligentDonuts,3854848
2026-07-02T09:00:59.661053,2026-07-02T09:00:59.670321+00:00,118.6,1,bid,FlawlessFlatbreads,Kelvin Chan,3854889
2026-07-02T09:00:59.661053,2026-07-02T09:00:59.670321+00:00,118.6,49,bid,FlawlessFlatbreads,DiligentDonuts,3854890
2026-07-02T09:01:01.777767,2026-07-02T09:01:01.787176+00:00,118.8,50,bid,FlawlessFlatbreads,EarnestEspressos,3854934
2026-07-02T09:01:01.842823,2026-07-02T09:01:01.863805+00:00,118.8,47,bid,CostlyCorianders,EarnestEspressos,3854936
2026-07-02T09:01:02.637303,2026-07-02T09:01:02.646872+00:00,118.7,23,ask,EarnestEspressos,Xuanyu Liu,3854953
2026-07-02T09:01:03.936626,2026-07-02T09:01:03.948146+00:00,118.7,50,ask,EarnestEspressos,FlawlessFlatbreads,3854990
2026-07-02T09:01:04.731828,2026-07-02T09:01:04.743556+00:00,118.9,42,bid,CostlyCorianders,DiligentDonuts,3854998
2026-07-02T09:01:05.719527,2026-07-02T09:01:05.731025+00:00,118.7,47,ask,EarnestEspressos,CostlyCorianders,3855019
2026-07-02T09:01:05.992252,2026-07-02T09:01:06.004013+00:00,118.8,50,bid,FlawlessFlatbreads,EarnestEspressos,3855027
2026-07-02T09:01:08.015283,2026-07-02T09:01:08.024205+00:00,118.8,45,bid,CostlyCorianders,EarnestEspressos,3855075
2026-07-02T09:01:08.069136,2026-07-02T09:01:08.075979+00:00,118.7,49,ask,DiligentDonuts,CostlyCorianders,3855076
2026-07-02T09:01:08.801801,2026-07-02T09:01:08.810416+00:00,118.7,11,ask,DiligentDonuts,Xuanyu Liu,3855084
2026-07-02T09:01:09.187535,2026-07-02T09:01:09.198635+00:00,118.7,40,ask,DiligentDonuts,CostlyCorianders,3855096
2026-07-02T09:01:09.187535,2026-07-02T09:01:09.198635+00:00,118.5,1,ask,EarnestEspressos,CostlyCorianders,3855097
2026-07-02T09:01:10.204782,2026-07-02T09:01:10.215297+00:00,119.0,50,bid,FlawlessFlatbreads,EarnestEspressos,3855120
2026-07-02T09:01:11.296732,2026-07-02T09:01:11.306493+00:00,118.8,42,bid,CostlyCorianders,DiligentDonuts,3855140
2026-07-02T09:01:12.112441,2026-07-02T09:01:12.123919+00:00,118.8,58,bid,EarnestEspressos,DiligentDonuts,3855155
2026-07-02T09:01:12.362139,2026-07-02T09:01:12.374227+00:00,118.8,50,ask,EarnestEspressos,FlawlessFlatbreads,3855159
2026-07-02T09:01:14.418513,2026-07-02T09:01:14.427034+00:00,119.2,50,bid,FlawlessFlatbreads,DiligentDonuts,3855218
2026-07-02T09:01:15.495738,2026-07-02T09:01:15.507762+00:00,118.7,49,ask,DiligentDonuts,CostlyCorianders,3855231
2026-07-02T09:01:16.579490,2026-07-02T09:01:16.590987+00:00,118.7,50,ask,DiligentDonuts,FlawlessFlatbreads,3855257
2026-07-02T09:01:17.433833,2026-07-02T09:01:17.445534+00:00,118.9,45,bid,CostlyCorianders,EarnestEspressos,3855286
2026-07-02T09:01:20.740367,2026-07-02T09:01:20.751882+00:00,119.0,50,bid,FlawlessFlatbreads,DiligentDonuts,3855353
2026-07-02T09:01:22.078088,2026-07-02T09:01:22.089597+00:00,119.0,48,bid,CostlyCorianders,DiligentDonuts,3855374
2026-07-02T09:01:22.862001,2026-07-02T09:01:22.869572+00:00,119.0,2,bid,FlawlessFlatbreads,DiligentDonuts,3855394
2026-07-02T09:01:22.862001,2026-07-02T09:01:22.874816+00:00,119.1,48,bid,FlawlessFlatbreads,EarnestEspressos,3855395
2026-07-02T09:01:24.505229,2026-07-02T09:01:24.517960+00:00,118.8,3,ask,DiligentDonuts,Xuanyu Liu,3855430
2026-07-02T09:01:24.974106,2026-07-02T09:01:24.982240+00:00,119.2,50,bid,FlawlessFlatbreads,EarnestEspressos,3855440
2026-07-02T09:01:26.189680,2026-07-02T09:01:26.199493+00:00,118.8,43,ask,DiligentDonuts,CostlyCorianders,3855458
2026-07-02T09:01:27.135108,2026-07-02T09:01:27.144906+00:00,118.7,50,ask,EarnestEspressos,FlawlessFlatbreads,3855468
2026-07-02T09:01:27.157145,2026-07-02T09:01:27.169060+00:00,118.7,45,ask,EarnestEspressos,CostlyCorianders,3855470
2026-07-02T09:01:29.243082,2026-07-02T09:01:29.268731+00:00,118.6,6,ask,Kelvin Chan,FlawlessFlatbreads,3855504
2026-07-02T09:01:29.243082,2026-07-02T09:01:29.268731+00:00,118.5,44,ask,DiligentDonuts,FlawlessFlatbreads,3855505
2026-07-02T09:01:29.781771,2026-07-02T09:01:29.793958+00:00,119.0,48,bid,CostlyCorianders,DiligentDonuts,3855514
2026-07-02T09:01:31.357489,2026-07-02T09:01:31.374281+00:00,118.6,5,ask,Kelvin Chan,FlawlessFlatbreads,3855545
2026-07-02T09:01:31.357489,2026-07-02T09:01:31.374281+00:00,118.5,45,ask,DiligentDonuts,FlawlessFlatbreads,3855546
2026-07-02T09:01:33.464787,2026-07-02T09:01:33.476576+00:00,118.6,7,ask,Kelvin Chan,FlawlessFlatbreads,3855593
2026-07-02T09:01:33.464787,2026-07-02T09:01:33.476576+00:00,118.4,43,ask,EarnestEspressos,FlawlessFlatbreads,3855594
2026-07-02T09:01:33.660879,2026-07-02T09:01:33.671188+00:00,118.8,49,bid,CostlyCorianders,DiligentDonuts,3855596
2026-07-02T09:01:35.523197,2026-07-02T09:01:35.534815+00:00,118.8,50,bid,FlawlessFlatbreads,DiligentDonuts,3855628
2026-07-02T09:01:37.382748,2026-07-02T09:01:37.394533+00:00,118.7,47,ask,DiligentDonuts,CostlyCorianders,3855661
2026-07-02T09:01:38.036469,2026-07-02T09:01:38.050802+00:00,118.7,40,ask,DiligentDonuts,CostlyCorianders,3855678
2026-07-02T09:01:39.172182,2026-07-02T09:01:39.184058+00:00,118.8,43,bid,CostlyCorianders,EarnestEspressos,3855707
2026-07-02T09:01:39.825821,2026-07-02T09:01:39.835456+00:00,118.4,50,ask,DiligentDonuts,FlawlessFlatbreads,3855718
2026-07-02T09:01:40.264962,2026-07-02T09:01:40.272400+00:00,118.8,49,bid,CostlyCorianders,EarnestEspressos,3855719
2026-07-02T09:01:41.931385,2026-07-02T09:01:41.943040+00:00,118.6,50,ask,EarnestEspressos,FlawlessFlatbreads,3855753
2026-07-02T09:01:43.986888,2026-07-02T09:01:43.998903+00:00,118.8,50,bid,FlawlessFlatbreads,DiligentDonuts,3855786
2026-07-02T09:01:44.909768,2026-07-02T09:01:44.916387+00:00,118.5,2,ask,Kelvin Chan,CostlyCorianders,3855802
2026-07-02T09:01:44.909768,2026-07-02T09:01:44.921636+00:00,118.3,45,ask,DiligentDonuts,CostlyCorianders,3855803
2026-07-02T09:01:46.062079,2026-07-02T09:01:46.071364+00:00,118.6,40,bid,CostlyCorianders,DiligentDonuts,3855835
2026-07-02T09:01:46.146835,2026-07-02T09:01:46.158378+00:00,118.3,50,ask,EarnestEspressos,FlawlessFlatbreads,3855837
2026-07-02T09:01:46.581646,2026-07-02T09:01:46.591122+00:00,118.5,5,ask,Kelvin Chan,EarnestEspressos,3855839
2026-07-02T09:01:46.581646,2026-07-02T09:01:46.591122+00:00,118.3,38,ask,EarnestEspressos,CostlyCorianders,3855840
2026-07-02T09:01:46.962153,2026-07-02T09:01:46.974024+00:00,118.5,5,ask,Kelvin Chan,CostlyCorianders,3855842
2026-07-02T09:01:47.116207,2026-07-02T09:01:47.127692+00:00,118.5,5,bid,Kelvin Chan,EarnestEspressos,3855847
2026-07-02T09:01:48.252784,2026-07-02T09:01:48.264487+00:00,118.4,4,ask,Kelvin Chan,FlawlessFlatbreads,3855875
2026-07-02T09:01:50.126320,2026-07-02T09:01:50.135425+00:00,118.4,1,ask,Kelvin Chan,EarnestEspressos,3855920
2026-07-02T09:01:50.360179,2026-07-02T09:01:50.371627+00:00,118.2,50,ask,DiligentDonuts,FlawlessFlatbreads,3855926
2026-07-02T09:01:50.495424,2026-07-02T09:01:50.506899+00:00,118.2,43,ask,DiligentDonuts,CostlyCorianders,3855927
2026-07-02T09:01:50.743555,2026-07-02T09:01:50.752132+00:00,118.4,3,bid,Xuanyu Liu,EarnestEspressos,3855931
2026-07-02T09:01:51.663159,2026-07-02T09:01:51.674758+00:00,118.4,47,bid,CostlyCorianders,EarnestEspressos,3855947
2026-07-02T09:01:53.906517,2026-07-02T09:01:53.918179+00:00,118.1,42,ask,EarnestEspressos,CostlyCorianders,3855984
2026-07-02T09:01:54.517777,2026-07-02T09:01:54.529357+00:00,118.4,50,bid,FlawlessFlatbreads,DiligentDonuts,3855997
2026-07-02T09:01:56.676833,2026-07-02T09:01:56.687815+00:00,118.2,2,ask,Kelvin Chan,FlawlessFlatbreads,3856032
2026-07-02T09:01:57.539704,2026-07-02T09:01:57.551269+00:00,118.4,44,bid,CostlyCorianders,EarnestEspressos,3856057
2026-07-02T09:01:58.731701,2026-07-02T09:01:58.743377+00:00,118.4,50,bid,FlawlessFlatbreads,EarnestEspressos,3856078
2026-07-02T09:01:59.302594,2026-07-02T09:01:59.310810+00:00,118.4,11,bid,Xuanyu Liu,EarnestEspressos,3856094
2026-07-02T09:01:59.566730,2026-07-02T09:01:59.578351+00:00,118.5,1,bid,EarnestEspressos,Kelvin Chan,3856100
2026-07-02T09:02:00.785862,2026-07-02T09:02:00.797358+00:00,118.5,1,ask,EarnestEspressos,Kelvin Chan,3856116
2026-07-02T09:02:00.837508,2026-07-02T09:02:00.858599+00:00,118.7,50,bid,FlawlessFlatbreads,DiligentDonuts,3856117
2026-07-02T09:02:02.127464,2026-07-02T09:02:02.135621+00:00,118.5,1,ask,EarnestEspressos,Kelvin Chan,3856143
2026-07-02T09:02:02.968119,2026-07-02T09:02:02.979710+00:00,119.0,50,bid,FlawlessFlatbreads,DiligentDonuts,3856160
2026-07-02T09:02:04.458280,2026-07-02T09:02:04.469834+00:00,118.6,5,ask,EarnestEspressos,Kelvin Chan,3856182
2026-07-02T09:02:04.542735,2026-07-02T09:02:04.554131+00:00,118.6,4,ask,EarnestEspressos,Kelvin Chan,3856186
2026-07-02T09:02:04.764067,2026-07-02T09:02:04.771294+00:00,118.6,4,ask,EarnestEspressos,Kelvin Chan,3856188
2026-07-02T09:02:05.074357,2026-07-02T09:02:05.082563+00:00,118.7,4,bid,FlawlessFlatbreads,Kelvin Chan,3856190
2026-07-02T09:02:05.074357,2026-07-02T09:02:05.082563+00:00,119.1,46,bid,FlawlessFlatbreads,EarnestEspressos,3856191
2026-07-02T09:02:05.397549,2026-07-02T09:02:05.409357+00:00,118.7,3,bid,CostlyCorianders,Kelvin Chan,3856194
2026-07-02T09:02:05.896684,2026-07-02T09:02:05.908367+00:00,118.7,2,bid,CostlyCorianders,Kelvin Chan,3856214
2026-07-02T09:02:05.924336,2026-07-02T09:02:05.933118+00:00,118.8,14,ask,EarnestEspressos,Xuanyu Liu,3856216
2026-07-02T09:02:06.964755,2026-07-02T09:02:06.976274+00:00,119.1,48,bid,CostlyCorianders,DiligentDonuts,3856248
2026-07-02T09:02:07.188291,2026-07-02T09:02:07.199338+00:00,119.1,50,bid,FlawlessFlatbreads,DiligentDonuts,3856254
2026-07-02T09:02:09.295493,2026-07-02T09:02:09.307138+00:00,119.2,50,bid,FlawlessFlatbreads,EarnestEspressos,3856292
2026-07-02T09:02:10.702181,2026-07-02T09:02:10.715412+00:00,118.9,47,ask,DiligentDonuts,CostlyCorianders,3856314
2026-07-02T09:02:11.013945,2026-07-02T09:02:11.021672+00:00,118.9,3,ask,DiligentDonuts,Kelvin Chan,3856320
2026-07-02T09:02:11.241484,2026-07-02T09:02:11.251401+00:00,118.9,3,ask,DiligentDonuts,Kelvin Chan,3856322
2026-07-02T09:02:11.402233,2026-07-02T09:02:11.414145+00:00,119.2,50,bid,FlawlessFlatbreads,EarnestEspressos,3856324
2026-07-02T09:02:11.684500,2026-07-02T09:02:11.696688+00:00,119.0,3,ask,DiligentDonuts,Kelvin Chan,3856329
2026-07-02T09:02:11.917606,2026-07-02T09:02:11.926008+00:00,119.0,2,ask,DiligentDonuts,Kelvin Chan,3856331
2026-07-02T09:02:11.939746,2026-07-02T09:02:11.951337+00:00,119.0,47,ask,DiligentDonuts,CostlyCorianders,3856332
2026-07-02T09:02:12.246148,2026-07-02T09:02:12.256307+00:00,119.2,3,ask,EarnestEspressos,Xuanyu Liu,3856339
2026-07-02T09:02:12.311014,2026-07-02T09:02:12.322927+00:00,119.2,147,ask,EarnestEspressos,Alan Niu,3856341
2026-07-02T09:02:12.623046,2026-07-02T09:02:12.636997+00:00,119.0,3,ask,DiligentDonuts,Kelvin Chan,3856346
2026-07-02T09:02:12.688917,2026-07-02T09:02:12.697044+00:00,119.0,2,ask,DiligentDonuts,Kelvin Chan,3856347
2026-07-02T09:02:12.895801,2026-07-02T09:02:12.903331+00:00,119.0,2,ask,DiligentDonuts,Kelvin Chan,3856349
2026-07-02T09:02:12.920085,2026-07-02T09:02:12.931713+00:00,119.0,2,ask,DiligentDonuts,Kelvin Chan,3856350
2026-07-02T09:02:13.021097,2026-07-02T09:02:13.030315+00:00,119.0,2,ask,DiligentDonuts,Kelvin Chan,3856351
2026-07-02T09:02:13.049893,2026-07-02T09:02:13.058547+00:00,119.0,2,ask,DiligentDonuts,Kelvin Chan,3856352
2026-07-02T09:02:13.115403,2026-07-02T09:02:13.125105+00:00,119.0,2,ask,DiligentDonuts,Kelvin Chan,3856353
2026-07-02T09:02:13.315338,2026-07-02T09:02:13.324987+00:00,119.0,2,ask,DiligentDonuts,Kelvin Chan,3856357
2026-07-02T09:02:13.337696,2026-07-02T09:02:13.345520+00:00,119.0,31,ask,DiligentDonuts,CostlyCorianders,3856358
2026-07-02T09:02:13.370512,2026-07-02T09:02:13.379431+00:00,119.0,2,bid,Xuanyu Liu,Kelvin Chan,3856359
2026-07-02T09:02:13.411457,2026-07-02T09:02:13.419964+00:00,119.0,1,bid,Xuanyu Liu,Kelvin Chan,3856364
2026-07-02T09:02:13.513025,2026-07-02T09:02:13.522538+00:00,119.0,1,bid,FlawlessFlatbreads,Kelvin Chan,3856371
2026-07-02T09:02:13.513025,2026-07-02T09:02:13.522538+00:00,119.5,49,bid,FlawlessFlatbreads,DiligentDonuts,3856372
2026-07-02T09:02:15.625943,2026-07-02T09:02:15.637861+00:00,119.0,2,bid,FlawlessFlatbreads,Kelvin Chan,3856404
2026-07-02T09:02:15.625943,2026-07-02T09:02:15.637861+00:00,119.2,48,bid,FlawlessFlatbreads,DiligentDonuts,3856405
2026-07-02T09:02:16.333284,2026-07-02T09:02:16.344768+00:00,119.0,1,bid,Alan Niu,Kelvin Chan,3856418
2026-07-02T09:02:17.735903,2026-07-02T09:02:17.747733+00:00,119.2,50,bid,FlawlessFlatbreads,EarnestEspressos,3856446
2026-07-02T09:02:19.893543,2026-07-02T09:02:19.904243+00:00,118.8,50,ask,DiligentDonuts,FlawlessFlatbreads,3856479
2026-07-02T09:02:22.003757,2026-07-02T09:02:22.015596+00:00,118.8,6,ask,Kelvin Chan,FlawlessFlatbreads,3856512
2026-07-02T09:02:22.003757,2026-07-02T09:02:22.015596+00:00,118.6,44,ask,EarnestEspressos,FlawlessFlatbreads,3856513
2026-07-02T09:02:24.115288,2026-07-02T09:02:24.127362+00:00,118.8,6,ask,Kelvin Chan,FlawlessFlatbreads,3856556
2026-07-02T09:02:24.115288,2026-07-02T09:02:24.127362+00:00,118.6,44,ask,EarnestEspressos,FlawlessFlatbreads,3856557
2026-07-02T09:02:24.991335,2026-07-02T09:02:24.998660+00:00,118.8,49,bid,CostlyCorianders,EarnestEspressos,3856562
2026-07-02T09:02:26.223565,2026-07-02T09:02:26.233095+00:00,118.7,6,ask,Kelvin Chan,FlawlessFlatbreads,3856593
2026-07-02T09:02:26.223565,2026-07-02T09:02:26.233095+00:00,118.5,44,ask,DiligentDonuts,FlawlessFlatbreads,3856594
2026-07-02T09:02:26.268411,2026-07-02T09:02:26.280115+00:00,118.8,101,bid,Alan Niu,EarnestEspressos,3856595
2026-07-02T09:02:28.335793,2026-07-02T09:02:28.347353+00:00,118.8,50,ask,EarnestEspressos,FlawlessFlatbreads,3856658
2026-07-02T09:02:28.662294,2026-07-02T09:02:28.672503+00:00,118.8,41,ask,EarnestEspressos,CostlyCorianders,3856664
2026-07-02T09:02:28.806138,2026-07-02T09:02:28.816451+00:00,118.8,59,ask,EarnestEspressos,Chester Au,3856667
2026-07-02T09:02:28.887897,2026-07-02T09:02:28.899612+00:00,118.7,6,ask,Kelvin Chan,Alan Niu,3856671
2026-07-02T09:02:29.303480,2026-07-02T09:02:29.312588+00:00,118.7,7,ask,Kelvin Chan,Alan Niu,3856680
2026-07-02T09:02:31.518119,2026-07-02T09:02:31.529828+00:00,118.5,8,bid,Alan Niu,EarnestEspressos,3856733
2026-07-02T09:02:31.930238,2026-07-02T09:02:31.993971+00:00,118.5,6,bid,Alan Niu,EarnestEspressos,3856738
2026-07-02T09:02:32.511629,2026-07-02T09:02:32.522348+00:00,118.5,50,bid,FlawlessFlatbreads,EarnestEspressos,3856751
2026-07-02T09:02:32.745854,2026-07-02T09:02:32.754859+00:00,118.5,44,bid,Alan Niu,EarnestEspressos,3856758
2026-07-02T09:02:34.000313,2026-07-02T09:02:34.012219+00:00,118.5,42,bid,CostlyCorianders,EarnestEspressos,3856775
2026-07-02T09:02:34.000313,2026-07-02T09:02:34.012219+00:00,118.7,7,bid,CostlyCorianders,DiligentDonuts,3856776
2026-07-02T09:02:34.388090,2026-07-02T09:02:34.399811+00:00,118.7,93,bid,EarnestEspressos,DiligentDonuts,3856782
2026-07-02T09:02:34.670633,2026-07-02T09:02:34.682600+00:00,118.7,50,ask,EarnestEspressos,FlawlessFlatbreads,3856789
2026-07-02T09:02:35.203313,2026-07-02T09:02:35.210827+00:00,118.7,7,ask,EarnestEspressos,CostlyCorianders,3856798
2026-07-02T09:02:35.203313,2026-07-02T09:02:35.216141+00:00,118.2,42,ask,DiligentDonuts,CostlyCorianders,3856799
2026-07-02T09:02:36.780896,2026-07-02T09:02:36.793989+00:00,118.4,50,ask,DiligentDonuts,FlawlessFlatbreads,3856822
2026-07-02T09:02:38.830163,2026-07-02T09:02:38.840535+00:00,118.7,1,bid,CostlyCorianders,Kelvin Chan,3856848
2026-07-02T09:02:38.830163,2026-07-02T09:02:38.840535+00:00,118.7,45,bid,CostlyCorianders,EarnestEspressos,3856849
2026-07-02T09:02:38.886875,2026-07-02T09:02:38.898190+00:00,118.4,50,ask,DiligentDonuts,FlawlessFlatbreads,3856850
2026-07-02T09:02:40.942454,2026-07-02T09:02:40.953599+00:00,118.6,50,bid,FlawlessFlatbreads,DiligentDonuts,3856906
2026-07-02T09:02:43.923623,2026-07-02T09:02:43.931328+00:00,118.6,5,bid,CostlyCorianders,Kelvin Chan,3856956
2026-07-02T09:02:43.923623,2026-07-02T09:02:43.936359+00:00,118.6,43,bid,CostlyCorianders,DiligentDonuts,3856957
2026-07-02T09:02:44.942001,2026-07-02T09:02:44.953830+00:00,118.3,48,ask,EarnestEspressos,CostlyCorianders,3856977
2026-07-02T09:02:45.463485,2026-07-02T09:02:45.475072+00:00,118.3,40,ask,EarnestEspressos,CostlyCorianders,3856989
2026-07-02T09:02:47.089848,2026-07-02T09:02:47.101355+00:00,118.4,100,ask,DiligentDonuts,EarnestEspressos,3857014
2026-07-02T09:02:47.102454,2026-07-02T09:02:47.114218+00:00,118.4,50,bid,Chester Au,EarnestEspressos,3857015
2026-07-02T09:02:47.267638,2026-07-02T09:02:47.279652+00:00,118.6,5,bid,FlawlessFlatbreads,Kelvin Chan,3857020
2026-07-02T09:02:47.267638,2026-07-02T09:02:47.279652+00:00,118.9,45,bid,FlawlessFlatbreads,DiligentDonuts,3857021
2026-07-02T09:02:51.485792,2026-07-02T09:02:51.494041+00:00,118.6,50,bid,FlawlessFlatbreads,DiligentDonuts,3857115
2026-07-02T09:02:51.863557,2026-07-02T09:02:51.875210+00:00,118.6,45,bid,CostlyCorianders,DiligentDonuts,3857125
2026-07-02T09:02:52.997904,2026-07-02T09:02:53.009284+00:00,118.5,44,ask,DiligentDonuts,CostlyCorianders,3857147
2026-07-02T09:02:54.087228,2026-07-02T09:02:54.099196+00:00,118.5,44,ask,DiligentDonuts,CostlyCorianders,3857167
2026-07-02T09:02:55.699261,2026-07-02T09:02:55.707275+00:00,118.7,5,bid,FlawlessFlatbreads,Kelvin Chan,3857207
2026-07-02T09:02:55.699261,2026-07-02T09:02:55.707275+00:00,119.0,45,bid,FlawlessFlatbreads,EarnestEspressos,3857208
2026-07-02T09:02:56.517986,2026-07-02T09:02:56.529799+00:00,118.6,100,bid,EarnestEspressos,DiligentDonuts,3857219
2026-07-02T09:02:56.721017,2026-07-02T09:02:56.736213+00:00,118.7,3,ask,EarnestEspressos,Xuanyu Liu,3857226
2026-07-02T09:02:56.730197,2026-07-02T09:02:56.736213+00:00,118.7,47,ask,EarnestEspressos,Alan Niu,3857229
2026-07-02T09:02:57.858209,2026-07-02T09:02:57.869853+00:00,118.1,50,ask,DiligentDonuts,FlawlessFlatbreads,3857263
2026-07-02T09:02:58.450640,2026-07-02T09:02:58.450110+00:00,118.7,4,bid,CostlyCorianders,Kelvin Chan,3857273
2026-07-02T09:02:58.450640,2026-07-02T09:02:58.450110+00:00,119.2,40,bid,CostlyCorianders,EarnestEspressos,3857274
2026-07-02T09:02:59.808708,2026-07-02T09:02:59.816906+00:00,118.6,3,bid,Xuanyu Liu,EarnestEspressos,3857303
2026-07-02T09:02:59.964821,2026-07-02T09:02:59.976273+00:00,118.2,50,ask,DiligentDonuts,FlawlessFlatbreads,3857307
2026-07-02T09:03:02.078720,2026-07-02T09:03:02.089468+00:00,118.4,1,ask,Kelvin Chan,FlawlessFlatbreads,3857346
2026-07-02T09:03:02.078720,2026-07-02T09:03:02.089468+00:00,118.1,49,ask,EarnestEspressos,FlawlessFlatbreads,3857347
2026-07-02T09:03:02.927695,2026-07-02T09:03:02.936102+00:00,118.3,42,bid,CostlyCorianders,EarnestEspressos,3857373
2026-07-02T09:03:02.985898,2026-07-02T09:03:02.994471+00:00,118.3,47,bid,Alan Niu,EarnestEspressos,3857375
2026-07-02T09:03:04.098309,2026-07-02T09:03:04.104685+00:00,118.0,45,ask,DiligentDonuts,CostlyCorianders,3857406
2026-07-02T09:03:04.134178,2026-07-02T09:03:04.146104+00:00,118.3,50,bid,FlawlessFlatbreads,EarnestEspressos,3857407
2026-07-02T09:03:04.642337,2026-07-02T09:03:04.658571+00:00,118.3,9,bid,Chester Au,EarnestEspressos,3857417
2026-07-02T09:03:05.563034,2026-07-02T09:03:05.574870+00:00,118.3,2,bid,CostlyCorianders,EarnestEspressos,3857445
2026-07-02T09:03:05.563034,2026-07-02T09:03:05.574870+00:00,118.4,41,bid,CostlyCorianders,DiligentDonuts,3857446
2026-07-02T09:03:06.773613,2026-07-02T09:03:06.785019+00:00,118.1,49,ask,EarnestEspressos,CostlyCorianders,3857479
2026-07-02T09:03:08.348624,2026-07-02T09:03:08.356243+00:00,118.5,5,bid,FlawlessFlatbreads,Kelvin Chan,3857513
2026-07-02T09:03:08.348624,2026-07-02T09:03:08.356243+00:00,118.6,45,bid,FlawlessFlatbreads,EarnestEspressos,3857514
2026-07-02T09:03:09.160651,2026-07-02T09:03:09.172549+00:00,118.2,100,bid,EarnestEspressos,DiligentDonuts,3857535
2026-07-02T09:03:09.876492,2026-07-02T09:03:09.888375+00:00,118.5,5,bid,CostlyCorianders,Kelvin Chan,3857552
2026-07-02T09:03:09.876492,2026-07-02T09:03:09.888375+00:00,118.7,44,bid,CostlyCorianders,EarnestEspressos,3857553
2026-07-02T09:03:10.414253,2026-07-02T09:03:10.421968+00:00,118.5,5,bid,FlawlessFlatbreads,Kelvin Chan,3857562
2026-07-02T09:03:10.456198,2026-07-02T09:03:10.467920+00:00,118.5,5,bid,CostlyCorianders,Kelvin Chan,3857563
2026-07-02T09:03:10.456198,2026-07-02T09:03:10.467920+00:00,118.7,45,bid,FlawlessFlatbreads,EarnestEspressos,3857564
2026-07-02T09:03:10.871685,2026-07-02T09:03:10.880260+00:00,118.2,49,ask,EarnestEspressos,CostlyCorianders,3857572
2026-07-02T09:03:12.565884,2026-07-02T09:03:12.575061+00:00,118.5,4,bid,FlawlessFlatbreads,Kelvin Chan,3857602
2026-07-02T09:03:12.565884,2026-07-02T09:03:12.575061+00:00,118.5,46,bid,FlawlessFlatbreads,EarnestEspressos,3857603
2026-07-02T09:03:14.674134,2026-07-02T09:03:14.685715+00:00,118.4,50,bid,FlawlessFlatbreads,DiligentDonuts,3857649
2026-07-02T09:03:16.780740,2026-07-02T09:03:16.792342+00:00,118.4,50,bid,FlawlessFlatbreads,DiligentDonuts,3857698
2026-07-02T09:03:16.854641,2026-07-02T09:03:16.877737+00:00,118.0,44,ask,EarnestEspressos,CostlyCorianders,3857700
2026-07-02T09:03:17.322170,2026-07-02T09:03:17.332514+00:00,118.0,106,ask,EarnestEspressos,Chester Au,3857706
2026-07-02T09:03:17.331722,2026-07-02T09:03:17.348124+00:00,117.9,100,ask,DiligentDonuts,Alan Niu,3857708
2026-07-02T09:03:18.000488,2026-07-02T09:03:18.006883+00:00,118.3,43,bid,CostlyCorianders,DiligentDonuts,3857735
2026-07-02T09:03:18.697529,2026-07-02T09:03:18.709066+00:00,117.8,100,ask,DiligentDonuts,EarnestEspressos,3857751
2026-07-02T09:03:18.740547,2026-07-02T09:03:18.752103+00:00,117.7,31,bid,Alan Niu,EarnestEspressos,3857755
2026-07-02T09:03:18.753592,2026-07-02T09:03:18.762683+00:00,117.7,2,bid,Alan Niu,EarnestEspressos,3857758
2026-07-02T09:03:18.858045,2026-07-02T09:03:18.865312+00:00,117.7,2,bid,Alan Niu,EarnestEspressos,3857764
2026-07-02T09:03:18.895845,2026-07-02T09:03:18.907509+00:00,117.7,15,bid,FlawlessFlatbreads,EarnestEspressos,3857765
2026-07-02T09:03:18.994903,2026-07-02T09:03:19.006588+00:00,118.3,41,bid,CostlyCorianders,DiligentDonuts,3857767
2026-07-02T09:03:21.004833,2026-07-02T09:03:21.015048+00:00,118.2,50,bid,FlawlessFlatbreads,DiligentDonuts,3857812
2026-07-02T09:03:23.162375,2026-07-02T09:03:23.173877+00:00,117.8,50,ask,EarnestEspressos,FlawlessFlatbreads,3857857
2026-07-02T09:03:25.034651,2026-07-02T09:03:25.046245+00:00,118.3,5,bid,CostlyCorianders,Kelvin Chan,3857884
2026-07-02T09:03:25.034651,2026-07-02T09:03:25.046245+00:00,118.3,37,bid,CostlyCorianders,EarnestEspressos,3857885
2026-07-02T09:03:25.097622,2026-07-02T09:03:25.108103+00:00,117.9,49,ask,DiligentDonuts,CostlyCorianders,3857888
2026-07-02T09:03:25.269587,2026-07-02T09:03:25.281213+00:00,117.9,50,ask,DiligentDonuts,FlawlessFlatbreads,3857891
2026-07-02T09:03:27.392254,2026-07-02T09:03:27.404472+00:00,117.8,50,ask,EarnestEspressos,FlawlessFlatbreads,3857931
2026-07-02T09:03:28.270190,2026-07-02T09:03:28.279816+00:00,117.9,45,ask,EarnestEspressos,CostlyCorianders,3857948
2026-07-02T09:03:29.449853,2026-07-02T09:03:29.463649+00:00,118.1,50,bid,FlawlessFlatbreads,DiligentDonuts,3857966
2026-07-02T09:03:31.556921,2026-07-02T09:03:31.568596+00:00,118.2,50,bid,FlawlessFlatbreads,EarnestEspressos,3858006
2026-07-02T09:03:33.671584,2026-07-02T09:03:33.691420+00:00,118.2,50,bid,FlawlessFlatbreads,EarnestEspressos,3858062
2026-07-02T09:03:34.343301,2026-07-02T09:03:34.352219+00:00,118.0,1,ask,Kelvin Chan,Xuanyu Liu,3858078
2026-07-02T09:03:34.362243,2026-07-02T09:03:34.372818+00:00,117.8,1,ask,DiligentDonuts,Alan Niu,3858081
2026-07-02T09:03:35.515636,2026-07-02T09:03:35.523852+00:00,118.2,48,bid,CostlyCorianders,EarnestEspressos,3858108
2026-07-02T09:03:35.785547,2026-07-02T09:03:35.797277+00:00,118.2,50,bid,FlawlessFlatbreads,EarnestEspressos,3858113
2026-07-02T09:03:37.617856,2026-07-02T09:03:37.636833+00:00,118.2,100,bid,EarnestEspressos,DiligentDonuts,3858154
2026-07-02T09:03:37.625958,2026-07-02T09:03:37.636833+00:00,118.2,50,ask,EarnestEspressos,Chester Au,3858155
2026-07-02T09:03:37.891742,2026-07-02T09:03:37.903240+00:00,118.3,4,bid,FlawlessFlatbreads,Kelvin Chan,3858162
2026-07-02T09:03:37.891742,2026-07-02T09:03:37.903240+00:00,118.7,46,bid,FlawlessFlatbreads,EarnestEspressos,3858163
2026-07-02T09:03:40.003502,2026-07-02T09:03:40.015658+00:00,118.6,50,bid,FlawlessFlatbreads,DiligentDonuts,3858195
2026-07-02T09:03:40.985847,2026-07-02T09:03:40.997217+00:00,118.1,100,ask,DiligentDonuts,Alan Niu,3858221
2026-07-02T09:03:41.315302,2026-07-02T09:03:41.327123+00:00,117.9,5,ask,Kelvin Chan,CostlyCorianders,3858231
2026-07-02T09:03:41.315302,2026-07-02T09:03:41.327123+00:00,117.9,38,ask,EarnestEspressos,CostlyCorianders,3858232
2026-07-02T09:03:42.177901,2026-07-02T09:03:42.189807+00:00,118.0,6,ask,Kelvin Chan,FlawlessFlatbreads,3858251
2026-07-02T09:03:42.177901,2026-07-02T09:03:42.189807+00:00,117.9,44,ask,EarnestEspressos,FlawlessFlatbreads,3858252
2026-07-02T09:03:43.999063,2026-07-02T09:03:44.005423+00:00,118.0,6,ask,Kelvin Chan,EarnestEspressos,3858297
2026-07-02T09:03:44.287003,2026-07-02T09:03:44.298473+00:00,117.9,50,ask,DiligentDonuts,FlawlessFlatbreads,3858303
2026-07-02T09:03:46.393528,2026-07-02T09:03:46.402757+00:00,117.6,50,ask,DiligentDonuts,FlawlessFlatbreads,3858323
2026-07-02T09:03:47.096880,2026-07-02T09:03:47.104134+00:00,118.1,48,bid,CostlyCorianders,DiligentDonuts,3858336
2026-07-02T09:03:47.160263,2026-07-02T09:03:47.167904+00:00,117.9,2,ask,Kelvin Chan,EarnestEspressos,3858337
2026-07-02T09:03:49.272426,2026-07-02T09:03:49.280838+00:00,117.6,43,ask,DiligentDonuts,CostlyCorianders,3858371
2026-07-02T09:03:49.651226,2026-07-02T09:03:49.656996+00:00,117.8,7,bid,Kelvin Chan,DiligentDonuts,3858386
2026-07-02T09:03:50.494618,2026-07-02T09:03:50.504160+00:00,117.8,8,bid,Kelvin Chan,DiligentDonuts,3858395
2026-07-02T09:03:50.620976,2026-07-02T09:03:50.632423+00:00,117.3,50,ask,DiligentDonuts,FlawlessFlatbreads,3858399
2026-07-02T09:03:52.660131,2026-07-02T09:03:52.671946+00:00,117.7,2,ask,Kelvin Chan,DiligentDonuts,3858432
2026-07-02T09:03:52.676622,2026-07-02T09:03:52.691757+00:00,117.7,50,bid,FlawlessFlatbreads,DiligentDonuts,3858434
2026-07-02T09:03:52.683460,2026-07-02T09:03:52.691757+00:00,117.7,1,bid,Xuanyu Liu,DiligentDonuts,3858435
2026-07-02T09:03:52.706155,2026-07-02T09:03:52.716034+00:00,117.7,2,bid,Kelvin Chan,DiligentDonuts,3858437
2026-07-02T09:03:52.766956,2026-07-02T09:03:52.778570+00:00,117.7,2,bid,Kelvin Chan,DiligentDonuts,3858440
2026-07-02T09:03:52.848694,2026-07-02T09:03:52.855231+00:00,117.7,43,bid,CostlyCorianders,DiligentDonuts,3858443
2026-07-02T09:03:52.848694,2026-07-02T09:03:52.855231+00:00,117.8,2,bid,CostlyCorianders,EarnestEspressos,3858444
2026-07-02T09:03:53.982162,2026-07-02T09:03:53.988805+00:00,117.7,1,ask,Kelvin Chan,CostlyCorianders,3858472
2026-07-02T09:03:53.982162,2026-07-02T09:03:53.993824+00:00,117.4,43,ask,EarnestEspressos,CostlyCorianders,3858473
2026-07-02T09:03:54.784585,2026-07-02T09:03:54.796192+00:00,117.9,50,bid,FlawlessFlatbreads,EarnestEspressos,3858485
2026-07-02T09:03:55.403991,2026-07-02T09:03:55.415537+00:00,117.9,41,bid,CostlyCorianders,EarnestEspressos,3858500
2026-07-02T09:03:56.009875,2026-07-02T09:03:56.017149+00:00,117.7,43,ask,DiligentDonuts,CostlyCorianders,3858517
2026-07-02T09:03:58.159297,2026-07-02T09:03:58.170874+00:00,118.0,2,bid,CostlyCorianders,Kelvin Chan,3858554
2026-07-02T09:03:58.159297,2026-07-02T09:03:58.170874+00:00,118.1,45,bid,CostlyCorianders,EarnestEspressos,3858555
2026-07-02T09:03:58.768576,2026-07-02T09:03:58.780314+00:00,117.7,41,ask,DiligentDonuts,CostlyCorianders,3858568
2026-07-02T09:03:59.052692,2026-07-02T09:03:59.063633+00:00,117.6,50,ask,EarnestEspressos,FlawlessFlatbreads,3858572
2026-07-02T09:03:59.304641,2026-07-02T09:03:59.316440+00:00,118.0,47,bid,CostlyCorianders,DiligentDonuts,3858579
2026-07-02T09:04:00.594339,2026-07-02T09:04:00.606658+00:00,117.5,40,ask,DiligentDonuts,CostlyCorianders,3858614
2026-07-02T09:04:01.160710,2026-07-02T09:04:01.170385+00:00,117.5,50,ask,DiligentDonuts,FlawlessFlatbreads,3858617
2026-07-02T09:04:01.173256,2026-07-02T09:04:01.184767+00:00,118.0,45,bid,CostlyCorianders,DiligentDonuts,3858618
2026-07-02T09:04:03.266821,2026-07-02T09:04:03.278876+00:00,117.6,5,ask,Kelvin Chan,FlawlessFlatbreads,3858657
2026-07-02T09:04:03.266821,2026-07-02T09:04:03.278876+00:00,117.5,45,ask,EarnestEspressos,FlawlessFlatbreads,3858658
2026-07-02T09:04:05.323923,2026-07-02T09:04:05.333058+00:00,117.8,50,bid,FlawlessFlatbreads,DiligentDonuts,3858693
2026-07-02T09:04:07.430956,2026-07-02T09:04:07.438458+00:00,117.8,50,bid,FlawlessFlatbreads,DiligentDonuts,3858721
2026-07-02T09:04:07.568130,2026-07-02T09:04:07.579871+00:00,117.6,2,ask,Kelvin Chan,CostlyCorianders,3858725
2026-07-02T09:04:07.568130,2026-07-02T09:04:07.579871+00:00,117.3,40,ask,DiligentDonuts,CostlyCorianders,3858726
2026-07-02T09:04:11.647192,2026-07-02T09:04:11.657418+00:00,117.8,50,bid,FlawlessFlatbreads,EarnestEspressos,3858807
2026-07-02T09:04:12.112292,2026-07-02T09:04:12.124022+00:00,117.6,46,ask,DiligentDonuts,CostlyCorianders,3858831
2026-07-02T09:04:13.149490,2026-07-02T09:04:13.161046+00:00,117.9,1,bid,CostlyCorianders,Kelvin Chan,3858850
2026-07-02T09:04:13.149490,2026-07-02T09:04:13.161046+00:00,118.1,44,bid,CostlyCorianders,DiligentDonuts,3858851
2026-07-02T09:04:13.632615,2026-07-02T09:04:13.644023+00:00,118.1,42,bid,CostlyCorianders,DiligentDonuts,3858857
2026-07-02T09:04:13.753446,2026-07-02T09:04:13.764939+00:00,118.1,14,bid,FlawlessFlatbreads,DiligentDonuts,3858861
2026-07-02T09:04:13.753446,2026-07-02T09:04:13.764939+00:00,118.1,36,bid,FlawlessFlatbreads,EarnestEspressos,3858862
2026-07-02T09:04:14.744625,2026-07-02T09:04:14.751505+00:00,117.9,3,bid,DiligentDonuts,Kelvin Chan,3858888
2026-07-02T09:04:15.193525,2026-07-02T09:04:15.204922+00:00,117.9,41,ask,DiligentDonuts,CostlyCorianders,3858895
2026-07-02T09:04:16.792179,2026-07-02T09:04:16.803626+00:00,118.3,42,bid,CostlyCorianders,EarnestEspressos,3858926
2026-07-02T09:04:16.845830,2026-07-02T09:04:16.858566+00:00,117.9,40,ask,DiligentDonuts,CostlyCorianders,3858927
2026-07-02T09:04:17.403144,2026-07-02T09:04:17.414607+00:00,118.3,44,bid,CostlyCorianders,EarnestEspressos,3858944
2026-07-02T09:04:18.030787,2026-07-02T09:04:18.041192+00:00,117.8,50,ask,EarnestEspressos,FlawlessFlatbreads,3858954
2026-07-02T09:04:18.739814,2026-07-02T09:04:18.748299+00:00,118.0,100,bid,EarnestEspressos,DiligentDonuts,3858969
2026-07-02T09:04:20.138782,2026-07-02T09:04:20.150658+00:00,118.0,50,ask,EarnestEspressos,FlawlessFlatbreads,3859001
2026-07-02T09:04:22.245279,2026-07-02T09:04:22.256746+00:00,117.8,50,ask,DiligentDonuts,FlawlessFlatbreads,3859064
2026-07-02T09:04:22.831443,2026-07-02T09:04:22.838222+00:00,117.9,150,bid,Chester Au,EarnestEspressos,3859073
2026-07-02T09:04:24.302217,2026-07-02T09:04:24.310705+00:00,118.3,50,bid,FlawlessFlatbreads,DiligentDonuts,3859112
2026-07-02T09:04:24.787336,2026-07-02T09:04:24.797678+00:00,117.8,48,ask,DiligentDonuts,CostlyCorianders,3859123
2026-07-02T09:04:25.253355,2026-07-02T09:04:25.257588+00:00,118.0,49,ask,EarnestEspressos,CostlyCorianders,3859138
2026-07-02T09:04:25.864996,2026-07-02T09:04:25.875363+00:00,118.3,44,bid,CostlyCorianders,DiligentDonuts,3859158
2026-07-02T09:04:26.410259,2026-07-02T09:04:26.422114+00:00,118.3,6,bid,FlawlessFlatbreads,DiligentDonuts,3859170
2026-07-02T09:04:26.410259,2026-07-02T09:04:26.422114+00:00,118.5,44,bid,FlawlessFlatbreads,EarnestEspressos,3859171
2026-07-02T09:04:28.081342,2026-07-02T09:04:28.091531+00:00,118.4,100,ask,DiligentDonuts,Chester Au,3859201
2026-07-02T09:04:28.518997,2026-07-02T09:04:28.529507+00:00,118.9,50,bid,FlawlessFlatbreads,DiligentDonuts,3859211
2026-07-02T09:04:28.941801,2026-07-02T09:04:28.958651+00:00,118.6,47,ask,EarnestEspressos,CostlyCorianders,3859225
2026-07-02T09:04:29.390326,2026-07-02T09:04:29.396886+00:00,118.6,94,ask,EarnestEspressos,Chester Au,3859237
2026-07-02T09:04:29.393019,2026-07-02T09:04:29.396886+00:00,118.6,9,ask,EarnestEspressos,Xuanyu Liu,3859238
2026-07-02T09:04:30.634212,2026-07-02T09:04:30.643244+00:00,119.1,50,bid,FlawlessFlatbreads,EarnestEspressos,3859260
2026-07-02T09:04:32.017548,2026-07-02T09:04:32.026583+00:00,118.3,9,bid,Xuanyu Liu,EarnestEspressos,3859283
2026-07-02T09:04:32.744457,2026-07-02T09:04:32.753626+00:00,118.3,50,bid,FlawlessFlatbreads,EarnestEspressos,3859296
2026-07-02T09:04:34.850988,2026-07-02T09:04:34.854048+00:00,118.6,50,bid,FlawlessFlatbreads,DiligentDonuts,3859336
2026-07-02T09:04:36.562797,2026-07-02T09:04:36.574574+00:00,118.6,42,bid,CostlyCorianders,DiligentDonuts,3859369
2026-07-02T09:04:37.123306,2026-07-02T09:04:37.134977+00:00,118.6,44,bid,CostlyCorianders,EarnestEspressos,3859382
2026-07-02T09:04:39.076051,2026-07-02T09:04:39.084845+00:00,118.6,50,bid,FlawlessFlatbreads,EarnestEspressos,3859407
2026-07-02T09:04:40.893055,2026-07-02T09:04:40.904471+00:00,118.3,3,ask,EarnestEspressos,Xuanyu Liu,3859462
2026-07-02T09:04:40.957440,2026-07-02T09:04:40.969207+00:00,118.3,34,ask,EarnestEspressos,Alan Niu,3859466
2026-07-02T09:04:41.039199,2026-07-02T09:04:41.050788+00:00,118.3,25,ask,EarnestEspressos,Lachlan Han,3859468
2026-07-02T09:04:41.185023,2026-07-02T09:04:41.192433+00:00,118.7,50,bid,FlawlessFlatbreads,DiligentDonuts,3859471
2026-07-02T09:04:42.087468,2026-07-02T09:04:42.097051+00:00,118.3,48,ask,EarnestEspressos,CostlyCorianders,3859488
2026-07-02T09:04:43.236356,2026-07-02T09:04:43.244757+00:00,118.5,11,ask,DiligentDonuts,Xuanyu Liu,3859508
2026-07-02T09:04:43.253222,2026-07-02T09:04:43.265153+00:00,118.5,25,ask,DiligentDonuts,Lachlan Han,3859510
2026-07-02T09:04:43.463700,2026-07-02T09:04:43.475428+00:00,118.5,25,ask,DiligentDonuts,Lachlan Han,3859519
2026-07-02T09:04:43.681845,2026-07-02T09:04:43.688608+00:00,118.5,25,ask,DiligentDonuts,Lachlan Han,3859526
2026-07-02T09:04:43.821260,2026-07-02T09:04:43.831427+00:00,118.5,12,ask,DiligentDonuts,Xuanyu Liu,3859533
2026-07-02T09:04:43.894645,2026-07-02T09:04:43.904803+00:00,118.5,2,ask,DiligentDonuts,Lachlan Han,3859535
2026-07-02T09:04:45.160378,2026-07-02T09:04:45.169438+00:00,118.4,12,bid,Xuanyu Liu,EarnestEspressos,3859563
2026-07-02T09:04:45.400759,2026-07-02T09:04:45.412873+00:00,118.4,50,bid,FlawlessFlatbreads,EarnestEspressos,3859566
2026-07-02T09:04:46.491413,2026-07-02T09:04:46.503157+00:00,118.2,45,ask,DiligentDonuts,CostlyCorianders,3859581
2026-07-02T09:04:47.507776,2026-07-02T09:04:47.519406+00:00,118.4,1,bid,FlawlessFlatbreads,Kelvin Chan,3859614
2026-07-02T09:04:47.507776,2026-07-02T09:04:47.519406+00:00,118.7,49,bid,FlawlessFlatbreads,DiligentDonuts,3859615
2026-07-02T09:04:47.571446,2026-07-02T09:04:47.579968+00:00,118.7,46,bid,CostlyCorianders,DiligentDonuts,3859617
2026-07-02T09:04:49.617757,2026-07-02T09:04:49.624140+00:00,118.4,1,bid,FlawlessFlatbreads,Kelvin Chan,3859651
2026-07-02T09:04:49.617757,2026-07-02T09:04:49.629602+00:00,118.8,49,bid,FlawlessFlatbreads,EarnestEspressos,3859652
2026-07-02T09:04:49.955109,2026-07-02T09:04:49.958600+00:00,118.5,2,bid,CostlyCorianders,Kelvin Chan,3859655
2026-07-02T09:04:49.955109,2026-07-02T09:04:49.958600+00:00,118.8,46,bid,CostlyCorianders,EarnestEspressos,3859656
2026-07-02T09:04:50.010983,2026-07-02T09:04:50.019876+00:00,118.3,48,ask,EarnestEspressos,CostlyCorianders,3859661
2026-07-02T09:04:50.361820,2026-07-02T09:04:50.373242+00:00,118.5,1,bid,EarnestEspressos,Kelvin Chan,3859669
2026-07-02T09:04:50.370472,2026-07-02T09:04:50.378775+00:00,118.5,25,ask,EarnestEspressos,Lachlan Han,3859672
2026-07-02T09:04:50.580831,2026-07-02T09:04:50.590206+00:00,118.5,25,ask,EarnestEspressos,Lachlan Han,3859684
2026-07-02T09:04:50.791199,2026-07-02T09:04:50.798748+00:00,118.5,25,ask,EarnestEspressos,Lachlan Han,3859689
2026-07-02T09:04:51.076731,2026-07-02T09:04:51.088292+00:00,118.8,43,bid,CostlyCorianders,DiligentDonuts,3859694
2026-07-02T09:04:51.797303,2026-07-02T09:04:51.815921+00:00,118.5,50,ask,EarnestEspressos,FlawlessFlatbreads,3859715
2026-07-02T09:04:52.080427,2026-07-02T09:04:52.090861+00:00,118.5,24,ask,EarnestEspressos,CostlyCorianders,3859721
2026-07-02T09:04:52.080427,2026-07-02T09:04:52.090861+00:00,118.3,17,ask,DiligentDonuts,CostlyCorianders,3859722
2026-07-02T09:04:53.604971,2026-07-02T09:04:53.613302+00:00,118.4,100,ask,DiligentDonuts,EarnestEspressos,3859748
2026-07-02T09:04:53.853411,2026-07-02T09:04:53.863620+00:00,118.3,50,bid,FlawlessFlatbreads,EarnestEspressos,3859752
2026-07-02T09:04:56.021026,2026-07-02T09:04:56.034864+00:00,118.3,3,ask,Kelvin Chan,FlawlessFlatbreads,3859795
2026-07-02T09:04:56.751652,2026-07-02T09:04:56.758186+00:00,118.6,47,bid,CostlyCorianders,DiligentDonuts,3859818
2026-07-02T09:04:58.127360,2026-07-02T09:04:58.138716+00:00,118.4,50,ask,EarnestEspressos,FlawlessFlatbreads,3859848
2026-07-02T09:04:58.693871,2026-07-02T09:04:58.701469+00:00,118.4,41,ask,EarnestEspressos,CostlyCorianders,3859864
2026-07-02T09:04:59.207178,2026-07-02T09:04:59.218954+00:00,118.9,42,bid,CostlyCorianders,EarnestEspressos,3859872
2026-07-02T09:04:59.867416,2026-07-02T09:04:59.876963+00:00,118.5,4,ask,DiligentDonuts,Lachlan Han,3859882
2026-07-02T09:05:00.259819,2026-07-02T09:05:00.269252+00:00,118.5,50,ask,DiligentDonuts,FlawlessFlatbreads,3859889
2026-07-02T09:05:00.413656,2026-07-02T09:05:00.423940+00:00,118.5,45,ask,DiligentDonuts,CostlyCorianders,3859897
2026-07-02T09:05:01.080066,2026-07-02T09:05:01.091694+00:00,118.5,1,ask,DiligentDonuts,Lachlan Han,3859912
2026-07-02T09:05:02.356227,2026-07-02T09:05:02.368681+00:00,118.6,40,bid,CostlyCorianders,DiligentDonuts,3859938
2026-07-02T09:05:02.366343,2026-07-02T09:05:02.374123+00:00,118.4,50,ask,EarnestEspressos,FlawlessFlatbreads,3859939
2026-07-02T09:05:04.476452,2026-07-02T09:05:04.483923+00:00,118.3,3,ask,Kelvin Chan,FlawlessFlatbreads,3859987
2026-07-02T09:05:04.476452,2026-07-02T09:05:04.489133+00:00,118.1,47,ask,DiligentDonuts,FlawlessFlatbreads,3859988
2026-07-02T09:05:06.585759,2026-07-02T09:05:06.596557+00:00,118.3,5,ask,Kelvin Chan,FlawlessFlatbreads,3860042
2026-07-02T09:05:06.585759,2026-07-02T09:05:06.596557+00:00,118.2,45,ask,EarnestEspressos,FlawlessFlatbreads,3860043
2026-07-02T09:05:08.598409,2026-07-02T09:05:08.610149+00:00,118.3,3,ask,Kelvin Chan,DiligentDonuts,3860092
2026-07-02T09:05:08.693236,2026-07-02T09:05:08.704759+00:00,118.2,50,ask,EarnestEspressos,FlawlessFlatbreads,3860095
2026-07-02T09:05:08.750574,2026-07-02T09:05:08.765892+00:00,118.3,11,bid,Xuanyu Liu,DiligentDonuts,3860096
2026-07-02T09:05:08.934245,2026-07-02T09:05:08.942043+00:00,118.3,48,bid,CostlyCorianders,DiligentDonuts,3860102
2026-07-02T09:05:09.433512,2026-07-02T09:05:09.441866+00:00,118.2,3,bid,Xuanyu Liu,EarnestEspressos,3860108
2026-07-02T09:05:10.800822,2026-07-02T09:05:10.808141+00:00,117.8,50,ask,DiligentDonuts,FlawlessFlatbreads,3860134
2026-07-02T09:05:10.828453,2026-07-02T09:05:10.837783+00:00,118.2,2,bid,Kelvin Chan,EarnestEspressos,3860135
2026-07-02T09:05:12.908306,2026-07-02T09:05:12.920060+00:00,118.1,6,ask,Kelvin Chan,FlawlessFlatbreads,3860171
2026-07-02T09:05:12.908306,2026-07-02T09:05:12.920060+00:00,118.0,44,ask,DiligentDonuts,FlawlessFlatbreads,3860172
2026-07-02T09:05:13.656411,2026-07-02T09:05:13.667838+00:00,118.2,150,bid,Alan Niu,EarnestEspressos,3860184
2026-07-02T09:05:15.016892,2026-07-02T09:05:15.028464+00:00,118.1,3,ask,Kelvin Chan,FlawlessFlatbreads,3860220
2026-07-02T09:05:15.016892,2026-07-02T09:05:15.028464+00:00,117.8,47,ask,DiligentDonuts,FlawlessFlatbreads,3860221
2026-07-02T09:05:15.693722,2026-07-02T09:05:15.705411+00:00,118.3,100,bid,EarnestEspressos,DiligentDonuts,3860231
2026-07-02T09:05:15.693722,2026-07-02T09:05:15.705411+00:00,118.4,1,bid,EarnestEspressos,Kelvin Chan,3860232
2026-07-02T09:05:16.406168,2026-07-02T09:05:16.417848+00:00,118.4,42,ask,EarnestEspressos,CostlyCorianders,3860252
2026-07-02T09:05:16.665352,2026-07-02T09:05:16.674113+00:00,118.4,3,ask,EarnestEspressos,Xuanyu Liu,3860256
2026-07-02T09:05:16.678637,2026-07-02T09:05:16.689384+00:00,118.4,4,ask,EarnestEspressos,Alan Niu,3860258
2026-07-02T09:05:16.924432,2026-07-02T09:05:16.936270+00:00,117.8,48,ask,DiligentDonuts,CostlyCorianders,3860263
2026-07-02T09:05:17.075000,2026-07-02T09:05:17.086553+00:00,118.4,5,bid,FlawlessFlatbreads,Kelvin Chan,3860266
2026-07-02T09:05:17.075000,2026-07-02T09:05:17.086553+00:00,118.9,45,bid,FlawlessFlatbreads,EarnestEspressos,3860267
2026-07-02T09:05:19.183733,2026-07-02T09:05:19.195238+00:00,118.4,3,bid,FlawlessFlatbreads,Kelvin Chan,3860307
2026-07-02T09:05:19.183733,2026-07-02T09:05:19.195238+00:00,118.4,47,bid,FlawlessFlatbreads,DiligentDonuts,3860308
2026-07-02T09:05:19.884788,2026-07-02T09:05:19.896321+00:00,118.4,41,bid,CostlyCorianders,DiligentDonuts,3860323
2026-07-02T09:05:21.290903,2026-07-02T09:05:21.298102+00:00,118.4,50,bid,FlawlessFlatbreads,EarnestEspressos,3860346
2026-07-02T09:05:21.489210,2026-07-02T09:05:21.500606+00:00,118.0,42,ask,DiligentDonuts,CostlyCorianders,3860351
2026-07-02T09:05:23.478184,2026-07-02T09:05:23.489845+00:00,118.0,44,ask,DiligentDonuts,CostlyCorianders,3860401
2026-07-02T09:05:28.394808,2026-07-02T09:05:28.403036+00:00,118.3,3,bid,Xuanyu Liu,Kelvin Chan,3860482
2026-07-02T09:05:29.708898,2026-07-02T09:05:29.720693+00:00,118.3,2,bid,FlawlessFlatbreads,Kelvin Chan,3860521
2026-07-02T09:05:29.708898,2026-07-02T09:05:29.720693+00:00,118.4,48,bid,FlawlessFlatbreads,DiligentDonuts,3860522
2026-07-02T09:05:31.817498,2026-07-02T09:05:31.829212+00:00,118.7,50,bid,FlawlessFlatbreads,DiligentDonuts,3860566
2026-07-02T09:05:32.222487,2026-07-02T09:05:32.234166+00:00,118.7,43,bid,CostlyCorianders,DiligentDonuts,3860577
2026-07-02T09:05:32.773737,2026-07-02T09:05:32.785808+00:00,118.3,47,ask,EarnestEspressos,CostlyCorianders,3860584
2026-07-02T09:05:33.977902,2026-07-02T09:05:33.989829+00:00,118.4,50,ask,DiligentDonuts,FlawlessFlatbreads,3860606
2026-07-02T09:05:34.767831,2026-07-02T09:05:34.776602+00:00,118.6,42,bid,CostlyCorianders,EarnestEspressos,3860618
2026-07-02T09:05:35.235559,2026-07-02T09:05:35.245806+00:00,118.6,48,bid,CostlyCorianders,EarnestEspressos,3860626
2026-07-02T09:05:36.093708,2026-07-02T09:05:36.105321+00:00,118.4,50,ask,DiligentDonuts,FlawlessFlatbreads,3860662
2026-07-02T09:05:37.353348,2026-07-02T09:05:37.365115+00:00,118.1,3,ask,Kelvin Chan,CostlyCorianders,3860682
2026-07-02T09:05:37.353348,2026-07-02T09:05:37.365115+00:00,118.1,39,ask,EarnestEspressos,CostlyCorianders,3860683
2026-07-02T09:05:37.988877,2026-07-02T09:05:38.000364+00:00,118.1,48,ask,DiligentDonuts,CostlyCorianders,3860697
2026-07-02T09:05:38.200966,2026-07-02T09:05:38.212329+00:00,118.1,50,ask,DiligentDonuts,FlawlessFlatbreads,3860712
2026-07-02T09:05:40.310768,2026-07-02T09:05:40.321522+00:00,118.0,50,ask,EarnestEspressos,FlawlessFlatbreads,3860754
2026-07-02T09:05:40.950620,2026-07-02T09:05:40.958599+00:00,118.1,54,bid,Alan Niu,DiligentDonuts,3860770
2026-07-02T09:05:40.965016,2026-07-02T09:05:40.974372+00:00,118.1,25,bid,Lachlan Han,DiligentDonuts,3860773
2026-07-02T09:05:41.174810,2026-07-02T09:05:41.181463+00:00,118.1,21,bid,Lachlan Han,DiligentDonuts,3860779
2026-07-02T09:05:42.366047,2026-07-02T09:05:42.377633+00:00,118.4,50,bid,FlawlessFlatbreads,EarnestEspressos,3860797
2026-07-02T09:05:44.524913,2026-07-02T09:05:44.536619+00:00,118.0,50,ask,DiligentDonuts,FlawlessFlatbreads,3860834
2026-07-02T09:05:46.581978,2026-07-02T09:05:46.590476+00:00,118.2,50,bid,FlawlessFlatbreads,DiligentDonuts,3860881
2026-07-02T09:05:49.747550,2026-07-02T09:05:49.750808+00:00,118.1,1,ask,Kelvin Chan,DiligentDonuts,3860941
2026-07-02T09:05:49.958923,2026-07-02T09:05:49.969268+00:00,118.1,42,bid,CostlyCorianders,DiligentDonuts,3860950
2026-07-02T09:05:50.543876,2026-07-02T09:05:50.554502+00:00,118.1,44,bid,CostlyCorianders,DiligentDonuts,3860970
2026-07-02T09:05:52.925268,2026-07-02T09:05:52.933312+00:00,118.3,50,bid,FlawlessFlatbreads,EarnestEspressos,3861020
2026-07-02T09:05:57.181911,2026-07-02T09:05:57.190000+00:00,118.3,4,bid,FlawlessFlatbreads,Kelvin Chan,3861115
2026-07-02T09:05:57.181911,2026-07-02T09:05:57.190000+00:00,118.5,46,bid,FlawlessFlatbreads,DiligentDonuts,3861116
2026-07-02T09:05:59.163459,2026-07-02T09:05:59.174152+00:00,118.0,47,ask,EarnestEspressos,CostlyCorianders,3861162
2026-07-02T09:05:59.210126,2026-07-02T09:05:59.230456+00:00,118.1,3,ask,DiligentDonuts,Xuanyu Liu,3861163
2026-07-02T09:05:59.213504,2026-07-02T09:05:59.230456+00:00,118.1,25,ask,DiligentDonuts,Lachlan Han,3861164
2026-07-02T09:05:59.223793,2026-07-02T09:05:59.230456+00:00,118.1,72,ask,DiligentDonuts,Alan Niu,3861165
2026-07-02T09:05:59.246654,2026-07-02T09:05:59.256406+00:00,118.0,2,ask,EarnestEspressos,Alan Niu,3861172
2026-07-02T09:05:59.352578,2026-07-02T09:05:59.364515+00:00,118.0,2,ask,EarnestEspressos,Alan Niu,3861173
2026-07-02T09:05:59.459258,2026-07-02T09:05:59.471222+00:00,118.0,2,ask,EarnestEspressos,Alan Niu,3861174
2026-07-02T09:05:59.565863,2026-07-02T09:05:59.576727+00:00,118.0,2,ask,EarnestEspressos,Alan Niu,3861177
2026-07-02T09:05:59.671473,2026-07-02T09:05:59.683162+00:00,118.0,2,ask,EarnestEspressos,Alan Niu,3861179
2026-07-02T09:05:59.777496,2026-07-02T09:05:59.789325+00:00,118.0,2,ask,EarnestEspressos,Alan Niu,3861181
2026-07-02T09:05:59.882957,2026-07-02T09:05:59.891757+00:00,118.0,2,ask,EarnestEspressos,Alan Niu,3861182
2026-07-02T09:06:00.280026,2026-07-02T09:06:00.291139+00:00,118.3,3,bid,CostlyCorianders,Kelvin Chan,3861191
2026-07-02T09:06:00.280026,2026-07-02T09:06:00.296395+00:00,118.3,45,bid,CostlyCorianders,EarnestEspressos,3861192
2026-07-02T09:06:00.539822,2026-07-02T09:06:00.550321+00:00,118.0,2,ask,Kelvin Chan,Alan Niu,3861200
2026-07-02T09:06:00.647258,2026-07-02T09:06:00.659207+00:00,118.0,1,ask,Kelvin Chan,Alan Niu,3861201
2026-07-02T09:06:00.647258,2026-07-02T09:06:00.659207+00:00,117.8,1,ask,EarnestEspressos,Alan Niu,3861202
2026-07-02T09:06:01.443857,2026-07-02T09:06:01.450562+00:00,117.8,50,ask,EarnestEspressos,FlawlessFlatbreads,3861218
2026-07-02T09:06:02.486921,2026-07-02T09:06:02.496353+00:00,118.3,46,bid,CostlyCorianders,EarnestEspressos,3861239
2026-07-02T09:06:03.556452,2026-07-02T09:06:03.568406+00:00,118.0,50,ask,EarnestEspressos,FlawlessFlatbreads,3861258
2026-07-02T09:06:05.171058,2026-07-02T09:06:05.182754+00:00,118.0,46,ask,EarnestEspressos,CostlyCorianders,3861303
2026-07-02T09:06:05.613967,2026-07-02T09:06:05.625787+00:00,118.3,3,bid,FlawlessFlatbreads,Kelvin Chan,3861311
2026-07-02T09:06:05.613967,2026-07-02T09:06:05.625787+00:00,118.3,47,bid,FlawlessFlatbreads,DiligentDonuts,3861312
2026-07-02T09:06:07.726855,2026-07-02T09:06:07.738358+00:00,118.1,50,bid,FlawlessFlatbreads,EarnestEspressos,3861361
2026-07-02T09:06:09.592690,2026-07-02T09:06:09.604376+00:00,118.0,48,ask,DiligentDonuts,CostlyCorianders,3861393
2026-07-02T09:06:09.838269,2026-07-02T09:06:09.849817+00:00,118.3,5,bid,FlawlessFlatbreads,Kelvin Chan,3861399
2026-07-02T09:06:09.838269,2026-07-02T09:06:09.849817+00:00,118.3,45,bid,FlawlessFlatbreads,EarnestEspressos,3861400
2026-07-02T09:06:11.599896,2026-07-02T09:06:11.611703+00:00,118.0,47,ask,DiligentDonuts,CostlyCorianders,3861442
2026-07-02T09:06:11.963761,2026-07-02T09:06:11.975230+00:00,118.2,5,bid,FlawlessFlatbreads,Kelvin Chan,3861458
2026-07-02T09:06:11.963761,2026-07-02T09:06:11.975230+00:00,118.2,45,bid,FlawlessFlatbreads,DiligentDonuts,3861459
2026-07-02T09:06:14.072144,2026-07-02T09:06:14.083662+00:00,118.2,13,bid,FlawlessFlatbreads,DiligentDonuts,3861497
2026-07-02T09:06:14.072144,2026-07-02T09:06:14.083662+00:00,118.4,37,bid,FlawlessFlatbreads,EarnestEspressos,3861498
2026-07-02T09:06:16.248384,2026-07-02T09:06:16.256873+00:00,117.9,4,ask,Kelvin Chan,FlawlessFlatbreads,3861525
2026-07-02T09:06:16.248384,2026-07-02T09:06:16.256873+00:00,117.9,46,ask,DiligentDonuts,FlawlessFlatbreads,3861526
2026-07-02T09:06:16.356786,2026-07-02T09:06:16.365781+00:00,118.0,4,ask,Kelvin Chan,CostlyCorianders,3861528
2026-07-02T09:06:16.356786,2026-07-02T09:06:16.365781+00:00,117.9,45,ask,DiligentDonuts,CostlyCorianders,3861529
2026-07-02T09:06:17.210003,2026-07-02T09:06:17.217643+00:00,117.9,9,ask,DiligentDonuts,Alan Niu,3861541
2026-07-02T09:06:17.210003,2026-07-02T09:06:17.223124+00:00,117.9,101,ask,EarnestEspressos,Alan Niu,3861542
2026-07-02T09:06:17.268797,2026-07-02T09:06:17.277705+00:00,117.9,25,ask,EarnestEspressos,Lachlan Han,3861548
2026-07-02T09:06:18.354598,2026-07-02T09:06:18.358616+00:00,117.9,24,ask,EarnestEspressos,FlawlessFlatbreads,3861581
2026-07-02T09:06:18.354598,2026-07-02T09:06:18.358616+00:00,117.9,2,ask,Kelvin Chan,FlawlessFlatbreads,3861582
2026-07-02T09:06:18.354598,2026-07-02T09:06:18.370060+00:00,117.5,24,ask,DiligentDonuts,FlawlessFlatbreads,3861583
2026-07-02T09:06:18.682163,2026-07-02T09:06:18.693990+00:00,118.0,46,bid,CostlyCorianders,DiligentDonuts,3861585
2026-07-02T09:06:20.464968,2026-07-02T09:06:20.473057+00:00,117.5,50,ask,DiligentDonuts,FlawlessFlatbreads,3861615
2026-07-02T09:06:22.240543,2026-07-02T09:06:22.252252+00:00,117.8,43,bid,CostlyCorianders,EarnestEspressos,3861645
2026-07-02T09:06:22.520552,2026-07-02T09:06:22.529675+00:00,117.8,50,bid,FlawlessFlatbreads,EarnestEspressos,3861657
2026-07-02T09:06:23.306556,2026-07-02T09:06:23.318268+00:00,117.8,47,bid,CostlyCorianders,EarnestEspressos,3861664
2026-07-02T09:06:23.363780,2026-07-02T09:06:23.372498+00:00,117.4,42,ask,DiligentDonuts,CostlyCorianders,3861665
2026-07-02T09:06:24.575803,2026-07-02T09:06:24.587256+00:00,117.7,2,ask,Kelvin Chan,DiligentDonuts,3861692
2026-07-02T09:06:24.589975,2026-07-02T09:06:24.599112+00:00,117.6,3,bid,Xuanyu Liu,DiligentDonuts,3861695
2026-07-02T09:06:24.680669,2026-07-02T09:06:24.692544+00:00,117.3,50,ask,EarnestEspressos,FlawlessFlatbreads,3861699
2026-07-02T09:06:24.998681,2026-07-02T09:06:25.010652+00:00,117.3,45,ask,EarnestEspressos,CostlyCorianders,3861705
2026-07-02T09:06:26.578200,2026-07-02T09:06:26.589666+00:00,117.6,5,bid,Kelvin Chan,DiligentDonuts,3861723
2026-07-02T09:06:26.642253,2026-07-02T09:06:26.663996+00:00,117.6,4,bid,Kelvin Chan,DiligentDonuts,3861725
2026-07-02T09:06:26.790880,2026-07-02T09:06:26.799954+00:00,117.3,50,ask,EarnestEspressos,FlawlessFlatbreads,3861730
2026-07-02T09:06:26.800509,2026-07-02T09:06:26.810176+00:00,117.6,4,bid,Kelvin Chan,DiligentDonuts,3861731
2026-07-02T09:06:27.029761,2026-07-02T09:06:27.038864+00:00,117.6,4,bid,Kelvin Chan,DiligentDonuts,3861738
2026-07-02T09:06:27.368679,2026-07-02T09:06:27.377657+00:00,117.6,3,bid,Kelvin Chan,DiligentDonuts,3861748
2026-07-02T09:06:27.418021,2026-07-02T09:06:27.425298+00:00,117.6,2,bid,Kelvin Chan,DiligentDonuts,3861749
2026-07-02T09:06:27.578675,2026-07-02T09:06:27.585452+00:00,117.6,3,bid,Kelvin Chan,DiligentDonuts,3861752
2026-07-02T09:06:27.739376,2026-07-02T09:06:27.749728+00:00,117.6,2,ask,Kelvin Chan,DiligentDonuts,3861760
2026-07-02T09:06:27.805448,2026-07-02T09:06:27.815855+00:00,117.6,2,bid,Kelvin Chan,DiligentDonuts,3861762
2026-07-02T09:06:28.899295,2026-07-02T09:06:28.911009+00:00,117.1,50,ask,DiligentDonuts,FlawlessFlatbreads,3861786
2026-07-02T09:06:30.072020,2026-07-02T09:06:30.080209+00:00,117.6,96,bid,Alan Niu,DiligentDonuts,3861808
2026-07-02T09:06:30.072020,2026-07-02T09:06:30.085386+00:00,117.6,104,bid,Alan Niu,EarnestEspressos,3861809
2026-07-02T09:06:30.105437,2026-07-02T09:06:30.112053+00:00,117.6,25,bid,Lachlan Han,EarnestEspressos,3861812
2026-07-02T09:06:30.316330,2026-07-02T09:06:30.327620+00:00,117.6,21,bid,Lachlan Han,EarnestEspressos,3861815
2026-07-02T09:06:30.417179,2026-07-02T09:06:30.428771+00:00,117.9,3,bid,CostlyCorianders,Kelvin Chan,3861816
2026-07-02T09:06:31.007327,2026-07-02T09:06:31.014784+00:00,117.5,1,ask,Kelvin Chan,Alan Niu,3861827
2026-07-02T09:06:31.007327,2026-07-02T09:06:31.020034+00:00,117.3,49,ask,DiligentDonuts,FlawlessFlatbreads,3861828
2026-07-02T09:06:31.701168,2026-07-02T09:06:31.730275+00:00,117.7,3,ask,EarnestEspressos,Xuanyu Liu,3861852
2026-07-02T09:06:31.701393,2026-07-02T09:06:31.730275+00:00,117.7,147,ask,EarnestEspressos,Alan Niu,3861853
2026-07-02T09:06:31.843081,2026-07-02T09:06:31.854903+00:00,117.5,1,ask,Kelvin Chan,FlawlessFlatbreads,3861863
2026-07-02T09:06:32.346387,2026-07-02T09:06:32.357920+00:00,117.8,3,bid,CostlyCorianders,Kelvin Chan,3861873
2026-07-02T09:06:32.346387,2026-07-02T09:06:32.357920+00:00,117.8,46,bid,CostlyCorianders,DiligentDonuts,3861874
2026-07-02T09:06:32.908273,2026-07-02T09:06:32.919165+00:00,117.8,49,bid,CostlyCorianders,DiligentDonuts,3861882
2026-07-02T09:06:32.962433,2026-07-02T09:06:32.972244+00:00,117.5,3,ask,Kelvin Chan,CostlyCorianders,3861884
2026-07-02T09:06:32.962433,2026-07-02T09:06:32.972244+00:00,117.3,43,ask,DiligentDonuts,CostlyCorianders,3861885
2026-07-02T09:06:33.114753,2026-07-02T09:06:33.122260+00:00,117.3,8,ask,DiligentDonuts,FlawlessFlatbreads,3861888
2026-07-02T09:06:34.620640,2026-07-02T09:06:34.630541+00:00,117.8,3,bid,CostlyCorianders,Kelvin Chan,3861911
2026-07-02T09:06:34.620640,2026-07-02T09:06:34.630541+00:00,117.9,45,bid,CostlyCorianders,DiligentDonuts,3861912
2026-07-02T09:06:35.149364,2026-07-02T09:06:35.161192+00:00,117.5,2,ask,Kelvin Chan,CostlyCorianders,3861920
2026-07-02T09:06:35.149364,2026-07-02T09:06:35.161192+00:00,117.4,41,ask,DiligentDonuts,CostlyCorianders,3861921
2026-07-02T09:06:35.220976,2026-07-02T09:06:35.232430+00:00,117.4,50,ask,DiligentDonuts,FlawlessFlatbreads,3861922
2026-07-02T09:06:35.640302,2026-07-02T09:06:35.651981+00:00,117.7,42,bid,CostlyCorianders,EarnestEspressos,3861930
2026-07-02T09:06:37.327780,2026-07-02T09:06:37.336502+00:00,117.4,2,ask,Kelvin Chan,FlawlessFlatbreads,3861975
2026-07-02T09:06:37.327780,2026-07-02T09:06:37.336502+00:00,117.2,48,ask,EarnestEspressos,FlawlessFlatbreads,3861976
2026-07-02T09:06:38.059723,2026-07-02T09:06:38.070315+00:00,117.6,3,bid,Xuanyu Liu,EarnestEspressos,3861984
2026-07-02T09:06:39.434445,2026-07-02T09:06:39.441639+00:00,117.4,2,ask,Kelvin Chan,FlawlessFlatbreads,3862014
2026-07-02T09:06:39.434445,2026-07-02T09:06:39.446834+00:00,117.2,48,ask,DiligentDonuts,FlawlessFlatbreads,3862015
2026-07-02T09:06:41.543164,2026-07-02T09:06:41.554919+00:00,117.4,2,ask,Kelvin Chan,FlawlessFlatbreads,3862052
2026-07-02T09:06:41.543164,2026-07-02T09:06:41.554919+00:00,117.1,48,ask,EarnestEspressos,FlawlessFlatbreads,3862053
2026-07-02T09:06:42.372771,2026-07-02T09:06:42.384607+00:00,117.3,2,ask,Kelvin Chan,CostlyCorianders,3862062
2026-07-02T09:06:42.372771,2026-07-02T09:06:42.384607+00:00,117.1,41,ask,EarnestEspressos,CostlyCorianders,3862063
2026-07-02T09:06:43.148737,2026-07-02T09:06:43.155835+00:00,117.5,25,bid,Lachlan Han,DiligentDonuts,3862079
2026-07-02T09:06:43.215060,2026-07-02T09:06:43.224941+00:00,117.5,75,bid,Alan Niu,DiligentDonuts,3862082
2026-07-02T09:06:43.651990,2026-07-02T09:06:43.658598+00:00,117.4,50,ask,DiligentDonuts,FlawlessFlatbreads,3862101
2026-07-02T09:06:43.930458,2026-07-02T09:06:43.942167+00:00,117.6,2,bid,Alan Niu,Kelvin Chan,3862106
2026-07-02T09:06:43.930458,2026-07-02T09:06:43.942167+00:00,117.6,71,bid,Alan Niu,EarnestEspressos,3862107
2026-07-02T09:06:43.959371,2026-07-02T09:06:43.966160+00:00,117.6,25,bid,Lachlan Han,EarnestEspressos,3862110
2026-07-02T09:06:44.173260,2026-07-02T09:06:44.180938+00:00,117.6,25,bid,Lachlan Han,EarnestEspressos,3862121
2026-07-02T09:06:46.087630,2026-07-02T09:06:46.094120+00:00,117.9,43,bid,CostlyCorianders,DiligentDonuts,3862155
2026-07-02T09:06:47.864577,2026-07-02T09:06:47.876267+00:00,117.4,50,ask,DiligentDonuts,FlawlessFlatbreads,3862178
2026-07-02T09:06:48.358610,2026-07-02T09:06:48.371163+00:00,117.6,1,bid,Chester Au,Kelvin Chan,3862195
2026-07-02T09:06:48.467865,2026-07-02T09:06:48.474879+00:00,117.8,25,bid,Lachlan Han,EarnestEspressos,3862200
2026-07-02T09:06:48.689756,2026-07-02T09:06:48.701101+00:00,117.8,25,bid,Lachlan Han,EarnestEspressos,3862208
2026-07-02T09:06:49.920391,2026-07-02T09:06:49.929138+00:00,117.8,50,bid,FlawlessFlatbreads,EarnestEspressos,3862227
2026-07-02T09:06:52.076944,2026-07-02T09:06:52.084849+00:00,117.7,50,ask,EarnestEspressos,FlawlessFlatbreads,3862269
2026-07-02T09:06:53.029949,2026-07-02T09:06:53.041466+00:00,117.7,100,ask,EarnestEspressos,DiligentDonuts,3862300
2026-07-02T09:06:53.523776,2026-07-02T09:06:53.533669+00:00,117.3,1,ask,Kelvin Chan,CostlyCorianders,3862309
2026-07-02T09:06:53.523776,2026-07-02T09:06:53.533669+00:00,117.2,48,ask,DiligentDonuts,CostlyCorianders,3862310
2026-07-02T09:06:54.114009,2026-07-02T09:06:54.124944+00:00,117.6,40,bid,CostlyCorianders,EarnestEspressos,3862314
2026-07-02T09:06:54.132787,2026-07-02T09:06:54.140921+00:00,117.6,50,bid,FlawlessFlatbreads,EarnestEspressos,3862316
2026-07-02T09:06:56.239365,2026-07-02T09:06:56.250807+00:00,117.6,50,bid,FlawlessFlatbreads,EarnestEspressos,3862357
2026-07-02T09:06:57.732495,2026-07-02T09:06:57.744033+00:00,117.5,42,ask,EarnestEspressos,CostlyCorianders,3862389
2026-07-02T09:06:58.352372,2026-07-02T09:06:58.353353+00:00,117.6,4,bid,FlawlessFlatbreads,Kelvin Chan,3862399
2026-07-02T09:06:58.352372,2026-07-02T09:06:58.353353+00:00,117.8,46,bid,FlawlessFlatbreads,DiligentDonuts,3862400
2026-07-02T09:06:59.646261,2026-07-02T09:06:59.655179+00:00,117.5,3,ask,EarnestEspressos,Xuanyu Liu,3862431
2026-07-02T09:06:59.682756,2026-07-02T09:06:59.694365+00:00,117.5,105,ask,EarnestEspressos,Alan Niu,3862434
2026-07-02T09:07:00.172832,2026-07-02T09:07:00.182534+00:00,117.3,100,ask,DiligentDonuts,EarnestEspressos,3862443
2026-07-02T09:07:00.183974,2026-07-02T09:07:00.200017+00:00,117.2,3,bid,Xuanyu Liu,EarnestEspressos,3862444
2026-07-02T09:07:00.201805,2026-07-02T09:07:00.215684+00:00,117.2,47,bid,Alan Niu,EarnestEspressos,3862447
2026-07-02T09:07:00.510337,2026-07-02T09:07:00.519520+00:00,116.7,50,ask,EarnestEspressos,FlawlessFlatbreads,3862452
2026-07-02T09:07:01.372570,2026-07-02T09:07:01.382841+00:00,117.7,4,bid,CostlyCorianders,Kelvin Chan,3862470
2026-07-02T09:07:02.569006,2026-07-02T09:07:02.587536+00:00,117.5,50,bid,Chester Au,DiligentDonuts,3862494
2026-07-02T09:07:02.800723,2026-07-02T09:07:02.810997+00:00,117.5,50,bid,FlawlessFlatbreads,DiligentDonuts,3862500
2026-07-02T09:07:02.818671,2026-07-02T09:07:02.827117+00:00,117.6,4,bid,Alan Niu,Kelvin Chan,3862502
2026-07-02T09:07:04.350470,2026-07-02T09:07:04.354498+00:00,117.5,45,ask,EarnestEspressos,CostlyCorianders,3862538
2026-07-02T09:07:04.726154,2026-07-02T09:07:04.737776+00:00,117.5,50,ask,EarnestEspressos,FlawlessFlatbreads,3862546
2026-07-02T09:07:05.437924,2026-07-02T09:07:05.449399+00:00,117.6,4,bid,Alan Niu,Kelvin Chan,3862556
2026-07-02T09:07:06.780734,2026-07-02T09:07:06.792589+00:00,117.7,50,bid,FlawlessFlatbreads,EarnestEspressos,3862598
2026-07-02T09:07:07.751826,2026-07-02T09:07:07.758612+00:00,117.7,49,bid,CostlyCorianders,EarnestEspressos,3862618
2026-07-02T09:07:08.261059,2026-07-02T09:07:08.268760+00:00,117.7,42,bid,CostlyCorianders,EarnestEspressos,3862628
2026-07-02T09:07:08.887662,2026-07-02T09:07:08.899391+00:00,117.7,9,bid,FlawlessFlatbreads,EarnestEspressos,3862632
2026-07-02T09:07:08.887662,2026-07-02T09:07:08.899391+00:00,117.7,5,bid,FlawlessFlatbreads,Kelvin Chan,3862633
2026-07-02T09:07:08.887662,2026-07-02T09:07:08.899391+00:00,118.0,36,bid,FlawlessFlatbreads,DiligentDonuts,3862634
2026-07-02T09:07:09.264637,2026-07-02T09:07:09.276301+00:00,117.5,40,ask,DiligentDonuts,CostlyCorianders,3862645
2026-07-02T09:07:11.060759,2026-07-02T09:07:11.069547+00:00,117.7,50,ask,EarnestEspressos,FlawlessFlatbreads,3862672
2026-07-02T09:07:11.104223,2026-07-02T09:07:11.110866+00:00,117.7,3,ask,EarnestEspressos,Kelvin Chan,3862675
2026-07-02T09:07:13.116788,2026-07-02T09:07:13.124844+00:00,118.0,50,bid,FlawlessFlatbreads,EarnestEspressos,3862732
2026-07-02T09:07:15.224662,2026-07-02T09:07:15.236674+00:00,118.0,50,bid,FlawlessFlatbreads,EarnestEspressos,3862759
2026-07-02T09:07:15.955702,2026-07-02T09:07:15.955012+00:00,118.0,51,ask,EarnestEspressos,Chester Au,3862766
2026-07-02T09:07:15.960529,2026-07-02T09:07:15.971364+00:00,118.0,14,ask,EarnestEspressos,Xuanyu Liu,3862767
2026-07-02T09:07:15.975318,2026-07-02T09:07:15.986645+00:00,118.0,85,ask,EarnestEspressos,Alan Niu,3862770
2026-07-02T09:07:17.388956,2026-07-02T09:07:17.400445+00:00,117.6,50,ask,DiligentDonuts,FlawlessFlatbreads,3862798
2026-07-02T09:07:18.625465,2026-07-02T09:07:18.637199+00:00,117.4,43,ask,DiligentDonuts,CostlyCorianders,3862818
2026-07-02T09:07:18.925288,2026-07-02T09:07:18.936321+00:00,117.7,11,bid,Xuanyu Liu,Kelvin Chan,3862821
2026-07-02T09:07:19.495238,2026-07-02T09:07:19.507097+00:00,117.4,50,ask,DiligentDonuts,FlawlessFlatbreads,3862825
2026-07-02T09:07:21.145395,2026-07-02T09:07:21.153681+00:00,117.7,3,bid,Xuanyu Liu,Kelvin Chan,3862861
2026-07-02T09:07:23.662715,2026-07-02T09:07:23.674614+00:00,117.7,1,bid,FlawlessFlatbreads,Kelvin Chan,3862893
2026-07-02T09:07:23.662715,2026-07-02T09:07:23.674614+00:00,117.7,49,bid,FlawlessFlatbreads,DiligentDonuts,3862894
2026-07-02T09:07:25.109561,2026-07-02T09:07:25.121211+00:00,117.7,100,bid,Alan Niu,DiligentDonuts,3862925
2026-07-02T09:07:25.236208,2026-07-02T09:07:25.247939+00:00,117.9,43,bid,CostlyCorianders,EarnestEspressos,3862929
2026-07-02T09:07:25.771236,2026-07-02T09:07:25.782858+00:00,118.2,50,bid,FlawlessFlatbreads,EarnestEspressos,3862933
2026-07-02T09:07:27.667046,2026-07-02T09:07:27.674438+00:00,117.7,49,ask,EarnestEspressos,CostlyCorianders,3862972
2026-07-02T09:07:27.932081,2026-07-02T09:07:27.941786+00:00,117.7,50,ask,EarnestEspressos,FlawlessFlatbreads,3862980
2026-07-02T09:07:28.210925,2026-07-02T09:07:28.222394+00:00,118.1,44,bid,CostlyCorianders,DiligentDonuts,3862984
2026-07-02T09:07:30.038147,2026-07-02T09:07:30.048213+00:00,117.6,50,ask,DiligentDonuts,FlawlessFlatbreads,3863015
2026-07-02T09:07:30.282006,2026-07-02T09:07:30.293922+00:00,117.8,47,bid,CostlyCorianders,EarnestEspressos,3863023
2026-07-02T09:07:30.333791,2026-07-02T09:07:30.345625+00:00,117.8,35,bid,Alan Niu,EarnestEspressos,3863027
2026-07-02T09:07:30.338064,2026-07-02T09:07:30.345625+00:00,117.6,41,ask,DiligentDonuts,CostlyCorianders,3863028
2026-07-02T09:07:32.144457,2026-07-02T09:07:32.163883+00:00,117.7,50,ask,DiligentDonuts,FlawlessFlatbreads,3863072
2026-07-02T09:07:34.250994,2026-07-02T09:07:34.257428+00:00,117.7,50,ask,EarnestEspressos,FlawlessFlatbreads,3863120
2026-07-02T09:07:36.305737,2026-07-02T09:07:36.317397+00:00,117.8,50,bid,FlawlessFlatbreads,DiligentDonuts,3863162
2026-07-02T09:07:37.777842,2026-07-02T09:07:37.784774+00:00,117.7,44,ask,DiligentDonuts,CostlyCorianders,3863189
2026-07-02T09:07:38.462286,2026-07-02T09:07:38.474130+00:00,117.7,50,ask,DiligentDonuts,FlawlessFlatbreads,3863205
2026-07-02T09:07:39.472923,2026-07-02T09:07:39.484814+00:00,118.2,43,bid,CostlyCorianders,DiligentDonuts,3863220
2026-07-02T09:07:40.520271,2026-07-02T09:07:40.532054+00:00,117.9,2,bid,FlawlessFlatbreads,Kelvin Chan,3863239
2026-07-02T09:07:40.520271,2026-07-02T09:07:40.532054+00:00,118.0,48,bid,FlawlessFlatbreads,DiligentDonuts,3863240
2026-07-02T09:07:41.169934,2026-07-02T09:07:41.181894+00:00,117.9,1,bid,CostlyCorianders,Kelvin Chan,3863247
2026-07-02T09:07:41.169934,2026-07-02T09:07:41.181894+00:00,118.0,43,bid,CostlyCorianders,DiligentDonuts,3863248
2026-07-02T09:07:41.698890,2026-07-02T09:07:41.710408+00:00,117.7,40,ask,EarnestEspressos,CostlyCorianders,3863267
2026-07-02T09:07:44.733213,2026-07-02T09:07:44.745178+00:00,117.9,2,bid,FlawlessFlatbreads,Kelvin Chan,3863322
2026-07-02T09:07:44.733213,2026-07-02T09:07:44.745178+00:00,118.0,48,bid,FlawlessFlatbreads,EarnestEspressos,3863323
2026-07-02T09:07:45.718041,2026-07-02T09:07:45.725292+00:00,118.0,47,bid,CostlyCorianders,EarnestEspressos,3863344
2026-07-02T09:07:48.946298,2026-07-02T09:07:48.952969+00:00,118.0,2,bid,FlawlessFlatbreads,Kelvin Chan,3863404
2026-07-02T09:07:48.946298,2026-07-02T09:07:48.952969+00:00,118.2,48,bid,FlawlessFlatbreads,DiligentDonuts,3863405
2026-07-02T09:07:50.333076,2026-07-02T09:07:50.342212+00:00,118.1,3,ask,DiligentDonuts,Kelvin Chan,3863423
2026-07-02T09:07:50.358631,2026-07-02T09:07:50.368383+00:00,118.1,2,ask,DiligentDonuts,Kelvin Chan,3863424
2026-07-02T09:07:51.107445,2026-07-02T09:07:51.118919+00:00,118.1,50,ask,DiligentDonuts,FlawlessFlatbreads,3863446
2026-07-02T09:07:53.210451,2026-07-02T09:07:53.222135+00:00,118.3,42,ask,DiligentDonuts,CostlyCorianders,3863493
2026-07-02T09:07:53.218051,2026-07-02T09:07:53.227337+00:00,118.3,50,ask,DiligentDonuts,FlawlessFlatbreads,3863494
2026-07-02T09:07:55.327812,2026-07-02T09:07:55.339003+00:00,118.3,8,ask,DiligentDonuts,FlawlessFlatbreads,3863533
2026-07-02T09:07:55.327812,2026-07-02T09:07:55.339003+00:00,118.3,42,ask,EarnestEspressos,FlawlessFlatbreads,3863534
2026-07-02T09:07:56.288502,2026-07-02T09:07:56.296208+00:00,118.3,100,ask,EarnestEspressos,DiligentDonuts,3863551
2026-07-02T09:07:57.383856,2026-07-02T09:07:57.395561+00:00,118.1,50,bid,FlawlessFlatbreads,EarnestEspressos,3863563
2026-07-02T09:07:57.901782,2026-07-02T09:07:57.910387+00:00,118.1,100,bid,Chester Au,EarnestEspressos,3863574
2026-07-02T09:07:59.492457,2026-07-02T09:07:59.504043+00:00,118.6,50,bid,FlawlessFlatbreads,DiligentDonuts,3863619
2026-07-02T09:08:00.178670,2026-07-02T09:08:00.190362+00:00,118.1,41,ask,DiligentDonuts,CostlyCorianders,3863634
2026-07-02T09:08:00.681973,2026-07-02T09:08:00.693587+00:00,118.6,42,bid,CostlyCorianders,DiligentDonuts,3863642
2026-07-02T09:08:01.602680,2026-07-02T09:08:01.614206+00:00,118.6,8,bid,FlawlessFlatbreads,DiligentDonuts,3863654
2026-07-02T09:08:01.602680,2026-07-02T09:08:01.614206+00:00,118.8,42,bid,FlawlessFlatbreads,EarnestEspressos,3863655
2026-07-02T09:08:03.289760,2026-07-02T09:08:03.299277+00:00,118.3,47,ask,EarnestEspressos,CostlyCorianders,3863683
2026-07-02T09:08:03.411895,2026-07-02T09:08:03.423825+00:00,118.4,1,bid,EarnestEspressos,Kelvin Chan,3863684
2026-07-02T09:08:03.725671,2026-07-02T09:08:03.735701+00:00,118.8,50,bid,FlawlessFlatbreads,DiligentDonuts,3863690
2026-07-02T09:08:05.771164,2026-07-02T09:08:05.782583+00:00,118.9,45,bid,CostlyCorianders,EarnestEspressos,3863727
2026-07-02T09:08:08.917254,2026-07-02T09:08:08.925688+00:00,118.6,3,ask,DiligentDonuts,Xuanyu Liu,3863795
2026-07-02T09:08:08.958097,2026-07-02T09:08:08.967584+00:00,118.6,97,ask,DiligentDonuts,Alan Niu,3863797
2026-07-02T09:08:09.458465,2026-07-02T09:08:09.469032+00:00,118.5,44,ask,EarnestEspressos,CostlyCorianders,3863809
2026-07-02T09:08:10.090967,2026-07-02T09:08:10.102500+00:00,118.4,50,ask,EarnestEspressos,FlawlessFlatbreads,3863814
2026-07-02T09:08:11.499447,2026-07-02T09:08:11.511399+00:00,118.4,45,ask,EarnestEspressos,CostlyCorianders,3863854
2026-07-02T09:08:12.147882,2026-07-02T09:08:12.158567+00:00,118.6,1,bid,FlawlessFlatbreads,Kelvin Chan,3863871
2026-07-02T09:08:12.147882,2026-07-02T09:08:12.158567+00:00,118.9,49,bid,FlawlessFlatbreads,EarnestEspressos,3863872
2026-07-02T09:08:14.284049,2026-07-02T09:08:14.295696+00:00,118.9,50,bid,FlawlessFlatbreads,DiligentDonuts,3863918
2026-07-02T09:08:14.375561,2026-07-02T09:08:14.386527+00:00,118.9,42,bid,CostlyCorianders,DiligentDonuts,3863919
2026-07-02T09:08:16.447670,2026-07-02T09:08:16.468706+00:00,118.6,50,ask,DiligentDonuts,FlawlessFlatbreads,3863955
2026-07-02T09:08:17.096329,2026-07-02T09:08:17.105848+00:00,118.6,50,ask,DiligentDonuts,Alan Niu,3863968
2026-07-02T09:08:17.451401,2026-07-02T09:08:17.458547+00:00,118.4,5,ask,Kelvin Chan,CostlyCorianders,3863974
2026-07-02T09:08:17.451401,2026-07-02T09:08:17.458547+00:00,118.3,38,ask,EarnestEspressos,CostlyCorianders,3863975
2026-07-02T09:08:18.554805,2026-07-02T09:08:18.564856+00:00,118.4,5,ask,Kelvin Chan,FlawlessFlatbreads,3863996
2026-07-02T09:08:18.554805,2026-07-02T09:08:18.564856+00:00,118.3,45,ask,EarnestEspressos,FlawlessFlatbreads,3863997
2026-07-02T09:08:18.973693,2026-07-02T09:08:18.985248+00:00,118.8,46,bid,CostlyCorianders,EarnestEspressos,3864012
2026-07-02T09:08:20.034258,2026-07-02T09:08:20.043370+00:00,118.4,5,ask,Kelvin Chan,CostlyCorianders,3864036
2026-07-02T09:08:20.034258,2026-07-02T09:08:20.043370+00:00,118.3,35,ask,DiligentDonuts,CostlyCorianders,3864037
2026-07-02T09:08:20.535032,2026-07-02T09:08:20.546474+00:00,118.5,46,bid,CostlyCorianders,EarnestEspressos,3864046
2026-07-02T09:08:20.610750,2026-07-02T09:08:20.622725+00:00,118.5,50,bid,FlawlessFlatbreads,EarnestEspressos,3864047
2026-07-02T09:08:22.748737,2026-07-02T09:08:22.755384+00:00,118.6,50,bid,FlawlessFlatbreads,DiligentDonuts,3864087
2026-07-02T09:08:24.434487,2026-07-02T09:08:24.446320+00:00,118.5,53,ask,EarnestEspressos,Alan Niu,3864133
2026-07-02T09:08:24.465591,2026-07-02T09:08:24.477381+00:00,118.5,25,ask,EarnestEspressos,Lachlan Han,3864136
2026-07-02T09:08:24.678221,2026-07-02T09:08:24.687226+00:00,118.5,25,ask,EarnestEspressos,Lachlan Han,3864141
2026-07-02T09:08:24.763412,2026-07-02T09:08:24.775145+00:00,118.6,3,bid,CostlyCorianders,Kelvin Chan,3864143
2026-07-02T09:08:24.888752,2026-07-02T09:08:24.900305+00:00,118.5,25,ask,EarnestEspressos,Lachlan Han,3864145
2026-07-02T09:08:24.906427,2026-07-02T09:08:24.917866+00:00,118.5,22,ask,EarnestEspressos,FlawlessFlatbreads,3864147
2026-07-02T09:08:24.906427,2026-07-02T09:08:24.917866+00:00,118.4,2,ask,Kelvin Chan,FlawlessFlatbreads,3864148
2026-07-02T09:08:24.906427,2026-07-02T09:08:24.917866+00:00,118.2,26,ask,DiligentDonuts,FlawlessFlatbreads,3864149
2026-07-02T09:08:25.619120,2026-07-02T09:08:25.627350+00:00,118.4,3,bid,Xuanyu Liu,EarnestEspressos,3864162
2026-07-02T09:08:25.649413,2026-07-02T09:08:25.660970+00:00,118.4,147,bid,Alan Niu,EarnestEspressos,3864164
2026-07-02T09:08:27.015350,2026-07-02T09:08:27.027303+00:00,118.3,1,ask,Kelvin Chan,FlawlessFlatbreads,3864193
2026-07-02T09:08:27.015350,2026-07-02T09:08:27.027303+00:00,118.2,49,ask,DiligentDonuts,FlawlessFlatbreads,3864194
2026-07-02T09:08:27.420186,2026-07-02T09:08:27.431642+00:00,118.7,41,bid,CostlyCorianders,DiligentDonuts,3864198
2026-07-02T09:08:29.122192,2026-07-02T09:08:29.134094+00:00,118.5,50,ask,EarnestEspressos,FlawlessFlatbreads,3864226
2026-07-02T09:08:31.230646,2026-07-02T09:08:31.242350+00:00,118.5,50,ask,EarnestEspressos,FlawlessFlatbreads,3864273
2026-07-02T09:08:33.285697,2026-07-02T09:08:33.297324+00:00,118.6,50,bid,FlawlessFlatbreads,EarnestEspressos,3864319
2026-07-02T09:08:34.623328,2026-07-02T09:08:34.634384+00:00,118.1,43,ask,EarnestEspressos,CostlyCorianders,3864356
2026-07-02T09:08:35.399312,2026-07-02T09:08:35.408718+00:00,118.5,50,bid,FlawlessFlatbreads,EarnestEspressos,3864373
2026-07-02T09:08:37.506958,2026-07-02T09:08:37.518628+00:00,118.5,50,bid,FlawlessFlatbreads,EarnestEspressos,3864404
2026-07-02T09:08:37.717026,2026-07-02T09:08:37.728688+00:00,118.3,3,ask,Kelvin Chan,CostlyCorianders,3864410
2026-07-02T09:08:37.717026,2026-07-02T09:08:37.728688+00:00,118.1,40,ask,DiligentDonuts,CostlyCorianders,3864411
2026-07-02T09:08:39.665987,2026-07-02T09:08:39.675566+00:00,118.4,50,ask,EarnestEspressos,FlawlessFlatbreads,3864438
2026-07-02T09:08:40.842188,2026-07-02T09:08:40.853999+00:00,118.5,43,bid,CostlyCorianders,DiligentDonuts,3864466
2026-07-02T09:08:41.214874,2026-07-02T09:08:41.233494+00:00,118.4,3,ask,EarnestEspressos,Xuanyu Liu,3864474
2026-07-02T09:08:41.322346,2026-07-02T09:08:41.329912+00:00,118.3,2,ask,Kelvin Chan,Alan Niu,3864481
2026-07-02T09:08:41.427099,2026-07-02T09:08:41.434289+00:00,118.3,1,ask,Kelvin Chan,Alan Niu,3864484
2026-07-02T09:08:41.427099,2026-07-02T09:08:41.439689+00:00,118.1,1,ask,EarnestEspressos,Alan Niu,3864485
2026-07-02T09:08:45.054229,2026-07-02T09:08:45.064007+00:00,118.1,48,ask,DiligentDonuts,CostlyCorianders,3864590
2026-07-02T09:08:45.563928,2026-07-02T09:08:45.570761+00:00,118.6,43,bid,CostlyCorianders,DiligentDonuts,3864604
2026-07-02T09:08:45.936216,2026-07-02T09:08:45.948081+00:00,118.5,6,bid,FlawlessFlatbreads,Kelvin Chan,3864610
2026-07-02T09:08:45.936216,2026-07-02T09:08:45.948081+00:00,118.6,44,bid,FlawlessFlatbreads,DiligentDonuts,3864611
2026-07-02T09:08:46.708307,2026-07-02T09:08:46.716296+00:00,118.1,42,ask,DiligentDonuts,CostlyCorianders,3864625
2026-07-02T09:08:48.825151,2026-07-02T09:08:48.836640+00:00,118.5,40,bid,CostlyCorianders,DiligentDonuts,3864664
2026-07-02T09:08:49.309880,2026-07-02T09:08:49.321504+00:00,118.5,49,bid,CostlyCorianders,DiligentDonuts,3864674
2026-07-02T09:08:50.148821,2026-07-02T09:08:50.160668+00:00,118.6,4,bid,FlawlessFlatbreads,Kelvin Chan,3864688
2026-07-02T09:08:50.148821,2026-07-02T09:08:50.160668+00:00,118.6,46,bid,FlawlessFlatbreads,EarnestEspressos,3864689
2026-07-02T09:08:52.258964,2026-07-02T09:08:52.270830+00:00,118.5,6,bid,FlawlessFlatbreads,Kelvin Chan,3864722
2026-07-02T09:08:52.258964,2026-07-02T09:08:52.270830+00:00,118.7,44,bid,FlawlessFlatbreads,EarnestEspressos,3864723
2026-07-02T09:08:54.098814,2026-07-02T09:08:54.110606+00:00,118.5,143,ask,EarnestEspressos,Alan Niu,3864750
2026-07-02T09:08:54.173695,2026-07-02T09:08:54.180791+00:00,118.5,7,ask,EarnestEspressos,Lachlan Han,3864752
2026-07-02T09:08:54.419066,2026-07-02T09:08:54.433387+00:00,118.4,50,ask,DiligentDonuts,FlawlessFlatbreads,3864757
2026-07-02T09:08:56.527936,2026-07-02T09:08:56.539892+00:00,118.3,1,ask,Kelvin Chan,FlawlessFlatbreads,3864792
2026-07-02T09:08:56.527936,2026-07-02T09:08:56.539892+00:00,118.2,49,ask,DiligentDonuts,FlawlessFlatbreads,3864793
2026-07-02T09:08:58.213774,2026-07-02T09:08:58.224190+00:00,118.4,3,bid,Xuanyu Liu,EarnestEspressos,3864819
2026-07-02T09:08:58.639728,2026-07-02T09:08:58.650618+00:00,118.3,2,ask,Kelvin Chan,FlawlessFlatbreads,3864831
2026-07-02T09:08:58.639728,2026-07-02T09:08:58.650618+00:00,118.2,48,ask,DiligentDonuts,FlawlessFlatbreads,3864832
2026-07-02T09:08:59.597180,2026-07-02T09:08:59.608052+00:00,118.4,25,bid,Lachlan Han,EarnestEspressos,3864843
2026-07-02T09:08:59.626643,2026-07-02T09:08:59.638243+00:00,118.4,122,bid,Alan Niu,EarnestEspressos,3864844
2026-07-02T09:09:00.333193,2026-07-02T09:09:00.345007+00:00,118.6,3,bid,EarnestEspressos,Kelvin Chan,3864853
2026-07-02T09:09:00.333193,2026-07-02T09:09:00.345007+00:00,118.6,100,bid,EarnestEspressos,DiligentDonuts,3864854
2026-07-02T09:09:00.339654,2026-07-02T09:09:00.350026+00:00,118.7,4,ask,EarnestEspressos,Alan Niu,3864855
2026-07-02T09:09:00.414636,2026-07-02T09:09:00.430328+00:00,118.7,4,ask,EarnestEspressos,Kelvin Chan,3864857
2026-07-02T09:09:00.422132,2026-07-02T09:09:00.430328+00:00,118.7,3,ask,EarnestEspressos,Kelvin Chan,3864858
2026-07-02T09:09:00.449134,2026-07-02T09:09:00.460861+00:00,118.7,4,ask,EarnestEspressos,Alan Niu,3864860
2026-07-02T09:09:00.531457,2026-07-02T09:09:00.543108+00:00,118.7,3,ask,EarnestEspressos,Xuanyu Liu,3864862
2026-07-02T09:09:00.561117,2026-07-02T09:09:00.569433+00:00,118.7,7,ask,EarnestEspressos,Alan Niu,3864864
2026-07-02T09:09:00.625266,2026-07-02T09:09:00.636816+00:00,118.7,3,ask,EarnestEspressos,Kelvin Chan,3864866
2026-07-02T09:09:00.749467,2026-07-02T09:09:00.753584+00:00,118.7,19,ask,EarnestEspressos,FlawlessFlatbreads,3864870
2026-07-02T09:09:00.749467,2026-07-02T09:09:00.753584+00:00,118.2,2,ask,Kelvin Chan,FlawlessFlatbreads,3864871
2026-07-02T09:09:00.749467,2026-07-02T09:09:00.753584+00:00,118.1,29,ask,DiligentDonuts,FlawlessFlatbreads,3864872
2026-07-02T09:09:02.859622,2026-07-02T09:09:02.871175+00:00,118.6,50,ask,DiligentDonuts,FlawlessFlatbreads,3864913
2026-07-02T09:09:04.810887,2026-07-02T09:09:04.820287+00:00,118.6,45,ask,DiligentDonuts,CostlyCorianders,3864951
2026-07-02T09:09:04.966575,2026-07-02T09:09:04.978128+00:00,118.6,5,ask,DiligentDonuts,FlawlessFlatbreads,3864953
2026-07-02T09:09:04.966575,2026-07-02T09:09:04.978128+00:00,118.4,45,ask,EarnestEspressos,FlawlessFlatbreads,3864954
2026-07-02T09:09:05.744341,2026-07-02T09:09:05.763656+00:00,118.4,47,ask,EarnestEspressos,CostlyCorianders,3864972
2026-07-02T09:09:06.712999,2026-07-02T09:09:06.722292+00:00,118.4,5,ask,Kelvin Chan,EarnestEspressos,3864986
2026-07-02T09:09:06.726371,2026-07-02T09:09:06.740237+00:00,118.2,100,bid,Chester Au,EarnestEspressos,3864988
2026-07-02T09:09:06.730273,2026-07-02T09:09:06.740237+00:00,118.2,6,bid,Xuanyu Liu,EarnestEspressos,3864989
2026-07-02T09:09:06.757463,2026-07-02T09:09:06.766514+00:00,118.2,5,bid,Kelvin Chan,EarnestEspressos,3864994
2026-07-02T09:09:06.788305,2026-07-02T09:09:06.799735+00:00,118.2,34,bid,Alan Niu,EarnestEspressos,3864996
2026-07-02T09:09:07.075595,2026-07-02T09:09:07.082180+00:00,118.1,50,ask,DiligentDonuts,FlawlessFlatbreads,3864999
2026-07-02T09:09:07.812822,2026-07-02T09:09:07.824444+00:00,118.6,48,bid,CostlyCorianders,DiligentDonuts,3865009
2026-07-02T09:09:09.182633,2026-07-02T09:09:09.190285+00:00,118.1,50,ask,DiligentDonuts,FlawlessFlatbreads,3865034
2026-07-02T09:09:10.370178,2026-07-02T09:09:10.379399+00:00,118.3,3,ask,EarnestEspressos,Xuanyu Liu,3865059
2026-07-02T09:09:11.287866,2026-07-02T09:09:11.299350+00:00,118.3,50,ask,EarnestEspressos,FlawlessFlatbreads,3865070
2026-07-02T09:09:12.230541,2026-07-02T09:09:12.239186+00:00,118.3,97,ask,EarnestEspressos,DiligentDonuts,3865098
2026-07-02T09:09:12.230541,2026-07-02T09:09:12.239186+00:00,118.3,3,ask,Kelvin Chan,DiligentDonuts,3865099
2026-07-02T09:09:13.038359,2026-07-02T09:09:13.058592+00:00,118.3,1,ask,Kelvin Chan,EarnestEspressos,3865119
2026-07-02T09:09:13.118992,2026-07-02T09:09:13.128019+00:00,118.2,59,bid,Alan Niu,EarnestEspressos,3865120
2026-07-02T09:09:13.232285,2026-07-02T09:09:13.239459+00:00,118.2,25,bid,Lachlan Han,EarnestEspressos,3865123
2026-07-02T09:09:13.427192,2026-07-02T09:09:13.438644+00:00,117.8,50,ask,DiligentDonuts,FlawlessFlatbreads,3865131
2026-07-02T09:09:13.442056,2026-07-02T09:09:13.449272+00:00,118.2,25,bid,Lachlan Han,EarnestEspressos,3865133
2026-07-02T09:09:15.459134,2026-07-02T09:09:15.470427+00:00,118.2,8,bid,Lachlan Han,EarnestEspressos,3865166
2026-07-02T09:09:15.542247,2026-07-02T09:09:15.554325+00:00,117.9,50,ask,DiligentDonuts,FlawlessFlatbreads,3865167
2026-07-02T09:09:16.070967,2026-07-02T09:09:16.081925+00:00,118.2,9,bid,Lachlan Han,EarnestEspressos,3865182
2026-07-02T09:09:17.610463,2026-07-02T09:09:17.619530+00:00,118.4,50,bid,FlawlessFlatbreads,DiligentDonuts,3865206
2026-07-02T09:09:18.345355,2026-07-02T09:09:18.352217+00:00,118.1,4,ask,Kelvin Chan,CostlyCorianders,3865220
2026-07-02T09:09:20.401960,2026-07-02T09:09:20.413817+00:00,118.4,45,bid,CostlyCorianders,DiligentDonuts,3865255
2026-07-02T09:09:21.890001,2026-07-02T09:09:21.896875+00:00,118.1,2,ask,Kelvin Chan,FlawlessFlatbreads,3865286
2026-07-02T09:09:21.890001,2026-07-02T09:09:21.902138+00:00,118.1,48,ask,EarnestEspressos,FlawlessFlatbreads,3865287
2026-07-02T09:09:22.794987,2026-07-02T09:09:22.806310+00:00,118.1,44,ask,DiligentDonuts,CostlyCorianders,3865303
2026-07-02T09:09:23.862459,2026-07-02T09:09:23.874136+00:00,118.4,1,bid,CostlyCorianders,Kelvin Chan,3865324
2026-07-02T09:09:23.862459,2026-07-02T09:09:23.874136+00:00,118.5,42,bid,CostlyCorianders,EarnestEspressos,3865325
2026-07-02T09:09:24.389143,2026-07-02T09:09:24.396300+00:00,118.1,40,ask,DiligentDonuts,CostlyCorianders,3865337
2026-07-02T09:09:26.080826,2026-07-02T09:09:26.090249+00:00,118.4,50,bid,FlawlessFlatbreads,DiligentDonuts,3865370
2026-07-02T09:09:26.357871,2026-07-02T09:09:26.369303+00:00,118.4,40,bid,CostlyCorianders,DiligentDonuts,3865378
2026-07-02T09:09:26.850348,2026-07-02T09:09:26.856725+00:00,118.2,46,ask,EarnestEspressos,CostlyCorianders,3865397
2026-07-02T09:09:28.190179,2026-07-02T09:09:28.201774+00:00,118.7,50,bid,FlawlessFlatbreads,EarnestEspressos,3865413
2026-07-02T09:09:28.301953,2026-07-02T09:09:28.311575+00:00,118.4,4,bid,Lachlan Han,Kelvin Chan,3865418
2026-07-02T09:09:30.327178,2026-07-02T09:09:30.335628+00:00,118.4,1,bid,FlawlessFlatbreads,Kelvin Chan,3865460
2026-07-02T09:09:30.327178,2026-07-02T09:09:30.335628+00:00,118.7,49,bid,FlawlessFlatbreads,DiligentDonuts,3865461
2026-07-02T09:09:31.879064,2026-07-02T09:09:31.890987+00:00,118.7,44,bid,CostlyCorianders,EarnestEspressos,3865498
2026-07-02T09:09:32.436189,2026-07-02T09:09:32.445364+00:00,118.7,50,bid,FlawlessFlatbreads,DiligentDonuts,3865511
2026-07-02T09:09:33.039159,2026-07-02T09:09:33.046218+00:00,118.3,49,ask,EarnestEspressos,CostlyCorianders,3865528
2026-07-02T09:09:33.906436,2026-07-02T09:09:33.918201+00:00,118.7,46,bid,CostlyCorianders,DiligentDonuts,3865547
2026-07-02T09:09:34.546020,2026-07-02T09:09:34.555123+00:00,118.8,50,bid,FlawlessFlatbreads,EarnestEspressos,3865563
2026-07-02T09:09:34.997562,2026-07-02T09:09:35.007076+00:00,118.5,14,ask,DiligentDonuts,Xuanyu Liu,3865576
2026-07-02T09:09:35.000488,2026-07-02T09:09:35.007076+00:00,118.5,86,ask,DiligentDonuts,Chester Au,3865577
2026-07-02T09:09:36.657658,2026-07-02T09:09:36.669490+00:00,118.5,3,bid,FlawlessFlatbreads,Kelvin Chan,3865609
2026-07-02T09:09:36.657658,2026-07-02T09:09:36.669490+00:00,118.6,47,bid,FlawlessFlatbreads,EarnestEspressos,3865610
2026-07-02T09:09:36.888801,2026-07-02T09:09:36.897004+00:00,118.2,2,ask,Kelvin Chan,CostlyCorianders,3865615
2026-07-02T09:09:36.888801,2026-07-02T09:09:36.902519+00:00,118.1,38,ask,EarnestEspressos,CostlyCorianders,3865616
2026-07-02T09:09:37.616890,2026-07-02T09:09:37.624318+00:00,118.6,11,bid,Xuanyu Liu,EarnestEspressos,3865637
2026-07-02T09:09:38.405339,2026-07-02T09:09:38.414674+00:00,118.5,40,ask,EarnestEspressos,CostlyCorianders,3865648
2026-07-02T09:09:38.671870,2026-07-02T09:09:38.681040+00:00,118.5,3,ask,EarnestEspressos,Kelvin Chan,3865649
2026-07-02T09:09:38.695121,2026-07-02T09:09:38.704873+00:00,118.5,3,ask,EarnestEspressos,Kelvin Chan,3865650
2026-07-02T09:09:40.038896,2026-07-02T09:09:40.050428+00:00,118.6,48,bid,CostlyCorianders,DiligentDonuts,3865685
2026-07-02T09:09:40.232948,2026-07-02T09:09:40.239830+00:00,118.5,104,ask,EarnestEspressos,Chester Au,3865690
2026-07-02T09:09:40.907789,2026-07-02T09:09:40.919513+00:00,118.6,3,bid,FlawlessFlatbreads,Kelvin Chan,3865704
2026-07-02T09:09:40.907789,2026-07-02T09:09:40.919513+00:00,118.8,47,bid,FlawlessFlatbreads,DiligentDonuts,3865705
2026-07-02T09:09:41.523621,2026-07-02T09:09:41.545490+00:00,118.3,100,ask,DiligentDonuts,EarnestEspressos,3865727
2026-07-02T09:09:41.523621,2026-07-02T09:09:41.545490+00:00,118.2,2,ask,Kelvin Chan,EarnestEspressos,3865728
2026-07-02T09:09:41.536516,2026-07-02T09:09:41.545490+00:00,118.1,3,bid,Xuanyu Liu,EarnestEspressos,3865729
2026-07-02T09:09:41.956932,2026-07-02T09:09:41.958615+00:00,118.1,2,bid,Kelvin Chan,EarnestEspressos,3865737
2026-07-02T09:09:42.342653,2026-07-02T09:09:42.350361+00:00,118.1,2,bid,Kelvin Chan,EarnestEspressos,3865746
2026-07-02T09:09:42.799313,2026-07-02T09:09:42.808062+00:00,118.1,2,bid,Kelvin Chan,EarnestEspressos,3865752
2026-07-02T09:09:42.864583,2026-07-02T09:09:42.874091+00:00,118.1,1,bid,Kelvin Chan,EarnestEspressos,3865754
2026-07-02T09:09:43.031966,2026-07-02T09:09:43.044136+00:00,118.1,38,bid,FlawlessFlatbreads,EarnestEspressos,3865760
2026-07-02T09:09:43.031966,2026-07-02T09:09:43.044136+00:00,118.6,4,bid,FlawlessFlatbreads,Kelvin Chan,3865761
2026-07-02T09:09:43.031966,2026-07-02T09:09:43.044136+00:00,118.8,8,bid,FlawlessFlatbreads,DiligentDonuts,3865762
2026-07-02T09:09:44.760475,2026-07-02T09:09:44.771994+00:00,118.3,42,ask,EarnestEspressos,CostlyCorianders,3865799
2026-07-02T09:09:45.193386,2026-07-02T09:09:45.205068+00:00,118.3,50,ask,EarnestEspressos,FlawlessFlatbreads,3865821
2026-07-02T09:09:45.248317,2026-07-02T09:09:45.260152+00:00,118.7,45,bid,CostlyCorianders,DiligentDonuts,3865822
2026-07-02T09:09:45.474133,2026-07-02T09:09:45.501098+00:00,118.3,10,ask,EarnestEspressos,Chester Au,3865831
2026-07-02T09:09:45.480155,2026-07-02T09:09:45.501098+00:00,118.3,14,ask,EarnestEspressos,Xuanyu Liu,3865832
2026-07-02T09:09:45.518534,2026-07-02T09:09:45.526663+00:00,118.3,34,ask,EarnestEspressos,Alan Niu,3865837
2026-07-02T09:09:45.518534,2026-07-02T09:09:45.526663+00:00,118.2,67,ask,DiligentDonuts,Alan Niu,3865838
2026-07-02T09:09:47.309990,2026-07-02T09:09:47.318483+00:00,118.2,50,ask,DiligentDonuts,EarnestEspressos,3865876
2026-07-02T09:09:47.846390,2026-07-02T09:09:47.863662+00:00,118.2,50,ask,DiligentDonuts,FlawlessFlatbreads,3865886
2026-07-02T09:09:47.886072,2026-07-02T09:09:47.894706+00:00,118.2,14,bid,Xuanyu Liu,EarnestEspressos,3865889
2026-07-02T09:09:49.440995,2026-07-02T09:09:49.458807+00:00,118.2,86,bid,Alan Niu,EarnestEspressos,3865920
2026-07-02T09:09:51.523676,2026-07-02T09:09:51.534192+00:00,118.3,50,ask,EarnestEspressos,FlawlessFlatbreads,3865961
2026-07-02T09:09:52.024919,2026-07-02T09:09:52.037283+00:00,118.3,3,ask,EarnestEspressos,Xuanyu Liu,3865973
2026-07-02T09:09:52.056607,2026-07-02T09:09:52.068444+00:00,118.3,97,ask,EarnestEspressos,Alan Niu,3865975
2026-07-02T09:09:52.260355,2026-07-02T09:09:52.271807+00:00,117.9,41,ask,DiligentDonuts,CostlyCorianders,3865983
2026-07-02T09:09:53.579800,2026-07-02T09:09:53.590496+00:00,118.3,50,bid,FlawlessFlatbreads,DiligentDonuts,3866014
2026-07-02T09:09:54.177003,2026-07-02T09:09:54.187228+00:00,118.2,3,bid,Xuanyu Liu,EarnestEspressos,3866027
2026-07-02T09:09:54.675177,2026-07-02T09:09:54.686703+00:00,118.2,112,bid,Alan Niu,EarnestEspressos,3866045
2026-07-02T09:09:55.686925,2026-07-02T09:09:55.697518+00:00,118.2,35,bid,FlawlessFlatbreads,EarnestEspressos,3866060
2026-07-02T09:09:55.686925,2026-07-02T09:09:55.697518+00:00,118.3,15,bid,FlawlessFlatbreads,DiligentDonuts,3866061
2026-07-02T09:09:57.856391,2026-07-02T09:09:57.868079+00:00,118.3,50,ask,EarnestEspressos,FlawlessFlatbreads,3866108
2026-07-02T09:09:57.885793,2026-07-02T09:09:57.896099+00:00,118.5,2,bid,CostlyCorianders,Kelvin Chan,3866110
2026-07-02T09:09:57.885793,2026-07-02T09:09:57.896099+00:00,118.5,38,bid,CostlyCorianders,DiligentDonuts,3866111
2026-07-02T09:09:58.437789,2026-07-02T09:09:58.446661+00:00,118.3,43,ask,EarnestEspressos,CostlyCorianders,3866123
2026-07-02T09:10:00.495631,2026-07-02T09:10:00.507618+00:00,118.5,100,ask,DiligentDonuts,EarnestEspressos,3866157
2026-07-02T09:10:02.015323,2026-07-02T09:10:02.027015+00:00,118.5,50,bid,FlawlessFlatbreads,EarnestEspressos,3866193
2026-07-02T09:10:03.614688,2026-07-02T09:10:03.627420+00:00,118.5,5,bid,EarnestEspressos,Kelvin Chan,3866224
2026-07-02T09:10:03.614688,2026-07-02T09:10:03.632428+00:00,118.6,100,bid,EarnestEspressos,DiligentDonuts,3866225
2026-07-02T09:10:03.686565,2026-07-02T09:10:03.694981+00:00,118.8,3,ask,EarnestEspressos,Xuanyu Liu,3866229
2026-07-02T09:10:03.770365,2026-07-02T09:10:03.782223+00:00,118.8,25,ask,EarnestEspressos,Lachlan Han,3866232
2026-07-02T09:10:03.985154,2026-07-02T09:10:03.991889+00:00,118.8,17,ask,EarnestEspressos,Lachlan Han,3866238
2026-07-02T09:10:04.123916,2026-07-02T09:10:04.135577+00:00,119.3,50,bid,FlawlessFlatbreads,EarnestEspressos,3866241
2026-07-02T09:10:04.508662,2026-07-02T09:10:04.520135+00:00,119.3,40,bid,CostlyCorianders,EarnestEspressos,3866242
2026-07-02T09:10:05.770396,2026-07-02T09:10:05.785642+00:00,118.5,5,bid,Chester Au,Kelvin Chan,3866257
2026-07-02T09:10:06.232929,2026-07-02T09:10:06.244376+00:00,119.0,50,bid,FlawlessFlatbreads,DiligentDonuts,3866278
2026-07-02T09:10:06.790465,2026-07-02T09:10:06.797574+00:00,118.6,4,ask,EarnestEspressos,Kelvin Chan,3866286
2026-07-02T09:10:08.393561,2026-07-02T09:10:08.401843+00:00,118.6,50,ask,EarnestEspressos,FlawlessFlatbreads,3866319
2026-07-02T09:10:09.192995,2026-07-02T09:10:09.204811+00:00,118.8,100,ask,DiligentDonuts,Alan Niu,3866348
2026-07-02T09:10:10.500751,2026-07-02T09:10:10.512414+00:00,118.6,50,ask,EarnestEspressos,FlawlessFlatbreads,3866370
2026-07-02T09:10:10.705596,2026-07-02T09:10:10.716548+00:00,118.6,42,ask,EarnestEspressos,CostlyCorianders,3866377
2026-07-02T09:10:13.171509,2026-07-02T09:10:13.175547+00:00,118.6,3,bid,Xuanyu Liu,EarnestEspressos,3866421
2026-07-02T09:10:13.415194,2026-07-02T09:10:13.426716+00:00,118.6,25,bid,Lachlan Han,EarnestEspressos,3866432
2026-07-02T09:10:14.662252,2026-07-02T09:10:14.673810+00:00,118.6,50,bid,FlawlessFlatbreads,EarnestEspressos,3866451
2026-07-02T09:10:16.770478,2026-07-02T09:10:16.782094+00:00,118.8,50,bid,FlawlessFlatbreads,DiligentDonuts,3866497
2026-07-02T09:10:20.983117,2026-07-02T09:10:20.994775+00:00,119.0,50,bid,FlawlessFlatbreads,EarnestEspressos,3866599
2026-07-02T09:10:23.088528,2026-07-02T09:10:23.100330+00:00,118.8,1,bid,FlawlessFlatbreads,Kelvin Chan,3866635
2026-07-02T09:10:23.088528,2026-07-02T09:10:23.100330+00:00,119.0,49,bid,FlawlessFlatbreads,DiligentDonuts,3866636
2026-07-02T09:10:25.248365,2026-07-02T09:10:25.253237+00:00,118.7,50,ask,DiligentDonuts,FlawlessFlatbreads,3866682
2026-07-02T09:10:29.408762,2026-07-02T09:10:29.416207+00:00,118.9,50,bid,FlawlessFlatbreads,DiligentDonuts,3866769
2026-07-02T09:10:31.517981,2026-07-02T09:10:31.532191+00:00,118.9,1,bid,FlawlessFlatbreads,Kelvin Chan,3866807
2026-07-02T09:10:31.517981,2026-07-02T09:10:31.537393+00:00,119.1,49,bid,FlawlessFlatbreads,EarnestEspressos,3866808
2026-07-02T09:10:32.744572,2026-07-02T09:10:32.752939+00:00,118.9,3,ask,EarnestEspressos,Xuanyu Liu,3866835
2026-07-02T09:10:32.853938,2026-07-02T09:10:32.865613+00:00,118.9,25,ask,EarnestEspressos,Lachlan Han,3866838
2026-07-02T09:10:33.063458,2026-07-02T09:10:33.074916+00:00,118.9,25,ask,EarnestEspressos,Lachlan Han,3866840
2026-07-02T09:10:33.273575,2026-07-02T09:10:33.284449+00:00,118.9,25,ask,EarnestEspressos,Lachlan Han,3866845
2026-07-02T09:10:33.483341,2026-07-02T09:10:33.492806+00:00,118.9,25,ask,EarnestEspressos,Lachlan Han,3866854
2026-07-02T09:10:33.680405,2026-07-02T09:10:33.694657+00:00,118.9,47,ask,EarnestEspressos,FlawlessFlatbreads,3866863
2026-07-02T09:10:33.680405,2026-07-02T09:10:33.694657+00:00,118.7,3,ask,DiligentDonuts,FlawlessFlatbreads,3866864
2026-07-02T09:10:34.075161,2026-07-02T09:10:34.083264+00:00,119.2,42,bid,CostlyCorianders,DiligentDonuts,3866874
2026-07-02T09:10:35.287567,2026-07-02T09:10:35.298562+00:00,118.8,100,ask,DiligentDonuts,EarnestEspressos,3866903
2026-07-02T09:10:35.680072,2026-07-02T09:10:35.690652+00:00,118.8,48,bid,CostlyCorianders,EarnestEspressos,3866908
2026-07-02T09:10:35.794716,2026-07-02T09:10:35.803735+00:00,118.6,1,ask,Kelvin Chan,FlawlessFlatbreads,3866913
2026-07-02T09:10:35.794716,2026-07-02T09:10:35.803735+00:00,118.3,49,ask,EarnestEspressos,FlawlessFlatbreads,3866914
2026-07-02T09:10:36.234610,2026-07-02T09:10:36.246685+00:00,118.3,44,ask,EarnestEspressos,CostlyCorianders,3866930
2026-07-02T09:10:37.900188,2026-07-02T09:10:37.911901+00:00,118.8,2,bid,CostlyCorianders,EarnestEspressos,3866966
2026-07-02T09:10:37.900188,2026-07-02T09:10:37.911901+00:00,119.0,6,bid,CostlyCorianders,Kelvin Chan,3866967
2026-07-02T09:10:37.900188,2026-07-02T09:10:37.911901+00:00,119.0,38,bid,CostlyCorianders,DiligentDonuts,3866968
2026-07-02T09:10:37.908009,2026-07-02T09:10:37.917111+00:00,118.5,50,ask,DiligentDonuts,FlawlessFlatbreads,3866969
2026-07-02T09:10:39.963480,2026-07-02T09:10:39.974932+00:00,118.8,50,bid,FlawlessFlatbreads,EarnestEspressos,3867017
2026-07-02T09:10:40.599055,2026-07-02T09:10:40.607474+00:00,118.8,3,bid,Xuanyu Liu,EarnestEspressos,3867031
2026-07-02T09:10:41.031129,2026-07-02T09:10:41.037924+00:00,118.5,40,ask,DiligentDonuts,CostlyCorianders,3867042
2026-07-02T09:10:41.908932,2026-07-02T09:10:41.921200+00:00,118.8,25,ask,EarnestEspressos,Lachlan Han,3867064
