timestamp,recv_time,price,volume,aggressor_side,buyer,seller,trade_id
2026-07-06T07:00:01.900371,2026-07-06T07:00:01.912250+00:00,164.6,47,bid,CostlyCorianders,DiligentDonuts,9240513
2026-07-06T07:00:05.466001,2026-07-06T07:00:05.475882+00:00,164.2,43,ask,DiligentDonuts,CostlyCorianders,9240558
2026-07-06T07:00:05.626115,2026-07-06T07:00:05.635512+00:00,164.2,50,ask,DiligentDonuts,FlawlessFlatbreads,9240565
2026-07-06T07:00:06.553329,2026-07-06T07:00:06.565649+00:00,164.6,42,bid,CostlyCorianders,EarnestEspressos,9240582
2026-07-06T07:00:07.681922,2026-07-06T07:00:07.692153+00:00,164.3,50,bid,FlawlessFlatbreads,DiligentDonuts,9240597
2026-07-06T07:00:08.247392,2026-07-06T07:00:08.258540+00:00,164.3,50,bid,EarnestEspressos,DiligentDonuts,9240602
2026-07-06T07:00:09.209896,2026-07-06T07:00:09.216731+00:00,164.8,42,bid,CostlyCorianders,EarnestEspressos,9240625
2026-07-06T07:00:09.789149,2026-07-06T07:00:09.800775+00:00,164.8,50,bid,FlawlessFlatbreads,EarnestEspressos,9240628
2026-07-06T07:00:12.809449,2026-07-06T07:00:12.821191+00:00,164.8,45,ask,EarnestEspressos,CostlyCorianders,9240661
2026-07-06T07:00:13.371365,2026-07-06T07:00:13.380498+00:00,165.0,43,bid,CostlyCorianders,DiligentDonuts,9240667
2026-07-06T07:00:13.999987,2026-07-06T07:00:14.011865+00:00,165.2,50,bid,FlawlessFlatbreads,DiligentDonuts,9240676
2026-07-06T07:00:16.077759,2026-07-06T07:00:16.089753+00:00,164.7,44,ask,DiligentDonuts,CostlyCorianders,9240700
2026-07-06T07:00:16.111153,2026-07-06T07:00:16.119196+00:00,165.1,50,bid,FlawlessFlatbreads,EarnestEspressos,9240704
2026-07-06T07:00:16.635950,2026-07-06T07:00:16.647995+00:00,165.1,43,bid,CostlyCorianders,EarnestEspressos,9240716
2026-07-06T07:00:17.741267,2026-07-06T07:00:17.749775+00:00,165.0,3,ask,EarnestEspressos,Xuanyu Liu,9240727
2026-07-06T07:00:17.777220,2026-07-06T07:00:17.779291+00:00,165.0,35,ask,EarnestEspressos,Tanishq Panjwani,9240730
2026-07-06T07:00:17.868112,2026-07-06T07:00:17.878218+00:00,165.0,35,ask,EarnestEspressos,Tanishq Panjwani,9240736
2026-07-06T07:00:17.960353,2026-07-06T07:00:17.969332+00:00,165.0,35,ask,EarnestEspressos,Tanishq Panjwani,9240742
2026-07-06T07:00:18.050048,2026-07-06T07:00:18.058580+00:00,165.0,35,ask,EarnestEspressos,Tanishq Panjwani,9240744
2026-07-06T07:00:18.139893,2026-07-06T07:00:18.151679+00:00,165.0,7,ask,EarnestEspressos,Tanishq Panjwani,9240746
2026-07-06T07:00:18.217515,2026-07-06T07:00:18.229478+00:00,165.2,50,bid,FlawlessFlatbreads,DiligentDonuts,9240747
2026-07-06T07:00:18.263698,2026-07-06T07:00:18.275605+00:00,164.7,40,ask,DiligentDonuts,CostlyCorianders,9240748
2026-07-06T07:00:22.445245,2026-07-06T07:00:22.457077+00:00,165.0,50,bid,FlawlessFlatbreads,EarnestEspressos,9240802
2026-07-06T07:00:24.107864,2026-07-06T07:00:24.119440+00:00,164.8,43,ask,DiligentDonuts,CostlyCorianders,9240824
2026-07-06T07:00:24.610650,2026-07-06T07:00:24.618614+00:00,164.8,50,ask,DiligentDonuts,FlawlessFlatbreads,9240834
2026-07-06T07:00:24.716158,2026-07-06T07:00:24.725466+00:00,165.1,43,bid,CostlyCorianders,EarnestEspressos,9240837
2026-07-06T07:00:26.717571,2026-07-06T07:00:26.729365+00:00,164.6,50,ask,EarnestEspressos,FlawlessFlatbreads,9240866
2026-07-06T07:00:27.877726,2026-07-06T07:00:27.889644+00:00,165.0,41,bid,CostlyCorianders,DiligentDonuts,9240880
2026-07-06T07:00:28.848773,2026-07-06T07:00:28.855322+00:00,164.6,50,ask,EarnestEspressos,FlawlessFlatbreads,9240889
2026-07-06T07:00:30.956936,2026-07-06T07:00:30.968725+00:00,164.6,50,ask,DiligentDonuts,FlawlessFlatbreads,9240907
2026-07-06T07:00:33.070925,2026-07-06T07:00:33.079238+00:00,164.3,50,ask,EarnestEspressos,FlawlessFlatbreads,9240939
2026-07-06T07:00:33.251238,2026-07-06T07:00:33.257699+00:00,164.3,44,ask,EarnestEspressos,CostlyCorianders,9240942
2026-07-06T07:00:33.636595,2026-07-06T07:00:33.647055+00:00,164.3,6,bid,Xuanyu Liu,EarnestEspressos,9240947
2026-07-06T07:00:33.681100,2026-07-06T07:00:33.689444+00:00,164.3,11,bid,Xuanyu Liu,EarnestEspressos,9240951
2026-07-06T07:00:33.692053,2026-07-06T07:00:33.705019+00:00,164.3,133,bid,Tanishq Panjwani,EarnestEspressos,9240953
2026-07-06T07:00:35.177783,2026-07-06T07:00:35.189624+00:00,164.2,50,ask,DiligentDonuts,FlawlessFlatbreads,9240977
2026-07-06T07:00:36.344847,2026-07-06T07:00:36.356549+00:00,164.6,14,bid,Tanishq Panjwani,DiligentDonuts,9240995
2026-07-06T07:00:36.744269,2026-07-06T07:00:36.753615+00:00,164.5,11,ask,EarnestEspressos,Xuanyu Liu,9241000
2026-07-06T07:00:36.907872,2026-07-06T07:00:36.919507+00:00,164.6,48,bid,CostlyCorianders,DiligentDonuts,9241002
2026-07-06T07:00:37.274554,2026-07-06T07:00:37.284025+00:00,164.5,3,ask,EarnestEspressos,Xuanyu Liu,9241010
2026-07-06T07:00:37.287910,2026-07-06T07:00:37.299657+00:00,164.5,50,ask,EarnestEspressos,FlawlessFlatbreads,9241013
2026-07-06T07:00:41.114969,2026-07-06T07:00:41.126633+00:00,164.2,41,ask,DiligentDonuts,CostlyCorianders,9241055
2026-07-06T07:00:41.456583,2026-07-06T07:00:41.458609+00:00,164.7,50,bid,FlawlessFlatbreads,DiligentDonuts,9241057
2026-07-06T07:00:42.136462,2026-07-06T07:00:42.148237+00:00,164.5,45,bid,CostlyCorianders,DiligentDonuts,9241064
2026-07-06T07:00:43.582178,2026-07-06T07:00:43.594166+00:00,164.3,50,bid,FlawlessFlatbreads,EarnestEspressos,9241084
2026-07-06T07:00:45.690753,2026-07-06T07:00:45.702380+00:00,164.3,50,bid,FlawlessFlatbreads,EarnestEspressos,9241118
2026-07-06T07:00:46.172648,2026-07-06T07:00:46.183971+00:00,164.0,46,ask,DiligentDonuts,CostlyCorianders,9241121
2026-07-06T07:00:47.328698,2026-07-06T07:00:47.340363+00:00,164.5,43,bid,CostlyCorianders,DiligentDonuts,9241134
2026-07-06T07:00:47.801522,2026-07-06T07:00:47.813397+00:00,164.5,50,bid,FlawlessFlatbreads,DiligentDonuts,9241143
2026-07-06T07:00:48.979978,2026-07-06T07:00:48.988701+00:00,164.3,47,ask,DiligentDonuts,CostlyCorianders,9241167
2026-07-06T07:00:49.932274,2026-07-06T07:00:49.944366+00:00,164.7,50,bid,FlawlessFlatbreads,EarnestEspressos,9241175
2026-07-06T07:00:52.040757,2026-07-06T07:00:52.051536+00:00,164.6,50,bid,FlawlessFlatbreads,DiligentDonuts,9241202
2026-07-06T07:00:52.325668,2026-07-06T07:00:52.337744+00:00,164.6,48,bid,CostlyCorianders,DiligentDonuts,9241206
2026-07-06T07:00:52.578956,2026-07-06T07:00:52.589209+00:00,164.4,3,ask,EarnestEspressos,Xuanyu Liu,9241214
2026-07-06T07:00:52.627825,2026-07-06T07:00:52.636284+00:00,164.4,35,ask,EarnestEspressos,Tanishq Panjwani,9241218
2026-07-06T07:00:52.716191,2026-07-06T07:00:52.725587+00:00,164.4,35,ask,EarnestEspressos,Tanishq Panjwani,9241222
2026-07-06T07:00:52.805070,2026-07-06T07:00:52.811715+00:00,164.4,35,ask,EarnestEspressos,Tanishq Panjwani,9241224
2026-07-06T07:00:52.894569,2026-07-06T07:00:52.906267+00:00,164.4,35,ask,EarnestEspressos,Tanishq Panjwani,9241228
2026-07-06T07:00:52.982825,2026-07-06T07:00:52.991813+00:00,164.4,7,ask,EarnestEspressos,Tanishq Panjwani,9241231
2026-07-06T07:00:54.147525,2026-07-06T07:00:54.153995+00:00,164.6,2,bid,FlawlessFlatbreads,DiligentDonuts,9241243
2026-07-06T07:00:54.147525,2026-07-06T07:00:54.153995+00:00,164.9,48,bid,FlawlessFlatbreads,EarnestEspressos,9241244
2026-07-06T07:00:54.834741,2026-07-06T07:00:54.845093+00:00,164.3,35,ask,DiligentDonuts,Tanishq Panjwani,9241258
2026-07-06T07:00:54.923714,2026-07-06T07:00:54.930437+00:00,164.3,17,ask,DiligentDonuts,Tanishq Panjwani,9241263
2026-07-06T07:00:56.281804,2026-07-06T07:00:56.293835+00:00,164.4,50,bid,FlawlessFlatbreads,EarnestEspressos,9241276
2026-07-06T07:00:58.389546,2026-07-06T07:00:58.411905+00:00,164.4,50,bid,FlawlessFlatbreads,EarnestEspressos,9241302
2026-07-06T07:00:59.330158,2026-07-06T07:00:59.342211+00:00,164.4,47,ask,EarnestEspressos,CostlyCorianders,9241311
2026-07-06T07:01:00.339025,2026-07-06T07:01:00.351035+00:00,164.7,47,bid,CostlyCorianders,DiligentDonuts,9241321
2026-07-06T07:01:00.519786,2026-07-06T07:01:00.531724+00:00,164.7,50,bid,FlawlessFlatbreads,DiligentDonuts,9241324
2026-07-06T07:01:00.899394,2026-07-06T07:01:00.909382+00:00,164.6,23,ask,DiligentDonuts,Xuanyu Liu,9241331
2026-07-06T07:01:02.628217,2026-07-06T07:01:02.639908+00:00,164.7,50,bid,FlawlessFlatbreads,EarnestEspressos,9241351
2026-07-06T07:01:02.830434,2026-07-06T07:01:02.842383+00:00,164.6,44,ask,DiligentDonuts,CostlyCorianders,9241353
2026-07-06T07:01:03.345624,2026-07-06T07:01:03.358580+00:00,164.6,33,ask,DiligentDonuts,CostlyCorianders,9241366
2026-07-06T07:01:03.345624,2026-07-06T07:01:03.358580+00:00,164.2,10,ask,EarnestEspressos,CostlyCorianders,9241367
2026-07-06T07:01:06.843049,2026-07-06T07:01:06.854682+00:00,164.7,50,bid,FlawlessFlatbreads,DiligentDonuts,9241402
2026-07-06T07:01:07.001474,2026-07-06T07:01:07.010276+00:00,164.3,49,ask,EarnestEspressos,CostlyCorianders,9241407
2026-07-06T07:01:08.713184,2026-07-06T07:01:08.724828+00:00,164.5,41,bid,CostlyCorianders,EarnestEspressos,9241417
2026-07-06T07:01:09.691009,2026-07-06T07:01:09.702637+00:00,164.5,44,bid,CostlyCorianders,EarnestEspressos,9241429
2026-07-06T07:01:11.104965,2026-07-06T07:01:11.093524+00:00,164.1,50,ask,DiligentDonuts,FlawlessFlatbreads,9241444
2026-07-06T07:01:13.212277,2026-07-06T07:01:13.221381+00:00,164.2,50,ask,EarnestEspressos,FlawlessFlatbreads,9241469
2026-07-06T07:01:15.319813,2026-07-06T07:01:15.327466+00:00,163.9,50,ask,EarnestEspressos,FlawlessFlatbreads,9241493
2026-07-06T07:01:17.114235,2026-07-06T07:01:17.125956+00:00,164.2,45,bid,CostlyCorianders,DiligentDonuts,9241523
2026-07-06T07:01:17.424997,2026-07-06T07:01:17.437177+00:00,163.9,50,ask,EarnestEspressos,FlawlessFlatbreads,9241527
2026-07-06T07:01:17.978379,2026-07-06T07:01:17.988850+00:00,163.9,12,bid,Xuanyu Liu,EarnestEspressos,9241534
2026-07-06T07:01:18.359478,2026-07-06T07:01:18.368109+00:00,163.9,11,bid,Xuanyu Liu,EarnestEspressos,9241541
2026-07-06T07:01:19.532053,2026-07-06T07:01:19.541173+00:00,163.7,50,ask,DiligentDonuts,FlawlessFlatbreads,9241554
2026-07-06T07:01:21.638092,2026-07-06T07:01:21.646812+00:00,163.7,50,ask,DiligentDonuts,FlawlessFlatbreads,9241587
2026-07-06T07:01:22.295648,2026-07-06T07:01:22.307184+00:00,163.7,41,ask,DiligentDonuts,CostlyCorianders,9241593
2026-07-06T07:01:23.745528,2026-07-06T07:01:23.758619+00:00,163.6,50,ask,DiligentDonuts,FlawlessFlatbreads,9241614
2026-07-06T07:01:24.912599,2026-07-06T07:01:24.921624+00:00,164.1,3,bid,Xuanyu Liu,DiligentDonuts,9241628
2026-07-06T07:01:25.852887,2026-07-06T07:01:25.864785+00:00,163.8,50,ask,EarnestEspressos,FlawlessFlatbreads,9241644
2026-07-06T07:01:27.230856,2026-07-06T07:01:27.242819+00:00,163.8,44,ask,EarnestEspressos,CostlyCorianders,9241662
2026-07-06T07:01:27.463524,2026-07-06T07:01:27.473422+00:00,163.9,35,bid,Tanishq Panjwani,EarnestEspressos,9241667
2026-07-06T07:01:27.555300,2026-07-06T07:01:27.557985+00:00,163.9,35,bid,Tanishq Panjwani,EarnestEspressos,9241675
2026-07-06T07:01:27.959980,2026-07-06T07:01:27.971889+00:00,163.7,50,ask,DiligentDonuts,FlawlessFlatbreads,9241678
2026-07-06T07:01:30.067154,2026-07-06T07:01:30.078857+00:00,163.4,50,ask,EarnestEspressos,FlawlessFlatbreads,9241703
2026-07-06T07:01:31.495320,2026-07-06T07:01:31.506909+00:00,163.9,35,bid,Tanishq Panjwani,DiligentDonuts,9241717
2026-07-06T07:01:31.583733,2026-07-06T07:01:31.591946+00:00,163.9,35,bid,Tanishq Panjwani,DiligentDonuts,9241719
2026-07-06T07:01:31.672096,2026-07-06T07:01:31.684069+00:00,163.9,30,bid,Tanishq Panjwani,DiligentDonuts,9241722
2026-07-06T07:01:31.672096,2026-07-06T07:01:31.684069+00:00,163.9,5,bid,Tanishq Panjwani,EarnestEspressos,9241723
2026-07-06T07:01:31.764177,2026-07-06T07:01:31.774417+00:00,163.9,24,bid,Tanishq Panjwani,EarnestEspressos,9241726
2026-07-06T07:01:32.178298,2026-07-06T07:01:32.190001+00:00,163.4,50,ask,DiligentDonuts,FlawlessFlatbreads,9241736
2026-07-06T07:01:32.622891,2026-07-06T07:01:32.629496+00:00,163.9,49,bid,CostlyCorianders,EarnestEspressos,9241742
2026-07-06T07:01:34.293155,2026-07-06T07:01:34.304427+00:00,163.7,50,ask,EarnestEspressos,FlawlessFlatbreads,9241760
2026-07-06T07:01:34.596516,2026-07-06T07:01:34.605998+00:00,163.7,44,ask,EarnestEspressos,CostlyCorianders,9241765
2026-07-06T07:01:36.184546,2026-07-06T07:01:36.194390+00:00,163.9,45,bid,CostlyCorianders,DiligentDonuts,9241784
2026-07-06T07:01:36.402830,2026-07-06T07:01:36.416013+00:00,163.7,50,ask,EarnestEspressos,FlawlessFlatbreads,9241790
2026-07-06T07:01:38.032524,2026-07-06T07:01:38.041078+00:00,163.5,3,bid,Xuanyu Liu,EarnestEspressos,9241815
2026-07-06T07:01:38.055397,2026-07-06T07:01:38.066973+00:00,163.5,44,bid,CostlyCorianders,EarnestEspressos,9241818
2026-07-06T07:01:38.909523,2026-07-06T07:01:38.921241+00:00,163.5,100,bid,DiligentDonuts,EarnestEspressos,9241830
2026-07-06T07:01:39.176347,2026-07-06T07:01:39.188346+00:00,163.0,45,ask,EarnestEspressos,CostlyCorianders,9241844
2026-07-06T07:01:39.347628,2026-07-06T07:01:39.356661+00:00,163.5,3,bid,Xuanyu Liu,EarnestEspressos,9241851
2026-07-06T07:01:40.562258,2026-07-06T07:01:40.574130+00:00,164.0,50,bid,FlawlessFlatbreads,EarnestEspressos,9241866
2026-07-06T07:01:42.670060,2026-07-06T07:01:42.678007+00:00,163.9,50,bid,FlawlessFlatbreads,DiligentDonuts,9241894
2026-07-06T07:01:43.218790,2026-07-06T07:01:43.229200+00:00,163.7,3,ask,EarnestEspressos,Xuanyu Liu,9241898
2026-07-06T07:01:44.056526,2026-07-06T07:01:44.068445+00:00,163.7,42,ask,EarnestEspressos,CostlyCorianders,9241913
2026-07-06T07:01:44.825436,2026-07-06T07:01:44.837397+00:00,163.7,50,ask,EarnestEspressos,FlawlessFlatbreads,9241920
2026-07-06T07:01:47.865750,2026-07-06T07:01:47.872213+00:00,163.8,43,bid,CostlyCorianders,EarnestEspressos,9241956
2026-07-06T07:01:48.413455,2026-07-06T07:01:48.421750+00:00,163.8,47,bid,CostlyCorianders,EarnestEspressos,9241967
2026-07-06T07:01:48.986715,2026-07-06T07:01:48.998340+00:00,163.8,50,bid,FlawlessFlatbreads,EarnestEspressos,9241982
2026-07-06T07:01:49.448597,2026-07-06T07:01:49.459733+00:00,163.5,46,ask,DiligentDonuts,CostlyCorianders,9241985
2026-07-06T07:01:49.541437,2026-07-06T07:01:49.551522+00:00,163.9,3,ask,EarnestEspressos,Xuanyu Liu,9241986
2026-07-06T07:01:51.389596,2026-07-06T07:01:51.399289+00:00,163.9,41,ask,EarnestEspressos,CostlyCorianders,9242018
2026-07-06T07:01:51.607461,2026-07-06T07:01:51.614877+00:00,163.9,100,ask,EarnestEspressos,DiligentDonuts,9242022
2026-07-06T07:01:53.273102,2026-07-06T07:01:53.285097+00:00,163.4,50,ask,DiligentDonuts,FlawlessFlatbreads,9242048
2026-07-06T07:01:55.379942,2026-07-06T07:01:55.390532+00:00,163.7,50,ask,DiligentDonuts,FlawlessFlatbreads,9242069
2026-07-06T07:01:56.416755,2026-07-06T07:01:56.425389+00:00,164.0,3,bid,Xuanyu Liu,EarnestEspressos,9242081
2026-07-06T07:01:57.489488,2026-07-06T07:01:57.498656+00:00,163.7,50,ask,DiligentDonuts,FlawlessFlatbreads,9242093
2026-07-06T07:01:57.703102,2026-07-06T07:01:57.713464+00:00,164.0,46,bid,CostlyCorianders,EarnestEspressos,9242098
2026-07-06T07:01:57.730361,2026-07-06T07:01:57.739100+00:00,164.0,11,bid,Xuanyu Liu,EarnestEspressos,9242102
2026-07-06T07:01:58.319093,2026-07-06T07:01:58.330801+00:00,164.0,48,bid,CostlyCorianders,EarnestEspressos,9242112
2026-07-06T07:01:59.037994,2026-07-06T07:01:59.048700+00:00,164.2,100,bid,EarnestEspressos,DiligentDonuts,9242122
2026-07-06T07:01:59.104695,2026-07-06T07:01:59.115488+00:00,164.3,11,ask,EarnestEspressos,Xuanyu Liu,9242123
2026-07-06T07:01:59.608804,2026-07-06T07:01:59.617196+00:00,164.3,39,ask,EarnestEspressos,FlawlessFlatbreads,9242130
2026-07-06T07:01:59.608804,2026-07-06T07:01:59.622203+00:00,163.7,11,ask,DiligentDonuts,FlawlessFlatbreads,9242131
2026-07-06T07:02:01.716852,2026-07-06T07:02:01.728497+00:00,164.0,50,ask,DiligentDonuts,FlawlessFlatbreads,9242163
2026-07-06T07:02:03.829875,2026-07-06T07:02:03.841227+00:00,164.0,50,ask,DiligentDonuts,FlawlessFlatbreads,9242185
2026-07-06T07:02:04.469132,2026-07-06T07:02:04.481016+00:00,164.2,40,bid,CostlyCorianders,DiligentDonuts,9242196
2026-07-06T07:02:05.884535,2026-07-06T07:02:05.896302+00:00,164.2,50,bid,FlawlessFlatbreads,DiligentDonuts,9242221
2026-07-06T07:02:09.933650,2026-07-06T07:02:09.946766+00:00,164.1,23,bid,Xuanyu Liu,EarnestEspressos,9242281
2026-07-06T07:02:10.144389,2026-07-06T07:02:10.153084+00:00,163.8,50,ask,DiligentDonuts,FlawlessFlatbreads,9242290
2026-07-06T07:02:11.863302,2026-07-06T07:02:11.875003+00:00,164.0,42,ask,DiligentDonuts,CostlyCorianders,9242303
2026-07-06T07:02:12.250703,2026-07-06T07:02:12.257333+00:00,164.0,50,ask,DiligentDonuts,FlawlessFlatbreads,9242308
2026-07-06T07:02:13.779577,2026-07-06T07:02:13.791368+00:00,164.2,40,bid,CostlyCorianders,DiligentDonuts,9242336
2026-07-06T07:02:14.359119,2026-07-06T07:02:14.370954+00:00,164.0,50,ask,EarnestEspressos,FlawlessFlatbreads,9242341
2026-07-06T07:02:16.466613,2026-07-06T07:02:16.478585+00:00,163.9,50,ask,EarnestEspressos,FlawlessFlatbreads,9242366
2026-07-06T07:02:16.922675,2026-07-06T07:02:16.939660+00:00,163.9,100,ask,EarnestEspressos,DiligentDonuts,9242373
2026-07-06T07:02:17.731453,2026-07-06T07:02:17.743188+00:00,163.4,48,ask,DiligentDonuts,CostlyCorianders,9242383
2026-07-06T07:02:18.068203,2026-07-06T07:02:18.076927+00:00,163.5,45,bid,Xuanyu Liu,EarnestEspressos,9242388
2026-07-06T07:02:18.575290,2026-07-06T07:02:18.582518+00:00,163.4,50,ask,DiligentDonuts,FlawlessFlatbreads,9242399
2026-07-06T07:02:20.036074,2026-07-06T07:02:20.047327+00:00,163.5,100,bid,DiligentDonuts,EarnestEspressos,9242411
2026-07-06T07:02:20.684294,2026-07-06T07:02:20.696191+00:00,163.0,50,ask,EarnestEspressos,FlawlessFlatbreads,9242417
2026-07-06T07:02:22.790553,2026-07-06T07:02:22.802612+00:00,163.4,50,ask,EarnestEspressos,FlawlessFlatbreads,9242444
2026-07-06T07:02:23.693868,2026-07-06T07:02:23.705551+00:00,163.9,43,bid,CostlyCorianders,EarnestEspressos,9242454
2026-07-06T07:02:24.709011,2026-07-06T07:02:24.720644+00:00,163.5,42,ask,DiligentDonuts,CostlyCorianders,9242463
2026-07-06T07:02:24.847492,2026-07-06T07:02:24.858041+00:00,164.0,50,bid,FlawlessFlatbreads,DiligentDonuts,9242464
2026-07-06T07:02:27.004793,2026-07-06T07:02:27.016303+00:00,163.5,50,ask,EarnestEspressos,FlawlessFlatbreads,9242493
2026-07-06T07:02:31.166927,2026-07-06T07:02:31.179076+00:00,163.6,43,bid,CostlyCorianders,EarnestEspressos,9242543
2026-07-06T07:02:31.232236,2026-07-06T07:02:31.244261+00:00,163.3,50,ask,DiligentDonuts,FlawlessFlatbreads,9242544
2026-07-06T07:02:31.629050,2026-07-06T07:02:31.640545+00:00,163.6,46,bid,CostlyCorianders,EarnestEspressos,9242550
2026-07-06T07:02:32.681095,2026-07-06T07:02:32.692413+00:00,163.1,47,ask,EarnestEspressos,CostlyCorianders,9242570
2026-07-06T07:02:33.286614,2026-07-06T07:02:33.298551+00:00,163.6,47,bid,CostlyCorianders,EarnestEspressos,9242581
2026-07-06T07:02:33.341662,2026-07-06T07:02:33.358565+00:00,163.1,50,ask,EarnestEspressos,FlawlessFlatbreads,9242582
2026-07-06T07:02:34.254950,2026-07-06T07:02:34.257214+00:00,163.2,47,ask,EarnestEspressos,CostlyCorianders,9242592
2026-07-06T07:02:35.770865,2026-07-06T07:02:35.778261+00:00,163.2,40,ask,EarnestEspressos,CostlyCorianders,9242609
2026-07-06T07:02:37.039575,2026-07-06T07:02:37.049052+00:00,163.1,12,bid,Xuanyu Liu,EarnestEspressos,9242625
2026-07-06T07:02:37.504738,2026-07-06T07:02:37.516493+00:00,163.1,50,bid,FlawlessFlatbreads,EarnestEspressos,9242635
2026-07-06T07:02:37.808506,2026-07-06T07:02:37.819995+00:00,163.1,46,bid,CostlyCorianders,EarnestEspressos,9242641
2026-07-06T07:02:39.662532,2026-07-06T07:02:39.671169+00:00,162.8,50,ask,DiligentDonuts,FlawlessFlatbreads,9242665
2026-07-06T07:02:41.721780,2026-07-06T07:02:41.733403+00:00,163.3,50,bid,FlawlessFlatbreads,DiligentDonuts,9242692
2026-07-06T07:02:43.830516,2026-07-06T07:02:43.842299+00:00,163.3,50,bid,FlawlessFlatbreads,DiligentDonuts,9242719
2026-07-06T07:02:45.939003,2026-07-06T07:02:45.950714+00:00,163.5,50,bid,FlawlessFlatbreads,EarnestEspressos,9242744
2026-07-06T07:02:48.049689,2026-07-06T07:02:48.058594+00:00,163.5,50,bid,FlawlessFlatbreads,DiligentDonuts,9242776
2026-07-06T07:02:48.378484,2026-07-06T07:02:48.395737+00:00,163.1,44,ask,EarnestEspressos,CostlyCorianders,9242779
2026-07-06T07:02:48.627959,2026-07-06T07:02:48.636129+00:00,163.2,12,ask,DiligentDonuts,Xuanyu Liu,9242787
2026-07-06T07:02:48.955685,2026-07-06T07:02:48.965470+00:00,163.2,11,ask,DiligentDonuts,Xuanyu Liu,9242799
2026-07-06T07:02:49.752097,2026-07-06T07:02:49.764135+00:00,163.2,48,ask,DiligentDonuts,CostlyCorianders,9242806
2026-07-06T07:02:50.155376,2026-07-06T07:02:50.158540+00:00,163.3,50,bid,FlawlessFlatbreads,EarnestEspressos,9242811
2026-07-06T07:02:51.381002,2026-07-06T07:02:51.392554+00:00,163.3,40,bid,CostlyCorianders,EarnestEspressos,9242830
2026-07-06T07:02:52.261602,2026-07-06T07:02:52.273218+00:00,163.3,50,bid,FlawlessFlatbreads,EarnestEspressos,9242842
2026-07-06T07:02:52.847410,2026-07-06T07:02:52.855196+00:00,163.4,100,bid,EarnestEspressos,DiligentDonuts,9242849
2026-07-06T07:02:52.909680,2026-07-06T07:02:52.918686+00:00,163.5,34,ask,EarnestEspressos,Xuanyu Liu,9242851
2026-07-06T07:02:52.942263,2026-07-06T07:02:52.953832+00:00,163.5,16,ask,EarnestEspressos,CostlyCorianders,9242853
2026-07-06T07:02:54.370735,2026-07-06T07:02:54.382685+00:00,164.0,50,bid,FlawlessFlatbreads,EarnestEspressos,9242869
2026-07-06T07:02:56.481898,2026-07-06T07:02:56.493261+00:00,163.5,50,bid,FlawlessFlatbreads,DiligentDonuts,9242891
2026-07-06T07:02:58.590936,2026-07-06T07:02:58.603019+00:00,163.5,50,bid,FlawlessFlatbreads,EarnestEspressos,9242912
2026-07-06T07:03:00.699890,2026-07-06T07:03:00.711605+00:00,163.6,50,bid,FlawlessFlatbreads,EarnestEspressos,9242937
2026-07-06T07:03:01.215199,2026-07-06T07:03:01.226730+00:00,163.6,47,bid,CostlyCorianders,EarnestEspressos,9242944
2026-07-06T07:03:02.858065,2026-07-06T07:03:02.869591+00:00,163.5,50,ask,EarnestEspressos,FlawlessFlatbreads,9242967
2026-07-06T07:03:03.335300,2026-07-06T07:03:03.345172+00:00,163.5,12,ask,EarnestEspressos,Xuanyu Liu,9242972
2026-07-06T07:03:04.406953,2026-07-06T07:03:04.421986+00:00,163.5,88,ask,EarnestEspressos,DiligentDonuts,9242988
2026-07-06T07:03:04.640931,2026-07-06T07:03:04.652576+00:00,163.0,49,ask,DiligentDonuts,CostlyCorianders,9242994
2026-07-06T07:03:04.965836,2026-07-06T07:03:04.977444+00:00,163.0,50,ask,DiligentDonuts,FlawlessFlatbreads,9243008
2026-07-06T07:03:06.222476,2026-07-06T07:03:06.234195+00:00,163.3,46,bid,CostlyCorianders,EarnestEspressos,9243022
2026-07-06T07:03:06.782570,2026-07-06T07:03:06.790846+00:00,163.0,1,ask,DiligentDonuts,CostlyCorianders,9243025
2026-07-06T07:03:06.782570,2026-07-06T07:03:06.790846+00:00,162.8,41,ask,EarnestEspressos,CostlyCorianders,9243026
2026-07-06T07:03:07.022712,2026-07-06T07:03:07.031995+00:00,163.3,50,bid,FlawlessFlatbreads,EarnestEspressos,9243031
2026-07-06T07:03:09.129311,2026-07-06T07:03:09.140409+00:00,163.4,50,bid,FlawlessFlatbreads,DiligentDonuts,9243062
2026-07-06T07:03:09.414902,2026-07-06T07:03:09.421578+00:00,163.4,43,bid,CostlyCorianders,DiligentDonuts,9243070
2026-07-06T07:03:10.888506,2026-07-06T07:03:10.900326+00:00,163.2,49,ask,DiligentDonuts,CostlyCorianders,9243088
2026-07-06T07:03:11.257898,2026-07-06T07:03:11.269529+00:00,163.4,50,bid,FlawlessFlatbreads,EarnestEspressos,9243095
2026-07-06T07:03:11.978761,2026-07-06T07:03:11.986142+00:00,163.2,48,ask,DiligentDonuts,CostlyCorianders,9243107
2026-07-06T07:03:15.543394,2026-07-06T07:03:15.555219+00:00,162.9,50,ask,DiligentDonuts,FlawlessFlatbreads,9243147
2026-07-06T07:03:19.767143,2026-07-06T07:03:19.778682+00:00,163.1,50,ask,EarnestEspressos,FlawlessFlatbreads,9243202
2026-07-06T07:03:21.874199,2026-07-06T07:03:21.885874+00:00,162.9,50,ask,DiligentDonuts,FlawlessFlatbreads,9243223
2026-07-06T07:03:23.145830,2026-07-06T07:03:23.155053+00:00,163.4,44,bid,CostlyCorianders,DiligentDonuts,9243235
2026-07-06T07:03:23.981256,2026-07-06T07:03:23.993218+00:00,162.9,50,ask,EarnestEspressos,FlawlessFlatbreads,9243250
2026-07-06T07:03:24.559896,2026-07-06T07:03:24.568578+00:00,162.8,12,bid,Xuanyu Liu,EarnestEspressos,9243257
2026-07-06T07:03:24.946085,2026-07-06T07:03:24.954885+00:00,162.8,11,bid,Xuanyu Liu,EarnestEspressos,9243270
2026-07-06T07:03:25.721085,2026-07-06T07:03:25.730938+00:00,162.8,12,bid,Xuanyu Liu,EarnestEspressos,9243278
2026-07-06T07:03:26.089304,2026-07-06T07:03:26.096864+00:00,162.7,50,ask,DiligentDonuts,FlawlessFlatbreads,9243285
2026-07-06T07:03:27.306493,2026-07-06T07:03:27.318538+00:00,162.8,45,bid,CostlyCorianders,EarnestEspressos,9243301
2026-07-06T07:03:28.145079,2026-07-06T07:03:28.158582+00:00,163.0,50,bid,FlawlessFlatbreads,DiligentDonuts,9243314
2026-07-06T07:03:28.875039,2026-07-06T07:03:28.886682+00:00,162.9,46,ask,EarnestEspressos,CostlyCorianders,9243326
2026-07-06T07:03:30.253116,2026-07-06T07:03:30.264831+00:00,163.1,50,bid,FlawlessFlatbreads,DiligentDonuts,9243349
2026-07-06T07:03:30.929347,2026-07-06T07:03:30.931743+00:00,163.1,45,bid,CostlyCorianders,DiligentDonuts,9243351
2026-07-06T07:03:32.409693,2026-07-06T07:03:32.421403+00:00,162.7,50,ask,EarnestEspressos,FlawlessFlatbreads,9243372
2026-07-06T07:03:34.027641,2026-07-06T07:03:34.034275+00:00,163.1,100,ask,DiligentDonuts,EarnestEspressos,9243390
2026-07-06T07:03:34.519687,2026-07-06T07:03:34.531794+00:00,162.6,50,ask,EarnestEspressos,FlawlessFlatbreads,9243401
2026-07-06T07:03:36.058322,2026-07-06T07:03:36.069795+00:00,163.1,46,bid,CostlyCorianders,EarnestEspressos,9243422
2026-07-06T07:03:36.627661,2026-07-06T07:03:36.639505+00:00,162.9,50,ask,DiligentDonuts,FlawlessFlatbreads,9243427
2026-07-06T07:03:37.558776,2026-07-06T07:03:37.570556+00:00,163.1,40,ask,EarnestEspressos,CostlyCorianders,9243441
2026-07-06T07:03:38.161245,2026-07-06T07:03:38.172707+00:00,163.1,44,ask,EarnestEspressos,CostlyCorianders,9243447
2026-07-06T07:03:38.734246,2026-07-06T07:03:38.745928+00:00,163.1,50,ask,EarnestEspressos,FlawlessFlatbreads,9243452
2026-07-06T07:03:39.794566,2026-07-06T07:03:39.803227+00:00,163.2,47,bid,CostlyCorianders,DiligentDonuts,9243473
2026-07-06T07:03:40.894743,2026-07-06T07:03:40.903051+00:00,163.1,22,bid,Xuanyu Liu,EarnestEspressos,9243484
2026-07-06T07:03:41.024983,2026-07-06T07:03:41.036638+00:00,163.1,42,bid,CostlyCorianders,EarnestEspressos,9243488
2026-07-06T07:03:42.945629,2026-07-06T07:03:42.963852+00:00,162.9,50,ask,DiligentDonuts,FlawlessFlatbreads,9243514
2026-07-06T07:03:47.157573,2026-07-06T07:03:47.169571+00:00,163.1,50,ask,DiligentDonuts,FlawlessFlatbreads,9243573
2026-07-06T07:03:47.952265,2026-07-06T07:03:47.964083+00:00,163.1,47,ask,DiligentDonuts,CostlyCorianders,9243578
2026-07-06T07:03:48.455976,2026-07-06T07:03:48.463943+00:00,163.1,3,ask,DiligentDonuts,CostlyCorianders,9243585
2026-07-06T07:03:48.455976,2026-07-06T07:03:48.469211+00:00,163.1,40,ask,EarnestEspressos,CostlyCorianders,9243586
2026-07-06T07:03:48.679318,2026-07-06T07:03:48.691114+00:00,163.1,100,ask,EarnestEspressos,DiligentDonuts,9243588
2026-07-06T07:03:49.582714,2026-07-06T07:03:49.594415+00:00,163.6,40,bid,CostlyCorianders,EarnestEspressos,9243607
2026-07-06T07:03:51.318724,2026-07-06T07:03:51.330441+00:00,163.2,50,bid,FlawlessFlatbreads,EarnestEspressos,9243634
2026-07-06T07:03:53.184861,2026-07-06T07:03:53.196825+00:00,163.0,45,bid,CostlyCorianders,EarnestEspressos,9243649
2026-07-06T07:03:53.427149,2026-07-06T07:03:53.443713+00:00,163.0,50,bid,FlawlessFlatbreads,EarnestEspressos,9243653
2026-07-06T07:03:56.668774,2026-07-06T07:03:56.680648+00:00,163.1,46,ask,EarnestEspressos,CostlyCorianders,9243695
2026-07-06T07:03:57.270333,2026-07-06T07:03:57.279589+00:00,163.1,11,ask,EarnestEspressos,Xuanyu Liu,9243697
2026-07-06T07:03:57.689682,2026-07-06T07:03:57.700552+00:00,163.1,50,ask,EarnestEspressos,FlawlessFlatbreads,9243708
2026-07-06T07:03:59.795338,2026-07-06T07:03:59.807058+00:00,162.8,50,ask,DiligentDonuts,FlawlessFlatbreads,9243731
2026-07-06T07:04:00.381839,2026-07-06T07:04:00.394223+00:00,163.1,43,bid,CostlyCorianders,EarnestEspressos,9243735
2026-07-06T07:04:01.439534,2026-07-06T07:04:01.450288+00:00,162.6,46,ask,EarnestEspressos,CostlyCorianders,9243748
2026-07-06T07:04:02.438722,2026-07-06T07:04:02.450546+00:00,162.9,49,bid,CostlyCorianders,DiligentDonuts,9243759
2026-07-06T07:04:03.823173,2026-07-06T07:04:03.831533+00:00,162.9,11,bid,Xuanyu Liu,DiligentDonuts,9243773
2026-07-06T07:04:04.030433,2026-07-06T07:04:04.042117+00:00,162.5,50,ask,EarnestEspressos,FlawlessFlatbreads,9243779
2026-07-06T07:04:06.725300,2026-07-06T07:04:06.740698+00:00,162.9,12,bid,Xuanyu Liu,EarnestEspressos,9243810
2026-07-06T07:04:07.602245,2026-07-06T07:04:07.609984+00:00,162.9,100,bid,DiligentDonuts,EarnestEspressos,9243820
2026-07-06T07:04:10.816663,2026-07-06T07:04:10.828717+00:00,162.8,100,ask,EarnestEspressos,DiligentDonuts,9243863
2026-07-06T07:04:12.164481,2026-07-06T07:04:12.176262+00:00,162.9,44,bid,CostlyCorianders,EarnestEspressos,9243882
2026-07-06T07:04:12.408939,2026-07-06T07:04:12.420941+00:00,162.9,50,bid,FlawlessFlatbreads,EarnestEspressos,9243889
2026-07-06T07:04:14.566270,2026-07-06T07:04:14.578360+00:00,162.8,50,ask,DiligentDonuts,FlawlessFlatbreads,9243900
2026-07-06T07:04:14.985123,2026-07-06T07:04:14.992406+00:00,162.8,47,ask,DiligentDonuts,CostlyCorianders,9243909
2026-07-06T07:04:16.602365,2026-07-06T07:04:16.614244+00:00,162.8,3,ask,DiligentDonuts,CostlyCorianders,9243925
2026-07-06T07:04:16.602365,2026-07-06T07:04:16.614244+00:00,162.7,42,ask,EarnestEspressos,CostlyCorianders,9243926
2026-07-06T07:04:16.622555,2026-07-06T07:04:16.634115+00:00,163.2,50,bid,FlawlessFlatbreads,EarnestEspressos,9243927
2026-07-06T07:04:18.283106,2026-07-06T07:04:18.294717+00:00,163.0,41,bid,CostlyCorianders,DiligentDonuts,9243944
2026-07-06T07:04:18.781017,2026-07-06T07:04:18.792968+00:00,162.9,50,ask,EarnestEspressos,FlawlessFlatbreads,9243949
2026-07-06T07:04:19.264918,2026-07-06T07:04:19.276791+00:00,163.0,43,bid,CostlyCorianders,DiligentDonuts,9243955
2026-07-06T07:04:20.887599,2026-07-06T07:04:20.896540+00:00,162.9,50,ask,EarnestEspressos,FlawlessFlatbreads,9243980
2026-07-06T07:04:24.063436,2026-07-06T07:04:24.075103+00:00,162.6,46,ask,DiligentDonuts,CostlyCorianders,9244020
2026-07-06T07:04:24.582341,2026-07-06T07:04:24.589351+00:00,162.6,43,ask,DiligentDonuts,CostlyCorianders,9244030
2026-07-06T07:04:24.685349,2026-07-06T07:04:24.697311+00:00,162.6,11,ask,DiligentDonuts,EarnestEspressos,9244031
2026-07-06T07:04:25.044431,2026-07-06T07:04:25.058621+00:00,162.6,50,bid,FlawlessFlatbreads,EarnestEspressos,9244040
2026-07-06T07:04:25.612031,2026-07-06T07:04:25.619179+00:00,162.6,41,bid,CostlyCorianders,EarnestEspressos,9244050
2026-07-06T07:04:27.459681,2026-07-06T07:04:27.468555+00:00,162.5,11,bid,Xuanyu Liu,DiligentDonuts,9244073
2026-07-06T07:04:27.797530,2026-07-06T07:04:27.809344+00:00,162.5,89,bid,EarnestEspressos,DiligentDonuts,9244076
2026-07-06T07:04:29.306573,2026-07-06T07:04:29.318785+00:00,162.6,50,ask,EarnestEspressos,FlawlessFlatbreads,9244087
2026-07-06T07:04:30.586670,2026-07-06T07:04:30.595072+00:00,162.6,11,ask,EarnestEspressos,Xuanyu Liu,9244098
2026-07-06T07:04:31.012942,2026-07-06T07:04:31.022655+00:00,162.6,100,ask,DiligentDonuts,EarnestEspressos,9244105
2026-07-06T07:04:31.024140,2026-07-06T07:04:31.034545+00:00,162.4,11,bid,Xuanyu Liu,EarnestEspressos,9244106
2026-07-06T07:04:31.362514,2026-07-06T07:04:31.374588+00:00,162.4,39,bid,FlawlessFlatbreads,EarnestEspressos,9244110
2026-07-06T07:04:33.474065,2026-07-06T07:04:33.480811+00:00,162.7,50,bid,FlawlessFlatbreads,DiligentDonuts,9244135
2026-07-06T07:04:33.745238,2026-07-06T07:04:33.758571+00:00,162.7,48,bid,CostlyCorianders,DiligentDonuts,9244139
2026-07-06T07:04:33.799576,2026-07-06T07:04:33.807998+00:00,162.2,45,ask,DiligentDonuts,CostlyCorianders,9244140
2026-07-06T07:04:35.344637,2026-07-06T07:04:35.353079+00:00,162.5,11,ask,EarnestEspressos,Xuanyu Liu,9244159
2026-07-06T07:04:35.580805,2026-07-06T07:04:35.592768+00:00,162.7,2,bid,FlawlessFlatbreads,DiligentDonuts,9244164
2026-07-06T07:04:35.580805,2026-07-06T07:04:35.592768+00:00,163.0,48,bid,FlawlessFlatbreads,EarnestEspressos,9244165
2026-07-06T07:04:36.417512,2026-07-06T07:04:36.427132+00:00,162.7,43,bid,CostlyCorianders,DiligentDonuts,9244175
2026-07-06T07:04:37.292042,2026-07-06T07:04:37.300387+00:00,162.7,57,bid,EarnestEspressos,DiligentDonuts,9244185
2026-07-06T07:04:39.847583,2026-07-06T07:04:39.863856+00:00,162.7,50,ask,EarnestEspressos,FlawlessFlatbreads,9244225
2026-07-06T07:04:41.904547,2026-07-06T07:04:41.916400+00:00,163.0,50,bid,FlawlessFlatbreads,EarnestEspressos,9244252
2026-07-06T07:04:44.061970,2026-07-06T07:04:44.071190+00:00,162.8,50,ask,DiligentDonuts,FlawlessFlatbreads,9244281
2026-07-06T07:04:46.169734,2026-07-06T07:04:46.181757+00:00,162.7,50,ask,EarnestEspressos,FlawlessFlatbreads,9244314
2026-07-06T07:04:46.265355,2026-07-06T07:04:46.276968+00:00,162.7,44,ask,EarnestEspressos,CostlyCorianders,9244316
2026-07-06T07:04:47.152561,2026-07-06T07:04:47.162109+00:00,162.7,12,ask,DiligentDonuts,Xuanyu Liu,9244327
2026-07-06T07:04:48.925724,2026-07-06T07:04:48.937460+00:00,162.7,49,bid,CostlyCorianders,DiligentDonuts,9244360
2026-07-06T07:04:50.331623,2026-07-06T07:04:50.343408+00:00,162.7,50,bid,FlawlessFlatbreads,DiligentDonuts,9244374
2026-07-06T07:04:51.937272,2026-07-06T07:04:51.945667+00:00,162.7,100,bid,DiligentDonuts,EarnestEspressos,9244400
2026-07-06T07:04:56.321084,2026-07-06T07:04:56.328417+00:00,162.3,100,ask,DiligentDonuts,EarnestEspressos,9244462
2026-07-06T07:04:56.652770,2026-07-06T07:04:56.658606+00:00,162.2,50,bid,FlawlessFlatbreads,EarnestEspressos,9244470
2026-07-06T07:04:57.989165,2026-07-06T07:04:58.000839+00:00,161.7,45,ask,EarnestEspressos,CostlyCorianders,9244485
2026-07-06T07:04:58.489901,2026-07-06T07:04:58.501363+00:00,161.7,43,ask,EarnestEspressos,CostlyCorianders,9244495
2026-07-06T07:04:58.784194,2026-07-06T07:04:58.792651+00:00,161.8,50,bid,FlawlessFlatbreads,DiligentDonuts,9244499
2026-07-06T07:04:59.441698,2026-07-06T07:04:59.458607+00:00,161.8,50,bid,EarnestEspressos,DiligentDonuts,9244519
2026-07-06T07:05:00.896525,2026-07-06T07:05:00.904282+00:00,162.3,50,bid,FlawlessFlatbreads,EarnestEspressos,9244540
2026-07-06T07:05:01.313170,2026-07-06T07:05:01.325144+00:00,161.8,48,ask,EarnestEspressos,CostlyCorianders,9244547
2026-07-06T07:05:01.899538,2026-07-06T07:05:01.911466+00:00,162.0,48,bid,CostlyCorianders,DiligentDonuts,9244553
2026-07-06T07:05:03.027518,2026-07-06T07:05:03.036377+00:00,162.0,50,bid,FlawlessFlatbreads,DiligentDonuts,9244565
2026-07-06T07:05:04.926165,2026-07-06T07:05:04.937888+00:00,162.3,44,bid,CostlyCorianders,EarnestEspressos,9244590
2026-07-06T07:05:05.139397,2026-07-06T07:05:05.149477+00:00,162.3,50,bid,FlawlessFlatbreads,EarnestEspressos,9244593
2026-07-06T07:05:05.487384,2026-07-06T07:05:05.499220+00:00,161.8,46,ask,EarnestEspressos,CostlyCorianders,9244597
2026-07-06T07:05:07.272220,2026-07-06T07:05:07.279960+00:00,162.3,50,bid,FlawlessFlatbreads,DiligentDonuts,9244619
2026-07-06T07:05:07.442158,2026-07-06T07:05:07.458594+00:00,162.3,44,bid,CostlyCorianders,DiligentDonuts,9244621
2026-07-06T07:05:07.769956,2026-07-06T07:05:07.780312+00:00,162.2,34,ask,DiligentDonuts,Xuanyu Liu,9244626
2026-07-06T07:05:09.322425,2026-07-06T07:05:09.332290+00:00,162.2,11,ask,DiligentDonuts,Xuanyu Liu,9244645
2026-07-06T07:05:09.382720,2026-07-06T07:05:09.390843+00:00,162.3,50,bid,FlawlessFlatbreads,EarnestEspressos,9244648
2026-07-06T07:05:10.535255,2026-07-06T07:05:10.544713+00:00,162.2,12,ask,DiligentDonuts,Xuanyu Liu,9244664
2026-07-06T07:05:11.494150,2026-07-06T07:05:11.568709+00:00,162.3,50,bid,FlawlessFlatbreads,EarnestEspressos,9244686
2026-07-06T07:05:13.601434,2026-07-06T07:05:13.613701+00:00,162.4,50,bid,FlawlessFlatbreads,DiligentDonuts,9244710
2026-07-06T07:05:15.502980,2026-07-06T07:05:15.510923+00:00,161.8,44,ask,EarnestEspressos,CostlyCorianders,9244726
2026-07-06T07:05:15.710281,2026-07-06T07:05:15.721854+00:00,162.2,50,bid,FlawlessFlatbreads,DiligentDonuts,9244729
2026-07-06T07:05:16.125740,2026-07-06T07:05:16.137908+00:00,161.8,41,ask,EarnestEspressos,CostlyCorianders,9244732
2026-07-06T07:05:17.817768,2026-07-06T07:05:17.829361+00:00,162.2,50,bid,FlawlessFlatbreads,DiligentDonuts,9244751
2026-07-06T07:05:19.259149,2026-07-06T07:05:19.270756+00:00,162.0,49,bid,CostlyCorianders,EarnestEspressos,9244761
2026-07-06T07:05:19.924054,2026-07-06T07:05:19.930981+00:00,162.0,50,bid,FlawlessFlatbreads,EarnestEspressos,9244770
2026-07-06T07:05:20.820117,2026-07-06T07:05:20.827309+00:00,161.9,47,ask,DiligentDonuts,CostlyCorianders,9244789
2026-07-06T07:05:21.453461,2026-07-06T07:05:21.465422+00:00,162.0,40,bid,CostlyCorianders,EarnestEspressos,9244801
2026-07-06T07:05:21.619606,2026-07-06T07:05:21.628750+00:00,162.1,11,ask,EarnestEspressos,Xuanyu Liu,9244804
2026-07-06T07:05:21.800369,2026-07-06T07:05:21.809951+00:00,162.1,3,ask,EarnestEspressos,Xuanyu Liu,9244808
2026-07-06T07:05:22.046463,2026-07-06T07:05:22.058597+00:00,162.4,50,bid,FlawlessFlatbreads,DiligentDonuts,9244811
2026-07-06T07:05:22.555627,2026-07-06T07:05:22.568711+00:00,162.1,45,ask,EarnestEspressos,CostlyCorianders,9244821
2026-07-06T07:05:24.154738,2026-07-06T07:05:24.166673+00:00,162.3,50,bid,FlawlessFlatbreads,DiligentDonuts,9244837
2026-07-06T07:05:26.124190,2026-07-06T07:05:26.135992+00:00,161.8,44,ask,DiligentDonuts,CostlyCorianders,9244861
2026-07-06T07:05:26.262813,2026-07-06T07:05:26.270222+00:00,162.3,50,bid,FlawlessFlatbreads,DiligentDonuts,9244862
2026-07-06T07:05:27.980251,2026-07-06T07:05:27.989048+00:00,162.1,100,ask,DiligentDonuts,EarnestEspressos,9244892
2026-07-06T07:05:30.418704,2026-07-06T07:05:30.427184+00:00,162.1,3,bid,Xuanyu Liu,EarnestEspressos,9244930
2026-07-06T07:05:30.520641,2026-07-06T07:05:30.532508+00:00,161.9,50,ask,DiligentDonuts,FlawlessFlatbreads,9244933
2026-07-06T07:05:31.096910,2026-07-06T07:05:31.106773+00:00,162.4,100,bid,EarnestEspressos,DiligentDonuts,9244940
2026-07-06T07:05:31.159667,2026-07-06T07:05:31.169759+00:00,162.5,3,ask,EarnestEspressos,Xuanyu Liu,9244943
2026-07-06T07:05:31.961971,2026-07-06T07:05:31.973806+00:00,163.0,47,bid,CostlyCorianders,EarnestEspressos,9244951
2026-07-06T07:05:32.443083,2026-07-06T07:05:32.458585+00:00,162.5,42,ask,EarnestEspressos,CostlyCorianders,9244957
2026-07-06T07:05:32.628667,2026-07-06T07:05:32.640706+00:00,162.5,5,ask,EarnestEspressos,FlawlessFlatbreads,9244960
2026-07-06T07:05:32.628667,2026-07-06T07:05:32.640706+00:00,161.9,45,ask,DiligentDonuts,FlawlessFlatbreads,9244961
2026-07-06T07:05:33.599694,2026-07-06T07:05:33.611422+00:00,162.8,45,bid,CostlyCorianders,DiligentDonuts,9244974
2026-07-06T07:05:34.737402,2026-07-06T07:05:34.749041+00:00,162.3,50,ask,DiligentDonuts,FlawlessFlatbreads,9244992
2026-07-06T07:05:35.117742,2026-07-06T07:05:35.125751+00:00,162.7,48,bid,CostlyCorianders,EarnestEspressos,9244994
2026-07-06T07:05:36.250328,2026-07-06T07:05:36.256779+00:00,162.2,40,ask,EarnestEspressos,CostlyCorianders,9245008
2026-07-06T07:05:36.845254,2026-07-06T07:05:36.858540+00:00,162.2,50,ask,EarnestEspressos,FlawlessFlatbreads,9245012
2026-07-06T07:05:38.951440,2026-07-06T07:05:38.958568+00:00,162.0,50,ask,DiligentDonuts,FlawlessFlatbreads,9245033
2026-07-06T07:05:39.416868,2026-07-06T07:05:39.425940+00:00,162.2,40,bid,CostlyCorianders,EarnestEspressos,9245040
2026-07-06T07:05:40.325113,2026-07-06T07:05:40.337071+00:00,161.9,47,ask,DiligentDonuts,CostlyCorianders,9245053
2026-07-06T07:05:41.814627,2026-07-06T07:05:41.821234+00:00,162.3,41,bid,CostlyCorianders,EarnestEspressos,9245077
2026-07-06T07:05:42.910018,2026-07-06T07:05:42.921665+00:00,161.8,43,ask,EarnestEspressos,CostlyCorianders,9245086
2026-07-06T07:05:43.162242,2026-07-06T07:05:43.174203+00:00,161.8,50,ask,EarnestEspressos,FlawlessFlatbreads,9245092
2026-07-06T07:05:43.873598,2026-07-06T07:05:43.885485+00:00,162.1,48,bid,CostlyCorianders,DiligentDonuts,9245096
2026-07-06T07:05:45.269900,2026-07-06T07:05:45.281651+00:00,161.7,50,ask,EarnestEspressos,FlawlessFlatbreads,9245112
2026-07-06T07:05:45.617189,2026-07-06T07:05:45.625690+00:00,162.1,3,bid,Xuanyu Liu,DiligentDonuts,9245118
2026-07-06T07:05:46.014494,2026-07-06T07:05:46.025867+00:00,161.9,47,ask,DiligentDonuts,CostlyCorianders,9245128
2026-07-06T07:05:46.526120,2026-07-06T07:05:46.533005+00:00,162.2,42,bid,CostlyCorianders,EarnestEspressos,9245132
2026-07-06T07:05:46.580024,2026-07-06T07:05:46.592045+00:00,161.9,41,ask,DiligentDonuts,CostlyCorianders,9245133
2026-07-06T07:05:47.377222,2026-07-06T07:05:47.388903+00:00,161.9,12,ask,DiligentDonuts,FlawlessFlatbreads,9245147
2026-07-06T07:05:47.377222,2026-07-06T07:05:47.388903+00:00,161.7,38,ask,EarnestEspressos,FlawlessFlatbreads,9245148
2026-07-06T07:05:49.434827,2026-07-06T07:05:49.446488+00:00,161.8,50,bid,FlawlessFlatbreads,DiligentDonuts,9245174
2026-07-06T07:05:50.124660,2026-07-06T07:05:50.134970+00:00,161.8,23,bid,Xuanyu Liu,DiligentDonuts,9245185
2026-07-06T07:05:52.376840,2026-07-06T07:05:52.384382+00:00,161.8,40,bid,CostlyCorianders,EarnestEspressos,9245210
2026-07-06T07:05:53.646860,2026-07-06T07:05:53.658617+00:00,161.9,50,bid,FlawlessFlatbreads,DiligentDonuts,9245234
2026-07-06T07:05:54.478070,2026-07-06T07:05:54.486500+00:00,161.6,12,ask,EarnestEspressos,Xuanyu Liu,9245247
2026-07-06T07:05:55.754749,2026-07-06T07:05:55.758546+00:00,162.0,50,bid,FlawlessFlatbreads,DiligentDonuts,9245264
2026-07-06T07:05:56.501474,2026-07-06T07:05:56.510977+00:00,161.5,100,ask,DiligentDonuts,EarnestEspressos,9245275
2026-07-06T07:05:56.606988,2026-07-06T07:05:56.618679+00:00,160.8,42,ask,EarnestEspressos,CostlyCorianders,9245277
2026-07-06T07:05:57.713673,2026-07-06T07:05:57.722054+00:00,161.3,12,bid,Xuanyu Liu,EarnestEspressos,9245298
2026-07-06T07:05:57.864547,2026-07-06T07:05:57.876142+00:00,161.3,38,bid,FlawlessFlatbreads,EarnestEspressos,9245301
2026-07-06T07:05:57.864547,2026-07-06T07:05:57.876142+00:00,162.0,12,bid,FlawlessFlatbreads,DiligentDonuts,9245302
2026-07-06T07:05:58.900176,2026-07-06T07:05:58.912168+00:00,161.8,45,bid,CostlyCorianders,DiligentDonuts,9245317
2026-07-06T07:05:58.954965,2026-07-06T07:05:58.966827+00:00,161.3,43,ask,DiligentDonuts,CostlyCorianders,9245320
2026-07-06T07:05:59.541306,2026-07-06T07:05:59.553033+00:00,161.8,42,bid,CostlyCorianders,DiligentDonuts,9245328
2026-07-06T07:05:59.622572,2026-07-06T07:05:59.632081+00:00,161.7,12,ask,EarnestEspressos,Xuanyu Liu,9245329
2026-07-06T07:05:59.971486,2026-07-06T07:05:59.980304+00:00,161.8,13,bid,FlawlessFlatbreads,DiligentDonuts,9245336
2026-07-06T07:05:59.971486,2026-07-06T07:05:59.980304+00:00,162.2,37,bid,FlawlessFlatbreads,EarnestEspressos,9245337
2026-07-06T07:06:00.531949,2026-07-06T07:06:00.540858+00:00,161.7,11,ask,EarnestEspressos,Xuanyu Liu,9245345
2026-07-06T07:06:01.138918,2026-07-06T07:06:01.147693+00:00,161.7,3,ask,EarnestEspressos,Xuanyu Liu,9245359
2026-07-06T07:06:01.595054,2026-07-06T07:06:01.606686+00:00,161.7,44,ask,EarnestEspressos,CostlyCorianders,9245364
2026-07-06T07:06:02.082937,2026-07-06T07:06:02.090667+00:00,161.9,50,bid,FlawlessFlatbreads,DiligentDonuts,9245373
2026-07-06T07:06:02.644888,2026-07-06T07:06:02.651431+00:00,161.7,42,ask,EarnestEspressos,CostlyCorianders,9245379
2026-07-06T07:06:04.254631,2026-07-06T07:06:04.266515+00:00,161.6,40,bid,CostlyCorianders,EarnestEspressos,9245398
2026-07-06T07:06:04.719474,2026-07-06T07:06:04.731587+00:00,161.6,100,bid,DiligentDonuts,EarnestEspressos,9245400
2026-07-06T07:06:07.942252,2026-07-06T07:06:07.958692+00:00,161.8,100,ask,EarnestEspressos,DiligentDonuts,9245434
2026-07-06T07:06:08.422470,2026-07-06T07:06:08.430103+00:00,162.3,50,bid,FlawlessFlatbreads,EarnestEspressos,9245435
2026-07-06T07:06:10.577307,2026-07-06T07:06:10.589080+00:00,161.5,46,ask,EarnestEspressos,CostlyCorianders,9245459
2026-07-06T07:06:10.581488,2026-07-06T07:06:10.589080+00:00,161.5,50,ask,EarnestEspressos,FlawlessFlatbreads,9245460
2026-07-06T07:06:11.447731,2026-07-06T07:06:11.469511+00:00,162.0,44,bid,CostlyCorianders,EarnestEspressos,9245474
2026-07-06T07:06:12.699826,2026-07-06T07:06:12.711694+00:00,161.5,50,ask,DiligentDonuts,FlawlessFlatbreads,9245486
2026-07-06T07:06:13.997126,2026-07-06T07:06:14.013412+00:00,162.0,41,bid,CostlyCorianders,DiligentDonuts,9245500
2026-07-06T07:06:14.808296,2026-07-06T07:06:14.817422+00:00,161.6,50,ask,DiligentDonuts,FlawlessFlatbreads,9245508
2026-07-06T07:06:17.434676,2026-07-06T07:06:17.444985+00:00,161.6,48,ask,DiligentDonuts,CostlyCorianders,9245543
2026-07-06T07:06:19.024310,2026-07-06T07:06:19.033832+00:00,161.6,50,ask,DiligentDonuts,FlawlessFlatbreads,9245562
2026-07-06T07:06:19.515427,2026-07-06T07:06:19.526855+00:00,162.1,41,bid,CostlyCorianders,DiligentDonuts,9245570
2026-07-06T07:06:20.999608,2026-07-06T07:06:21.011519+00:00,162.0,46,bid,CostlyCorianders,DiligentDonuts,9245586
2026-07-06T07:06:23.252687,2026-07-06T07:06:23.264671+00:00,161.6,50,ask,EarnestEspressos,FlawlessFlatbreads,9245607
2026-07-06T07:06:27.216775,2026-07-06T07:06:27.227149+00:00,161.6,49,ask,DiligentDonuts,CostlyCorianders,9245648
2026-07-06T07:06:27.422812,2026-07-06T07:06:27.431675+00:00,162.0,50,bid,FlawlessFlatbreads,EarnestEspressos,9245653
2026-07-06T07:06:29.231967,2026-07-06T07:06:29.243831+00:00,161.6,41,ask,DiligentDonuts,CostlyCorianders,9245671
2026-07-06T07:06:29.529269,2026-07-06T07:06:29.541341+00:00,162.1,50,bid,FlawlessFlatbreads,DiligentDonuts,9245673
2026-07-06T07:06:31.464457,2026-07-06T07:06:31.474280+00:00,161.6,44,ask,EarnestEspressos,CostlyCorianders,9245696
2026-07-06T07:06:31.638660,2026-07-06T07:06:31.647261+00:00,162.0,50,bid,FlawlessFlatbreads,DiligentDonuts,9245700
2026-07-06T07:06:33.744119,2026-07-06T07:06:33.755797+00:00,162.1,50,bid,FlawlessFlatbreads,EarnestEspressos,9245717
2026-07-06T07:06:34.072646,2026-07-06T07:06:34.080977+00:00,162.1,42,bid,CostlyCorianders,EarnestEspressos,9245725
2026-07-06T07:06:34.643405,2026-07-06T07:06:34.650777+00:00,162.1,45,bid,CostlyCorianders,DiligentDonuts,9245738
2026-07-06T07:06:35.619732,2026-07-06T07:06:35.631896+00:00,161.8,46,ask,EarnestEspressos,CostlyCorianders,9245749
2026-07-06T07:06:35.903484,2026-07-06T07:06:35.912281+00:00,161.8,50,ask,EarnestEspressos,FlawlessFlatbreads,9245754
2026-07-06T07:06:36.178221,2026-07-06T07:06:36.187777+00:00,161.8,45,ask,EarnestEspressos,CostlyCorianders,9245756
2026-07-06T07:06:36.679761,2026-07-06T07:06:36.691810+00:00,162.1,42,bid,CostlyCorianders,DiligentDonuts,9245768
2026-07-06T07:06:37.185395,2026-07-06T07:06:37.197206+00:00,162.1,40,bid,CostlyCorianders,DiligentDonuts,9245773
2026-07-06T07:06:37.240664,2026-07-06T07:06:37.249339+00:00,161.8,9,ask,EarnestEspressos,CostlyCorianders,9245774
2026-07-06T07:06:37.240664,2026-07-06T07:06:37.249339+00:00,161.6,39,ask,DiligentDonuts,CostlyCorianders,9245775
2026-07-06T07:06:37.637793,2026-07-06T07:06:37.648504+00:00,161.6,61,ask,DiligentDonuts,EarnestEspressos,9245780
2026-07-06T07:06:38.010849,2026-07-06T07:06:38.023029+00:00,160.6,50,ask,EarnestEspressos,FlawlessFlatbreads,9245787
2026-07-06T07:06:38.650070,2026-07-06T07:06:38.659157+00:00,161.1,14,bid,Xuanyu Liu,EarnestEspressos,9245793
2026-07-06T07:06:38.905436,2026-07-06T07:06:38.914775+00:00,161.1,23,bid,Xuanyu Liu,EarnestEspressos,9245799
2026-07-06T07:06:39.539085,2026-07-06T07:06:39.551199+00:00,161.1,52,bid,DiligentDonuts,EarnestEspressos,9245806
2026-07-06T07:06:39.607505,2026-07-06T07:06:39.616120+00:00,161.4,23,ask,DiligentDonuts,Xuanyu Liu,9245807
2026-07-06T07:06:39.961493,2026-07-06T07:06:39.972896+00:00,161.4,11,ask,DiligentDonuts,Xuanyu Liu,9245816
2026-07-06T07:06:40.282058,2026-07-06T07:06:40.293599+00:00,161.4,14,ask,DiligentDonuts,CostlyCorianders,9245825
2026-07-06T07:06:42.222244,2026-07-06T07:06:42.233089+00:00,161.1,50,ask,EarnestEspressos,FlawlessFlatbreads,9245854
2026-07-06T07:06:42.938749,2026-07-06T07:06:42.947099+00:00,161.5,42,bid,CostlyCorianders,DiligentDonuts,9245865
2026-07-06T07:06:44.329372,2026-07-06T07:06:44.341365+00:00,161.0,50,ask,DiligentDonuts,FlawlessFlatbreads,9245891
2026-07-06T07:06:46.436897,2026-07-06T07:06:46.448092+00:00,161.0,50,ask,EarnestEspressos,FlawlessFlatbreads,9245910
2026-07-06T07:06:47.647297,2026-07-06T07:06:47.653887+00:00,161.2,40,bid,CostlyCorianders,EarnestEspressos,9245922
2026-07-06T07:06:48.544545,2026-07-06T07:06:48.558615+00:00,160.9,50,ask,DiligentDonuts,FlawlessFlatbreads,9245930
2026-07-06T07:06:50.152622,2026-07-06T07:06:50.154711+00:00,161.2,44,bid,CostlyCorianders,EarnestEspressos,9245949
2026-07-06T07:06:50.652573,2026-07-06T07:06:50.664243+00:00,161.0,50,ask,EarnestEspressos,FlawlessFlatbreads,9245956
2026-07-06T07:06:52.760491,2026-07-06T07:06:52.772320+00:00,161.0,50,ask,EarnestEspressos,FlawlessFlatbreads,9245991
2026-07-06T07:06:53.460187,2026-07-06T07:06:53.468753+00:00,161.1,11,bid,Xuanyu Liu,EarnestEspressos,9245997
2026-07-06T07:06:54.786204,2026-07-06T07:06:54.795892+00:00,160.7,41,ask,DiligentDonuts,CostlyCorianders,9246017
2026-07-06T07:06:54.866536,2026-07-06T07:06:54.883546+00:00,160.7,50,ask,DiligentDonuts,FlawlessFlatbreads,9246019
2026-07-06T07:06:55.271040,2026-07-06T07:06:55.280724+00:00,161.1,45,bid,CostlyCorianders,EarnestEspressos,9246026
2026-07-06T07:06:55.468666,2026-07-06T07:06:55.477895+00:00,161.0,12,bid,Xuanyu Liu,DiligentDonuts,9246031
2026-07-06T07:06:55.832672,2026-07-06T07:06:55.844761+00:00,160.6,43,ask,EarnestEspressos,CostlyCorianders,9246038
2026-07-06T07:06:55.856359,2026-07-06T07:06:55.865091+00:00,161.0,11,bid,Xuanyu Liu,DiligentDonuts,9246039
2026-07-06T07:06:57.243871,2026-07-06T07:06:57.255477+00:00,160.8,48,ask,EarnestEspressos,CostlyCorianders,9246058
2026-07-06T07:06:59.078991,2026-07-06T07:06:59.090949+00:00,160.8,50,ask,EarnestEspressos,FlawlessFlatbreads,9246080
2026-07-06T07:06:59.204224,2026-07-06T07:06:59.214994+00:00,161.0,46,bid,CostlyCorianders,DiligentDonuts,9246085
2026-07-06T07:06:59.652739,2026-07-06T07:06:59.661016+00:00,161.0,12,bid,Xuanyu Liu,DiligentDonuts,9246096
2026-07-06T07:07:01.135501,2026-07-06T07:07:01.143917+00:00,161.0,42,bid,FlawlessFlatbreads,DiligentDonuts,9246117
2026-07-06T07:07:01.135501,2026-07-06T07:07:01.143917+00:00,161.0,8,bid,FlawlessFlatbreads,EarnestEspressos,9246118
2026-07-06T07:07:01.376698,2026-07-06T07:07:01.388712+00:00,161.0,44,bid,CostlyCorianders,EarnestEspressos,9246120
2026-07-06T07:07:03.250147,2026-07-06T07:07:03.256799+00:00,161.1,50,bid,FlawlessFlatbreads,EarnestEspressos,9246146
2026-07-06T07:07:04.902316,2026-07-06T07:07:04.909623+00:00,160.9,41,ask,DiligentDonuts,CostlyCorianders,9246164
2026-07-06T07:07:05.407607,2026-07-06T07:07:05.419168+00:00,160.9,50,ask,DiligentDonuts,FlawlessFlatbreads,9246178
2026-07-06T07:07:07.676577,2026-07-06T07:07:07.689117+00:00,160.9,9,ask,DiligentDonuts,CostlyCorianders,9246211
2026-07-06T07:07:07.676577,2026-07-06T07:07:07.689117+00:00,160.9,31,ask,EarnestEspressos,CostlyCorianders,9246212
2026-07-06T07:07:08.331602,2026-07-06T07:07:08.343427+00:00,161.3,44,bid,CostlyCorianders,DiligentDonuts,9246223
2026-07-06T07:07:11.640854,2026-07-06T07:07:11.658580+00:00,161.3,42,bid,CostlyCorianders,DiligentDonuts,9246262
2026-07-06T07:07:11.749303,2026-07-06T07:07:11.758568+00:00,160.9,50,ask,EarnestEspressos,FlawlessFlatbreads,9246265
2026-07-06T07:07:13.873090,2026-07-06T07:07:13.884511+00:00,160.8,50,ask,DiligentDonuts,FlawlessFlatbreads,9246296
2026-07-06T07:07:14.086805,2026-07-06T07:07:14.100237+00:00,160.8,40,ask,DiligentDonuts,CostlyCorianders,9246300
2026-07-06T07:07:15.691276,2026-07-06T07:07:15.702868+00:00,160.6,40,ask,DiligentDonuts,CostlyCorianders,9246313
2026-07-06T07:07:15.979509,2026-07-06T07:07:15.990903+00:00,160.6,50,ask,DiligentDonuts,FlawlessFlatbreads,9246321
2026-07-06T07:07:16.152052,2026-07-06T07:07:16.158597+00:00,161.0,44,bid,CostlyCorianders,EarnestEspressos,9246327
2026-07-06T07:07:17.628301,2026-07-06T07:07:17.638163+00:00,160.9,11,bid,Xuanyu Liu,DiligentDonuts,9246341
2026-07-06T07:07:17.646878,2026-07-06T07:07:17.668467+00:00,160.9,49,bid,CostlyCorianders,DiligentDonuts,9246344
2026-07-06T07:07:17.660031,2026-07-06T07:07:17.668467+00:00,160.9,11,bid,Xuanyu Liu,DiligentDonuts,9246345
2026-07-06T07:07:20.222458,2026-07-06T07:07:20.234370+00:00,160.7,50,ask,EarnestEspressos,FlawlessFlatbreads,9246372
2026-07-06T07:07:22.278226,2026-07-06T07:07:22.287913+00:00,161.2,50,bid,FlawlessFlatbreads,DiligentDonuts,9246400
2026-07-06T07:07:24.385147,2026-07-06T07:07:24.392139+00:00,161.2,50,bid,FlawlessFlatbreads,EarnestEspressos,9246428
2026-07-06T07:07:24.963034,2026-07-06T07:07:24.974613+00:00,160.8,44,ask,DiligentDonuts,CostlyCorianders,9246439
2026-07-06T07:07:25.609767,2026-07-06T07:07:25.616587+00:00,161.3,40,bid,CostlyCorianders,DiligentDonuts,9246446
2026-07-06T07:07:25.664113,2026-07-06T07:07:25.675325+00:00,160.8,49,ask,DiligentDonuts,CostlyCorianders,9246447
2026-07-06T07:07:26.564104,2026-07-06T07:07:26.573986+00:00,160.8,7,ask,DiligentDonuts,FlawlessFlatbreads,9246464
2026-07-06T07:07:26.564104,2026-07-06T07:07:26.573986+00:00,160.8,43,ask,EarnestEspressos,FlawlessFlatbreads,9246465
2026-07-06T07:07:28.604208,2026-07-06T07:07:28.615719+00:00,161.3,49,bid,CostlyCorianders,DiligentDonuts,9246496
2026-07-06T07:07:30.724486,2026-07-06T07:07:30.735995+00:00,161.4,50,bid,FlawlessFlatbreads,EarnestEspressos,9246521
2026-07-06T07:07:31.191912,2026-07-06T07:07:31.203555+00:00,161.3,41,ask,DiligentDonuts,CostlyCorianders,9246529
2026-07-06T07:07:32.793547,2026-07-06T07:07:32.800784+00:00,161.3,41,ask,DiligentDonuts,CostlyCorianders,9246549
2026-07-06T07:07:32.887550,2026-07-06T07:07:32.899931+00:00,161.3,18,ask,DiligentDonuts,FlawlessFlatbreads,9246551
2026-07-06T07:07:32.887550,2026-07-06T07:07:32.899931+00:00,161.2,32,ask,EarnestEspressos,FlawlessFlatbreads,9246552
2026-07-06T07:07:37.049956,2026-07-06T07:07:37.058590+00:00,161.1,50,bid,FlawlessFlatbreads,DiligentDonuts,9246600
2026-07-06T07:07:39.207447,2026-07-06T07:07:39.225996+00:00,160.8,50,ask,EarnestEspressos,FlawlessFlatbreads,9246624
2026-07-06T07:07:41.263684,2026-07-06T07:07:41.275593+00:00,161.2,50,bid,FlawlessFlatbreads,EarnestEspressos,9246652
2026-07-06T07:07:43.371392,2026-07-06T07:07:43.383241+00:00,161.2,50,bid,FlawlessFlatbreads,EarnestEspressos,9246683
2026-07-06T07:07:44.239603,2026-07-06T07:07:44.248491+00:00,161.0,11,ask,EarnestEspressos,Xuanyu Liu,9246697
2026-07-06T07:07:44.533206,2026-07-06T07:07:44.545044+00:00,161.0,45,ask,EarnestEspressos,CostlyCorianders,9246702
2026-07-06T07:07:45.479001,2026-07-06T07:07:45.490718+00:00,161.4,50,bid,FlawlessFlatbreads,DiligentDonuts,9246711
2026-07-06T07:07:45.508703,2026-07-06T07:07:45.520236+00:00,161.4,40,bid,CostlyCorianders,DiligentDonuts,9246712
2026-07-06T07:07:47.592239,2026-07-06T07:07:47.604073+00:00,161.1,50,bid,FlawlessFlatbreads,EarnestEspressos,9246740
2026-07-06T07:07:49.750153,2026-07-06T07:07:49.758561+00:00,160.9,50,ask,DiligentDonuts,FlawlessFlatbreads,9246768
2026-07-06T07:07:54.101374,2026-07-06T07:07:54.113326+00:00,161.2,46,bid,CostlyCorianders,DiligentDonuts,9246831
2026-07-06T07:07:56.786283,2026-07-06T07:07:56.797952+00:00,160.6,45,ask,DiligentDonuts,CostlyCorianders,9246856
2026-07-06T07:07:57.378331,2026-07-06T07:07:57.386952+00:00,161.0,40,bid,CostlyCorianders,EarnestEspressos,9246863
2026-07-06T07:08:00.219945,2026-07-06T07:08:00.229102+00:00,160.8,50,bid,FlawlessFlatbreads,DiligentDonuts,9246893
2026-07-06T07:08:00.428255,2026-07-06T07:08:00.439962+00:00,160.6,41,ask,EarnestEspressos,CostlyCorianders,9246902
2026-07-06T07:08:00.968301,2026-07-06T07:08:00.980016+00:00,160.8,40,bid,CostlyCorianders,DiligentDonuts,9246908
2026-07-06T07:08:02.328594,2026-07-06T07:08:02.339436+00:00,161.1,50,bid,FlawlessFlatbreads,EarnestEspressos,9246919
2026-07-06T07:08:04.434426,2026-07-06T07:08:04.446688+00:00,161.1,50,bid,FlawlessFlatbreads,DiligentDonuts,9246942
2026-07-06T07:08:04.544865,2026-07-06T07:08:04.551587+00:00,160.8,42,ask,EarnestEspressos,CostlyCorianders,9246946
2026-07-06T07:08:05.149245,2026-07-06T07:08:05.156247+00:00,161.3,42,bid,CostlyCorianders,EarnestEspressos,9246952
2026-07-06T07:08:05.245864,2026-07-06T07:08:05.258439+00:00,161.1,34,ask,DiligentDonuts,Xuanyu Liu,9246954
2026-07-06T07:08:06.542644,2026-07-06T07:08:06.551481+00:00,161.2,50,bid,FlawlessFlatbreads,EarnestEspressos,9246975
2026-07-06T07:08:08.647971,2026-07-06T07:08:08.658584+00:00,161.2,50,bid,FlawlessFlatbreads,EarnestEspressos,9246994
2026-07-06T07:08:09.353070,2026-07-06T07:08:09.358590+00:00,161.3,100,bid,EarnestEspressos,DiligentDonuts,9247000
2026-07-06T07:08:10.331671,2026-07-06T07:08:10.339183+00:00,161.3,47,ask,EarnestEspressos,CostlyCorianders,9247019
2026-07-06T07:08:10.760727,2026-07-06T07:08:10.768687+00:00,161.8,50,bid,FlawlessFlatbreads,EarnestEspressos,9247024
2026-07-06T07:08:11.358883,2026-07-06T07:08:11.369486+00:00,161.8,42,bid,CostlyCorianders,EarnestEspressos,9247028
2026-07-06T07:08:12.868901,2026-07-06T07:08:12.880465+00:00,161.8,50,bid,FlawlessFlatbreads,DiligentDonuts,9247045
2026-07-06T07:08:12.895211,2026-07-06T07:08:12.906109+00:00,161.3,43,ask,DiligentDonuts,CostlyCorianders,9247046
2026-07-06T07:08:13.350643,2026-07-06T07:08:13.357204+00:00,161.3,46,ask,DiligentDonuts,CostlyCorianders,9247051
2026-07-06T07:08:14.975982,2026-07-06T07:08:14.987667+00:00,161.8,50,bid,FlawlessFlatbreads,EarnestEspressos,9247070
2026-07-06T07:08:15.687591,2026-07-06T07:08:15.697131+00:00,161.6,12,ask,EarnestEspressos,Xuanyu Liu,9247075
2026-07-06T07:08:17.427094,2026-07-06T07:08:17.436606+00:00,161.6,11,ask,EarnestEspressos,Xuanyu Liu,9247099
2026-07-06T07:08:18.346581,2026-07-06T07:08:18.358643+00:00,161.8,42,bid,CostlyCorianders,DiligentDonuts,9247114
2026-07-06T07:08:19.289096,2026-07-06T07:08:19.299012+00:00,161.3,49,ask,DiligentDonuts,CostlyCorianders,9247125
2026-07-06T07:08:21.360396,2026-07-06T07:08:21.367830+00:00,161.3,50,ask,EarnestEspressos,FlawlessFlatbreads,9247154
2026-07-06T07:08:22.297382,2026-07-06T07:08:22.305853+00:00,161.3,11,bid,Xuanyu Liu,EarnestEspressos,9247168
2026-07-06T07:08:23.029795,2026-07-06T07:08:23.037645+00:00,161.3,23,bid,Xuanyu Liu,EarnestEspressos,9247178
2026-07-06T07:08:23.483775,2026-07-06T07:08:23.500338+00:00,161.2,50,ask,DiligentDonuts,FlawlessFlatbreads,9247189
2026-07-06T07:08:25.114468,2026-07-06T07:08:25.130653+00:00,161.5,41,bid,CostlyCorianders,DiligentDonuts,9247205
2026-07-06T07:08:25.164752,2026-07-06T07:08:25.176575+00:00,161.5,59,bid,EarnestEspressos,DiligentDonuts,9247207
2026-07-06T07:08:25.539130,2026-07-06T07:08:25.550753+00:00,162.0,50,bid,FlawlessFlatbreads,EarnestEspressos,9247213
2026-07-06T07:08:27.219422,2026-07-06T07:08:27.229410+00:00,161.6,11,ask,DiligentDonuts,Xuanyu Liu,9247244
2026-07-06T07:08:27.924820,2026-07-06T07:08:27.936545+00:00,162.0,44,bid,CostlyCorianders,EarnestEspressos,9247251
2026-07-06T07:08:28.339545,2026-07-06T07:08:28.349427+00:00,161.7,12,ask,EarnestEspressos,Xuanyu Liu,9247260
2026-07-06T07:08:28.859618,2026-07-06T07:08:28.868163+00:00,161.7,11,ask,EarnestEspressos,Xuanyu Liu,9247269
2026-07-06T07:08:29.824578,2026-07-06T07:08:29.831363+00:00,161.7,50,ask,EarnestEspressos,FlawlessFlatbreads,9247284
2026-07-06T07:08:31.337678,2026-07-06T07:08:31.348466+00:00,161.7,3,ask,EarnestEspressos,Xuanyu Liu,9247311
2026-07-06T07:08:31.547158,2026-07-06T07:08:31.570502+00:00,161.6,100,ask,DiligentDonuts,EarnestEspressos,9247317
2026-07-06T07:08:31.560553,2026-07-06T07:08:31.570502+00:00,161.3,8,bid,Xuanyu Liu,EarnestEspressos,9247318
2026-07-06T07:08:31.571566,2026-07-06T07:08:31.580614+00:00,161.3,6,bid,Xuanyu Liu,EarnestEspressos,9247320
2026-07-06T07:08:31.937696,2026-07-06T07:08:31.958639+00:00,160.8,50,ask,EarnestEspressos,FlawlessFlatbreads,9247324
2026-07-06T07:08:32.702422,2026-07-06T07:08:32.710957+00:00,161.3,12,bid,Xuanyu Liu,EarnestEspressos,9247336
2026-07-06T07:08:34.048483,2026-07-06T07:08:34.060297+00:00,161.1,50,ask,DiligentDonuts,FlawlessFlatbreads,9247358
2026-07-06T07:08:34.604500,2026-07-06T07:08:34.616333+00:00,161.3,24,bid,CostlyCorianders,EarnestEspressos,9247364
2026-07-06T07:08:36.156681,2026-07-06T07:08:36.169343+00:00,161.4,50,ask,EarnestEspressos,FlawlessFlatbreads,9247389
2026-07-06T07:08:36.251928,2026-07-06T07:08:36.263778+00:00,161.4,47,ask,EarnestEspressos,CostlyCorianders,9247391
2026-07-06T07:08:36.860409,2026-07-06T07:08:36.872286+00:00,161.4,44,ask,EarnestEspressos,CostlyCorianders,9247395
2026-07-06T07:08:38.210877,2026-07-06T07:08:38.220551+00:00,161.5,50,bid,FlawlessFlatbreads,DiligentDonuts,9247412
2026-07-06T07:08:40.318615,2026-07-06T07:08:40.330552+00:00,161.6,50,bid,FlawlessFlatbreads,EarnestEspressos,9247438
2026-07-06T07:08:42.476987,2026-07-06T07:08:42.488955+00:00,161.3,50,ask,DiligentDonuts,FlawlessFlatbreads,9247461
2026-07-06T07:08:43.570524,2026-07-06T07:08:43.582721+00:00,161.3,48,ask,EarnestEspressos,CostlyCorianders,9247476
2026-07-06T07:08:44.596869,2026-07-06T07:08:44.606251+00:00,161.3,50,ask,EarnestEspressos,FlawlessFlatbreads,9247492
2026-07-06T07:08:46.013085,2026-07-06T07:08:46.025940+00:00,161.5,11,bid,Xuanyu Liu,DiligentDonuts,9247508
2026-07-06T07:08:46.431343,2026-07-06T07:08:46.439664+00:00,161.8,43,bid,CostlyCorianders,EarnestEspressos,9247514
2026-07-06T07:08:46.702755,2026-07-06T07:08:46.714450+00:00,161.3,50,ask,EarnestEspressos,FlawlessFlatbreads,9247518
2026-07-06T07:08:48.808322,2026-07-06T07:08:48.819901+00:00,161.3,50,ask,DiligentDonuts,FlawlessFlatbreads,9247545
2026-07-06T07:08:49.271069,2026-07-06T07:08:49.282077+00:00,161.7,41,bid,CostlyCorianders,EarnestEspressos,9247553
2026-07-06T07:08:50.469546,2026-07-06T07:08:50.476300+00:00,161.5,100,bid,EarnestEspressos,DiligentDonuts,9247564
2026-07-06T07:08:50.920115,2026-07-06T07:08:50.928892+00:00,161.5,50,ask,EarnestEspressos,FlawlessFlatbreads,9247575
2026-07-06T07:08:51.904562,2026-07-06T07:08:51.916406+00:00,161.0,40,ask,DiligentDonuts,CostlyCorianders,9247588
2026-07-06T07:08:53.685605,2026-07-06T07:08:53.697289+00:00,161.2,100,ask,DiligentDonuts,EarnestEspressos,9247612
2026-07-06T07:08:53.698495,2026-07-06T07:08:53.707624+00:00,161.1,23,bid,Xuanyu Liu,EarnestEspressos,9247613
2026-07-06T07:08:53.794224,2026-07-06T07:08:53.802574+00:00,161.1,11,bid,Xuanyu Liu,EarnestEspressos,9247616
2026-07-06T07:08:53.910889,2026-07-06T07:08:53.921238+00:00,161.1,16,bid,CostlyCorianders,EarnestEspressos,9247621
2026-07-06T07:08:53.910889,2026-07-06T07:08:53.921238+00:00,161.7,32,bid,CostlyCorianders,DiligentDonuts,9247622
2026-07-06T07:08:55.079191,2026-07-06T07:08:55.091185+00:00,161.7,50,bid,FlawlessFlatbreads,DiligentDonuts,9247640
2026-07-06T07:08:56.098167,2026-07-06T07:08:56.105205+00:00,161.7,46,bid,CostlyCorianders,DiligentDonuts,9247656
2026-07-06T07:08:56.820792,2026-07-06T07:08:56.830151+00:00,161.4,11,ask,EarnestEspressos,Xuanyu Liu,9247670
2026-07-06T07:08:57.096064,2026-07-06T07:08:57.107564+00:00,161.4,40,ask,EarnestEspressos,CostlyCorianders,9247674
2026-07-06T07:08:58.303071,2026-07-06T07:08:58.315453+00:00,161.7,47,bid,CostlyCorianders,DiligentDonuts,9247693
2026-07-06T07:08:58.890855,2026-07-06T07:08:58.900235+00:00,161.6,11,ask,DiligentDonuts,Xuanyu Liu,9247704
2026-07-06T07:08:59.351291,2026-07-06T07:08:59.358034+00:00,161.6,50,ask,DiligentDonuts,FlawlessFlatbreads,9247711
2026-07-06T07:09:01.267084,2026-07-06T07:09:01.279250+00:00,161.6,39,ask,DiligentDonuts,CostlyCorianders,9247735
2026-07-06T07:09:01.267084,2026-07-06T07:09:01.279250+00:00,161.2,10,ask,EarnestEspressos,CostlyCorianders,9247736
2026-07-06T07:09:01.407787,2026-07-06T07:09:01.417384+00:00,161.7,50,bid,FlawlessFlatbreads,EarnestEspressos,9247739
2026-07-06T07:09:02.893896,2026-07-06T07:09:02.903402+00:00,161.7,44,bid,CostlyCorianders,EarnestEspressos,9247760
2026-07-06T07:09:03.513993,2026-07-06T07:09:03.525886+00:00,161.8,50,bid,FlawlessFlatbreads,DiligentDonuts,9247772
2026-07-06T07:09:05.671208,2026-07-06T07:09:05.682865+00:00,161.6,50,ask,DiligentDonuts,FlawlessFlatbreads,9247798
2026-07-06T07:09:06.398131,2026-07-06T07:09:06.409917+00:00,161.7,41,ask,EarnestEspressos,CostlyCorianders,9247803
2026-07-06T07:09:07.776726,2026-07-06T07:09:07.788421+00:00,161.7,50,ask,EarnestEspressos,FlawlessFlatbreads,9247829
2026-07-06T07:09:09.884203,2026-07-06T07:09:09.895790+00:00,161.4,50,ask,DiligentDonuts,FlawlessFlatbreads,9247856
2026-07-06T07:09:12.003884,2026-07-06T07:09:12.015908+00:00,161.4,50,ask,EarnestEspressos,FlawlessFlatbreads,9247873
2026-07-06T07:09:12.725971,2026-07-06T07:09:12.734284+00:00,161.2,40,ask,DiligentDonuts,CostlyCorianders,9247886
2026-07-06T07:09:14.110538,2026-07-06T07:09:14.122428+00:00,161.2,50,ask,DiligentDonuts,FlawlessFlatbreads,9247903
2026-07-06T07:09:16.166172,2026-07-06T07:09:16.176886+00:00,161.3,50,bid,FlawlessFlatbreads,DiligentDonuts,9247921
2026-07-06T07:09:16.489033,2026-07-06T07:09:16.496773+00:00,161.3,49,bid,CostlyCorianders,DiligentDonuts,9247926
2026-07-06T07:09:18.157079,2026-07-06T07:09:18.169007+00:00,161.1,46,ask,DiligentDonuts,CostlyCorianders,9247943
2026-07-06T07:09:18.272775,2026-07-06T07:09:18.284689+00:00,161.4,50,bid,FlawlessFlatbreads,EarnestEspressos,9247944
2026-07-06T07:09:20.431460,2026-07-06T07:09:20.442997+00:00,161.1,50,ask,DiligentDonuts,FlawlessFlatbreads,9247973
2026-07-06T07:09:21.176767,2026-07-06T07:09:21.185071+00:00,161.3,11,bid,Xuanyu Liu,DiligentDonuts,9247984
2026-07-06T07:09:22.537195,2026-07-06T07:09:22.549130+00:00,161.2,50,ask,EarnestEspressos,FlawlessFlatbreads,9248003
2026-07-06T07:09:23.606159,2026-07-06T07:09:23.614773+00:00,161.3,11,bid,Xuanyu Liu,DiligentDonuts,9248017
2026-07-06T07:09:24.626660,2026-07-06T07:09:24.638471+00:00,161.5,50,bid,FlawlessFlatbreads,DiligentDonuts,9248029
2026-07-06T07:09:26.911575,2026-07-06T07:09:26.920053+00:00,161.5,40,bid,CostlyCorianders,DiligentDonuts,9248061
2026-07-06T07:09:28.643106,2026-07-06T07:09:28.654853+00:00,161.6,49,bid,CostlyCorianders,EarnestEspressos,9248087
2026-07-06T07:09:28.920722,2026-07-06T07:09:28.932764+00:00,161.3,50,ask,DiligentDonuts,FlawlessFlatbreads,9248090
2026-07-06T07:09:29.836355,2026-07-06T07:09:29.848228+00:00,161.3,49,ask,DiligentDonuts,CostlyCorianders,9248099
2026-07-06T07:09:30.408117,2026-07-06T07:09:30.419880+00:00,161.6,47,bid,CostlyCorianders,EarnestEspressos,9248104
2026-07-06T07:09:30.909245,2026-07-06T07:09:30.920617+00:00,161.1,47,ask,EarnestEspressos,CostlyCorianders,9248111
2026-07-06T07:09:31.029766,2026-07-06T07:09:31.041726+00:00,161.1,50,ask,EarnestEspressos,FlawlessFlatbreads,9248113
2026-07-06T07:09:32.658763,2026-07-06T07:09:32.667287+00:00,161.5,41,bid,CostlyCorianders,DiligentDonuts,9248130
2026-07-06T07:09:32.712803,2026-07-06T07:09:32.719997+00:00,161.1,49,ask,EarnestEspressos,CostlyCorianders,9248131
2026-07-06T07:09:33.154183,2026-07-06T07:09:33.164250+00:00,161.1,50,ask,EarnestEspressos,FlawlessFlatbreads,9248140
2026-07-06T07:09:33.174792,2026-07-06T07:09:33.185206+00:00,161.5,49,bid,CostlyCorianders,DiligentDonuts,9248142
2026-07-06T07:09:33.229779,2026-07-06T07:09:33.241566+00:00,161.1,46,ask,EarnestEspressos,CostlyCorianders,9248143
2026-07-06T07:09:34.818200,2026-07-06T07:09:34.829808+00:00,161.1,100,ask,DiligentDonuts,EarnestEspressos,9248163
2026-07-06T07:09:34.831083,2026-07-06T07:09:34.839597+00:00,161.1,29,bid,Xuanyu Liu,EarnestEspressos,9248164
2026-07-06T07:09:34.843845,2026-07-06T07:09:34.855107+00:00,161.1,21,bid,CostlyCorianders,EarnestEspressos,9248166
2026-07-06T07:09:34.843845,2026-07-06T07:09:34.855107+00:00,161.6,25,bid,CostlyCorianders,DiligentDonuts,9248167
2026-07-06T07:09:35.209812,2026-07-06T07:09:35.221591+00:00,161.6,50,bid,FlawlessFlatbreads,DiligentDonuts,9248172
2026-07-06T07:09:35.785007,2026-07-06T07:09:35.796749+00:00,160.6,46,ask,EarnestEspressos,CostlyCorianders,9248186
2026-07-06T07:09:36.944041,2026-07-06T07:09:36.953841+00:00,161.2,6,ask,DiligentDonuts,Xuanyu Liu,9248200
2026-07-06T07:09:37.327413,2026-07-06T07:09:37.334698+00:00,161.7,50,bid,FlawlessFlatbreads,DiligentDonuts,9248203
2026-07-06T07:09:38.119745,2026-07-06T07:09:38.128674+00:00,161.2,11,ask,DiligentDonuts,Xuanyu Liu,9248212
2026-07-06T07:09:38.460561,2026-07-06T07:09:38.470552+00:00,161.2,45,ask,DiligentDonuts,CostlyCorianders,9248217
2026-07-06T07:09:39.433931,2026-07-06T07:09:39.445709+00:00,161.3,50,bid,FlawlessFlatbreads,EarnestEspressos,9248223
2026-07-06T07:09:40.527866,2026-07-06T07:09:40.536504+00:00,161.3,44,bid,CostlyCorianders,EarnestEspressos,9248238
2026-07-06T07:09:41.141614,2026-07-06T07:09:41.149053+00:00,161.7,41,bid,CostlyCorianders,DiligentDonuts,9248247
2026-07-06T07:09:41.541949,2026-07-06T07:09:41.553821+00:00,161.7,50,bid,FlawlessFlatbreads,DiligentDonuts,9248250
2026-07-06T07:09:41.725265,2026-07-06T07:09:41.737166+00:00,161.4,46,ask,EarnestEspressos,CostlyCorianders,9248255
2026-07-06T07:09:43.659505,2026-07-06T07:09:43.669050+00:00,161.4,12,ask,EarnestEspressos,Xuanyu Liu,9248273
2026-07-06T07:09:43.662303,2026-07-06T07:09:43.669050+00:00,161.9,50,bid,FlawlessFlatbreads,EarnestEspressos,9248274
2026-07-06T07:09:44.352471,2026-07-06T07:09:44.364364+00:00,161.7,49,bid,CostlyCorianders,EarnestEspressos,9248282
2026-07-06T07:09:45.767564,2026-07-06T07:09:45.779460+00:00,161.7,50,bid,FlawlessFlatbreads,EarnestEspressos,9248300
2026-07-06T07:09:46.284762,2026-07-06T07:09:46.294634+00:00,161.4,11,ask,DiligentDonuts,Xuanyu Liu,9248304
2026-07-06T07:09:47.426557,2026-07-06T07:09:47.436285+00:00,161.5,11,ask,EarnestEspressos,Xuanyu Liu,9248321
2026-07-06T07:09:50.576473,2026-07-06T07:09:50.588208+00:00,161.9,100,bid,EarnestEspressos,DiligentDonuts,9248366
2026-07-06T07:09:51.528800,2026-07-06T07:09:51.538603+00:00,161.9,12,ask,EarnestEspressos,Xuanyu Liu,9248379
2026-07-06T07:09:52.151439,2026-07-06T07:09:52.158395+00:00,161.9,38,ask,EarnestEspressos,FlawlessFlatbreads,9248389
2026-07-06T07:09:52.151439,2026-07-06T07:09:52.158395+00:00,161.4,12,ask,DiligentDonuts,FlawlessFlatbreads,9248390
2026-07-06T07:09:52.718507,2026-07-06T07:09:52.730231+00:00,161.7,45,ask,DiligentDonuts,CostlyCorianders,9248402
2026-07-06T07:09:53.806437,2026-07-06T07:09:53.813719+00:00,161.7,55,ask,DiligentDonuts,EarnestEspressos,9248413
2026-07-06T07:09:53.819808,2026-07-06T07:09:53.830022+00:00,161.5,12,bid,Xuanyu Liu,EarnestEspressos,9248414
2026-07-06T07:09:54.159610,2026-07-06T07:09:54.168487+00:00,161.5,11,bid,Xuanyu Liu,EarnestEspressos,9248421
2026-07-06T07:09:54.260970,2026-07-06T07:09:54.273009+00:00,161.0,50,ask,EarnestEspressos,FlawlessFlatbreads,9248423
2026-07-06T07:09:56.103466,2026-07-06T07:09:56.119566+00:00,161.4,47,ask,DiligentDonuts,CostlyCorianders,9248444
2026-07-06T07:09:56.317281,2026-07-06T07:09:56.329354+00:00,161.5,50,bid,FlawlessFlatbreads,EarnestEspressos,9248449
2026-07-06T07:09:57.638955,2026-07-06T07:09:57.648466+00:00,161.4,46,ask,DiligentDonuts,CostlyCorianders,9248462
2026-07-06T07:09:58.425839,2026-07-06T07:09:58.437835+00:00,161.7,50,bid,FlawlessFlatbreads,EarnestEspressos,9248467
2026-07-06T07:09:58.700516,2026-07-06T07:09:58.709437+00:00,161.4,7,ask,DiligentDonuts,Xuanyu Liu,9248474
2026-07-06T07:09:59.407725,2026-07-06T07:09:59.416297+00:00,161.3,18,bid,Xuanyu Liu,DiligentDonuts,9248484
2026-07-06T07:10:00.082561,2026-07-06T07:10:00.094547+00:00,161.3,82,bid,EarnestEspressos,DiligentDonuts,9248493
2026-07-06T07:10:00.585619,2026-07-06T07:10:00.594934+00:00,161.6,50,ask,EarnestEspressos,FlawlessFlatbreads,9248496
2026-07-06T07:10:00.722190,2026-07-06T07:10:00.731189+00:00,161.6,18,ask,EarnestEspressos,Xuanyu Liu,9248499
2026-07-06T07:10:02.642602,2026-07-06T07:10:02.650121+00:00,161.8,50,bid,FlawlessFlatbreads,DiligentDonuts,9248515
2026-07-06T07:10:04.000821,2026-07-06T07:10:04.012898+00:00,161.5,7,bid,Xuanyu Liu,EarnestEspressos,9248536
2026-07-06T07:10:04.634534,2026-07-06T07:10:04.646101+00:00,161.5,49,bid,CostlyCorianders,EarnestEspressos,9248546
2026-07-06T07:10:04.750840,2026-07-06T07:10:04.758541+00:00,161.5,50,bid,FlawlessFlatbreads,EarnestEspressos,9248550
2026-07-06T07:10:05.372227,2026-07-06T07:10:05.383956+00:00,161.5,44,bid,DiligentDonuts,EarnestEspressos,9248557
2026-07-06T07:10:06.225477,2026-07-06T07:10:06.237066+00:00,162.1,48,bid,CostlyCorianders,DiligentDonuts,9248569
2026-07-06T07:10:06.280210,2026-07-06T07:10:06.292024+00:00,161.6,40,ask,DiligentDonuts,CostlyCorianders,9248570
2026-07-06T07:10:06.736655,2026-07-06T07:10:06.748558+00:00,162.1,49,bid,CostlyCorianders,DiligentDonuts,9248580
2026-07-06T07:10:06.792499,2026-07-06T07:10:06.804313+00:00,161.6,16,ask,DiligentDonuts,CostlyCorianders,9248581
2026-07-06T07:10:06.792499,2026-07-06T07:10:06.804313+00:00,161.6,28,ask,EarnestEspressos,CostlyCorianders,9248582
2026-07-06T07:10:06.857323,2026-07-06T07:10:06.869498+00:00,162.1,3,bid,FlawlessFlatbreads,DiligentDonuts,9248583
2026-07-06T07:10:06.857323,2026-07-06T07:10:06.869498+00:00,162.1,47,bid,FlawlessFlatbreads,EarnestEspressos,9248584
2026-07-06T07:10:07.402463,2026-07-06T07:10:07.414381+00:00,162.1,49,bid,CostlyCorianders,EarnestEspressos,9248588
2026-07-06T07:10:07.916715,2026-07-06T07:10:07.928445+00:00,161.6,48,ask,EarnestEspressos,CostlyCorianders,9248595
2026-07-06T07:10:08.534675,2026-07-06T07:10:08.544266+00:00,161.7,41,ask,DiligentDonuts,CostlyCorianders,9248605
2026-07-06T07:10:08.623824,2026-07-06T07:10:08.632074+00:00,161.7,11,ask,DiligentDonuts,Xuanyu Liu,9248607
2026-07-06T07:10:10.074767,2026-07-06T07:10:10.086549+00:00,162.1,41,bid,CostlyCorianders,EarnestEspressos,9248620
2026-07-06T07:10:11.126327,2026-07-06T07:10:11.088477+00:00,161.7,48,ask,DiligentDonuts,FlawlessFlatbreads,9248638
2026-07-06T07:10:11.126327,2026-07-06T07:10:11.088477+00:00,161.6,2,ask,EarnestEspressos,FlawlessFlatbreads,9248639
2026-07-06T07:10:11.403872,2026-07-06T07:10:11.463659+00:00,161.6,40,ask,EarnestEspressos,CostlyCorianders,9248642
2026-07-06T07:10:13.288095,2026-07-06T07:10:13.296179+00:00,161.7,50,ask,EarnestEspressos,FlawlessFlatbreads,9248658
2026-07-06T07:10:15.344319,2026-07-06T07:10:15.358573+00:00,162.0,50,bid,FlawlessFlatbreads,DiligentDonuts,9248685
2026-07-06T07:10:17.451051,2026-07-06T07:10:17.457605+00:00,162.0,50,bid,FlawlessFlatbreads,DiligentDonuts,9248711
2026-07-06T07:10:18.935871,2026-07-06T07:10:18.947526+00:00,162.2,43,bid,CostlyCorianders,EarnestEspressos,9248730
2026-07-06T07:10:19.559848,2026-07-06T07:10:19.571739+00:00,162.5,50,bid,FlawlessFlatbreads,DiligentDonuts,9248741
2026-07-06T07:10:20.388647,2026-07-06T07:10:20.398497+00:00,162.1,45,ask,EarnestEspressos,CostlyCorianders,9248754
2026-07-06T07:10:21.667785,2026-07-06T07:10:21.679461+00:00,162.6,50,bid,FlawlessFlatbreads,EarnestEspressos,9248770
2026-07-06T07:10:21.716360,2026-07-06T07:10:21.724952+00:00,162.3,12,ask,DiligentDonuts,Xuanyu Liu,9248771
2026-07-06T07:10:21.913735,2026-07-06T07:10:21.925335+00:00,162.6,44,bid,CostlyCorianders,EarnestEspressos,9248777
2026-07-06T07:10:22.544830,2026-07-06T07:10:22.556526+00:00,162.3,43,ask,DiligentDonuts,CostlyCorianders,9248787
2026-07-06T07:10:22.970054,2026-07-06T07:10:22.979054+00:00,162.3,11,ask,DiligentDonuts,Xuanyu Liu,9248791
2026-07-06T07:10:23.778048,2026-07-06T07:10:23.785497+00:00,162.8,50,bid,FlawlessFlatbreads,DiligentDonuts,9248800
2026-07-06T07:10:25.030566,2026-07-06T07:10:25.039214+00:00,162.3,47,ask,EarnestEspressos,CostlyCorianders,9248816
2026-07-06T07:10:25.888981,2026-07-06T07:10:25.897550+00:00,162.5,50,bid,FlawlessFlatbreads,DiligentDonuts,9248827
2026-07-06T07:10:27.996452,2026-07-06T07:10:28.007370+00:00,162.5,50,bid,FlawlessFlatbreads,EarnestEspressos,9248843
2026-07-06T07:10:30.102050,2026-07-06T07:10:30.111720+00:00,162.5,50,bid,FlawlessFlatbreads,DiligentDonuts,9248868
2026-07-06T07:10:31.841579,2026-07-06T07:10:31.858590+00:00,162.7,45,bid,CostlyCorianders,DiligentDonuts,9248882
2026-07-06T07:10:32.209214,2026-07-06T07:10:32.221371+00:00,162.7,50,bid,FlawlessFlatbreads,DiligentDonuts,9248888
2026-07-06T07:10:33.897366,2026-07-06T07:10:33.907904+00:00,162.6,26,ask,DiligentDonuts,Xuanyu Liu,9248912
2026-07-06T07:10:34.320906,2026-07-06T07:10:34.332531+00:00,162.7,50,bid,FlawlessFlatbreads,EarnestEspressos,9248917
2026-07-06T07:10:34.606517,2026-07-06T07:10:34.618281+00:00,162.6,47,ask,DiligentDonuts,CostlyCorianders,9248920
2026-07-06T07:10:36.428310,2026-07-06T07:10:36.440176+00:00,162.9,50,bid,FlawlessFlatbreads,EarnestEspressos,9248952
2026-07-06T07:10:38.535150,2026-07-06T07:10:38.544064+00:00,162.9,50,bid,FlawlessFlatbreads,DiligentDonuts,9248979
2026-07-06T07:10:38.999688,2026-07-06T07:10:39.007428+00:00,162.9,40,bid,CostlyCorianders,DiligentDonuts,9248985
2026-07-06T07:10:39.526608,2026-07-06T07:10:39.538738+00:00,162.9,10,bid,CostlyCorianders,DiligentDonuts,9248989
2026-07-06T07:10:39.526608,2026-07-06T07:10:39.538738+00:00,163.3,31,bid,CostlyCorianders,EarnestEspressos,9248990
2026-07-06T07:10:40.520193,2026-07-06T07:10:40.529393+00:00,162.9,41,ask,DiligentDonuts,CostlyCorianders,9248997
2026-07-06T07:10:40.641900,2026-07-06T07:10:40.653708+00:00,163.3,50,bid,FlawlessFlatbreads,EarnestEspressos,9248999
2026-07-06T07:10:41.238179,2026-07-06T07:10:41.247519+00:00,163.2,14,ask,EarnestEspressos,Xuanyu Liu,9249011
2026-07-06T07:10:41.303724,2026-07-06T07:10:41.313487+00:00,163.2,136,ask,EarnestEspressos,Tanishq Panjwani,9249014
2026-07-06T07:10:43.893760,2026-07-06T07:10:43.904262+00:00,162.8,46,ask,DiligentDonuts,CostlyCorianders,9249055
2026-07-06T07:10:44.858282,2026-07-06T07:10:44.866824+00:00,163.0,50,bid,FlawlessFlatbreads,EarnestEspressos,9249070
2026-07-06T07:10:45.457737,2026-07-06T07:10:45.472373+00:00,163.0,49,bid,CostlyCorianders,EarnestEspressos,9249083
2026-07-06T07:10:45.961603,2026-07-06T07:10:45.969998+00:00,163.0,11,bid,Xuanyu Liu,EarnestEspressos,9249093
2026-07-06T07:10:46.653326,2026-07-06T07:10:46.665121+00:00,163.0,40,bid,CostlyCorianders,EarnestEspressos,9249101
2026-07-06T07:10:46.653326,2026-07-06T07:10:46.665121+00:00,163.2,7,bid,CostlyCorianders,DiligentDonuts,9249102
2026-07-06T07:10:46.990950,2026-07-06T07:10:47.000135+00:00,163.2,50,bid,FlawlessFlatbreads,DiligentDonuts,9249103
2026-07-06T07:10:47.213182,2026-07-06T07:10:47.224947+00:00,162.7,45,ask,DiligentDonuts,CostlyCorianders,9249108
2026-07-06T07:10:47.564373,2026-07-06T07:10:47.572391+00:00,163.1,35,ask,EarnestEspressos,Tanishq Panjwani,9249116
2026-07-06T07:10:47.653342,2026-07-06T07:10:47.655129+00:00,163.1,28,ask,EarnestEspressos,Tanishq Panjwani,9249121
2026-07-06T07:10:49.097681,2026-07-06T07:10:49.109701+00:00,163.2,43,bid,FlawlessFlatbreads,DiligentDonuts,9249135
2026-07-06T07:10:49.097681,2026-07-06T07:10:49.109701+00:00,163.6,7,bid,FlawlessFlatbreads,EarnestEspressos,9249136
2026-07-06T07:10:49.400839,2026-07-06T07:10:49.416278+00:00,163.1,47,ask,EarnestEspressos,CostlyCorianders,9249138
2026-07-06T07:10:49.932000,2026-07-06T07:10:49.940369+00:00,163.2,48,bid,CostlyCorianders,DiligentDonuts,9249143
2026-07-06T07:10:51.082207,2026-07-06T07:10:51.093943+00:00,163.2,42,bid,CostlyCorianders,DiligentDonuts,9249152
2026-07-06T07:10:51.213473,2026-07-06T07:10:51.229422+00:00,163.2,10,bid,FlawlessFlatbreads,DiligentDonuts,9249153
2026-07-06T07:10:51.213473,2026-07-06T07:10:51.229422+00:00,163.3,40,bid,FlawlessFlatbreads,EarnestEspressos,9249154
2026-07-06T07:10:51.716146,2026-07-06T07:10:51.728134+00:00,162.8,44,ask,EarnestEspressos,CostlyCorianders,9249160
2026-07-06T07:10:52.879582,2026-07-06T07:10:52.886086+00:00,163.3,44,bid,CostlyCorianders,EarnestEspressos,9249175
2026-07-06T07:10:53.259519,2026-07-06T07:10:53.268192+00:00,163.1,11,ask,DiligentDonuts,Xuanyu Liu,9249179
2026-07-06T07:10:53.374787,2026-07-06T07:10:53.386817+00:00,163.1,50,ask,DiligentDonuts,FlawlessFlatbreads,9249182
2026-07-06T07:10:53.981166,2026-07-06T07:10:53.993209+00:00,163.1,39,ask,DiligentDonuts,CostlyCorianders,9249193
2026-07-06T07:10:53.981166,2026-07-06T07:10:53.993209+00:00,162.8,2,ask,EarnestEspressos,CostlyCorianders,9249194
2026-07-06T07:10:54.577353,2026-07-06T07:10:54.589041+00:00,162.8,42,ask,EarnestEspressos,CostlyCorianders,9249198
2026-07-06T07:10:57.215415,2026-07-06T07:10:57.222065+00:00,163.4,42,bid,CostlyCorianders,DiligentDonuts,9249231
2026-07-06T07:10:57.614264,2026-07-06T07:10:57.625998+00:00,162.9,50,ask,DiligentDonuts,FlawlessFlatbreads,9249235
2026-07-06T07:10:59.409378,2026-07-06T07:10:59.421097+00:00,163.3,49,bid,CostlyCorianders,DiligentDonuts,9249260
2026-07-06T07:10:59.694676,2026-07-06T07:10:59.703870+00:00,163.3,50,bid,FlawlessFlatbreads,DiligentDonuts,9249263
2026-07-06T07:11:01.801625,2026-07-06T07:11:01.813569+00:00,163.3,1,bid,FlawlessFlatbreads,DiligentDonuts,9249296
2026-07-06T07:11:01.801625,2026-07-06T07:11:01.813569+00:00,163.3,49,bid,FlawlessFlatbreads,EarnestEspressos,9249297
2026-07-06T07:11:01.827601,2026-07-06T07:11:01.839551+00:00,162.8,46,ask,DiligentDonuts,CostlyCorianders,9249298
2026-07-06T07:11:03.919542,2026-07-06T07:11:03.935123+00:00,163.4,50,bid,FlawlessFlatbreads,DiligentDonuts,9249319
2026-07-06T07:11:06.029920,2026-07-06T07:11:06.041042+00:00,163.5,50,bid,FlawlessFlatbreads,EarnestEspressos,9249345
2026-07-06T07:11:07.693016,2026-07-06T07:11:07.709942+00:00,163.1,23,ask,EarnestEspressos,Xuanyu Liu,9249368
2026-07-06T07:11:08.209065,2026-07-06T07:11:08.220614+00:00,163.1,50,ask,EarnestEspressos,FlawlessFlatbreads,9249375
2026-07-06T07:11:08.372813,2026-07-06T07:11:08.381291+00:00,163.1,46,ask,EarnestEspressos,CostlyCorianders,9249379
2026-07-06T07:11:08.900898,2026-07-06T07:11:08.910033+00:00,163.3,41,bid,CostlyCorianders,DiligentDonuts,9249389
2026-07-06T07:11:08.954460,2026-07-06T07:11:08.958537+00:00,163.1,31,ask,EarnestEspressos,CostlyCorianders,9249391
2026-07-06T07:11:08.954460,2026-07-06T07:11:08.958537+00:00,162.8,13,ask,DiligentDonuts,CostlyCorianders,9249392
2026-07-06T07:11:09.755103,2026-07-06T07:11:09.763689+00:00,162.9,11,bid,Xuanyu Liu,EarnestEspressos,9249400
2026-07-06T07:11:10.315483,2026-07-06T07:11:10.323798+00:00,162.8,50,ask,DiligentDonuts,FlawlessFlatbreads,9249405
2026-07-06T07:11:10.630436,2026-07-06T07:11:10.641936+00:00,162.9,46,bid,CostlyCorianders,EarnestEspressos,9249412
2026-07-06T07:11:12.423443,2026-07-06T07:11:12.433833+00:00,162.6,50,ask,DiligentDonuts,FlawlessFlatbreads,9249427
2026-07-06T07:11:12.947538,2026-07-06T07:11:12.956122+00:00,162.7,12,bid,Xuanyu Liu,EarnestEspressos,9249432
2026-07-06T07:11:13.221596,2026-07-06T07:11:13.233662+00:00,162.6,46,ask,DiligentDonuts,CostlyCorianders,9249440
2026-07-06T07:11:13.634161,2026-07-06T07:11:13.676925+00:00,162.7,11,bid,Xuanyu Liu,EarnestEspressos,9249442
2026-07-06T07:11:14.215319,2026-07-06T07:11:14.224418+00:00,162.7,3,bid,Xuanyu Liu,EarnestEspressos,9249452
2026-07-06T07:11:14.530665,2026-07-06T07:11:14.542751+00:00,162.6,4,ask,DiligentDonuts,FlawlessFlatbreads,9249464
2026-07-06T07:11:14.530665,2026-07-06T07:11:14.542751+00:00,162.2,46,ask,EarnestEspressos,FlawlessFlatbreads,9249465
2026-07-06T07:11:15.628827,2026-07-06T07:11:15.640387+00:00,162.7,35,bid,Tanishq Panjwani,EarnestEspressos,9249481
2026-07-06T07:11:15.716444,2026-07-06T07:11:15.727927+00:00,162.7,35,bid,Tanishq Panjwani,EarnestEspressos,9249484
2026-07-06T07:11:15.803851,2026-07-06T07:11:15.815298+00:00,162.7,35,bid,Tanishq Panjwani,EarnestEspressos,9249488
2026-07-06T07:11:15.891147,2026-07-06T07:11:15.903116+00:00,162.7,19,bid,Tanishq Panjwani,EarnestEspressos,9249490
2026-07-06T07:11:16.025851,2026-07-06T07:11:16.036611+00:00,163.0,100,bid,EarnestEspressos,DiligentDonuts,9249493
2026-07-06T07:11:16.065623,2026-07-06T07:11:16.076947+00:00,163.2,35,ask,EarnestEspressos,Tanishq Panjwani,9249495
2026-07-06T07:11:16.104202,2026-07-06T07:11:16.112682+00:00,163.2,3,ask,EarnestEspressos,Xuanyu Liu,9249497
2026-07-06T07:11:16.154337,2026-07-06T07:11:16.164447+00:00,163.2,12,ask,EarnestEspressos,Tanishq Panjwani,9249501
2026-07-06T07:11:16.656721,2026-07-06T07:11:16.668974+00:00,162.5,50,ask,DiligentDonuts,FlawlessFlatbreads,9249510
2026-07-06T07:11:18.246943,2026-07-06T07:11:18.263650+00:00,163.3,35,ask,DiligentDonuts,Tanishq Panjwani,9249532
2026-07-06T07:11:18.336262,2026-07-06T07:11:18.344318+00:00,163.3,35,ask,DiligentDonuts,Tanishq Panjwani,9249536
2026-07-06T07:11:18.426514,2026-07-06T07:11:18.433213+00:00,163.3,7,ask,DiligentDonuts,Tanishq Panjwani,9249540
2026-07-06T07:11:18.766754,2026-07-06T07:11:18.777804+00:00,163.3,23,ask,DiligentDonuts,FlawlessFlatbreads,9249548
2026-07-06T07:11:20.876351,2026-07-06T07:11:20.885353+00:00,163.2,45,bid,CostlyCorianders,EarnestEspressos,9249579
2026-07-06T07:11:20.876706,2026-07-06T07:11:20.890790+00:00,162.8,50,ask,EarnestEspressos,FlawlessFlatbreads,9249580
2026-07-06T07:11:20.932363,2026-07-06T07:11:20.940943+00:00,162.8,41,ask,EarnestEspressos,CostlyCorianders,9249582
2026-07-06T07:11:22.709713,2026-07-06T07:11:22.722465+00:00,162.8,3,bid,Xuanyu Liu,EarnestEspressos,9249603
2026-07-06T07:11:22.983751,2026-07-06T07:11:22.992736+00:00,162.5,50,ask,DiligentDonuts,FlawlessFlatbreads,9249609
2026-07-06T07:11:23.549572,2026-07-06T07:11:23.561474+00:00,162.8,42,bid,CostlyCorianders,EarnestEspressos,9249625
2026-07-06T07:11:23.960860,2026-07-06T07:11:23.972630+00:00,162.8,35,bid,Tanishq Panjwani,EarnestEspressos,9249632
2026-07-06T07:11:24.051070,2026-07-06T07:11:24.057670+00:00,162.8,35,bid,Tanishq Panjwani,EarnestEspressos,9249636
2026-07-06T07:11:25.114638,2026-07-06T07:11:25.123280+00:00,162.9,50,ask,DiligentDonuts,FlawlessFlatbreads,9249656
2026-07-06T07:11:25.872985,2026-07-06T07:11:25.881166+00:00,163.1,3,ask,EarnestEspressos,Xuanyu Liu,9249671
2026-07-06T07:11:25.919782,2026-07-06T07:11:25.926936+00:00,163.1,35,ask,EarnestEspressos,Tanishq Panjwani,9249674
2026-07-06T07:11:26.008509,2026-07-06T07:11:26.015689+00:00,163.1,35,ask,EarnestEspressos,Tanishq Panjwani,9249676
2026-07-06T07:11:26.096577,2026-07-06T07:11:26.106538+00:00,163.1,35,ask,EarnestEspressos,Tanishq Panjwani,9249682
2026-07-06T07:11:26.777731,2026-07-06T07:11:26.789811+00:00,163.1,42,ask,EarnestEspressos,CostlyCorianders,9249688
2026-07-06T07:11:26.777731,2026-07-06T07:11:26.789811+00:00,162.9,1,ask,DiligentDonuts,CostlyCorianders,9249689
2026-07-06T07:11:27.220312,2026-07-06T07:11:27.229141+00:00,162.9,49,ask,DiligentDonuts,FlawlessFlatbreads,9249702
2026-07-06T07:11:27.697211,2026-07-06T07:11:27.706345+00:00,162.7,3,bid,Xuanyu Liu,DiligentDonuts,9249707
2026-07-06T07:11:27.705262,2026-07-06T07:11:27.726997+00:00,162.7,97,bid,Tanishq Panjwani,DiligentDonuts,9249709
2026-07-06T07:11:29.327801,2026-07-06T07:11:29.339717+00:00,162.4,50,ask,EarnestEspressos,FlawlessFlatbreads,9249736
2026-07-06T07:11:31.435938,2026-07-06T07:11:31.447832+00:00,162.5,50,ask,DiligentDonuts,FlawlessFlatbreads,9249761
2026-07-06T07:11:31.962939,2026-07-06T07:11:31.970082+00:00,162.8,35,bid,Tanishq Panjwani,EarnestEspressos,9249774
2026-07-06T07:11:32.053200,2026-07-06T07:11:32.064974+00:00,162.8,35,bid,Tanishq Panjwani,EarnestEspressos,9249778
2026-07-06T07:11:32.143171,2026-07-06T07:11:32.158605+00:00,162.8,32,bid,Tanishq Panjwani,EarnestEspressos,9249780
2026-07-06T07:11:32.258482,2026-07-06T07:11:32.270332+00:00,162.8,45,bid,CostlyCorianders,EarnestEspressos,9249783
2026-07-06T07:11:32.909371,2026-07-06T07:11:32.921592+00:00,162.5,47,ask,DiligentDonuts,CostlyCorianders,9249792
2026-07-06T07:11:33.445707,2026-07-06T07:11:33.458570+00:00,162.8,3,bid,CostlyCorianders,EarnestEspressos,9249805
2026-07-06T07:11:33.445707,2026-07-06T07:11:33.458570+00:00,163.0,43,bid,CostlyCorianders,DiligentDonuts,9249806
2026-07-06T07:11:33.545163,2026-07-06T07:11:33.559438+00:00,162.5,3,ask,DiligentDonuts,FlawlessFlatbreads,9249808
2026-07-06T07:11:33.545163,2026-07-06T07:11:33.559438+00:00,162.3,47,ask,EarnestEspressos,FlawlessFlatbreads,9249809
2026-07-06T07:11:34.998895,2026-07-06T07:11:35.010556+00:00,162.7,100,bid,EarnestEspressos,DiligentDonuts,9249827
2026-07-06T07:11:35.524920,2026-07-06T07:11:35.536961+00:00,162.7,40,ask,EarnestEspressos,CostlyCorianders,9249832
2026-07-06T07:11:35.603157,2026-07-06T07:11:35.616100+00:00,163.2,50,bid,FlawlessFlatbreads,EarnestEspressos,9249834
2026-07-06T07:11:36.101847,2026-07-06T07:11:36.112171+00:00,163.2,47,bid,CostlyCorianders,EarnestEspressos,9249839
2026-07-06T07:11:36.691787,2026-07-06T07:11:36.703909+00:00,162.7,10,ask,EarnestEspressos,CostlyCorianders,9249850
2026-07-06T07:11:39.775109,2026-07-06T07:11:39.781825+00:00,162.6,40,ask,DiligentDonuts,CostlyCorianders,9249886
2026-07-06T07:11:39.822096,2026-07-06T07:11:39.831319+00:00,163.1,50,bid,FlawlessFlatbreads,DiligentDonuts,9249887
2026-07-06T07:11:41.980142,2026-07-06T07:11:41.991647+00:00,162.6,50,ask,DiligentDonuts,FlawlessFlatbreads,9249916
2026-07-06T07:11:44.438450,2026-07-06T07:11:44.451529+00:00,163.1,45,bid,CostlyCorianders,DiligentDonuts,9249943
2026-07-06T07:11:47.066442,2026-07-06T07:11:47.074651+00:00,163.0,3,bid,Xuanyu Liu,EarnestEspressos,9249976
2026-07-06T07:11:48.070690,2026-07-06T07:11:48.082508+00:00,163.2,45,bid,CostlyCorianders,DiligentDonuts,9249998
2026-07-06T07:11:49.253100,2026-07-06T07:11:49.262116+00:00,162.9,47,ask,EarnestEspressos,CostlyCorianders,9250009
2026-07-06T07:11:50.351632,2026-07-06T07:11:50.358547+00:00,163.4,50,bid,FlawlessFlatbreads,EarnestEspressos,9250025
2026-07-06T07:11:50.412557,2026-07-06T07:11:50.429193+00:00,163.4,40,bid,CostlyCorianders,EarnestEspressos,9250027
2026-07-06T07:11:50.969427,2026-07-06T07:11:50.980581+00:00,163.1,43,ask,EarnestEspressos,CostlyCorianders,9250033
2026-07-06T07:11:52.469773,2026-07-06T07:11:52.481836+00:00,163.5,50,bid,FlawlessFlatbreads,DiligentDonuts,9250055
2026-07-06T07:11:53.011346,2026-07-06T07:11:53.021327+00:00,163.1,3,ask,EarnestEspressos,Xuanyu Liu,9250059
2026-07-06T07:11:55.057724,2026-07-06T07:11:55.065644+00:00,163.1,47,ask,DiligentDonuts,CostlyCorianders,9250086
2026-07-06T07:11:56.681670,2026-07-06T07:11:56.693556+00:00,163.3,50,bid,FlawlessFlatbreads,EarnestEspressos,9250101
2026-07-06T07:11:58.786923,2026-07-06T07:11:58.798754+00:00,163.6,50,bid,FlawlessFlatbreads,DiligentDonuts,9250128
2026-07-06T07:12:00.892906,2026-07-06T07:12:00.902548+00:00,163.5,50,bid,FlawlessFlatbreads,EarnestEspressos,9250157
2026-07-06T07:12:03.000789,2026-07-06T07:12:03.010173+00:00,163.5,50,bid,FlawlessFlatbreads,EarnestEspressos,9250182
2026-07-06T07:12:04.147206,2026-07-06T07:12:04.155486+00:00,163.3,3,ask,EarnestEspressos,Xuanyu Liu,9250198
2026-07-06T07:12:04.220158,2026-07-06T07:12:04.231526+00:00,163.3,35,ask,EarnestEspressos,Tanishq Panjwani,9250201
2026-07-06T07:12:04.310558,2026-07-06T07:12:04.322349+00:00,163.3,35,ask,EarnestEspressos,Tanishq Panjwani,9250204
2026-07-06T07:12:04.399845,2026-07-06T07:12:04.406902+00:00,163.3,35,ask,EarnestEspressos,Tanishq Panjwani,9250208
2026-07-06T07:12:04.489357,2026-07-06T07:12:04.496317+00:00,163.3,35,ask,EarnestEspressos,Tanishq Panjwani,9250211
2026-07-06T07:12:04.579330,2026-07-06T07:12:04.590776+00:00,163.3,7,ask,EarnestEspressos,Tanishq Panjwani,9250214
2026-07-06T07:12:05.041152,2026-07-06T07:12:05.052925+00:00,163.6,43,bid,CostlyCorianders,DiligentDonuts,9250218
2026-07-06T07:12:05.121569,2026-07-06T07:12:05.131773+00:00,163.6,50,bid,FlawlessFlatbreads,DiligentDonuts,9250219
2026-07-06T07:12:05.513055,2026-07-06T07:12:05.525079+00:00,163.1,46,ask,DiligentDonuts,CostlyCorianders,9250230
2026-07-06T07:12:07.227510,2026-07-06T07:12:07.235212+00:00,163.3,50,bid,FlawlessFlatbreads,EarnestEspressos,9250252
2026-07-06T07:12:09.337280,2026-07-06T07:12:09.346410+00:00,163.3,50,bid,FlawlessFlatbreads,EarnestEspressos,9250282
2026-07-06T07:12:10.760457,2026-07-06T07:12:10.772054+00:00,163.1,35,ask,EarnestEspressos,Tanishq Panjwani,9250306
2026-07-06T07:12:10.868491,2026-07-06T07:12:10.879511+00:00,163.1,17,ask,EarnestEspressos,Tanishq Panjwani,9250308
2026-07-06T07:12:11.357516,2026-07-06T07:12:11.369776+00:00,163.5,43,bid,CostlyCorianders,DiligentDonuts,9250319
2026-07-06T07:12:11.496208,2026-07-06T07:12:11.507845+00:00,163.1,50,ask,EarnestEspressos,FlawlessFlatbreads,9250323
2026-07-06T07:12:13.066716,2026-07-06T07:12:13.074486+00:00,163.0,100,ask,DiligentDonuts,EarnestEspressos,9250342
2026-07-06T07:12:13.632801,2026-07-06T07:12:13.640452+00:00,162.4,50,ask,EarnestEspressos,FlawlessFlatbreads,9250353
2026-07-06T07:12:14.285018,2026-07-06T07:12:14.293536+00:00,162.9,3,bid,Xuanyu Liu,EarnestEspressos,9250364
2026-07-06T07:12:15.420879,2026-07-06T07:12:15.427378+00:00,162.9,43,bid,CostlyCorianders,EarnestEspressos,9250378
2026-07-06T07:12:18.378626,2026-07-06T07:12:18.387194+00:00,162.7,40,ask,DiligentDonuts,CostlyCorianders,9250420
2026-07-06T07:12:19.946613,2026-07-06T07:12:19.958393+00:00,162.8,50,ask,EarnestEspressos,FlawlessFlatbreads,9250440
2026-07-06T07:12:20.127357,2026-07-06T07:12:20.136557+00:00,163.2,47,bid,CostlyCorianders,DiligentDonuts,9250442
2026-07-06T07:12:21.926949,2026-07-06T07:12:21.935977+00:00,162.8,48,ask,EarnestEspressos,CostlyCorianders,9250470
2026-07-06T07:12:22.055301,2026-07-06T07:12:22.058573+00:00,162.8,50,ask,EarnestEspressos,FlawlessFlatbreads,9250473
2026-07-06T07:12:22.394792,2026-07-06T07:12:22.406782+00:00,162.8,2,ask,EarnestEspressos,CostlyCorianders,9250478
2026-07-06T07:12:22.394792,2026-07-06T07:12:22.406782+00:00,162.8,47,ask,DiligentDonuts,CostlyCorianders,9250479
2026-07-06T07:12:22.554974,2026-07-06T07:12:22.552468+00:00,162.8,53,ask,DiligentDonuts,EarnestEspressos,9250482
2026-07-06T07:12:22.559520,2026-07-06T07:12:22.567860+00:00,162.7,14,bid,Xuanyu Liu,EarnestEspressos,9250483
2026-07-06T07:12:22.573668,2026-07-06T07:12:22.585451+00:00,162.7,83,bid,Tanishq Panjwani,EarnestEspressos,9250485
2026-07-06T07:12:24.162085,2026-07-06T07:12:24.174173+00:00,162.2,50,ask,EarnestEspressos,FlawlessFlatbreads,9250509
2026-07-06T07:12:24.351790,2026-07-06T07:12:24.363908+00:00,163.3,44,bid,CostlyCorianders,DiligentDonuts,9250511
2026-07-06T07:12:26.270570,2026-07-06T07:12:26.277939+00:00,162.8,50,ask,EarnestEspressos,FlawlessFlatbreads,9250541
2026-07-06T07:12:28.377795,2026-07-06T07:12:28.390085+00:00,162.8,50,ask,EarnestEspressos,FlawlessFlatbreads,9250563
2026-07-06T07:12:28.709739,2026-07-06T07:12:28.722813+00:00,162.8,47,ask,EarnestEspressos,CostlyCorianders,9250567
2026-07-06T07:12:28.877013,2026-07-06T07:12:28.887779+00:00,162.7,100,ask,DiligentDonuts,EarnestEspressos,9250574
2026-07-06T07:12:28.914865,2026-07-06T07:12:28.925903+00:00,162.7,50,bid,Tanishq Panjwani,EarnestEspressos,9250577
2026-07-06T07:12:29.240628,2026-07-06T07:12:29.248291+00:00,163.2,44,bid,CostlyCorianders,DiligentDonuts,9250585
2026-07-06T07:12:30.486498,2026-07-06T07:12:30.493818+00:00,162.2,50,ask,EarnestEspressos,FlawlessFlatbreads,9250599
2026-07-06T07:12:32.592709,2026-07-06T07:12:32.604602+00:00,162.7,50,ask,DiligentDonuts,FlawlessFlatbreads,9250629
2026-07-06T07:12:34.187580,2026-07-06T07:12:34.199093+00:00,162.9,48,bid,CostlyCorianders,DiligentDonuts,9250646
2026-07-06T07:12:34.213969,2026-07-06T07:12:34.225518+00:00,162.9,35,bid,Tanishq Panjwani,DiligentDonuts,9250647
2026-07-06T07:12:34.302816,2026-07-06T07:12:34.314347+00:00,162.9,17,bid,Tanishq Panjwani,DiligentDonuts,9250649
2026-07-06T07:12:35.269463,2026-07-06T07:12:35.285703+00:00,162.6,43,ask,EarnestEspressos,CostlyCorianders,9250666
2026-07-06T07:12:36.753900,2026-07-06T07:12:36.758576+00:00,163.1,50,bid,FlawlessFlatbreads,EarnestEspressos,9250684
2026-07-06T07:12:37.884299,2026-07-06T07:12:37.895920+00:00,163.1,41,bid,CostlyCorianders,EarnestEspressos,9250704
2026-07-06T07:12:38.912404,2026-07-06T07:12:38.924209+00:00,162.7,50,ask,EarnestEspressos,FlawlessFlatbreads,9250717
2026-07-06T07:12:38.956124,2026-07-06T07:12:38.964987+00:00,162.8,8,ask,Zhangyue Shen,Xuanyu Liu,9250718
2026-07-06T07:12:38.965683,2026-07-06T07:12:38.980161+00:00,162.7,45,ask,EarnestEspressos,CostlyCorianders,9250720
2026-07-06T07:12:39.890120,2026-07-06T07:12:39.897725+00:00,162.7,40,ask,EarnestEspressos,CostlyCorianders,9250740
2026-07-06T07:12:40.240808,2026-07-06T07:12:40.248317+00:00,163.1,14,bid,Tanishq Panjwani,DiligentDonuts,9250744
2026-07-06T07:12:40.495168,2026-07-06T07:12:40.504150+00:00,163.1,3,ask,Zhangyue Shen,Xuanyu Liu,9250746
2026-07-06T07:12:40.749354,2026-07-06T07:12:40.753118+00:00,163.2,8,bid,Zhangyue Shen,EarnestEspressos,9250751
2026-07-06T07:12:41.019769,2026-07-06T07:12:41.031565+00:00,163.0,50,ask,DiligentDonuts,EarnestEspressos,9250755
2026-07-06T07:12:41.519725,2026-07-06T07:12:41.529586+00:00,163.1,8,ask,Zhangyue Shen,EarnestEspressos,9250764
2026-07-06T07:12:41.519725,2026-07-06T07:12:41.529586+00:00,163.0,50,ask,DiligentDonuts,FlawlessFlatbreads,9250765
2026-07-06T07:12:43.075707,2026-07-06T07:12:43.087944+00:00,163.0,50,bid,FlawlessFlatbreads,EarnestEspressos,9250792
2026-07-06T07:12:47.287702,2026-07-06T07:12:47.299673+00:00,163.2,50,bid,FlawlessFlatbreads,DiligentDonuts,9250836
2026-07-06T07:12:49.447345,2026-07-06T07:12:49.459355+00:00,163.1,8,ask,Zhangyue Shen,FlawlessFlatbreads,9250859
2026-07-06T07:12:49.600173,2026-07-06T07:12:49.613618+00:00,163.2,46,bid,CostlyCorianders,DiligentDonuts,9250860
2026-07-06T07:12:50.123281,2026-07-06T07:12:50.130116+00:00,163.4,42,bid,CostlyCorianders,EarnestEspressos,9250871
2026-07-06T07:12:50.694592,2026-07-06T07:12:50.705712+00:00,163.0,8,ask,Zhangyue Shen,CostlyCorianders,9250878
2026-07-06T07:12:50.694592,2026-07-06T07:12:50.705712+00:00,162.9,35,ask,EarnestEspressos,CostlyCorianders,9250879
2026-07-06T07:12:51.504909,2026-07-06T07:12:51.516841+00:00,163.4,50,bid,FlawlessFlatbreads,DiligentDonuts,9250892
2026-07-06T07:12:51.674828,2026-07-06T07:12:51.684976+00:00,163.4,43,bid,CostlyCorianders,DiligentDonuts,9250894
2026-07-06T07:12:53.106089,2026-07-06T07:12:53.115406+00:00,163.4,100,bid,DiligentDonuts,EarnestEspressos,9250916
2026-07-06T07:12:53.319597,2026-07-06T07:12:53.331390+00:00,162.9,47,ask,EarnestEspressos,CostlyCorianders,9250919
2026-07-06T07:12:54.307984,2026-07-06T07:12:54.314803+00:00,163.6,8,bid,CostlyCorianders,Zhangyue Shen,9250936
2026-07-06T07:12:54.307984,2026-07-06T07:12:54.319993+00:00,163.8,37,bid,CostlyCorianders,EarnestEspressos,9250937
2026-07-06T07:12:54.364682,2026-07-06T07:12:54.376407+00:00,163.3,46,ask,EarnestEspressos,CostlyCorianders,9250939
2026-07-06T07:12:54.829483,2026-07-06T07:12:54.838750+00:00,163.3,46,ask,EarnestEspressos,CostlyCorianders,9250944
2026-07-06T07:12:55.766575,2026-07-06T07:12:55.778450+00:00,163.3,50,ask,EarnestEspressos,FlawlessFlatbreads,9250955
2026-07-06T07:12:57.878198,2026-07-06T07:12:57.889967+00:00,163.3,8,ask,Zhangyue Shen,FlawlessFlatbreads,9250987
2026-07-06T07:12:57.878198,2026-07-06T07:12:57.889967+00:00,163.2,42,ask,DiligentDonuts,FlawlessFlatbreads,9250988
2026-07-06T07:12:59.427006,2026-07-06T07:12:59.439225+00:00,163.4,42,bid,CostlyCorianders,EarnestEspressos,9251002
2026-07-06T07:12:59.986458,2026-07-06T07:12:59.998715+00:00,163.0,8,ask,Zhangyue Shen,FlawlessFlatbreads,9251009
2026-07-06T07:12:59.986458,2026-07-06T07:12:59.998715+00:00,162.9,42,ask,EarnestEspressos,FlawlessFlatbreads,9251010
2026-07-06T07:13:01.605745,2026-07-06T07:13:01.617311+00:00,163.3,40,bid,CostlyCorianders,DiligentDonuts,9251034
2026-07-06T07:13:02.595199,2026-07-06T07:13:02.606897+00:00,163.3,100,bid,DiligentDonuts,EarnestEspressos,9251043
2026-07-06T07:13:03.236307,2026-07-06T07:13:03.253547+00:00,163.3,11,bid,Xuanyu Liu,EarnestEspressos,9251056
2026-07-06T07:13:03.619260,2026-07-06T07:13:03.627417+00:00,163.7,11,ask,EarnestEspressos,Xuanyu Liu,9251061
2026-07-06T07:13:03.902406,2026-07-06T07:13:03.911605+00:00,163.7,3,ask,EarnestEspressos,Xuanyu Liu,9251068
2026-07-06T07:13:04.207105,2026-07-06T07:13:04.216386+00:00,163.7,50,ask,EarnestEspressos,FlawlessFlatbreads,9251071
2026-07-06T07:13:04.655517,2026-07-06T07:13:04.657090+00:00,163.8,48,bid,CostlyCorianders,DiligentDonuts,9251078
2026-07-06T07:13:05.259624,2026-07-06T07:13:05.271466+00:00,163.7,42,ask,EarnestEspressos,CostlyCorianders,9251090
2026-07-06T07:13:06.196347,2026-07-06T07:13:06.208119+00:00,163.9,46,bid,CostlyCorianders,DiligentDonuts,9251098
2026-07-06T07:13:06.324675,2026-07-06T07:13:06.336401+00:00,163.7,44,ask,EarnestEspressos,FlawlessFlatbreads,9251102
2026-07-06T07:13:06.324675,2026-07-06T07:13:06.336401+00:00,163.7,6,ask,Zhangyue Shen,FlawlessFlatbreads,9251103
2026-07-06T07:13:06.814824,2026-07-06T07:13:06.826628+00:00,163.7,2,ask,Zhangyue Shen,CostlyCorianders,9251107
2026-07-06T07:13:06.814824,2026-07-06T07:13:06.826628+00:00,163.4,45,ask,DiligentDonuts,CostlyCorianders,9251108
2026-07-06T07:13:08.433681,2026-07-06T07:13:08.442838+00:00,163.5,7,ask,Zhangyue Shen,FlawlessFlatbreads,9251136
2026-07-06T07:13:08.433681,2026-07-06T07:13:08.442838+00:00,163.4,43,ask,DiligentDonuts,FlawlessFlatbreads,9251137
2026-07-06T07:13:08.448979,2026-07-06T07:13:08.457279+00:00,163.6,3,bid,Xuanyu Liu,EarnestEspressos,9251138
2026-07-06T07:13:10.549189,2026-07-06T07:13:10.563657+00:00,163.4,8,ask,Zhangyue Shen,FlawlessFlatbreads,9251164
