timestamp,recv_time,price,volume,aggressor_side,buyer,seller,trade_id
2026-07-05T19:00:00.934211,2026-07-05T19:00:00.937519+00:00,160.2,50,ask,EarnestEspressos,FlawlessFlatbreads,8662601
2026-07-05T19:00:02.655051,2026-07-05T19:00:02.664680+00:00,160.7,46,bid,CostlyCorianders,EarnestEspressos,8662620
2026-07-05T19:00:03.040627,2026-07-05T19:00:03.048468+00:00,160.2,50,ask,EarnestEspressos,FlawlessFlatbreads,8662623
2026-07-05T19:00:05.146933,2026-07-05T19:00:05.144129+00:00,160.1,50,ask,DiligentDonuts,FlawlessFlatbreads,8662649
2026-07-05T19:00:07.253794,2026-07-05T19:00:07.258556+00:00,159.9,8,ask,Zhangyue Shen,FlawlessFlatbreads,8662666
2026-07-05T19:00:07.253794,2026-07-05T19:00:07.258556+00:00,159.8,42,ask,DiligentDonuts,FlawlessFlatbreads,8662667
2026-07-05T19:00:07.993396,2026-07-05T19:00:08.002264+00:00,160.3,44,bid,CostlyCorianders,DiligentDonuts,8662679
2026-07-05T19:00:08.657500,2026-07-05T19:00:08.668140+00:00,160.3,3,bid,Xuanyu Liu,DiligentDonuts,8662687
2026-07-05T19:00:09.266833,2026-07-05T19:00:09.282128+00:00,160.3,11,bid,Xuanyu Liu,EarnestEspressos,8662699
2026-07-05T19:00:09.364958,2026-07-05T19:00:09.376544+00:00,160.0,50,ask,DiligentDonuts,FlawlessFlatbreads,8662704
2026-07-05T19:00:11.422665,2026-07-05T19:00:11.464410+00:00,160.5,50,bid,FlawlessFlatbreads,DiligentDonuts,8662734
2026-07-05T19:00:13.531717,2026-07-05T19:00:13.542008+00:00,160.6,8,bid,FlawlessFlatbreads,Zhangyue Shen,8662768
2026-07-05T19:00:13.531717,2026-07-05T19:00:13.542008+00:00,160.7,42,bid,FlawlessFlatbreads,DiligentDonuts,8662769
2026-07-05T19:00:13.652444,2026-07-05T19:00:13.663965+00:00,160.2,44,ask,DiligentDonuts,CostlyCorianders,8662773
2026-07-05T19:00:15.691519,2026-07-05T19:00:15.700451+00:00,160.2,50,ask,EarnestEspressos,FlawlessFlatbreads,8662797
2026-07-05T19:00:15.910990,2026-07-05T19:00:15.923823+00:00,160.2,40,ask,EarnestEspressos,CostlyCorianders,8662802
2026-07-05T19:00:16.972929,2026-07-05T19:00:16.981228+00:00,160.3,35,bid,Xuanyu Liu,EarnestEspressos,8662813
2026-07-05T19:00:17.578457,2026-07-05T19:00:17.601949+00:00,160.3,45,bid,CostlyCorianders,EarnestEspressos,8662828
2026-07-05T19:00:18.422606,2026-07-05T19:00:18.434028+00:00,160.3,70,bid,DiligentDonuts,EarnestEspressos,8662837
2026-07-05T19:00:19.173393,2026-07-05T19:00:19.183457+00:00,160.7,23,ask,EarnestEspressos,Xuanyu Liu,8662841
2026-07-05T19:00:19.595926,2026-07-05T19:00:19.604511+00:00,160.7,12,ask,EarnestEspressos,Xuanyu Liu,8662854
2026-07-05T19:00:19.904266,2026-07-05T19:00:19.912208+00:00,160.7,50,ask,EarnestEspressos,FlawlessFlatbreads,8662862
2026-07-05T19:00:21.637233,2026-07-05T19:00:21.647956+00:00,160.7,65,ask,EarnestEspressos,DiligentDonuts,8662881
2026-07-05T19:00:21.660908,2026-07-05T19:00:21.672595+00:00,160.6,35,bid,CostlyCorianders,DiligentDonuts,8662882
2026-07-05T19:00:21.715050,2026-07-05T19:00:21.726509+00:00,160.3,8,ask,Zhangyue Shen,CostlyCorianders,8662884
2026-07-05T19:00:21.715050,2026-07-05T19:00:21.726509+00:00,160.1,41,ask,DiligentDonuts,CostlyCorianders,8662885
2026-07-05T19:00:22.023374,2026-07-05T19:00:22.035151+00:00,160.1,50,ask,DiligentDonuts,FlawlessFlatbreads,8662901
2026-07-05T19:00:23.591114,2026-07-05T19:00:23.600031+00:00,160.2,8,ask,Zhangyue Shen,CostlyCorianders,8662920
2026-07-05T19:00:23.591114,2026-07-05T19:00:23.600031+00:00,160.1,9,ask,DiligentDonuts,CostlyCorianders,8662921
2026-07-05T19:00:24.132278,2026-07-05T19:00:24.139108+00:00,160.0,8,ask,Zhangyue Shen,FlawlessFlatbreads,8662931
2026-07-05T19:00:24.132278,2026-07-05T19:00:24.139108+00:00,159.9,42,ask,EarnestEspressos,FlawlessFlatbreads,8662932
2026-07-05T19:00:24.409847,2026-07-05T19:00:24.430413+00:00,160.4,12,bid,Xuanyu Liu,EarnestEspressos,8662938
2026-07-05T19:00:25.014583,2026-07-05T19:00:25.024158+00:00,160.4,11,bid,Xuanyu Liu,EarnestEspressos,8662952
2026-07-05T19:00:26.186795,2026-07-05T19:00:26.198545+00:00,160.5,47,bid,CostlyCorianders,EarnestEspressos,8662968
2026-07-05T19:00:27.897446,2026-07-05T19:00:27.908950+00:00,160.5,43,bid,CostlyCorianders,EarnestEspressos,8662988
2026-07-05T19:00:28.297089,2026-07-05T19:00:28.303935+00:00,160.5,50,bid,FlawlessFlatbreads,EarnestEspressos,8662992
2026-07-05T19:00:29.002638,2026-07-05T19:00:29.012003+00:00,160.6,41,ask,EarnestEspressos,CostlyCorianders,8663002
2026-07-05T19:00:30.406440,2026-07-05T19:00:30.414992+00:00,160.8,50,bid,FlawlessFlatbreads,DiligentDonuts,8663017
2026-07-05T19:00:30.557902,2026-07-05T19:00:30.569336+00:00,160.6,42,ask,EarnestEspressos,CostlyCorianders,8663020
2026-07-05T19:00:32.516191,2026-07-05T19:00:32.528151+00:00,160.9,8,bid,FlawlessFlatbreads,Zhangyue Shen,8663037
2026-07-05T19:00:32.516191,2026-07-05T19:00:32.528151+00:00,161.0,42,bid,FlawlessFlatbreads,EarnestEspressos,8663038
2026-07-05T19:00:32.690471,2026-07-05T19:00:32.698967+00:00,161.0,42,bid,CostlyCorianders,EarnestEspressos,8663044
2026-07-05T19:00:34.627049,2026-07-05T19:00:34.636567+00:00,161.0,50,bid,FlawlessFlatbreads,EarnestEspressos,8663068
2026-07-05T19:00:34.716958,2026-07-05T19:00:34.728549+00:00,160.5,8,ask,Zhangyue Shen,CostlyCorianders,8663072
2026-07-05T19:00:34.716958,2026-07-05T19:00:34.728549+00:00,160.5,35,ask,EarnestEspressos,CostlyCorianders,8663073
2026-07-05T19:00:35.753839,2026-07-05T19:00:35.765551+00:00,160.8,45,ask,EarnestEspressos,CostlyCorianders,8663084
2026-07-05T19:00:36.733560,2026-07-05T19:00:36.743355+00:00,161.0,50,bid,FlawlessFlatbreads,DiligentDonuts,8663098
2026-07-05T19:00:38.839184,2026-07-05T19:00:38.850943+00:00,161.0,8,bid,FlawlessFlatbreads,Zhangyue Shen,8663121
2026-07-05T19:00:38.839184,2026-07-05T19:00:38.850943+00:00,161.2,42,bid,FlawlessFlatbreads,EarnestEspressos,8663122
2026-07-05T19:00:40.148978,2026-07-05T19:00:40.167942+00:00,160.8,11,ask,DiligentDonuts,Xuanyu Liu,8663144
2026-07-05T19:00:40.947382,2026-07-05T19:00:40.959435+00:00,161.1,8,bid,FlawlessFlatbreads,Zhangyue Shen,8663155
2026-07-05T19:00:40.947382,2026-07-05T19:00:40.959435+00:00,161.2,42,bid,FlawlessFlatbreads,EarnestEspressos,8663156
2026-07-05T19:00:40.953334,2026-07-05T19:00:40.964464+00:00,161.2,49,bid,CostlyCorianders,EarnestEspressos,8663157
2026-07-05T19:00:41.299045,2026-07-05T19:00:41.310919+00:00,161.2,100,bid,EarnestEspressos,DiligentDonuts,8663161
2026-07-05T19:00:41.359552,2026-07-05T19:00:41.373004+00:00,161.3,26,ask,EarnestEspressos,Xuanyu Liu,8663163
2026-07-05T19:00:43.056549,2026-07-05T19:00:43.068579+00:00,161.7,8,bid,FlawlessFlatbreads,Zhangyue Shen,8663186
2026-07-05T19:00:43.056549,2026-07-05T19:00:43.068579+00:00,161.8,42,bid,FlawlessFlatbreads,EarnestEspressos,8663187
2026-07-05T19:00:45.166337,2026-07-05T19:00:45.178128+00:00,161.5,50,bid,FlawlessFlatbreads,EarnestEspressos,8663211
2026-07-05T19:00:47.146829,2026-07-05T19:00:47.154889+00:00,161.1,44,ask,DiligentDonuts,CostlyCorianders,8663236
2026-07-05T19:00:47.273817,2026-07-05T19:00:47.281873+00:00,161.5,50,bid,FlawlessFlatbreads,EarnestEspressos,8663238
2026-07-05T19:00:49.379056,2026-07-05T19:00:49.390816+00:00,161.6,50,bid,FlawlessFlatbreads,DiligentDonuts,8663257
2026-07-05T19:00:49.830577,2026-07-05T19:00:49.840198+00:00,161.5,3,ask,EarnestEspressos,Xuanyu Liu,8663270
2026-07-05T19:00:50.107626,2026-07-05T19:00:50.115806+00:00,161.5,100,ask,EarnestEspressos,DiligentDonuts,8663277
2026-07-05T19:00:51.485649,2026-07-05T19:00:51.497317+00:00,161.4,50,bid,FlawlessFlatbreads,EarnestEspressos,8663292
2026-07-05T19:00:52.716355,2026-07-05T19:00:52.724604+00:00,161.4,43,bid,CostlyCorianders,EarnestEspressos,8663303
2026-07-05T19:00:53.219428,2026-07-05T19:00:53.228024+00:00,161.4,57,bid,DiligentDonuts,EarnestEspressos,8663310
2026-07-05T19:00:53.591548,2026-07-05T19:00:53.603027+00:00,161.9,50,bid,FlawlessFlatbreads,DiligentDonuts,8663313
2026-07-05T19:00:53.697144,2026-07-05T19:00:53.708873+00:00,161.4,43,ask,DiligentDonuts,CostlyCorianders,8663314
2026-07-05T19:00:53.697144,2026-07-05T19:00:53.708873+00:00,160.9,3,ask,EarnestEspressos,CostlyCorianders,8663315
2026-07-05T19:00:55.698226,2026-07-05T19:00:55.710287+00:00,161.9,50,bid,FlawlessFlatbreads,DiligentDonuts,8663337
2026-07-05T19:00:55.986782,2026-07-05T19:00:55.996475+00:00,161.5,11,ask,EarnestEspressos,Xuanyu Liu,8663343
2026-07-05T19:00:56.416563,2026-07-05T19:00:56.426662+00:00,161.5,40,ask,EarnestEspressos,CostlyCorianders,8663348
2026-07-05T19:00:57.805386,2026-07-05T19:00:57.814907+00:00,161.7,50,bid,FlawlessFlatbreads,EarnestEspressos,8663366
2026-07-05T19:00:59.605855,2026-07-05T19:00:59.616982+00:00,161.7,41,bid,CostlyCorianders,EarnestEspressos,8663403
2026-07-05T19:01:02.037202,2026-07-05T19:01:02.046045+00:00,161.6,12,ask,EarnestEspressos,Xuanyu Liu,8663433
2026-07-05T19:01:02.069775,2026-07-05T19:01:02.080962+00:00,161.6,50,ask,EarnestEspressos,FlawlessFlatbreads,8663435
2026-07-05T19:01:02.485377,2026-07-05T19:01:02.492215+00:00,161.6,42,ask,EarnestEspressos,CostlyCorianders,8663442
2026-07-05T19:01:02.952974,2026-07-05T19:01:02.963597+00:00,161.6,11,ask,EarnestEspressos,Xuanyu Liu,8663447
2026-07-05T19:01:03.452615,2026-07-05T19:01:03.464703+00:00,161.7,48,bid,CostlyCorianders,DiligentDonuts,8663455
2026-07-05T19:01:04.265393,2026-07-05T19:01:04.274429+00:00,161.4,11,bid,Xuanyu Liu,EarnestEspressos,8663471
2026-07-05T19:01:05.138044,2026-07-05T19:01:05.149617+00:00,161.4,44,bid,CostlyCorianders,EarnestEspressos,8663485
2026-07-05T19:01:05.583727,2026-07-05T19:01:05.592498+00:00,161.4,12,bid,Xuanyu Liu,EarnestEspressos,8663487
2026-07-05T19:01:05.660856,2026-07-05T19:01:05.669246+00:00,161.4,11,bid,Xuanyu Liu,EarnestEspressos,8663491
2026-07-05T19:01:05.690016,2026-07-05T19:01:05.701381+00:00,161.2,48,ask,DiligentDonuts,CostlyCorianders,8663493
2026-07-05T19:01:05.876168,2026-07-05T19:01:05.887753+00:00,161.4,72,bid,DiligentDonuts,EarnestEspressos,8663495
2026-07-05T19:01:06.229046,2026-07-05T19:01:06.240863+00:00,161.9,50,bid,FlawlessFlatbreads,DiligentDonuts,8663501
2026-07-05T19:01:06.686760,2026-07-05T19:01:06.696658+00:00,161.8,23,ask,EarnestEspressos,Xuanyu Liu,8663505
2026-07-05T19:01:08.337361,2026-07-05T19:01:08.348947+00:00,161.9,50,bid,FlawlessFlatbreads,DiligentDonuts,8663529
2026-07-05T19:01:09.860376,2026-07-05T19:01:09.863891+00:00,161.8,11,ask,EarnestEspressos,Xuanyu Liu,8663542
2026-07-05T19:01:09.952234,2026-07-05T19:01:09.963905+00:00,161.8,43,ask,EarnestEspressos,CostlyCorianders,8663543
2026-07-05T19:01:10.912890,2026-07-05T19:01:10.921815+00:00,161.8,47,ask,EarnestEspressos,CostlyCorianders,8663557
2026-07-05T19:01:11.660077,2026-07-05T19:01:11.673684+00:00,161.8,12,ask,EarnestEspressos,Xuanyu Liu,8663565
2026-07-05T19:01:12.250460,2026-07-05T19:01:12.258619+00:00,161.8,37,ask,EarnestEspressos,DiligentDonuts,8663578
2026-07-05T19:01:12.549792,2026-07-05T19:01:12.556184+00:00,161.8,50,bid,FlawlessFlatbreads,DiligentDonuts,8663579
2026-07-05T19:01:13.080054,2026-07-05T19:01:13.107622+00:00,161.5,23,bid,Xuanyu Liu,EarnestEspressos,8663593
2026-07-05T19:01:14.411900,2026-07-05T19:01:14.423642+00:00,161.5,40,bid,CostlyCorianders,EarnestEspressos,8663609
2026-07-05T19:01:15.490988,2026-07-05T19:01:15.502555+00:00,161.4,45,ask,DiligentDonuts,CostlyCorianders,8663625
2026-07-05T19:01:16.810987,2026-07-05T19:01:16.822513+00:00,161.4,50,ask,DiligentDonuts,FlawlessFlatbreads,8663642
2026-07-05T19:01:17.250737,2026-07-05T19:01:17.254164+00:00,161.8,45,bid,CostlyCorianders,EarnestEspressos,8663647
2026-07-05T19:01:18.918318,2026-07-05T19:01:18.926659+00:00,161.3,50,ask,EarnestEspressos,FlawlessFlatbreads,8663664
2026-07-05T19:01:21.025977,2026-07-05T19:01:21.043139+00:00,161.3,50,ask,DiligentDonuts,FlawlessFlatbreads,8663686
2026-07-05T19:01:23.082310,2026-07-05T19:01:23.093748+00:00,161.7,50,bid,FlawlessFlatbreads,DiligentDonuts,8663705
2026-07-05T19:01:24.301878,2026-07-05T19:01:24.309955+00:00,161.7,46,bid,CostlyCorianders,DiligentDonuts,8663715
2026-07-05T19:01:25.189215,2026-07-05T19:01:25.200693+00:00,161.8,50,bid,FlawlessFlatbreads,EarnestEspressos,8663734
2026-07-05T19:01:25.933764,2026-07-05T19:01:25.941514+00:00,161.3,46,ask,DiligentDonuts,CostlyCorianders,8663746
2026-07-05T19:01:27.296982,2026-07-05T19:01:27.303924+00:00,161.8,50,bid,FlawlessFlatbreads,DiligentDonuts,8663763
2026-07-05T19:01:28.075680,2026-07-05T19:01:28.084390+00:00,161.8,41,bid,CostlyCorianders,EarnestEspressos,8663775
2026-07-05T19:01:28.566039,2026-07-05T19:01:28.574303+00:00,161.3,11,ask,EarnestEspressos,Xuanyu Liu,8663784
2026-07-05T19:01:29.168853,2026-07-05T19:01:29.180961+00:00,161.4,12,ask,EarnestEspressos,Xuanyu Liu,8663793
2026-07-05T19:01:29.776327,2026-07-05T19:01:29.785057+00:00,161.4,11,ask,EarnestEspressos,Xuanyu Liu,8663810
2026-07-05T19:01:30.357572,2026-07-05T19:01:30.369328+00:00,161.4,40,ask,EarnestEspressos,CostlyCorianders,8663817
2026-07-05T19:01:31.010008,2026-07-05T19:01:31.018138+00:00,161.4,11,ask,EarnestEspressos,Xuanyu Liu,8663827
2026-07-05T19:01:31.236813,2026-07-05T19:01:31.244446+00:00,161.4,76,ask,EarnestEspressos,DiligentDonuts,8663834
2026-07-05T19:01:31.451866,2026-07-05T19:01:31.455869+00:00,161.3,24,bid,CostlyCorianders,DiligentDonuts,8663837
2026-07-05T19:01:31.567034,2026-07-05T19:01:31.576778+00:00,160.8,50,ask,DiligentDonuts,FlawlessFlatbreads,8663839
2026-07-05T19:01:32.049676,2026-07-05T19:01:32.056244+00:00,160.8,50,ask,DiligentDonuts,EarnestEspressos,8663852
2026-07-05T19:01:32.059595,2026-07-05T19:01:32.068294+00:00,160.8,34,bid,Xuanyu Liu,EarnestEspressos,8663853
2026-07-05T19:01:34.346419,2026-07-05T19:01:34.358579+00:00,160.8,66,bid,DiligentDonuts,EarnestEspressos,8663886
2026-07-05T19:01:36.497990,2026-07-05T19:01:36.509911+00:00,161.3,43,bid,CostlyCorianders,DiligentDonuts,8663921
2026-07-05T19:01:36.554242,2026-07-05T19:01:36.556319+00:00,160.9,47,ask,EarnestEspressos,CostlyCorianders,8663923
2026-07-05T19:01:37.832472,2026-07-05T19:01:37.844354+00:00,161.4,50,bid,FlawlessFlatbreads,EarnestEspressos,8663937
2026-07-05T19:01:38.068348,2026-07-05T19:01:38.080121+00:00,161.0,46,ask,DiligentDonuts,CostlyCorianders,8663940
2026-07-05T19:01:39.993130,2026-07-05T19:01:40.004785+00:00,161.1,50,ask,EarnestEspressos,FlawlessFlatbreads,8663975
2026-07-05T19:01:42.047519,2026-07-05T19:01:42.057814+00:00,161.3,50,bid,FlawlessFlatbreads,DiligentDonuts,8663998
2026-07-05T19:01:42.397684,2026-07-05T19:01:42.409347+00:00,161.3,49,bid,CostlyCorianders,DiligentDonuts,8664007
2026-07-05T19:01:43.529713,2026-07-05T19:01:43.541847+00:00,161.3,1,bid,CostlyCorianders,DiligentDonuts,8664024
2026-07-05T19:01:43.529713,2026-07-05T19:01:43.541847+00:00,161.3,45,bid,CostlyCorianders,EarnestEspressos,8664025
2026-07-05T19:01:44.206851,2026-07-05T19:01:44.215852+00:00,161.2,50,ask,DiligentDonuts,FlawlessFlatbreads,8664034
2026-07-05T19:01:46.313363,2026-07-05T19:01:46.322558+00:00,161.2,50,ask,DiligentDonuts,FlawlessFlatbreads,8664073
2026-07-05T19:01:50.207188,2026-07-05T19:01:50.214975+00:00,161.3,100,ask,EarnestEspressos,DiligentDonuts,8664137
2026-07-05T19:01:50.530206,2026-07-05T19:01:50.541849+00:00,161.3,50,ask,EarnestEspressos,FlawlessFlatbreads,8664143
2026-07-05T19:01:51.059520,2026-07-05T19:01:51.067889+00:00,161.1,23,bid,Xuanyu Liu,EarnestEspressos,8664150
2026-07-05T19:01:51.494363,2026-07-05T19:01:51.502086+00:00,161.1,44,bid,CostlyCorianders,EarnestEspressos,8664153
2026-07-05T19:01:52.637685,2026-07-05T19:01:52.649258+00:00,160.8,50,ask,DiligentDonuts,FlawlessFlatbreads,8664162
2026-07-05T19:01:54.752774,2026-07-05T19:01:54.769563+00:00,161.1,17,ask,DiligentDonuts,FlawlessFlatbreads,8664181
2026-07-05T19:01:54.752774,2026-07-05T19:01:54.769563+00:00,161.1,33,ask,EarnestEspressos,FlawlessFlatbreads,8664182
2026-07-05T19:01:55.481622,2026-07-05T19:01:55.488926+00:00,161.1,12,ask,EarnestEspressos,Xuanyu Liu,8664195
2026-07-05T19:01:55.721365,2026-07-05T19:01:55.732985+00:00,161.1,45,ask,EarnestEspressos,CostlyCorianders,8664198
2026-07-05T19:01:56.581944,2026-07-05T19:01:56.593918+00:00,161.1,60,ask,EarnestEspressos,DiligentDonuts,8664215
2026-07-05T19:01:56.863769,2026-07-05T19:01:56.875671+00:00,160.5,50,ask,DiligentDonuts,FlawlessFlatbreads,8664218
2026-07-05T19:01:57.375271,2026-07-05T19:01:57.385213+00:00,160.9,12,bid,Xuanyu Liu,EarnestEspressos,8664225
2026-07-05T19:01:57.404395,2026-07-05T19:01:57.415992+00:00,160.9,41,bid,CostlyCorianders,EarnestEspressos,8664227
2026-07-05T19:01:58.097115,2026-07-05T19:01:58.105569+00:00,160.9,14,bid,Xuanyu Liu,EarnestEspressos,8664236
2026-07-05T19:01:58.971417,2026-07-05T19:01:58.983029+00:00,160.5,50,ask,DiligentDonuts,FlawlessFlatbreads,8664246
2026-07-05T19:02:00.996612,2026-07-05T19:02:01.008248+00:00,160.9,45,ask,EarnestEspressos,CostlyCorianders,8664265
2026-07-05T19:02:01.079989,2026-07-05T19:02:01.091576+00:00,160.9,50,ask,EarnestEspressos,FlawlessFlatbreads,8664266
2026-07-05T19:02:01.500832,2026-07-05T19:02:01.508128+00:00,160.9,45,ask,EarnestEspressos,CostlyCorianders,8664273
2026-07-05T19:02:03.187164,2026-07-05T19:02:03.198562+00:00,160.9,10,ask,EarnestEspressos,FlawlessFlatbreads,8664300
2026-07-05T19:02:03.187164,2026-07-05T19:02:03.198562+00:00,160.6,40,ask,DiligentDonuts,FlawlessFlatbreads,8664301
2026-07-05T19:02:05.295122,2026-07-05T19:02:05.306648+00:00,160.6,50,ask,DiligentDonuts,FlawlessFlatbreads,8664327
2026-07-05T19:02:05.698785,2026-07-05T19:02:05.710355+00:00,160.7,41,bid,CostlyCorianders,EarnestEspressos,8664334
2026-07-05T19:02:07.102686,2026-07-05T19:02:07.114743+00:00,160.8,45,bid,CostlyCorianders,DiligentDonuts,8664349
2026-07-05T19:02:07.405325,2026-07-05T19:02:07.417194+00:00,160.3,8,ask,Zhangyue Shen,FlawlessFlatbreads,8664352
2026-07-05T19:02:07.405325,2026-07-05T19:02:07.417194+00:00,160.3,42,ask,DiligentDonuts,FlawlessFlatbreads,8664353
2026-07-05T19:02:09.513324,2026-07-05T19:02:09.520456+00:00,160.3,50,ask,EarnestEspressos,FlawlessFlatbreads,8664373
2026-07-05T19:02:10.714568,2026-07-05T19:02:10.723972+00:00,160.7,49,bid,CostlyCorianders,DiligentDonuts,8664386
2026-07-05T19:02:11.572722,2026-07-05T19:02:11.580009+00:00,160.7,50,bid,FlawlessFlatbreads,DiligentDonuts,8664403
2026-07-05T19:02:13.184039,2026-07-05T19:02:13.191263+00:00,160.6,100,ask,DiligentDonuts,EarnestEspressos,8664417
2026-07-05T19:02:13.683159,2026-07-05T19:02:13.689798+00:00,160.6,50,bid,FlawlessFlatbreads,EarnestEspressos,8664430
2026-07-05T19:02:15.561609,2026-07-05T19:02:15.573459+00:00,160.3,8,ask,Zhangyue Shen,CostlyCorianders,8664449
2026-07-05T19:02:15.561609,2026-07-05T19:02:15.573459+00:00,160.2,41,ask,DiligentDonuts,CostlyCorianders,8664450
2026-07-05T19:02:17.964584,2026-07-05T19:02:17.976423+00:00,160.6,50,ask,EarnestEspressos,FlawlessFlatbreads,8664480
2026-07-05T19:02:18.217114,2026-07-05T19:02:18.231309+00:00,160.6,45,ask,EarnestEspressos,CostlyCorianders,8664486
2026-07-05T19:02:18.754745,2026-07-05T19:02:18.766555+00:00,160.6,55,ask,EarnestEspressos,DiligentDonuts,8664495
2026-07-05T19:02:20.103541,2026-07-05T19:02:20.115427+00:00,160.2,8,ask,Zhangyue Shen,FlawlessFlatbreads,8664512
2026-07-05T19:02:20.103541,2026-07-05T19:02:20.115427+00:00,160.2,42,ask,EarnestEspressos,FlawlessFlatbreads,8664513
2026-07-05T19:02:20.382234,2026-07-05T19:02:20.398733+00:00,160.6,3,bid,Xuanyu Liu,DiligentDonuts,8664517
2026-07-05T19:02:21.551531,2026-07-05T19:02:21.558593+00:00,160.6,41,bid,CostlyCorianders,DiligentDonuts,8664535
2026-07-05T19:02:22.220377,2026-07-05T19:02:22.229024+00:00,160.6,50,ask,DiligentDonuts,FlawlessFlatbreads,8664549
2026-07-05T19:02:22.248326,2026-07-05T19:02:22.258556+00:00,160.7,8,bid,Zhangyue Shen,EarnestEspressos,8664550
2026-07-05T19:02:22.669013,2026-07-05T19:02:22.680518+00:00,160.6,50,ask,DiligentDonuts,EarnestEspressos,8664556
2026-07-05T19:02:23.254970,2026-07-05T19:02:23.266808+00:00,160.2,8,ask,Zhangyue Shen,CostlyCorianders,8664569
2026-07-05T19:02:23.254970,2026-07-05T19:02:23.266808+00:00,160.1,38,ask,EarnestEspressos,CostlyCorianders,8664570
2026-07-05T19:02:24.313293,2026-07-05T19:02:24.324724+00:00,160.6,43,bid,CostlyCorianders,EarnestEspressos,8664582
2026-07-05T19:02:25.310986,2026-07-05T19:02:25.322708+00:00,160.5,8,ask,Zhangyue Shen,CostlyCorianders,8664597
2026-07-05T19:02:25.310986,2026-07-05T19:02:25.322708+00:00,160.4,41,ask,DiligentDonuts,CostlyCorianders,8664598
2026-07-05T19:02:26.384076,2026-07-05T19:02:26.391464+00:00,160.8,50,bid,FlawlessFlatbreads,EarnestEspressos,8664611
2026-07-05T19:02:28.940356,2026-07-05T19:02:28.951812+00:00,160.6,100,bid,EarnestEspressos,DiligentDonuts,8664640
2026-07-05T19:02:29.402705,2026-07-05T19:02:29.414495+00:00,161.1,42,bid,CostlyCorianders,EarnestEspressos,8664644
2026-07-05T19:02:30.699632,2026-07-05T19:02:30.711483+00:00,160.7,8,ask,Zhangyue Shen,FlawlessFlatbreads,8664654
2026-07-05T19:02:30.699632,2026-07-05T19:02:30.711483+00:00,160.6,42,ask,EarnestEspressos,FlawlessFlatbreads,8664655
2026-07-05T19:02:32.821770,2026-07-05T19:02:32.831679+00:00,160.6,8,ask,Zhangyue Shen,FlawlessFlatbreads,8664690
2026-07-05T19:02:32.821770,2026-07-05T19:02:32.831679+00:00,160.5,42,ask,DiligentDonuts,FlawlessFlatbreads,8664691
2026-07-05T19:02:33.939672,2026-07-05T19:02:33.947007+00:00,160.7,49,bid,CostlyCorianders,EarnestEspressos,8664700
2026-07-05T19:02:34.930793,2026-07-05T19:02:34.940210+00:00,160.5,8,ask,Zhangyue Shen,FlawlessFlatbreads,8664717
2026-07-05T19:02:34.930793,2026-07-05T19:02:34.940210+00:00,160.3,42,ask,DiligentDonuts,FlawlessFlatbreads,8664718
2026-07-05T19:02:35.926757,2026-07-05T19:02:35.938311+00:00,160.3,47,ask,DiligentDonuts,CostlyCorianders,8664727
2026-07-05T19:02:37.059150,2026-07-05T19:02:37.070027+00:00,160.3,11,ask,DiligentDonuts,FlawlessFlatbreads,8664743
2026-07-05T19:02:37.059150,2026-07-05T19:02:37.070027+00:00,160.3,39,ask,EarnestEspressos,FlawlessFlatbreads,8664744
2026-07-05T19:02:37.735959,2026-07-05T19:02:37.747661+00:00,160.3,100,ask,EarnestEspressos,DiligentDonuts,8664756
2026-07-05T19:02:38.492832,2026-07-05T19:02:38.504394+00:00,160.3,8,ask,Zhangyue Shen,EarnestEspressos,8664766
2026-07-05T19:02:38.505684,2026-07-05T19:02:38.515296+00:00,159.9,34,bid,Xuanyu Liu,EarnestEspressos,8664767
2026-07-05T19:02:38.764807,2026-07-05T19:02:38.772650+00:00,159.9,12,bid,Xuanyu Liu,EarnestEspressos,8664776
2026-07-05T19:02:40.845644,2026-07-05T19:02:40.858601+00:00,159.9,96,bid,DiligentDonuts,EarnestEspressos,8664797
2026-07-05T19:02:41.004289,2026-07-05T19:02:41.011736+00:00,160.5,49,bid,CostlyCorianders,DiligentDonuts,8664798
2026-07-05T19:02:41.052720,2026-07-05T19:02:41.061792+00:00,160.1,8,ask,Zhangyue Shen,Xuanyu Liu,8664799
2026-07-05T19:02:41.060821,2026-07-05T19:02:41.076996+00:00,160.0,4,ask,DiligentDonuts,CostlyCorianders,8664801
2026-07-05T19:02:41.614625,2026-07-05T19:02:41.622805+00:00,160.0,4,ask,EarnestEspressos,Xuanyu Liu,8664819
2026-07-05T19:02:43.092369,2026-07-05T19:02:43.104137+00:00,160.0,48,ask,EarnestEspressos,CostlyCorianders,8664830
2026-07-05T19:02:44.011133,2026-07-05T19:02:44.019497+00:00,160.0,11,ask,EarnestEspressos,Xuanyu Liu,8664844
2026-07-05T19:02:44.210939,2026-07-05T19:02:44.222491+00:00,160.0,47,ask,EarnestEspressos,CostlyCorianders,8664846
2026-07-05T19:02:44.815925,2026-07-05T19:02:44.827623+00:00,160.0,8,ask,Zhangyue Shen,EarnestEspressos,8664853
2026-07-05T19:02:45.450823,2026-07-05T19:02:45.457595+00:00,160.0,50,bid,FlawlessFlatbreads,EarnestEspressos,8664862
2026-07-05T19:02:46.640860,2026-07-05T19:02:46.648870+00:00,160.0,11,bid,Xuanyu Liu,EarnestEspressos,8664882
2026-07-05T19:02:46.850525,2026-07-05T19:02:46.860189+00:00,160.0,8,bid,Zhangyue Shen,EarnestEspressos,8664885
2026-07-05T19:02:47.167840,2026-07-05T19:02:47.179418+00:00,160.0,73,bid,DiligentDonuts,EarnestEspressos,8664888
2026-07-05T19:02:47.946295,2026-07-05T19:02:47.954595+00:00,160.4,11,ask,EarnestEspressos,Xuanyu Liu,8664897
2026-07-05T19:02:49.765745,2026-07-05T19:02:49.777293+00:00,160.4,50,ask,EarnestEspressos,FlawlessFlatbreads,8664922
2026-07-05T19:02:50.384575,2026-07-05T19:02:50.393604+00:00,160.4,89,ask,EarnestEspressos,DiligentDonuts,8664930
2026-07-05T19:02:50.384575,2026-07-05T19:02:50.393604+00:00,160.4,8,ask,Zhangyue Shen,DiligentDonuts,8664931
2026-07-05T19:02:51.872227,2026-07-05T19:02:51.879364+00:00,160.0,8,ask,Zhangyue Shen,FlawlessFlatbreads,8664961
2026-07-05T19:02:51.872227,2026-07-05T19:02:51.884530+00:00,159.9,42,ask,DiligentDonuts,FlawlessFlatbreads,8664962
2026-07-05T19:02:53.928459,2026-07-05T19:02:53.935881+00:00,160.4,50,bid,FlawlessFlatbreads,EarnestEspressos,8664986
2026-07-05T19:02:54.968871,2026-07-05T19:02:54.980321+00:00,160.6,43,bid,CostlyCorianders,DiligentDonuts,8664999
2026-07-05T19:03:00.242856,2026-07-05T19:03:00.254962+00:00,160.7,50,bid,FlawlessFlatbreads,EarnestEspressos,8665074
2026-07-05T19:03:00.279409,2026-07-05T19:03:00.290711+00:00,160.7,44,bid,CostlyCorianders,EarnestEspressos,8665078
2026-07-05T19:03:00.660238,2026-07-05T19:03:00.668867+00:00,160.7,12,ask,EarnestEspressos,Xuanyu Liu,8665087
2026-07-05T19:03:02.350522,2026-07-05T19:03:02.345916+00:00,160.9,50,bid,FlawlessFlatbreads,DiligentDonuts,8665099
2026-07-05T19:03:04.481329,2026-07-05T19:03:04.490640+00:00,161.0,50,bid,FlawlessFlatbreads,DiligentDonuts,8665119
2026-07-05T19:03:06.590679,2026-07-05T19:03:06.602295+00:00,161.2,50,bid,FlawlessFlatbreads,EarnestEspressos,8665144
2026-07-05T19:03:07.203126,2026-07-05T19:03:07.214464+00:00,161.1,42,ask,EarnestEspressos,CostlyCorianders,8665155
2026-07-05T19:03:08.670402,2026-07-05T19:03:08.682035+00:00,161.4,41,bid,CostlyCorianders,DiligentDonuts,8665169
2026-07-05T19:03:08.698135,2026-07-05T19:03:08.705670+00:00,161.4,50,bid,FlawlessFlatbreads,DiligentDonuts,8665171
2026-07-05T19:03:09.321590,2026-07-05T19:03:09.330118+00:00,161.5,14,ask,DiligentDonuts,Xuanyu Liu,8665183
2026-07-05T19:03:10.804801,2026-07-05T19:03:10.816756+00:00,161.6,50,bid,FlawlessFlatbreads,EarnestEspressos,8665202
2026-07-05T19:03:12.918167,2026-07-05T19:03:12.932704+00:00,161.6,50,bid,FlawlessFlatbreads,EarnestEspressos,8665235
2026-07-05T19:03:13.183342,2026-07-05T19:03:13.194894+00:00,161.3,40,ask,DiligentDonuts,CostlyCorianders,8665245
2026-07-05T19:03:14.532276,2026-07-05T19:03:14.541905+00:00,161.6,49,ask,EarnestEspressos,CostlyCorianders,8665270
2026-07-05T19:03:15.078259,2026-07-05T19:03:15.088691+00:00,161.6,50,ask,EarnestEspressos,FlawlessFlatbreads,8665276
2026-07-05T19:03:15.537877,2026-07-05T19:03:15.549563+00:00,161.8,43,bid,CostlyCorianders,DiligentDonuts,8665281
2026-07-05T19:03:15.592620,2026-07-05T19:03:15.604261+00:00,161.6,43,ask,EarnestEspressos,CostlyCorianders,8665282
2026-07-05T19:03:17.132822,2026-07-05T19:03:17.144279+00:00,161.5,50,bid,FlawlessFlatbreads,EarnestEspressos,8665298
2026-07-05T19:03:17.240850,2026-07-05T19:03:17.252616+00:00,161.5,46,bid,CostlyCorianders,EarnestEspressos,8665299
2026-07-05T19:03:19.239305,2026-07-05T19:03:19.246789+00:00,161.5,50,bid,FlawlessFlatbreads,EarnestEspressos,8665316
2026-07-05T19:03:19.411627,2026-07-05T19:03:19.422561+00:00,161.4,44,ask,DiligentDonuts,CostlyCorianders,8665320
2026-07-05T19:03:21.346627,2026-07-05T19:03:21.358182+00:00,161.8,50,bid,FlawlessFlatbreads,EarnestEspressos,8665343
2026-07-05T19:03:22.780539,2026-07-05T19:03:22.790586+00:00,161.8,3,ask,EarnestEspressos,Xuanyu Liu,8665357
2026-07-05T19:03:23.221599,2026-07-05T19:03:23.233184+00:00,161.8,43,ask,EarnestEspressos,CostlyCorianders,8665363
2026-07-05T19:03:24.258353,2026-07-05T19:03:24.268906+00:00,162.0,8,bid,CostlyCorianders,Zhangyue Shen,8665378
2026-07-05T19:03:24.258353,2026-07-05T19:03:24.268906+00:00,162.0,38,bid,CostlyCorianders,DiligentDonuts,8665379
2026-07-05T19:03:25.558432,2026-07-05T19:03:25.565277+00:00,162.1,50,bid,FlawlessFlatbreads,DiligentDonuts,8665403
2026-07-05T19:03:26.820238,2026-07-05T19:03:26.827544+00:00,161.8,44,ask,EarnestEspressos,CostlyCorianders,8665425
2026-07-05T19:03:27.663895,2026-07-05T19:03:27.680886+00:00,162.1,50,bid,FlawlessFlatbreads,DiligentDonuts,8665441
2026-07-05T19:03:28.860777,2026-07-05T19:03:28.872295+00:00,162.0,8,ask,DiligentDonuts,Zhangyue Shen,8665466
2026-07-05T19:03:29.821620,2026-07-05T19:03:29.833620+00:00,162.0,50,ask,DiligentDonuts,FlawlessFlatbreads,8665480
2026-07-05T19:03:31.166118,2026-07-05T19:03:31.178020+00:00,162.2,40,bid,CostlyCorianders,EarnestEspressos,8665504
2026-07-05T19:03:31.707056,2026-07-05T19:03:31.714505+00:00,162.2,44,bid,CostlyCorianders,EarnestEspressos,8665510
2026-07-05T19:03:31.930749,2026-07-05T19:03:31.942371+00:00,161.9,50,ask,DiligentDonuts,FlawlessFlatbreads,8665515
2026-07-05T19:03:34.037640,2026-07-05T19:03:34.049404+00:00,162.1,50,ask,EarnestEspressos,FlawlessFlatbreads,8665545
2026-07-05T19:03:35.183240,2026-07-05T19:03:35.191854+00:00,162.1,11,ask,EarnestEspressos,Xuanyu Liu,8665558
2026-07-05T19:03:36.146628,2026-07-05T19:03:36.150326+00:00,161.8,50,ask,EarnestEspressos,FlawlessFlatbreads,8665562
2026-07-05T19:03:36.932940,2026-07-05T19:03:36.949674+00:00,161.8,44,ask,EarnestEspressos,CostlyCorianders,8665570
2026-07-05T19:03:38.255593,2026-07-05T19:03:38.267182+00:00,161.8,50,ask,EarnestEspressos,FlawlessFlatbreads,8665587
2026-07-05T19:03:38.660513,2026-07-05T19:03:38.666924+00:00,161.7,100,ask,DiligentDonuts,EarnestEspressos,8665592
2026-07-05T19:03:38.673316,2026-07-05T19:03:38.682816+00:00,161.7,14,bid,Xuanyu Liu,EarnestEspressos,8665593
2026-07-05T19:03:39.212006,2026-07-05T19:03:39.223614+00:00,161.7,36,bid,CostlyCorianders,EarnestEspressos,8665599
2026-07-05T19:03:39.212006,2026-07-05T19:03:39.223614+00:00,162.1,6,bid,CostlyCorianders,Zhangyue Shen,8665600
2026-07-05T19:03:40.362438,2026-07-05T19:03:40.368689+00:00,161.6,8,ask,Zhangyue Shen,FlawlessFlatbreads,8665617
2026-07-05T19:03:40.362438,2026-07-05T19:03:40.368689+00:00,161.2,42,ask,EarnestEspressos,FlawlessFlatbreads,8665618
2026-07-05T19:03:42.244370,2026-07-05T19:03:42.258597+00:00,161.6,8,ask,Zhangyue Shen,CostlyCorianders,8665644
2026-07-05T19:03:42.244370,2026-07-05T19:03:42.258597+00:00,161.5,37,ask,EarnestEspressos,CostlyCorianders,8665645
2026-07-05T19:03:42.471195,2026-07-05T19:03:42.479024+00:00,161.5,50,ask,EarnestEspressos,FlawlessFlatbreads,8665647
2026-07-05T19:03:44.322469,2026-07-05T19:03:44.331607+00:00,162.0,42,bid,CostlyCorianders,EarnestEspressos,8665672
2026-07-05T19:03:44.577551,2026-07-05T19:03:44.589141+00:00,161.6,6,ask,Zhangyue Shen,FlawlessFlatbreads,8665681
2026-07-05T19:03:46.683645,2026-07-05T19:03:46.695360+00:00,161.5,50,ask,DiligentDonuts,FlawlessFlatbreads,8665707
2026-07-05T19:03:46.941656,2026-07-05T19:03:46.953457+00:00,162.0,41,bid,CostlyCorianders,DiligentDonuts,8665711
2026-07-05T19:03:48.170656,2026-07-05T19:03:48.182329+00:00,161.5,45,ask,DiligentDonuts,CostlyCorianders,8665726
2026-07-05T19:03:48.738917,2026-07-05T19:03:48.750410+00:00,162.0,50,bid,FlawlessFlatbreads,DiligentDonuts,8665739
2026-07-05T19:03:50.863065,2026-07-05T19:03:50.869868+00:00,162.0,50,bid,FlawlessFlatbreads,EarnestEspressos,8665757
2026-07-05T19:03:51.268797,2026-07-05T19:03:51.276493+00:00,161.8,41,ask,EarnestEspressos,CostlyCorianders,8665764
2026-07-05T19:03:52.969855,2026-07-05T19:03:52.977435+00:00,162.0,50,bid,FlawlessFlatbreads,DiligentDonuts,8665782
2026-07-05T19:03:55.134516,2026-07-05T19:03:55.142439+00:00,161.6,50,ask,DiligentDonuts,FlawlessFlatbreads,8665812
2026-07-05T19:03:57.190663,2026-07-05T19:03:57.199421+00:00,162.0,50,bid,FlawlessFlatbreads,DiligentDonuts,8665832
2026-07-05T19:03:58.525175,2026-07-05T19:03:58.537090+00:00,162.0,42,bid,CostlyCorianders,DiligentDonuts,8665845
2026-07-05T19:03:59.374226,2026-07-05T19:03:59.386026+00:00,161.6,50,ask,EarnestEspressos,FlawlessFlatbreads,8665855
2026-07-05T19:03:59.676125,2026-07-05T19:03:59.687521+00:00,161.6,44,ask,EarnestEspressos,CostlyCorianders,8665864
2026-07-05T19:04:00.236374,2026-07-05T19:04:00.248044+00:00,162.1,42,bid,CostlyCorianders,EarnestEspressos,8665875
2026-07-05T19:04:01.430149,2026-07-05T19:04:01.441985+00:00,162.0,50,bid,FlawlessFlatbreads,EarnestEspressos,8665896
2026-07-05T19:04:02.569724,2026-07-05T19:04:02.581543+00:00,162.0,42,bid,CostlyCorianders,EarnestEspressos,8665912
2026-07-05T19:04:03.104961,2026-07-05T19:04:03.116699+00:00,162.0,58,bid,DiligentDonuts,EarnestEspressos,8665921
2026-07-05T19:04:03.538984,2026-07-05T19:04:03.555690+00:00,162.3,8,bid,FlawlessFlatbreads,Zhangyue Shen,8665925
2026-07-05T19:04:03.538984,2026-07-05T19:04:03.555690+00:00,162.5,42,bid,FlawlessFlatbreads,DiligentDonuts,8665926
2026-07-05T19:04:03.653877,2026-07-05T19:04:03.661063+00:00,162.0,42,ask,DiligentDonuts,CostlyCorianders,8665932
2026-07-05T19:04:03.653877,2026-07-05T19:04:03.666297+00:00,162.0,4,ask,Zhangyue Shen,CostlyCorianders,8665933
2026-07-05T19:04:04.683878,2026-07-05T19:04:04.695446+00:00,162.1,41,ask,EarnestEspressos,CostlyCorianders,8665944
2026-07-05T19:04:05.331954,2026-07-05T19:04:05.340220+00:00,162.1,3,ask,EarnestEspressos,Xuanyu Liu,8665957
2026-07-05T19:04:05.651340,2026-07-05T19:04:05.663743+00:00,162.3,8,bid,FlawlessFlatbreads,Zhangyue Shen,8665961
2026-07-05T19:04:07.141480,2026-07-05T19:04:07.158618+00:00,162.0,8,ask,Zhangyue Shen,CostlyCorianders,8665975
2026-07-05T19:04:07.757060,2026-07-05T19:04:07.768683+00:00,162.3,50,bid,FlawlessFlatbreads,DiligentDonuts,8665981
2026-07-05T19:04:09.121673,2026-07-05T19:04:09.133620+00:00,162.3,47,bid,CostlyCorianders,DiligentDonuts,8665996
2026-07-05T19:04:09.877370,2026-07-05T19:04:09.889029+00:00,162.4,50,bid,FlawlessFlatbreads,EarnestEspressos,8666006
2026-07-05T19:04:10.274593,2026-07-05T19:04:10.286480+00:00,162.3,44,ask,EarnestEspressos,CostlyCorianders,8666011
2026-07-05T19:04:11.986463,2026-07-05T19:04:11.998382+00:00,162.6,8,bid,FlawlessFlatbreads,Zhangyue Shen,8666031
2026-07-05T19:04:11.986463,2026-07-05T19:04:11.998382+00:00,162.6,42,bid,FlawlessFlatbreads,DiligentDonuts,8666032
2026-07-05T19:04:13.033044,2026-07-05T19:04:13.039662+00:00,162.7,40,bid,CostlyCorianders,DiligentDonuts,8666052
2026-07-05T19:04:14.095039,2026-07-05T19:04:14.104764+00:00,162.7,50,bid,FlawlessFlatbreads,DiligentDonuts,8666064
2026-07-05T19:04:15.765330,2026-07-05T19:04:15.774767+00:00,162.7,11,ask,DiligentDonuts,Xuanyu Liu,8666082
2026-07-05T19:04:16.256466,2026-07-05T19:04:16.257606+00:00,162.7,50,ask,DiligentDonuts,FlawlessFlatbreads,8666087
2026-07-05T19:04:16.902236,2026-07-05T19:04:16.910924+00:00,162.7,39,ask,DiligentDonuts,CostlyCorianders,8666097
2026-07-05T19:04:16.902236,2026-07-05T19:04:16.910924+00:00,162.5,2,ask,Zhangyue Shen,CostlyCorianders,8666098
2026-07-05T19:04:18.362616,2026-07-05T19:04:18.369209+00:00,162.4,8,ask,Zhangyue Shen,FlawlessFlatbreads,8666112
2026-07-05T19:04:18.362616,2026-07-05T19:04:18.374461+00:00,162.3,42,ask,EarnestEspressos,FlawlessFlatbreads,8666113
2026-07-05T19:04:19.212330,2026-07-05T19:04:19.221678+00:00,162.5,42,ask,DiligentDonuts,CostlyCorianders,8666129
2026-07-05T19:04:19.751131,2026-07-05T19:04:19.758597+00:00,162.8,8,bid,CostlyCorianders,Zhangyue Shen,8666139
2026-07-05T19:04:19.751131,2026-07-05T19:04:19.758597+00:00,163.0,32,bid,CostlyCorianders,DiligentDonuts,8666140
2026-07-05T19:04:19.784866,2026-07-05T19:04:19.793310+00:00,162.6,11,bid,Xuanyu Liu,EarnestEspressos,8666142
2026-07-05T19:04:20.469791,2026-07-05T19:04:20.480027+00:00,162.5,50,ask,DiligentDonuts,FlawlessFlatbreads,8666149
2026-07-05T19:04:22.524722,2026-07-05T19:04:22.536256+00:00,162.6,50,bid,FlawlessFlatbreads,EarnestEspressos,8666174
2026-07-05T19:04:23.909209,2026-07-05T19:04:23.917696+00:00,162.6,47,bid,CostlyCorianders,DiligentDonuts,8666192
2026-07-05T19:04:23.962801,2026-07-05T19:04:23.970285+00:00,162.4,49,ask,EarnestEspressos,CostlyCorianders,8666194
2026-07-05T19:04:26.470625,2026-07-05T19:04:26.479806+00:00,162.4,44,bid,CostlyCorianders,EarnestEspressos,8666230
2026-07-05T19:04:26.785442,2026-07-05T19:04:26.797456+00:00,162.2,8,ask,Zhangyue Shen,FlawlessFlatbreads,8666232
2026-07-05T19:04:26.785442,2026-07-05T19:04:26.797456+00:00,162.2,42,ask,DiligentDonuts,FlawlessFlatbreads,8666233
2026-07-05T19:04:27.784992,2026-07-05T19:04:27.793203+00:00,162.4,3,bid,Xuanyu Liu,EarnestEspressos,8666241
2026-07-05T19:04:28.078868,2026-07-05T19:04:28.089133+00:00,162.4,41,bid,CostlyCorianders,EarnestEspressos,8666251
2026-07-05T19:04:28.400891,2026-07-05T19:04:28.412316+00:00,162.4,62,bid,DiligentDonuts,EarnestEspressos,8666258
2026-07-05T19:04:29.213915,2026-07-05T19:04:29.221479+00:00,162.9,100,bid,EarnestEspressos,DiligentDonuts,8666269
2026-07-05T19:04:29.213915,2026-07-05T19:04:29.226664+00:00,162.9,8,bid,EarnestEspressos,Zhangyue Shen,8666270
2026-07-05T19:04:29.284146,2026-07-05T19:04:29.293436+00:00,162.9,14,ask,EarnestEspressos,Xuanyu Liu,8666271
2026-07-05T19:04:30.260336,2026-07-05T19:04:30.268672+00:00,162.9,28,ask,EarnestEspressos,Xuanyu Liu,8666288
2026-07-05T19:04:30.998861,2026-07-05T19:04:31.010391+00:00,162.5,8,ask,Zhangyue Shen,FlawlessFlatbreads,8666300
2026-07-05T19:04:30.998861,2026-07-05T19:04:31.010391+00:00,162.4,38,ask,DiligentDonuts,FlawlessFlatbreads,8666301
2026-07-05T19:04:31.627260,2026-07-05T19:04:31.636415+00:00,162.6,5,bid,Xuanyu Liu,DiligentDonuts,8666309
2026-07-05T19:04:32.444815,2026-07-05T19:04:32.454888+00:00,162.5,11,bid,Xuanyu Liu,EarnestEspressos,8666317
2026-07-05T19:04:32.881534,2026-07-05T19:04:32.889588+00:00,162.5,12,bid,Xuanyu Liu,EarnestEspressos,8666326
2026-07-05T19:04:33.055343,2026-07-05T19:04:33.066855+00:00,162.5,50,bid,FlawlessFlatbreads,EarnestEspressos,8666330
2026-07-05T19:04:35.106960,2026-07-05T19:04:35.114371+00:00,162.1,41,ask,DiligentDonuts,CostlyCorianders,8666354
2026-07-05T19:04:35.162520,2026-07-05T19:04:35.169449+00:00,162.5,50,bid,FlawlessFlatbreads,EarnestEspressos,8666356
2026-07-05T19:04:36.301597,2026-07-05T19:04:36.308506+00:00,162.5,8,ask,EarnestEspressos,Zhangyue Shen,8666372
2026-07-05T19:04:36.875975,2026-07-05T19:04:36.883924+00:00,162.6,45,bid,CostlyCorianders,DiligentDonuts,8666383
2026-07-05T19:04:36.929978,2026-07-05T19:04:36.941595+00:00,162.5,44,ask,EarnestEspressos,CostlyCorianders,8666385
2026-07-05T19:04:37.270333,2026-07-05T19:04:37.282358+00:00,162.6,50,bid,FlawlessFlatbreads,DiligentDonuts,8666388
2026-07-05T19:04:38.338543,2026-07-05T19:04:38.349958+00:00,162.5,8,ask,EarnestEspressos,Zhangyue Shen,8666404
2026-07-05T19:04:39.378277,2026-07-05T19:04:39.390309+00:00,162.9,8,bid,FlawlessFlatbreads,Zhangyue Shen,8666421
2026-07-05T19:04:39.378277,2026-07-05T19:04:39.390309+00:00,162.9,42,bid,FlawlessFlatbreads,EarnestEspressos,8666422
2026-07-05T19:04:41.538381,2026-07-05T19:04:41.547643+00:00,162.5,50,ask,DiligentDonuts,FlawlessFlatbreads,8666448
2026-07-05T19:04:42.047978,2026-07-05T19:04:42.056234+00:00,162.6,23,ask,EarnestEspressos,Xuanyu Liu,8666453
2026-07-05T19:04:43.645076,2026-07-05T19:04:43.658553+00:00,162.6,50,ask,EarnestEspressos,FlawlessFlatbreads,8666470
2026-07-05T19:04:44.176142,2026-07-05T19:04:44.187688+00:00,162.7,8,bid,CostlyCorianders,Zhangyue Shen,8666482
2026-07-05T19:04:45.752590,2026-07-05T19:04:45.758610+00:00,162.3,50,ask,DiligentDonuts,FlawlessFlatbreads,8666499
2026-07-05T19:04:47.437262,2026-07-05T19:04:47.446544+00:00,162.7,11,bid,Xuanyu Liu,DiligentDonuts,8666521
2026-07-05T19:04:47.807493,2026-07-05T19:04:47.819365+00:00,162.7,50,bid,FlawlessFlatbreads,DiligentDonuts,8666526
2026-07-05T19:04:49.915950,2026-07-05T19:04:49.926664+00:00,162.7,39,bid,FlawlessFlatbreads,DiligentDonuts,8666547
2026-07-05T19:04:49.915950,2026-07-05T19:04:49.926664+00:00,162.8,11,bid,FlawlessFlatbreads,EarnestEspressos,8666548
2026-07-05T19:04:52.025018,2026-07-05T19:04:52.036176+00:00,162.7,8,bid,FlawlessFlatbreads,Zhangyue Shen,8666573
2026-07-05T19:04:52.025018,2026-07-05T19:04:52.036176+00:00,162.9,42,bid,FlawlessFlatbreads,DiligentDonuts,8666574
2026-07-05T19:04:54.133080,2026-07-05T19:04:54.144921+00:00,162.9,50,bid,FlawlessFlatbreads,EarnestEspressos,8666599
2026-07-05T19:04:55.559779,2026-07-05T19:04:55.571489+00:00,162.6,49,ask,EarnestEspressos,CostlyCorianders,8666614
2026-07-05T19:04:56.267157,2026-07-05T19:04:56.274256+00:00,162.8,8,bid,FlawlessFlatbreads,Zhangyue Shen,8666621
2026-07-05T19:04:56.267157,2026-07-05T19:04:56.279267+00:00,163.0,42,bid,FlawlessFlatbreads,DiligentDonuts,8666622
2026-07-05T19:04:57.202026,2026-07-05T19:04:57.208981+00:00,163.0,8,bid,CostlyCorianders,Zhangyue Shen,8666632
2026-07-05T19:04:57.202026,2026-07-05T19:04:57.214475+00:00,163.1,38,bid,CostlyCorianders,EarnestEspressos,8666633
2026-07-05T19:04:57.257579,2026-07-05T19:04:57.268884+00:00,162.7,48,ask,DiligentDonuts,CostlyCorianders,8666634
2026-07-05T19:04:57.860426,2026-07-05T19:04:57.877520+00:00,162.7,48,ask,DiligentDonuts,CostlyCorianders,8666642
2026-07-05T19:04:58.380102,2026-07-05T19:04:58.392676+00:00,162.9,8,bid,FlawlessFlatbreads,Zhangyue Shen,8666652
2026-07-05T19:05:00.546093,2026-07-05T19:05:00.550020+00:00,162.5,50,ask,EarnestEspressos,FlawlessFlatbreads,8666679
2026-07-05T19:05:00.847012,2026-07-05T19:05:00.859171+00:00,162.7,8,bid,CostlyCorianders,Zhangyue Shen,8666685
2026-07-05T19:05:00.847012,2026-07-05T19:05:00.859171+00:00,162.8,35,bid,CostlyCorianders,DiligentDonuts,8666686
2026-07-05T19:05:02.378346,2026-07-05T19:05:02.386056+00:00,162.7,49,bid,CostlyCorianders,EarnestEspressos,8666704
2026-07-05T19:05:02.654045,2026-07-05T19:05:02.654017+00:00,162.3,50,ask,DiligentDonuts,FlawlessFlatbreads,8666705
2026-07-05T19:05:04.783906,2026-07-05T19:05:04.795325+00:00,162.4,50,ask,EarnestEspressos,FlawlessFlatbreads,8666725
2026-07-05T19:05:06.478412,2026-07-05T19:05:06.490026+00:00,162.4,46,ask,EarnestEspressos,CostlyCorianders,8666753
2026-07-05T19:05:06.892903,2026-07-05T19:05:06.904405+00:00,162.4,50,ask,EarnestEspressos,FlawlessFlatbreads,8666760
2026-07-05T19:05:07.024682,2026-07-05T19:05:07.036267+00:00,162.8,8,bid,CostlyCorianders,Zhangyue Shen,8666764
2026-07-05T19:05:07.024682,2026-07-05T19:05:07.036267+00:00,162.9,38,bid,CostlyCorianders,EarnestEspressos,8666765
2026-07-05T19:05:07.260826,2026-07-05T19:05:07.269955+00:00,162.5,12,bid,Xuanyu Liu,EarnestEspressos,8666767
2026-07-05T19:05:08.104126,2026-07-05T19:05:08.115731+00:00,162.4,48,ask,DiligentDonuts,CostlyCorianders,8666776
2026-07-05T19:05:08.575924,2026-07-05T19:05:08.587518+00:00,162.5,46,bid,CostlyCorianders,EarnestEspressos,8666780
2026-07-05T19:05:09.032726,2026-07-05T19:05:09.046585+00:00,162.4,50,ask,DiligentDonuts,FlawlessFlatbreads,8666789
2026-07-05T19:05:09.611932,2026-07-05T19:05:09.621095+00:00,162.5,14,bid,Xuanyu Liu,EarnestEspressos,8666798
2026-07-05T19:05:10.068362,2026-07-05T19:05:10.080438+00:00,162.5,48,bid,CostlyCorianders,EarnestEspressos,8666803
2026-07-05T19:05:10.357366,2026-07-05T19:05:10.368804+00:00,162.6,100,bid,EarnestEspressos,DiligentDonuts,8666810
2026-07-05T19:05:10.370208,2026-07-05T19:05:10.378736+00:00,162.7,3,ask,EarnestEspressos,Xuanyu Liu,8666811
2026-07-05T19:05:11.141160,2026-07-05T19:05:11.153098+00:00,162.7,47,ask,EarnestEspressos,FlawlessFlatbreads,8666822
2026-07-05T19:05:11.141160,2026-07-05T19:05:11.153098+00:00,162.5,3,ask,Zhangyue Shen,FlawlessFlatbreads,8666823
2026-07-05T19:05:13.249556,2026-07-05T19:05:13.255860+00:00,162.5,5,ask,Zhangyue Shen,FlawlessFlatbreads,8666854
2026-07-05T19:05:13.249556,2026-07-05T19:05:13.255860+00:00,162.5,45,ask,DiligentDonuts,FlawlessFlatbreads,8666855
2026-07-05T19:05:15.357280,2026-07-05T19:05:15.368708+00:00,162.5,50,ask,DiligentDonuts,FlawlessFlatbreads,8666883
2026-07-05T19:05:17.412402,2026-07-05T19:05:17.424320+00:00,162.6,50,bid,FlawlessFlatbreads,DiligentDonuts,8666909
2026-07-05T19:05:18.655600,2026-07-05T19:05:18.664204+00:00,162.6,3,bid,Xuanyu Liu,DiligentDonuts,8666931
2026-07-05T19:05:19.520449,2026-07-05T19:05:19.532226+00:00,162.6,50,bid,FlawlessFlatbreads,EarnestEspressos,8666946
2026-07-05T19:05:21.693835,2026-07-05T19:05:21.703134+00:00,162.5,50,ask,DiligentDonuts,FlawlessFlatbreads,8666977
2026-07-05T19:05:23.017126,2026-07-05T19:05:23.028806+00:00,162.7,100,bid,EarnestEspressos,DiligentDonuts,8666996
2026-07-05T19:05:25.908546,2026-07-05T19:05:25.925976+00:00,162.9,8,ask,Zhangyue Shen,FlawlessFlatbreads,8667028
2026-07-05T19:05:25.908546,2026-07-05T19:05:25.925976+00:00,162.8,42,ask,DiligentDonuts,FlawlessFlatbreads,8667029
2026-07-05T19:05:26.055040,2026-07-05T19:05:26.063960+00:00,162.8,45,ask,DiligentDonuts,CostlyCorianders,8667037
2026-07-05T19:05:27.061598,2026-07-05T19:05:27.073268+00:00,162.9,43,bid,CostlyCorianders,EarnestEspressos,8667050
2026-07-05T19:05:27.116758,2026-07-05T19:05:27.128461+00:00,162.8,13,ask,DiligentDonuts,CostlyCorianders,8667051
2026-07-05T19:05:27.116758,2026-07-05T19:05:27.128461+00:00,162.7,8,ask,Zhangyue Shen,CostlyCorianders,8667052
2026-07-05T19:05:27.116758,2026-07-05T19:05:27.128461+00:00,162.4,23,ask,EarnestEspressos,CostlyCorianders,8667053
2026-07-05T19:05:27.965996,2026-07-05T19:05:27.977965+00:00,162.9,50,bid,FlawlessFlatbreads,EarnestEspressos,8667066
2026-07-05T19:05:28.192393,2026-07-05T19:05:28.204182+00:00,162.5,8,ask,Zhangyue Shen,CostlyCorianders,8667068
2026-07-05T19:05:28.192393,2026-07-05T19:05:28.204182+00:00,162.4,32,ask,EarnestEspressos,CostlyCorianders,8667069
2026-07-05T19:05:30.124025,2026-07-05T19:05:30.135595+00:00,162.5,50,ask,DiligentDonuts,FlawlessFlatbreads,8667097
2026-07-05T19:05:30.197490,2026-07-05T19:05:30.206020+00:00,162.8,41,bid,CostlyCorianders,EarnestEspressos,8667099
2026-07-05T19:05:30.688527,2026-07-05T19:05:30.700238+00:00,162.5,41,ask,DiligentDonuts,CostlyCorianders,8667107
2026-07-05T19:05:32.181170,2026-07-05T19:05:32.193146+00:00,162.8,50,bid,FlawlessFlatbreads,EarnestEspressos,8667127
2026-07-05T19:05:32.230876,2026-07-05T19:05:32.242630+00:00,162.8,45,bid,CostlyCorianders,EarnestEspressos,8667128
2026-07-05T19:05:32.521879,2026-07-05T19:05:32.532525+00:00,162.9,100,bid,EarnestEspressos,DiligentDonuts,8667131
2026-07-05T19:05:34.289514,2026-07-05T19:05:34.296174+00:00,163.3,8,bid,FlawlessFlatbreads,Zhangyue Shen,8667152
2026-07-05T19:05:34.289514,2026-07-05T19:05:34.296174+00:00,163.6,42,bid,FlawlessFlatbreads,EarnestEspressos,8667153
2026-07-05T19:05:36.140416,2026-07-05T19:05:36.152384+00:00,163.0,8,ask,Zhangyue Shen,CostlyCorianders,8667178
2026-07-05T19:05:36.140416,2026-07-05T19:05:36.152384+00:00,162.9,40,ask,EarnestEspressos,CostlyCorianders,8667179
2026-07-05T19:05:36.405315,2026-07-05T19:05:36.416977+00:00,163.3,50,bid,FlawlessFlatbreads,DiligentDonuts,8667183
2026-07-05T19:05:36.608376,2026-07-05T19:05:36.620213+00:00,163.3,48,bid,CostlyCorianders,DiligentDonuts,8667185
2026-07-05T19:05:37.573124,2026-07-05T19:05:37.580339+00:00,163.3,2,bid,CostlyCorianders,DiligentDonuts,8667197
2026-07-05T19:05:37.573124,2026-07-05T19:05:37.585966+00:00,163.4,8,bid,CostlyCorianders,Zhangyue Shen,8667198
2026-07-05T19:05:37.573124,2026-07-05T19:05:37.585966+00:00,163.4,39,bid,CostlyCorianders,EarnestEspressos,8667199
2026-07-05T19:05:38.566078,2026-07-05T19:05:38.574387+00:00,163.2,50,ask,DiligentDonuts,FlawlessFlatbreads,8667212
2026-07-05T19:05:39.807488,2026-07-05T19:05:39.815989+00:00,163.2,3,ask,DiligentDonuts,Xuanyu Liu,8667223
2026-07-05T19:05:40.672401,2026-07-05T19:05:40.684051+00:00,163.2,47,ask,DiligentDonuts,FlawlessFlatbreads,8667238
2026-07-05T19:05:40.672401,2026-07-05T19:05:40.684051+00:00,162.9,3,ask,EarnestEspressos,FlawlessFlatbreads,8667239
2026-07-05T19:05:42.321333,2026-07-05T19:05:42.333132+00:00,163.0,8,ask,Zhangyue Shen,CostlyCorianders,8667258
2026-07-05T19:05:42.321333,2026-07-05T19:05:42.333132+00:00,162.9,40,ask,EarnestEspressos,CostlyCorianders,8667259
2026-07-05T19:05:42.782876,2026-07-05T19:05:42.794447+00:00,162.9,50,ask,EarnestEspressos,FlawlessFlatbreads,8667270
2026-07-05T19:05:43.387599,2026-07-05T19:05:43.399440+00:00,162.9,40,ask,EarnestEspressos,CostlyCorianders,8667282
2026-07-05T19:05:44.839538,2026-07-05T19:05:44.850975+00:00,163.4,50,bid,FlawlessFlatbreads,EarnestEspressos,8667301
2026-07-05T19:05:45.590745,2026-07-05T19:05:45.597529+00:00,163.2,41,bid,CostlyCorianders,EarnestEspressos,8667311
2026-07-05T19:05:47.003335,2026-07-05T19:05:47.010343+00:00,163.0,8,ask,Zhangyue Shen,FlawlessFlatbreads,8667330
2026-07-05T19:05:47.003335,2026-07-05T19:05:47.015512+00:00,162.9,42,ask,DiligentDonuts,FlawlessFlatbreads,8667331
2026-07-05T19:05:47.565689,2026-07-05T19:05:47.574598+00:00,163.2,40,bid,CostlyCorianders,EarnestEspressos,8667339
2026-07-05T19:05:48.126750,2026-07-05T19:05:48.138272+00:00,162.8,42,ask,DiligentDonuts,CostlyCorianders,8667345
2026-07-05T19:05:48.730234,2026-07-05T19:05:48.736974+00:00,162.9,48,ask,EarnestEspressos,CostlyCorianders,8667348
2026-07-05T19:05:50.853972,2026-07-05T19:05:50.865785+00:00,163.1,48,bid,CostlyCorianders,DiligentDonuts,8667370
2026-07-05T19:05:51.215908,2026-07-05T19:05:51.227311+00:00,162.9,50,ask,EarnestEspressos,FlawlessFlatbreads,8667379
2026-07-05T19:05:51.430788,2026-07-05T19:05:51.442428+00:00,163.1,42,bid,CostlyCorianders,DiligentDonuts,8667387
2026-07-05T19:05:51.485415,2026-07-05T19:05:51.496835+00:00,162.9,44,ask,EarnestEspressos,CostlyCorianders,8667388
2026-07-05T19:05:51.600085,2026-07-05T19:05:51.608001+00:00,162.9,8,ask,Zhangyue Shen,EarnestEspressos,8667389
2026-07-05T19:05:51.609793,2026-07-05T19:05:51.618735+00:00,162.8,3,bid,Xuanyu Liu,EarnestEspressos,8667390
2026-07-05T19:05:52.598867,2026-07-05T19:05:52.610294+00:00,162.8,46,bid,CostlyCorianders,EarnestEspressos,8667404
2026-07-05T19:05:53.514351,2026-07-05T19:05:53.525852+00:00,162.8,49,bid,CostlyCorianders,EarnestEspressos,8667408
2026-07-05T19:05:53.569162,2026-07-05T19:05:53.580915+00:00,162.7,8,ask,Zhangyue Shen,CostlyCorianders,8667411
2026-07-05T19:05:53.569162,2026-07-05T19:05:53.580915+00:00,162.6,39,ask,DiligentDonuts,CostlyCorianders,8667412
2026-07-05T19:05:55.427239,2026-07-05T19:05:55.438968+00:00,162.7,50,ask,DiligentDonuts,FlawlessFlatbreads,8667438
2026-07-05T19:05:57.485085,2026-07-05T19:05:57.494432+00:00,162.9,50,bid,FlawlessFlatbreads,DiligentDonuts,8667461
2026-07-05T19:05:58.794773,2026-07-05T19:05:58.806390+00:00,162.7,8,ask,Zhangyue Shen,CostlyCorianders,8667474
2026-07-05T19:05:58.794773,2026-07-05T19:05:58.806390+00:00,162.6,32,ask,EarnestEspressos,CostlyCorianders,8667475
2026-07-05T19:05:59.592036,2026-07-05T19:05:59.604168+00:00,162.9,50,bid,FlawlessFlatbreads,DiligentDonuts,8667484
2026-07-05T19:06:00.308836,2026-07-05T19:06:00.319195+00:00,162.8,49,ask,DiligentDonuts,CostlyCorianders,8667492
2026-07-05T19:06:01.283201,2026-07-05T19:06:01.294870+00:00,163.1,49,bid,CostlyCorianders,EarnestEspressos,8667506
2026-07-05T19:06:01.699321,2026-07-05T19:06:01.706908+00:00,163.1,50,bid,FlawlessFlatbreads,EarnestEspressos,8667513
2026-07-05T19:06:02.983907,2026-07-05T19:06:02.991563+00:00,162.9,8,ask,Zhangyue Shen,CostlyCorianders,8667528
2026-07-05T19:06:02.983907,2026-07-05T19:06:02.996537+00:00,162.8,36,ask,DiligentDonuts,CostlyCorianders,8667529
2026-07-05T19:06:03.806100,2026-07-05T19:06:03.817897+00:00,163.1,50,bid,FlawlessFlatbreads,EarnestEspressos,8667544
2026-07-05T19:06:04.199657,2026-07-05T19:06:04.207211+00:00,163.2,100,bid,EarnestEspressos,DiligentDonuts,8667549
2026-07-05T19:06:04.199657,2026-07-05T19:06:04.212646+00:00,163.3,8,bid,EarnestEspressos,Zhangyue Shen,8667550
2026-07-05T19:06:05.637249,2026-07-05T19:06:05.643955+00:00,163.3,42,ask,EarnestEspressos,CostlyCorianders,8667567
2026-07-05T19:06:06.742961,2026-07-05T19:06:06.758619+00:00,163.6,8,bid,CostlyCorianders,Zhangyue Shen,8667581
2026-07-05T19:06:06.742961,2026-07-05T19:06:06.758619+00:00,163.6,33,bid,CostlyCorianders,DiligentDonuts,8667582
2026-07-05T19:06:07.413816,2026-07-05T19:06:07.425537+00:00,163.1,100,ask,DiligentDonuts,EarnestEspressos,8667594
2026-07-05T19:06:07.413816,2026-07-05T19:06:07.425537+00:00,163.1,8,ask,Zhangyue Shen,EarnestEspressos,8667595
2026-07-05T19:06:08.068666,2026-07-05T19:06:08.080216+00:00,162.7,8,ask,Zhangyue Shen,FlawlessFlatbreads,8667607
2026-07-05T19:06:08.068666,2026-07-05T19:06:08.080216+00:00,162.6,42,ask,EarnestEspressos,FlawlessFlatbreads,8667608
2026-07-05T19:06:09.439718,2026-07-05T19:06:09.458587+00:00,163.1,40,bid,CostlyCorianders,EarnestEspressos,8667622
2026-07-05T19:06:10.196676,2026-07-05T19:06:10.205503+00:00,162.7,8,ask,Zhangyue Shen,FlawlessFlatbreads,8667636
2026-07-05T19:06:10.196676,2026-07-05T19:06:10.205503+00:00,162.7,42,ask,DiligentDonuts,FlawlessFlatbreads,8667637
2026-07-05T19:06:10.525634,2026-07-05T19:06:10.534502+00:00,163.2,100,bid,EarnestEspressos,DiligentDonuts,8667643
2026-07-05T19:06:11.657137,2026-07-05T19:06:11.663607+00:00,163.7,46,bid,CostlyCorianders,EarnestEspressos,8667661
2026-07-05T19:06:11.712444,2026-07-05T19:06:11.723800+00:00,163.2,46,ask,EarnestEspressos,CostlyCorianders,8667663
2026-07-05T19:06:12.253875,2026-07-05T19:06:12.265443+00:00,163.7,50,bid,FlawlessFlatbreads,EarnestEspressos,8667669
2026-07-05T19:06:12.855860,2026-07-05T19:06:12.867494+00:00,163.2,4,ask,EarnestEspressos,CostlyCorianders,8667676
2026-07-05T19:06:12.855860,2026-07-05T19:06:12.867494+00:00,163.2,2,ask,Zhangyue Shen,CostlyCorianders,8667677
2026-07-05T19:06:14.421592,2026-07-05T19:06:14.431756+00:00,163.3,50,ask,DiligentDonuts,FlawlessFlatbreads,8667693
2026-07-05T19:06:15.510996,2026-07-05T19:06:15.522715+00:00,163.3,45,ask,DiligentDonuts,CostlyCorianders,8667714
2026-07-05T19:06:16.529632,2026-07-05T19:06:16.537531+00:00,163.2,50,ask,EarnestEspressos,FlawlessFlatbreads,8667731
2026-07-05T19:06:18.659931,2026-07-05T19:06:18.671278+00:00,163.2,50,ask,DiligentDonuts,FlawlessFlatbreads,8667758
2026-07-05T19:06:19.287186,2026-07-05T19:06:19.295514+00:00,163.5,3,bid,Xuanyu Liu,DiligentDonuts,8667772
2026-07-05T19:06:20.766644,2026-07-05T19:06:20.778395+00:00,163.4,50,ask,EarnestEspressos,FlawlessFlatbreads,8667796
2026-07-05T19:06:22.873473,2026-07-05T19:06:22.880498+00:00,163.4,50,ask,EarnestEspressos,FlawlessFlatbreads,8667820
2026-07-05T19:06:23.864846,2026-07-05T19:06:23.876537+00:00,163.4,48,bid,CostlyCorianders,EarnestEspressos,8667831
2026-07-05T19:06:24.982431,2026-07-05T19:06:24.991874+00:00,163.3,50,ask,DiligentDonuts,FlawlessFlatbreads,8667845
2026-07-05T19:06:27.037978,2026-07-05T19:06:27.049754+00:00,163.5,50,bid,FlawlessFlatbreads,DiligentDonuts,8667873
2026-07-05T19:06:27.488864,2026-07-05T19:06:27.496822+00:00,163.5,46,bid,CostlyCorianders,DiligentDonuts,8667877
2026-07-05T19:06:27.700629,2026-07-05T19:06:27.710153+00:00,163.5,4,bid,Xuanyu Liu,DiligentDonuts,8667879
2026-07-05T19:06:29.159069,2026-07-05T19:06:29.170593+00:00,163.6,50,bid,FlawlessFlatbreads,EarnestEspressos,8667900
2026-07-05T19:06:31.024726,2026-07-05T19:06:31.036388+00:00,163.9,43,bid,CostlyCorianders,DiligentDonuts,8667918
2026-07-05T19:06:31.265557,2026-07-05T19:06:31.271807+00:00,163.9,50,bid,FlawlessFlatbreads,DiligentDonuts,8667921
2026-07-05T19:06:31.849666,2026-07-05T19:06:31.853391+00:00,163.9,100,bid,DiligentDonuts,EarnestEspressos,8667933
2026-07-05T19:06:32.685534,2026-07-05T19:06:32.695354+00:00,164.0,7,ask,EarnestEspressos,Xuanyu Liu,8667942
2026-07-05T19:06:33.361264,2026-07-05T19:06:33.372984+00:00,164.0,42,ask,EarnestEspressos,CostlyCorianders,8667949
2026-07-05T19:06:33.379488,2026-07-05T19:06:33.391290+00:00,164.4,8,bid,FlawlessFlatbreads,Zhangyue Shen,8667950
2026-07-05T19:06:33.379488,2026-07-05T19:06:33.391290+00:00,164.5,42,bid,FlawlessFlatbreads,DiligentDonuts,8667951
2026-07-05T19:06:33.978551,2026-07-05T19:06:33.985705+00:00,164.0,40,ask,EarnestEspressos,CostlyCorianders,8667963
2026-07-05T19:06:35.488372,2026-07-05T19:06:35.496699+00:00,164.2,50,bid,FlawlessFlatbreads,DiligentDonuts,8667978
2026-07-05T19:06:36.018826,2026-07-05T19:06:36.030356+00:00,164.1,41,bid,CostlyCorianders,EarnestEspressos,8667987
2026-07-05T19:06:37.157554,2026-07-05T19:06:37.169616+00:00,163.8,8,ask,Zhangyue Shen,CostlyCorianders,8668002
2026-07-05T19:06:37.157554,2026-07-05T19:06:37.169616+00:00,163.7,32,ask,DiligentDonuts,CostlyCorianders,8668003
2026-07-05T19:06:37.621949,2026-07-05T19:06:37.633566+00:00,164.1,50,bid,FlawlessFlatbreads,EarnestEspressos,8668011
2026-07-05T19:06:37.694234,2026-07-05T19:06:37.705724+00:00,163.7,41,ask,DiligentDonuts,CostlyCorianders,8668013
2026-07-05T19:06:39.730662,2026-07-05T19:06:39.742118+00:00,164.1,50,bid,FlawlessFlatbreads,DiligentDonuts,8668035
2026-07-05T19:06:43.627519,2026-07-05T19:06:43.639140+00:00,164.4,49,bid,CostlyCorianders,DiligentDonuts,8668087
2026-07-05T19:06:44.196207,2026-07-05T19:06:44.203706+00:00,164.4,49,bid,CostlyCorianders,DiligentDonuts,8668093
2026-07-05T19:06:44.515600,2026-07-05T19:06:44.527093+00:00,164.5,8,bid,DiligentDonuts,Zhangyue Shen,8668100
2026-07-05T19:06:45.873265,2026-07-05T19:06:45.879981+00:00,164.5,47,ask,DiligentDonuts,CostlyCorianders,8668117
2026-07-05T19:06:46.098263,2026-07-05T19:06:46.107062+00:00,164.5,45,ask,DiligentDonuts,FlawlessFlatbreads,8668121
2026-07-05T19:06:46.098263,2026-07-05T19:06:46.107062+00:00,164.4,5,ask,EarnestEspressos,FlawlessFlatbreads,8668122
2026-07-05T19:06:48.205458,2026-07-05T19:06:48.217292+00:00,164.4,50,ask,EarnestEspressos,FlawlessFlatbreads,8668146
2026-07-05T19:06:48.977222,2026-07-05T19:06:48.989091+00:00,164.5,8,bid,CostlyCorianders,Zhangyue Shen,8668152
2026-07-05T19:06:50.312622,2026-07-05T19:06:50.320067+00:00,164.2,50,ask,EarnestEspressos,FlawlessFlatbreads,8668169
2026-07-05T19:06:52.418641,2026-07-05T19:06:52.428276+00:00,164.2,50,ask,DiligentDonuts,FlawlessFlatbreads,8668199
2026-07-05T19:06:53.312033,2026-07-05T19:06:53.324100+00:00,164.5,48,bid,CostlyCorianders,EarnestEspressos,8668208
2026-07-05T19:06:54.530368,2026-07-05T19:06:54.539574+00:00,164.1,8,ask,Zhangyue Shen,FlawlessFlatbreads,8668228
2026-07-05T19:06:56.637258,2026-07-05T19:06:56.649036+00:00,164.1,50,ask,EarnestEspressos,FlawlessFlatbreads,8668248
2026-07-05T19:06:58.693768,2026-07-05T19:06:58.703166+00:00,164.4,8,bid,FlawlessFlatbreads,Zhangyue Shen,8668268
2026-07-05T19:06:58.693768,2026-07-05T19:06:58.703166+00:00,164.4,42,bid,FlawlessFlatbreads,EarnestEspressos,8668269
2026-07-05T19:07:00.803067,2026-07-05T19:07:00.810551+00:00,164.3,8,bid,FlawlessFlatbreads,Zhangyue Shen,8668294
2026-07-05T19:07:00.803067,2026-07-05T19:07:00.815900+00:00,164.4,42,bid,FlawlessFlatbreads,EarnestEspressos,8668295
2026-07-05T19:07:01.695873,2026-07-05T19:07:01.706964+00:00,164.1,49,ask,EarnestEspressos,CostlyCorianders,8668317
2026-07-05T19:07:03.250527,2026-07-05T19:07:03.263666+00:00,164.1,46,ask,EarnestEspressos,CostlyCorianders,8668339
2026-07-05T19:07:05.072421,2026-07-05T19:07:05.081133+00:00,163.8,8,ask,Zhangyue Shen,FlawlessFlatbreads,8668367
2026-07-05T19:07:05.072421,2026-07-05T19:07:05.081133+00:00,163.7,42,ask,DiligentDonuts,FlawlessFlatbreads,8668368
2026-07-05T19:07:07.129300,2026-07-05T19:07:07.140955+00:00,164.1,50,bid,FlawlessFlatbreads,EarnestEspressos,8668396
2026-07-05T19:07:09.288204,2026-07-05T19:07:09.299930+00:00,163.8,50,ask,EarnestEspressos,FlawlessFlatbreads,8668421
2026-07-05T19:07:11.395279,2026-07-05T19:07:11.463678+00:00,163.6,8,ask,Zhangyue Shen,FlawlessFlatbreads,8668446
2026-07-05T19:07:11.395279,2026-07-05T19:07:11.463678+00:00,163.5,42,ask,DiligentDonuts,FlawlessFlatbreads,8668447
2026-07-05T19:07:11.558224,2026-07-05T19:07:11.569112+00:00,163.9,43,bid,CostlyCorianders,EarnestEspressos,8668449
2026-07-05T19:07:13.505216,2026-07-05T19:07:13.511806+00:00,163.4,50,ask,EarnestEspressos,FlawlessFlatbreads,8668473
2026-07-05T19:07:15.612283,2026-07-05T19:07:15.624085+00:00,163.5,8,ask,Zhangyue Shen,FlawlessFlatbreads,8668499
2026-07-05T19:07:15.612283,2026-07-05T19:07:15.624085+00:00,163.3,42,ask,DiligentDonuts,FlawlessFlatbreads,8668500
2026-07-05T19:07:16.812404,2026-07-05T19:07:16.823838+00:00,163.8,46,bid,CostlyCorianders,EarnestEspressos,8668511
2026-07-05T19:07:16.890565,2026-07-05T19:07:16.899663+00:00,163.8,3,bid,Xuanyu Liu,EarnestEspressos,8668514
2026-07-05T19:07:16.964289,2026-07-05T19:07:16.975954+00:00,163.8,100,bid,EarnestEspressos,DiligentDonuts,8668518
2026-07-05T19:07:17.721185,2026-07-05T19:07:17.732671+00:00,163.8,50,ask,EarnestEspressos,FlawlessFlatbreads,8668531
2026-07-05T19:07:20.191915,2026-07-05T19:07:20.200394+00:00,163.8,11,bid,Xuanyu Liu,EarnestEspressos,8668561
2026-07-05T19:07:20.991543,2026-07-05T19:07:21.000379+00:00,163.8,49,bid,CostlyCorianders,EarnestEspressos,8668574
2026-07-05T19:07:21.046004,2026-07-05T19:07:21.061647+00:00,163.7,48,ask,DiligentDonuts,CostlyCorianders,8668576
2026-07-05T19:07:21.052269,2026-07-05T19:07:21.061647+00:00,163.8,12,bid,Xuanyu Liu,EarnestEspressos,8668577
2026-07-05T19:07:21.512026,2026-07-05T19:07:21.519924+00:00,163.8,41,bid,CostlyCorianders,EarnestEspressos,8668587
2026-07-05T19:07:21.934610,2026-07-05T19:07:21.943358+00:00,163.7,50,ask,DiligentDonuts,FlawlessFlatbreads,8668590
2026-07-05T19:07:22.259953,2026-07-05T19:07:22.269409+00:00,163.8,11,bid,Xuanyu Liu,EarnestEspressos,8668596
2026-07-05T19:07:23.472605,2026-07-05T19:07:23.481027+00:00,163.9,11,ask,EarnestEspressos,Xuanyu Liu,8668611
2026-07-05T19:07:23.996190,2026-07-05T19:07:24.005552+00:00,163.9,48,ask,EarnestEspressos,CostlyCorianders,8668616
2026-07-05T19:07:24.054317,2026-07-05T19:07:24.056495+00:00,163.9,50,ask,EarnestEspressos,FlawlessFlatbreads,8668618
2026-07-05T19:07:25.152359,2026-07-05T19:07:25.164065+00:00,163.9,41,ask,EarnestEspressos,CostlyCorianders,8668638
2026-07-05T19:07:25.152359,2026-07-05T19:07:25.164065+00:00,163.6,8,ask,DiligentDonuts,CostlyCorianders,8668639
2026-07-05T19:07:26.160488,2026-07-05T19:07:26.171939+00:00,163.5,50,ask,DiligentDonuts,FlawlessFlatbreads,8668649
2026-07-05T19:07:26.524331,2026-07-05T19:07:26.534241+00:00,163.6,11,bid,Xuanyu Liu,EarnestEspressos,8668651
2026-07-05T19:07:27.770016,2026-07-05T19:07:27.781410+00:00,163.6,46,bid,CostlyCorianders,EarnestEspressos,8668660
2026-07-05T19:07:29.181558,2026-07-05T19:07:29.193186+00:00,163.1,40,ask,EarnestEspressos,CostlyCorianders,8668679
2026-07-05T19:07:30.353063,2026-07-05T19:07:30.364636+00:00,163.6,50,bid,FlawlessFlatbreads,DiligentDonuts,8668698
2026-07-05T19:07:30.755451,2026-07-05T19:07:30.767064+00:00,163.2,45,ask,EarnestEspressos,CostlyCorianders,8668702
2026-07-05T19:07:32.403578,2026-07-05T19:07:32.421674+00:00,163.7,45,bid,CostlyCorianders,EarnestEspressos,8668725
2026-07-05T19:07:32.517689,2026-07-05T19:07:32.527251+00:00,163.2,50,ask,EarnestEspressos,FlawlessFlatbreads,8668730
2026-07-05T19:07:33.111774,2026-07-05T19:07:33.123544+00:00,163.4,48,bid,CostlyCorianders,EarnestEspressos,8668745
2026-07-05T19:07:33.651646,2026-07-05T19:07:33.658575+00:00,163.4,45,bid,CostlyCorianders,EarnestEspressos,8668754
2026-07-05T19:07:34.529608,2026-07-05T19:07:34.541206+00:00,163.2,47,ask,DiligentDonuts,CostlyCorianders,8668767
2026-07-05T19:07:36.478252,2026-07-05T19:07:36.489804+00:00,163.2,44,ask,EarnestEspressos,CostlyCorianders,8668784
2026-07-05T19:07:36.731396,2026-07-05T19:07:36.743084+00:00,163.2,50,ask,EarnestEspressos,FlawlessFlatbreads,8668789
2026-07-05T19:07:37.424578,2026-07-05T19:07:37.436239+00:00,163.6,45,bid,CostlyCorianders,DiligentDonuts,8668797
2026-07-05T19:07:38.698353,2026-07-05T19:07:38.709933+00:00,163.2,42,ask,EarnestEspressos,CostlyCorianders,8668814
2026-07-05T19:07:39.174865,2026-07-05T19:07:39.182064+00:00,163.0,100,ask,DiligentDonuts,EarnestEspressos,8668822
2026-07-05T19:07:39.189799,2026-07-05T19:07:39.198794+00:00,163.0,23,bid,Xuanyu Liu,EarnestEspressos,8668823
2026-07-05T19:07:40.890913,2026-07-05T19:07:40.899947+00:00,163.0,27,bid,FlawlessFlatbreads,EarnestEspressos,8668843
2026-07-05T19:07:40.890913,2026-07-05T19:07:40.905176+00:00,163.5,23,bid,FlawlessFlatbreads,DiligentDonuts,8668844
2026-07-05T19:07:43.018785,2026-07-05T19:07:43.030348+00:00,163.3,50,bid,FlawlessFlatbreads,DiligentDonuts,8668874
2026-07-05T19:07:43.611666,2026-07-05T19:07:43.623557+00:00,163.3,42,bid,CostlyCorianders,DiligentDonuts,8668888
2026-07-05T19:07:45.126769,2026-07-05T19:07:45.138243+00:00,163.5,50,bid,FlawlessFlatbreads,DiligentDonuts,8668907
2026-07-05T19:07:45.664164,2026-07-05T19:07:45.673277+00:00,163.0,47,ask,DiligentDonuts,CostlyCorianders,8668913
2026-07-05T19:07:47.236801,2026-07-05T19:07:47.248658+00:00,163.5,50,bid,FlawlessFlatbreads,DiligentDonuts,8668928
2026-07-05T19:07:48.229291,2026-07-05T19:07:48.238005+00:00,163.1,11,ask,DiligentDonuts,Xuanyu Liu,8668937
2026-07-05T19:07:49.243530,2026-07-05T19:07:49.255075+00:00,163.1,46,ask,DiligentDonuts,CostlyCorianders,8668949
2026-07-05T19:07:49.343492,2026-07-05T19:07:49.352574+00:00,163.4,50,bid,FlawlessFlatbreads,EarnestEspressos,8668954
2026-07-05T19:07:51.477797,2026-07-05T19:07:51.486493+00:00,163.4,50,bid,FlawlessFlatbreads,EarnestEspressos,8668979
2026-07-05T19:07:51.780608,2026-07-05T19:07:51.786966+00:00,163.2,23,ask,EarnestEspressos,Xuanyu Liu,8668984
2026-07-05T19:07:53.585175,2026-07-05T19:07:53.595015+00:00,163.4,50,bid,FlawlessFlatbreads,DiligentDonuts,8669008
2026-07-05T19:07:55.692522,2026-07-05T19:07:55.703078+00:00,163.5,50,bid,FlawlessFlatbreads,DiligentDonuts,8669039
2026-07-05T19:07:57.291549,2026-07-05T19:07:57.299419+00:00,163.5,8,bid,CostlyCorianders,Zhangyue Shen,8669054
2026-07-05T19:07:57.291549,2026-07-05T19:07:57.299419+00:00,163.7,35,bid,CostlyCorianders,EarnestEspressos,8669055
2026-07-05T19:07:57.799402,2026-07-05T19:07:57.811212+00:00,163.7,50,bid,FlawlessFlatbreads,EarnestEspressos,8669063
2026-07-05T19:07:58.105973,2026-07-05T19:07:58.115349+00:00,163.4,23,ask,EarnestEspressos,Xuanyu Liu,8669069
2026-07-05T19:07:59.910759,2026-07-05T19:07:59.922587+00:00,163.7,50,bid,FlawlessFlatbreads,DiligentDonuts,8669093
2026-07-05T19:08:01.535285,2026-07-05T19:08:01.547314+00:00,163.5,3,ask,EarnestEspressos,Xuanyu Liu,8669104
2026-07-05T19:08:02.018740,2026-07-05T19:08:02.030408+00:00,163.7,8,bid,FlawlessFlatbreads,Zhangyue Shen,8669113
2026-07-05T19:08:02.018740,2026-07-05T19:08:02.030408+00:00,163.9,42,bid,FlawlessFlatbreads,DiligentDonuts,8669114
2026-07-05T19:08:04.132373,2026-07-05T19:08:04.140446+00:00,163.8,8,bid,FlawlessFlatbreads,Zhangyue Shen,8669139
2026-07-05T19:08:06.291788,2026-07-05T19:08:06.298631+00:00,163.3,50,ask,DiligentDonuts,FlawlessFlatbreads,8669162
2026-07-05T19:08:08.398226,2026-07-05T19:08:08.410213+00:00,163.1,50,ask,DiligentDonuts,FlawlessFlatbreads,8669187
2026-07-05T19:08:08.402927,2026-07-05T19:08:08.410213+00:00,163.1,42,ask,DiligentDonuts,CostlyCorianders,8669188
2026-07-05T19:08:09.488522,2026-07-05T19:08:09.500029+00:00,163.5,8,bid,CostlyCorianders,Zhangyue Shen,8669202
2026-07-05T19:08:09.488522,2026-07-05T19:08:09.500029+00:00,163.6,33,bid,CostlyCorianders,DiligentDonuts,8669203
2026-07-05T19:08:10.637961,2026-07-05T19:08:10.649697+00:00,163.2,44,ask,DiligentDonuts,CostlyCorianders,8669221
2026-07-05T19:08:12.615360,2026-07-05T19:08:12.627425+00:00,163.3,50,ask,EarnestEspressos,FlawlessFlatbreads,8669247
2026-07-05T19:08:12.946737,2026-07-05T19:08:12.953856+00:00,163.6,8,bid,CostlyCorianders,Zhangyue Shen,8669255
2026-07-05T19:08:12.946737,2026-07-05T19:08:12.953856+00:00,163.7,36,bid,CostlyCorianders,DiligentDonuts,8669256
2026-07-05T19:08:14.722571,2026-07-05T19:08:14.734133+00:00,163.1,50,ask,DiligentDonuts,FlawlessFlatbreads,8669281
2026-07-05T19:08:15.135753,2026-07-05T19:08:15.147520+00:00,163.5,8,bid,CostlyCorianders,Zhangyue Shen,8669286
2026-07-05T19:08:15.135753,2026-07-05T19:08:15.147520+00:00,163.5,41,bid,CostlyCorianders,EarnestEspressos,8669287
2026-07-05T19:08:18.931947,2026-07-05T19:08:18.943576+00:00,163.3,50,ask,EarnestEspressos,FlawlessFlatbreads,8669343
2026-07-05T19:08:20.520731,2026-07-05T19:08:20.532394+00:00,163.2,8,ask,Zhangyue Shen,CostlyCorianders,8669361
2026-07-05T19:08:20.520731,2026-07-05T19:08:20.532394+00:00,163.2,35,ask,EarnestEspressos,CostlyCorianders,8669362
2026-07-05T19:08:20.987612,2026-07-05T19:08:20.999099+00:00,163.2,41,ask,EarnestEspressos,CostlyCorianders,8669372
2026-07-05T19:08:21.041311,2026-07-05T19:08:21.052681+00:00,163.2,50,ask,EarnestEspressos,FlawlessFlatbreads,8669374
2026-07-05T19:08:23.146957,2026-07-05T19:08:23.158905+00:00,163.2,24,ask,EarnestEspressos,FlawlessFlatbreads,8669396
2026-07-05T19:08:23.146957,2026-07-05T19:08:23.158905+00:00,163.1,26,ask,DiligentDonuts,FlawlessFlatbreads,8669397
2026-07-05T19:08:23.466978,2026-07-05T19:08:23.478344+00:00,163.1,74,ask,DiligentDonuts,EarnestEspressos,8669402
2026-07-05T19:08:23.479625,2026-07-05T19:08:23.487910+00:00,163.1,26,bid,Xuanyu Liu,EarnestEspressos,8669403
2026-07-05T19:08:25.046267,2026-07-05T19:08:25.057801+00:00,163.1,41,bid,CostlyCorianders,EarnestEspressos,8669422
2026-07-05T19:08:25.206968,2026-07-05T19:08:25.217036+00:00,163.1,9,bid,FlawlessFlatbreads,EarnestEspressos,8669427
2026-07-05T19:08:25.206968,2026-07-05T19:08:25.217036+00:00,163.6,41,bid,FlawlessFlatbreads,DiligentDonuts,8669428
2026-07-05T19:08:27.255774,2026-07-05T19:08:27.267523+00:00,163.3,45,bid,CostlyCorianders,DiligentDonuts,8669451
2026-07-05T19:08:27.314539,2026-07-05T19:08:27.326441+00:00,163.3,50,bid,FlawlessFlatbreads,DiligentDonuts,8669454
2026-07-05T19:08:29.422333,2026-07-05T19:08:29.433924+00:00,163.6,8,bid,FlawlessFlatbreads,Zhangyue Shen,8669475
2026-07-05T19:08:29.422333,2026-07-05T19:08:29.433924+00:00,163.6,42,bid,FlawlessFlatbreads,DiligentDonuts,8669476
2026-07-05T19:08:29.821378,2026-07-05T19:08:29.830630+00:00,163.2,8,ask,Zhangyue Shen,CostlyCorianders,8669484
2026-07-05T19:08:29.821378,2026-07-05T19:08:29.830630+00:00,163.1,35,ask,DiligentDonuts,CostlyCorianders,8669485
2026-07-05T19:08:30.320308,2026-07-05T19:08:30.328743+00:00,163.6,49,bid,CostlyCorianders,DiligentDonuts,8669495
2026-07-05T19:08:30.374159,2026-07-05T19:08:30.381790+00:00,163.1,47,ask,DiligentDonuts,CostlyCorianders,8669496
2026-07-05T19:08:30.471524,2026-07-05T19:08:30.486356+00:00,163.1,12,ask,DiligentDonuts,Xuanyu Liu,8669502
2026-07-05T19:08:31.582671,2026-07-05T19:08:31.589969+00:00,163.1,6,ask,DiligentDonuts,FlawlessFlatbreads,8669513
2026-07-05T19:08:31.582671,2026-07-05T19:08:31.595324+00:00,163.1,44,ask,EarnestEspressos,FlawlessFlatbreads,8669514
2026-07-05T19:08:32.475250,2026-07-05T19:08:32.485458+00:00,163.1,11,ask,EarnestEspressos,Xuanyu Liu,8669530
2026-07-05T19:08:32.871197,2026-07-05T19:08:32.888350+00:00,163.0,8,ask,Zhangyue Shen,CostlyCorianders,8669536
2026-07-05T19:08:32.871197,2026-07-05T19:08:32.888350+00:00,162.8,41,ask,DiligentDonuts,CostlyCorianders,8669537
2026-07-05T19:08:33.948313,2026-07-05T19:08:33.958587+00:00,162.8,44,ask,DiligentDonuts,CostlyCorianders,8669554
2026-07-05T19:08:35.296937,2026-07-05T19:08:35.305021+00:00,162.6,100,ask,EarnestEspressos,DiligentDonuts,8669572
2026-07-05T19:08:35.742939,2026-07-05T19:08:35.754520+00:00,162.9,8,bid,FlawlessFlatbreads,Zhangyue Shen,8669579
2026-07-05T19:08:35.742939,2026-07-05T19:08:35.754520+00:00,163.1,42,bid,FlawlessFlatbreads,EarnestEspressos,8669580
2026-07-05T19:08:36.115859,2026-07-05T19:08:36.126767+00:00,162.6,8,ask,Zhangyue Shen,EarnestEspressos,8669587
2026-07-05T19:08:36.127964,2026-07-05T19:08:36.137438+00:00,162.6,11,bid,Xuanyu Liu,EarnestEspressos,8669588
2026-07-05T19:08:37.915839,2026-07-05T19:08:37.927550+00:00,162.4,8,ask,Zhangyue Shen,FlawlessFlatbreads,8669616
2026-07-05T19:08:37.915839,2026-07-05T19:08:37.927550+00:00,162.2,42,ask,EarnestEspressos,FlawlessFlatbreads,8669617
2026-07-05T19:08:38.432442,2026-07-05T19:08:38.440039+00:00,162.6,44,bid,CostlyCorianders,EarnestEspressos,8669630
2026-07-05T19:08:38.520065,2026-07-05T19:08:38.528707+00:00,162.6,12,bid,Xuanyu Liu,EarnestEspressos,8669634
2026-07-05T19:08:38.591990,2026-07-05T19:08:38.601314+00:00,162.6,8,bid,Zhangyue Shen,EarnestEspressos,8669637
2026-07-05T19:08:40.022285,2026-07-05T19:08:40.034336+00:00,162.5,50,ask,DiligentDonuts,FlawlessFlatbreads,8669659
2026-07-05T19:08:42.132557,2026-07-05T19:08:42.142101+00:00,162.5,8,ask,Zhangyue Shen,FlawlessFlatbreads,8669682
2026-07-05T19:08:42.132557,2026-07-05T19:08:42.142101+00:00,162.4,42,ask,EarnestEspressos,FlawlessFlatbreads,8669683
2026-07-05T19:08:42.184534,2026-07-05T19:08:42.196187+00:00,162.8,47,bid,CostlyCorianders,DiligentDonuts,8669685
2026-07-05T19:08:43.693947,2026-07-05T19:08:43.704282+00:00,162.7,46,bid,CostlyCorianders,EarnestEspressos,8669712
2026-07-05T19:08:46.293506,2026-07-05T19:08:46.304133+00:00,162.7,50,bid,FlawlessFlatbreads,EarnestEspressos,8669746
2026-07-05T19:08:48.464619,2026-07-05T19:08:48.474719+00:00,162.3,8,ask,Zhangyue Shen,FlawlessFlatbreads,8669768
2026-07-05T19:08:48.464619,2026-07-05T19:08:48.474719+00:00,162.2,42,ask,EarnestEspressos,FlawlessFlatbreads,8669769
2026-07-05T19:08:50.520598,2026-07-05T19:08:50.532416+00:00,162.6,50,bid,FlawlessFlatbreads,EarnestEspressos,8669796
2026-07-05T19:08:50.602677,2026-07-05T19:08:50.616465+00:00,162.2,46,ask,DiligentDonuts,CostlyCorianders,8669801
2026-07-05T19:08:52.685826,2026-07-05T19:08:52.696341+00:00,162.1,50,ask,DiligentDonuts,FlawlessFlatbreads,8669832
2026-07-05T19:08:52.814916,2026-07-05T19:08:52.826493+00:00,162.5,44,bid,CostlyCorianders,EarnestEspressos,8669834
2026-07-05T19:08:54.714883,2026-07-05T19:08:54.726858+00:00,162.2,43,ask,DiligentDonuts,CostlyCorianders,8669861
2026-07-05T19:08:54.824285,2026-07-05T19:08:54.835521+00:00,162.2,50,ask,DiligentDonuts,FlawlessFlatbreads,8669862
2026-07-05T19:08:55.059593,2026-07-05T19:08:55.071260+00:00,162.6,12,ask,EarnestEspressos,Xuanyu Liu,8669864
2026-07-05T19:08:56.704087,2026-07-05T19:08:56.713132+00:00,162.6,11,ask,EarnestEspressos,Xuanyu Liu,8669887
2026-07-05T19:08:56.931189,2026-07-05T19:08:56.943004+00:00,162.6,50,ask,EarnestEspressos,FlawlessFlatbreads,8669891
2026-07-05T19:08:57.443039,2026-07-05T19:08:57.454868+00:00,162.6,77,ask,EarnestEspressos,DiligentDonuts,8669899
2026-07-05T19:08:57.459617,2026-07-05T19:08:57.468789+00:00,162.2,23,bid,Xuanyu Liu,DiligentDonuts,8669900
2026-07-05T19:08:58.292729,2026-07-05T19:08:58.301853+00:00,162.3,40,bid,CostlyCorianders,EarnestEspressos,8669911
2026-07-05T19:08:58.988567,2026-07-05T19:08:59.000172+00:00,162.3,50,bid,FlawlessFlatbreads,EarnestEspressos,8669916
2026-07-05T19:08:59.407510,2026-07-05T19:08:59.419313+00:00,162.3,44,bid,CostlyCorianders,EarnestEspressos,8669924
2026-07-05T19:09:00.503938,2026-07-05T19:09:00.513143+00:00,161.8,45,ask,EarnestEspressos,CostlyCorianders,8669942
2026-07-05T19:09:01.125279,2026-07-05T19:09:01.136847+00:00,162.3,16,bid,FlawlessFlatbreads,EarnestEspressos,8669947
2026-07-05T19:09:01.125279,2026-07-05T19:09:01.136847+00:00,162.6,34,bid,FlawlessFlatbreads,DiligentDonuts,8669948
2026-07-05T19:09:02.579767,2026-07-05T19:09:02.591848+00:00,162.3,41,ask,EarnestEspressos,CostlyCorianders,8669971
2026-07-05T19:09:02.691382,2026-07-05T19:09:02.700033+00:00,162.3,12,ask,EarnestEspressos,Xuanyu Liu,8669973
2026-07-05T19:09:03.248688,2026-07-05T19:09:03.258575+00:00,162.3,14,ask,EarnestEspressos,Xuanyu Liu,8669983
2026-07-05T19:09:03.773867,2026-07-05T19:09:03.780443+00:00,162.3,83,ask,EarnestEspressos,DiligentDonuts,8669992
2026-07-05T19:09:04.580251,2026-07-05T19:09:04.589463+00:00,161.8,100,ask,DiligentDonuts,EarnestEspressos,8670005
2026-07-05T19:09:04.590691,2026-07-05T19:09:04.598792+00:00,161.8,26,bid,Xuanyu Liu,EarnestEspressos,8670006
2026-07-05T19:09:05.356308,2026-07-05T19:09:05.363837+00:00,161.8,24,bid,FlawlessFlatbreads,EarnestEspressos,8670013
2026-07-05T19:09:05.356308,2026-07-05T19:09:05.369374+00:00,162.3,17,bid,FlawlessFlatbreads,DiligentDonuts,8670014
2026-07-05T19:09:05.356308,2026-07-05T19:09:05.369374+00:00,162.5,8,bid,FlawlessFlatbreads,Zhangyue Shen,8670015
2026-07-05T19:09:07.468657,2026-07-05T19:09:07.476978+00:00,162.4,50,bid,FlawlessFlatbreads,DiligentDonuts,8670054
2026-07-05T19:09:09.645927,2026-07-05T19:09:09.663645+00:00,162.0,8,ask,Zhangyue Shen,FlawlessFlatbreads,8670084
2026-07-05T19:09:09.645927,2026-07-05T19:09:09.663645+00:00,162.0,42,ask,EarnestEspressos,FlawlessFlatbreads,8670085
2026-07-05T19:09:09.945205,2026-07-05T19:09:09.958577+00:00,162.4,45,bid,CostlyCorianders,DiligentDonuts,8670091
2026-07-05T19:09:10.017149,2026-07-05T19:09:10.025710+00:00,162.0,12,ask,EarnestEspressos,Xuanyu Liu,8670093
2026-07-05T19:09:10.575293,2026-07-05T19:09:10.586942+00:00,162.0,14,ask,EarnestEspressos,Xuanyu Liu,8670100
2026-07-05T19:09:10.900729,2026-07-05T19:09:10.908136+00:00,162.0,100,ask,DiligentDonuts,EarnestEspressos,8670103
2026-07-05T19:09:10.914592,2026-07-05T19:09:10.923347+00:00,161.8,3,bid,Xuanyu Liu,EarnestEspressos,8670104
2026-07-05T19:09:11.703771,2026-07-05T19:09:11.758618+00:00,161.8,47,bid,FlawlessFlatbreads,EarnestEspressos,8670116
2026-07-05T19:09:11.703771,2026-07-05T19:09:11.758618+00:00,162.2,3,bid,FlawlessFlatbreads,Zhangyue Shen,8670117
2026-07-05T19:09:13.073866,2026-07-05T19:09:13.085907+00:00,161.3,48,ask,EarnestEspressos,CostlyCorianders,8670136
2026-07-05T19:09:13.832255,2026-07-05T19:09:13.843793+00:00,161.7,50,bid,FlawlessFlatbreads,DiligentDonuts,8670149
2026-07-05T19:09:14.008702,2026-07-05T19:09:14.017609+00:00,161.7,50,bid,EarnestEspressos,DiligentDonuts,8670155
2026-07-05T19:09:16.004324,2026-07-05T19:09:16.015101+00:00,161.7,50,ask,EarnestEspressos,FlawlessFlatbreads,8670169
2026-07-05T19:09:17.237967,2026-07-05T19:09:17.248468+00:00,161.7,3,ask,Zhangyue Shen,EarnestEspressos,8670190
2026-07-05T19:09:18.112104,2026-07-05T19:09:18.122454+00:00,161.5,50,ask,DiligentDonuts,FlawlessFlatbreads,8670196
2026-07-05T19:09:19.842442,2026-07-05T19:09:19.854191+00:00,161.6,47,bid,CostlyCorianders,EarnestEspressos,8670222
2026-07-05T19:09:20.165293,2026-07-05T19:09:20.176938+00:00,161.6,50,bid,FlawlessFlatbreads,EarnestEspressos,8670226
2026-07-05T19:09:21.586400,2026-07-05T19:09:21.594633+00:00,161.3,3,ask,DiligentDonuts,Xuanyu Liu,8670259
2026-07-05T19:09:22.378657,2026-07-05T19:09:22.390166+00:00,161.3,50,ask,DiligentDonuts,FlawlessFlatbreads,8670264
2026-07-05T19:09:22.739049,2026-07-05T19:09:22.750531+00:00,161.2,100,ask,EarnestEspressos,DiligentDonuts,8670271
2026-07-05T19:09:24.198207,2026-07-05T19:09:24.209209+00:00,161.2,3,bid,Xuanyu Liu,EarnestEspressos,8670289
2026-07-05T19:09:24.550679,2026-07-05T19:09:24.559177+00:00,161.2,11,bid,Xuanyu Liu,EarnestEspressos,8670295
2026-07-05T19:09:25.203146,2026-07-05T19:09:25.215022+00:00,160.7,40,ask,DiligentDonuts,CostlyCorianders,8670307
2026-07-05T19:09:25.848527,2026-07-05T19:09:25.860322+00:00,161.2,100,bid,DiligentDonuts,EarnestEspressos,8670311
2026-07-05T19:09:26.567945,2026-07-05T19:09:26.576222+00:00,161.2,36,bid,CostlyCorianders,EarnestEspressos,8670319
2026-07-05T19:09:26.567945,2026-07-05T19:09:26.581605+00:00,161.7,8,bid,CostlyCorianders,DiligentDonuts,8670320
2026-07-05T19:09:26.593920,2026-07-05T19:09:26.605666+00:00,160.7,50,ask,EarnestEspressos,FlawlessFlatbreads,8670321
2026-07-05T19:09:28.702441,2026-07-05T19:09:28.712941+00:00,161.3,50,ask,EarnestEspressos,FlawlessFlatbreads,8670350
2026-07-05T19:09:30.758527,2026-07-05T19:09:30.770097+00:00,161.4,50,bid,FlawlessFlatbreads,DiligentDonuts,8670373
2026-07-05T19:09:37.506674,2026-07-05T19:09:37.518600+00:00,161.0,46,ask,DiligentDonuts,CostlyCorianders,8670445
2026-07-05T19:09:39.239612,2026-07-05T19:09:39.246501+00:00,161.0,50,ask,EarnestEspressos,FlawlessFlatbreads,8670473
2026-07-05T19:09:41.350168,2026-07-05T19:09:41.359261+00:00,160.7,50,ask,DiligentDonuts,FlawlessFlatbreads,8670509
2026-07-05T19:09:43.455829,2026-07-05T19:09:43.467609+00:00,160.7,50,ask,DiligentDonuts,FlawlessFlatbreads,8670530
2026-07-05T19:09:44.907657,2026-07-05T19:09:44.917955+00:00,160.9,12,bid,Xuanyu Liu,DiligentDonuts,8670553
2026-07-05T19:09:45.562075,2026-07-05T19:09:45.569952+00:00,160.7,50,ask,EarnestEspressos,FlawlessFlatbreads,8670567
2026-07-05T19:09:46.495584,2026-07-05T19:09:46.504451+00:00,160.7,41,bid,CostlyCorianders,EarnestEspressos,8670572
2026-07-05T19:09:46.510877,2026-07-05T19:09:46.520322+00:00,160.7,34,bid,Xuanyu Liu,EarnestEspressos,8670574
2026-07-05T19:09:47.198431,2026-07-05T19:09:47.210407+00:00,160.7,42,bid,CostlyCorianders,EarnestEspressos,8670581
2026-07-05T19:09:47.669829,2026-07-05T19:09:47.686006+00:00,160.4,50,ask,DiligentDonuts,FlawlessFlatbreads,8670589
2026-07-05T19:09:48.847603,2026-07-05T19:09:48.854514+00:00,160.8,100,bid,EarnestEspressos,DiligentDonuts,8670606
2026-07-05T19:09:48.860919,2026-07-05T19:09:48.869969+00:00,160.9,23,ask,EarnestEspressos,Xuanyu Liu,8670607
2026-07-05T19:09:49.778325,2026-07-05T19:09:49.784985+00:00,160.9,27,ask,EarnestEspressos,FlawlessFlatbreads,8670618
2026-07-05T19:09:49.778325,2026-07-05T19:09:49.789951+00:00,160.3,23,ask,DiligentDonuts,FlawlessFlatbreads,8670619
2026-07-05T19:09:51.885872,2026-07-05T19:09:51.897429+00:00,160.5,50,ask,DiligentDonuts,FlawlessFlatbreads,8670645
2026-07-05T19:09:53.607196,2026-07-05T19:09:53.616262+00:00,160.5,42,ask,DiligentDonuts,CostlyCorianders,8670667
2026-07-05T19:09:53.994454,2026-07-05T19:09:54.005941+00:00,160.5,8,ask,DiligentDonuts,FlawlessFlatbreads,8670671
2026-07-05T19:09:53.994454,2026-07-05T19:09:54.005941+00:00,160.3,42,ask,EarnestEspressos,FlawlessFlatbreads,8670672
2026-07-05T19:09:54.765103,2026-07-05T19:09:54.775288+00:00,160.3,45,ask,EarnestEspressos,CostlyCorianders,8670681
2026-07-05T19:09:55.238058,2026-07-05T19:09:55.248314+00:00,160.5,23,bid,Xuanyu Liu,EarnestEspressos,8670688
2026-07-05T19:09:56.051426,2026-07-05T19:09:56.058556+00:00,160.5,50,bid,FlawlessFlatbreads,EarnestEspressos,8670701
2026-07-05T19:09:56.880036,2026-07-05T19:09:56.889127+00:00,160.5,46,bid,CostlyCorianders,EarnestEspressos,8670707
2026-07-05T19:09:57.435421,2026-07-05T19:09:57.446953+00:00,160.2,41,ask,DiligentDonuts,CostlyCorianders,8670711
2026-07-05T19:09:58.159561,2026-07-05T19:09:58.170910+00:00,160.2,50,bid,FlawlessFlatbreads,DiligentDonuts,8670723
2026-07-05T19:10:00.265763,2026-07-05T19:10:00.277451+00:00,160.2,50,bid,FlawlessFlatbreads,DiligentDonuts,8670744
2026-07-05T19:10:02.054581,2026-07-05T19:10:02.075422+00:00,160.3,48,bid,CostlyCorianders,DiligentDonuts,8670764
2026-07-05T19:10:02.373342,2026-07-05T19:10:02.384975+00:00,160.3,50,bid,FlawlessFlatbreads,DiligentDonuts,8670770
2026-07-05T19:10:04.484654,2026-07-05T19:10:04.494899+00:00,160.6,50,bid,FlawlessFlatbreads,EarnestEspressos,8670791
2026-07-05T19:10:04.736742,2026-07-05T19:10:04.748300+00:00,160.2,44,ask,DiligentDonuts,CostlyCorianders,8670792
2026-07-05T19:10:05.201518,2026-07-05T19:10:05.212940+00:00,160.2,47,ask,DiligentDonuts,CostlyCorianders,8670799
2026-07-05T19:10:05.702500,2026-07-05T19:10:05.711456+00:00,160.7,42,bid,CostlyCorianders,DiligentDonuts,8670805
2026-07-05T19:10:06.593170,2026-07-05T19:10:06.601998+00:00,160.7,50,bid,FlawlessFlatbreads,DiligentDonuts,8670812
2026-07-05T19:10:07.726880,2026-07-05T19:10:07.738439+00:00,160.7,43,bid,CostlyCorianders,EarnestEspressos,8670825
2026-07-05T19:10:07.824763,2026-07-05T19:10:07.833199+00:00,160.4,11,ask,EarnestEspressos,Xuanyu Liu,8670827
2026-07-05T19:10:08.699746,2026-07-05T19:10:08.711092+00:00,160.7,50,bid,FlawlessFlatbreads,DiligentDonuts,8670841
2026-07-05T19:10:09.292720,2026-07-05T19:10:09.301332+00:00,160.4,49,ask,EarnestEspressos,CostlyCorianders,8670845
2026-07-05T19:10:10.806928,2026-07-05T19:10:10.815337+00:00,160.9,50,bid,FlawlessFlatbreads,EarnestEspressos,8670858
2026-07-05T19:10:11.740598,2026-07-05T19:10:11.749673+00:00,161.0,47,bid,CostlyCorianders,DiligentDonuts,8670876
2026-07-05T19:10:12.936606,2026-07-05T19:10:12.948025+00:00,161.0,50,bid,FlawlessFlatbreads,DiligentDonuts,8670894
2026-07-05T19:10:13.348236,2026-07-05T19:10:13.356690+00:00,160.9,35,ask,DiligentDonuts,Xuanyu Liu,8670900
2026-07-05T19:10:15.044110,2026-07-05T19:10:15.058584+00:00,161.1,8,bid,FlawlessFlatbreads,Zhangyue Shen,8670925
2026-07-05T19:10:15.044110,2026-07-05T19:10:15.058584+00:00,161.1,42,bid,FlawlessFlatbreads,EarnestEspressos,8670926
2026-07-05T19:10:15.080520,2026-07-05T19:10:15.090687+00:00,160.9,46,ask,DiligentDonuts,CostlyCorianders,8670929
2026-07-05T19:10:16.441368,2026-07-05T19:10:16.448495+00:00,160.8,8,ask,Zhangyue Shen,CostlyCorianders,8670952
2026-07-05T19:10:17.176960,2026-07-05T19:10:17.185124+00:00,161.1,50,bid,FlawlessFlatbreads,EarnestEspressos,8670961
2026-07-05T19:10:19.094318,2026-07-05T19:10:19.101182+00:00,161.3,43,bid,CostlyCorianders,DiligentDonuts,8670985
2026-07-05T19:10:19.287697,2026-07-05T19:10:19.299500+00:00,161.3,50,bid,FlawlessFlatbreads,DiligentDonuts,8670989
2026-07-05T19:10:19.597537,2026-07-05T19:10:19.607601+00:00,161.3,7,bid,CostlyCorianders,DiligentDonuts,8671002
2026-07-05T19:10:20.629786,2026-07-05T19:10:20.638399+00:00,161.4,11,ask,DiligentDonuts,Xuanyu Liu,8671013
2026-07-05T19:10:21.447676,2026-07-05T19:10:21.463972+00:00,161.4,50,ask,DiligentDonuts,FlawlessFlatbreads,8671024
2026-07-05T19:10:22.233816,2026-07-05T19:10:22.245413+00:00,161.4,39,ask,DiligentDonuts,CostlyCorianders,8671036
2026-07-05T19:10:22.233816,2026-07-05T19:10:22.245413+00:00,161.4,5,ask,EarnestEspressos,CostlyCorianders,8671037
2026-07-05T19:10:25.659296,2026-07-05T19:10:25.670651+00:00,161.4,50,ask,EarnestEspressos,FlawlessFlatbreads,8671084
2026-07-05T19:10:26.302831,2026-07-05T19:10:26.314159+00:00,161.5,8,bid,CostlyCorianders,Zhangyue Shen,8671099
2026-07-05T19:10:26.302831,2026-07-05T19:10:26.314159+00:00,161.5,41,bid,CostlyCorianders,DiligentDonuts,8671100
2026-07-05T19:10:27.766102,2026-07-05T19:10:27.773971+00:00,161.1,50,ask,EarnestEspressos,FlawlessFlatbreads,8671110
2026-07-05T19:10:29.883336,2026-07-05T19:10:29.894115+00:00,161.3,50,ask,DiligentDonuts,FlawlessFlatbreads,8671135
2026-07-05T19:10:31.649378,2026-07-05T19:10:31.663841+00:00,161.3,41,ask,DiligentDonuts,CostlyCorianders,8671163
2026-07-05T19:10:31.992718,2026-07-05T19:10:32.001798+00:00,161.3,9,ask,DiligentDonuts,FlawlessFlatbreads,8671171
2026-07-05T19:10:31.992718,2026-07-05T19:10:32.001798+00:00,161.2,8,ask,Zhangyue Shen,FlawlessFlatbreads,8671172
2026-07-05T19:10:31.992718,2026-07-05T19:10:32.007021+00:00,161.0,33,ask,EarnestEspressos,FlawlessFlatbreads,8671173
2026-07-05T19:10:33.826009,2026-07-05T19:10:33.838058+00:00,161.4,43,bid,CostlyCorianders,EarnestEspressos,8671198
2026-07-05T19:10:34.103203,2026-07-05T19:10:34.114303+00:00,161.0,50,ask,DiligentDonuts,FlawlessFlatbreads,8671203
2026-07-05T19:10:36.210302,2026-07-05T19:10:36.220084+00:00,160.9,50,ask,EarnestEspressos,FlawlessFlatbreads,8671233
2026-07-05T19:10:36.375548,2026-07-05T19:10:36.383884+00:00,161.0,23,bid,Xuanyu Liu,DiligentDonuts,8671234
2026-07-05T19:10:36.763600,2026-07-05T19:10:36.775203+00:00,160.6,45,ask,EarnestEspressos,CostlyCorianders,8671239
2026-07-05T19:10:37.186808,2026-07-05T19:10:37.195320+00:00,161.0,11,bid,Xuanyu Liu,DiligentDonuts,8671242
2026-07-05T19:10:38.316197,2026-07-05T19:10:38.327701+00:00,160.6,50,ask,EarnestEspressos,FlawlessFlatbreads,8671255
2026-07-05T19:10:38.894990,2026-07-05T19:10:38.906699+00:00,161.1,44,bid,CostlyCorianders,EarnestEspressos,8671259
2026-07-05T19:10:40.388705,2026-07-05T19:10:40.396122+00:00,160.9,46,ask,DiligentDonuts,CostlyCorianders,8671279
2026-07-05T19:10:40.424095,2026-07-05T19:10:40.435726+00:00,160.9,50,ask,DiligentDonuts,FlawlessFlatbreads,8671280
2026-07-05T19:10:42.534070,2026-07-05T19:10:42.543480+00:00,160.6,50,ask,EarnestEspressos,FlawlessFlatbreads,8671306
2026-07-05T19:10:42.671109,2026-07-05T19:10:42.680692+00:00,160.8,12,bid,Xuanyu Liu,EarnestEspressos,8671308
2026-07-05T19:10:42.918263,2026-07-05T19:10:42.927178+00:00,160.8,11,bid,Xuanyu Liu,EarnestEspressos,8671310
2026-07-05T19:10:44.228869,2026-07-05T19:10:44.238713+00:00,160.8,11,bid,Xuanyu Liu,EarnestEspressos,8671324
2026-07-05T19:10:44.304330,2026-07-05T19:10:44.315926+00:00,160.8,45,bid,CostlyCorianders,EarnestEspressos,8671327
2026-07-05T19:10:44.645646,2026-07-05T19:10:44.657062+00:00,160.4,50,ask,DiligentDonuts,FlawlessFlatbreads,8671331
2026-07-05T19:10:44.761031,2026-07-05T19:10:44.772773+00:00,160.8,44,bid,CostlyCorianders,EarnestEspressos,8671333
2026-07-05T19:10:45.365839,2026-07-05T19:10:45.377332+00:00,160.5,42,ask,DiligentDonuts,CostlyCorianders,8671344
2026-07-05T19:10:46.755207,2026-07-05T19:10:46.758551+00:00,160.8,50,ask,EarnestEspressos,FlawlessFlatbreads,8671356
2026-07-05T19:10:46.894833,2026-07-05T19:10:46.902048+00:00,160.8,42,ask,EarnestEspressos,CostlyCorianders,8671360
2026-07-05T19:10:48.860873,2026-07-05T19:10:48.872706+00:00,160.8,50,ask,EarnestEspressos,FlawlessFlatbreads,8671373
2026-07-05T19:10:49.480443,2026-07-05T19:10:49.490967+00:00,160.8,46,bid,CostlyCorianders,EarnestEspressos,8671379
2026-07-05T19:10:50.969919,2026-07-05T19:10:50.981319+00:00,160.5,50,ask,DiligentDonuts,FlawlessFlatbreads,8671393
2026-07-05T19:10:51.359598,2026-07-05T19:10:51.369077+00:00,160.5,12,bid,Xuanyu Liu,DiligentDonuts,8671397
2026-07-05T19:10:52.944250,2026-07-05T19:10:52.955832+00:00,160.3,42,ask,EarnestEspressos,CostlyCorianders,8671420
2026-07-05T19:10:53.077360,2026-07-05T19:10:53.088895+00:00,160.3,50,ask,EarnestEspressos,FlawlessFlatbreads,8671423
2026-07-05T19:10:55.133259,2026-07-05T19:10:55.144781+00:00,160.6,50,bid,FlawlessFlatbreads,DiligentDonuts,8671449
2026-07-05T19:10:56.047846,2026-07-05T19:10:56.057555+00:00,160.6,11,bid,Xuanyu Liu,DiligentDonuts,8671455
2026-07-05T19:10:56.079496,2026-07-05T19:10:56.091418+00:00,160.6,39,bid,CostlyCorianders,DiligentDonuts,8671457
2026-07-05T19:10:56.079496,2026-07-05T19:10:56.091418+00:00,160.6,7,bid,CostlyCorianders,EarnestEspressos,8671458
2026-07-05T19:10:57.242145,2026-07-05T19:10:57.253669+00:00,160.6,50,bid,FlawlessFlatbreads,EarnestEspressos,8671470
2026-07-05T19:10:58.546256,2026-07-05T19:10:58.552584+00:00,160.8,43,bid,CostlyCorianders,EarnestEspressos,8671487
2026-07-05T19:10:59.772200,2026-07-05T19:10:59.783746+00:00,160.5,47,ask,DiligentDonuts,CostlyCorianders,8671500
2026-07-05T19:11:00.404471,2026-07-05T19:11:00.416335+00:00,160.5,47,ask,DiligentDonuts,CostlyCorianders,8671506
2026-07-05T19:11:01.503133,2026-07-05T19:11:01.514773+00:00,160.3,50,ask,EarnestEspressos,FlawlessFlatbreads,8671523
2026-07-05T19:11:03.610336,2026-07-05T19:11:03.617459+00:00,160.3,50,ask,EarnestEspressos,FlawlessFlatbreads,8671539
2026-07-05T19:11:03.996530,2026-07-05T19:11:04.008208+00:00,160.8,48,bid,CostlyCorianders,EarnestEspressos,8671550
2026-07-05T19:11:04.620105,2026-07-05T19:11:04.631997+00:00,160.7,40,bid,CostlyCorianders,DiligentDonuts,8671560
2026-07-05T19:11:05.717604,2026-07-05T19:11:05.729230+00:00,160.5,50,ask,EarnestEspressos,FlawlessFlatbreads,8671574
2026-07-05T19:11:06.747508,2026-07-05T19:11:06.758556+00:00,160.5,40,ask,EarnestEspressos,CostlyCorianders,8671583
2026-07-05T19:11:07.249907,2026-07-05T19:11:07.258563+00:00,160.5,43,ask,EarnestEspressos,CostlyCorianders,8671588
2026-07-05T19:11:07.824946,2026-07-05T19:11:07.836297+00:00,160.5,17,ask,EarnestEspressos,FlawlessFlatbreads,8671594
2026-07-05T19:11:07.824946,2026-07-05T19:11:07.836297+00:00,160.3,33,ask,DiligentDonuts,FlawlessFlatbreads,8671595
2026-07-05T19:11:07.980905,2026-07-05T19:11:08.023547+00:00,160.3,67,ask,DiligentDonuts,EarnestEspressos,8671602
2026-07-05T19:11:08.014638,2026-07-05T19:11:08.023547+00:00,160.2,6,bid,Xuanyu Liu,EarnestEspressos,8671603
2026-07-05T19:11:09.932750,2026-07-05T19:11:09.940183+00:00,159.7,50,ask,EarnestEspressos,FlawlessFlatbreads,8671621
2026-07-05T19:11:14.091438,2026-07-05T19:11:14.103371+00:00,160.1,50,bid,FlawlessFlatbreads,EarnestEspressos,8671655
2026-07-05T19:11:16.197151,2026-07-05T19:11:16.205079+00:00,160.2,50,bid,FlawlessFlatbreads,EarnestEspressos,8671675
2026-07-05T19:11:18.208565,2026-07-05T19:11:18.218029+00:00,160.3,47,bid,CostlyCorianders,DiligentDonuts,8671704
2026-07-05T19:11:18.319281,2026-07-05T19:11:18.331376+00:00,160.3,50,bid,FlawlessFlatbreads,DiligentDonuts,8671709
2026-07-05T19:11:20.428306,2026-07-05T19:11:20.440033+00:00,160.5,50,bid,FlawlessFlatbreads,EarnestEspressos,8671734
2026-07-05T19:11:21.474116,2026-07-05T19:11:21.485633+00:00,160.5,48,bid,CostlyCorianders,DiligentDonuts,8671750
2026-07-05T19:11:22.546665,2026-07-05T19:11:22.561334+00:00,160.5,50,bid,FlawlessFlatbreads,DiligentDonuts,8671763
2026-07-05T19:11:24.657097,2026-07-05T19:11:24.668749+00:00,160.6,50,bid,FlawlessFlatbreads,EarnestEspressos,8671791
2026-07-05T19:11:26.779495,2026-07-05T19:11:26.787724+00:00,160.6,50,bid,FlawlessFlatbreads,EarnestEspressos,8671817
2026-07-05T19:11:26.942447,2026-07-05T19:11:26.950692+00:00,160.5,17,ask,EarnestEspressos,Xuanyu Liu,8671820
2026-07-05T19:11:27.447099,2026-07-05T19:11:27.453348+00:00,160.5,49,ask,EarnestEspressos,CostlyCorianders,8671823
2026-07-05T19:11:28.888407,2026-07-05T19:11:28.899840+00:00,160.8,50,bid,FlawlessFlatbreads,DiligentDonuts,8671837
2026-07-05T19:11:29.550838,2026-07-05T19:11:29.557323+00:00,160.5,46,ask,EarnestEspressos,CostlyCorianders,8671846
2026-07-05T19:11:30.995121,2026-07-05T19:11:31.005934+00:00,160.7,50,bid,FlawlessFlatbreads,EarnestEspressos,8671863
2026-07-05T19:11:32.451933,2026-07-05T19:11:32.458634+00:00,160.7,100,bid,DiligentDonuts,EarnestEspressos,8671885
2026-07-05T19:11:33.101225,2026-07-05T19:11:33.112838+00:00,161.1,8,bid,FlawlessFlatbreads,Zhangyue Shen,8671894
2026-07-05T19:11:33.101225,2026-07-05T19:11:33.112838+00:00,161.2,42,bid,FlawlessFlatbreads,DiligentDonuts,8671895
2026-07-05T19:11:33.269924,2026-07-05T19:11:33.278472+00:00,160.7,23,ask,EarnestEspressos,Xuanyu Liu,8671898
2026-07-05T19:11:34.099053,2026-07-05T19:11:34.108481+00:00,161.1,8,bid,CostlyCorianders,Zhangyue Shen,8671911
2026-07-05T19:11:34.099053,2026-07-05T19:11:34.108481+00:00,161.2,36,bid,CostlyCorianders,DiligentDonuts,8671912
2026-07-05T19:11:35.072226,2026-07-05T19:11:35.083855+00:00,160.7,48,ask,EarnestEspressos,CostlyCorianders,8671922
2026-07-05T19:11:35.207959,2026-07-05T19:11:35.217551+00:00,161.2,22,bid,FlawlessFlatbreads,DiligentDonuts,8671925
2026-07-05T19:11:35.207959,2026-07-05T19:11:35.217551+00:00,161.2,28,bid,FlawlessFlatbreads,EarnestEspressos,8671926
2026-07-05T19:11:37.329721,2026-07-05T19:11:37.341434+00:00,161.0,50,bid,FlawlessFlatbreads,DiligentDonuts,8671957
2026-07-05T19:11:38.788383,2026-07-05T19:11:38.800056+00:00,161.0,8,bid,CostlyCorianders,Zhangyue Shen,8671973
2026-07-05T19:11:38.788383,2026-07-05T19:11:38.800056+00:00,161.0,34,bid,CostlyCorianders,EarnestEspressos,8671974
2026-07-05T19:11:39.436732,2026-07-05T19:11:39.458557+00:00,161.0,50,bid,FlawlessFlatbreads,EarnestEspressos,8671981
2026-07-05T19:11:39.601591,2026-07-05T19:11:39.610120+00:00,160.8,23,ask,EarnestEspressos,Xuanyu Liu,8671983
2026-07-05T19:11:40.659574,2026-07-05T19:11:40.668229+00:00,160.8,11,ask,EarnestEspressos,Xuanyu Liu,8671994
2026-07-05T19:11:41.547959,2026-07-05T19:11:41.558591+00:00,161.1,50,bid,FlawlessFlatbreads,DiligentDonuts,8672008
2026-07-05T19:11:41.829548,2026-07-05T19:11:41.841194+00:00,160.8,49,ask,EarnestEspressos,CostlyCorianders,8672010
2026-07-05T19:11:43.496163,2026-07-05T19:11:43.508033+00:00,161.1,8,bid,CostlyCorianders,Zhangyue Shen,8672030
2026-07-05T19:11:43.496163,2026-07-05T19:11:43.508033+00:00,161.2,40,bid,CostlyCorianders,EarnestEspressos,8672031
2026-07-05T19:11:43.654243,2026-07-05T19:11:43.665776+00:00,161.2,50,bid,FlawlessFlatbreads,EarnestEspressos,8672035
2026-07-05T19:11:45.800626,2026-07-05T19:11:45.812324+00:00,161.2,50,bid,FlawlessFlatbreads,EarnestEspressos,8672069
2026-07-05T19:11:45.914781,2026-07-05T19:11:45.926824+00:00,161.4,100,bid,EarnestEspressos,DiligentDonuts,8672070
2026-07-05T19:11:45.914781,2026-07-05T19:11:45.926824+00:00,161.5,8,bid,EarnestEspressos,Zhangyue Shen,8672071
2026-07-05T19:11:45.982172,2026-07-05T19:11:45.992030+00:00,161.8,26,ask,EarnestEspressos,Xuanyu Liu,8672075
2026-07-05T19:11:46.422262,2026-07-05T19:11:46.429983+00:00,161.8,3,ask,EarnestEspressos,Zhangyue Shen,8672086
2026-07-05T19:11:46.683220,2026-07-05T19:11:46.694822+00:00,161.8,3,ask,EarnestEspressos,Zhangyue Shen,8672093
2026-07-05T19:11:46.944609,2026-07-05T19:11:46.956361+00:00,161.8,3,ask,EarnestEspressos,Zhangyue Shen,8672098
2026-07-05T19:11:47.018101,2026-07-05T19:11:47.030131+00:00,161.8,7,ask,EarnestEspressos,CostlyCorianders,8672100
2026-07-05T19:11:47.018101,2026-07-05T19:11:47.030131+00:00,161.1,8,ask,Zhangyue Shen,CostlyCorianders,8672101
2026-07-05T19:11:47.018101,2026-07-05T19:11:47.030131+00:00,160.9,30,ask,DiligentDonuts,CostlyCorianders,8672102
2026-07-05T19:11:47.909418,2026-07-05T19:11:47.920995+00:00,162.1,8,bid,FlawlessFlatbreads,Zhangyue Shen,8672124
2026-07-05T19:11:47.909418,2026-07-05T19:11:47.920995+00:00,162.3,42,bid,FlawlessFlatbreads,EarnestEspressos,8672125
2026-07-05T19:11:48.641938,2026-07-05T19:11:48.651429+00:00,161.5,42,ask,DiligentDonuts,CostlyCorianders,8672138
2026-07-05T19:11:50.040442,2026-07-05T19:11:50.052350+00:00,161.6,50,bid,FlawlessFlatbreads,EarnestEspressos,8672157
2026-07-05T19:11:50.181201,2026-07-05T19:11:50.192625+00:00,161.6,44,bid,CostlyCorianders,EarnestEspressos,8672159
2026-07-05T19:11:50.397720,2026-07-05T19:11:50.406357+00:00,161.6,3,bid,Xuanyu Liu,EarnestEspressos,8672165
2026-07-05T19:11:50.717147,2026-07-05T19:11:50.728800+00:00,161.6,46,bid,CostlyCorianders,EarnestEspressos,8672171
2026-07-05T19:11:51.141690,2026-07-05T19:11:51.150421+00:00,161.6,7,bid,Xuanyu Liu,EarnestEspressos,8672179
2026-07-05T19:11:51.230579,2026-07-05T19:11:51.242302+00:00,161.5,40,ask,DiligentDonuts,CostlyCorianders,8672182
2026-07-05T19:11:52.148388,2026-07-05T19:11:52.163968+00:00,161.8,8,bid,FlawlessFlatbreads,Zhangyue Shen,8672193
2026-07-05T19:11:52.148388,2026-07-05T19:11:52.163968+00:00,161.9,42,bid,FlawlessFlatbreads,DiligentDonuts,8672194
2026-07-05T19:11:52.258758,2026-07-05T19:11:52.267586+00:00,161.9,58,bid,EarnestEspressos,DiligentDonuts,8672199
2026-07-05T19:11:52.327040,2026-07-05T19:11:52.336116+00:00,161.9,7,ask,EarnestEspressos,Xuanyu Liu,8672202
2026-07-05T19:11:55.131395,2026-07-05T19:11:55.143227+00:00,161.9,48,ask,EarnestEspressos,CostlyCorianders,8672248
2026-07-05T19:11:56.412697,2026-07-05T19:11:56.424097+00:00,161.9,50,ask,DiligentDonuts,FlawlessFlatbreads,8672267
2026-07-05T19:11:57.992605,2026-07-05T19:11:58.001515+00:00,162.2,48,bid,CostlyCorianders,EarnestEspressos,8672291
2026-07-05T19:11:58.519156,2026-07-05T19:11:58.530997+00:00,161.8,8,ask,Zhangyue Shen,FlawlessFlatbreads,8672300
2026-07-05T19:11:58.519156,2026-07-05T19:11:58.530997+00:00,161.8,42,ask,DiligentDonuts,FlawlessFlatbreads,8672301
2026-07-05T19:11:59.126297,2026-07-05T19:11:59.138276+00:00,162.2,8,bid,CostlyCorianders,Zhangyue Shen,8672310
2026-07-05T19:11:59.126297,2026-07-05T19:11:59.138276+00:00,162.3,39,bid,CostlyCorianders,DiligentDonuts,8672311
2026-07-05T19:12:00.628707,2026-07-05T19:12:00.640558+00:00,162.0,50,ask,EarnestEspressos,FlawlessFlatbreads,8672330
2026-07-05T19:12:01.193523,2026-07-05T19:12:01.200560+00:00,162.0,43,ask,EarnestEspressos,CostlyCorianders,8672337
2026-07-05T19:12:01.814980,2026-07-05T19:12:01.823079+00:00,162.2,40,bid,CostlyCorianders,EarnestEspressos,8672341
2026-07-05T19:12:02.685392,2026-07-05T19:12:02.696996+00:00,162.2,50,bid,FlawlessFlatbreads,EarnestEspressos,8672350
2026-07-05T19:12:04.259735,2026-07-05T19:12:04.268118+00:00,162.2,11,bid,Xuanyu Liu,EarnestEspressos,8672368
2026-07-05T19:12:04.793075,2026-07-05T19:12:04.804688+00:00,162.2,49,bid,FlawlessFlatbreads,EarnestEspressos,8672375
2026-07-05T19:12:04.793075,2026-07-05T19:12:04.804688+00:00,162.3,1,bid,FlawlessFlatbreads,Zhangyue Shen,8672376
2026-07-05T19:12:04.909439,2026-07-05T19:12:04.920904+00:00,162.3,7,bid,EarnestEspressos,Zhangyue Shen,8672380
2026-07-05T19:12:04.909439,2026-07-05T19:12:04.920904+00:00,162.5,100,bid,EarnestEspressos,DiligentDonuts,8672381
2026-07-05T19:12:04.978342,2026-07-05T19:12:04.986700+00:00,162.5,14,ask,EarnestEspressos,Xuanyu Liu,8672382
2026-07-05T19:12:06.909741,2026-07-05T19:12:06.917217+00:00,163.0,50,bid,FlawlessFlatbreads,EarnestEspressos,8672415
2026-07-05T19:12:09.066801,2026-07-05T19:12:09.078692+00:00,162.5,50,ask,DiligentDonuts,FlawlessFlatbreads,8672436
2026-07-05T19:12:11.122816,2026-07-05T19:12:11.134734+00:00,162.6,8,bid,FlawlessFlatbreads,Zhangyue Shen,8672466
2026-07-05T19:12:11.122816,2026-07-05T19:12:11.134734+00:00,162.7,42,bid,FlawlessFlatbreads,EarnestEspressos,8672467
2026-07-05T19:12:13.231865,2026-07-05T19:12:13.244305+00:00,162.7,8,bid,FlawlessFlatbreads,Zhangyue Shen,8672496
2026-07-05T19:12:13.231865,2026-07-05T19:12:13.244305+00:00,162.9,42,bid,FlawlessFlatbreads,DiligentDonuts,8672497
2026-07-05T19:12:19.600002,2026-07-05T19:12:19.611714+00:00,162.5,50,ask,DiligentDonuts,FlawlessFlatbreads,8672566
2026-07-05T19:12:19.669088,2026-07-05T19:12:19.675844+00:00,162.5,41,ask,DiligentDonuts,CostlyCorianders,8672567
2026-07-05T19:12:20.233293,2026-07-05T19:12:20.245074+00:00,162.5,42,ask,EarnestEspressos,CostlyCorianders,8672578
