timestamp,recv_time,price,volume,aggressor_side,buyer,seller,trade_id
2026-07-07T09:00:02.220513,2026-07-07T09:00:02.230634+00:00,154.6,48,ask,,,10639438
2026-07-07T09:00:02.984943,2026-07-07T09:00:02.997129+00:00,154.9,50,bid,,,10639443
2026-07-07T09:00:05.094830,2026-07-07T09:00:05.106774+00:00,154.8,50,bid,,,10639483
2026-07-07T09:00:07.224851,2026-07-07T09:00:07.236805+00:00,154.6,20,bid,,,10639510
2026-07-07T09:00:07.224851,2026-07-07T09:00:07.236805+00:00,154.8,30,bid,,,10639511
2026-07-07T09:00:09.335014,2026-07-07T09:00:09.346739+00:00,154.8,20,bid,,,10639541
2026-07-07T09:00:09.335014,2026-07-07T09:00:09.346739+00:00,154.9,30,bid,,,10639542
2026-07-07T09:00:10.129257,2026-07-07T09:00:10.137723+00:00,154.5,11,ask,,,10639553
2026-07-07T09:00:10.131768,2026-07-07T09:00:10.137723+00:00,154.5,25,ask,,,10639554
2026-07-07T09:00:10.222559,2026-07-07T09:00:10.231435+00:00,154.5,47,ask,,,10639558
2026-07-07T09:00:10.352256,2026-07-07T09:00:10.363881+00:00,154.5,17,ask,,,10639559
2026-07-07T09:00:11.449153,2026-07-07T09:00:11.458825+00:00,154.6,50,bid,,,10639582
2026-07-07T09:00:11.663969,2026-07-07T09:00:11.672156+00:00,154.6,46,bid,,,10639585
2026-07-07T09:00:12.267683,2026-07-07T09:00:12.279652+00:00,154.6,4,bid,,,10639590
2026-07-07T09:00:12.267683,2026-07-07T09:00:12.279652+00:00,154.9,41,bid,,,10639591
2026-07-07T09:00:12.922300,2026-07-07T09:00:12.931723+00:00,154.4,44,ask,,,10639599
2026-07-07T09:00:13.558131,2026-07-07T09:00:13.565504+00:00,154.9,50,bid,,,10639610
2026-07-07T09:00:13.963368,2026-07-07T09:00:13.975582+00:00,154.9,59,bid,,,10639619
2026-07-07T09:00:13.963368,2026-07-07T09:00:13.975582+00:00,154.9,5,bid,,,10639620
2026-07-07T09:00:14.014391,2026-07-07T09:00:14.026231+00:00,155.3,2,bid,,,10639621
2026-07-07T09:00:14.061036,2026-07-07T09:00:14.072603+00:00,154.9,12,ask,,,10639624
2026-07-07T09:00:14.249864,2026-07-07T09:00:14.264079+00:00,155.4,2,bid,,,10639627
2026-07-07T09:00:14.253044,2026-07-07T09:00:14.264079+00:00,154.9,11,ask,,,10639628
2026-07-07T09:00:14.462062,2026-07-07T09:00:14.473470+00:00,155.4,1,bid,,,10639632
2026-07-07T09:00:14.770827,2026-07-07T09:00:14.781442+00:00,155.0,11,ask,,,10639634
2026-07-07T09:00:15.699973,2026-07-07T09:00:15.712018+00:00,155.0,49,ask,,,10639649
2026-07-07T09:00:15.744231,2026-07-07T09:00:15.758580+00:00,155.0,50,ask,,,10639650
2026-07-07T09:00:16.698380,2026-07-07T09:00:16.706999+00:00,155.0,11,ask,,,10639663
2026-07-07T09:00:17.184560,2026-07-07T09:00:17.193872+00:00,155.0,29,ask,,,10639671
2026-07-07T09:00:17.441396,2026-07-07T09:00:17.451384+00:00,154.8,11,bid,,,10639676
2026-07-07T09:00:17.853042,2026-07-07T09:00:17.852429+00:00,154.4,20,ask,,,10639686
2026-07-07T09:00:17.853042,2026-07-07T09:00:17.852429+00:00,154.3,30,ask,,,10639687
2026-07-07T09:00:19.859550,2026-07-07T09:00:19.868852+00:00,154.8,11,bid,,,10639719
2026-07-07T09:00:19.961650,2026-07-07T09:00:19.973578+00:00,154.5,20,ask,,,10639723
2026-07-07T09:00:19.961650,2026-07-07T09:00:19.973578+00:00,154.4,30,ask,,,10639724
2026-07-07T09:00:21.561553,2026-07-07T09:00:21.573507+00:00,154.8,47,bid,,,10639741
2026-07-07T09:00:21.938400,2026-07-07T09:00:21.948642+00:00,154.8,23,bid,,,10639749
2026-07-07T09:00:22.070454,2026-07-07T09:00:22.082685+00:00,154.5,50,ask,,,10639752
2026-07-07T09:00:23.832238,2026-07-07T09:00:23.844293+00:00,154.8,47,bid,,,10639779
2026-07-07T09:00:24.178646,2026-07-07T09:00:24.185797+00:00,154.6,20,ask,,,10639785
2026-07-07T09:00:24.271368,2026-07-07T09:00:24.283535+00:00,154.9,100,bid,,,10639787
2026-07-07T09:00:24.271368,2026-07-07T09:00:24.283535+00:00,154.9,5,bid,,,10639788
2026-07-07T09:00:24.284700,2026-07-07T09:00:24.294372+00:00,154.9,11,ask,,,10639789
2026-07-07T09:00:24.451410,2026-07-07T09:00:24.458565+00:00,154.9,25,ask,,,10639794
2026-07-07T09:00:24.462910,2026-07-07T09:00:24.470469+00:00,155.4,2,bid,,,10639796
2026-07-07T09:00:24.681087,2026-07-07T09:00:24.696005+00:00,155.4,2,bid,,,10639804
2026-07-07T09:00:24.894539,2026-07-07T09:00:24.904665+00:00,155.4,1,bid,,,10639812
2026-07-07T09:00:26.286168,2026-07-07T09:00:26.293055+00:00,154.9,9,ask,,,10639830
2026-07-07T09:00:26.286168,2026-07-07T09:00:26.298058+00:00,154.8,20,ask,,,10639831
2026-07-07T09:00:26.286168,2026-07-07T09:00:26.298058+00:00,154.4,21,ask,,,10639832
2026-07-07T09:00:28.213925,2026-07-07T09:00:28.225646+00:00,155.0,48,bid,,,10639855
2026-07-07T09:00:28.398719,2026-07-07T09:00:28.406513+00:00,154.9,50,ask,,,10639858
2026-07-07T09:00:28.787183,2026-07-07T09:00:28.795926+00:00,154.9,43,ask,,,10639859
2026-07-07T09:00:30.177727,2026-07-07T09:00:30.186796+00:00,154.7,20,ask,,,10639876
2026-07-07T09:00:30.177727,2026-07-07T09:00:30.186796+00:00,154.5,20,ask,,,10639877
2026-07-07T09:00:31.120385,2026-07-07T09:00:31.129589+00:00,155.0,11,bid,,,10639890
2026-07-07T09:00:31.294447,2026-07-07T09:00:31.304370+00:00,155.0,46,bid,,,10639892
2026-07-07T09:00:32.555729,2026-07-07T09:00:32.555942+00:00,155.0,43,bid,,,10639908
2026-07-07T09:00:32.555729,2026-07-07T09:00:32.569379+00:00,155.1,7,bid,,,10639909
2026-07-07T09:00:34.664876,2026-07-07T09:00:34.675785+00:00,155.1,50,bid,,,10639929
2026-07-07T09:00:36.772867,2026-07-07T09:00:36.784959+00:00,155.0,20,bid,,,10639956
2026-07-07T09:00:36.772867,2026-07-07T09:00:36.784959+00:00,155.1,30,bid,,,10639957
2026-07-07T09:00:38.375472,2026-07-07T09:00:38.387320+00:00,154.8,49,ask,,,10639978
2026-07-07T09:00:39.391310,2026-07-07T09:00:39.403405+00:00,155.0,45,bid,,,10639997
2026-07-07T09:00:43.142631,2026-07-07T09:00:43.163922+00:00,154.8,50,ask,,,10640033
2026-07-07T09:00:45.250370,2026-07-07T09:00:45.258564+00:00,154.8,50,ask,,,10640060
2026-07-07T09:00:47.312200,2026-07-07T09:00:47.324416+00:00,154.9,50,bid,,,10640082
2026-07-07T09:00:48.288344,2026-07-07T09:00:48.300160+00:00,154.6,49,ask,,,10640095
2026-07-07T09:00:49.423919,2026-07-07T09:00:49.442307+00:00,155.1,50,bid,,,10640108
2026-07-07T09:00:49.502742,2026-07-07T09:00:49.511193+00:00,154.6,23,ask,,,10640112
2026-07-07T09:00:49.639954,2026-07-07T09:00:49.648039+00:00,154.6,25,ask,,,10640116
2026-07-07T09:00:49.644303,2026-07-07T09:00:49.653276+00:00,154.6,75,ask,,,10640117
2026-07-07T09:00:51.530801,2026-07-07T09:00:51.542832+00:00,154.6,50,bid,,,10640153
2026-07-07T09:00:51.830695,2026-07-07T09:00:51.840879+00:00,154.3,20,ask,,,10640155
2026-07-07T09:00:52.118376,2026-07-07T09:00:52.128062+00:00,154.5,12,bid,,,10640161
2026-07-07T09:00:52.752811,2026-07-07T09:00:52.764514+00:00,154.5,88,bid,,,10640169
2026-07-07T09:00:52.765793,2026-07-07T09:00:52.774730+00:00,154.8,12,ask,,,10640171
2026-07-07T09:00:52.875204,2026-07-07T09:00:52.885443+00:00,154.8,25,ask,,,10640174
2026-07-07T09:00:53.098988,2026-07-07T09:00:53.106967+00:00,154.8,25,ask,,,10640179
2026-07-07T09:00:54.911648,2026-07-07T09:00:54.922239+00:00,155.3,47,bid,,,10640199
2026-07-07T09:00:56.439864,2026-07-07T09:00:56.449239+00:00,154.5,20,ask,,,10640220
2026-07-07T09:00:56.439864,2026-07-07T09:00:56.449239+00:00,154.4,29,ask,,,10640221
2026-07-07T09:00:57.853827,2026-07-07T09:00:57.868745+00:00,154.9,50,bid,,,10640237
2026-07-07T09:00:59.116406,2026-07-07T09:00:59.128224+00:00,155.1,20,bid,,,10640250
2026-07-07T09:00:59.116406,2026-07-07T09:00:59.128224+00:00,155.2,28,bid,,,10640251
2026-07-07T09:00:59.960370,2026-07-07T09:00:59.972358+00:00,155.0,50,bid,,,10640265
2026-07-07T09:01:02.069347,2026-07-07T09:01:02.080226+00:00,155.0,50,bid,,,10640280
2026-07-07T09:01:02.260186,2026-07-07T09:01:02.271406+00:00,155.0,11,ask,,,10640283
2026-07-07T09:01:02.578169,2026-07-07T09:01:02.588053+00:00,155.0,40,ask,,,10640287
2026-07-07T09:01:03.123714,2026-07-07T09:01:03.135386+00:00,155.0,43,ask,,,10640295
2026-07-07T09:01:04.175227,2026-07-07T09:01:04.186952+00:00,155.3,50,bid,,,10640306
2026-07-07T09:01:06.282476,2026-07-07T09:01:06.290143+00:00,155.1,50,bid,,,10640325
2026-07-07T09:01:07.778492,2026-07-07T09:01:07.790304+00:00,155.1,41,bid,,,10640347
2026-07-07T09:01:08.302628,2026-07-07T09:01:08.314122+00:00,155.1,43,bid,,,10640352
2026-07-07T09:01:08.455207,2026-07-07T09:01:08.465033+00:00,155.0,50,ask,,,10640356
2026-07-07T09:01:09.934574,2026-07-07T09:01:09.943636+00:00,155.3,11,ask,,,10640379
2026-07-07T09:01:10.484663,2026-07-07T09:01:10.494964+00:00,155.3,12,ask,,,10640385
2026-07-07T09:01:10.568268,2026-07-07T09:01:10.582079+00:00,155.3,50,ask,,,10640388
2026-07-07T09:01:10.964898,2026-07-07T09:01:10.974536+00:00,155.3,77,ask,,,10640391
2026-07-07T09:01:11.797549,2026-07-07T09:01:11.806955+00:00,155.0,23,bid,,,10640406
2026-07-07T09:01:12.301230,2026-07-07T09:01:12.312899+00:00,155.0,41,bid,,,10640412
2026-07-07T09:01:12.623191,2026-07-07T09:01:12.635002+00:00,155.0,50,bid,,,10640416
2026-07-07T09:01:14.074947,2026-07-07T09:01:14.089814+00:00,155.0,36,bid,,,10640437
2026-07-07T09:01:14.730838,2026-07-07T09:01:14.742887+00:00,155.6,50,bid,,,10640443
2026-07-07T09:01:15.559563,2026-07-07T09:01:15.569489+00:00,155.2,11,ask,,,10640449
2026-07-07T09:01:15.820661,2026-07-07T09:01:15.832673+00:00,155.2,41,ask,,,10640453
2026-07-07T09:01:16.837668,2026-07-07T09:01:16.849752+00:00,155.6,50,bid,,,10640464
2026-07-07T09:01:18.945490,2026-07-07T09:01:18.952190+00:00,155.5,50,bid,,,10640498
2026-07-07T09:01:19.006213,2026-07-07T09:01:19.017782+00:00,155.3,49,ask,,,10640499
2026-07-07T09:01:20.559259,2026-07-07T09:01:20.566266+00:00,155.5,40,bid,,,10640517
2026-07-07T09:01:21.103781,2026-07-07T09:01:21.113792+00:00,155.3,50,ask,,,10640525
2026-07-07T09:01:21.234755,2026-07-07T09:01:21.244629+00:00,155.5,12,ask,,,10640529
2026-07-07T09:01:22.767128,2026-07-07T09:01:22.778994+00:00,155.5,41,ask,,,10640558
2026-07-07T09:01:23.216631,2026-07-07T09:01:23.224817+00:00,155.5,50,ask,,,10640566
2026-07-07T09:01:23.278206,2026-07-07T09:01:23.285788+00:00,155.5,45,ask,,,10640567
2026-07-07T09:01:23.892711,2026-07-07T09:01:23.903091+00:00,155.5,2,ask,,,10640577
2026-07-07T09:01:25.323685,2026-07-07T09:01:25.335594+00:00,155.1,50,ask,,,10640593
2026-07-07T09:01:26.354703,2026-07-07T09:01:26.366507+00:00,155.3,43,bid,,,10640606
2026-07-07T09:01:27.381804,2026-07-07T09:01:27.391201+00:00,155.3,50,bid,,,10640611
2026-07-07T09:01:27.932959,2026-07-07T09:01:27.941121+00:00,155.0,47,ask,,,10640620
2026-07-07T09:01:28.870650,2026-07-07T09:01:28.883920+00:00,155.3,2,bid,,,10640628
2026-07-07T09:01:29.543176,2026-07-07T09:01:29.551146+00:00,155.0,50,ask,,,10640641
2026-07-07T09:01:30.600514,2026-07-07T09:01:30.610802+00:00,155.4,42,bid,,,10640655
2026-07-07T09:01:31.446284,2026-07-07T09:01:31.455297+00:00,155.4,12,bid,,,10640662
2026-07-07T09:01:31.602585,2026-07-07T09:01:31.610603+00:00,155.4,42,bid,,,10640669
2026-07-07T09:01:31.656971,2026-07-07T09:01:31.665190+00:00,155.0,20,ask,,,10640671
2026-07-07T09:01:31.656971,2026-07-07T09:01:31.665190+00:00,154.9,30,ask,,,10640672
2026-07-07T09:01:33.221649,2026-07-07T09:01:33.230516+00:00,155.2,20,ask,,,10640696
2026-07-07T09:01:33.764197,2026-07-07T09:01:33.776117+00:00,155.2,50,ask,,,10640707
2026-07-07T09:01:34.716762,2026-07-07T09:01:34.727345+00:00,155.2,30,ask,,,10640728
2026-07-07T09:01:34.716762,2026-07-07T09:01:34.727345+00:00,154.9,15,ask,,,10640729
2026-07-07T09:01:35.255750,2026-07-07T09:01:35.267863+00:00,155.4,41,bid,,,10640736
2026-07-07T09:01:36.691458,2026-07-07T09:01:36.700974+00:00,155.2,11,bid,,,10640751
2026-07-07T09:01:36.916694,2026-07-07T09:01:36.928380+00:00,155.0,20,ask,,,10640761
2026-07-07T09:01:36.916694,2026-07-07T09:01:36.928380+00:00,154.9,24,ask,,,10640762
2026-07-07T09:01:37.501295,2026-07-07T09:01:37.512944+00:00,155.2,48,bid,,,10640769
2026-07-07T09:01:38.016980,2026-07-07T09:01:38.028586+00:00,155.2,41,bid,,,10640776
2026-07-07T09:01:39.572876,2026-07-07T09:01:39.580478+00:00,155.2,20,ask,,,10640796
2026-07-07T09:01:40.036031,2026-07-07T09:01:40.047746+00:00,155.2,49,ask,,,10640809
2026-07-07T09:01:40.042646,2026-07-07T09:01:40.052963+00:00,155.5,50,bid,,,10640810
2026-07-07T09:01:42.200243,2026-07-07T09:01:42.211494+00:00,155.2,31,ask,,,10640840
2026-07-07T09:01:42.200243,2026-07-07T09:01:42.211494+00:00,155.0,19,ask,,,10640841
2026-07-07T09:01:43.827342,2026-07-07T09:01:43.839153+00:00,154.7,42,ask,,,10640861
2026-07-07T09:01:44.310055,2026-07-07T09:01:44.321174+00:00,154.7,50,ask,,,10640872
2026-07-07T09:01:44.983438,2026-07-07T09:01:44.995418+00:00,155.2,43,bid,,,10640876
2026-07-07T09:01:46.415240,2026-07-07T09:01:46.427092+00:00,154.7,50,ask,,,10640896
2026-07-07T09:01:47.211537,2026-07-07T09:01:47.221511+00:00,155.1,41,bid,,,10640911
2026-07-07T09:01:47.766803,2026-07-07T09:01:47.777379+00:00,154.7,20,ask,,,10640914
2026-07-07T09:01:47.766803,2026-07-07T09:01:47.777379+00:00,154.6,21,ask,,,10640915
2026-07-07T09:01:48.258299,2026-07-07T09:01:48.267480+00:00,154.6,44,ask,,,10640920
2026-07-07T09:01:48.523523,2026-07-07T09:01:48.535202+00:00,154.6,35,ask,,,10640927
2026-07-07T09:01:48.523523,2026-07-07T09:01:48.535202+00:00,154.6,15,ask,,,10640928
2026-07-07T09:01:48.920406,2026-07-07T09:01:48.931399+00:00,154.7,11,bid,,,10640937
2026-07-07T09:01:49.471943,2026-07-07T09:01:49.481235+00:00,154.7,12,bid,,,10640942
2026-07-07T09:01:50.635784,2026-07-07T09:01:50.645277+00:00,154.6,20,ask,,,10640962
2026-07-07T09:01:51.582687,2026-07-07T09:01:51.593499+00:00,154.7,43,bid,,,10640979
2026-07-07T09:01:52.743243,2026-07-07T09:01:52.752820+00:00,154.5,50,ask,,,10640994
2026-07-07T09:01:53.735707,2026-07-07T09:01:53.744886+00:00,154.8,40,bid,,,10641006
2026-07-07T09:01:56.156026,2026-07-07T09:01:56.164087+00:00,154.6,20,ask,,,10641027
2026-07-07T09:01:56.156026,2026-07-07T09:01:56.169101+00:00,154.5,20,ask,,,10641028
2026-07-07T09:01:56.736291,2026-07-07T09:01:56.746465+00:00,154.5,45,ask,,,10641037
2026-07-07T09:01:56.901567,2026-07-07T09:01:56.913606+00:00,155.0,50,bid,,,10641041
2026-07-07T09:01:58.953560,2026-07-07T09:01:58.958593+00:00,155.0,43,bid,,,10641066
2026-07-07T09:01:59.021696,2026-07-07T09:01:59.033306+00:00,155.0,50,bid,,,10641068
2026-07-07T09:02:00.520385,2026-07-07T09:02:00.532364+00:00,154.6,44,ask,,,10641087
2026-07-07T09:02:01.179006,2026-07-07T09:02:01.190766+00:00,154.6,50,ask,,,10641097
2026-07-07T09:02:02.044343,2026-07-07T09:02:02.056527+00:00,154.6,12,ask,,,10641108
2026-07-07T09:02:02.153487,2026-07-07T09:02:02.152104+00:00,154.6,25,ask,,,10641112
2026-07-07T09:02:02.933151,2026-07-07T09:02:02.942559+00:00,154.5,12,bid,,,10641131
2026-07-07T09:02:05.352150,2026-07-07T09:02:05.363870+00:00,154.5,50,bid,,,10641165
2026-07-07T09:02:07.485507,2026-07-07T09:02:07.493781+00:00,154.6,50,bid,,,10641186
2026-07-07T09:02:07.554311,2026-07-07T09:02:07.551398+00:00,154.6,40,bid,,,10641187
2026-07-07T09:02:08.166026,2026-07-07T09:02:08.175077+00:00,154.4,12,ask,,,10641203
2026-07-07T09:02:08.214455,2026-07-07T09:02:08.225327+00:00,154.4,25,ask,,,10641205
2026-07-07T09:02:08.436190,2026-07-07T09:02:08.447728+00:00,154.4,10,ask,,,10641208
2026-07-07T09:02:09.646985,2026-07-07T09:02:09.653810+00:00,154.4,50,ask,,,10641228
2026-07-07T09:02:09.729587,2026-07-07T09:02:09.741221+00:00,154.5,48,bid,,,10641229
2026-07-07T09:02:09.785361,2026-07-07T09:02:09.797336+00:00,154.4,3,ask,,,10641230
2026-07-07T09:02:09.785361,2026-07-07T09:02:09.797336+00:00,154.1,20,ask,,,10641231
2026-07-07T09:02:09.785361,2026-07-07T09:02:09.797336+00:00,154.0,21,ask,,,10641232
2026-07-07T09:02:10.856152,2026-07-07T09:02:10.867869+00:00,154.5,43,bid,,,10641246
2026-07-07T09:02:11.758066,2026-07-07T09:02:11.768093+00:00,154.0,50,ask,,,10641258
2026-07-07T09:02:12.284826,2026-07-07T09:02:12.291508+00:00,154.1,46,ask,,,10641269
2026-07-07T09:02:13.865525,2026-07-07T09:02:13.875890+00:00,154.1,50,ask,,,10641283
2026-07-07T09:02:15.085551,2026-07-07T09:02:15.095473+00:00,154.2,12,bid,,,10641301
2026-07-07T09:02:15.972831,2026-07-07T09:02:15.984483+00:00,154.1,20,ask,,,10641309
2026-07-07T09:02:15.972831,2026-07-07T09:02:15.984483+00:00,153.8,30,ask,,,10641310
2026-07-07T09:02:16.010566,2026-07-07T09:02:16.021425+00:00,154.2,43,bid,,,10641315
2026-07-07T09:02:18.029466,2026-07-07T09:02:18.041640+00:00,154.2,50,bid,,,10641338
2026-07-07T09:02:20.192718,2026-07-07T09:02:20.201644+00:00,154.1,50,ask,,,10641359
2026-07-07T09:02:22.299959,2026-07-07T09:02:22.311508+00:00,154.2,20,ask,,,10641385
2026-07-07T09:02:24.353987,2026-07-07T09:02:24.365588+00:00,154.3,50,bid,,,10641412
2026-07-07T09:02:25.230765,2026-07-07T09:02:25.238293+00:00,154.3,40,bid,,,10641425
2026-07-07T09:02:26.462440,2026-07-07T09:02:26.474254+00:00,154.3,10,bid,,,10641446
2026-07-07T09:02:26.462440,2026-07-07T09:02:26.474254+00:00,154.6,40,bid,,,10641447
2026-07-07T09:02:27.487666,2026-07-07T09:02:27.494682+00:00,154.1,44,ask,,,10641456
2026-07-07T09:02:29.501971,2026-07-07T09:02:29.509170+00:00,154.1,43,ask,,,10641494
2026-07-07T09:02:30.116059,2026-07-07T09:02:30.123863+00:00,154.2,41,bid,,,10641502
2026-07-07T09:02:30.675792,2026-07-07T09:02:30.685960+00:00,154.2,50,bid,,,10641507
2026-07-07T09:02:32.493361,2026-07-07T09:02:32.505256+00:00,154.2,9,bid,,,10641531
2026-07-07T09:02:32.493361,2026-07-07T09:02:32.505256+00:00,154.2,31,bid,,,10641532
2026-07-07T09:02:33.131274,2026-07-07T09:02:33.143214+00:00,154.2,100,bid,,,10641538
2026-07-07T09:02:33.757447,2026-07-07T09:02:33.769163+00:00,153.9,20,ask,,,10641548
2026-07-07T09:02:33.757447,2026-07-07T09:02:33.769163+00:00,153.7,27,ask,,,10641549
2026-07-07T09:02:34.010113,2026-07-07T09:02:34.020672+00:00,154.3,12,ask,,,10641551
2026-07-07T09:02:34.160544,2026-07-07T09:02:34.172369+00:00,154.3,25,ask,,,10641554
2026-07-07T09:02:34.382692,2026-07-07T09:02:34.390002+00:00,154.3,25,ask,,,10641558
2026-07-07T09:02:34.615543,2026-07-07T09:02:34.628215+00:00,154.3,25,ask,,,10641561
2026-07-07T09:02:34.837337,2026-07-07T09:02:34.848866+00:00,154.3,5,ask,,,10641572
2026-07-07T09:02:35.690090,2026-07-07T09:02:35.698744+00:00,154.3,11,ask,,,10641585
2026-07-07T09:02:36.347018,2026-07-07T09:02:36.358561+00:00,154.3,47,ask,,,10641599
2026-07-07T09:02:37.000253,2026-07-07T09:02:37.010721+00:00,154.3,11,bid,,,10641605
2026-07-07T09:02:39.150344,2026-07-07T09:02:39.156958+00:00,154.1,20,ask,,,10641637
2026-07-07T09:02:39.150344,2026-07-07T09:02:39.156958+00:00,153.8,30,ask,,,10641638
2026-07-07T09:02:39.971426,2026-07-07T09:02:39.983104+00:00,154.3,45,bid,,,10641662
2026-07-07T09:02:41.210236,2026-07-07T09:02:41.219389+00:00,154.4,50,bid,,,10641687
2026-07-07T09:02:42.552909,2026-07-07T09:02:42.557310+00:00,154.2,48,ask,,,10641706
2026-07-07T09:02:43.368715,2026-07-07T09:02:43.375835+00:00,154.0,20,ask,,,10641720
2026-07-07T09:02:43.368715,2026-07-07T09:02:43.381191+00:00,153.9,30,ask,,,10641721
2026-07-07T09:02:43.525212,2026-07-07T09:02:43.535180+00:00,154.0,48,ask,,,10641726
2026-07-07T09:02:44.510234,2026-07-07T09:02:44.521928+00:00,154.4,49,bid,,,10641743
2026-07-07T09:02:45.479254,2026-07-07T09:02:45.488745+00:00,154.1,20,ask,,,10641761
2026-07-07T09:02:45.479254,2026-07-07T09:02:45.488745+00:00,154.0,30,ask,,,10641762
2026-07-07T09:02:46.852198,2026-07-07T09:02:46.853452+00:00,154.5,44,bid,,,10641782
2026-07-07T09:02:47.471128,2026-07-07T09:02:47.480668+00:00,154.3,20,ask,,,10641790
2026-07-07T09:02:47.471128,2026-07-07T09:02:47.480668+00:00,154.1,20,ask,,,10641791
2026-07-07T09:02:47.588298,2026-07-07T09:02:47.600103+00:00,154.2,20,ask,,,10641799
2026-07-07T09:02:47.588298,2026-07-07T09:02:47.600103+00:00,154.1,30,ask,,,10641800
2026-07-07T09:02:48.106402,2026-07-07T09:02:48.117131+00:00,154.5,48,bid,,,10641809
2026-07-07T09:02:50.401609,2026-07-07T09:02:50.413652+00:00,154.0,41,ask,,,10641843
2026-07-07T09:02:51.749246,2026-07-07T09:02:51.755950+00:00,154.4,50,bid,,,10641863
2026-07-07T09:02:53.908335,2026-07-07T09:02:53.919628+00:00,154.1,50,ask,,,10641900
2026-07-07T09:02:54.222598,2026-07-07T09:02:54.234170+00:00,154.1,40,ask,,,10641909
2026-07-07T09:02:56.014737,2026-07-07T09:02:56.026400+00:00,154.0,50,ask,,,10641936
2026-07-07T09:02:57.373547,2026-07-07T09:02:57.385494+00:00,154.3,47,bid,,,10641959
2026-07-07T09:02:58.123302,2026-07-07T09:02:58.134189+00:00,153.9,50,ask,,,10641967
2026-07-07T09:02:58.515662,2026-07-07T09:02:58.524315+00:00,154.1,12,bid,,,10641976
2026-07-07T09:02:58.972755,2026-07-07T09:02:58.989948+00:00,153.8,41,ask,,,10641982
2026-07-07T09:02:59.669884,2026-07-07T09:02:59.679303+00:00,154.1,11,bid,,,10641991
2026-07-07T09:03:02.116856,2026-07-07T09:03:02.128837+00:00,154.2,41,bid,,,10642022
2026-07-07T09:03:02.288814,2026-07-07T09:03:02.296287+00:00,154.2,50,bid,,,10642026
2026-07-07T09:03:02.479879,2026-07-07T09:03:02.491800+00:00,154.2,100,bid,,,10642028
2026-07-07T09:03:04.410407,2026-07-07T09:03:04.420842+00:00,154.7,50,bid,,,10642052
2026-07-07T09:03:06.525747,2026-07-07T09:03:06.537800+00:00,154.3,50,bid,,,10642082
2026-07-07T09:03:06.912722,2026-07-07T09:03:06.923810+00:00,154.0,43,ask,,,10642088
2026-07-07T09:03:07.903266,2026-07-07T09:03:07.915299+00:00,154.3,42,bid,,,10642101
2026-07-07T09:03:08.652365,2026-07-07T09:03:08.657103+00:00,154.3,50,bid,,,10642110
2026-07-07T09:03:08.822506,2026-07-07T09:03:08.842745+00:00,154.3,20,bid,,,10642113
2026-07-07T09:03:08.829097,2026-07-07T09:03:08.842745+00:00,154.3,25,ask,,,10642114
2026-07-07T09:03:08.833003,2026-07-07T09:03:08.842745+00:00,154.3,34,ask,,,10642115
2026-07-07T09:03:09.058931,2026-07-07T09:03:09.069970+00:00,154.3,25,ask,,,10642119
2026-07-07T09:03:09.279948,2026-07-07T09:03:09.286456+00:00,154.3,25,ask,,,10642123
2026-07-07T09:03:09.505176,2026-07-07T09:03:09.512389+00:00,154.3,5,ask,,,10642126
2026-07-07T09:03:10.561233,2026-07-07T09:03:10.569972+00:00,154.3,11,ask,,,10642145
2026-07-07T09:03:10.760060,2026-07-07T09:03:10.769661+00:00,154.4,50,bid,,,10642149
2026-07-07T09:03:11.058836,2026-07-07T09:03:11.078805+00:00,154.3,5,ask,,,10642151
2026-07-07T09:03:11.693959,2026-07-07T09:03:11.709473+00:00,153.7,42,ask,,,10642160
2026-07-07T09:03:12.037921,2026-07-07T09:03:12.057614+00:00,153.7,58,ask,,,10642163
2026-07-07T09:03:12.048527,2026-07-07T09:03:12.057614+00:00,153.6,16,bid,,,10642164
2026-07-07T09:03:12.255399,2026-07-07T09:03:12.255404+00:00,153.4,20,ask,,,10642169
2026-07-07T09:03:12.443644,2026-07-07T09:03:12.480121+00:00,153.6,11,bid,,,10642178
2026-07-07T09:03:12.918347,2026-07-07T09:03:12.930142+00:00,153.5,20,ask,,,10642189
2026-07-07T09:03:13.759488,2026-07-07T09:03:13.769627+00:00,153.6,23,bid,,,10642196
2026-07-07T09:03:15.026408,2026-07-07T09:03:15.033370+00:00,153.5,20,ask,,,10642213
2026-07-07T09:03:15.026408,2026-07-07T09:03:15.038327+00:00,153.3,30,ask,,,10642214
2026-07-07T09:03:17.136740,2026-07-07T09:03:17.146187+00:00,153.7,50,ask,,,10642246
2026-07-07T09:03:17.493552,2026-07-07T09:03:17.505538+00:00,153.7,100,ask,,,10642252
2026-07-07T09:03:18.751835,2026-07-07T09:03:18.758938+00:00,153.7,20,bid,,,10642265
2026-07-07T09:03:19.006368,2026-07-07T09:03:19.016891+00:00,153.7,9,bid,,,10642275
2026-07-07T09:03:21.349029,2026-07-07T09:03:21.361034+00:00,153.4,50,ask,,,10642305
2026-07-07T09:03:22.972475,2026-07-07T09:03:22.979450+00:00,153.7,49,bid,,,10642337
2026-07-07T09:03:23.457359,2026-07-07T09:03:23.469016+00:00,153.5,20,ask,,,10642341
2026-07-07T09:03:23.457359,2026-07-07T09:03:23.469016+00:00,153.4,30,ask,,,10642342
2026-07-07T09:03:26.150022,2026-07-07T09:03:26.163937+00:00,153.4,49,ask,,,10642376
2026-07-07T09:03:27.669731,2026-07-07T09:03:27.681440+00:00,153.4,50,ask,,,10642393
2026-07-07T09:03:29.779135,2026-07-07T09:03:29.790836+00:00,153.3,20,ask,,,10642421
2026-07-07T09:03:29.779135,2026-07-07T09:03:29.790836+00:00,153.0,30,ask,,,10642422
2026-07-07T09:03:33.941116,2026-07-07T09:03:33.952251+00:00,153.4,50,bid,,,10642468
2026-07-07T09:03:34.348196,2026-07-07T09:03:34.354802+00:00,153.4,47,bid,,,10642475
2026-07-07T09:03:35.994104,2026-07-07T09:03:36.009177+00:00,153.4,3,bid,,,10642495
2026-07-07T09:03:35.994104,2026-07-07T09:03:36.009177+00:00,153.4,3,bid,,,10642496
2026-07-07T09:03:36.008142,2026-07-07T09:03:36.024461+00:00,153.4,48,bid,,,10642499
2026-07-07T09:03:36.048135,2026-07-07T09:03:36.059818+00:00,153.4,50,bid,,,10642500
2026-07-07T09:03:36.064837,2026-07-07T09:03:36.075878+00:00,153.3,20,ask,,,10642505
2026-07-07T09:03:36.082776,2026-07-07T09:03:36.091571+00:00,153.4,25,bid,,,10642508
2026-07-07T09:03:36.317148,2026-07-07T09:03:36.327952+00:00,153.4,24,bid,,,10642515
2026-07-07T09:03:37.321689,2026-07-07T09:03:37.330529+00:00,153.6,6,ask,,,10642527
2026-07-07T09:03:38.206555,2026-07-07T09:03:38.218558+00:00,153.6,50,ask,,,10642545
2026-07-07T09:03:40.318029,2026-07-07T09:03:40.329269+00:00,153.6,50,ask,,,10642576
2026-07-07T09:03:42.428097,2026-07-07T09:03:42.434527+00:00,153.4,50,ask,,,10642601
2026-07-07T09:03:44.534258,2026-07-07T09:03:44.545459+00:00,153.3,50,ask,,,10642626
2026-07-07T09:03:46.642241,2026-07-07T09:03:46.654199+00:00,153.2,50,ask,,,10642650
2026-07-07T09:03:46.645466,2026-07-07T09:03:46.654199+00:00,153.5,6,bid,,,10642651
2026-07-07T09:03:46.838709,2026-07-07T09:03:46.846204+00:00,153.5,25,bid,,,10642654
2026-07-07T09:03:47.058880,2026-07-07T09:03:47.070342+00:00,153.5,6,bid,,,10642660
2026-07-07T09:03:47.879912,2026-07-07T09:03:47.887090+00:00,153.5,40,bid,,,10642674
2026-07-07T09:03:47.935343,2026-07-07T09:03:47.944304+00:00,153.1,42,ask,,,10642676
2026-07-07T09:03:48.750722,2026-07-07T09:03:48.758586+00:00,153.1,50,ask,,,10642688
2026-07-07T09:03:50.041102,2026-07-07T09:03:50.048524+00:00,153.0,100,ask,,,10642716
2026-07-07T09:03:50.857828,2026-07-07T09:03:50.869641+00:00,152.5,50,ask,,,10642730
2026-07-07T09:03:51.850914,2026-07-07T09:03:51.856445+00:00,153.0,46,bid,,,10642747
2026-07-07T09:03:52.912718,2026-07-07T09:03:52.921938+00:00,153.0,4,bid,,,10642767
2026-07-07T09:03:52.912718,2026-07-07T09:03:52.921938+00:00,153.4,46,bid,,,10642768
2026-07-07T09:03:55.022358,2026-07-07T09:03:55.027634+00:00,153.4,50,bid,,,10642807
2026-07-07T09:03:57.132541,2026-07-07T09:03:57.145470+00:00,153.3,50,bid,,,10642833
2026-07-07T09:03:59.239004,2026-07-07T09:03:59.249525+00:00,153.3,50,bid,,,10642860
2026-07-07T09:04:01.372331,2026-07-07T09:04:01.384745+00:00,153.5,20,bid,,,10642882
2026-07-07T09:04:01.372331,2026-07-07T09:04:01.384745+00:00,153.6,30,bid,,,10642883
2026-07-07T09:04:03.479460,2026-07-07T09:04:03.487814+00:00,153.6,50,bid,,,10642912
2026-07-07T09:04:04.927391,2026-07-07T09:04:04.939009+00:00,153.7,100,bid,,,10642936
2026-07-07T09:04:05.042760,2026-07-07T09:04:05.052561+00:00,153.6,17,ask,,,10642941
2026-07-07T09:04:05.593055,2026-07-07T09:04:05.612718+00:00,153.6,20,bid,,,10642952
2026-07-07T09:04:05.593055,2026-07-07T09:04:05.612718+00:00,153.6,5,bid,,,10642953
2026-07-07T09:04:05.593055,2026-07-07T09:04:05.612718+00:00,153.7,25,bid,,,10642954
2026-07-07T09:04:05.663141,2026-07-07T09:04:05.674808+00:00,153.7,5,bid,,,10642959
2026-07-07T09:04:05.667590,2026-07-07T09:04:05.674808+00:00,153.7,2,bid,,,10642960
2026-07-07T09:04:05.747147,2026-07-07T09:04:05.758989+00:00,153.6,20,ask,,,10642961
2026-07-07T09:04:05.747147,2026-07-07T09:04:05.758989+00:00,153.2,22,ask,,,10642962
2026-07-07T09:04:05.809680,2026-07-07T09:04:05.821433+00:00,154.3,20,bid,,,10642964
2026-07-07T09:04:05.809680,2026-07-07T09:04:05.821433+00:00,154.4,100,bid,,,10642965
2026-07-07T09:04:05.873888,2026-07-07T09:04:05.883166+00:00,154.9,2,bid,,,10642968
2026-07-07T09:04:06.087072,2026-07-07T09:04:06.098456+00:00,154.5,1,bid,,,10642973
2026-07-07T09:04:06.354083,2026-07-07T09:04:06.368750+00:00,154.4,30,ask,,,10642982
2026-07-07T09:04:06.358299,2026-07-07T09:04:06.368750+00:00,153.8,20,ask,,,10642983
2026-07-07T09:04:07.706186,2026-07-07T09:04:07.717920+00:00,154.9,50,bid,,,10643001
2026-07-07T09:04:08.133241,2026-07-07T09:04:08.138358+00:00,154.1,7,bid,,,10643005
2026-07-07T09:04:09.234716,2026-07-07T09:04:09.244154+00:00,154.1,11,bid,,,10643023
2026-07-07T09:04:11.670543,2026-07-07T09:04:11.682254+00:00,153.9,40,ask,,,10643062
2026-07-07T09:04:12.278976,2026-07-07T09:04:12.290492+00:00,154.1,12,bid,,,10643071
2026-07-07T09:04:12.912305,2026-07-07T09:04:12.921214+00:00,154.2,11,bid,,,10643088
2026-07-07T09:04:13.935879,2026-07-07T09:04:13.942384+00:00,154.2,45,bid,,,10643099
2026-07-07T09:04:14.431942,2026-07-07T09:04:14.442553+00:00,154.2,40,bid,,,10643111
2026-07-07T09:04:16.430851,2026-07-07T09:04:16.440563+00:00,154.3,48,ask,,,10643138
2026-07-07T09:04:17.063059,2026-07-07T09:04:17.071937+00:00,154.3,46,ask,,,10643144
2026-07-07T09:04:17.165180,2026-07-07T09:04:17.173282+00:00,154.3,23,ask,,,10643147
2026-07-07T09:04:17.352985,2026-07-07T09:04:17.354867+00:00,154.3,25,ask,,,10643149
2026-07-07T09:04:17.572454,2026-07-07T09:04:17.579580+00:00,154.3,8,ask,,,10643154
2026-07-07T09:04:18.302594,2026-07-07T09:04:18.312774+00:00,154.0,50,ask,,,10643167
2026-07-07T09:04:18.534703,2026-07-07T09:04:18.544154+00:00,154.1,12,bid,,,10643177
2026-07-07T09:04:18.668196,2026-07-07T09:04:18.680245+00:00,154.1,48,bid,,,10643179
2026-07-07T09:04:20.357929,2026-07-07T09:04:20.369938+00:00,154.1,50,bid,,,10643201
2026-07-07T09:04:22.466920,2026-07-07T09:04:22.479030+00:00,154.3,50,bid,,,10643230
2026-07-07T09:04:23.411263,2026-07-07T09:04:23.424620+00:00,154.3,47,bid,,,10643240
2026-07-07T09:04:24.601762,2026-07-07T09:04:24.608623+00:00,154.4,20,bid,,,10643255
2026-07-07T09:04:24.601762,2026-07-07T09:04:24.613853+00:00,154.5,30,bid,,,10643256
2026-07-07T09:04:26.710754,2026-07-07T09:04:26.722355+00:00,154.3,50,bid,,,10643281
2026-07-07T09:04:28.817940,2026-07-07T09:04:28.826018+00:00,154.5,50,bid,,,10643312
2026-07-07T09:04:30.926640,2026-07-07T09:04:30.935891+00:00,154.4,20,bid,,,10643341
2026-07-07T09:04:30.926640,2026-07-07T09:04:30.935891+00:00,154.7,30,bid,,,10643342
2026-07-07T09:04:33.038798,2026-07-07T09:04:33.050850+00:00,154.4,20,bid,,,10643363
2026-07-07T09:04:33.038798,2026-07-07T09:04:33.050850+00:00,154.7,30,bid,,,10643364
2026-07-07T09:04:33.403592,2026-07-07T09:04:33.411897+00:00,154.3,12,ask,,,10643373
2026-07-07T09:04:33.509760,2026-07-07T09:04:33.516670+00:00,154.3,25,ask,,,10643377
2026-07-07T09:04:33.729913,2026-07-07T09:04:33.741184+00:00,154.3,25,ask,,,10643382
2026-07-07T09:04:35.201244,2026-07-07T09:04:35.210797+00:00,154.4,50,ask,,,10643406
2026-07-07T09:04:35.631797,2026-07-07T09:04:35.638921+00:00,154.4,43,ask,,,10643412
2026-07-07T09:04:37.101255,2026-07-07T09:04:37.118669+00:00,154.4,47,ask,,,10643434
2026-07-07T09:04:37.309429,2026-07-07T09:04:37.321473+00:00,154.4,10,ask,,,10643439
2026-07-07T09:04:37.309429,2026-07-07T09:04:37.321473+00:00,154.3,40,ask,,,10643440
2026-07-07T09:04:37.498873,2026-07-07T09:04:37.510378+00:00,154.3,60,ask,,,10643446
2026-07-07T09:04:39.367800,2026-07-07T09:04:39.379466+00:00,154.3,50,bid,,,10643470
2026-07-07T09:04:41.457016,2026-07-07T09:04:41.468617+00:00,154.4,41,bid,,,10643507
2026-07-07T09:04:41.476208,2026-07-07T09:04:41.484360+00:00,154.4,50,bid,,,10643508
2026-07-07T09:04:43.436568,2026-07-07T09:04:43.447999+00:00,154.3,48,ask,,,10643538
2026-07-07T09:04:43.583178,2026-07-07T09:04:43.595125+00:00,154.6,50,bid,,,10643540
2026-07-07T09:04:43.853353,2026-07-07T09:04:43.858571+00:00,154.4,23,ask,,,10643543
2026-07-07T09:04:45.468867,2026-07-07T09:04:45.480704+00:00,154.8,48,bid,,,10643559
2026-07-07T09:04:45.691804,2026-07-07T09:04:45.703873+00:00,154.8,50,bid,,,10643562
2026-07-07T09:04:45.759655,2026-07-07T09:04:45.771179+00:00,154.4,11,ask,,,10643565
2026-07-07T09:04:47.850976,2026-07-07T09:04:47.858569+00:00,154.3,50,ask,,,10643604
2026-07-07T09:04:49.092061,2026-07-07T09:04:49.100258+00:00,154.7,44,bid,,,10643628
2026-07-07T09:04:52.074436,2026-07-07T09:04:52.086471+00:00,154.5,50,ask,,,10643667
2026-07-07T09:04:53.323705,2026-07-07T09:04:53.335357+00:00,154.5,100,ask,,,10643688
2026-07-07T09:04:54.130594,2026-07-07T09:04:54.142216+00:00,154.5,50,bid,,,10643699
2026-07-07T09:04:54.831295,2026-07-07T09:04:54.839878+00:00,154.3,20,ask,,,10643717
2026-07-07T09:04:54.831295,2026-07-07T09:04:54.839878+00:00,154.0,29,ask,,,10643718
2026-07-07T09:04:56.238732,2026-07-07T09:04:56.250339+00:00,154.6,50,bid,,,10643734
2026-07-07T09:04:56.432696,2026-07-07T09:04:56.444762+00:00,154.6,50,bid,,,10643737
2026-07-07T09:04:56.432696,2026-07-07T09:04:56.444762+00:00,154.6,5,bid,,,10643738
2026-07-07T09:04:56.432696,2026-07-07T09:04:56.449779+00:00,154.8,20,bid,,,10643739
2026-07-07T09:04:56.505981,2026-07-07T09:04:56.514638+00:00,154.9,23,ask,,,10643742
2026-07-07T09:04:56.608487,2026-07-07T09:04:56.620289+00:00,155.4,2,bid,,,10643746
2026-07-07T09:04:56.821992,2026-07-07T09:04:56.830328+00:00,155.4,2,bid,,,10643750
2026-07-07T09:04:57.032520,2026-07-07T09:04:57.043213+00:00,155.4,1,bid,,,10643753
2026-07-07T09:04:58.324152,2026-07-07T09:04:58.332549+00:00,154.9,11,ask,,,10643769
2026-07-07T09:04:58.397149,2026-07-07T09:04:58.404714+00:00,154.9,41,ask,,,10643771
2026-07-07T09:04:59.478134,2026-07-07T09:04:59.489977+00:00,154.3,41,ask,,,10643786
2026-07-07T09:05:00.508213,2026-07-07T09:05:00.520250+00:00,154.3,50,ask,,,10643799
2026-07-07T09:05:01.932928,2026-07-07T09:05:01.941567+00:00,154.5,23,bid,,,10643830
2026-07-07T09:05:04.645011,2026-07-07T09:05:04.658588+00:00,154.5,48,bid,,,10643866
2026-07-07T09:05:04.723913,2026-07-07T09:05:04.734125+00:00,154.1,20,ask,,,10643867
2026-07-07T09:05:04.723913,2026-07-07T09:05:04.734125+00:00,154.0,30,ask,,,10643868
2026-07-07T09:05:06.203983,2026-07-07T09:05:06.218828+00:00,154.3,41,bid,,,10643890
2026-07-07T09:05:06.834702,2026-07-07T09:05:06.844038+00:00,154.0,50,ask,,,10643903
2026-07-07T09:05:08.940566,2026-07-07T09:05:08.958596+00:00,154.0,20,ask,,,10643927
2026-07-07T09:05:08.940566,2026-07-07T09:05:08.958596+00:00,153.8,30,ask,,,10643928
2026-07-07T09:05:09.674962,2026-07-07T09:05:09.683531+00:00,153.9,41,ask,,,10643936
2026-07-07T09:05:10.222280,2026-07-07T09:05:10.234357+00:00,154.0,20,ask,,,10643943
2026-07-07T09:05:10.222280,2026-07-07T09:05:10.234357+00:00,153.9,21,ask,,,10643944
2026-07-07T09:05:10.438071,2026-07-07T09:05:10.447082+00:00,154.3,11,bid,,,10643948
2026-07-07T09:05:11.051944,2026-07-07T09:05:11.057692+00:00,154.0,20,ask,,,10643957
2026-07-07T09:05:12.322303,2026-07-07T09:05:12.334122+00:00,154.1,11,bid,,,10643968
2026-07-07T09:05:13.162412,2026-07-07T09:05:13.174281+00:00,153.9,50,ask,,,10643983
2026-07-07T09:05:13.300514,2026-07-07T09:05:13.314038+00:00,154.1,12,bid,,,10643989
2026-07-07T09:05:15.275648,2026-07-07T09:05:15.285827+00:00,153.9,20,ask,,,10644018
2026-07-07T09:05:15.275648,2026-07-07T09:05:15.285827+00:00,153.8,30,ask,,,10644019
2026-07-07T09:05:15.999567,2026-07-07T09:05:16.011515+00:00,154.3,43,bid,,,10644039
2026-07-07T09:05:17.387678,2026-07-07T09:05:17.398102+00:00,153.8,50,ask,,,10644056
2026-07-07T09:05:17.662898,2026-07-07T09:05:17.675411+00:00,154.3,42,bid,,,10644061
2026-07-07T09:05:18.771134,2026-07-07T09:05:18.782833+00:00,154.0,46,bid,,,10644077
2026-07-07T09:05:19.505735,2026-07-07T09:05:19.515929+00:00,153.8,20,ask,,,10644084
2026-07-07T09:05:19.505735,2026-07-07T09:05:19.515929+00:00,153.7,30,ask,,,10644085
2026-07-07T09:05:20.399912,2026-07-07T09:05:20.412342+00:00,153.8,20,ask,,,10644101
2026-07-07T09:05:20.399912,2026-07-07T09:05:20.412342+00:00,153.7,23,ask,,,10644102
2026-07-07T09:05:20.924431,2026-07-07T09:05:20.936079+00:00,153.7,43,ask,,,10644109
2026-07-07T09:05:21.472846,2026-07-07T09:05:21.484935+00:00,154.1,20,bid,,,10644117
2026-07-07T09:05:21.472846,2026-07-07T09:05:21.484935+00:00,154.1,5,bid,,,10644118
2026-07-07T09:05:21.472846,2026-07-07T09:05:21.484935+00:00,154.2,22,bid,,,10644119
2026-07-07T09:05:21.564022,2026-07-07T09:05:21.575906+00:00,154.2,50,bid,,,10644122
2026-07-07T09:05:21.647892,2026-07-07T09:05:21.656660+00:00,154.2,2,bid,,,10644123
2026-07-07T09:05:21.858833,2026-07-07T09:05:21.867013+00:00,154.1,2,bid,,,10644125
2026-07-07T09:05:22.071548,2026-07-07T09:05:22.078407+00:00,154.1,1,bid,,,10644128
2026-07-07T09:05:23.726352,2026-07-07T09:05:23.733693+00:00,153.7,50,ask,,,10644149
2026-07-07T09:05:24.580163,2026-07-07T09:05:24.592039+00:00,153.6,47,ask,,,10644158
2026-07-07T09:05:25.781175,2026-07-07T09:05:25.793150+00:00,153.9,50,bid,,,10644175
2026-07-07T09:05:26.427213,2026-07-07T09:05:26.438088+00:00,153.9,11,bid,,,10644182
2026-07-07T09:05:26.441521,2026-07-07T09:05:26.453356+00:00,153.9,25,bid,,,10644185
2026-07-07T09:05:26.662977,2026-07-07T09:05:26.673951+00:00,153.9,14,bid,,,10644190
2026-07-07T09:05:26.662977,2026-07-07T09:05:26.673951+00:00,153.9,11,bid,,,10644191
2026-07-07T09:05:26.888138,2026-07-07T09:05:26.898211+00:00,153.9,25,bid,,,10644194
2026-07-07T09:05:27.115564,2026-07-07T09:05:27.126367+00:00,153.9,5,bid,,,10644203
2026-07-07T09:05:27.315139,2026-07-07T09:05:27.327248+00:00,153.9,46,bid,,,10644206
2026-07-07T09:05:27.889768,2026-07-07T09:05:27.899543+00:00,153.9,50,bid,,,10644216
2026-07-07T09:05:28.075097,2026-07-07T09:05:28.086816+00:00,154.2,20,bid,,,10644218
2026-07-07T09:05:28.075097,2026-07-07T09:05:28.086816+00:00,154.2,5,bid,,,10644219
2026-07-07T09:05:28.087986,2026-07-07T09:05:28.097006+00:00,154.2,11,ask,,,10644220
2026-07-07T09:05:28.248561,2026-07-07T09:05:28.255009+00:00,154.3,2,bid,,,10644226
2026-07-07T09:05:28.461675,2026-07-07T09:05:28.470765+00:00,154.3,2,bid,,,10644232
2026-07-07T09:05:28.668062,2026-07-07T09:05:28.679873+00:00,154.3,1,bid,,,10644233
2026-07-07T09:05:30.032196,2026-07-07T09:05:30.044234+00:00,154.3,50,bid,,,10644258
2026-07-07T09:05:32.141669,2026-07-07T09:05:32.148449+00:00,154.4,20,bid,,,10644279
2026-07-07T09:05:32.141669,2026-07-07T09:05:32.148449+00:00,154.6,30,bid,,,10644280
2026-07-07T09:05:33.314218,2026-07-07T09:05:33.325964+00:00,154.1,47,ask,,,10644297
2026-07-07T09:05:34.278064,2026-07-07T09:05:34.289398+00:00,154.4,20,bid,,,10644312
2026-07-07T09:05:34.278064,2026-07-07T09:05:34.289398+00:00,154.5,30,bid,,,10644313
2026-07-07T09:05:34.416300,2026-07-07T09:05:34.426619+00:00,154.4,20,bid,,,10644318
2026-07-07T09:05:34.416300,2026-07-07T09:05:34.426619+00:00,154.5,26,bid,,,10644319
2026-07-07T09:05:36.385513,2026-07-07T09:05:36.397430+00:00,154.3,20,bid,,,10644341
2026-07-07T09:05:36.385513,2026-07-07T09:05:36.397430+00:00,154.5,30,bid,,,10644342
2026-07-07T09:05:38.323432,2026-07-07T09:05:38.332441+00:00,154.1,23,ask,,,10644367
2026-07-07T09:05:38.498031,2026-07-07T09:05:38.505773+00:00,154.5,50,bid,,,10644369
2026-07-07T09:05:38.501334,2026-07-07T09:05:38.511094+00:00,154.1,25,ask,,,10644370
2026-07-07T09:05:38.723958,2026-07-07T09:05:38.735279+00:00,154.1,25,ask,,,10644372
2026-07-07T09:05:38.946618,2026-07-07T09:05:38.952773+00:00,154.1,25,ask,,,10644379
2026-07-07T09:05:39.167246,2026-07-07T09:05:39.176532+00:00,154.1,2,ask,,,10644389
2026-07-07T09:05:40.130468,2026-07-07T09:05:40.137107+00:00,154.0,42,ask,,,10644403
2026-07-07T09:05:40.604579,2026-07-07T09:05:40.616609+00:00,154.3,5,bid,,,10644410
2026-07-07T09:05:40.604579,2026-07-07T09:05:40.616609+00:00,154.4,45,bid,,,10644411
2026-07-07T09:05:42.742703,2026-07-07T09:05:42.758603+00:00,154.3,20,bid,,,10644449
2026-07-07T09:05:42.742703,2026-07-07T09:05:42.758603+00:00,154.4,30,bid,,,10644450
2026-07-07T09:05:44.851434,2026-07-07T09:05:44.857947+00:00,154.3,50,bid,,,10644475
2026-07-07T09:05:46.246601,2026-07-07T09:05:46.258293+00:00,154.3,46,bid,,,10644490
2026-07-07T09:05:46.959007,2026-07-07T09:05:46.971154+00:00,154.3,50,bid,,,10644500
2026-07-07T09:05:47.077649,2026-07-07T09:05:47.088648+00:00,154.5,100,bid,,,10644502
2026-07-07T09:05:47.077649,2026-07-07T09:05:47.088648+00:00,154.5,3,bid,,,10644503
2026-07-07T09:05:47.146652,2026-07-07T09:05:47.156144+00:00,154.5,23,ask,,,10644505
2026-07-07T09:05:47.403752,2026-07-07T09:05:47.412284+00:00,154.5,11,ask,,,10644508
2026-07-07T09:05:49.125901,2026-07-07T09:05:49.130480+00:00,154.5,13,ask,,,10644540
2026-07-07T09:05:49.125901,2026-07-07T09:05:49.130480+00:00,154.0,37,ask,,,10644541
2026-07-07T09:05:51.184626,2026-07-07T09:05:51.196533+00:00,154.5,50,bid,,,10644566
2026-07-07T09:05:51.659495,2026-07-07T09:05:51.670906+00:00,154.5,11,bid,,,10644571
2026-07-07T09:05:53.345418,2026-07-07T09:05:53.357103+00:00,154.4,50,ask,,,10644599
2026-07-07T09:05:54.079872,2026-07-07T09:05:54.088685+00:00,154.4,11,ask,,,10644609
2026-07-07T09:05:55.247531,2026-07-07T09:05:55.260243+00:00,154.4,12,ask,,,10644623
2026-07-07T09:05:55.452847,2026-07-07T09:05:55.464789+00:00,154.4,27,ask,,,10644630
2026-07-07T09:05:55.452847,2026-07-07T09:05:55.464789+00:00,154.2,23,ask,,,10644631
2026-07-07T09:05:55.712191,2026-07-07T09:05:55.724130+00:00,154.2,100,ask,,,10644635
2026-07-07T09:05:56.521349,2026-07-07T09:05:56.533306+00:00,154.2,27,ask,,,10644642
2026-07-07T09:05:56.521349,2026-07-07T09:05:56.533306+00:00,153.7,19,ask,,,10644643
2026-07-07T09:05:56.639393,2026-07-07T09:05:56.648257+00:00,153.9,35,bid,,,10644648
2026-07-07T09:05:57.560816,2026-07-07T09:05:57.572756+00:00,153.7,50,ask,,,10644661
2026-07-07T09:05:57.681973,2026-07-07T09:05:57.693949+00:00,153.9,45,bid,,,10644664
2026-07-07T09:05:57.891430,2026-07-07T09:05:57.899654+00:00,153.9,11,bid,,,10644675
2026-07-07T09:05:58.505673,2026-07-07T09:05:58.517383+00:00,153.9,2,bid,,,10644683
2026-07-07T09:05:58.711519,2026-07-07T09:05:58.723211+00:00,153.9,2,bid,,,10644685
2026-07-07T09:05:58.918839,2026-07-07T09:05:58.926263+00:00,153.9,1,bid,,,10644686
2026-07-07T09:05:59.685707,2026-07-07T09:05:59.694855+00:00,153.8,50,ask,,,10644694
2026-07-07T09:06:01.053846,2026-07-07T09:06:01.058594+00:00,153.8,41,ask,,,10644712
2026-07-07T09:06:01.792333,2026-07-07T09:06:01.804426+00:00,153.8,9,ask,,,10644716
2026-07-07T09:06:01.792333,2026-07-07T09:06:01.804426+00:00,153.6,41,ask,,,10644717
2026-07-07T09:06:03.121931,2026-07-07T09:06:03.133784+00:00,153.8,45,bid,,,10644732
2026-07-07T09:06:03.904119,2026-07-07T09:06:03.913648+00:00,153.3,50,ask,,,10644739
2026-07-07T09:06:06.011504,2026-07-07T09:06:06.023721+00:00,153.5,20,ask,,,10644778
2026-07-07T09:06:06.011504,2026-07-07T09:06:06.023721+00:00,153.4,30,ask,,,10644779
2026-07-07T09:06:08.121638,2026-07-07T09:06:08.133226+00:00,153.4,50,ask,,,10644804
2026-07-07T09:06:08.367961,2026-07-07T09:06:08.378179+00:00,153.4,20,ask,,,10644810
2026-07-07T09:06:08.380193,2026-07-07T09:06:08.390216+00:00,153.4,11,bid,,,10644811
2026-07-07T09:06:10.232101,2026-07-07T09:06:10.242760+00:00,153.2,50,ask,,,10644846
2026-07-07T09:06:12.286667,2026-07-07T09:06:12.298284+00:00,153.5,50,bid,,,10644884
2026-07-07T09:06:13.960363,2026-07-07T09:06:13.971853+00:00,153.0,48,ask,,,10644906
2026-07-07T09:06:15.038924,2026-07-07T09:06:15.050675+00:00,153.2,43,bid,,,10644918
2026-07-07T09:06:15.691072,2026-07-07T09:06:15.701406+00:00,153.0,20,ask,,,10644927
2026-07-07T09:06:15.691072,2026-07-07T09:06:15.701406+00:00,152.9,22,ask,,,10644928
2026-07-07T09:06:16.499116,2026-07-07T09:06:16.510781+00:00,153.2,50,bid,,,10644935
2026-07-07T09:06:17.789500,2026-07-07T09:06:17.801147+00:00,152.9,46,ask,,,10644947
2026-07-07T09:06:20.769695,2026-07-07T09:06:20.778708+00:00,152.9,20,ask,,,10644973
2026-07-07T09:06:20.769695,2026-07-07T09:06:20.778708+00:00,152.8,30,ask,,,10644974
2026-07-07T09:06:21.454792,2026-07-07T09:06:21.466336+00:00,153.1,44,bid,,,10644991
2026-07-07T09:06:22.830061,2026-07-07T09:06:22.839837+00:00,153.3,50,bid,,,10645000
2026-07-07T09:06:23.431157,2026-07-07T09:06:23.444566+00:00,153.0,20,ask,,,10645009
2026-07-07T09:06:24.945081,2026-07-07T09:06:24.953551+00:00,153.3,50,bid,,,10645022
2026-07-07T09:06:27.053170,2026-07-07T09:06:27.064791+00:00,153.5,50,bid,,,10645043
2026-07-07T09:06:29.091921,2026-07-07T09:06:29.102807+00:00,153.2,42,ask,,,10645063
2026-07-07T09:06:29.160463,2026-07-07T09:06:29.172266+00:00,153.6,50,bid,,,10645064
2026-07-07T09:06:31.271406,2026-07-07T09:06:31.283238+00:00,153.5,50,bid,,,10645095
2026-07-07T09:06:32.626315,2026-07-07T09:06:32.637960+00:00,153.5,40,bid,,,10645109
2026-07-07T09:06:33.138743,2026-07-07T09:06:33.145289+00:00,153.3,40,ask,,,10645112
2026-07-07T09:06:33.453227,2026-07-07T09:06:33.465202+00:00,153.3,50,ask,,,10645124
2026-07-07T09:06:33.750309,2026-07-07T09:06:33.758568+00:00,153.5,20,bid,,,10645130
2026-07-07T09:06:33.750309,2026-07-07T09:06:33.758568+00:00,153.8,22,bid,,,10645131
2026-07-07T09:06:34.247549,2026-07-07T09:06:34.259484+00:00,153.6,20,bid,,,10645139
2026-07-07T09:06:34.247549,2026-07-07T09:06:34.259484+00:00,153.6,5,bid,,,10645140
2026-07-07T09:06:34.247549,2026-07-07T09:06:34.259484+00:00,153.8,22,bid,,,10645141
2026-07-07T09:06:34.306394,2026-07-07T09:06:34.329173+00:00,153.3,46,ask,,,10645144
2026-07-07T09:06:34.440330,2026-07-07T09:06:34.447730+00:00,153.6,2,bid,,,10645150
2026-07-07T09:06:35.561231,2026-07-07T09:06:35.572976+00:00,153.3,50,ask,,,10645165
2026-07-07T09:06:36.567609,2026-07-07T09:06:36.574423+00:00,153.4,41,bid,,,10645176
2026-07-07T09:06:37.705982,2026-07-07T09:06:37.717905+00:00,153.1,50,ask,,,10645190
2026-07-07T09:06:38.978353,2026-07-07T09:06:38.990194+00:00,153.6,47,bid,,,10645204
2026-07-07T09:06:39.813786,2026-07-07T09:06:39.825833+00:00,153.2,20,ask,,,10645221
2026-07-07T09:06:39.813786,2026-07-07T09:06:39.825833+00:00,153.1,30,ask,,,10645222
2026-07-07T09:06:41.927798,2026-07-07T09:06:41.936867+00:00,153.2,50,ask,,,10645247
2026-07-07T09:06:44.037788,2026-07-07T09:06:44.049479+00:00,153.1,20,ask,,,10645278
2026-07-07T09:06:44.037788,2026-07-07T09:06:44.049479+00:00,153.0,30,ask,,,10645279
2026-07-07T09:06:46.177436,2026-07-07T09:06:46.186807+00:00,153.1,20,ask,,,10645315
2026-07-07T09:06:46.177436,2026-07-07T09:06:46.186807+00:00,153.0,30,ask,,,10645316
2026-07-07T09:06:46.504416,2026-07-07T09:06:46.515972+00:00,153.0,48,ask,,,10645323
2026-07-07T09:06:47.135258,2026-07-07T09:06:47.143984+00:00,153.0,40,ask,,,10645332
2026-07-07T09:06:47.283621,2026-07-07T09:06:47.299028+00:00,153.2,12,bid,,,10645334
2026-07-07T09:06:47.740376,2026-07-07T09:06:47.751052+00:00,153.2,17,bid,,,10645341
2026-07-07T09:06:47.786074,2026-07-07T09:06:47.802157+00:00,153.2,25,bid,,,10645344
2026-07-07T09:06:48.008399,2026-07-07T09:06:48.019993+00:00,153.2,25,bid,,,10645346
2026-07-07T09:06:48.231649,2026-07-07T09:06:48.241669+00:00,153.2,25,bid,,,10645352
2026-07-07T09:06:48.286448,2026-07-07T09:06:48.294590+00:00,153.0,50,ask,,,10645353
2026-07-07T09:06:48.456254,2026-07-07T09:06:48.458545+00:00,153.2,7,bid,,,10645355
2026-07-07T09:06:50.411689,2026-07-07T09:06:50.421343+00:00,153.3,50,ask,,,10645376
2026-07-07T09:06:50.470825,2026-07-07T09:06:50.479155+00:00,153.6,49,bid,,,10645377
2026-07-07T09:06:51.004222,2026-07-07T09:06:51.013800+00:00,153.3,44,ask,,,10645381
2026-07-07T09:06:51.599000,2026-07-07T09:06:51.610958+00:00,153.6,48,bid,,,10645387
2026-07-07T09:06:52.466953,2026-07-07T09:06:52.473951+00:00,153.6,3,bid,,,10645393
2026-07-07T09:06:52.466953,2026-07-07T09:06:52.479002+00:00,153.8,47,bid,,,10645394
2026-07-07T09:06:53.008333,2026-07-07T09:06:53.019091+00:00,153.5,42,ask,,,10645398
2026-07-07T09:06:53.967829,2026-07-07T09:06:53.979344+00:00,153.8,44,bid,,,10645411
2026-07-07T09:06:54.629170,2026-07-07T09:06:54.636702+00:00,153.5,50,ask,,,10645422
2026-07-07T09:06:55.573999,2026-07-07T09:06:55.585624+00:00,153.5,8,ask,,,10645432
2026-07-07T09:06:55.573999,2026-07-07T09:06:55.585624+00:00,153.3,34,ask,,,10645433
2026-07-07T09:06:56.633351,2026-07-07T09:06:56.645517+00:00,153.7,45,bid,,,10645450
2026-07-07T09:06:56.736575,2026-07-07T09:06:56.746067+00:00,153.3,50,ask,,,10645452
2026-07-07T09:06:57.221645,2026-07-07T09:06:57.233189+00:00,153.3,41,ask,,,10645463
2026-07-07T09:06:57.775590,2026-07-07T09:06:57.787520+00:00,153.7,41,bid,,,10645477
2026-07-07T09:06:58.296250,2026-07-07T09:06:58.303671+00:00,153.7,2,bid,,,10645491
2026-07-07T09:06:58.507698,2026-07-07T09:06:58.515843+00:00,153.7,1,bid,,,10645492
2026-07-07T09:06:58.848425,2026-07-07T09:06:58.856057+00:00,153.3,50,ask,,,10645497
2026-07-07T09:06:59.949730,2026-07-07T09:06:59.951348+00:00,153.5,100,ask,,,10645507
2026-07-07T09:07:00.957307,2026-07-07T09:07:00.969110+00:00,153.0,50,ask,,,10645526
2026-07-07T09:07:01.931074,2026-07-07T09:07:01.939216+00:00,153.5,43,bid,,,10645541
2026-07-07T09:07:03.081009,2026-07-07T09:07:03.096234+00:00,153.5,50,ask,,,10645557
2026-07-07T09:07:03.530081,2026-07-07T09:07:03.541424+00:00,153.5,42,ask,,,10645565
2026-07-07T09:07:05.402354,2026-07-07T09:07:05.409647+00:00,153.5,41,ask,,,10645591
2026-07-07T09:07:06.301358,2026-07-07T09:07:06.313433+00:00,153.5,100,ask,,,10645608
2026-07-07T09:07:07.242610,2026-07-07T09:07:07.258606+00:00,153.4,50,bid,,,10645613
2026-07-07T09:07:09.405904,2026-07-07T09:07:09.417671+00:00,153.2,50,ask,,,10645642
2026-07-07T09:07:11.654364,2026-07-07T09:07:11.666118+00:00,153.4,100,ask,,,10645664
2026-07-07T09:07:13.600065,2026-07-07T09:07:13.607982+00:00,153.2,50,bid,,,10645703
2026-07-07T09:07:13.945878,2026-07-07T09:07:13.964023+00:00,153.2,49,bid,,,10645706
2026-07-07T09:07:14.445814,2026-07-07T09:07:14.454848+00:00,153.2,49,bid,,,10645715
2026-07-07T09:07:15.522896,2026-07-07T09:07:15.535020+00:00,153.1,41,ask,,,10645728
2026-07-07T09:07:15.708031,2026-07-07T09:07:15.716864+00:00,153.6,50,bid,,,10645731
2026-07-07T09:07:17.847973,2026-07-07T09:07:17.850342+00:00,153.6,50,bid,,,10645750
2026-07-07T09:07:19.953643,2026-07-07T09:07:19.965218+00:00,153.7,50,bid,,,10645780
2026-07-07T09:07:21.364662,2026-07-07T09:07:21.376543+00:00,153.3,47,ask,,,10645798
2026-07-07T09:07:22.088312,2026-07-07T09:07:22.099221+00:00,153.6,50,bid,,,10645808
2026-07-07T09:07:22.746325,2026-07-07T09:07:22.758603+00:00,153.2,41,ask,,,10645820
2026-07-07T09:07:23.799263,2026-07-07T09:07:23.807547+00:00,153.6,46,bid,,,10645835
2026-07-07T09:07:24.390402,2026-07-07T09:07:24.401938+00:00,153.3,42,ask,,,10645847
2026-07-07T09:07:26.363485,2026-07-07T09:07:26.375482+00:00,153.3,50,ask,,,10645883
2026-07-07T09:07:28.426471,2026-07-07T09:07:28.433525+00:00,153.6,20,bid,,,10645909
2026-07-07T09:07:28.426471,2026-07-07T09:07:28.438470+00:00,153.6,5,bid,,,10645910
2026-07-07T09:07:28.426471,2026-07-07T09:07:28.438470+00:00,153.7,25,bid,,,10645911
2026-07-07T09:07:28.611697,2026-07-07T09:07:28.623249+00:00,153.4,2,bid,,,10645919
2026-07-07T09:07:28.819361,2026-07-07T09:07:28.828825+00:00,153.4,2,bid,,,10645922
2026-07-07T09:07:29.027497,2026-07-07T09:07:29.038726+00:00,153.4,1,bid,,,10645926
2026-07-07T09:07:30.565479,2026-07-07T09:07:30.577479+00:00,153.4,50,bid,,,10645938
2026-07-07T09:07:32.678955,2026-07-07T09:07:32.685752+00:00,153.6,5,bid,,,10645963
2026-07-07T09:07:32.678955,2026-07-07T09:07:32.691002+00:00,153.6,20,bid,,,10645964
2026-07-07T09:07:32.678955,2026-07-07T09:07:32.691002+00:00,153.7,25,bid,,,10645965
2026-07-07T09:07:32.696135,2026-07-07T09:07:32.707648+00:00,153.7,2,bid,,,10645966
2026-07-07T09:07:33.069314,2026-07-07T09:07:33.081144+00:00,153.7,41,bid,,,10645975
2026-07-07T09:07:34.578653,2026-07-07T09:07:34.586939+00:00,153.2,6,ask,,,10645995
2026-07-07T09:07:36.833946,2026-07-07T09:07:36.845918+00:00,153.4,20,bid,,,10646024
2026-07-07T09:07:36.833946,2026-07-07T09:07:36.845918+00:00,153.6,22,bid,,,10646025
2026-07-07T09:07:36.984935,2026-07-07T09:07:36.996402+00:00,153.1,50,ask,,,10646029
2026-07-07T09:07:37.588013,2026-07-07T09:07:37.624641+00:00,153.1,23,ask,,,10646037
2026-07-07T09:07:37.835587,2026-07-07T09:07:37.842805+00:00,153.1,25,ask,,,10646048
2026-07-07T09:07:37.956568,2026-07-07T09:07:37.978570+00:00,153.1,100,ask,,,10646052
2026-07-07T09:07:37.969311,2026-07-07T09:07:37.978570+00:00,152.9,12,bid,,,10646053
2026-07-07T09:07:41.198240,2026-07-07T09:07:41.205000+00:00,152.6,50,ask,,,10646103
2026-07-07T09:07:41.460078,2026-07-07T09:07:41.468911+00:00,152.6,43,ask,,,10646109
2026-07-07T09:07:43.304005,2026-07-07T09:07:43.316032+00:00,152.6,50,ask,,,10646141
2026-07-07T09:07:44.300475,2026-07-07T09:07:44.314678+00:00,152.7,11,bid,,,10646158
2026-07-07T09:07:44.511792,2026-07-07T09:07:44.522274+00:00,152.5,20,ask,,,10646164
2026-07-07T09:07:45.116131,2026-07-07T09:07:45.123428+00:00,152.7,44,bid,,,10646171
2026-07-07T09:07:45.360017,2026-07-07T09:07:45.371701+00:00,152.7,50,bid,,,10646175
2026-07-07T09:07:46.031691,2026-07-07T09:07:46.044130+00:00,152.5,20,ask,,,10646187
2026-07-07T09:07:46.031691,2026-07-07T09:07:46.044130+00:00,152.4,27,ask,,,10646188
2026-07-07T09:07:47.079773,2026-07-07T09:07:47.091668+00:00,152.7,45,bid,,,10646205
2026-07-07T09:07:47.079773,2026-07-07T09:07:47.091668+00:00,152.8,3,bid,,,10646206
2026-07-07T09:07:47.467667,2026-07-07T09:07:47.479330+00:00,152.8,50,bid,,,10646217
2026-07-07T09:07:49.178416,2026-07-07T09:07:49.187546+00:00,152.7,11,ask,,,10646235
2026-07-07T09:07:49.627404,2026-07-07T09:07:49.637223+00:00,152.7,50,ask,,,10646243
2026-07-07T09:07:51.189091,2026-07-07T09:07:51.201113+00:00,152.9,49,bid,,,10646263
2026-07-07T09:07:51.734491,2026-07-07T09:07:51.746470+00:00,152.4,50,ask,,,10646268
2026-07-07T09:07:53.791189,2026-07-07T09:07:53.803116+00:00,152.6,50,bid,,,10646298
2026-07-07T09:07:55.949908,2026-07-07T09:07:55.963936+00:00,152.1,50,ask,,,10646321
2026-07-07T09:07:58.057616,2026-07-07T09:07:58.069914+00:00,152.0,50,ask,,,10646352
2026-07-07T09:07:58.527133,2026-07-07T09:07:58.535017+00:00,152.2,2,bid,,,10646356
2026-07-07T09:07:58.538512,2026-07-07T09:07:58.550982+00:00,152.0,49,ask,,,10646358
2026-07-07T09:07:58.733780,2026-07-07T09:07:58.742961+00:00,152.2,1,bid,,,10646362
2026-07-07T09:08:01.203214,2026-07-07T09:08:01.211546+00:00,151.8,41,ask,,,10646402
2026-07-07T09:08:02.276452,2026-07-07T09:08:02.288302+00:00,151.8,50,ask,,,10646413
2026-07-07T09:08:03.270268,2026-07-07T09:08:03.291261+00:00,151.8,20,ask,,,10646428
2026-07-07T09:08:03.283211,2026-07-07T09:08:03.291261+00:00,151.8,17,bid,,,10646429
2026-07-07T09:08:03.307805,2026-07-07T09:08:03.317087+00:00,151.8,5,bid,,,10646433
2026-07-07T09:08:04.387715,2026-07-07T09:08:04.399344+00:00,151.7,50,ask,,,10646451
2026-07-07T09:08:06.443295,2026-07-07T09:08:06.458559+00:00,151.8,50,bid,,,10646477
2026-07-07T09:08:07.522542,2026-07-07T09:08:07.534404+00:00,151.8,42,bid,,,10646489
2026-07-07T09:08:08.553534,2026-07-07T09:08:08.564081+00:00,151.8,50,bid,,,10646508
2026-07-07T09:08:09.544348,2026-07-07T09:08:09.551049+00:00,151.8,5,bid,,,10646519
2026-07-07T09:08:09.544348,2026-07-07T09:08:09.556344+00:00,152.0,100,bid,,,10646520
2026-07-07T09:08:09.557851,2026-07-07T09:08:09.569584+00:00,152.3,2,bid,,,10646521
2026-07-07T09:08:09.771017,2026-07-07T09:08:09.779763+00:00,152.3,2,bid,,,10646526
2026-07-07T09:08:09.981601,2026-07-07T09:08:09.989988+00:00,152.2,1,bid,,,10646529
2026-07-07T09:08:10.660607,2026-07-07T09:08:10.672321+00:00,152.4,20,bid,,,10646537
2026-07-07T09:08:10.660607,2026-07-07T09:08:10.672321+00:00,152.4,5,bid,,,10646538
2026-07-07T09:08:10.660607,2026-07-07T09:08:10.672321+00:00,152.5,25,bid,,,10646539
2026-07-07T09:08:10.801862,2026-07-07T09:08:10.809442+00:00,152.5,2,bid,,,10646541
2026-07-07T09:08:11.014659,2026-07-07T09:08:11.024784+00:00,152.5,2,bid,,,10646544
2026-07-07T09:08:11.236974,2026-07-07T09:08:11.244068+00:00,152.4,1,bid,,,10646546
2026-07-07T09:08:12.772896,2026-07-07T09:08:12.784615+00:00,152.3,20,bid,,,10646570
2026-07-07T09:08:12.772896,2026-07-07T09:08:12.784615+00:00,152.3,5,bid,,,10646571
2026-07-07T09:08:12.772896,2026-07-07T09:08:12.784615+00:00,152.4,25,bid,,,10646572
2026-07-07T09:08:12.937930,2026-07-07T09:08:12.947849+00:00,152.1,2,bid,,,10646575
2026-07-07T09:08:13.144396,2026-07-07T09:08:13.150908+00:00,152.1,2,bid,,,10646578
2026-07-07T09:08:13.351750,2026-07-07T09:08:13.358141+00:00,152.1,1,bid,,,10646581
2026-07-07T09:08:14.887866,2026-07-07T09:08:14.897183+00:00,152.1,50,bid,,,10646604
2026-07-07T09:08:19.155864,2026-07-07T09:08:19.158598+00:00,152.0,50,ask,,,10646669
2026-07-07T09:08:20.100910,2026-07-07T09:08:20.112807+00:00,152.0,41,ask,,,10646685
2026-07-07T09:08:20.690173,2026-07-07T09:08:20.698670+00:00,152.2,6,ask,,,10646690
2026-07-07T09:08:21.279151,2026-07-07T09:08:21.286940+00:00,152.0,50,ask,,,10646705
2026-07-07T09:08:21.916181,2026-07-07T09:08:21.923899+00:00,152.4,48,bid,,,10646712
2026-07-07T09:08:22.262403,2026-07-07T09:08:22.271243+00:00,151.9,100,ask,,,10646718
2026-07-07T09:08:22.262403,2026-07-07T09:08:22.271243+00:00,151.9,20,ask,,,10646719
2026-07-07T09:08:22.277697,2026-07-07T09:08:22.285658+00:00,151.9,6,bid,,,10646720
2026-07-07T09:08:22.322946,2026-07-07T09:08:22.332426+00:00,151.9,20,bid,,,10646724
2026-07-07T09:08:23.385929,2026-07-07T09:08:23.394737+00:00,151.4,50,ask,,,10646735
2026-07-07T09:08:23.541804,2026-07-07T09:08:23.554036+00:00,151.9,4,bid,,,10646738
2026-07-07T09:08:23.541804,2026-07-07T09:08:23.554036+00:00,151.9,5,bid,,,10646739
2026-07-07T09:08:23.541804,2026-07-07T09:08:23.554036+00:00,152.4,36,bid,,,10646740
2026-07-07T09:08:23.551513,2026-07-07T09:08:23.559026+00:00,152.4,2,bid,,,10646741
2026-07-07T09:08:23.762789,2026-07-07T09:08:23.770850+00:00,152.4,2,bid,,,10646742
2026-07-07T09:08:23.974665,2026-07-07T09:08:23.982733+00:00,152.4,1,bid,,,10646745
2026-07-07T09:08:25.501247,2026-07-07T09:08:25.510783+00:00,152.0,50,ask,,,10646769
2026-07-07T09:08:27.138670,2026-07-07T09:08:27.158841+00:00,152.0,43,ask,,,10646784
2026-07-07T09:08:27.610833,2026-07-07T09:08:27.620183+00:00,152.0,50,ask,,,10646792
2026-07-07T09:08:28.055067,2026-07-07T09:08:28.067011+00:00,152.0,44,ask,,,10646797
2026-07-07T09:08:28.584382,2026-07-07T09:08:28.593403+00:00,152.3,45,bid,,,10646805
2026-07-07T09:08:29.750112,2026-07-07T09:08:29.756512+00:00,151.8,50,ask,,,10646830
2026-07-07T09:08:30.250128,2026-07-07T09:08:30.256635+00:00,152.2,42,bid,,,10646843
2026-07-07T09:08:30.709023,2026-07-07T09:08:30.715891+00:00,152.2,48,bid,,,10646845
2026-07-07T09:08:31.860315,2026-07-07T09:08:31.871903+00:00,152.1,50,ask,,,10646859
2026-07-07T09:08:32.987438,2026-07-07T09:08:32.999331+00:00,152.1,44,ask,,,10646868
2026-07-07T09:08:33.982967,2026-07-07T09:08:33.991300+00:00,152.1,50,ask,,,10646891
2026-07-07T09:08:36.088712,2026-07-07T09:08:36.100429+00:00,151.9,50,ask,,,10646918
2026-07-07T09:08:38.219249,2026-07-07T09:08:38.230112+00:00,152.1,50,ask,,,10646948
2026-07-07T09:08:38.392748,2026-07-07T09:08:38.404636+00:00,152.1,42,ask,,,10646950
2026-07-07T09:08:39.422096,2026-07-07T09:08:39.433620+00:00,152.1,8,ask,,,10646967
2026-07-07T09:08:39.422096,2026-07-07T09:08:39.433620+00:00,152.0,34,ask,,,10646968
2026-07-07T09:08:40.331514,2026-07-07T09:08:40.340711+00:00,152.0,50,ask,,,10646970
2026-07-07T09:08:42.440067,2026-07-07T09:08:42.458575+00:00,151.8,10,ask,,,10646996
2026-07-07T09:08:42.440067,2026-07-07T09:08:42.458575+00:00,151.7,40,ask,,,10646997
2026-07-07T09:08:44.550783,2026-07-07T09:08:44.554501+00:00,151.6,50,ask,,,10647023
2026-07-07T09:08:46.690210,2026-07-07T09:08:46.699779+00:00,151.7,10,ask,,,10647059
2026-07-07T09:08:46.690210,2026-07-07T09:08:46.699779+00:00,151.7,40,ask,,,10647060
2026-07-07T09:08:47.747339,2026-07-07T09:08:47.755501+00:00,152.0,44,bid,,,10647081
2026-07-07T09:08:48.748999,2026-07-07T09:08:48.755540+00:00,152.0,50,bid,,,10647100
2026-07-07T09:08:50.857338,2026-07-07T09:08:50.868995+00:00,152.0,50,bid,,,10647126
2026-07-07T09:08:50.941513,2026-07-07T09:08:50.951151+00:00,151.9,10,ask,,,10647127
2026-07-07T09:08:51.857251,2026-07-07T09:08:51.869182+00:00,152.0,45,bid,,,10647142
2026-07-07T09:08:52.766733,2026-07-07T09:08:52.775356+00:00,151.9,41,ask,,,10647156
2026-07-07T09:08:52.964897,2026-07-07T09:08:52.976688+00:00,152.4,50,bid,,,10647161
2026-07-07T09:08:53.825884,2026-07-07T09:08:53.832397+00:00,152.5,42,bid,,,10647175
2026-07-07T09:08:54.417199,2026-07-07T09:08:54.428774+00:00,152.0,49,ask,,,10647186
2026-07-07T09:08:55.071952,2026-07-07T09:08:55.083832+00:00,152.5,50,bid,,,10647199
2026-07-07T09:08:57.182949,2026-07-07T09:08:57.194767+00:00,152.5,50,bid,,,10647238
2026-07-07T09:08:59.291269,2026-07-07T09:08:59.303479+00:00,152.4,10,bid,,,10647270
2026-07-07T09:08:59.291269,2026-07-07T09:08:59.303479+00:00,152.4,5,bid,,,10647271
2026-07-07T09:08:59.291269,2026-07-07T09:08:59.309020+00:00,152.5,35,bid,,,10647272
2026-07-07T09:08:59.323909,2026-07-07T09:08:59.331286+00:00,152.5,2,bid,,,10647274
2026-07-07T09:08:59.530733,2026-07-07T09:08:59.540643+00:00,152.5,2,bid,,,10647278
2026-07-07T09:08:59.741407,2026-07-07T09:08:59.748477+00:00,152.5,1,bid,,,10647279
2026-07-07T09:09:00.886618,2026-07-07T09:09:00.898429+00:00,152.7,48,bid,,,10647296
2026-07-07T09:09:01.420134,2026-07-07T09:09:01.428075+00:00,152.7,50,bid,,,10647302
2026-07-07T09:09:01.956830,2026-07-07T09:09:01.958552+00:00,152.3,10,ask,,,10647306
2026-07-07T09:09:01.956830,2026-07-07T09:09:01.969789+00:00,152.2,30,ask,,,10647307
2026-07-07T09:09:02.524165,2026-07-07T09:09:02.536432+00:00,152.6,10,bid,,,10647313
2026-07-07T09:09:02.524165,2026-07-07T09:09:02.536432+00:00,152.7,38,bid,,,10647314
2026-07-07T09:09:03.069735,2026-07-07T09:09:03.080334+00:00,152.4,40,ask,,,10647320
2026-07-07T09:09:04.151813,2026-07-07T09:09:04.163793+00:00,152.8,48,bid,,,10647343
2026-07-07T09:09:05.666582,2026-07-07T09:09:05.673340+00:00,152.6,10,bid,,,10647361
2026-07-07T09:09:05.666582,2026-07-07T09:09:05.678577+00:00,152.8,40,bid,,,10647362
2026-07-07T09:09:06.993373,2026-07-07T09:09:06.999983+00:00,152.7,10,ask,,,10647384
2026-07-07T09:09:07.774790,2026-07-07T09:09:07.786785+00:00,152.8,50,bid,,,10647394
2026-07-07T09:09:09.943681,2026-07-07T09:09:09.953374+00:00,152.7,50,ask,,,10647425
2026-07-07T09:09:10.273050,2026-07-07T09:09:10.284525+00:00,152.7,49,ask,,,10647431
2026-07-07T09:09:12.082214,2026-07-07T09:09:12.090349+00:00,152.7,50,ask,,,10647459
2026-07-07T09:09:13.366730,2026-07-07T09:09:13.377691+00:00,152.6,46,ask,,,10647485
2026-07-07T09:09:13.902106,2026-07-07T09:09:13.911898+00:00,152.7,46,bid,,,10647491
2026-07-07T09:09:14.190064,2026-07-07T09:09:14.201777+00:00,152.6,50,ask,,,10647495
2026-07-07T09:09:14.494994,2026-07-07T09:09:14.503400+00:00,152.6,4,ask,,,10647503
2026-07-07T09:09:15.436945,2026-07-07T09:09:15.449082+00:00,152.7,41,bid,,,10647515
2026-07-07T09:09:16.328223,2026-07-07T09:09:16.335899+00:00,152.8,50,ask,,,10647527
2026-07-07T09:09:16.875264,2026-07-07T09:09:16.886860+00:00,152.8,47,ask,,,10647535
2026-07-07T09:09:17.533510,2026-07-07T09:09:17.541386+00:00,152.8,43,ask,,,10647547
2026-07-07T09:09:18.383811,2026-07-07T09:09:18.395963+00:00,153.0,50,bid,,,10647562
2026-07-07T09:09:20.494929,2026-07-07T09:09:20.505955+00:00,152.6,50,bid,,,10647583
2026-07-07T09:09:22.600813,2026-07-07T09:09:22.612770+00:00,152.6,50,bid,,,10647602
2026-07-07T09:09:23.727130,2026-07-07T09:09:23.738767+00:00,152.6,41,bid,,,10647619
2026-07-07T09:09:24.709408,2026-07-07T09:09:24.721166+00:00,152.6,50,bid,,,10647636
2026-07-07T09:09:25.308110,2026-07-07T09:09:25.319825+00:00,152.6,9,bid,,,10647648
2026-07-07T09:09:25.308110,2026-07-07T09:09:25.319825+00:00,152.8,40,bid,,,10647649
2026-07-07T09:09:25.365438,2026-07-07T09:09:25.379415+00:00,152.4,10,ask,,,10647650
2026-07-07T09:09:25.365438,2026-07-07T09:09:25.379415+00:00,152.3,31,ask,,,10647651
2026-07-07T09:09:25.955461,2026-07-07T09:09:25.963691+00:00,152.8,47,bid,,,10647658
2026-07-07T09:09:26.010159,2026-07-07T09:09:26.021500+00:00,152.6,40,ask,,,10647659
2026-07-07T09:09:26.816830,2026-07-07T09:09:26.828871+00:00,152.8,13,bid,,,10647671
2026-07-07T09:09:26.816830,2026-07-07T09:09:26.828871+00:00,153.1,37,bid,,,10647672
2026-07-07T09:09:29.756187,2026-07-07T09:09:29.767902+00:00,152.8,41,ask,,,10647702
2026-07-07T09:09:31.032675,2026-07-07T09:09:31.044484+00:00,152.9,50,bid,,,10647726
2026-07-07T09:09:34.431115,2026-07-07T09:09:34.443131+00:00,152.6,48,ask,,,10647777
2026-07-07T09:09:34.960947,2026-07-07T09:09:34.969118+00:00,153.1,44,bid,,,10647783
2026-07-07T09:09:35.243397,2026-07-07T09:09:35.251731+00:00,153.0,50,bid,,,10647785
2026-07-07T09:09:37.350714,2026-07-07T09:09:37.354898+00:00,153.0,50,bid,,,10647823
2026-07-07T09:09:39.090193,2026-07-07T09:09:39.102124+00:00,153.1,20,bid,,,10647845
2026-07-07T09:09:39.090193,2026-07-07T09:09:39.102124+00:00,153.2,27,bid,,,10647846
2026-07-07T09:09:39.457280,2026-07-07T09:09:39.469112+00:00,153.2,50,bid,,,10647851
2026-07-07T09:09:41.566636,2026-07-07T09:09:41.574220+00:00,153.4,20,bid,,,10647873
2026-07-07T09:09:41.566636,2026-07-07T09:09:41.579441+00:00,153.5,30,bid,,,10647874
2026-07-07T09:09:43.674247,2026-07-07T09:09:43.686257+00:00,153.4,20,bid,,,10647901
2026-07-07T09:09:43.674247,2026-07-07T09:09:43.686257+00:00,153.6,30,bid,,,10647902
2026-07-07T09:09:43.737298,2026-07-07T09:09:43.746834+00:00,153.2,6,ask,,,10647905
2026-07-07T09:09:45.783041,2026-07-07T09:09:45.795026+00:00,153.5,20,bid,,,10647948
2026-07-07T09:09:45.783041,2026-07-07T09:09:45.795026+00:00,153.7,30,bid,,,10647949
2026-07-07T09:09:46.346390,2026-07-07T09:09:46.353706+00:00,153.3,10,ask,,,10647960
2026-07-07T09:09:46.346390,2026-07-07T09:09:46.353706+00:00,153.2,38,ask,,,10647961
2026-07-07T09:09:47.895243,2026-07-07T09:09:47.902858+00:00,153.5,20,bid,,,10647985
2026-07-07T09:09:47.895243,2026-07-07T09:09:47.908217+00:00,153.7,30,bid,,,10647986
2026-07-07T09:09:49.081324,2026-07-07T09:09:49.093144+00:00,153.3,46,ask,,,10648007
2026-07-07T09:09:50.002418,2026-07-07T09:09:50.014595+00:00,153.7,20,bid,,,10648017
2026-07-07T09:09:50.002418,2026-07-07T09:09:50.014595+00:00,153.8,30,bid,,,10648018
2026-07-07T09:09:50.115507,2026-07-07T09:09:50.127342+00:00,153.8,43,bid,,,10648021
2026-07-07T09:09:52.114133,2026-07-07T09:09:52.122466+00:00,153.7,20,bid,,,10648051
2026-07-07T09:09:52.114133,2026-07-07T09:09:52.127474+00:00,154.0,30,bid,,,10648052
2026-07-07T09:09:52.905036,2026-07-07T09:09:52.916311+00:00,153.5,11,ask,,,10648064
2026-07-07T09:09:52.968353,2026-07-07T09:09:52.980085+00:00,153.7,20,bid,,,10648067
2026-07-07T09:09:53.013480,2026-07-07T09:09:53.023434+00:00,153.5,25,ask,,,10648068
2026-07-07T09:09:53.025343,2026-07-07T09:09:53.034228+00:00,153.5,47,ask,,,10648071
2026-07-07T09:09:53.270968,2026-07-07T09:09:53.279723+00:00,153.5,15,ask,,,10648072
2026-07-07T09:09:54.082606,2026-07-07T09:09:54.094547+00:00,153.5,10,bid,,,10648085
2026-07-07T09:09:56.379968,2026-07-07T09:09:56.388831+00:00,153.3,50,ask,,,10648118
2026-07-07T09:09:57.967260,2026-07-07T09:09:57.974436+00:00,153.3,49,ask,,,10648134
2026-07-07T09:09:58.299669,2026-07-07T09:09:58.311511+00:00,153.4,5,ask,,,10648140
2026-07-07T09:09:58.487319,2026-07-07T09:09:58.497082+00:00,153.4,5,ask,,,10648142
2026-07-07T09:09:58.487319,2026-07-07T09:09:58.497082+00:00,153.3,1,ask,,,10648143
2026-07-07T09:09:58.507291,2026-07-07T09:09:58.518889+00:00,153.6,2,bid,,,10648144
2026-07-07T09:09:58.724364,2026-07-07T09:09:58.735910+00:00,153.5,2,bid,,,10648148
2026-07-07T09:09:58.954933,2026-07-07T09:09:58.966677+00:00,153.5,1,bid,,,10648151
2026-07-07T09:10:00.598076,2026-07-07T09:10:00.606985+00:00,153.1,20,ask,,,10648172
2026-07-07T09:10:00.598076,2026-07-07T09:10:00.606985+00:00,153.0,30,ask,,,10648173
2026-07-07T09:10:00.818125,2026-07-07T09:10:00.828554+00:00,153.5,42,bid,,,10648184
2026-07-07T09:10:01.405400,2026-07-07T09:10:01.417406+00:00,153.4,10,bid,,,10648185
2026-07-07T09:10:01.405400,2026-07-07T09:10:01.417406+00:00,153.5,37,bid,,,10648186
2026-07-07T09:10:02.706369,2026-07-07T09:10:02.715517+00:00,153.3,50,ask,,,10648203
2026-07-07T09:10:04.812690,2026-07-07T09:10:04.824580+00:00,153.3,50,ask,,,10648225
2026-07-07T09:10:04.891787,2026-07-07T09:10:04.903007+00:00,153.4,10,ask,,,10648227
2026-07-07T09:10:05.910155,2026-07-07T09:10:05.919592+00:00,153.1,40,ask,,,10648241
2026-07-07T09:10:06.921869,2026-07-07T09:10:06.933473+00:00,153.1,20,ask,,,10648260
2026-07-07T09:10:06.921869,2026-07-07T09:10:06.933473+00:00,152.9,30,ask,,,10648261
2026-07-07T09:10:07.121150,2026-07-07T09:10:07.132812+00:00,153.3,48,bid,,,10648264
2026-07-07T09:10:09.040446,2026-07-07T09:10:09.047803+00:00,152.9,50,ask,,,10648286
2026-07-07T09:10:09.168000,2026-07-07T09:10:09.178328+00:00,152.9,43,ask,,,10648290
2026-07-07T09:10:09.896557,2026-07-07T09:10:09.908237+00:00,152.9,20,ask,,,10648296
2026-07-07T09:10:09.896557,2026-07-07T09:10:09.908237+00:00,152.8,100,ask,,,10648297
2026-07-07T09:10:09.909875,2026-07-07T09:10:09.919254+00:00,152.7,17,bid,,,10648298
2026-07-07T09:10:10.062217,2026-07-07T09:10:10.074245+00:00,152.7,13,bid,,,10648301
2026-07-07T09:10:10.062217,2026-07-07T09:10:10.074245+00:00,152.7,5,bid,,,10648302
2026-07-07T09:10:10.117343,2026-07-07T09:10:10.128160+00:00,153.3,2,bid,,,10648304
2026-07-07T09:10:10.334462,2026-07-07T09:10:10.345351+00:00,153.3,2,bid,,,10648309
2026-07-07T09:10:10.546401,2026-07-07T09:10:10.556805+00:00,153.3,1,bid,,,10648311
2026-07-07T09:10:10.622591,2026-07-07T09:10:10.634308+00:00,153.0,10,ask,,,10648312
2026-07-07T09:10:11.233621,2026-07-07T09:10:11.245425+00:00,153.2,10,bid,,,10648318
2026-07-07T09:10:11.233621,2026-07-07T09:10:11.245425+00:00,153.2,5,bid,,,10648319
2026-07-07T09:10:11.233621,2026-07-07T09:10:11.245425+00:00,153.3,30,bid,,,10648320
2026-07-07T09:10:11.380525,2026-07-07T09:10:11.390646+00:00,153.3,2,bid,,,10648325
2026-07-07T09:10:11.597306,2026-07-07T09:10:11.605331+00:00,153.3,2,bid,,,10648328
2026-07-07T09:10:11.814839,2026-07-07T09:10:11.821793+00:00,153.3,1,bid,,,10648333
2026-07-07T09:10:13.199279,2026-07-07T09:10:13.211130+00:00,153.2,50,bid,,,10648347
2026-07-07T09:10:14.273065,2026-07-07T09:10:14.285252+00:00,153.0,10,ask,,,10648360
2026-07-07T09:10:14.273065,2026-07-07T09:10:14.285252+00:00,153.0,20,ask,,,10648361
2026-07-07T09:10:14.273065,2026-07-07T09:10:14.285252+00:00,152.9,11,ask,,,10648362
2026-07-07T09:10:14.781308,2026-07-07T09:10:14.792934+00:00,153.2,44,bid,,,10648367
2026-07-07T09:10:15.359254,2026-07-07T09:10:15.371158+00:00,153.1,50,ask,,,10648374
2026-07-07T09:10:15.769538,2026-07-07T09:10:15.781093+00:00,153.1,10,ask,,,10648379
2026-07-07T09:10:17.419152,2026-07-07T09:10:17.427330+00:00,153.2,50,bid,,,10648395
2026-07-07T09:10:17.854553,2026-07-07T09:10:17.861433+00:00,153.1,25,ask,,,10648400
2026-07-07T09:10:17.863423,2026-07-07T09:10:17.871662+00:00,153.1,6,ask,,,10648403
2026-07-07T09:10:18.100489,2026-07-07T09:10:18.107974+00:00,153.1,9,ask,,,10648409
2026-07-07T09:10:19.320384,2026-07-07T09:10:19.332307+00:00,152.8,20,ask,,,10648425
2026-07-07T09:10:19.320384,2026-07-07T09:10:19.332307+00:00,152.6,20,ask,,,10648426
2026-07-07T09:10:19.551617,2026-07-07T09:10:19.563584+00:00,153.1,50,bid,,,10648431
2026-07-07T09:10:21.734799,2026-07-07T09:10:21.747900+00:00,153.0,50,ask,,,10648467
2026-07-07T09:10:22.006887,2026-07-07T09:10:22.015108+00:00,153.0,43,ask,,,10648472
2026-07-07T09:10:22.943094,2026-07-07T09:10:22.955016+00:00,153.0,6,bid,,,10648485
2026-07-07T09:10:23.842209,2026-07-07T09:10:23.851457+00:00,152.9,20,ask,,,10648507
2026-07-07T09:10:23.842209,2026-07-07T09:10:23.851457+00:00,152.6,30,ask,,,10648508
2026-07-07T09:10:25.953140,2026-07-07T09:10:25.965112+00:00,152.9,20,ask,,,10648540
2026-07-07T09:10:25.953140,2026-07-07T09:10:25.965112+00:00,152.8,30,ask,,,10648541
2026-07-07T09:10:26.320701,2026-07-07T09:10:26.332466+00:00,153.3,41,bid,,,10648551
2026-07-07T09:10:28.009829,2026-07-07T09:10:28.019676+00:00,153.2,10,bid,,,10648578
2026-07-07T09:10:28.009829,2026-07-07T09:10:28.019676+00:00,153.2,5,bid,,,10648579
2026-07-07T09:10:28.009829,2026-07-07T09:10:28.025071+00:00,153.3,35,bid,,,10648580
2026-07-07T09:10:28.060900,2026-07-07T09:10:28.069001+00:00,153.3,2,bid,,,10648583
2026-07-07T09:10:28.275251,2026-07-07T09:10:28.285417+00:00,153.3,2,bid,,,10648587
2026-07-07T09:10:28.489284,2026-07-07T09:10:28.499339+00:00,153.3,1,bid,,,10648590
2026-07-07T09:10:32.071637,2026-07-07T09:10:32.082104+00:00,153.4,42,bid,,,10648631
2026-07-07T09:10:32.227424,2026-07-07T09:10:32.235991+00:00,153.4,50,bid,,,10648634
2026-07-07T09:10:32.622586,2026-07-07T09:10:32.631888+00:00,153.3,10,bid,,,10648643
2026-07-07T09:10:32.622586,2026-07-07T09:10:32.631888+00:00,153.4,8,bid,,,10648644
2026-07-07T09:10:32.622586,2026-07-07T09:10:32.637100+00:00,153.4,5,bid,,,10648645
2026-07-07T09:10:32.622586,2026-07-07T09:10:32.637100+00:00,153.4,19,bid,,,10648646
2026-07-07T09:10:32.638397,2026-07-07T09:10:32.650155+00:00,153.4,1,bid,,,10648647
2026-07-07T09:10:32.863129,2026-07-07T09:10:32.870952+00:00,153.4,2,bid,,,10648649
2026-07-07T09:10:33.075007,2026-07-07T09:10:33.082712+00:00,153.4,2,bid,,,10648652
2026-07-07T09:10:33.222562,2026-07-07T09:10:33.234520+00:00,153.1,10,ask,,,10648654
2026-07-07T09:10:33.222562,2026-07-07T09:10:33.234520+00:00,153.0,32,ask,,,10648655
2026-07-07T09:10:34.336666,2026-07-07T09:10:34.346722+00:00,153.5,50,bid,,,10648668
2026-07-07T09:10:34.868270,2026-07-07T09:10:34.876199+00:00,153.5,40,bid,,,10648676
2026-07-07T09:10:36.442944,2026-07-07T09:10:36.463942+00:00,153.4,10,bid,,,10648695
2026-07-07T09:10:36.442944,2026-07-07T09:10:36.463942+00:00,153.8,40,bid,,,10648696
2026-07-07T09:10:37.480402,2026-07-07T09:10:37.490934+00:00,153.7,10,ask,,,10648713
2026-07-07T09:10:37.531920,2026-07-07T09:10:37.541546+00:00,153.7,6,ask,,,10648714
2026-07-07T09:10:37.545617,2026-07-07T09:10:37.557293+00:00,153.7,25,ask,,,10648716
2026-07-07T09:10:37.777398,2026-07-07T09:10:37.788541+00:00,153.7,25,ask,,,10648719
2026-07-07T09:10:37.999276,2026-07-07T09:10:38.010879+00:00,153.7,25,ask,,,10648721
2026-07-07T09:10:38.222468,2026-07-07T09:10:38.233814+00:00,153.7,9,ask,,,10648729
2026-07-07T09:10:38.551642,2026-07-07T09:10:38.559131+00:00,153.9,50,bid,,,10648735
2026-07-07T09:10:40.657873,2026-07-07T09:10:40.669338+00:00,153.9,50,bid,,,10648759
2026-07-07T09:10:41.510801,2026-07-07T09:10:41.527722+00:00,153.9,100,bid,,,10648766
2026-07-07T09:10:41.528946,2026-07-07T09:10:41.541189+00:00,153.9,11,ask,,,10648767
2026-07-07T09:10:41.656585,2026-07-07T09:10:41.664200+00:00,153.9,10,ask,,,10648771
2026-07-07T09:10:41.682543,2026-07-07T09:10:41.698015+00:00,153.9,6,ask,,,10648772
2026-07-07T09:10:42.251098,2026-07-07T09:10:42.262956+00:00,153.9,23,ask,,,10648780
2026-07-07T09:10:42.251098,2026-07-07T09:10:42.262956+00:00,153.6,10,ask,,,10648781
2026-07-07T09:10:42.251098,2026-07-07T09:10:42.262956+00:00,153.5,14,ask,,,10648782
2026-07-07T09:10:42.770224,2026-07-07T09:10:42.779420+00:00,154.4,50,bid,,,10648788
2026-07-07T09:10:44.672523,2026-07-07T09:10:44.684087+00:00,153.9,10,bid,,,10648812
2026-07-07T09:10:44.876925,2026-07-07T09:10:44.888722+00:00,154.0,14,bid,,,10648814
2026-07-07T09:10:44.876925,2026-07-07T09:10:44.888722+00:00,154.0,36,bid,,,10648815
2026-07-07T09:10:46.367633,2026-07-07T09:10:46.379665+00:00,153.7,10,ask,,,10648837
2026-07-07T09:10:46.367633,2026-07-07T09:10:46.379665+00:00,153.6,31,ask,,,10648838
2026-07-07T09:10:46.986067,2026-07-07T09:10:46.995429+00:00,154.0,50,bid,,,10648842
2026-07-07T09:10:47.850137,2026-07-07T09:10:47.859253+00:00,153.8,12,ask,,,10648849
2026-07-07T09:10:49.092902,2026-07-07T09:10:49.101081+00:00,153.9,10,bid,,,10648876
2026-07-07T09:10:49.092902,2026-07-07T09:10:49.106342+00:00,154.0,40,bid,,,10648877
2026-07-07T09:10:49.343160,2026-07-07T09:10:49.352916+00:00,153.8,11,ask,,,10648880
2026-07-07T09:10:49.936643,2026-07-07T09:10:49.948744+00:00,154.0,47,bid,,,10648890
2026-07-07T09:10:50.653080,2026-07-07T09:10:50.662228+00:00,153.8,11,ask,,,10648898
2026-07-07T09:10:50.797934,2026-07-07T09:10:50.806534+00:00,153.9,10,ask,,,10648903
2026-07-07T09:10:51.021329,2026-07-07T09:10:51.031401+00:00,153.6,46,ask,,,10648905
2026-07-07T09:10:51.206609,2026-07-07T09:10:51.218317+00:00,154.1,50,bid,,,10648907
2026-07-07T09:10:51.585703,2026-07-07T09:10:51.597375+00:00,153.6,46,ask,,,10648910
2026-07-07T09:10:52.748115,2026-07-07T09:10:52.758541+00:00,154.1,41,bid,,,10648923
2026-07-07T09:10:53.323744,2026-07-07T09:10:53.334833+00:00,154.1,50,bid,,,10648928
2026-07-07T09:10:54.603491,2026-07-07T09:10:54.607529+00:00,154.0,10,bid,,,10648946
2026-07-07T09:10:55.432619,2026-07-07T09:10:55.444444+00:00,154.3,50,bid,,,10648957
2026-07-07T09:10:56.316160,2026-07-07T09:10:56.327974+00:00,153.8,49,ask,,,10648969
2026-07-07T09:10:56.865088,2026-07-07T09:10:56.876953+00:00,154.3,47,bid,,,10648972
2026-07-07T09:10:57.539801,2026-07-07T09:10:57.551679+00:00,154.3,50,bid,,,10648976
2026-07-07T09:10:58.933442,2026-07-07T09:10:58.940080+00:00,153.8,40,ask,,,10648999
2026-07-07T09:10:59.408758,2026-07-07T09:10:59.420570+00:00,154.3,44,bid,,,10649002
2026-07-07T09:10:59.647165,2026-07-07T09:10:59.659026+00:00,154.3,50,bid,,,10649005
2026-07-07T09:11:00.512691,2026-07-07T09:11:00.522901+00:00,154.2,12,ask,,,10649021
2026-07-07T09:11:00.594664,2026-07-07T09:11:00.603444+00:00,154.2,11,ask,,,10649025
2026-07-07T09:11:01.472574,2026-07-07T09:11:01.484265+00:00,154.2,48,ask,,,10649041
2026-07-07T09:11:01.753845,2026-07-07T09:11:01.760785+00:00,154.3,50,bid,,,10649047
2026-07-07T09:11:03.861079,2026-07-07T09:11:03.872764+00:00,154.4,50,bid,,,10649072
2026-07-07T09:11:07.396153,2026-07-07T09:11:07.407018+00:00,154.5,49,bid,,,10649125
2026-07-07T09:11:08.136214,2026-07-07T09:11:08.148079+00:00,154.2,50,ask,,,10649136
2026-07-07T09:11:09.023546,2026-07-07T09:11:09.032532+00:00,154.2,12,ask,,,10649145
2026-07-07T09:11:10.257191,2026-07-07T09:11:10.269294+00:00,154.1,50,ask,,,10649164
2026-07-07T09:11:12.364475,2026-07-07T09:11:12.376401+00:00,153.8,50,ask,,,10649195
2026-07-07T09:11:14.478965,2026-07-07T09:11:14.489672+00:00,153.8,50,ask,,,10649226
2026-07-07T09:11:14.527361,2026-07-07T09:11:14.537973+00:00,153.8,41,ask,,,10649227
2026-07-07T09:11:16.586127,2026-07-07T09:11:16.596128+00:00,153.3,50,ask,,,10649254
2026-07-07T09:11:17.189843,2026-07-07T09:11:17.201965+00:00,153.7,42,bid,,,10649262
2026-07-07T09:11:17.559668,2026-07-07T09:11:17.569708+00:00,153.7,12,bid,,,10649266
2026-07-07T09:11:18.203132,2026-07-07T09:11:18.212566+00:00,153.7,11,bid,,,10649273
2026-07-07T09:11:18.283061,2026-07-07T09:11:18.292291+00:00,153.7,44,bid,,,10649275
2026-07-07T09:11:18.719203,2026-07-07T09:11:18.726999+00:00,153.3,50,ask,,,10649285
2026-07-07T09:11:19.478331,2026-07-07T09:11:19.490359+00:00,153.7,5,bid,,,10649298
2026-07-07T09:11:19.478331,2026-07-07T09:11:19.490359+00:00,153.8,100,bid,,,10649299
2026-07-07T09:11:19.713691,2026-07-07T09:11:19.721111+00:00,154.4,2,bid,,,10649304
2026-07-07T09:11:19.925184,2026-07-07T09:11:19.932670+00:00,154.4,2,bid,,,10649307
2026-07-07T09:11:20.137747,2026-07-07T09:11:20.145456+00:00,154.4,1,bid,,,10649310
2026-07-07T09:11:20.404075,2026-07-07T09:11:20.410782+00:00,153.9,40,ask,,,10649311
2026-07-07T09:11:20.826177,2026-07-07T09:11:20.837295+00:00,153.9,5,ask,,,10649316
2026-07-07T09:11:20.826177,2026-07-07T09:11:20.837295+00:00,153.3,45,ask,,,10649317
2026-07-07T09:11:22.970434,2026-07-07T09:11:22.979677+00:00,153.3,50,ask,,,10649353
2026-07-07T09:11:23.017020,2026-07-07T09:11:23.029241+00:00,153.5,42,bid,,,10649354
2026-07-07T09:11:23.078939,2026-07-07T09:11:23.089457+00:00,153.3,48,ask,,,10649357
2026-07-07T09:11:23.547139,2026-07-07T09:11:23.558551+00:00,153.3,2,ask,,,10649364
2026-07-07T09:11:23.547139,2026-07-07T09:11:23.558551+00:00,153.0,42,ask,,,10649365
2026-07-07T09:11:24.947660,2026-07-07T09:11:24.957328+00:00,153.2,12,bid,,,10649382
2026-07-07T09:11:25.078261,2026-07-07T09:11:25.090002+00:00,153.0,50,ask,,,10649384
2026-07-07T09:11:27.193598,2026-07-07T09:11:27.205197+00:00,152.8,50,ask,,,10649415
2026-07-07T09:11:27.269947,2026-07-07T09:11:27.278896+00:00,153.2,11,bid,,,10649416
2026-07-07T09:11:27.811482,2026-07-07T09:11:27.823247+00:00,153.2,46,bid,,,10649428
2026-07-07T09:11:29.032946,2026-07-07T09:11:29.042255+00:00,153.2,11,bid,,,10649449
2026-07-07T09:11:29.041244,2026-07-07T09:11:29.057538+00:00,153.2,41,bid,,,10649451
2026-07-07T09:11:29.301713,2026-07-07T09:11:29.313267+00:00,153.0,50,ask,,,10649453
2026-07-07T09:11:29.663334,2026-07-07T09:11:29.675211+00:00,153.2,47,bid,,,10649457
2026-07-07T09:11:29.719224,2026-07-07T09:11:29.726359+00:00,153.0,49,ask,,,10649459
2026-07-07T09:11:30.788585,2026-07-07T09:11:30.795832+00:00,153.0,1,ask,,,10649473
2026-07-07T09:11:30.788585,2026-07-07T09:11:30.800828+00:00,152.8,20,ask,,,10649474
2026-07-07T09:11:30.788585,2026-07-07T09:11:30.800828+00:00,152.7,21,ask,,,10649475
2026-07-07T09:11:31.430751,2026-07-07T09:11:31.442592+00:00,152.8,20,ask,,,10649488
2026-07-07T09:11:31.430751,2026-07-07T09:11:31.447872+00:00,152.7,30,ask,,,10649489
2026-07-07T09:11:33.543072,2026-07-07T09:11:33.550057+00:00,152.9,50,ask,,,10649521
2026-07-07T09:11:33.970692,2026-07-07T09:11:33.981108+00:00,153.2,49,bid,,,10649527
2026-07-07T09:11:34.479989,2026-07-07T09:11:34.491668+00:00,152.9,44,ask,,,10649534
2026-07-07T09:11:35.359512,2026-07-07T09:11:35.370271+00:00,153.1,23,bid,,,10649542
2026-07-07T09:11:35.674600,2026-07-07T09:11:35.686386+00:00,152.9,50,ask,,,10649547
2026-07-07T09:11:35.740031,2026-07-07T09:11:35.749613+00:00,153.1,6,bid,,,10649549
2026-07-07T09:11:37.781794,2026-07-07T09:11:37.789688+00:00,152.9,20,ask,,,10649572
2026-07-07T09:11:37.781794,2026-07-07T09:11:37.794817+00:00,152.8,30,ask,,,10649573
2026-07-07T09:11:44.108168,2026-07-07T09:11:44.118613+00:00,152.9,20,ask,,,10649660
2026-07-07T09:11:44.108168,2026-07-07T09:11:44.118613+00:00,152.8,30,ask,,,10649661
2026-07-07T09:11:45.336843,2026-07-07T09:11:45.348605+00:00,153.2,45,bid,,,10649689
2026-07-07T09:11:46.165318,2026-07-07T09:11:46.177256+00:00,153.2,50,bid,,,10649698
2026-07-07T09:11:48.015371,2026-07-07T09:11:48.027543+00:00,153.0,100,ask,,,10649726
2026-07-07T09:11:48.272805,2026-07-07T09:11:48.284646+00:00,153.0,50,bid,,,10649732
2026-07-07T09:11:50.398628,2026-07-07T09:11:50.410606+00:00,153.1,50,bid,,,10649763
2026-07-07T09:11:51.127527,2026-07-07T09:11:51.139381+00:00,153.1,50,bid,,,10649769
2026-07-07T09:11:52.560553,2026-07-07T09:11:52.567404+00:00,153.2,50,ask,,,10649787
2026-07-07T09:11:54.600812,2026-07-07T09:11:54.612437+00:00,153.3,48,bid,,,10649820
2026-07-07T09:11:54.668245,2026-07-07T09:11:54.674935+00:00,153.1,50,ask,,,10649821
2026-07-07T09:11:55.607194,2026-07-07T09:11:55.617960+00:00,153.1,41,ask,,,10649833
2026-07-07T09:11:56.723844,2026-07-07T09:11:56.735480+00:00,153.3,50,bid,,,10649851
2026-07-07T09:11:57.471704,2026-07-07T09:11:57.481874+00:00,153.4,100,bid,,,10649864
2026-07-07T09:11:57.696848,2026-07-07T09:11:57.714775+00:00,153.4,17,ask,,,10649870
2026-07-07T09:11:57.707052,2026-07-07T09:11:57.714775+00:00,153.4,25,ask,,,10649871
2026-07-07T09:11:57.930253,2026-07-07T09:11:57.938027+00:00,153.4,8,ask,,,10649875
2026-07-07T09:11:59.012208,2026-07-07T09:11:59.025442+00:00,153.5,5,bid,,,10649892
2026-07-07T09:11:59.129736,2026-07-07T09:11:59.138336+00:00,153.9,2,bid,,,10649894
2026-07-07T09:11:59.343085,2026-07-07T09:11:59.351271+00:00,153.9,2,bid,,,10649896
2026-07-07T09:11:59.554548,2026-07-07T09:11:59.557881+00:00,153.9,1,bid,,,10649898
2026-07-07T09:12:00.699297,2026-07-07T09:12:00.703789+00:00,153.5,6,bid,,,10649915
2026-07-07T09:12:00.946968,2026-07-07T09:12:00.958473+00:00,153.5,50,bid,,,10649918
2026-07-07T09:12:01.756900,2026-07-07T09:12:01.768972+00:00,153.4,41,ask,,,10649927
2026-07-07T09:12:03.106601,2026-07-07T09:12:03.117917+00:00,153.2,50,ask,,,10649944
2026-07-07T09:12:03.174704,2026-07-07T09:12:03.186567+00:00,153.5,49,bid,,,10649945
2026-07-07T09:12:04.116541,2026-07-07T09:12:04.133495+00:00,153.4,40,ask,,,10649960
2026-07-07T09:12:05.213667,2026-07-07T09:12:05.223733+00:00,153.4,50,ask,,,10649978
2026-07-07T09:12:07.320228,2026-07-07T09:12:07.331912+00:00,153.2,20,ask,,,10650007
2026-07-07T09:12:07.320228,2026-07-07T09:12:07.331912+00:00,153.1,30,ask,,,10650008
2026-07-07T09:12:09.430551,2026-07-07T09:12:09.440137+00:00,153.1,20,ask,,,10650039
2026-07-07T09:12:09.430551,2026-07-07T09:12:09.440137+00:00,153.0,30,ask,,,10650040
2026-07-07T09:12:09.964561,2026-07-07T09:12:09.976490+00:00,153.4,47,bid,,,10650049
2026-07-07T09:12:10.602498,2026-07-07T09:12:10.614375+00:00,153.0,20,ask,,,10650059
2026-07-07T09:12:10.602498,2026-07-07T09:12:10.614375+00:00,152.9,23,ask,,,10650060
2026-07-07T09:12:10.905098,2026-07-07T09:12:10.914969+00:00,153.3,6,bid,,,10650069
2026-07-07T09:12:11.539098,2026-07-07T09:12:11.547701+00:00,153.0,20,ask,,,10650082
2026-07-07T09:12:11.539098,2026-07-07T09:12:11.547701+00:00,152.9,30,ask,,,10650083
2026-07-07T09:12:12.584714,2026-07-07T09:12:12.595582+00:00,153.3,40,bid,,,10650097
2026-07-07T09:12:13.042914,2026-07-07T09:12:13.050969+00:00,152.9,40,ask,,,10650107
2026-07-07T09:12:13.646555,2026-07-07T09:12:13.658580+00:00,153.0,50,ask,,,10650114
2026-07-07T09:12:13.650029,2026-07-07T09:12:13.658580+00:00,153.4,47,bid,,,10650115
2026-07-07T09:12:15.754591,2026-07-07T09:12:15.766680+00:00,153.0,50,ask,,,10650141
2026-07-07T09:12:16.711690,2026-07-07T09:12:16.720485+00:00,153.1,25,bid,,,10650161
2026-07-07T09:12:16.933721,2026-07-07T09:12:16.944811+00:00,153.1,25,bid,,,10650164
2026-07-07T09:12:17.094778,2026-07-07T09:12:17.105818+00:00,153.1,49,bid,,,10650168
2026-07-07T09:12:17.159735,2026-07-07T09:12:17.168792+00:00,153.1,3,bid,,,10650173
2026-07-07T09:12:17.864017,2026-07-07T09:12:17.873438+00:00,152.8,50,ask,,,10650182
2026-07-07T09:12:18.733610,2026-07-07T09:12:18.745223+00:00,152.7,43,ask,,,10650191
2026-07-07T09:12:19.652829,2026-07-07T09:12:19.664821+00:00,153.1,5,bid,,,10650208
2026-07-07T09:12:19.652829,2026-07-07T09:12:19.664821+00:00,153.2,100,bid,,,10650209
2026-07-07T09:12:19.664306,2026-07-07T09:12:19.675284+00:00,153.7,2,bid,,,10650212
2026-07-07T09:12:19.880962,2026-07-07T09:12:19.906933+00:00,153.3,45,ask,,,10650221
2026-07-07T09:12:19.880962,2026-07-07T09:12:19.912109+00:00,153.1,2,ask,,,10650222
2026-07-07T09:12:19.880962,2026-07-07T09:12:19.917312+00:00,152.7,2,ask,,,10650223
2026-07-07T09:12:19.931540,2026-07-07T09:12:19.943227+00:00,153.7,2,bid,,,10650224
2026-07-07T09:12:19.980093,2026-07-07T09:12:19.990023+00:00,153.1,2,ask,,,10650226
2026-07-07T09:12:19.980093,2026-07-07T09:12:19.990023+00:00,152.7,48,ask,,,10650227
2026-07-07T09:12:20.184633,2026-07-07T09:12:20.192308+00:00,153.7,1,bid,,,10650230
2026-07-07T09:12:20.518502,2026-07-07T09:12:20.525832+00:00,153.5,5,bid,,,10650233
2026-07-07T09:12:20.518502,2026-07-07T09:12:20.531212+00:00,153.5,20,bid,,,10650234
2026-07-07T09:12:20.518502,2026-07-07T09:12:20.531212+00:00,153.8,20,bid,,,10650235
2026-07-07T09:12:20.603581,2026-07-07T09:12:20.615351+00:00,153.8,2,bid,,,10650238
2026-07-07T09:12:20.816091,2026-07-07T09:12:20.823613+00:00,153.7,2,bid,,,10650246
2026-07-07T09:12:21.058572,2026-07-07T09:12:21.070033+00:00,153.7,1,bid,,,10650251
2026-07-07T09:12:21.678960,2026-07-07T09:12:21.690752+00:00,153.1,20,ask,,,10650260
2026-07-07T09:12:21.678960,2026-07-07T09:12:21.696032+00:00,152.7,7,ask,,,10650261
2026-07-07T09:12:23.000155,2026-07-07T09:12:23.010591+00:00,153.2,4,bid,,,10650284
2026-07-07T09:12:24.141065,2026-07-07T09:12:24.158744+00:00,153.2,50,bid,,,10650303
2026-07-07T09:12:24.610830,2026-07-07T09:12:24.622702+00:00,153.2,42,bid,,,10650306
2026-07-07T09:12:26.250133,2026-07-07T09:12:26.261961+00:00,153.5,50,bid,,,10650325
2026-07-07T09:12:28.360364,2026-07-07T09:12:28.370460+00:00,153.5,20,bid,,,10650349
2026-07-07T09:12:28.360364,2026-07-07T09:12:28.370460+00:00,153.5,5,bid,,,10650350
2026-07-07T09:12:28.360364,2026-07-07T09:12:28.370460+00:00,153.5,25,bid,,,10650351
2026-07-07T09:12:28.470713,2026-07-07T09:12:28.480320+00:00,153.5,2,bid,,,10650356
2026-07-07T09:12:28.686165,2026-07-07T09:12:28.697453+00:00,153.5,2,bid,,,10650360
2026-07-07T09:12:28.873107,2026-07-07T09:12:28.884916+00:00,153.1,48,ask,,,10650364
2026-07-07T09:12:28.898694,2026-07-07T09:12:28.905536+00:00,153.5,1,bid,,,10650366
2026-07-07T09:12:29.936647,2026-07-07T09:12:29.948409+00:00,153.3,46,bid,,,10650375
2026-07-07T09:12:29.994840,2026-07-07T09:12:30.004187+00:00,153.0,48,ask,,,10650376
2026-07-07T09:12:30.496910,2026-07-07T09:12:30.508668+00:00,153.0,45,ask,,,10650385
2026-07-07T09:12:32.577075,2026-07-07T09:12:32.585968+00:00,153.3,50,bid,,,10650412
2026-07-07T09:12:33.444925,2026-07-07T09:12:33.456490+00:00,153.3,20,bid,,,10650423
2026-07-07T09:12:34.691656,2026-07-07T09:12:34.703362+00:00,153.5,50,bid,,,10650438
2026-07-07T09:12:35.891484,2026-07-07T09:12:35.901578+00:00,153.6,45,bid,,,10650454
2026-07-07T09:12:36.816371,2026-07-07T09:12:36.827933+00:00,153.6,50,bid,,,10650464
2026-07-07T09:12:38.922986,2026-07-07T09:12:38.935024+00:00,153.7,20,bid,,,10650495
2026-07-07T09:12:38.922986,2026-07-07T09:12:38.935024+00:00,154.0,30,bid,,,10650496
2026-07-07T09:12:41.063035,2026-07-07T09:12:41.074248+00:00,153.9,20,bid,,,10650535
2026-07-07T09:12:41.063035,2026-07-07T09:12:41.074248+00:00,154.0,30,bid,,,10650536
2026-07-07T09:12:41.347103,2026-07-07T09:12:41.354403+00:00,153.6,41,ask,,,10650539
2026-07-07T09:12:41.855433,2026-07-07T09:12:41.868888+00:00,153.8,20,bid,,,10650549
2026-07-07T09:12:41.870150,2026-07-07T09:12:41.885904+00:00,153.8,6,ask,,,10650550
2026-07-07T09:12:41.941292,2026-07-07T09:12:41.952742+00:00,153.8,25,ask,,,10650554
2026-07-07T09:12:42.177045,2026-07-07T09:12:42.187154+00:00,153.8,25,ask,,,10650561
2026-07-07T09:12:42.404966,2026-07-07T09:12:42.413374+00:00,153.8,25,ask,,,10650565
2026-07-07T09:12:43.175339,2026-07-07T09:12:43.187099+00:00,154.1,50,bid,,,10650580
2026-07-07T09:12:45.219201,2026-07-07T09:12:45.229121+00:00,153.8,25,ask,,,10650601
2026-07-07T09:12:45.285056,2026-07-07T09:12:45.291724+00:00,154.0,20,bid,,,10650604
2026-07-07T09:12:45.285056,2026-07-07T09:12:45.296971+00:00,154.2,30,bid,,,10650605
2026-07-07T09:12:45.453522,2026-07-07T09:12:45.460151+00:00,153.8,20,ask,,,10650611
2026-07-07T09:12:49.578830,2026-07-07T09:12:49.590374+00:00,153.6,50,ask,,,10650659
2026-07-07T09:12:51.634654,2026-07-07T09:12:51.643849+00:00,153.9,50,bid,,,10650689
2026-07-07T09:12:53.740649,2026-07-07T09:12:53.752552+00:00,153.9,50,bid,,,10650711
2026-07-07T09:12:54.777455,2026-07-07T09:12:54.789307+00:00,153.9,48,ask,,,10650728
2026-07-07T09:12:55.848717,2026-07-07T09:12:55.858575+00:00,154.1,50,bid,,,10650736
2026-07-07T09:12:56.836778,2026-07-07T09:12:56.848500+00:00,153.9,42,ask,,,10650753
2026-07-07T09:12:57.994051,2026-07-07T09:12:58.007321+00:00,154.0,50,bid,,,10650764
2026-07-07T09:12:57.994458,2026-07-07T09:12:58.012551+00:00,154.0,42,bid,,,10650767
2026-07-07T09:12:58.237907,2026-07-07T09:12:58.248794+00:00,153.9,11,ask,,,10650771
2026-07-07T09:12:59.520827,2026-07-07T09:12:59.528755+00:00,154.0,47,bid,,,10650787
2026-07-07T09:13:00.034522,2026-07-07T09:13:00.046201+00:00,153.6,42,ask,,,10650792
2026-07-07T09:13:00.153339,2026-07-07T09:13:00.163904+00:00,153.6,50,ask,,,10650794
2026-07-07T09:13:01.194184,2026-07-07T09:13:01.201871+00:00,153.9,43,ask,,,10650807
2026-07-07T09:13:01.801239,2026-07-07T09:13:01.808825+00:00,154.1,43,bid,,,10650820
2026-07-07T09:13:02.288738,2026-07-07T09:13:02.300366+00:00,153.9,50,ask,,,10650824
2026-07-07T09:13:02.904179,2026-07-07T09:13:02.911139+00:00,153.9,48,ask,,,10650832
2026-07-07T09:13:04.394898,2026-07-07T09:13:04.402002+00:00,153.8,20,ask,,,10650858
2026-07-07T09:13:04.394898,2026-07-07T09:13:04.407132+00:00,153.5,30,ask,,,10650859
2026-07-07T09:13:06.504583,2026-07-07T09:13:06.511587+00:00,153.6,20,ask,,,10650882
2026-07-07T09:13:06.504583,2026-07-07T09:13:06.516747+00:00,153.5,30,ask,,,10650883
2026-07-07T09:13:09.095505,2026-07-07T09:13:09.104962+00:00,153.9,17,bid,,,10650909
2026-07-07T09:13:09.172651,2026-07-07T09:13:09.184522+00:00,153.9,47,bid,,,10650911
2026-07-07T09:13:10.666521,2026-07-07T09:13:10.678102+00:00,154.2,50,bid,,,10650929
2026-07-07T09:13:12.774604,2026-07-07T09:13:12.786515+00:00,154.3,50,bid,,,10650969
2026-07-07T09:13:14.441699,2026-07-07T09:13:14.458560+00:00,154.4,48,bid,,,10650990
2026-07-07T09:13:14.881774,2026-07-07T09:13:14.893692+00:00,154.4,50,bid,,,10650996
2026-07-07T09:13:15.728202,2026-07-07T09:13:15.738178+00:00,154.4,5,bid,,,10651011
2026-07-07T09:13:15.728202,2026-07-07T09:13:15.738178+00:00,154.5,95,bid,,,10651012
2026-07-07T09:13:15.787576,2026-07-07T09:13:15.797533+00:00,154.5,2,bid,,,10651016
2026-07-07T09:13:15.999850,2026-07-07T09:13:16.008348+00:00,154.5,2,bid,,,10651017
2026-07-07T09:13:16.212672,2026-07-07T09:13:16.220532+00:00,154.5,1,bid,,,10651021
2026-07-07T09:13:16.363577,2026-07-07T09:13:16.374936+00:00,154.0,49,ask,,,10651026
2026-07-07T09:13:17.009638,2026-07-07T09:13:17.021352+00:00,154.8,20,bid,,,10651033
2026-07-07T09:13:17.009638,2026-07-07T09:13:17.021352+00:00,154.8,5,bid,,,10651034
2026-07-07T09:13:17.009638,2026-07-07T09:13:17.021352+00:00,154.9,25,bid,,,10651035
2026-07-07T09:13:17.040687,2026-07-07T09:13:17.047444+00:00,154.8,2,bid,,,10651037
2026-07-07T09:13:17.252721,2026-07-07T09:13:17.261207+00:00,154.8,2,bid,,,10651041
2026-07-07T09:13:17.463379,2026-07-07T09:13:17.473933+00:00,154.9,1,bid,,,10651045
2026-07-07T09:13:19.119101,2026-07-07T09:13:19.129184+00:00,154.7,5,bid,,,10651068
2026-07-07T09:13:19.119101,2026-07-07T09:13:19.129184+00:00,154.7,16,bid,,,10651069
2026-07-07T09:13:19.119101,2026-07-07T09:13:19.129184+00:00,154.8,29,bid,,,10651070
2026-07-07T09:13:19.131194,2026-07-07T09:13:19.139533+00:00,154.8,2,bid,,,10651071
2026-07-07T09:13:19.343104,2026-07-07T09:13:19.358587+00:00,154.8,2,bid,,,10651077
2026-07-07T09:13:19.556632,2026-07-07T09:13:19.563567+00:00,154.8,1,bid,,,10651078
2026-07-07T09:13:19.820767,2026-07-07T09:13:19.829511+00:00,154.6,17,ask,,,10651080
2026-07-07T09:13:21.260834,2026-07-07T09:13:21.272526+00:00,154.8,50,bid,,,10651099
2026-07-07T09:13:23.369218,2026-07-07T09:13:23.381067+00:00,155.3,50,bid,,,10651140
2026-07-07T09:13:25.263919,2026-07-07T09:13:25.274118+00:00,155.0,12,ask,,,10651173
2026-07-07T09:13:25.477291,2026-07-07T09:13:25.489424+00:00,155.3,50,bid,,,10651178
2026-07-07T09:13:25.522399,2026-07-07T09:13:25.531635+00:00,155.3,47,bid,,,10651179
2026-07-07T09:13:26.059562,2026-07-07T09:13:26.069741+00:00,155.0,22,ask,,,10651185
2026-07-07T09:13:27.585028,2026-07-07T09:13:27.597010+00:00,155.5,50,bid,,,10651217
2026-07-07T09:13:29.323534,2026-07-07T09:13:29.335346+00:00,155.3,44,ask,,,10651240
2026-07-07T09:13:29.692076,2026-07-07T09:13:29.701031+00:00,155.8,50,bid,,,10651246
2026-07-07T09:13:30.365080,2026-07-07T09:13:30.372361+00:00,155.3,46,ask,,,10651260
2026-07-07T09:13:30.924048,2026-07-07T09:13:30.935985+00:00,155.8,44,bid,,,10651265
2026-07-07T09:13:30.979141,2026-07-07T09:13:30.991115+00:00,155.3,10,ask,,,10651266
2026-07-07T09:13:30.979141,2026-07-07T09:13:30.991115+00:00,155.3,38,ask,,,10651267
2026-07-07T09:13:31.807144,2026-07-07T09:13:31.819218+00:00,155.7,50,bid,,,10651278
2026-07-07T09:13:33.973269,2026-07-07T09:13:33.983892+00:00,155.2,50,ask,,,10651308
2026-07-07T09:13:35.740788,2026-07-07T09:13:35.752042+00:00,155.2,40,ask,,,10651329
2026-07-07T09:13:36.027837,2026-07-07T09:13:36.039896+00:00,155.7,50,bid,,,10651336
2026-07-07T09:13:36.922662,2026-07-07T09:13:36.934806+00:00,155.7,40,bid,,,10651354
2026-07-07T09:13:38.178831,2026-07-07T09:13:38.188174+00:00,155.4,12,ask,,,10651360
2026-07-07T09:13:38.420593,2026-07-07T09:13:38.428143+00:00,155.7,40,bid,,,10651363
2026-07-07T09:13:40.292612,2026-07-07T09:13:40.304817+00:00,155.4,50,ask,,,10651393
2026-07-07T09:13:41.520358,2026-07-07T09:13:41.532377+00:00,155.3,43,ask,,,10651407
2026-07-07T09:13:42.402498,2026-07-07T09:13:42.414251+00:00,155.3,50,ask,,,10651430
2026-07-07T09:13:43.061703,2026-07-07T09:13:43.073379+00:00,155.6,45,bid,,,10651435
2026-07-07T09:13:43.116826,2026-07-07T09:13:43.128409+00:00,155.3,44,ask,,,10651437
2026-07-07T09:13:44.177896,2026-07-07T09:13:44.187218+00:00,155.8,41,bid,,,10651455
2026-07-07T09:13:44.511580,2026-07-07T09:13:44.520284+00:00,155.3,50,ask,,,10651460
2026-07-07T09:13:44.755132,2026-07-07T09:13:44.758539+00:00,155.3,6,ask,,,10651461
2026-07-07T09:13:44.755132,2026-07-07T09:13:44.758539+00:00,155.3,39,ask,,,10651462
2026-07-07T09:13:46.622840,2026-07-07T09:13:46.634489+00:00,155.3,50,ask,,,10651493
2026-07-07T09:13:48.020352,2026-07-07T09:13:48.032108+00:00,155.4,47,bid,,,10651511
2026-07-07T09:13:48.733341,2026-07-07T09:13:48.745121+00:00,155.0,50,ask,,,10651518
2026-07-07T09:13:49.124059,2026-07-07T09:13:49.135713+00:00,155.4,41,bid,,,10651521
2026-07-07T09:13:49.750778,2026-07-07T09:13:49.758560+00:00,155.0,43,ask,,,10651532
2026-07-07T09:13:50.847371,2026-07-07T09:13:50.856560+00:00,154.9,50,ask,,,10651546
2026-07-07T09:13:52.956945,2026-07-07T09:13:52.953373+00:00,154.9,50,ask,,,10651569
2026-07-07T09:13:54.358353,2026-07-07T09:13:54.376631+00:00,155.2,23,bid,,,10651588
2026-07-07T09:13:55.014512,2026-07-07T09:13:55.026987+00:00,155.2,50,bid,,,10651606
2026-07-07T09:13:55.560184,2026-07-07T09:13:55.569042+00:00,155.2,11,bid,,,10651611
2026-07-07T09:13:56.077688,2026-07-07T09:13:56.089606+00:00,155.2,16,bid,,,10651623
2026-07-07T09:13:56.077688,2026-07-07T09:13:56.089606+00:00,155.4,30,bid,,,10651624
2026-07-07T09:13:57.124281,2026-07-07T09:13:57.136022+00:00,155.4,50,bid,,,10651644
2026-07-07T09:13:59.230781,2026-07-07T09:13:59.242839+00:00,155.8,50,bid,,,10651668
2026-07-07T09:13:59.932556,2026-07-07T09:13:59.944574+00:00,155.3,46,ask,,,10651679
2026-07-07T09:14:01.338629,2026-07-07T09:14:01.347393+00:00,155.8,50,bid,,,10651702
2026-07-07T09:14:02.439119,2026-07-07T09:14:02.446157+00:00,155.4,48,ask,,,10651719
2026-07-07T09:14:03.445696,2026-07-07T09:14:03.457309+00:00,155.9,50,bid,,,10651731
2026-07-07T09:14:05.555622,2026-07-07T09:14:05.557369+00:00,156.0,50,bid,,,10651760
2026-07-07T09:14:06.383272,2026-07-07T09:14:06.395466+00:00,155.8,11,ask,,,10651767
2026-07-07T09:14:07.671471,2026-07-07T09:14:07.684508+00:00,156.3,50,bid,,,10651786
2026-07-07T09:14:10.532691,2026-07-07T09:14:10.542614+00:00,156.0,23,ask,,,10651835
2026-07-07T09:14:10.894088,2026-07-07T09:14:10.903056+00:00,156.0,23,ask,,,10651839
2026-07-07T09:14:11.936759,2026-07-07T09:14:11.948022+00:00,156.0,50,ask,,,10651854
2026-07-07T09:14:13.777446,2026-07-07T09:14:13.789196+00:00,156.2,42,ask,,,10651883
2026-07-07T09:14:14.043565,2026-07-07T09:14:14.055449+00:00,156.2,50,ask,,,10651890
2026-07-07T09:14:15.925889,2026-07-07T09:14:15.934201+00:00,156.1,100,ask,,,10651910
2026-07-07T09:14:16.151493,2026-07-07T09:14:16.163607+00:00,156.1,50,ask,,,10651912
2026-07-07T09:14:16.869538,2026-07-07T09:14:16.879048+00:00,155.9,35,bid,,,10651930
2026-07-07T09:14:16.940979,2026-07-07T09:14:16.949720+00:00,155.9,11,bid,,,10651932
2026-07-07T09:14:18.258240,2026-07-07T09:14:18.270108+00:00,155.6,50,ask,,,10651950
2026-07-07T09:14:20.020548,2026-07-07T09:14:20.032168+00:00,156.2,46,bid,,,10651974
2026-07-07T09:14:20.365224,2026-07-07T09:14:20.377272+00:00,155.7,50,ask,,,10651977
2026-07-07T09:14:22.473024,2026-07-07T09:14:22.484787+00:00,155.6,50,ask,,,10652006
2026-07-07T09:14:23.046817,2026-07-07T09:14:23.058609+00:00,156.0,45,bid,,,10652017
2026-07-07T09:14:24.103407,2026-07-07T09:14:24.113958+00:00,156.1,47,bid,,,10652036
2026-07-07T09:14:25.292103,2026-07-07T09:14:25.302468+00:00,155.7,46,ask,,,10652049
2026-07-07T09:14:25.935579,2026-07-07T09:14:25.944931+00:00,155.7,41,ask,,,10652058
2026-07-07T09:14:26.579786,2026-07-07T09:14:26.586661+00:00,156.0,44,bid,,,10652069
2026-07-07T09:14:26.633903,2026-07-07T09:14:26.646030+00:00,156.0,50,bid,,,10652071
2026-07-07T09:14:27.051148,2026-07-07T09:14:27.062338+00:00,156.0,11,bid,,,10652084
2026-07-07T09:14:28.520683,2026-07-07T09:14:28.532602+00:00,155.8,20,ask,,,10652106
2026-07-07T09:14:30.555158,2026-07-07T09:14:30.558545+00:00,155.9,48,ask,,,10652129
2026-07-07T09:14:30.847133,2026-07-07T09:14:30.853690+00:00,156.2,20,bid,,,10652131
2026-07-07T09:14:30.847133,2026-07-07T09:14:30.853690+00:00,156.3,5,bid,,,10652132
2026-07-07T09:14:30.967639,2026-07-07T09:14:30.979284+00:00,156.4,2,bid,,,10652135
2026-07-07T09:14:31.179862,2026-07-07T09:14:31.187842+00:00,156.4,2,bid,,,10652138
2026-07-07T09:14:31.391848,2026-07-07T09:14:31.399488+00:00,156.4,1,bid,,,10652143
