timestamp,recv_time,price,volume,aggressor_side,buyer,seller,trade_id
2026-07-08T06:00:00.051902,2026-07-08T06:00:00.005214+00:00,118.8,15,ask,,,11791616
2026-07-08T06:00:00.941362,2026-07-08T06:00:00.953331+00:00,119.0,45,bid,,,11791630
2026-07-08T06:00:01.235685,2026-07-08T06:00:01.247486+00:00,119.0,5,bid,,,11791634
2026-07-08T06:00:01.260921,2026-07-08T06:00:01.273187+00:00,119.0,3,ask,,,11791635
2026-07-08T06:00:01.328980,2026-07-08T06:00:01.315845+00:00,119.1,5,bid,,,11791638
2026-07-08T06:00:01.365075,2026-07-08T06:00:01.376096+00:00,119.0,15,ask,,,11791641
2026-07-08T06:00:01.535987,2026-07-08T06:00:01.542921+00:00,119.1,5,bid,,,11791643
2026-07-08T06:00:01.535987,2026-07-08T06:00:01.548609+00:00,119.2,45,bid,,,11791644
2026-07-08T06:00:01.690404,2026-07-08T06:00:01.698765+00:00,119.2,15,bid,,,11791647
2026-07-08T06:00:01.853828,2026-07-08T06:00:01.863673+00:00,119.2,5,bid,,,11791649
2026-07-08T06:00:02.025328,2026-07-08T06:00:02.035539+00:00,119.2,15,bid,,,11791654
2026-07-08T06:00:02.360203,2026-07-08T06:00:02.367330+00:00,119.2,15,bid,,,11791667
2026-07-08T06:00:02.934726,2026-07-08T06:00:02.942480+00:00,119.2,5,bid,,,11791676
2026-07-08T06:00:03.186044,2026-07-08T06:00:03.194647+00:00,119.0,47,ask,,,11791678
2026-07-08T06:00:03.359490,2026-07-08T06:00:03.368190+00:00,119.1,3,bid,,,11791682
2026-07-08T06:00:03.520088,2026-07-08T06:00:03.530899+00:00,119.1,12,bid,,,11791691
2026-07-08T06:00:03.661074,2026-07-08T06:00:03.672404+00:00,119.2,5,bid,,,11791694
2026-07-08T06:00:03.661074,2026-07-08T06:00:03.672404+00:00,119.5,45,bid,,,11791695
2026-07-08T06:00:03.685641,2026-07-08T06:00:03.693586+00:00,119.0,15,ask,,,11791697
2026-07-08T06:00:03.958989,2026-07-08T06:00:03.968458+00:00,119.4,5,bid,,,11791700
2026-07-08T06:00:04.013435,2026-07-08T06:00:04.023181+00:00,119.1,5,ask,,,11791704
2026-07-08T06:00:04.169261,2026-07-08T06:00:04.164019+00:00,119.1,10,bid,,,11791708
2026-07-08T06:00:04.344322,2026-07-08T06:00:04.355473+00:00,119.3,5,bid,,,11791714
2026-07-08T06:00:04.668690,2026-07-08T06:00:04.679677+00:00,119.3,15,ask,,,11791721
2026-07-08T06:00:05.263573,2026-07-08T06:00:05.275527+00:00,119.4,15,bid,,,11791737
2026-07-08T06:00:05.263573,2026-07-08T06:00:05.275527+00:00,119.5,5,bid,,,11791738
2026-07-08T06:00:05.263573,2026-07-08T06:00:05.275527+00:00,119.7,26,bid,,,11791739
2026-07-08T06:00:05.358722,2026-07-08T06:00:05.370024+00:00,119.4,3,ask,,,11791741
2026-07-08T06:00:05.770369,2026-07-08T06:00:05.782487+00:00,119.5,5,bid,,,11791747
2026-07-08T06:00:05.770369,2026-07-08T06:00:05.782487+00:00,119.6,5,bid,,,11791748
2026-07-08T06:00:05.770369,2026-07-08T06:00:05.782487+00:00,119.7,40,bid,,,11791749
2026-07-08T06:00:06.681987,2026-07-08T06:00:06.695784+00:00,119.3,46,ask,,,11791763
2026-07-08T06:00:07.568983,2026-07-08T06:00:07.575739+00:00,119.4,5,bid,,,11791783
2026-07-08T06:00:07.770388,2026-07-08T06:00:07.781528+00:00,119.5,5,bid,,,11791786
2026-07-08T06:00:07.770388,2026-07-08T06:00:07.781528+00:00,119.6,38,bid,,,11791787
2026-07-08T06:00:07.933092,2026-07-08T06:00:07.942079+00:00,119.4,50,ask,,,11791788
2026-07-08T06:00:07.947622,2026-07-08T06:00:07.954517+00:00,119.4,5,ask,,,11791790
2026-07-08T06:00:08.230549,2026-07-08T06:00:08.240273+00:00,119.4,5,ask,,,11791793
2026-07-08T06:00:08.759583,2026-07-08T06:00:08.769304+00:00,119.4,5,ask,,,11791804
2026-07-08T06:00:10.885618,2026-07-08T06:00:10.895008+00:00,119.7,15,bid,,,11791832
2026-07-08T06:00:10.885618,2026-07-08T06:00:10.895008+00:00,119.7,20,bid,,,11791833
2026-07-08T06:00:10.885618,2026-07-08T06:00:10.900573+00:00,119.8,11,bid,,,11791834
2026-07-08T06:00:12.181432,2026-07-08T06:00:12.191464+00:00,119.3,50,ask,,,11791852
2026-07-08T06:00:12.530083,2026-07-08T06:00:12.537942+00:00,119.4,1,bid,,,11791855
2026-07-08T06:00:13.169333,2026-07-08T06:00:13.180967+00:00,119.3,43,ask,,,11791860
2026-07-08T06:00:13.192653,2026-07-08T06:00:13.197760+00:00,119.5,1,bid,,,11791863
2026-07-08T06:00:13.591287,2026-07-08T06:00:13.599293+00:00,119.5,1,bid,,,11791873
2026-07-08T06:00:14.209700,2026-07-08T06:00:14.221358+00:00,119.5,1,bid,,,11791882
2026-07-08T06:00:14.235901,2026-07-08T06:00:14.247993+00:00,119.5,4,bid,,,11791883
2026-07-08T06:00:14.235901,2026-07-08T06:00:14.247993+00:00,119.5,1,bid,,,11791884
2026-07-08T06:00:14.235901,2026-07-08T06:00:14.247993+00:00,119.6,45,bid,,,11791885
2026-07-08T06:00:15.227741,2026-07-08T06:00:15.238007+00:00,119.5,1,bid,,,11791895
2026-07-08T06:00:15.732736,2026-07-08T06:00:15.743706+00:00,119.5,1,bid,,,11791910
2026-07-08T06:00:16.244592,2026-07-08T06:00:16.253999+00:00,119.5,1,bid,,,11791921
2026-07-08T06:00:16.305507,2026-07-08T06:00:16.315950+00:00,119.6,34,bid,,,11791923
2026-07-08T06:00:16.310886,2026-07-08T06:00:16.321208+00:00,119.6,1,bid,,,11791924
2026-07-08T06:00:16.349036,2026-07-08T06:00:16.357586+00:00,119.6,15,bid,,,11791927
2026-07-08T06:00:16.383324,2026-07-08T06:00:16.390680+00:00,119.6,5,bid,,,11791928
2026-07-08T06:00:16.383324,2026-07-08T06:00:16.396278+00:00,119.6,5,bid,,,11791929
2026-07-08T06:00:16.383324,2026-07-08T06:00:16.396278+00:00,119.8,40,bid,,,11791930
2026-07-08T06:00:16.844626,2026-07-08T06:00:16.858588+00:00,119.7,5,bid,,,11791940
2026-07-08T06:00:16.879168,2026-07-08T06:00:16.888394+00:00,119.4,20,ask,,,11791941
2026-07-08T06:00:17.065862,2026-07-08T06:00:17.074096+00:00,119.7,5,bid,,,11791943
2026-07-08T06:00:17.270382,2026-07-08T06:00:17.284044+00:00,119.7,3,ask,,,11791947
2026-07-08T06:00:17.312946,2026-07-08T06:00:17.322631+00:00,119.7,35,ask,,,11791950
2026-07-08T06:00:17.335002,2026-07-08T06:00:17.346763+00:00,119.7,25,ask,,,11791951
2026-07-08T06:00:17.591304,2026-07-08T06:00:17.601670+00:00,119.7,25,ask,,,11791956
2026-07-08T06:00:17.814648,2026-07-08T06:00:17.824690+00:00,119.7,25,ask,,,11791961
2026-07-08T06:00:17.903905,2026-07-08T06:00:17.913521+00:00,119.7,5,ask,,,11791965
2026-07-08T06:00:18.037978,2026-07-08T06:00:18.048633+00:00,119.7,14,ask,,,11791968
2026-07-08T06:00:18.439442,2026-07-08T06:00:18.450883+00:00,119.7,5,ask,,,11791977
2026-07-08T06:00:18.551029,2026-07-08T06:00:18.557579+00:00,119.7,8,ask,,,11791979
2026-07-08T06:00:18.551029,2026-07-08T06:00:18.557579+00:00,119.6,42,ask,,,11791980
2026-07-08T06:00:18.987087,2026-07-08T06:00:18.995419+00:00,119.6,44,ask,,,11791985
2026-07-08T06:00:19.023857,2026-07-08T06:00:19.034382+00:00,119.7,3,bid,,,11791987
2026-07-08T06:00:20.007715,2026-07-08T06:00:20.014653+00:00,119.7,5,bid,,,11792006
2026-07-08T06:00:20.007715,2026-07-08T06:00:20.019648+00:00,119.8,15,bid,,,11792007
2026-07-08T06:00:20.007715,2026-07-08T06:00:20.019648+00:00,120.1,25,bid,,,11792008
2026-07-08T06:00:20.071395,2026-07-08T06:00:20.079882+00:00,119.8,5,ask,,,11792010
2026-07-08T06:00:20.279817,2026-07-08T06:00:20.291756+00:00,119.8,10,ask,,,11792014
2026-07-08T06:00:20.279817,2026-07-08T06:00:20.291756+00:00,119.6,5,ask,,,11792015
2026-07-08T06:00:20.279817,2026-07-08T06:00:20.291756+00:00,119.5,20,ask,,,11792016
2026-07-08T06:00:20.363890,2026-07-08T06:00:20.374393+00:00,119.5,35,bid,,,11792018
2026-07-08T06:00:20.376313,2026-07-08T06:00:20.385408+00:00,119.5,15,bid,,,11792021
2026-07-08T06:00:20.623776,2026-07-08T06:00:20.633453+00:00,119.5,23,bid,,,11792032
2026-07-08T06:00:20.650636,2026-07-08T06:00:20.657220+00:00,119.5,42,bid,,,11792033
2026-07-08T06:00:20.650636,2026-07-08T06:00:20.657220+00:00,119.6,5,bid,,,11792034
2026-07-08T06:00:20.666301,2026-07-08T06:00:20.687632+00:00,119.4,50,ask,,,11792036
2026-07-08T06:00:21.145917,2026-07-08T06:00:21.163823+00:00,119.7,5,bid,,,11792046
2026-07-08T06:00:21.367826,2026-07-08T06:00:21.375573+00:00,119.6,1,bid,,,11792049
2026-07-08T06:00:21.367826,2026-07-08T06:00:21.380850+00:00,119.7,5,bid,,,11792050
2026-07-08T06:00:22.112722,2026-07-08T06:00:22.119469+00:00,119.5,5,ask,,,11792066
2026-07-08T06:00:22.112722,2026-07-08T06:00:22.125013+00:00,119.5,20,ask,,,11792067
2026-07-08T06:00:22.112722,2026-07-08T06:00:22.125013+00:00,119.4,19,ask,,,11792068
2026-07-08T06:00:22.308134,2026-07-08T06:00:22.319947+00:00,119.6,1,bid,,,11792071
2026-07-08T06:00:22.682144,2026-07-08T06:00:22.693349+00:00,119.6,5,bid,,,11792081
2026-07-08T06:00:22.775927,2026-07-08T06:00:22.787705+00:00,119.6,10,ask,,,11792083
2026-07-08T06:00:22.775927,2026-07-08T06:00:22.787705+00:00,119.5,5,ask,,,11792084
2026-07-08T06:00:22.775927,2026-07-08T06:00:22.787705+00:00,119.5,20,ask,,,11792085
2026-07-08T06:00:22.775927,2026-07-08T06:00:22.787705+00:00,119.4,15,ask,,,11792086
2026-07-08T06:00:22.972298,2026-07-08T06:00:22.980269+00:00,119.8,5,bid,,,11792090
2026-07-08T06:00:23.063851,2026-07-08T06:00:23.086050+00:00,119.5,5,ask,,,11792094
2026-07-08T06:00:23.076467,2026-07-08T06:00:23.086050+00:00,119.5,3,bid,,,11792095
2026-07-08T06:00:23.197155,2026-07-08T06:00:23.204277+00:00,119.5,7,bid,,,11792103
2026-07-08T06:00:23.392580,2026-07-08T06:00:23.402378+00:00,119.6,1,bid,,,11792108
2026-07-08T06:00:23.396051,2026-07-08T06:00:23.407662+00:00,119.7,5,bid,,,11792109
2026-07-08T06:00:23.396051,2026-07-08T06:00:23.407662+00:00,119.7,100,bid,,,11792110
2026-07-08T06:00:23.409046,2026-07-08T06:00:23.420720+00:00,119.7,3,ask,,,11792111
2026-07-08T06:00:24.315118,2026-07-08T06:00:24.326046+00:00,119.8,10,bid,,,11792124
2026-07-08T06:00:24.328859,2026-07-08T06:00:24.331398+00:00,119.8,1,bid,,,11792125
2026-07-08T06:00:24.688432,2026-07-08T06:00:24.697965+00:00,119.8,5,bid,,,11792128
2026-07-08T06:00:24.688432,2026-07-08T06:00:24.697965+00:00,119.8,15,bid,,,11792129
2026-07-08T06:00:24.688432,2026-07-08T06:00:24.697965+00:00,120.1,20,bid,,,11792130
2026-07-08T06:00:24.901151,2026-07-08T06:00:24.913421+00:00,119.9,15,ask,,,11792133
2026-07-08T06:00:24.901151,2026-07-08T06:00:24.913421+00:00,119.7,35,ask,,,11792134
2026-07-08T06:00:26.612531,2026-07-08T06:00:26.621736+00:00,119.5,15,ask,,,11792163
2026-07-08T06:00:26.612531,2026-07-08T06:00:26.621736+00:00,119.5,20,ask,,,11792164
2026-07-08T06:00:26.612531,2026-07-08T06:00:26.626995+00:00,119.5,5,ask,,,11792165
2026-07-08T06:00:26.612531,2026-07-08T06:00:26.626995+00:00,119.5,100,ask,,,11792166
2026-07-08T06:00:26.733447,2026-07-08T06:00:26.740685+00:00,119.5,10,bid,,,11792173
2026-07-08T06:00:27.012860,2026-07-08T06:00:27.025060+00:00,119.5,5,ask,,,11792178
2026-07-08T06:00:27.012860,2026-07-08T06:00:27.025060+00:00,119.3,20,ask,,,11792179
2026-07-08T06:00:27.012860,2026-07-08T06:00:27.025060+00:00,119.0,25,ask,,,11792180
2026-07-08T06:00:27.072568,2026-07-08T06:00:27.081973+00:00,119.2,14,bid,,,11792181
2026-07-08T06:00:27.101386,2026-07-08T06:00:27.108025+00:00,119.2,1,bid,,,11792184
2026-07-08T06:00:27.394180,2026-07-08T06:00:27.403068+00:00,119.4,11,ask,,,11792193
2026-07-08T06:00:27.987034,2026-07-08T06:00:27.996911+00:00,119.3,5,ask,,,11792202
2026-07-08T06:00:28.415617,2026-07-08T06:00:28.425951+00:00,119.3,15,bid,,,11792209
2026-07-08T06:00:29.122904,2026-07-08T06:00:29.131556+00:00,119.4,11,bid,,,11792222
2026-07-08T06:00:29.148287,2026-07-08T06:00:29.158567+00:00,119.2,20,ask,,,11792224
2026-07-08T06:00:29.148287,2026-07-08T06:00:29.158567+00:00,119.0,30,ask,,,11792225
2026-07-08T06:00:29.292589,2026-07-08T06:00:29.302406+00:00,119.3,5,bid,,,11792226
2026-07-08T06:00:29.326291,2026-07-08T06:00:29.334646+00:00,119.4,4,bid,,,11792229
2026-07-08T06:00:29.326291,2026-07-08T06:00:29.334646+00:00,119.4,5,bid,,,11792230
2026-07-08T06:00:29.625509,2026-07-08T06:00:29.636528+00:00,119.9,5,bid,,,11792237
2026-07-08T06:00:29.760257,2026-07-08T06:00:29.770105+00:00,119.6,5,ask,,,11792244
2026-07-08T06:00:30.453495,2026-07-08T06:00:30.462770+00:00,119.6,14,ask,,,11792261
2026-07-08T06:00:30.623033,2026-07-08T06:00:30.634321+00:00,119.6,25,ask,,,11792264
2026-07-08T06:00:30.671266,2026-07-08T06:00:30.678487+00:00,119.6,5,ask,,,11792266
2026-07-08T06:00:30.716890,2026-07-08T06:00:30.724403+00:00,119.6,3,ask,,,11792269
2026-07-08T06:00:30.720118,2026-07-08T06:00:30.724403+00:00,119.6,15,ask,,,11792270
2026-07-08T06:00:30.746742,2026-07-08T06:00:30.756646+00:00,119.6,43,ask,,,11792271
2026-07-08T06:00:30.843847,2026-07-08T06:00:30.852650+00:00,119.6,25,ask,,,11792273
2026-07-08T06:00:31.070954,2026-07-08T06:00:31.079837+00:00,119.6,15,ask,,,11792278
2026-07-08T06:00:31.256814,2026-07-08T06:00:31.267853+00:00,119.4,15,ask,,,11792288
2026-07-08T06:00:31.256814,2026-07-08T06:00:31.267853+00:00,119.3,35,ask,,,11792289
2026-07-08T06:00:31.391190,2026-07-08T06:00:31.395221+00:00,119.5,3,bid,,,11792290
2026-07-08T06:00:31.766619,2026-07-08T06:00:31.774480+00:00,119.4,5,bid,,,11792293
2026-07-08T06:00:32.276859,2026-07-08T06:00:32.286671+00:00,119.5,1,bid,,,11792301
2026-07-08T06:00:32.276859,2026-07-08T06:00:32.286671+00:00,119.5,4,bid,,,11792302
2026-07-08T06:00:32.402596,2026-07-08T06:00:32.411450+00:00,119.5,1,bid,,,11792307
2026-07-08T06:00:32.807935,2026-07-08T06:00:32.816169+00:00,119.5,1,bid,,,11792318
2026-07-08T06:00:32.898091,2026-07-08T06:00:32.908281+00:00,119.4,10,bid,,,11792320
2026-07-08T06:00:32.964488,2026-07-08T06:00:32.976489+00:00,119.2,20,ask,,,11792322
2026-07-08T06:00:32.964488,2026-07-08T06:00:32.976489+00:00,119.2,5,ask,,,11792323
2026-07-08T06:00:32.979127,2026-07-08T06:00:32.988757+00:00,119.2,3,bid,,,11792324
2026-07-08T06:00:33.003978,2026-07-08T06:00:33.014879+00:00,119.2,25,bid,,,11792328
2026-07-08T06:00:33.016230,2026-07-08T06:00:33.025735+00:00,119.2,11,bid,,,11792329
2026-07-08T06:00:33.033463,2026-07-08T06:00:33.041018+00:00,119.2,25,bid,,,11792332
2026-07-08T06:00:33.063882,2026-07-08T06:00:33.073034+00:00,119.2,15,bid,,,11792335
2026-07-08T06:00:33.268965,2026-07-08T06:00:33.279057+00:00,119.2,25,bid,,,11792337
2026-07-08T06:00:33.339949,2026-07-08T06:00:33.358999+00:00,119.2,21,bid,,,11792338
2026-07-08T06:00:33.415383,2026-07-08T06:00:33.424833+00:00,119.4,1,bid,,,11792342
2026-07-08T06:00:34.305941,2026-07-08T06:00:34.318304+00:00,119.4,40,bid,,,11792353
2026-07-08T06:00:35.500583,2026-07-08T06:00:35.512556+00:00,119.1,5,ask,,,11792372
2026-07-08T06:00:35.500583,2026-07-08T06:00:35.512556+00:00,119.1,15,ask,,,11792373
2026-07-08T06:00:35.500583,2026-07-08T06:00:35.512556+00:00,119.0,20,ask,,,11792374
2026-07-08T06:00:35.500583,2026-07-08T06:00:35.518170+00:00,118.9,10,ask,,,11792375
2026-07-08T06:00:35.885529,2026-07-08T06:00:35.896224+00:00,119.3,5,bid,,,11792379
2026-07-08T06:00:35.885529,2026-07-08T06:00:35.896224+00:00,119.3,15,bid,,,11792380
2026-07-08T06:00:35.914894,2026-07-08T06:00:35.926781+00:00,119.4,46,bid,,,11792382
2026-07-08T06:00:35.954274,2026-07-08T06:00:35.958609+00:00,119.7,5,bid,,,11792383
2026-07-08T06:00:36.647676,2026-07-08T06:00:36.658697+00:00,119.4,11,ask,,,11792394
2026-07-08T06:00:37.627805,2026-07-08T06:00:37.638735+00:00,119.4,50,ask,,,11792411
2026-07-08T06:00:38.459834,2026-07-08T06:00:38.470024+00:00,119.4,40,ask,,,11792425
2026-07-08T06:00:39.495049,2026-07-08T06:00:39.503156+00:00,119.1,44,ask,,,11792437
2026-07-08T06:00:41.060141,2026-07-08T06:00:41.068702+00:00,119.4,15,bid,,,11792460
2026-07-08T06:00:41.079947,2026-07-08T06:00:41.090069+00:00,119.4,25,bid,,,11792462
2026-07-08T06:00:41.300394,2026-07-08T06:00:41.307195+00:00,119.4,3,bid,,,11792464
2026-07-08T06:00:41.713939,2026-07-08T06:00:41.723753+00:00,119.4,15,bid,,,11792469
2026-07-08T06:00:41.857909,2026-07-08T06:00:41.869657+00:00,119.3,5,ask,,,11792470
2026-07-08T06:00:41.857909,2026-07-08T06:00:41.869657+00:00,119.1,45,ask,,,11792471
2026-07-08T06:00:43.023868,2026-07-08T06:00:43.030909+00:00,119.5,25,bid,,,11792486
2026-07-08T06:00:43.708635,2026-07-08T06:00:43.719616+00:00,119.3,15,ask,,,11792496
2026-07-08T06:00:43.915825,2026-07-08T06:00:43.927050+00:00,119.5,50,bid,,,11792499
2026-07-08T06:00:46.058653,2026-07-08T06:00:46.066507+00:00,119.5,15,bid,,,11792517
2026-07-08T06:00:46.058653,2026-07-08T06:00:46.071531+00:00,119.6,5,bid,,,11792518
2026-07-08T06:00:46.058653,2026-07-08T06:00:46.071531+00:00,119.7,30,bid,,,11792519
2026-07-08T06:00:46.321061,2026-07-08T06:00:46.330787+00:00,119.7,5,bid,,,11792524
2026-07-08T06:00:48.037598,2026-07-08T06:00:48.047344+00:00,119.2,25,ask,,,11792551
2026-07-08T06:00:48.174355,2026-07-08T06:00:48.183028+00:00,119.5,5,bid,,,11792561
2026-07-08T06:00:48.174355,2026-07-08T06:00:48.183028+00:00,119.5,15,bid,,,11792562
2026-07-08T06:00:48.174355,2026-07-08T06:00:48.188076+00:00,119.7,30,bid,,,11792563
2026-07-08T06:00:48.408844,2026-07-08T06:00:48.419334+00:00,119.6,5,bid,,,11792567
2026-07-08T06:00:48.667019,2026-07-08T06:00:48.675982+00:00,119.5,5,bid,,,11792573
2026-07-08T06:00:48.667019,2026-07-08T06:00:48.675982+00:00,119.6,5,bid,,,11792574
2026-07-08T06:00:48.667019,2026-07-08T06:00:48.681011+00:00,119.7,32,bid,,,11792575
2026-07-08T06:00:48.936198,2026-07-08T06:00:48.946944+00:00,119.7,5,bid,,,11792582
2026-07-08T06:00:49.171508,2026-07-08T06:00:49.183567+00:00,119.6,5,bid,,,11792587
2026-07-08T06:00:49.171508,2026-07-08T06:00:49.183567+00:00,119.7,15,bid,,,11792588
2026-07-08T06:00:49.171508,2026-07-08T06:00:49.183567+00:00,119.7,20,bid,,,11792589
2026-07-08T06:00:49.171508,2026-07-08T06:00:49.188881+00:00,119.8,7,bid,,,11792590
2026-07-08T06:00:49.456989,2026-07-08T06:00:49.458051+00:00,119.7,5,bid,,,11792596
2026-07-08T06:00:49.531660,2026-07-08T06:00:49.541333+00:00,119.5,3,ask,,,11792604
2026-07-08T06:00:50.291908,2026-07-08T06:00:50.302521+00:00,119.6,5,bid,,,11792612
2026-07-08T06:00:50.291908,2026-07-08T06:00:50.302521+00:00,119.8,45,bid,,,11792613
2026-07-08T06:00:50.768543,2026-07-08T06:00:50.775873+00:00,119.5,15,ask,,,11792620
2026-07-08T06:00:50.768543,2026-07-08T06:00:50.781321+00:00,119.4,30,ask,,,11792621
2026-07-08T06:00:51.041317,2026-07-08T06:00:51.050934+00:00,119.6,5,bid,,,11792625
2026-07-08T06:00:51.564669,2026-07-08T06:00:51.573483+00:00,119.5,5,bid,,,11792640
2026-07-08T06:00:52.404147,2026-07-08T06:00:52.412387+00:00,119.5,5,bid,,,11792648
2026-07-08T06:00:52.404147,2026-07-08T06:00:52.417397+00:00,119.5,15,bid,,,11792649
2026-07-08T06:00:52.404147,2026-07-08T06:00:52.417397+00:00,119.6,30,bid,,,11792650
2026-07-08T06:00:52.701713,2026-07-08T06:00:52.716356+00:00,119.3,40,ask,,,11792656
2026-07-08T06:00:52.947688,2026-07-08T06:00:52.956305+00:00,119.5,5,bid,,,11792662
2026-07-08T06:00:53.050899,2026-07-08T06:00:53.060737+00:00,119.5,10,ask,,,11792664
2026-07-08T06:00:53.185777,2026-07-08T06:00:53.195740+00:00,119.6,5,bid,,,11792665
2026-07-08T06:00:53.722588,2026-07-08T06:00:53.733283+00:00,119.5,5,bid,,,11792678
2026-07-08T06:00:54.570380,2026-07-08T06:00:54.578690+00:00,119.3,50,ask,,,11792694
2026-07-08T06:00:54.595161,2026-07-08T06:00:54.607156+00:00,119.5,20,bid,,,11792695
2026-07-08T06:00:54.595161,2026-07-08T06:00:54.607156+00:00,119.6,22,bid,,,11792696
2026-07-08T06:00:54.620102,2026-07-08T06:00:54.629702+00:00,119.6,3,bid,,,11792697
2026-07-08T06:00:54.687583,2026-07-08T06:00:54.695115+00:00,119.6,25,bid,,,11792703
2026-07-08T06:00:55.111824,2026-07-08T06:00:55.124888+00:00,119.5,15,ask,,,11792712
2026-07-08T06:00:55.111824,2026-07-08T06:00:55.124888+00:00,119.5,28,ask,,,11792713
2026-07-08T06:00:55.597879,2026-07-08T06:00:55.606331+00:00,119.6,5,bid,,,11792720
2026-07-08T06:00:55.808404,2026-07-08T06:00:55.824042+00:00,119.7,5,bid,,,11792723
2026-07-08T06:00:56.608631,2026-07-08T06:00:56.620152+00:00,119.7,40,bid,,,11792736
2026-07-08T06:00:56.626776,2026-07-08T06:00:56.638751+00:00,119.7,50,bid,,,11792737
2026-07-08T06:00:57.591805,2026-07-08T06:00:57.601615+00:00,119.7,15,bid,,,11792753
2026-07-08T06:00:58.072235,2026-07-08T06:00:58.079845+00:00,119.7,10,bid,,,11792761
2026-07-08T06:00:58.174389,2026-07-08T06:00:58.190830+00:00,119.7,30,bid,,,11792765
2026-07-08T06:00:58.250434,2026-07-08T06:00:58.259370+00:00,119.8,5,bid,,,11792771
2026-07-08T06:00:58.266097,2026-07-08T06:00:58.276655+00:00,119.9,3,ask,,,11792773
2026-07-08T06:00:58.502800,2026-07-08T06:00:58.511000+00:00,120.0,5,bid,,,11792780
2026-07-08T06:00:58.602649,2026-07-08T06:00:58.611036+00:00,119.9,43,ask,,,11792781
2026-07-08T06:00:58.627846,2026-07-08T06:00:58.637369+00:00,119.9,15,ask,,,11792786
2026-07-08T06:00:58.758717,2026-07-08T06:00:58.769821+00:00,120.0,5,bid,,,11792788
2026-07-08T06:00:58.758717,2026-07-08T06:00:58.769821+00:00,120.2,45,bid,,,11792789
2026-07-08T06:00:59.025452,2026-07-08T06:00:59.033406+00:00,120.1,5,bid,,,11792793
2026-07-08T06:01:00.866423,2026-07-08T06:01:00.878475+00:00,120.0,6,bid,,,11792817
2026-07-08T06:01:00.866423,2026-07-08T06:01:00.878475+00:00,120.1,5,bid,,,11792818
2026-07-08T06:01:00.866423,2026-07-08T06:01:00.878475+00:00,120.2,39,bid,,,11792819
2026-07-08T06:01:01.096819,2026-07-08T06:01:01.107220+00:00,120.1,5,bid,,,11792820
2026-07-08T06:01:01.342908,2026-07-08T06:01:01.350886+00:00,120.1,5,bid,,,11792823
2026-07-08T06:01:01.651777,2026-07-08T06:01:01.659740+00:00,120.2,5,bid,,,11792827
2026-07-08T06:01:01.651777,2026-07-08T06:01:01.659740+00:00,120.3,1,bid,,,11792828
2026-07-08T06:01:02.674195,2026-07-08T06:01:02.681233+00:00,120.1,5,ask,,,11792848
2026-07-08T06:01:02.691675,2026-07-08T06:01:02.702546+00:00,120.1,5,ask,,,11792849
2026-07-08T06:01:02.983544,2026-07-08T06:01:02.990736+00:00,120.3,15,bid,,,11792856
2026-07-08T06:01:02.983544,2026-07-08T06:01:02.996027+00:00,120.5,35,bid,,,11792857
2026-07-08T06:01:03.090775,2026-07-08T06:01:03.102501+00:00,120.1,25,ask,,,11792862
2026-07-08T06:01:03.333245,2026-07-08T06:01:03.352461+00:00,120.2,15,bid,,,11792869
2026-07-08T06:01:03.658247,2026-07-08T06:01:03.669859+00:00,120.2,5,bid,,,11792875
2026-07-08T06:01:03.737252,2026-07-08T06:01:03.748971+00:00,120.5,5,bid,,,11792876
2026-07-08T06:01:04.278135,2026-07-08T06:01:04.289593+00:00,120.4,15,bid,,,11792888
2026-07-08T06:01:04.580603,2026-07-08T06:01:04.592707+00:00,120.4,5,bid,,,11792892
2026-07-08T06:01:04.695326,2026-07-08T06:01:04.706881+00:00,120.4,25,ask,,,11792895
2026-07-08T06:01:04.918519,2026-07-08T06:01:04.925859+00:00,120.4,25,ask,,,11792900
2026-07-08T06:01:05.091011,2026-07-08T06:01:05.103483+00:00,120.5,5,bid,,,11792905
2026-07-08T06:01:05.091011,2026-07-08T06:01:05.103483+00:00,120.5,20,bid,,,11792906
2026-07-08T06:01:05.091011,2026-07-08T06:01:05.103483+00:00,120.6,6,bid,,,11792907
2026-07-08T06:01:05.091011,2026-07-08T06:01:05.108503+00:00,120.7,19,bid,,,11792908
2026-07-08T06:01:05.140624,2026-07-08T06:01:05.153036+00:00,120.4,25,ask,,,11792911
2026-07-08T06:01:05.371444,2026-07-08T06:01:05.379370+00:00,120.4,25,ask,,,11792917
2026-07-08T06:01:05.586105,2026-07-08T06:01:05.598323+00:00,120.6,5,bid,,,11792920
2026-07-08T06:01:05.586105,2026-07-08T06:01:05.598323+00:00,120.6,20,bid,,,11792921
2026-07-08T06:01:05.586105,2026-07-08T06:01:05.598323+00:00,120.7,23,bid,,,11792922
2026-07-08T06:01:05.597863,2026-07-08T06:01:05.608890+00:00,120.4,14,ask,,,11792923
2026-07-08T06:01:05.691374,2026-07-08T06:01:05.699376+00:00,120.4,20,ask,,,11792928
2026-07-08T06:01:05.700608,2026-07-08T06:01:05.712203+00:00,120.4,11,ask,,,11792930
2026-07-08T06:01:05.711132,2026-07-08T06:01:05.727515+00:00,120.3,2,ask,,,11792933
2026-07-08T06:01:05.715415,2026-07-08T06:01:05.727515+00:00,120.3,2,ask,,,11792934
2026-07-08T06:01:05.719720,2026-07-08T06:01:05.727515+00:00,120.3,2,ask,,,11792935
2026-07-08T06:01:05.723972,2026-07-08T06:01:05.733408+00:00,120.3,2,ask,,,11792936
2026-07-08T06:01:05.728200,2026-07-08T06:01:05.738435+00:00,120.3,1,ask,,,11792937
2026-07-08T06:01:07.228528,2026-07-08T06:01:07.238159+00:00,120.3,5,bid,,,11792956
2026-07-08T06:01:07.228528,2026-07-08T06:01:07.243473+00:00,120.5,15,bid,,,11792957
2026-07-08T06:01:07.228528,2026-07-08T06:01:07.243473+00:00,120.7,30,bid,,,11792958
2026-07-08T06:01:07.668527,2026-07-08T06:01:07.679662+00:00,120.4,5,bid,,,11792966
2026-07-08T06:01:07.869953,2026-07-08T06:01:07.880027+00:00,120.4,95,ask,,,11792969
2026-07-08T06:01:08.010099,2026-07-08T06:01:08.016408+00:00,120.3,5,bid,,,11792971
2026-07-08T06:01:09.337903,2026-07-08T06:01:09.345440+00:00,120.3,5,bid,,,11792983
2026-07-08T06:01:09.337903,2026-07-08T06:01:09.350656+00:00,120.3,5,bid,,,11792984
2026-07-08T06:01:09.337903,2026-07-08T06:01:09.350656+00:00,120.5,15,bid,,,11792985
2026-07-08T06:01:09.337903,2026-07-08T06:01:09.350656+00:00,120.9,25,bid,,,11792986
2026-07-08T06:01:10.981484,2026-07-08T06:01:10.993372+00:00,120.2,5,bid,,,11793007
2026-07-08T06:01:11.184785,2026-07-08T06:01:11.191757+00:00,120.2,5,ask,,,11793012
2026-07-08T06:01:11.201155,2026-07-08T06:01:11.207918+00:00,120.2,5,ask,,,11793013
2026-07-08T06:01:11.474865,2026-07-08T06:01:11.484891+00:00,120.5,50,bid,,,11793016
2026-07-08T06:01:11.733642,2026-07-08T06:01:11.740019+00:00,120.2,5,ask,,,11793018
2026-07-08T06:01:12.276864,2026-07-08T06:01:12.285554+00:00,120.2,5,ask,,,11793030
2026-07-08T06:01:12.544936,2026-07-08T06:01:12.558570+00:00,120.5,22,bid,,,11793038
2026-07-08T06:01:12.790320,2026-07-08T06:01:12.799986+00:00,120.5,10,bid,,,11793041
2026-07-08T06:01:13.581503,2026-07-08T06:01:13.593292+00:00,120.4,5,bid,,,11793054
2026-07-08T06:01:13.581503,2026-07-08T06:01:13.593292+00:00,120.5,18,bid,,,11793055
2026-07-08T06:01:13.581503,2026-07-08T06:01:13.593292+00:00,120.7,27,bid,,,11793056
2026-07-08T06:01:13.899076,2026-07-08T06:01:13.907793+00:00,120.4,5,ask,,,11793058
2026-07-08T06:01:14.136935,2026-07-08T06:01:14.149293+00:00,120.3,41,ask,,,11793060
2026-07-08T06:01:15.103493,2026-07-08T06:01:15.118037+00:00,120.3,14,ask,,,11793077
2026-07-08T06:01:15.157614,2026-07-08T06:01:15.169452+00:00,120.3,45,ask,,,11793079
2026-07-08T06:01:15.157614,2026-07-08T06:01:15.169452+00:00,120.3,1,ask,,,11793080
2026-07-08T06:01:15.448182,2026-07-08T06:01:15.459076+00:00,120.3,4,ask,,,11793082
2026-07-08T06:01:15.493081,2026-07-08T06:01:15.502450+00:00,120.2,10,ask,,,11793085
2026-07-08T06:01:15.721254,2026-07-08T06:01:15.728376+00:00,120.4,5,bid,,,11793089
2026-07-08T06:01:15.721254,2026-07-08T06:01:15.733636+00:00,120.6,1,bid,,,11793090
2026-07-08T06:01:15.721254,2026-07-08T06:01:15.733636+00:00,120.7,44,bid,,,11793091
2026-07-08T06:01:16.381347,2026-07-08T06:01:16.385341+00:00,120.4,5,bid,,,11793102
2026-07-08T06:01:16.577246,2026-07-08T06:01:16.585377+00:00,120.6,5,bid,,,11793105
2026-07-08T06:01:16.577246,2026-07-08T06:01:16.590377+00:00,120.7,36,bid,,,11793106
2026-07-08T06:01:17.313418,2026-07-08T06:01:17.325521+00:00,120.5,5,bid,,,11793119
2026-07-08T06:01:17.313418,2026-07-08T06:01:17.325521+00:00,120.6,100,bid,,,11793120
2026-07-08T06:01:17.396907,2026-07-08T06:01:17.408350+00:00,120.6,35,ask,,,11793123
2026-07-08T06:01:17.490817,2026-07-08T06:01:17.502860+00:00,120.6,10,ask,,,11793125
2026-07-08T06:01:17.699101,2026-07-08T06:01:17.709438+00:00,120.5,5,ask,,,11793131
2026-07-08T06:01:17.742454,2026-07-08T06:01:17.748962+00:00,120.4,5,ask,,,11793136
2026-07-08T06:01:17.832800,2026-07-08T06:01:17.844953+00:00,120.7,5,bid,,,11793141
2026-07-08T06:01:17.832800,2026-07-08T06:01:17.844953+00:00,121.1,45,bid,,,11793142
2026-07-08T06:01:18.133713,2026-07-08T06:01:18.145272+00:00,120.2,5,ask,,,11793146
2026-07-08T06:01:18.146059,2026-07-08T06:01:18.145272+00:00,120.1,5,ask,,,11793147
2026-07-08T06:01:18.620360,2026-07-08T06:01:18.631265+00:00,120.2,5,ask,,,11793150
2026-07-08T06:01:18.620360,2026-07-08T06:01:18.631265+00:00,120.1,39,ask,,,11793151
2026-07-08T06:01:18.678120,2026-07-08T06:01:18.689276+00:00,120.1,5,ask,,,11793152
2026-07-08T06:01:19.951755,2026-07-08T06:01:19.969715+00:00,120.6,5,bid,,,11793175
2026-07-08T06:01:19.951755,2026-07-08T06:01:19.969715+00:00,121.1,45,bid,,,11793176
2026-07-08T06:01:20.237755,2026-07-08T06:01:20.245864+00:00,120.5,5,ask,,,11793182
2026-07-08T06:01:20.242146,2026-07-08T06:01:20.250899+00:00,120.4,5,ask,,,11793183
2026-07-08T06:01:20.548510,2026-07-08T06:01:20.558598+00:00,120.6,46,bid,,,11793196
2026-07-08T06:01:20.786521,2026-07-08T06:01:20.798653+00:00,120.2,5,ask,,,11793199
2026-07-08T06:01:22.070244,2026-07-08T06:01:22.082154+00:00,120.3,5,bid,,,11793213
2026-07-08T06:01:22.070244,2026-07-08T06:01:22.082154+00:00,120.6,45,bid,,,11793214
2026-07-08T06:01:22.291875,2026-07-08T06:01:22.302457+00:00,120.3,5,ask,,,11793217
2026-07-08T06:01:22.302286,2026-07-08T06:01:22.312737+00:00,120.2,2,ask,,,11793219
2026-07-08T06:01:22.307949,2026-07-08T06:01:22.318060+00:00,120.2,2,ask,,,11793220
2026-07-08T06:01:22.313977,2026-07-08T06:01:22.323630+00:00,120.2,1,ask,,,11793221
2026-07-08T06:01:22.313977,2026-07-08T06:01:22.323630+00:00,120.1,1,ask,,,11793222
2026-07-08T06:01:23.147957,2026-07-08T06:01:23.164229+00:00,120.3,5,bid,,,11793244
2026-07-08T06:01:23.357741,2026-07-08T06:01:23.369889+00:00,120.3,5,ask,,,11793246
2026-07-08T06:01:23.368293,2026-07-08T06:01:23.375099+00:00,120.2,2,ask,,,11793248
2026-07-08T06:01:23.373058,2026-07-08T06:01:23.380346+00:00,120.2,2,ask,,,11793249
2026-07-08T06:01:23.377944,2026-07-08T06:01:23.385648+00:00,120.2,1,ask,,,11793250
2026-07-08T06:01:23.377944,2026-07-08T06:01:23.390608+00:00,120.1,1,ask,,,11793251
2026-07-08T06:01:23.508522,2026-07-08T06:01:23.519808+00:00,120.3,100,ask,,,11793257
2026-07-08T06:01:24.181723,2026-07-08T06:01:24.190651+00:00,120.6,50,bid,,,11793269
2026-07-08T06:01:24.386742,2026-07-08T06:01:24.398534+00:00,120.3,5,ask,,,11793272
2026-07-08T06:01:24.401813,2026-07-08T06:01:24.409122+00:00,120.2,2,ask,,,11793275
2026-07-08T06:01:24.406488,2026-07-08T06:01:24.414498+00:00,120.2,2,ask,,,11793276
2026-07-08T06:01:24.411034,2026-07-08T06:01:24.419808+00:00,120.2,1,ask,,,11793277
2026-07-08T06:01:24.411034,2026-07-08T06:01:24.419808+00:00,120.1,1,ask,,,11793278
2026-07-08T06:01:24.956265,2026-07-08T06:01:24.958613+00:00,120.2,5,ask,,,11793292
2026-07-08T06:01:24.956265,2026-07-08T06:01:24.969557+00:00,120.1,42,ask,,,11793293
2026-07-08T06:01:25.098888,2026-07-08T06:01:25.105366+00:00,120.1,5,ask,,,11793300
2026-07-08T06:01:27.544302,2026-07-08T06:01:27.558691+00:00,120.4,5,ask,,,11793331
2026-07-08T06:01:27.869287,2026-07-08T06:01:27.881021+00:00,120.6,49,bid,,,11793338
2026-07-08T06:01:28.162750,2026-07-08T06:01:28.172352+00:00,120.3,5,ask,,,11793341
2026-07-08T06:01:28.522067,2026-07-08T06:01:28.533989+00:00,120.3,5,ask,,,11793347
2026-07-08T06:01:28.522067,2026-07-08T06:01:28.533989+00:00,120.2,38,ask,,,11793348
2026-07-08T06:01:29.535565,2026-07-08T06:01:29.547194+00:00,120.6,47,bid,,,11793356
2026-07-08T06:01:29.880615,2026-07-08T06:01:29.890884+00:00,120.4,35,ask,,,11793363
2026-07-08T06:01:29.883807,2026-07-08T06:01:29.896159+00:00,120.4,35,ask,,,11793364
2026-07-08T06:01:29.973042,2026-07-08T06:01:29.979552+00:00,120.4,30,ask,,,11793367
2026-07-08T06:01:29.973042,2026-07-08T06:01:29.985003+00:00,120.4,5,ask,,,11793368
2026-07-08T06:01:30.601063,2026-07-08T06:01:30.612927+00:00,120.3,5,ask,,,11793376
2026-07-08T06:01:30.601063,2026-07-08T06:01:30.612927+00:00,120.1,45,ask,,,11793377
2026-07-08T06:01:31.649921,2026-07-08T06:01:31.658640+00:00,120.3,5,ask,,,11793397
2026-07-08T06:01:31.649921,2026-07-08T06:01:31.658640+00:00,120.1,35,ask,,,11793398
2026-07-08T06:01:32.709122,2026-07-08T06:01:32.718662+00:00,120.3,5,ask,,,11793407
2026-07-08T06:01:32.709122,2026-07-08T06:01:32.718662+00:00,120.1,45,ask,,,11793408
2026-07-08T06:01:33.178663,2026-07-08T06:01:33.190365+00:00,120.5,5,bid,,,11793424
2026-07-08T06:01:33.207530,2026-07-08T06:01:33.219731+00:00,120.2,5,ask,,,11793426
2026-07-08T06:01:33.207530,2026-07-08T06:01:33.219731+00:00,120.0,100,ask,,,11793427
2026-07-08T06:01:33.207530,2026-07-08T06:01:33.219731+00:00,120.0,20,ask,,,11793428
2026-07-08T06:01:33.226063,2026-07-08T06:01:33.270433+00:00,120.0,14,bid,,,11793429
2026-07-08T06:01:33.272210,2026-07-08T06:01:33.286134+00:00,120.0,11,bid,,,11793433
2026-07-08T06:01:33.704444,2026-07-08T06:01:33.715014+00:00,120.1,5,ask,,,11793443
2026-07-08T06:01:33.764359,2026-07-08T06:01:33.776413+00:00,119.8,20,ask,,,11793446
2026-07-08T06:01:34.365609,2026-07-08T06:01:34.375865+00:00,120.1,5,ask,,,11793456
2026-07-08T06:01:34.818398,2026-07-08T06:01:34.828923+00:00,120.2,5,ask,,,11793464
2026-07-08T06:01:34.818398,2026-07-08T06:01:34.828923+00:00,120.1,20,ask,,,11793465
2026-07-08T06:01:35.215756,2026-07-08T06:01:35.222720+00:00,120.2,5,ask,,,11793472
2026-07-08T06:01:36.198280,2026-07-08T06:01:36.210156+00:00,120.3,5,ask,,,11793491
2026-07-08T06:01:36.877013,2026-07-08T06:01:36.885673+00:00,120.3,50,bid,,,11793504
2026-07-08T06:01:40.066009,2026-07-08T06:01:40.077598+00:00,120.4,5,bid,,,11793540
2026-07-08T06:01:40.066009,2026-07-08T06:01:40.077598+00:00,120.5,40,bid,,,11793541
2026-07-08T06:01:41.088605,2026-07-08T06:01:41.100255+00:00,120.5,50,bid,,,11793566
2026-07-08T06:01:41.260205,2026-07-08T06:01:41.270088+00:00,120.3,5,ask,,,11793571
2026-07-08T06:01:42.863581,2026-07-08T06:01:42.875971+00:00,120.3,45,ask,,,11793590
2026-07-08T06:01:43.206341,2026-07-08T06:01:43.218230+00:00,120.5,5,bid,,,11793592
2026-07-08T06:01:43.206341,2026-07-08T06:01:43.218230+00:00,120.7,45,bid,,,11793593
2026-07-08T06:01:43.466630,2026-07-08T06:01:43.476833+00:00,120.4,5,ask,,,11793601
2026-07-08T06:01:44.118022,2026-07-08T06:01:44.125337+00:00,120.4,5,ask,,,11793607
2026-07-08T06:01:44.318170,2026-07-08T06:01:44.358658+00:00,120.3,10,ask,,,11793615
2026-07-08T06:01:44.343814,2026-07-08T06:01:44.358658+00:00,120.4,5,ask,,,11793618
2026-07-08T06:01:44.343814,2026-07-08T06:01:44.358658+00:00,120.3,42,ask,,,11793619
2026-07-08T06:01:44.572726,2026-07-08T06:01:44.581981+00:00,120.3,3,ask,,,11793624
2026-07-08T06:01:44.797993,2026-07-08T06:01:44.806742+00:00,120.3,5,ask,,,11793633
2026-07-08T06:01:45.316130,2026-07-08T06:01:45.328062+00:00,120.4,5,bid,,,11793644
2026-07-08T06:01:45.316130,2026-07-08T06:01:45.328062+00:00,120.7,45,bid,,,11793645
2026-07-08T06:01:45.821705,2026-07-08T06:01:45.845328+00:00,120.4,100,bid,,,11793652
2026-07-08T06:01:45.834663,2026-07-08T06:01:45.845328+00:00,120.5,5,ask,,,11793653
2026-07-08T06:01:45.871021,2026-07-08T06:01:45.878468+00:00,120.5,35,ask,,,11793656
2026-07-08T06:01:45.879584,2026-07-08T06:01:45.888632+00:00,120.5,10,ask,,,11793657
2026-07-08T06:01:45.889296,2026-07-08T06:01:45.899162+00:00,120.3,2,ask,,,11793659
2026-07-08T06:01:45.893667,2026-07-08T06:01:45.904684+00:00,120.3,2,ask,,,11793660
2026-07-08T06:01:45.901023,2026-07-08T06:01:45.909668+00:00,120.3,1,ask,,,11793662
2026-07-08T06:01:46.930893,2026-07-08T06:01:46.942757+00:00,120.5,5,bid,,,11793685
2026-07-08T06:01:46.930893,2026-07-08T06:01:46.942757+00:00,121.0,39,bid,,,11793686
2026-07-08T06:01:47.427763,2026-07-08T06:01:47.439776+00:00,120.6,5,bid,,,11793699
2026-07-08T06:01:47.427763,2026-07-08T06:01:47.439776+00:00,121.0,45,bid,,,11793700
2026-07-08T06:01:48.197055,2026-07-08T06:01:48.208531+00:00,120.3,5,ask,,,11793714
2026-07-08T06:01:49.538340,2026-07-08T06:01:49.550201+00:00,120.7,50,bid,,,11793729
2026-07-08T06:01:50.529890,2026-07-08T06:01:50.541625+00:00,120.4,5,ask,,,11793744
2026-07-08T06:01:50.687131,2026-07-08T06:01:50.696364+00:00,120.3,5,ask,,,11793746
2026-07-08T06:01:50.783966,2026-07-08T06:01:50.792665+00:00,120.4,5,ask,,,11793748
2026-07-08T06:01:51.217974,2026-07-08T06:01:51.224451+00:00,120.3,5,ask,,,11793756
2026-07-08T06:01:51.281886,2026-07-08T06:01:51.290692+00:00,120.4,5,ask,,,11793759
2026-07-08T06:01:51.752239,2026-07-08T06:01:51.762690+00:00,120.3,5,ask,,,11793768
2026-07-08T06:01:51.855088,2026-07-08T06:01:51.865959+00:00,120.4,5,ask,,,11793770
2026-07-08T06:01:52.286641,2026-07-08T06:01:52.296144+00:00,120.3,5,ask,,,11793776
2026-07-08T06:01:52.305060,2026-07-08T06:01:52.312271+00:00,120.4,5,ask,,,11793777
2026-07-08T06:01:52.316224,2026-07-08T06:01:52.327735+00:00,120.3,2,ask,,,11793779
2026-07-08T06:01:52.321750,2026-07-08T06:01:52.333208+00:00,120.3,2,ask,,,11793780
2026-07-08T06:01:52.327864,2026-07-08T06:01:52.338248+00:00,120.3,2,ask,,,11793781
2026-07-08T06:01:52.333696,2026-07-08T06:01:52.343510+00:00,120.3,2,ask,,,11793782
2026-07-08T06:01:52.339294,2026-07-08T06:01:52.348717+00:00,120.3,2,ask,,,11793783
2026-07-08T06:01:52.346291,2026-07-08T06:01:52.358645+00:00,120.3,2,ask,,,11793784
2026-07-08T06:01:52.351503,2026-07-08T06:01:52.358645+00:00,120.3,2,ask,,,11793785
2026-07-08T06:01:52.356883,2026-07-08T06:01:52.358645+00:00,120.3,1,ask,,,11793786
2026-07-08T06:01:52.826496,2026-07-08T06:01:52.833386+00:00,120.3,5,ask,,,11793792
2026-07-08T06:01:52.907614,2026-07-08T06:01:52.918796+00:00,120.4,3,ask,,,11793794
2026-07-08T06:01:52.922979,2026-07-08T06:01:52.929311+00:00,120.4,2,ask,,,11793795
2026-07-08T06:01:52.931999,2026-07-08T06:01:52.940275+00:00,120.3,2,ask,,,11793797
2026-07-08T06:01:52.936795,2026-07-08T06:01:52.945474+00:00,120.3,2,ask,,,11793798
2026-07-08T06:01:52.941415,2026-07-08T06:01:52.958560+00:00,120.3,2,ask,,,11793799
2026-07-08T06:01:52.946056,2026-07-08T06:01:52.958560+00:00,120.3,2,ask,,,11793800
2026-07-08T06:01:52.950601,2026-07-08T06:01:52.958560+00:00,120.3,2,ask,,,11793801
2026-07-08T06:01:52.955140,2026-07-08T06:01:52.958560+00:00,120.3,2,ask,,,11793802
2026-07-08T06:01:52.959677,2026-07-08T06:01:52.971072+00:00,120.3,2,ask,,,11793803
2026-07-08T06:01:52.964386,2026-07-08T06:01:52.971072+00:00,120.3,2,ask,,,11793804
2026-07-08T06:01:52.968981,2026-07-08T06:01:52.976325+00:00,120.3,2,ask,,,11793805
2026-07-08T06:01:53.207475,2026-07-08T06:01:53.215901+00:00,120.3,20,ask,,,11793807
2026-07-08T06:01:53.275397,2026-07-08T06:01:53.287206+00:00,120.3,37,ask,,,11793810
2026-07-08T06:01:53.275397,2026-07-08T06:01:53.287206+00:00,120.2,5,ask,,,11793811
2026-07-08T06:01:54.420176,2026-07-08T06:01:54.427476+00:00,120.2,40,ask,,,11793827
2026-07-08T06:01:54.430954,2026-07-08T06:01:54.437723+00:00,120.2,5,ask,,,11793829
2026-07-08T06:01:54.434226,2026-07-08T06:01:54.442895+00:00,120.2,20,ask,,,11793830
2026-07-08T06:01:54.478096,2026-07-08T06:01:54.484960+00:00,120.2,20,ask,,,11793832
2026-07-08T06:01:54.491976,2026-07-08T06:01:54.504048+00:00,120.3,5,ask,,,11793834
2026-07-08T06:01:54.503271,2026-07-08T06:01:54.524394+00:00,120.2,2,ask,,,11793837
2026-07-08T06:01:54.508163,2026-07-08T06:01:54.524394+00:00,120.2,2,ask,,,11793838
2026-07-08T06:01:54.512827,2026-07-08T06:01:54.524394+00:00,120.2,2,ask,,,11793839
2026-07-08T06:01:54.517610,2026-07-08T06:01:54.530003+00:00,120.2,2,ask,,,11793840
2026-07-08T06:01:54.522357,2026-07-08T06:01:54.530003+00:00,120.2,2,ask,,,11793841
2026-07-08T06:01:54.527121,2026-07-08T06:01:54.535186+00:00,120.2,2,ask,,,11793842
2026-07-08T06:01:54.531999,2026-07-08T06:01:54.540164+00:00,120.2,2,ask,,,11793843
2026-07-08T06:01:54.536708,2026-07-08T06:01:54.545638+00:00,120.2,1,ask,,,11793844
2026-07-08T06:01:54.794305,2026-07-08T06:01:54.806708+00:00,120.5,5,bid,,,11793848
2026-07-08T06:01:54.794305,2026-07-08T06:01:54.806708+00:00,120.6,5,bid,,,11793849
2026-07-08T06:01:54.794305,2026-07-08T06:01:54.806708+00:00,120.7,32,bid,,,11793850
2026-07-08T06:01:55.034421,2026-07-08T06:01:55.044709+00:00,120.3,5,ask,,,11793852
2026-07-08T06:01:55.368446,2026-07-08T06:01:55.378982+00:00,120.2,5,ask,,,11793860
2026-07-08T06:01:55.719804,2026-07-08T06:01:55.729258+00:00,120.2,10,bid,,,11793864
2026-07-08T06:01:55.932146,2026-07-08T06:01:55.944085+00:00,120.0,5,ask,,,11793868
2026-07-08T06:01:55.932146,2026-07-08T06:01:55.944085+00:00,119.9,45,ask,,,11793869
2026-07-08T06:01:56.077914,2026-07-08T06:01:56.088378+00:00,120.2,5,bid,,,11793872
2026-07-08T06:01:56.613678,2026-07-08T06:01:56.620587+00:00,120.2,5,bid,,,11793883
2026-07-08T06:01:58.012039,2026-07-08T06:01:58.023565+00:00,120.2,43,bid,,,11793904
2026-07-08T06:01:58.041790,2026-07-08T06:01:58.053628+00:00,120.1,5,ask,,,11793905
2026-07-08T06:01:58.041790,2026-07-08T06:01:58.053628+00:00,119.9,45,ask,,,11793906
2026-07-08T06:01:58.218613,2026-07-08T06:01:58.230086+00:00,120.2,25,bid,,,11793910
2026-07-08T06:01:58.479090,2026-07-08T06:01:58.490783+00:00,120.2,100,bid,,,11793912
2026-07-08T06:01:59.253509,2026-07-08T06:01:59.264242+00:00,120.3,3,ask,,,11793924
2026-07-08T06:01:59.264503,2026-07-08T06:01:59.279958+00:00,120.3,2,ask,,,11793926
2026-07-08T06:01:59.274939,2026-07-08T06:01:59.284921+00:00,120.2,3,ask,,,11793928
2026-07-08T06:02:00.151909,2026-07-08T06:02:00.146569+00:00,120.2,47,ask,,,11793936
2026-07-08T06:02:00.151909,2026-07-08T06:02:00.146569+00:00,120.2,3,ask,,,11793937
2026-07-08T06:02:00.363649,2026-07-08T06:02:00.374659+00:00,120.2,3,ask,,,11793940
2026-07-08T06:02:01.415779,2026-07-08T06:02:01.426735+00:00,120.2,5,ask,,,11793956
2026-07-08T06:02:01.415779,2026-07-08T06:02:01.426735+00:00,120.2,6,ask,,,11793957
2026-07-08T06:02:01.429271,2026-07-08T06:02:01.441955+00:00,120.2,9,ask,,,11793959
2026-07-08T06:02:01.698776,2026-07-08T06:02:01.747049+00:00,120.0,5,ask,,,11793965
2026-07-08T06:02:01.698776,2026-07-08T06:02:01.747049+00:00,119.9,15,ask,,,11793966
2026-07-08T06:02:01.736153,2026-07-08T06:02:01.747049+00:00,119.9,14,bid,,,11793967
2026-07-08T06:02:02.110909,2026-07-08T06:02:02.123047+00:00,119.8,43,ask,,,11793975
2026-07-08T06:02:02.263263,2026-07-08T06:02:02.270912+00:00,119.8,50,ask,,,11793976
2026-07-08T06:02:02.959028,2026-07-08T06:02:02.970520+00:00,119.9,20,bid,,,11793987
2026-07-08T06:02:02.973045,2026-07-08T06:02:02.981143+00:00,119.9,20,bid,,,11793990
2026-07-08T06:02:02.976601,2026-07-08T06:02:02.986425+00:00,119.9,15,bid,,,11793991
2026-07-08T06:02:02.985742,2026-07-08T06:02:02.997150+00:00,119.9,20,bid,,,11793993
2026-07-08T06:02:02.997751,2026-07-08T06:02:03.007634+00:00,119.9,20,bid,,,11793995
2026-07-08T06:02:03.010994,2026-07-08T06:02:03.017935+00:00,119.9,20,bid,,,11793997
2026-07-08T06:02:03.015040,2026-07-08T06:02:03.023205+00:00,119.9,1,bid,,,11793998
2026-07-08T06:02:04.368904,2026-07-08T06:02:04.380671+00:00,120.0,5,ask,,,11794031
2026-07-08T06:02:04.368904,2026-07-08T06:02:04.380671+00:00,119.8,7,ask,,,11794032
2026-07-08T06:02:04.368904,2026-07-08T06:02:04.380671+00:00,119.7,15,ask,,,11794033
2026-07-08T06:02:04.368904,2026-07-08T06:02:04.385968+00:00,119.4,23,ask,,,11794034
2026-07-08T06:02:04.621747,2026-07-08T06:02:04.631480+00:00,119.6,14,bid,,,11794037
2026-07-08T06:02:04.637870,2026-07-08T06:02:04.646749+00:00,119.6,1,bid,,,11794040
2026-07-08T06:02:04.674470,2026-07-08T06:02:04.684840+00:00,119.9,5,ask,,,11794043
2026-07-08T06:02:04.834227,2026-07-08T06:02:04.857030+00:00,120.0,5,bid,,,11794048
2026-07-08T06:02:04.847223,2026-07-08T06:02:04.857030+00:00,120.0,9,ask,,,11794051
2026-07-08T06:02:04.934309,2026-07-08T06:02:04.942653+00:00,120.0,15,ask,,,11794054
2026-07-08T06:02:05.193912,2026-07-08T06:02:05.205512+00:00,120.1,5,bid,,,11794059
2026-07-08T06:02:05.397331,2026-07-08T06:02:05.406656+00:00,120.1,42,bid,,,11794062
2026-07-08T06:02:05.737884,2026-07-08T06:02:05.745227+00:00,120.1,5,bid,,,11794066
2026-07-08T06:02:06.009937,2026-07-08T06:02:06.017409+00:00,120.0,40,ask,,,11794071
2026-07-08T06:02:06.486180,2026-07-08T06:02:06.497842+00:00,120.0,50,ask,,,11794076
2026-07-08T06:02:06.586671,2026-07-08T06:02:06.596029+00:00,120.1,40,bid,,,11794079
2026-07-08T06:02:06.791088,2026-07-08T06:02:06.803037+00:00,120.1,5,bid,,,11794080
2026-07-08T06:02:07.068795,2026-07-08T06:02:07.080348+00:00,120.1,3,bid,,,11794085
2026-07-08T06:02:07.068795,2026-07-08T06:02:07.080348+00:00,120.1,15,bid,,,11794086
2026-07-08T06:02:07.530925,2026-07-08T06:02:07.542680+00:00,120.2,3,ask,,,11794095
2026-07-08T06:02:07.541807,2026-07-08T06:02:07.558340+00:00,120.2,2,ask,,,11794098
2026-07-08T06:02:08.051779,2026-07-08T06:02:08.058399+00:00,120.0,5,ask,,,11794108
2026-07-08T06:02:08.059686,2026-07-08T06:02:08.070354+00:00,120.0,3,bid,,,11794109
2026-07-08T06:02:08.599578,2026-07-08T06:02:08.611546+00:00,119.9,50,ask,,,11794121
2026-07-08T06:02:08.626037,2026-07-08T06:02:08.637835+00:00,119.9,47,ask,,,11794122
2026-07-08T06:02:09.704475,2026-07-08T06:02:09.713976+00:00,120.0,42,bid,,,11794132
2026-07-08T06:02:10.192165,2026-07-08T06:02:10.202362+00:00,120.0,35,bid,,,11794136
2026-07-08T06:02:10.211048,2026-07-08T06:02:10.223647+00:00,120.0,15,bid,,,11794140
2026-07-08T06:02:10.264523,2026-07-08T06:02:10.271169+00:00,120.0,20,bid,,,11794143
2026-07-08T06:02:10.273816,2026-07-08T06:02:10.281683+00:00,120.0,20,bid,,,11794145
2026-07-08T06:02:10.284227,2026-07-08T06:02:10.291823+00:00,120.0,10,bid,,,11794147
2026-07-08T06:02:10.289775,2026-07-08T06:02:10.297067+00:00,120.1,2,bid,,,11794148
2026-07-08T06:02:10.295014,2026-07-08T06:02:10.302441+00:00,120.1,2,bid,,,11794149
2026-07-08T06:02:10.298134,2026-07-08T06:02:10.307481+00:00,120.1,1,bid,,,11794150
2026-07-08T06:02:10.301772,2026-07-08T06:02:10.312917+00:00,120.4,2,bid,,,11794151
2026-07-08T06:02:10.655199,2026-07-08T06:02:10.667122+00:00,120.2,15,bid,,,11794161
2026-07-08T06:02:10.655199,2026-07-08T06:02:10.667122+00:00,120.3,5,bid,,,11794162
2026-07-08T06:02:10.655199,2026-07-08T06:02:10.667122+00:00,120.4,30,bid,,,11794163
2026-07-08T06:02:11.475560,2026-07-08T06:02:11.485188+00:00,120.2,3,ask,,,11794177
2026-07-08T06:02:11.494958,2026-07-08T06:02:11.505731+00:00,120.2,2,ask,,,11794180
2026-07-08T06:02:11.494958,2026-07-08T06:02:11.505731+00:00,120.2,33,ask,,,11794181
2026-07-08T06:02:11.588540,2026-07-08T06:02:11.600286+00:00,120.2,40,ask,,,11794184
2026-07-08T06:02:11.598881,2026-07-08T06:02:11.605514+00:00,120.2,5,ask,,,11794186
2026-07-08T06:02:12.129035,2026-07-08T06:02:12.135407+00:00,120.2,6,ask,,,11794193
2026-07-08T06:02:12.234917,2026-07-08T06:02:12.246719+00:00,120.2,20,ask,,,11794197
2026-07-08T06:02:12.246297,2026-07-08T06:02:12.258591+00:00,120.2,20,ask,,,11794199
2026-07-08T06:02:12.256512,2026-07-08T06:02:12.258591+00:00,120.2,20,ask,,,11794201
2026-07-08T06:02:12.280510,2026-07-08T06:02:12.290778+00:00,120.2,6,ask,,,11794205
2026-07-08T06:02:12.280510,2026-07-08T06:02:12.290778+00:00,120.2,5,ask,,,11794206
2026-07-08T06:02:12.302602,2026-07-08T06:02:12.311815+00:00,120.1,2,ask,,,11794208
2026-07-08T06:02:12.321659,2026-07-08T06:02:12.332637+00:00,120.1,2,ask,,,11794210
2026-07-08T06:02:12.326986,2026-07-08T06:02:12.337885+00:00,120.1,2,ask,,,11794211
2026-07-08T06:02:12.335818,2026-07-08T06:02:12.343177+00:00,120.1,2,ask,,,11794212
2026-07-08T06:02:12.339015,2026-07-08T06:02:12.348399+00:00,120.1,7,ask,,,11794213
2026-07-08T06:02:12.339015,2026-07-08T06:02:12.348399+00:00,119.9,42,ask,,,11794214
2026-07-08T06:02:12.346439,2026-07-08T06:02:12.353959+00:00,119.9,1,ask,,,11794215
2026-07-08T06:02:12.808718,2026-07-08T06:02:12.820363+00:00,120.2,15,bid,,,11794223
2026-07-08T06:02:12.808718,2026-07-08T06:02:12.820363+00:00,120.4,30,bid,,,11794224
2026-07-08T06:02:12.819465,2026-07-08T06:02:12.831098+00:00,120.0,5,ask,,,11794225
2026-07-08T06:02:12.819465,2026-07-08T06:02:12.831098+00:00,119.9,45,ask,,,11794226
2026-07-08T06:02:14.245413,2026-07-08T06:02:14.254822+00:00,120.1,5,bid,,,11794242
2026-07-08T06:02:14.928086,2026-07-08T06:02:14.939935+00:00,120.0,5,ask,,,11794250
2026-07-08T06:02:14.928086,2026-07-08T06:02:14.939935+00:00,119.7,15,ask,,,11794251
2026-07-08T06:02:14.928086,2026-07-08T06:02:14.939935+00:00,119.6,30,ask,,,11794252
2026-07-08T06:02:15.003561,2026-07-08T06:02:15.013304+00:00,120.0,3,bid,,,11794255
2026-07-08T06:02:15.188361,2026-07-08T06:02:15.196941+00:00,119.9,15,bid,,,11794262
2026-07-08T06:02:15.305533,2026-07-08T06:02:15.313714+00:00,120.0,2,bid,,,11794268
2026-07-08T06:02:16.315380,2026-07-08T06:02:16.323769+00:00,120.0,5,ask,,,11794282
2026-07-08T06:02:16.315380,2026-07-08T06:02:16.328805+00:00,119.7,15,ask,,,11794283
2026-07-08T06:02:16.315380,2026-07-08T06:02:16.328805+00:00,119.6,22,ask,,,11794284
2026-07-08T06:02:16.987960,2026-07-08T06:02:16.999762+00:00,120.1,50,bid,,,11794292
2026-07-08T06:02:17.546404,2026-07-08T06:02:17.558230+00:00,120.0,5,ask,,,11794300
2026-07-08T06:02:17.842349,2026-07-08T06:02:17.851878+00:00,119.9,15,bid,,,11794308
2026-07-08T06:02:18.286423,2026-07-08T06:02:18.298069+00:00,120.0,45,bid,,,11794313
2026-07-08T06:02:18.495640,2026-07-08T06:02:18.506515+00:00,120.0,5,bid,,,11794316
2026-07-08T06:02:19.095604,2026-07-08T06:02:19.107099+00:00,120.0,50,bid,,,11794326
2026-07-08T06:02:19.555125,2026-07-08T06:02:19.553724+00:00,120.0,5,bid,,,11794327
2026-07-08T06:02:19.776869,2026-07-08T06:02:19.785400+00:00,119.9,15,bid,,,11794332
2026-07-08T06:02:19.917581,2026-07-08T06:02:19.927351+00:00,119.6,43,ask,,,11794337
2026-07-08T06:02:20.450656,2026-07-08T06:02:20.461017+00:00,120.0,40,bid,,,11794349
2026-07-08T06:02:20.450656,2026-07-08T06:02:20.461017+00:00,120.1,1,bid,,,11794350
2026-07-08T06:02:20.567895,2026-07-08T06:02:20.578136+00:00,119.9,5,ask,,,11794354
2026-07-08T06:02:20.577516,2026-07-08T06:02:20.588458+00:00,119.9,20,bid,,,11794356
2026-07-08T06:02:20.586876,2026-07-08T06:02:20.593786+00:00,119.9,20,bid,,,11794358
2026-07-08T06:02:20.589761,2026-07-08T06:02:20.599117+00:00,119.9,35,bid,,,11794359
2026-07-08T06:02:20.598440,2026-07-08T06:02:20.610037+00:00,119.9,20,bid,,,11794362
2026-07-08T06:02:20.657805,2026-07-08T06:02:20.680539+00:00,120.1,15,bid,,,11794365
2026-07-08T06:02:20.670704,2026-07-08T06:02:20.680539+00:00,120.1,3,ask,,,11794366
2026-07-08T06:02:20.684112,2026-07-08T06:02:20.696213+00:00,120.1,35,ask,,,11794369
2026-07-08T06:02:20.731905,2026-07-08T06:02:20.740810+00:00,120.1,11,ask,,,11794370
2026-07-08T06:02:20.773286,2026-07-08T06:02:20.780020+00:00,120.1,4,ask,,,11794373
2026-07-08T06:02:20.863482,2026-07-08T06:02:20.873041+00:00,120.1,35,ask,,,11794375
2026-07-08T06:02:20.913259,2026-07-08T06:02:20.920498+00:00,120.1,20,ask,,,11794377
2026-07-08T06:02:20.923331,2026-07-08T06:02:20.931204+00:00,120.1,20,ask,,,11794379
2026-07-08T06:02:20.933223,2026-07-08T06:02:20.941513+00:00,120.1,7,ask,,,11794381
2026-07-08T06:02:20.933223,2026-07-08T06:02:20.941513+00:00,120.1,13,ask,,,11794382
2026-07-08T06:02:20.945636,2026-07-08T06:02:20.958592+00:00,120.1,2,ask,,,11794384
2026-07-08T06:02:20.957117,2026-07-08T06:02:20.958592+00:00,120.0,2,ask,,,11794387
2026-07-08T06:02:20.962145,2026-07-08T06:02:20.970030+00:00,120.0,2,ask,,,11794388
2026-07-08T06:02:20.966643,2026-07-08T06:02:20.975296+00:00,120.0,1,ask,,,11794389
2026-07-08T06:02:21.060146,2026-07-08T06:02:21.069669+00:00,120.0,11,bid,,,11794397
2026-07-08T06:02:21.110640,2026-07-08T06:02:21.123510+00:00,120.0,3,bid,,,11794400
2026-07-08T06:02:21.202010,2026-07-08T06:02:21.223152+00:00,120.0,1,bid,,,11794405
2026-07-08T06:02:21.202010,2026-07-08T06:02:21.223152+00:00,120.0,5,bid,,,11794406
2026-07-08T06:02:21.202010,2026-07-08T06:02:21.223152+00:00,120.6,44,bid,,,11794407
2026-07-08T06:02:21.407102,2026-07-08T06:02:21.419062+00:00,120.1,15,ask,,,11794409
2026-07-08T06:02:21.407102,2026-07-08T06:02:21.419062+00:00,119.8,5,ask,,,11794410
2026-07-08T06:02:21.407102,2026-07-08T06:02:21.419062+00:00,119.4,26,ask,,,11794411
2026-07-08T06:02:22.014238,2026-07-08T06:02:22.027870+00:00,119.9,5,ask,,,11794422
2026-07-08T06:02:22.272221,2026-07-08T06:02:22.280655+00:00,119.9,5,bid,,,11794433
2026-07-08T06:02:22.277075,2026-07-08T06:02:22.285918+00:00,120.0,2,bid,,,11794434
2026-07-08T06:02:22.284846,2026-07-08T06:02:22.296412+00:00,120.0,2,bid,,,11794436
2026-07-08T06:02:22.289504,2026-07-08T06:02:22.296412+00:00,120.0,2,bid,,,11794437
2026-07-08T06:02:22.294353,2026-07-08T06:02:22.301857+00:00,120.0,2,bid,,,11794438
2026-07-08T06:02:22.299318,2026-07-08T06:02:22.307085+00:00,120.0,2,bid,,,11794439
2026-07-08T06:02:22.304436,2026-07-08T06:02:22.312386+00:00,120.0,2,bid,,,11794440
2026-07-08T06:02:22.309394,2026-07-08T06:02:22.317594+00:00,120.0,2,bid,,,11794441
2026-07-08T06:02:22.347906,2026-07-08T06:02:22.358540+00:00,120.0,1,bid,,,11794442
2026-07-08T06:02:22.399671,2026-07-08T06:02:22.406751+00:00,120.0,5,bid,,,11794443
2026-07-08T06:02:23.311456,2026-07-08T06:02:23.320685+00:00,120.4,5,bid,,,11794456
2026-07-08T06:02:23.311456,2026-07-08T06:02:23.320685+00:00,120.4,5,bid,,,11794457
2026-07-08T06:02:23.311456,2026-07-08T06:02:23.326044+00:00,120.6,40,bid,,,11794458
2026-07-08T06:02:23.325294,2026-07-08T06:02:23.331772+00:00,120.3,5,ask,,,11794459
2026-07-08T06:02:23.336361,2026-07-08T06:02:23.348236+00:00,120.2,2,ask,,,11794461
2026-07-08T06:02:23.343338,2026-07-08T06:02:23.353257+00:00,120.2,2,ask,,,11794463
2026-07-08T06:02:23.349426,2026-07-08T06:02:23.353257+00:00,120.2,2,ask,,,11794464
2026-07-08T06:02:23.355738,2026-07-08T06:02:23.368694+00:00,120.2,2,ask,,,11794465
2026-07-08T06:02:23.360368,2026-07-08T06:02:23.368694+00:00,120.2,2,ask,,,11794466
2026-07-08T06:02:23.365453,2026-07-08T06:02:23.374295+00:00,120.2,1,ask,,,11794467
2026-07-08T06:02:24.022933,2026-07-08T06:02:24.029987+00:00,120.0,5,ask,,,11794479
2026-07-08T06:02:25.424359,2026-07-08T06:02:25.432044+00:00,120.1,5,bid,,,11794498
2026-07-08T06:02:25.424359,2026-07-08T06:02:25.437334+00:00,120.2,45,bid,,,11794499
2026-07-08T06:02:26.183321,2026-07-08T06:02:26.195355+00:00,120.2,47,bid,,,11794508
2026-07-08T06:02:27.534423,2026-07-08T06:02:27.546079+00:00,120.2,5,bid,,,11794528
2026-07-08T06:02:27.534423,2026-07-08T06:02:27.546079+00:00,120.3,45,bid,,,11794529
2026-07-08T06:02:27.730754,2026-07-08T06:02:27.737778+00:00,120.0,5,ask,,,11794531
2026-07-08T06:02:27.730754,2026-07-08T06:02:27.743050+00:00,120.0,15,ask,,,11794532
2026-07-08T06:02:27.730754,2026-07-08T06:02:27.743050+00:00,119.9,25,ask,,,11794533
2026-07-08T06:02:28.104351,2026-07-08T06:02:28.114308+00:00,120.0,5,ask,,,11794536
2026-07-08T06:02:28.639953,2026-07-08T06:02:28.650044+00:00,120.2,5,bid,,,11794547
2026-07-08T06:02:29.643345,2026-07-08T06:02:29.658572+00:00,120.2,5,bid,,,11794564
2026-07-08T06:02:29.643345,2026-07-08T06:02:29.658572+00:00,120.3,45,bid,,,11794565
2026-07-08T06:02:30.159596,2026-07-08T06:02:30.168079+00:00,120.2,3,ask,,,11794570
2026-07-08T06:02:30.187450,2026-07-08T06:02:30.199282+00:00,120.2,9,ask,,,11794573
2026-07-08T06:02:30.233463,2026-07-08T06:02:30.240979+00:00,120.2,40,ask,,,11794575
2026-07-08T06:02:30.261864,2026-07-08T06:02:30.272564+00:00,120.2,20,ask,,,11794578
2026-07-08T06:02:30.272198,2026-07-08T06:02:30.282820+00:00,120.2,20,ask,,,11794580
2026-07-08T06:02:30.283495,2026-07-08T06:02:30.293387+00:00,120.2,20,ask,,,11794582
2026-07-08T06:02:30.315792,2026-07-08T06:02:30.325799+00:00,120.2,11,ask,,,11794584
2026-07-08T06:02:30.461457,2026-07-08T06:02:30.474043+00:00,120.2,27,ask,,,11794586
2026-07-08T06:02:30.461457,2026-07-08T06:02:30.474043+00:00,120.1,5,ask,,,11794587
2026-07-08T06:02:30.461457,2026-07-08T06:02:30.479205+00:00,120.1,11,ask,,,11794588
2026-07-08T06:02:31.807260,2026-07-08T06:02:31.819009+00:00,120.0,5,ask,,,11794614
2026-07-08T06:02:31.807260,2026-07-08T06:02:31.819009+00:00,119.9,15,ask,,,11794615
2026-07-08T06:02:31.807260,2026-07-08T06:02:31.819009+00:00,119.8,30,ask,,,11794616
2026-07-08T06:02:33.386884,2026-07-08T06:02:33.397918+00:00,120.0,5,ask,,,11794646
2026-07-08T06:02:33.917441,2026-07-08T06:02:33.929320+00:00,119.9,5,ask,,,11794653
2026-07-08T06:02:33.917441,2026-07-08T06:02:33.929320+00:00,119.6,45,ask,,,11794654
2026-07-08T06:02:33.977783,2026-07-08T06:02:33.988324+00:00,119.8,14,bid,,,11794656
2026-07-08T06:02:34.176367,2026-07-08T06:02:34.187656+00:00,119.8,1,bid,,,11794661
2026-07-08T06:02:34.527413,2026-07-08T06:02:34.537419+00:00,119.9,5,bid,,,11794673
2026-07-08T06:02:36.029284,2026-07-08T06:02:36.041011+00:00,119.9,5,ask,,,11794706
2026-07-08T06:02:36.029284,2026-07-08T06:02:36.041011+00:00,119.7,15,ask,,,11794707
2026-07-08T06:02:36.029284,2026-07-08T06:02:36.041011+00:00,119.6,30,ask,,,11794708
2026-07-08T06:02:36.403344,2026-07-08T06:02:36.415250+00:00,119.9,5,ask,,,11794714
2026-07-08T06:02:36.480346,2026-07-08T06:02:36.487152+00:00,119.9,40,bid,,,11794715
2026-07-08T06:02:37.198592,2026-07-08T06:02:37.206072+00:00,119.8,5,bid,,,11794729
2026-07-08T06:02:38.142277,2026-07-08T06:02:38.164001+00:00,119.8,5,ask,,,11794736
2026-07-08T06:02:38.142277,2026-07-08T06:02:38.164001+00:00,119.5,15,ask,,,11794737
2026-07-08T06:02:38.142277,2026-07-08T06:02:38.164001+00:00,119.4,30,ask,,,11794738
2026-07-08T06:02:38.269685,2026-07-08T06:02:38.277419+00:00,119.6,15,bid,,,11794743
2026-07-08T06:02:38.269685,2026-07-08T06:02:38.282458+00:00,119.9,10,bid,,,11794744
2026-07-08T06:02:38.812593,2026-07-08T06:02:38.822891+00:00,119.8,5,bid,,,11794757
2026-07-08T06:02:40.253843,2026-07-08T06:02:40.265830+00:00,119.6,5,ask,,,11794779
2026-07-08T06:02:40.253843,2026-07-08T06:02:40.265830+00:00,119.4,15,ask,,,11794780
2026-07-08T06:02:40.253843,2026-07-08T06:02:40.265830+00:00,119.3,30,ask,,,11794781
2026-07-08T06:02:40.370227,2026-07-08T06:02:40.382232+00:00,119.6,15,bid,,,11794782
2026-07-08T06:02:42.392445,2026-07-08T06:02:42.400131+00:00,119.5,5,ask,,,11794803
2026-07-08T06:02:42.392445,2026-07-08T06:02:42.405379+00:00,119.3,45,ask,,,11794804
2026-07-08T06:02:42.627006,2026-07-08T06:02:42.636622+00:00,119.6,15,bid,,,11794808
2026-07-08T06:02:42.732055,2026-07-08T06:02:42.740298+00:00,119.6,5,ask,,,11794811
2026-07-08T06:02:42.795028,2026-07-08T06:02:42.801900+00:00,119.6,48,bid,,,11794813
2026-07-08T06:02:42.799446,2026-07-08T06:02:42.807054+00:00,119.6,35,bid,,,11794814
2026-07-08T06:02:42.889561,2026-07-08T06:02:42.900968+00:00,119.6,12,bid,,,11794817
2026-07-08T06:02:43.291429,2026-07-08T06:02:43.301500+00:00,119.5,5,ask,,,11794828
2026-07-08T06:02:44.500833,2026-07-08T06:02:44.513009+00:00,119.5,5,ask,,,11794849
2026-07-08T06:02:44.500833,2026-07-08T06:02:44.513009+00:00,119.3,45,ask,,,11794850
2026-07-08T06:02:44.715622,2026-07-08T06:02:44.727488+00:00,119.4,5,ask,,,11794851
2026-07-08T06:02:44.715622,2026-07-08T06:02:44.727488+00:00,119.3,37,ask,,,11794852
2026-07-08T06:02:44.751606,2026-07-08T06:02:44.764283+00:00,119.6,5,bid,,,11794853
2026-07-08T06:02:45.883553,2026-07-08T06:02:45.893710+00:00,119.8,48,bid,,,11794869
2026-07-08T06:02:46.075456,2026-07-08T06:02:46.084799+00:00,119.5,5,ask,,,11794873
2026-07-08T06:02:46.619107,2026-07-08T06:02:46.632526+00:00,119.3,5,ask,,,11794884
2026-07-08T06:02:46.619107,2026-07-08T06:02:46.632526+00:00,119.2,45,ask,,,11794885
2026-07-08T06:02:46.884682,2026-07-08T06:02:46.896933+00:00,119.5,47,bid,,,11794887
2026-07-08T06:02:46.956559,2026-07-08T06:02:46.958610+00:00,119.5,15,bid,,,11794891
2026-07-08T06:02:47.008346,2026-07-08T06:02:47.022997+00:00,119.5,35,bid,,,11794893
2026-07-08T06:02:47.029326,2026-07-08T06:02:47.038894+00:00,119.5,48,bid,,,11794896
2026-07-08T06:02:47.559538,2026-07-08T06:02:47.571338+00:00,119.7,5,bid,,,11794899
2026-07-08T06:02:48.092983,2026-07-08T06:02:48.102623+00:00,119.7,5,bid,,,11794913
2026-07-08T06:02:48.308105,2026-07-08T06:02:48.319151+00:00,119.5,5,ask,,,11794919
2026-07-08T06:02:48.727576,2026-07-08T06:02:48.739489+00:00,119.4,5,ask,,,11794926
2026-07-08T06:02:48.727576,2026-07-08T06:02:48.739489+00:00,119.2,45,ask,,,11794927
2026-07-08T06:02:48.946094,2026-07-08T06:02:48.957747+00:00,119.4,15,bid,,,11794929
2026-07-08T06:02:49.125896,2026-07-08T06:02:49.140191+00:00,119.4,20,bid,,,11794937
2026-07-08T06:02:49.189326,2026-07-08T06:02:49.198601+00:00,119.4,80,bid,,,11794941
2026-07-08T06:02:49.189326,2026-07-08T06:02:49.198601+00:00,119.4,5,bid,,,11794942
2026-07-08T06:02:49.370576,2026-07-08T06:02:49.380311+00:00,119.7,3,ask,,,11794943
2026-07-08T06:02:49.389320,2026-07-08T06:02:49.400729+00:00,119.7,2,ask,,,11794946
2026-07-08T06:02:49.407721,2026-07-08T06:02:49.417258+00:00,119.7,11,ask,,,11794947
2026-07-08T06:02:49.484150,2026-07-08T06:02:49.494073+00:00,119.7,4,ask,,,11794951
2026-07-08T06:02:50.864552,2026-07-08T06:02:50.875420+00:00,119.6,50,ask,,,11794973
2026-07-08T06:02:52.973011,2026-07-08T06:02:52.983463+00:00,119.5,5,ask,,,11795004
2026-07-08T06:02:52.973011,2026-07-08T06:02:52.983463+00:00,119.4,45,ask,,,11795005
2026-07-08T06:02:53.323004,2026-07-08T06:02:53.331613+00:00,119.4,15,ask,,,11795014
2026-07-08T06:02:53.470788,2026-07-08T06:02:53.485236+00:00,119.7,5,bid,,,11795016
2026-07-08T06:02:54.006506,2026-07-08T06:02:54.015133+00:00,119.5,5,bid,,,11795026
2026-07-08T06:02:54.353665,2026-07-08T06:02:54.358598+00:00,119.4,40,ask,,,11795033
2026-07-08T06:02:54.353665,2026-07-08T06:02:54.358598+00:00,119.2,6,ask,,,11795034
2026-07-08T06:02:55.080803,2026-07-08T06:02:55.090099+00:00,119.5,1,bid,,,11795045
2026-07-08T06:02:55.102643,2026-07-08T06:02:55.114537+00:00,119.3,5,ask,,,11795047
2026-07-08T06:02:55.102643,2026-07-08T06:02:55.114537+00:00,119.2,45,ask,,,11795048
2026-07-08T06:02:55.392964,2026-07-08T06:02:55.404292+00:00,119.3,3,bid,,,11795053
2026-07-08T06:02:55.419791,2026-07-08T06:02:55.431693+00:00,119.3,29,bid,,,11795055
2026-07-08T06:02:55.596203,2026-07-08T06:02:55.608094+00:00,119.2,5,bid,,,11795060
2026-07-08T06:02:55.675247,2026-07-08T06:02:55.684354+00:00,119.3,15,bid,,,11795063
2026-07-08T06:02:55.999569,2026-07-08T06:02:56.009649+00:00,119.3,15,bid,,,11795066
2026-07-08T06:02:56.150217,2026-07-08T06:02:56.163830+00:00,119.3,38,bid,,,11795070
2026-07-08T06:02:56.150217,2026-07-08T06:02:56.163830+00:00,119.3,2,bid,,,11795071
2026-07-08T06:02:56.659113,2026-07-08T06:02:56.670649+00:00,119.3,15,bid,,,11795081
2026-07-08T06:02:56.689499,2026-07-08T06:02:56.698547+00:00,119.3,1,bid,,,11795084
2026-07-08T06:02:57.211749,2026-07-08T06:02:57.219149+00:00,119.1,5,ask,,,11795091
2026-07-08T06:02:57.211749,2026-07-08T06:02:57.224409+00:00,119.0,15,ask,,,11795092
2026-07-08T06:02:57.211749,2026-07-08T06:02:57.224409+00:00,118.8,30,ask,,,11795093
2026-07-08T06:02:57.982599,2026-07-08T06:02:57.996614+00:00,119.1,3,bid,,,11795100
2026-07-08T06:02:58.337302,2026-07-08T06:02:58.348164+00:00,119.2,5,bid,,,11795115
2026-07-08T06:02:58.622834,2026-07-08T06:02:58.632221+00:00,119.0,15,ask,,,11795118
2026-07-08T06:02:58.768988,2026-07-08T06:02:58.779208+00:00,119.3,5,bid,,,11795124
2026-07-08T06:02:59.351071,2026-07-08T06:02:59.358599+00:00,119.2,15,ask,,,11795130
2026-07-08T06:02:59.351071,2026-07-08T06:02:59.358599+00:00,119.0,35,ask,,,11795131
2026-07-08T06:03:00.345454,2026-07-08T06:03:00.352108+00:00,119.3,44,bid,,,11795142
2026-07-08T06:03:01.459338,2026-07-08T06:03:01.468259+00:00,119.2,1,ask,,,11795158
2026-07-08T06:03:01.459338,2026-07-08T06:03:01.468259+00:00,119.1,15,ask,,,11795159
2026-07-08T06:03:03.350406,2026-07-08T06:03:03.363582+00:00,119.3,15,bid,,,11795180
2026-07-08T06:03:03.549001,2026-07-08T06:03:03.560980+00:00,119.2,5,ask,,,11795187
2026-07-08T06:03:03.549001,2026-07-08T06:03:03.560980+00:00,119.1,41,ask,,,11795188
2026-07-08T06:03:04.078789,2026-07-08T06:03:04.090969+00:00,119.3,15,bid,,,11795197
2026-07-08T06:03:04.078789,2026-07-08T06:03:04.090969+00:00,119.4,5,bid,,,11795198
2026-07-08T06:03:04.078789,2026-07-08T06:03:04.090969+00:00,119.5,29,bid,,,11795199
2026-07-08T06:03:04.485864,2026-07-08T06:03:04.496397+00:00,119.2,5,bid,,,11795218
2026-07-08T06:03:05.676097,2026-07-08T06:03:05.682920+00:00,118.9,50,ask,,,11795233
2026-07-08T06:03:06.862611,2026-07-08T06:03:06.874143+00:00,118.9,49,ask,,,11795258
2026-07-08T06:03:07.271568,2026-07-08T06:03:07.279549+00:00,118.9,1,ask,,,11795261
2026-07-08T06:03:07.810675,2026-07-08T06:03:07.822914+00:00,118.8,50,ask,,,11795274
2026-07-08T06:03:08.384062,2026-07-08T06:03:08.391487+00:00,119.0,5,bid,,,11795284
2026-07-08T06:03:09.242331,2026-07-08T06:03:09.249434+00:00,119.0,15,bid,,,11795304
2026-07-08T06:03:09.376633,2026-07-08T06:03:09.388586+00:00,119.0,46,bid,,,11795306
2026-07-08T06:03:09.865945,2026-07-08T06:03:09.876500+00:00,118.8,15,bid,,,11795314
2026-07-08T06:03:09.865945,2026-07-08T06:03:09.876500+00:00,118.9,5,bid,,,11795315
2026-07-08T06:03:10.535534,2026-07-08T06:03:10.547140+00:00,118.6,15,ask,,,11795328
2026-07-08T06:03:10.535534,2026-07-08T06:03:10.547140+00:00,118.5,26,ask,,,11795329
2026-07-08T06:03:11.977132,2026-07-08T06:03:11.986535+00:00,118.8,15,bid,,,11795350
2026-07-08T06:03:11.977132,2026-07-08T06:03:11.986535+00:00,119.0,35,bid,,,11795351
2026-07-08T06:03:12.688795,2026-07-08T06:03:12.700496+00:00,118.9,15,bid,,,11795358
2026-07-08T06:03:12.688795,2026-07-08T06:03:12.700496+00:00,119.0,34,bid,,,11795359
2026-07-08T06:03:13.399809,2026-07-08T06:03:13.410367+00:00,119.0,25,bid,,,11795370
2026-07-08T06:03:13.552051,2026-07-08T06:03:13.563822+00:00,119.0,15,bid,,,11795373
2026-07-08T06:03:14.085883,2026-07-08T06:03:14.092474+00:00,119.0,41,bid,,,11795379
2026-07-08T06:03:14.085883,2026-07-08T06:03:14.092474+00:00,119.1,5,bid,,,11795380
2026-07-08T06:03:14.085883,2026-07-08T06:03:14.092474+00:00,119.2,4,bid,,,11795381
2026-07-08T06:03:14.361475,2026-07-08T06:03:14.369691+00:00,119.0,5,bid,,,11795383
2026-07-08T06:03:14.520393,2026-07-08T06:03:14.527321+00:00,119.1,5,bid,,,11795387
2026-07-08T06:03:14.535447,2026-07-08T06:03:14.550918+00:00,119.1,3,ask,,,11795389
2026-07-08T06:03:14.538541,2026-07-08T06:03:14.550918+00:00,119.1,15,ask,,,11795390
2026-07-08T06:03:14.863875,2026-07-08T06:03:14.874960+00:00,119.1,15,ask,,,11795395
2026-07-08T06:03:16.197962,2026-07-08T06:03:16.205017+00:00,119.2,50,bid,,,11795411
2026-07-08T06:03:18.311808,2026-07-08T06:03:18.323608+00:00,119.1,6,bid,,,11795448
2026-07-08T06:03:18.311808,2026-07-08T06:03:18.323608+00:00,119.1,5,bid,,,11795449
2026-07-08T06:03:18.311808,2026-07-08T06:03:18.323608+00:00,119.1,15,bid,,,11795450
2026-07-08T06:03:18.311808,2026-07-08T06:03:18.328934+00:00,119.3,24,bid,,,11795451
2026-07-08T06:03:18.417721,2026-07-08T06:03:18.425420+00:00,119.0,5,ask,,,11795453
2026-07-08T06:03:18.892316,2026-07-08T06:03:18.900313+00:00,119.1,5,bid,,,11795457
2026-07-08T06:03:18.892316,2026-07-08T06:03:18.905306+00:00,119.2,1,bid,,,11795458
2026-07-08T06:03:19.615053,2026-07-08T06:03:19.626926+00:00,118.9,42,ask,,,11795471
2026-07-08T06:03:20.423654,2026-07-08T06:03:20.435788+00:00,119.0,5,bid,,,11795485
2026-07-08T06:03:20.423654,2026-07-08T06:03:20.435788+00:00,119.1,15,bid,,,11795486
2026-07-08T06:03:20.423654,2026-07-08T06:03:20.435788+00:00,119.3,30,bid,,,11795487
2026-07-08T06:03:21.702541,2026-07-08T06:03:21.714466+00:00,118.8,48,ask,,,11795505
2026-07-08T06:03:22.370875,2026-07-08T06:03:22.380442+00:00,119.0,6,bid,,,11795522
2026-07-08T06:03:22.533561,2026-07-08T06:03:22.545523+00:00,119.1,5,bid,,,11795524
2026-07-08T06:03:22.533561,2026-07-08T06:03:22.545523+00:00,119.2,45,bid,,,11795525
2026-07-08T06:03:22.829952,2026-07-08T06:03:22.838105+00:00,119.1,5,bid,,,11795526
2026-07-08T06:03:22.829952,2026-07-08T06:03:22.843295+00:00,119.2,36,bid,,,11795527
2026-07-08T06:03:23.432913,2026-07-08T06:03:23.440738+00:00,118.8,25,ask,,,11795540
2026-07-08T06:03:24.029494,2026-07-08T06:03:24.041392+00:00,119.0,5,bid,,,11795547
2026-07-08T06:03:24.460688,2026-07-08T06:03:24.469188+00:00,119.0,47,ask,,,11795549
2026-07-08T06:03:24.507597,2026-07-08T06:03:24.516893+00:00,119.1,5,bid,,,11795551
2026-07-08T06:03:24.643598,2026-07-08T06:03:24.655400+00:00,119.1,50,bid,,,11795558
2026-07-08T06:03:26.109935,2026-07-08T06:03:26.119283+00:00,119.0,5,ask,,,11795585
2026-07-08T06:03:26.125544,2026-07-08T06:03:26.134872+00:00,119.0,5,ask,,,11795586
2026-07-08T06:03:26.661824,2026-07-08T06:03:26.668686+00:00,119.0,5,ask,,,11795594
2026-07-08T06:03:26.773766,2026-07-08T06:03:26.785353+00:00,119.1,45,bid,,,11795597
2026-07-08T06:03:26.773766,2026-07-08T06:03:26.785353+00:00,119.3,5,bid,,,11795598
2026-07-08T06:03:28.446879,2026-07-08T06:03:28.456128+00:00,118.9,15,ask,,,11795631
2026-07-08T06:03:28.981763,2026-07-08T06:03:28.991208+00:00,118.8,3,ask,,,11795641
2026-07-08T06:03:29.020228,2026-07-08T06:03:29.028372+00:00,118.8,1,ask,,,11795645
2026-07-08T06:03:29.023575,2026-07-08T06:03:29.033346+00:00,118.8,35,ask,,,11795646
2026-07-08T06:03:29.082075,2026-07-08T06:03:29.093932+00:00,118.8,1,ask,,,11795648
2026-07-08T06:03:29.115822,2026-07-08T06:03:29.127196+00:00,118.8,35,ask,,,11795651
2026-07-08T06:03:29.141399,2026-07-08T06:03:29.147751+00:00,118.8,1,ask,,,11795652
2026-07-08T06:03:29.205354,2026-07-08T06:03:29.212393+00:00,118.8,1,ask,,,11795655
2026-07-08T06:03:29.209025,2026-07-08T06:03:29.217371+00:00,118.8,23,ask,,,11795656
2026-07-08T06:03:29.209025,2026-07-08T06:03:29.217371+00:00,118.8,12,ask,,,11795657
2026-07-08T06:03:29.271896,2026-07-08T06:03:29.280133+00:00,118.8,1,ask,,,11795659
2026-07-08T06:03:29.299947,2026-07-08T06:03:29.306762+00:00,118.8,2,ask,,,11795662
2026-07-08T06:03:29.332654,2026-07-08T06:03:29.343462+00:00,118.7,5,ask,,,11795663
2026-07-08T06:03:29.867035,2026-07-08T06:03:29.874251+00:00,118.6,10,ask,,,11795676
2026-07-08T06:03:29.887548,2026-07-08T06:03:29.895165+00:00,118.6,5,ask,,,11795679
2026-07-08T06:03:30.215350,2026-07-08T06:03:30.221952+00:00,118.6,100,ask,,,11795682
2026-07-08T06:03:30.442786,2026-07-08T06:03:30.451969+00:00,118.6,15,ask,,,11795685
2026-07-08T06:03:30.442786,2026-07-08T06:03:30.451969+00:00,118.6,5,ask,,,11795686
2026-07-08T06:03:30.459639,2026-07-08T06:03:30.469845+00:00,118.3,6,bid,,,11795687
2026-07-08T06:03:30.503973,2026-07-08T06:03:30.512461+00:00,118.3,15,bid,,,11795690
2026-07-08T06:03:30.507624,2026-07-08T06:03:30.517882+00:00,118.3,107,bid,,,11795691
2026-07-08T06:03:30.940942,2026-07-08T06:03:30.949636+00:00,118.3,2,bid,,,11795698
2026-07-08T06:03:31.008053,2026-07-08T06:03:31.019559+00:00,118.6,5,bid,,,11795702
2026-07-08T06:03:31.008053,2026-07-08T06:03:31.019559+00:00,118.7,15,bid,,,11795703
2026-07-08T06:03:33.458951,2026-07-08T06:03:33.472068+00:00,118.7,5,ask,,,11795733
2026-07-08T06:03:33.525183,2026-07-08T06:03:33.529099+00:00,118.7,3,ask,,,11795737
2026-07-08T06:03:35.292738,2026-07-08T06:03:35.309607+00:00,118.6,50,ask,,,11795762
2026-07-08T06:03:35.791376,2026-07-08T06:03:35.801074+00:00,118.7,15,bid,,,11795763
2026-07-08T06:03:35.791376,2026-07-08T06:03:35.801074+00:00,118.7,5,bid,,,11795764
2026-07-08T06:03:35.791376,2026-07-08T06:03:35.806318+00:00,119.0,27,bid,,,11795765
2026-07-08T06:03:37.425056,2026-07-08T06:03:37.433533+00:00,118.6,50,ask,,,11795787
2026-07-08T06:03:38.377458,2026-07-08T06:03:38.389135+00:00,118.7,5,ask,,,11795800
2026-07-08T06:03:38.377458,2026-07-08T06:03:38.389135+00:00,118.6,36,ask,,,11795801
2026-07-08T06:03:38.841789,2026-07-08T06:03:38.851121+00:00,118.6,47,ask,,,11795808
2026-07-08T06:03:39.421596,2026-07-08T06:03:39.433385+00:00,118.8,5,bid,,,11795819
2026-07-08T06:03:39.421596,2026-07-08T06:03:39.433385+00:00,118.9,35,bid,,,11795820
2026-07-08T06:03:39.531359,2026-07-08T06:03:39.543409+00:00,118.6,17,ask,,,11795822
2026-07-08T06:03:39.531359,2026-07-08T06:03:39.543409+00:00,118.4,33,ask,,,11795823
2026-07-08T06:03:39.938928,2026-07-08T06:03:39.947777+00:00,118.6,5,ask,,,11795827
2026-07-08T06:03:40.036849,2026-07-08T06:03:40.044178+00:00,118.5,47,bid,,,11795829
2026-07-08T06:03:40.104665,2026-07-08T06:03:40.111436+00:00,118.5,15,bid,,,11795831
2026-07-08T06:03:40.456467,2026-07-08T06:03:40.456395+00:00,118.5,49,bid,,,11795834
2026-07-08T06:03:41.632538,2026-07-08T06:03:41.644367+00:00,118.4,44,ask,,,11795853
2026-07-08T06:03:41.642183,2026-07-08T06:03:41.649598+00:00,118.4,50,ask,,,11795854
2026-07-08T06:03:42.119928,2026-07-08T06:03:42.127154+00:00,118.5,34,bid,,,11795858
2026-07-08T06:03:42.119928,2026-07-08T06:03:42.132209+00:00,118.6,5,bid,,,11795859
2026-07-08T06:03:42.119928,2026-07-08T06:03:42.132209+00:00,118.9,9,bid,,,11795860
2026-07-08T06:03:42.535157,2026-07-08T06:03:42.545077+00:00,118.7,5,bid,,,11795863
2026-07-08T06:03:42.661773,2026-07-08T06:03:42.673586+00:00,118.7,10,bid,,,11795866
2026-07-08T06:03:42.661773,2026-07-08T06:03:42.673586+00:00,118.7,5,bid,,,11795867
2026-07-08T06:03:42.661773,2026-07-08T06:03:42.673586+00:00,118.8,5,bid,,,11795868
2026-07-08T06:03:43.047204,2026-07-08T06:03:43.055903+00:00,118.7,5,bid,,,11795875
2026-07-08T06:03:43.047204,2026-07-08T06:03:43.055903+00:00,118.7,100,bid,,,11795876
2026-07-08T06:03:43.060024,2026-07-08T06:03:43.071778+00:00,118.8,5,bid,,,11795877
2026-07-08T06:03:43.159386,2026-07-08T06:03:43.169609+00:00,118.7,41,ask,,,11795879
2026-07-08T06:03:43.752922,2026-07-08T06:03:43.758619+00:00,118.7,4,ask,,,11795890
2026-07-08T06:03:43.752922,2026-07-08T06:03:43.763834+00:00,118.5,15,ask,,,11795891
2026-07-08T06:03:43.752922,2026-07-08T06:03:43.763834+00:00,118.2,31,ask,,,11795892
2026-07-08T06:03:44.733851,2026-07-08T06:03:44.746017+00:00,118.6,5,bid,,,11795903
2026-07-08T06:03:44.733851,2026-07-08T06:03:44.746017+00:00,118.7,15,bid,,,11795904
2026-07-08T06:03:45.823899,2026-07-08T06:03:45.831047+00:00,118.4,5,ask,,,11795918
2026-07-08T06:03:45.823899,2026-07-08T06:03:45.836354+00:00,118.4,15,ask,,,11795919
2026-07-08T06:03:45.823899,2026-07-08T06:03:45.836354+00:00,118.2,28,ask,,,11795920
2026-07-08T06:03:45.897695,2026-07-08T06:03:45.909788+00:00,118.2,41,ask,,,11795922
2026-07-08T06:03:48.005622,2026-07-08T06:03:48.017604+00:00,118.3,1,ask,,,11795944
2026-07-08T06:03:48.005622,2026-07-08T06:03:48.017604+00:00,118.3,15,ask,,,11795945
2026-07-08T06:03:48.005622,2026-07-08T06:03:48.017604+00:00,118.1,34,ask,,,11795946
2026-07-08T06:03:50.788654,2026-07-08T06:03:50.800487+00:00,118.4,40,bid,,,11795971
2026-07-08T06:03:51.113906,2026-07-08T06:03:51.122460+00:00,118.2,3,bid,,,11795977
2026-07-08T06:03:51.265574,2026-07-08T06:03:51.284602+00:00,118.1,5,ask,,,11795981
2026-07-08T06:03:51.265574,2026-07-08T06:03:51.289670+00:00,118.1,5,ask,,,11795982
2026-07-08T06:03:51.265574,2026-07-08T06:03:51.289670+00:00,118.0,15,ask,,,11795983
2026-07-08T06:03:52.245724,2026-07-08T06:03:52.255167+00:00,118.0,5,ask,,,11796002
2026-07-08T06:03:52.245724,2026-07-08T06:03:52.255167+00:00,117.9,45,ask,,,11796003
2026-07-08T06:03:54.307429,2026-07-08T06:03:54.316444+00:00,117.9,15,bid,,,11796031
2026-07-08T06:03:54.389486,2026-07-08T06:03:54.400607+00:00,118.0,3,bid,,,11796035
2026-07-08T06:03:54.449089,2026-07-08T06:03:54.458553+00:00,118.0,1,bid,,,11796037
2026-07-08T06:03:56.700733,2026-07-08T06:03:56.711411+00:00,118.1,25,bid,,,11796062
2026-07-08T06:03:56.706444,2026-07-08T06:03:56.716651+00:00,118.1,2,bid,,,11796063
2026-07-08T06:03:56.917270,2026-07-08T06:03:56.927466+00:00,118.1,10,bid,,,11796065
2026-07-08T06:03:56.923166,2026-07-08T06:03:56.933010+00:00,118.1,2,bid,,,11796067
2026-07-08T06:03:57.127760,2026-07-08T06:03:57.139325+00:00,118.1,1,bid,,,11796069
2026-07-08T06:03:59.893116,2026-07-08T06:03:59.910552+00:00,118.1,47,bid,,,11796103
2026-07-08T06:04:00.631300,2026-07-08T06:04:00.638848+00:00,118.0,5,bid,,,11796116
2026-07-08T06:04:00.631300,2026-07-08T06:04:00.644398+00:00,118.1,10,bid,,,11796117
2026-07-08T06:04:00.802876,2026-07-08T06:04:00.810544+00:00,118.1,5,bid,,,11796118
2026-07-08T06:04:01.650569,2026-07-08T06:04:01.652958+00:00,117.7,15,ask,,,11796129
2026-07-08T06:04:02.424389,2026-07-08T06:04:02.436293+00:00,117.6,41,ask,,,11796138
2026-07-08T06:04:02.507787,2026-07-08T06:04:02.515476+00:00,117.9,20,bid,,,11796140
2026-07-08T06:04:02.521260,2026-07-08T06:04:02.531574+00:00,117.9,20,bid,,,11796142
2026-07-08T06:04:02.534403,2026-07-08T06:04:02.542140+00:00,117.9,20,bid,,,11796145
2026-07-08T06:04:02.545252,2026-07-08T06:04:02.552352+00:00,117.9,20,bid,,,11796147
2026-07-08T06:04:02.557779,2026-07-08T06:04:02.569415+00:00,117.9,20,bid,,,11796149
2026-07-08T06:04:02.571555,2026-07-08T06:04:02.579963+00:00,117.9,15,bid,,,11796151
2026-07-08T06:04:02.571555,2026-07-08T06:04:02.579963+00:00,117.9,5,bid,,,11796152
2026-07-08T06:04:02.637776,2026-07-08T06:04:02.647190+00:00,117.9,15,bid,,,11796154
2026-07-08T06:04:02.809850,2026-07-08T06:04:02.820162+00:00,117.6,50,ask,,,11796161
2026-07-08T06:04:02.875167,2026-07-08T06:04:02.884695+00:00,118.1,5,bid,,,11796163
2026-07-08T06:04:02.948416,2026-07-08T06:04:02.958619+00:00,118.0,5,bid,,,11796167
2026-07-08T06:04:02.952640,2026-07-08T06:04:02.958619+00:00,118.1,2,bid,,,11796168
2026-07-08T06:04:02.957040,2026-07-08T06:04:02.969022+00:00,117.9,2,bid,,,11796169
2026-07-08T06:04:02.965566,2026-07-08T06:04:02.974308+00:00,117.9,13,bid,,,11796171
2026-07-08T06:04:02.969706,2026-07-08T06:04:02.979318+00:00,118.1,2,bid,,,11796172
2026-07-08T06:04:02.974010,2026-07-08T06:04:02.984553+00:00,118.1,2,bid,,,11796173
2026-07-08T06:04:02.978289,2026-07-08T06:04:02.990118+00:00,118.1,2,bid,,,11796174
2026-07-08T06:04:02.983839,2026-07-08T06:04:02.995368+00:00,118.1,2,bid,,,11796175
2026-07-08T06:04:02.988068,2026-07-08T06:04:02.995368+00:00,118.1,2,bid,,,11796176
2026-07-08T06:04:03.281961,2026-07-08T06:04:03.293030+00:00,117.8,3,ask,,,11796181
2026-07-08T06:04:03.520589,2026-07-08T06:04:03.532802+00:00,117.9,5,bid,,,11796183
2026-07-08T06:04:03.520589,2026-07-08T06:04:03.532802+00:00,118.0,5,bid,,,11796184
2026-07-08T06:04:03.520589,2026-07-08T06:04:03.532802+00:00,118.0,15,bid,,,11796185
2026-07-08T06:04:03.520589,2026-07-08T06:04:03.538112+00:00,118.1,22,bid,,,11796186
2026-07-08T06:04:04.917002,2026-07-08T06:04:04.923698+00:00,117.6,50,ask,,,11796213
2026-07-08T06:04:05.286088,2026-07-08T06:04:05.311279+00:00,117.6,100,ask,,,11796216
2026-07-08T06:04:05.286088,2026-07-08T06:04:05.311279+00:00,117.6,5,ask,,,11796217
2026-07-08T06:04:05.296807,2026-07-08T06:04:05.311279+00:00,117.5,15,bid,,,11796218
2026-07-08T06:04:05.300210,2026-07-08T06:04:05.311279+00:00,117.5,14,bid,,,11796219
2026-07-08T06:04:05.346450,2026-07-08T06:04:05.352881+00:00,117.5,4,bid,,,11796223
2026-07-08T06:04:05.406827,2026-07-08T06:04:05.414829+00:00,117.5,4,bid,,,11796227
2026-07-08T06:04:05.465703,2026-07-08T06:04:05.476867+00:00,117.5,4,bid,,,11796232
2026-07-08T06:04:05.524493,2026-07-08T06:04:05.535959+00:00,117.5,4,bid,,,11796238
2026-07-08T06:04:05.528901,2026-07-08T06:04:05.535959+00:00,118.0,2,bid,,,11796239
2026-07-08T06:04:05.583195,2026-07-08T06:04:05.594871+00:00,117.8,2,bid,,,11796241
2026-07-08T06:04:05.635515,2026-07-08T06:04:05.645724+00:00,117.7,11,ask,,,11796242
2026-07-08T06:04:05.950173,2026-07-08T06:04:05.956438+00:00,117.8,3,bid,,,11796251
2026-07-08T06:04:05.959646,2026-07-08T06:04:05.969780+00:00,117.9,1,ask,,,11796252
2026-07-08T06:04:06.061413,2026-07-08T06:04:06.069030+00:00,118.1,6,bid,,,11796254
2026-07-08T06:04:06.293485,2026-07-08T06:04:06.305779+00:00,117.7,12,bid,,,11796258
2026-07-08T06:04:06.301563,2026-07-08T06:04:06.305779+00:00,117.7,3,bid,,,11796260
2026-07-08T06:04:06.310744,2026-07-08T06:04:06.326078+00:00,118.0,1,bid,,,11796263
2026-07-08T06:04:06.586534,2026-07-08T06:04:06.594445+00:00,117.9,1,bid,,,11796272
2026-07-08T06:04:06.906933,2026-07-08T06:04:06.917846+00:00,117.7,15,ask,,,11796277
2026-07-08T06:04:06.971981,2026-07-08T06:04:06.984234+00:00,117.7,15,bid,,,11796278
2026-07-08T06:04:06.971981,2026-07-08T06:04:06.984234+00:00,117.9,5,bid,,,11796279
2026-07-08T06:04:06.971981,2026-07-08T06:04:06.984234+00:00,117.9,5,bid,,,11796280
2026-07-08T06:04:06.971981,2026-07-08T06:04:06.989283+00:00,118.1,25,bid,,,11796281
2026-07-08T06:04:07.105179,2026-07-08T06:04:07.116623+00:00,118.1,5,bid,,,11796283
2026-07-08T06:04:07.333752,2026-07-08T06:04:07.345837+00:00,117.9,5,bid,,,11796286
2026-07-08T06:04:07.333752,2026-07-08T06:04:07.345837+00:00,118.0,1,bid,,,11796287
2026-07-08T06:04:07.627093,2026-07-08T06:04:07.635375+00:00,118.1,1,bid,,,11796288
2026-07-08T06:04:07.915011,2026-07-08T06:04:07.928083+00:00,117.7,12,bid,,,11796296
2026-07-08T06:04:07.927117,2026-07-08T06:04:07.943700+00:00,117.7,3,bid,,,11796299
2026-07-08T06:04:08.412875,2026-07-08T06:04:08.425222+00:00,117.9,12,ask,,,11796300
2026-07-08T06:04:08.549848,2026-07-08T06:04:08.558486+00:00,118.0,6,bid,,,11796304
2026-07-08T06:04:08.549848,2026-07-08T06:04:08.558486+00:00,118.1,9,bid,,,11796305
2026-07-08T06:04:08.559841,2026-07-08T06:04:08.570049+00:00,117.9,11,ask,,,11796306
2026-07-08T06:04:09.099535,2026-07-08T06:04:09.110373+00:00,118.1,50,bid,,,11796313
2026-07-08T06:04:09.355789,2026-07-08T06:04:09.367378+00:00,118.1,6,bid,,,11796320
2026-07-08T06:04:10.043450,2026-07-08T06:04:10.050708+00:00,118.0,15,ask,,,11796331
2026-07-08T06:04:10.043450,2026-07-08T06:04:10.056342+00:00,117.9,25,ask,,,11796332
2026-07-08T06:04:11.186283,2026-07-08T06:04:11.195343+00:00,118.0,6,bid,,,11796340
2026-07-08T06:04:11.211645,2026-07-08T06:04:11.223475+00:00,118.1,35,bid,,,11796341
2026-07-08T06:04:11.211645,2026-07-08T06:04:11.223475+00:00,118.1,5,bid,,,11796342
2026-07-08T06:04:11.211645,2026-07-08T06:04:11.223475+00:00,118.3,10,bid,,,11796343
2026-07-08T06:04:11.377893,2026-07-08T06:04:11.386042+00:00,118.2,5,bid,,,11796346
2026-07-08T06:04:11.377893,2026-07-08T06:04:11.386042+00:00,118.3,1,bid,,,11796347
2026-07-08T06:04:11.411403,2026-07-08T06:04:11.421701+00:00,118.1,3,ask,,,11796349
2026-07-08T06:04:11.784984,2026-07-08T06:04:11.792048+00:00,118.2,5,bid,,,11796356
2026-07-08T06:04:11.974520,2026-07-08T06:04:11.981302+00:00,118.0,49,ask,,,11796360
2026-07-08T06:04:13.325104,2026-07-08T06:04:13.337549+00:00,118.2,5,bid,,,11796374
2026-07-08T06:04:13.325104,2026-07-08T06:04:13.337549+00:00,118.3,45,bid,,,11796375
2026-07-08T06:04:13.568540,2026-07-08T06:04:13.574983+00:00,118.2,5,bid,,,11796380
2026-07-08T06:04:13.568540,2026-07-08T06:04:13.580325+00:00,118.3,41,bid,,,11796381
2026-07-08T06:04:14.682318,2026-07-08T06:04:14.692361+00:00,117.9,5,ask,,,11796398
2026-07-08T06:04:14.881303,2026-07-08T06:04:14.890439+00:00,118.1,5,bid,,,11796405
2026-07-08T06:04:14.977477,2026-07-08T06:04:14.985014+00:00,118.2,15,bid,,,11796408
2026-07-08T06:04:15.178998,2026-07-08T06:04:15.185853+00:00,118.2,5,bid,,,11796411
2026-07-08T06:04:15.178998,2026-07-08T06:04:15.191198+00:00,118.3,10,bid,,,11796412
2026-07-08T06:04:15.437174,2026-07-08T06:04:15.445888+00:00,118.3,50,bid,,,11796416
2026-07-08T06:04:17.545081,2026-07-08T06:04:17.555567+00:00,118.3,40,bid,,,11796441
2026-07-08T06:04:17.545081,2026-07-08T06:04:17.555567+00:00,118.4,5,bid,,,11796442
2026-07-08T06:04:17.545081,2026-07-08T06:04:17.555567+00:00,118.5,5,bid,,,11796443
2026-07-08T06:04:17.625671,2026-07-08T06:04:17.650154+00:00,118.3,5,bid,,,11796448
2026-07-08T06:04:17.638559,2026-07-08T06:04:17.650154+00:00,118.3,5,ask,,,11796449
2026-07-08T06:04:19.654986,2026-07-08T06:04:19.659126+00:00,118.4,5,bid,,,11796475
2026-07-08T06:04:19.654986,2026-07-08T06:04:19.659126+00:00,118.6,15,bid,,,11796476
2026-07-08T06:04:19.899857,2026-07-08T06:04:19.912058+00:00,118.3,43,ask,,,11796479
2026-07-08T06:04:21.765318,2026-07-08T06:04:21.772682+00:00,118.5,5,bid,,,11796507
2026-07-08T06:04:21.765318,2026-07-08T06:04:21.777915+00:00,118.7,45,bid,,,11796508
2026-07-08T06:04:21.840274,2026-07-08T06:04:21.851090+00:00,118.4,5,ask,,,11796509
2026-07-08T06:04:23.873866,2026-07-08T06:04:23.885682+00:00,118.4,5,bid,,,11796537
2026-07-08T06:04:23.873866,2026-07-08T06:04:23.885682+00:00,118.5,15,bid,,,11796538
2026-07-08T06:04:23.873866,2026-07-08T06:04:23.885682+00:00,118.7,30,bid,,,11796539
2026-07-08T06:04:26.033596,2026-07-08T06:04:26.041405+00:00,118.4,50,ask,,,11796569
2026-07-08T06:04:27.401006,2026-07-08T06:04:27.413038+00:00,118.6,5,bid,,,11796582
2026-07-08T06:04:28.140922,2026-07-08T06:04:28.158623+00:00,118.7,15,ask,,,11796598
2026-07-08T06:04:29.356977,2026-07-08T06:04:29.351541+00:00,118.6,5,ask,,,11796609
2026-07-08T06:04:29.385438,2026-07-08T06:04:29.396734+00:00,118.6,5,ask,,,11796611
2026-07-08T06:04:29.413644,2026-07-08T06:04:29.424103+00:00,118.7,3,ask,,,11796612
2026-07-08T06:04:29.442829,2026-07-08T06:04:29.449966+00:00,118.7,12,ask,,,11796616
2026-07-08T06:04:29.910950,2026-07-08T06:04:29.919799+00:00,118.6,5,ask,,,11796620
2026-07-08T06:04:30.196356,2026-07-08T06:04:30.208899+00:00,118.8,6,bid,,,11796627
2026-07-08T06:04:30.196356,2026-07-08T06:04:30.208899+00:00,118.8,15,bid,,,11796628
2026-07-08T06:04:30.196356,2026-07-08T06:04:30.208899+00:00,119.0,29,bid,,,11796629
2026-07-08T06:04:30.961646,2026-07-08T06:04:30.970830+00:00,118.6,5,ask,,,11796644
2026-07-08T06:04:31.757845,2026-07-08T06:04:31.769430+00:00,118.8,46,bid,,,11796656
2026-07-08T06:04:32.025704,2026-07-08T06:04:32.032766+00:00,118.6,5,ask,,,11796661
2026-07-08T06:04:32.308574,2026-07-08T06:04:32.315478+00:00,118.7,5,bid,,,11796667
2026-07-08T06:04:32.308574,2026-07-08T06:04:32.320714+00:00,118.8,45,bid,,,11796668
2026-07-08T06:04:33.266756,2026-07-08T06:04:33.276583+00:00,118.6,3,bid,,,11796681
2026-07-08T06:04:33.652022,2026-07-08T06:04:33.658627+00:00,118.6,5,bid,,,11796690
2026-07-08T06:04:33.740689,2026-07-08T06:04:33.762834+00:00,118.7,5,bid,,,11796691
2026-07-08T06:04:33.752083,2026-07-08T06:04:33.762834+00:00,118.8,3,ask,,,11796692
2026-07-08T06:04:33.761939,2026-07-08T06:04:33.778168+00:00,118.8,15,ask,,,11796694
2026-07-08T06:04:33.765855,2026-07-08T06:04:33.778168+00:00,118.8,20,ask,,,11796695
2026-07-08T06:04:33.782246,2026-07-08T06:04:33.789230+00:00,118.8,20,ask,,,11796698
2026-07-08T06:04:33.785688,2026-07-08T06:04:33.794544+00:00,118.8,35,ask,,,11796699
2026-07-08T06:04:33.792516,2026-07-08T06:04:33.799536+00:00,118.8,25,ask,,,11796701
2026-07-08T06:04:33.795948,2026-07-08T06:04:33.805104+00:00,118.8,20,ask,,,11796702
2026-07-08T06:04:33.808632,2026-07-08T06:04:33.815352+00:00,118.8,7,ask,,,11796705
2026-07-08T06:04:33.990819,2026-07-08T06:04:34.003733+00:00,119.0,41,bid,,,11796716
2026-07-08T06:04:34.600405,2026-07-08T06:04:34.611289+00:00,118.7,15,ask,,,11796731
2026-07-08T06:04:35.146069,2026-07-08T06:04:35.164011+00:00,118.6,5,ask,,,11796744
2026-07-08T06:04:35.146069,2026-07-08T06:04:35.164011+00:00,118.5,35,ask,,,11796745
2026-07-08T06:04:36.575313,2026-07-08T06:04:36.584757+00:00,118.5,5,ask,,,11796759
2026-07-08T06:04:36.575313,2026-07-08T06:04:36.584757+00:00,118.4,15,ask,,,11796760
2026-07-08T06:04:36.635666,2026-07-08T06:04:36.645006+00:00,118.7,5,bid,,,11796762
2026-07-08T06:04:36.635666,2026-07-08T06:04:36.645006+00:00,118.8,15,bid,,,11796763
2026-07-08T06:04:36.959788,2026-07-08T06:04:36.971306+00:00,118.6,15,ask,,,11796766
2026-07-08T06:04:36.959788,2026-07-08T06:04:36.971306+00:00,118.6,5,ask,,,11796767
2026-07-08T06:04:37.207837,2026-07-08T06:04:37.216932+00:00,118.6,3,bid,,,11796772
2026-07-08T06:04:38.170382,2026-07-08T06:04:38.179400+00:00,118.6,48,bid,,,11796786
2026-07-08T06:04:38.224729,2026-07-08T06:04:38.236434+00:00,118.5,49,ask,,,11796787
2026-07-08T06:04:38.684150,2026-07-08T06:04:38.693965+00:00,118.5,50,ask,,,11796800
2026-07-08T06:04:40.313099,2026-07-08T06:04:40.324796+00:00,118.4,5,ask,,,11796829
2026-07-08T06:04:40.313099,2026-07-08T06:04:40.324796+00:00,118.3,35,ask,,,11796830
2026-07-08T06:04:43.275023,2026-07-08T06:04:43.286309+00:00,118.5,16,ask,,,11796871
2026-07-08T06:04:44.949497,2026-07-08T06:04:44.961593+00:00,118.7,50,bid,,,11796893
2026-07-08T06:04:44.978384,2026-07-08T06:04:44.990345+00:00,118.5,48,ask,,,11796894
2026-07-08T06:04:46.001143,2026-07-08T06:04:46.012255+00:00,118.6,5,bid,,,11796913
2026-07-08T06:04:46.001143,2026-07-08T06:04:46.012255+00:00,118.7,44,bid,,,11796914
2026-07-08T06:04:46.335480,2026-07-08T06:04:46.344896+00:00,118.6,3,ask,,,11796917
2026-07-08T06:04:46.395495,2026-07-08T06:04:46.405142+00:00,118.6,2,ask,,,11796921
2026-07-08T06:04:46.614800,2026-07-08T06:04:46.624149+00:00,118.4,5,ask,,,11796928
2026-07-08T06:04:47.058647,2026-07-08T06:04:47.070215+00:00,118.5,50,bid,,,11796934
2026-07-08T06:04:48.373925,2026-07-08T06:04:48.385560+00:00,118.5,41,bid,,,11796948
2026-07-08T06:04:48.974664,2026-07-08T06:04:48.986545+00:00,118.3,42,ask,,,11796960
2026-07-08T06:04:49.166627,2026-07-08T06:04:49.178829+00:00,118.5,50,bid,,,11796963
2026-07-08T06:04:49.565943,2026-07-08T06:04:49.578010+00:00,118.5,5,bid,,,11796966
2026-07-08T06:04:49.565943,2026-07-08T06:04:49.578010+00:00,118.6,100,bid,,,11796967
2026-07-08T06:04:49.611992,2026-07-08T06:04:49.622498+00:00,118.6,35,ask,,,11796969
2026-07-08T06:04:49.627930,2026-07-08T06:04:49.638167+00:00,118.6,10,ask,,,11796970
2026-07-08T06:04:50.194093,2026-07-08T06:04:50.205327+00:00,119.1,49,bid,,,11796981
2026-07-08T06:04:50.681117,2026-07-08T06:04:50.690010+00:00,118.6,5,bid,,,11796986
2026-07-08T06:04:51.660807,2026-07-08T06:04:51.670228+00:00,118.6,3,bid,,,11797004
2026-07-08T06:04:52.348008,2026-07-08T06:04:52.358576+00:00,118.8,5,bid,,,11797013
2026-07-08T06:04:53.440449,2026-07-08T06:04:53.458684+00:00,118.7,50,ask,,,11797028
2026-07-08T06:04:55.530211,2026-07-08T06:04:55.556334+00:00,118.8,5,bid,,,11797054
2026-07-08T06:04:55.530211,2026-07-08T06:04:55.556334+00:00,118.9,45,bid,,,11797055
2026-07-08T06:04:55.541365,2026-07-08T06:04:55.556334+00:00,118.7,3,ask,,,11797056
2026-07-08T06:04:55.546214,2026-07-08T06:04:55.556334+00:00,118.7,40,ask,,,11797057
2026-07-08T06:04:55.555528,2026-07-08T06:04:55.572113+00:00,118.7,7,ask,,,11797061
2026-07-08T06:04:57.697519,2026-07-08T06:04:57.706522+00:00,118.5,5,ask,,,11797095
2026-07-08T06:04:57.697519,2026-07-08T06:04:57.706522+00:00,118.4,45,ask,,,11797096
2026-07-08T06:04:57.707344,2026-07-08T06:04:57.717365+00:00,118.4,10,ask,,,11797097
2026-07-08T06:04:58.236239,2026-07-08T06:04:58.246314+00:00,118.4,5,ask,,,11797107
2026-07-08T06:04:58.769213,2026-07-08T06:04:58.779557+00:00,118.4,5,ask,,,11797113
2026-07-08T06:04:59.832192,2026-07-08T06:04:59.844261+00:00,118.2,5,ask,,,11797131
2026-07-08T06:04:59.832192,2026-07-08T06:04:59.844261+00:00,118.0,45,ask,,,11797132
2026-07-08T06:05:01.901232,2026-07-08T06:05:01.903465+00:00,118.1,5,ask,,,11797167
2026-07-08T06:05:01.901232,2026-07-08T06:05:01.914768+00:00,118.0,36,ask,,,11797168
2026-07-08T06:05:02.188161,2026-07-08T06:05:02.204584+00:00,118.2,3,bid,,,11797172
2026-07-08T06:05:02.200226,2026-07-08T06:05:02.204584+00:00,118.2,20,bid,,,11797174
2026-07-08T06:05:02.212816,2026-07-08T06:05:02.220268+00:00,118.2,20,bid,,,11797177
2026-07-08T06:05:02.219723,2026-07-08T06:05:02.230753+00:00,118.2,57,bid,,,11797178
2026-07-08T06:05:02.219723,2026-07-08T06:05:02.230753+00:00,118.2,5,bid,,,11797179
2026-07-08T06:05:03.598784,2026-07-08T06:05:03.605944+00:00,118.2,5,ask,,,11797202
2026-07-08T06:05:07.878319,2026-07-08T06:05:07.887818+00:00,118.2,5,ask,,,11797256
2026-07-08T06:05:08.211179,2026-07-08T06:05:08.223147+00:00,118.4,50,bid,,,11797258
2026-07-08T06:05:08.867465,2026-07-08T06:05:08.876736+00:00,117.9,40,ask,,,11797279
2026-07-08T06:05:10.325483,2026-07-08T06:05:10.337256+00:00,118.1,5,bid,,,11797297
2026-07-08T06:05:10.325483,2026-07-08T06:05:10.337256+00:00,118.2,45,bid,,,11797298
2026-07-08T06:05:10.561848,2026-07-08T06:05:10.568658+00:00,118.2,43,bid,,,11797303
2026-07-08T06:05:11.669590,2026-07-08T06:05:11.676714+00:00,118.2,5,bid,,,11797320
2026-07-08T06:05:11.750304,2026-07-08T06:05:11.752689+00:00,118.2,5,bid,,,11797322
2026-07-08T06:05:12.435454,2026-07-08T06:05:12.447103+00:00,118.4,50,bid,,,11797335
2026-07-08T06:05:12.642963,2026-07-08T06:05:12.658850+00:00,118.2,2,ask,,,11797342
2026-07-08T06:05:12.645995,2026-07-08T06:05:12.658850+00:00,118.2,14,ask,,,11797343
2026-07-08T06:05:12.657876,2026-07-08T06:05:12.674498+00:00,118.2,129,ask,,,11797347
2026-07-08T06:05:12.657876,2026-07-08T06:05:12.674498+00:00,118.2,4,ask,,,11797348
2026-07-08T06:05:12.703394,2026-07-08T06:05:12.715143+00:00,118.2,1,ask,,,11797349
2026-07-08T06:05:13.882175,2026-07-08T06:05:13.892596+00:00,118.3,5,bid,,,11797374
2026-07-08T06:05:14.396674,2026-07-08T06:05:14.407679+00:00,118.3,5,bid,,,11797385
2026-07-08T06:05:14.559319,2026-07-08T06:05:14.570987+00:00,118.4,50,bid,,,11797389
2026-07-08T06:05:14.757154,2026-07-08T06:05:14.768963+00:00,118.6,5,bid,,,11797390
2026-07-08T06:05:14.757154,2026-07-08T06:05:14.768963+00:00,118.7,35,bid,,,11797391
2026-07-08T06:05:14.979830,2026-07-08T06:05:14.989021+00:00,118.4,1,bid,,,11797394
2026-07-08T06:05:15.305200,2026-07-08T06:05:15.313675+00:00,118.3,5,ask,,,11797399
2026-07-08T06:05:15.305200,2026-07-08T06:05:15.318901+00:00,118.2,41,ask,,,11797400
2026-07-08T06:05:16.417327,2026-07-08T06:05:16.429177+00:00,118.4,47,bid,,,11797416
2026-07-08T06:05:16.668022,2026-07-08T06:05:16.679797+00:00,118.4,50,bid,,,11797422
2026-07-08T06:05:18.077635,2026-07-08T06:05:18.084238+00:00,118.4,5,bid,,,11797438
2026-07-08T06:05:18.644096,2026-07-08T06:05:18.651403+00:00,118.4,5,ask,,,11797447
2026-07-08T06:05:18.775347,2026-07-08T06:05:18.787199+00:00,118.6,5,bid,,,11797450
2026-07-08T06:05:18.775347,2026-07-08T06:05:18.787199+00:00,118.7,45,bid,,,11797451
2026-07-08T06:05:19.703163,2026-07-08T06:05:19.710071+00:00,118.4,5,ask,,,11797465
2026-07-08T06:05:19.872241,2026-07-08T06:05:19.884666+00:00,118.4,42,ask,,,11797468
2026-07-08T06:05:22.393139,2026-07-08T06:05:22.401353+00:00,118.5,43,ask,,,11797503
2026-07-08T06:05:23.020664,2026-07-08T06:05:23.030373+00:00,118.7,50,bid,,,11797516
2026-07-08T06:05:23.128772,2026-07-08T06:05:23.138025+00:00,118.7,3,bid,,,11797521
2026-07-08T06:05:23.403603,2026-07-08T06:05:23.410617+00:00,118.7,5,bid,,,11797526
2026-07-08T06:05:24.403359,2026-07-08T06:05:24.411235+00:00,118.8,5,bid,,,11797541
2026-07-08T06:05:24.447738,2026-07-08T06:05:24.464821+00:00,118.8,3,ask,,,11797542
2026-07-08T06:05:24.451852,2026-07-08T06:05:24.464821+00:00,118.8,1,ask,,,11797543
2026-07-08T06:05:24.468150,2026-07-08T06:05:24.480078+00:00,118.8,20,ask,,,11797546
2026-07-08T06:05:24.472776,2026-07-08T06:05:24.480078+00:00,118.8,52,ask,,,11797547
2026-07-08T06:05:24.479261,2026-07-08T06:05:24.491170+00:00,118.8,20,ask,,,11797549
2026-07-08T06:05:24.492881,2026-07-08T06:05:24.501767+00:00,118.8,20,ask,,,11797553
2026-07-08T06:05:24.501258,2026-07-08T06:05:24.512372+00:00,119.1,46,bid,,,11797555
2026-07-08T06:05:24.506728,2026-07-08T06:05:24.517603+00:00,118.8,20,ask,,,11797556
2026-07-08T06:05:24.515328,2026-07-08T06:05:24.522896+00:00,118.8,1,ask,,,11797558
2026-07-08T06:05:24.518850,2026-07-08T06:05:24.527914+00:00,118.8,8,ask,,,11797559
2026-07-08T06:05:24.518850,2026-07-08T06:05:24.527914+00:00,118.8,5,ask,,,11797560
2026-07-08T06:05:24.538110,2026-07-08T06:05:24.549054+00:00,118.6,2,ask,,,11797564
2026-07-08T06:05:24.543058,2026-07-08T06:05:24.554641+00:00,118.6,2,ask,,,11797565
2026-07-08T06:05:24.547986,2026-07-08T06:05:24.554641+00:00,118.6,2,ask,,,11797566
2026-07-08T06:05:24.552355,2026-07-08T06:05:24.559595+00:00,118.6,1,ask,,,11797567
2026-07-08T06:05:25.135848,2026-07-08T06:05:25.145641+00:00,119.0,5,bid,,,11797575
2026-07-08T06:05:25.135848,2026-07-08T06:05:25.145641+00:00,119.1,40,bid,,,11797576
2026-07-08T06:05:25.170869,2026-07-08T06:05:25.179600+00:00,118.8,5,ask,,,11797577
2026-07-08T06:05:25.181411,2026-07-08T06:05:25.190313+00:00,118.7,2,ask,,,11797579
2026-07-08T06:05:25.386718,2026-07-08T06:05:25.393437+00:00,118.7,2,ask,,,11797581
2026-07-08T06:05:25.545629,2026-07-08T06:05:25.558612+00:00,118.6,4,ask,,,11797585
2026-07-08T06:05:25.591851,2026-07-08T06:05:25.600385+00:00,118.7,2,ask,,,11797587
2026-07-08T06:05:27.074877,2026-07-08T06:05:27.086615+00:00,118.8,2,ask,,,11797622
2026-07-08T06:05:27.286806,2026-07-08T06:05:27.298419+00:00,118.8,5,ask,,,11797628
2026-07-08T06:05:27.631073,2026-07-08T06:05:27.645592+00:00,118.8,100,ask,,,11797632
2026-07-08T06:05:27.646923,2026-07-08T06:05:27.656949+00:00,118.6,3,bid,,,11797633
2026-07-08T06:05:27.655982,2026-07-08T06:05:27.672140+00:00,118.6,35,bid,,,11797635
2026-07-08T06:05:27.678366,2026-07-08T06:05:27.688018+00:00,118.6,12,bid,,,11797638
2026-07-08T06:05:29.397796,2026-07-08T06:05:29.406185+00:00,118.7,5,ask,,,11797685
2026-07-08T06:05:29.397796,2026-07-08T06:05:29.406185+00:00,118.1,45,ask,,,11797686
2026-07-08T06:05:31.507475,2026-07-08T06:05:31.519328+00:00,118.8,5,ask,,,11797727
2026-07-08T06:05:31.507475,2026-07-08T06:05:31.519328+00:00,118.6,45,ask,,,11797728
2026-07-08T06:05:33.621693,2026-07-08T06:05:33.630483+00:00,118.8,5,ask,,,11797766
2026-07-08T06:05:33.621693,2026-07-08T06:05:33.635483+00:00,118.6,45,ask,,,11797767
2026-07-08T06:05:33.659175,2026-07-08T06:05:33.666805+00:00,118.8,5,ask,,,11797769
2026-07-08T06:05:36.017731,2026-07-08T06:05:36.028766+00:00,118.6,5,ask,,,11797819
2026-07-08T06:05:36.017731,2026-07-08T06:05:36.028766+00:00,118.4,36,ask,,,11797820
2026-07-08T06:05:36.307115,2026-07-08T06:05:36.317437+00:00,118.5,5,ask,,,11797824
2026-07-08T06:05:36.872367,2026-07-08T06:05:36.880847+00:00,118.5,5,ask,,,11797836
2026-07-08T06:05:37.519383,2026-07-08T06:05:37.531348+00:00,118.3,5,ask,,,11797849
2026-07-08T06:05:37.519383,2026-07-08T06:05:37.531348+00:00,118.2,5,ask,,,11797850
2026-07-08T06:05:37.519383,2026-07-08T06:05:37.531348+00:00,118.1,38,ask,,,11797851
2026-07-08T06:05:38.551204,2026-07-08T06:05:38.564055+00:00,118.4,5,bid,,,11797865
2026-07-08T06:05:38.551204,2026-07-08T06:05:38.564055+00:00,118.5,36,bid,,,11797866
2026-07-08T06:05:39.890327,2026-07-08T06:05:39.900297+00:00,118.5,50,bid,,,11797881
2026-07-08T06:05:40.281012,2026-07-08T06:05:40.291502+00:00,118.3,5,ask,,,11797887
2026-07-08T06:05:40.294381,2026-07-08T06:05:40.302110+00:00,118.3,20,bid,,,11797889
2026-07-08T06:05:40.304523,2026-07-08T06:05:40.312974+00:00,118.3,20,bid,,,11797891
2026-07-08T06:05:40.314141,2026-07-08T06:05:40.323247+00:00,118.3,20,bid,,,11797893
2026-07-08T06:05:40.359554,2026-07-08T06:05:40.369381+00:00,118.3,35,bid,,,11797894
2026-07-08T06:05:40.372976,2026-07-08T06:05:40.385261+00:00,118.3,20,bid,,,11797897
2026-07-08T06:05:40.385242,2026-07-08T06:05:40.395994+00:00,118.3,20,bid,,,11797899
2026-07-08T06:05:40.396229,2026-07-08T06:05:40.406642+00:00,118.3,10,bid,,,11797901
2026-07-08T06:05:41.707285,2026-07-08T06:05:41.718393+00:00,118.5,5,bid,,,11797939
2026-07-08T06:05:41.707285,2026-07-08T06:05:41.718393+00:00,118.6,40,bid,,,11797940
2026-07-08T06:05:41.996875,2026-07-08T06:05:42.003532+00:00,118.6,50,bid,,,11797946
2026-07-08T06:05:42.881033,2026-07-08T06:05:42.890549+00:00,118.6,1,bid,,,11797973
2026-07-08T06:05:43.144127,2026-07-08T06:05:43.163681+00:00,118.6,5,bid,,,11797974
2026-07-08T06:05:43.332422,2026-07-08T06:05:43.340959+00:00,118.8,3,ask,,,11797977
2026-07-08T06:05:43.339921,2026-07-08T06:05:43.356253+00:00,118.8,1,ask,,,11797979
2026-07-08T06:05:43.351186,2026-07-08T06:05:43.362145+00:00,118.8,1,ask,,,11797982
2026-07-08T06:05:43.844976,2026-07-08T06:05:43.853649+00:00,118.7,5,ask,,,11797996
2026-07-08T06:05:43.862079,2026-07-08T06:05:43.869438+00:00,118.8,5,ask,,,11797997
2026-07-08T06:05:43.871755,2026-07-08T06:05:43.879664+00:00,118.7,2,ask,,,11797999
2026-07-08T06:05:43.879757,2026-07-08T06:05:43.890185+00:00,118.7,2,ask,,,11798000
2026-07-08T06:05:43.884640,2026-07-08T06:05:43.895423+00:00,118.7,2,ask,,,11798001
2026-07-08T06:05:43.889271,2026-07-08T06:05:43.900656+00:00,118.7,2,ask,,,11798002
2026-07-08T06:05:43.893997,2026-07-08T06:05:43.900656+00:00,118.7,2,ask,,,11798003
2026-07-08T06:05:43.899019,2026-07-08T06:05:43.905946+00:00,118.7,2,ask,,,11798004
2026-07-08T06:05:43.903754,2026-07-08T06:05:43.911488+00:00,118.7,2,ask,,,11798005
2026-07-08T06:05:43.908650,2026-07-08T06:05:43.921665+00:00,118.7,1,ask,,,11798006
2026-07-08T06:05:44.103456,2026-07-08T06:05:44.113696+00:00,119.0,5,bid,,,11798010
2026-07-08T06:05:44.151208,2026-07-08T06:05:44.163924+00:00,118.7,2,ask,,,11798014
2026-07-08T06:05:44.164956,2026-07-08T06:05:44.259931+00:00,118.7,69,ask,,,11798017
2026-07-08T06:05:44.168006,2026-07-08T06:05:44.259931+00:00,118.7,4,ask,,,11798018
2026-07-08T06:05:44.168006,2026-07-08T06:05:44.259931+00:00,118.7,19,ask,,,11798019
2026-07-08T06:05:44.199817,2026-07-08T06:05:44.259931+00:00,118.7,20,ask,,,11798021
2026-07-08T06:05:44.210969,2026-07-08T06:05:44.259931+00:00,118.7,20,ask,,,11798023
2026-07-08T06:05:44.214075,2026-07-08T06:05:44.259931+00:00,118.7,2,ask,,,11798024
2026-07-08T06:05:44.476089,2026-07-08T06:05:44.482634+00:00,118.8,1,ask,,,11798035
2026-07-08T06:05:44.492970,2026-07-08T06:05:44.500968+00:00,118.8,4,ask,,,11798037
2026-07-08T06:05:44.504839,2026-07-08T06:05:44.511621+00:00,118.7,2,ask,,,11798040
2026-07-08T06:05:44.604326,2026-07-08T06:05:44.623186+00:00,118.7,20,ask,,,11798044
2026-07-08T06:05:44.631933,2026-07-08T06:05:44.644311+00:00,118.7,20,ask,,,11798047
2026-07-08T06:05:44.710260,2026-07-08T06:05:44.722048+00:00,118.7,25,ask,,,11798049
