timestamp,recv_time,price,volume,aggressor_side,buyer,seller,trade_id
2026-07-02T03:00:00.223319,2026-07-02T03:00:00.157846+00:00,99.0,50,ask,EarnestEspressos,FlawlessFlatbreads,3407439
2026-07-02T03:00:00.239919,2026-07-02T03:00:00.157846+00:00,99.1,6,bid,CostlyCorianders,Kelvin Chan,3407440
2026-07-02T03:00:00.655094,2026-07-02T03:00:00.663466+00:00,99.5,40,bid,CostlyCorianders,EarnestEspressos,3407454
2026-07-02T03:00:02.690269,2026-07-02T03:00:02.701972+00:00,99.1,45,ask,DiligentDonuts,CostlyCorianders,3407483
2026-07-02T03:00:04.441543,2026-07-02T03:00:04.447794+00:00,99.0,50,ask,EarnestEspressos,FlawlessFlatbreads,3407509
2026-07-02T03:00:06.496475,2026-07-02T03:00:06.510997+00:00,99.2,50,bid,FlawlessFlatbreads,EarnestEspressos,3407544
2026-07-02T03:00:08.655260,2026-07-02T03:00:08.645109+00:00,99.0,50,ask,EarnestEspressos,FlawlessFlatbreads,3407567
2026-07-02T03:00:09.421269,2026-07-02T03:00:09.433243+00:00,99.0,43,ask,EarnestEspressos,CostlyCorianders,3407575
2026-07-02T03:00:10.660808,2026-07-02T03:00:10.668687+00:00,99.0,57,ask,EarnestEspressos,Chester Au,3407594
2026-07-02T03:00:11.578561,2026-07-02T03:00:11.585494+00:00,98.8,100,ask,DiligentDonuts,EarnestEspressos,3407617
2026-07-02T03:00:11.592142,2026-07-02T03:00:11.601452+00:00,98.6,3,bid,Xuanyu Liu,EarnestEspressos,3407618
2026-07-02T03:00:19.127382,2026-07-02T03:00:19.135834+00:00,98.8,50,bid,FlawlessFlatbreads,DiligentDonuts,3407752
2026-07-02T03:00:19.358313,2026-07-02T03:00:19.369779+00:00,98.9,47,bid,CostlyCorianders,DiligentDonuts,3407756
2026-07-02T03:00:20.581362,2026-07-02T03:00:20.592721+00:00,98.9,43,bid,CostlyCorianders,DiligentDonuts,3407767
2026-07-02T03:00:21.233013,2026-07-02T03:00:21.244560+00:00,98.9,10,bid,FlawlessFlatbreads,DiligentDonuts,3407783
2026-07-02T03:00:21.233013,2026-07-02T03:00:21.244560+00:00,99.0,40,bid,FlawlessFlatbreads,EarnestEspressos,3407784
2026-07-02T03:00:23.184807,2026-07-02T03:00:23.196376+00:00,98.7,5,ask,Kelvin Chan,CostlyCorianders,3407826
2026-07-02T03:00:23.184807,2026-07-02T03:00:23.196376+00:00,98.7,41,ask,DiligentDonuts,CostlyCorianders,3407827
2026-07-02T03:00:23.392067,2026-07-02T03:00:23.401192+00:00,98.7,50,ask,DiligentDonuts,FlawlessFlatbreads,3407834
2026-07-02T03:00:25.496778,2026-07-02T03:00:25.508349+00:00,98.7,5,ask,Kelvin Chan,FlawlessFlatbreads,3407874
2026-07-02T03:00:25.496778,2026-07-02T03:00:25.508349+00:00,98.6,45,ask,EarnestEspressos,FlawlessFlatbreads,3407875
2026-07-02T03:00:26.175060,2026-07-02T03:00:26.186670+00:00,98.6,45,ask,EarnestEspressos,CostlyCorianders,3407886
2026-07-02T03:00:28.527783,2026-07-02T03:00:28.535564+00:00,98.7,46,bid,CostlyCorianders,EarnestEspressos,3407924
2026-07-02T03:00:29.708291,2026-07-02T03:00:29.717039+00:00,98.4,50,ask,DiligentDonuts,FlawlessFlatbreads,3407957
2026-07-02T03:00:31.840942,2026-07-02T03:00:31.858834+00:00,98.4,50,ask,EarnestEspressos,FlawlessFlatbreads,3407997
2026-07-02T03:00:33.947811,2026-07-02T03:00:33.958575+00:00,98.2,50,ask,DiligentDonuts,FlawlessFlatbreads,3408036
2026-07-02T03:00:36.005046,2026-07-02T03:00:36.016649+00:00,98.6,50,bid,FlawlessFlatbreads,EarnestEspressos,3408085
2026-07-02T03:00:36.352037,2026-07-02T03:00:36.358575+00:00,98.6,48,bid,CostlyCorianders,EarnestEspressos,3408092
2026-07-02T03:00:38.113552,2026-07-02T03:00:38.123922+00:00,98.8,50,bid,FlawlessFlatbreads,DiligentDonuts,3408126
2026-07-02T03:00:38.802976,2026-07-02T03:00:38.813983+00:00,98.7,40,bid,CostlyCorianders,DiligentDonuts,3408146
2026-07-02T03:00:39.508429,2026-07-02T03:00:39.516489+00:00,98.6,3,ask,EarnestEspressos,Xuanyu Liu,3408170
2026-07-02T03:00:40.049400,2026-07-02T03:00:40.057608+00:00,98.3,43,ask,EarnestEspressos,CostlyCorianders,3408187
2026-07-02T03:00:42.375103,2026-07-02T03:00:42.382255+00:00,98.5,2,ask,Kelvin Chan,FlawlessFlatbreads,3408237
2026-07-02T03:00:42.375103,2026-07-02T03:00:42.387487+00:00,98.3,48,ask,EarnestEspressos,FlawlessFlatbreads,3408238
2026-07-02T03:00:43.195272,2026-07-02T03:00:43.206802+00:00,98.3,100,ask,DiligentDonuts,EarnestEspressos,3408252
2026-07-02T03:00:43.208330,2026-07-02T03:00:43.218213+00:00,98.3,3,bid,Xuanyu Liu,EarnestEspressos,3408253
2026-07-02T03:00:43.637407,2026-07-02T03:00:43.649043+00:00,98.3,2,bid,Kelvin Chan,EarnestEspressos,3408260
2026-07-02T03:00:43.958967,2026-07-02T03:00:43.969307+00:00,98.3,2,bid,Kelvin Chan,EarnestEspressos,3408262
2026-07-02T03:00:43.991685,2026-07-02T03:00:44.001258+00:00,98.3,2,bid,Kelvin Chan,EarnestEspressos,3408265
2026-07-02T03:00:44.039946,2026-07-02T03:00:44.049809+00:00,98.3,2,bid,Kelvin Chan,EarnestEspressos,3408267
2026-07-02T03:00:44.371492,2026-07-02T03:00:44.382146+00:00,98.3,2,bid,Kelvin Chan,EarnestEspressos,3408272
2026-07-02T03:00:44.482191,2026-07-02T03:00:44.493791+00:00,97.8,50,ask,EarnestEspressos,FlawlessFlatbreads,3408273
2026-07-02T03:00:44.602624,2026-07-02T03:00:44.612827+00:00,98.3,37,bid,Chester Au,EarnestEspressos,3408274
2026-07-02T03:00:44.655931,2026-07-02T03:00:44.665350+00:00,98.4,1,bid,Kelvin Chan,DiligentDonuts,3408276
2026-07-02T03:00:44.999146,2026-07-02T03:00:45.008744+00:00,98.4,2,bid,Kelvin Chan,DiligentDonuts,3408279
2026-07-02T03:00:45.024466,2026-07-02T03:00:45.034251+00:00,98.4,2,bid,Kelvin Chan,DiligentDonuts,3408281
2026-07-02T03:00:45.081136,2026-07-02T03:00:45.092030+00:00,98.4,1,bid,Kelvin Chan,DiligentDonuts,3408285
2026-07-02T03:00:45.573154,2026-07-02T03:00:45.580800+00:00,98.4,44,bid,CostlyCorianders,DiligentDonuts,3408292
2026-07-02T03:00:46.590732,2026-07-02T03:00:46.598799+00:00,98.3,50,ask,EarnestEspressos,FlawlessFlatbreads,3408314
2026-07-02T03:00:48.697074,2026-07-02T03:00:48.708355+00:00,98.3,50,ask,EarnestEspressos,FlawlessFlatbreads,3408347
2026-07-02T03:00:49.109424,2026-07-02T03:00:49.119316+00:00,98.3,40,ask,EarnestEspressos,CostlyCorianders,3408364
2026-07-02T03:00:49.534994,2026-07-02T03:00:49.546258+00:00,98.4,108,bid,Chester Au,EarnestEspressos,3408372
2026-07-02T03:00:49.570274,2026-07-02T03:00:49.581827+00:00,98.3,1,ask,Kelvin Chan,CostlyCorianders,3408374
2026-07-02T03:00:49.570274,2026-07-02T03:00:49.581827+00:00,98.2,46,ask,DiligentDonuts,CostlyCorianders,3408375
2026-07-02T03:00:50.046460,2026-07-02T03:00:50.055554+00:00,98.4,42,bid,CostlyCorianders,EarnestEspressos,3408392
2026-07-02T03:00:50.046460,2026-07-02T03:00:50.055554+00:00,98.7,1,bid,CostlyCorianders,Kelvin Chan,3408393
2026-07-02T03:00:50.803168,2026-07-02T03:00:50.814539+00:00,97.9,50,ask,EarnestEspressos,FlawlessFlatbreads,3408402
2026-07-02T03:00:51.191027,2026-07-02T03:00:51.202323+00:00,97.9,45,ask,EarnestEspressos,CostlyCorianders,3408414
2026-07-02T03:00:52.342411,2026-07-02T03:00:52.358584+00:00,98.4,49,bid,CostlyCorianders,DiligentDonuts,3408437
2026-07-02T03:00:52.931287,2026-07-02T03:00:52.938591+00:00,98.2,5,bid,Kelvin Chan,EarnestEspressos,3408447
2026-07-02T03:00:53.655815,2026-07-02T03:00:53.664334+00:00,98.2,4,bid,Kelvin Chan,EarnestEspressos,3408460
2026-07-02T03:00:54.314311,2026-07-02T03:00:54.325167+00:00,98.2,48,bid,CostlyCorianders,EarnestEspressos,3408478
2026-07-02T03:00:54.961981,2026-07-02T03:00:54.973497+00:00,98.2,50,bid,FlawlessFlatbreads,EarnestEspressos,3408489
2026-07-02T03:00:57.069521,2026-07-02T03:00:57.078089+00:00,98.3,50,bid,FlawlessFlatbreads,DiligentDonuts,3408530
2026-07-02T03:00:57.321455,2026-07-02T03:00:57.333134+00:00,98.2,41,ask,EarnestEspressos,CostlyCorianders,3408536
2026-07-02T03:00:59.175619,2026-07-02T03:00:59.187120+00:00,98.3,50,bid,FlawlessFlatbreads,EarnestEspressos,3408570
2026-07-02T03:01:01.283657,2026-07-02T03:01:01.295123+00:00,98.3,50,bid,FlawlessFlatbreads,EarnestEspressos,3408624
2026-07-02T03:01:03.389528,2026-07-02T03:01:03.399085+00:00,98.5,1,bid,FlawlessFlatbreads,Kelvin Chan,3408660
2026-07-02T03:01:03.389528,2026-07-02T03:01:03.399085+00:00,98.5,49,bid,FlawlessFlatbreads,DiligentDonuts,3408661
2026-07-02T03:01:03.611361,2026-07-02T03:01:03.622827+00:00,98.2,48,ask,DiligentDonuts,CostlyCorianders,3408666
2026-07-02T03:01:04.721923,2026-07-02T03:01:04.733516+00:00,98.6,44,bid,CostlyCorianders,EarnestEspressos,3408686
2026-07-02T03:01:05.293447,2026-07-02T03:01:05.302693+00:00,98.4,150,ask,EarnestEspressos,Chester Au,3408695
2026-07-02T03:01:05.500717,2026-07-02T03:01:05.507096+00:00,98.7,50,bid,FlawlessFlatbreads,DiligentDonuts,3408704
2026-07-02T03:01:07.660674,2026-07-02T03:01:07.672445+00:00,97.9,50,ask,DiligentDonuts,FlawlessFlatbreads,3408760
2026-07-02T03:01:09.771227,2026-07-02T03:01:09.783103+00:00,98.1,2,ask,Kelvin Chan,FlawlessFlatbreads,3408800
2026-07-02T03:01:09.771227,2026-07-02T03:01:09.783103+00:00,97.8,48,ask,EarnestEspressos,FlawlessFlatbreads,3408801
2026-07-02T03:01:11.391986,2026-07-02T03:01:11.398651+00:00,97.8,49,ask,EarnestEspressos,CostlyCorianders,3408840
2026-07-02T03:01:11.661216,2026-07-02T03:01:11.672731+00:00,98.0,1,ask,Kelvin Chan,EarnestEspressos,3408845
2026-07-02T03:01:11.661216,2026-07-02T03:01:11.672731+00:00,97.8,100,ask,DiligentDonuts,EarnestEspressos,3408846
2026-07-02T03:01:11.681843,2026-07-02T03:01:11.697044+00:00,97.8,2,bid,Chester Au,EarnestEspressos,3408849
2026-07-02T03:01:11.880316,2026-07-02T03:01:11.891905+00:00,97.3,50,ask,EarnestEspressos,FlawlessFlatbreads,3408851
2026-07-02T03:01:12.040626,2026-07-02T03:01:12.048404+00:00,97.8,1,bid,Kelvin Chan,EarnestEspressos,3408852
2026-07-02T03:01:12.054870,2026-07-02T03:01:12.063606+00:00,97.8,2,bid,Chester Au,EarnestEspressos,3408855
2026-07-02T03:01:13.415540,2026-07-02T03:01:13.424038+00:00,97.8,41,bid,CostlyCorianders,EarnestEspressos,3408886
2026-07-02T03:01:13.987101,2026-07-02T03:01:13.998697+00:00,97.3,50,ask,EarnestEspressos,FlawlessFlatbreads,3408899
2026-07-02T03:01:14.479812,2026-07-02T03:01:14.491326+00:00,97.8,3,bid,CostlyCorianders,EarnestEspressos,3408911
2026-07-02T03:01:14.479812,2026-07-02T03:01:14.491326+00:00,97.8,40,bid,CostlyCorianders,DiligentDonuts,3408912
2026-07-02T03:01:14.535019,2026-07-02T03:01:14.546751+00:00,97.3,49,ask,EarnestEspressos,CostlyCorianders,3408913
2026-07-02T03:01:14.855188,2026-07-02T03:01:14.857531+00:00,97.6,146,bid,Chester Au,EarnestEspressos,3408924
2026-07-02T03:01:15.738920,2026-07-02T03:01:15.749526+00:00,97.6,1,bid,Xuanyu Liu,EarnestEspressos,3408943
2026-07-02T03:01:16.047098,2026-07-02T03:01:16.052827+00:00,97.6,3,bid,FlawlessFlatbreads,EarnestEspressos,3408947
2026-07-02T03:01:16.047098,2026-07-02T03:01:16.052827+00:00,97.8,47,bid,FlawlessFlatbreads,DiligentDonuts,3408948
2026-07-02T03:01:17.969062,2026-07-02T03:01:17.977970+00:00,97.9,1,ask,EarnestEspressos,Xuanyu Liu,3408990
2026-07-02T03:01:18.157724,2026-07-02T03:01:18.169397+00:00,98.1,50,bid,FlawlessFlatbreads,DiligentDonuts,3408993
2026-07-02T03:01:20.149292,2026-07-02T03:01:20.158594+00:00,98.2,1,bid,CostlyCorianders,Kelvin Chan,3409029
2026-07-02T03:01:20.149292,2026-07-02T03:01:20.158594+00:00,98.4,43,bid,CostlyCorianders,EarnestEspressos,3409030
2026-07-02T03:01:20.265206,2026-07-02T03:01:20.275836+00:00,98.4,50,bid,FlawlessFlatbreads,EarnestEspressos,3409032
2026-07-02T03:01:21.133088,2026-07-02T03:01:21.141165+00:00,98.3,3,ask,EarnestEspressos,Xuanyu Liu,3409052
2026-07-02T03:01:21.232809,2026-07-02T03:01:21.244476+00:00,98.3,49,ask,EarnestEspressos,CostlyCorianders,3409056
2026-07-02T03:01:22.374390,2026-07-02T03:01:22.385985+00:00,98.4,50,bid,FlawlessFlatbreads,DiligentDonuts,3409078
2026-07-02T03:01:22.409739,2026-07-02T03:01:22.421171+00:00,98.3,46,ask,EarnestEspressos,CostlyCorianders,3409080
2026-07-02T03:01:22.878932,2026-07-02T03:01:22.888611+00:00,98.6,41,bid,CostlyCorianders,DiligentDonuts,3409086
2026-07-02T03:01:23.912689,2026-07-02T03:01:23.921550+00:00,98.3,5,ask,EarnestEspressos,Kelvin Chan,3409110
2026-07-02T03:01:24.481032,2026-07-02T03:01:24.492722+00:00,98.3,5,bid,FlawlessFlatbreads,Kelvin Chan,3409127
2026-07-02T03:01:24.481032,2026-07-02T03:01:24.492722+00:00,98.5,45,bid,FlawlessFlatbreads,EarnestEspressos,3409128
2026-07-02T03:01:25.960344,2026-07-02T03:01:25.972071+00:00,98.5,46,bid,CostlyCorianders,EarnestEspressos,3409161
2026-07-02T03:01:26.015683,2026-07-02T03:01:26.027221+00:00,98.2,43,ask,DiligentDonuts,CostlyCorianders,3409163
2026-07-02T03:01:26.597422,2026-07-02T03:01:26.608870+00:00,98.5,50,bid,FlawlessFlatbreads,EarnestEspressos,3409184
2026-07-02T03:01:27.115473,2026-07-02T03:01:27.127142+00:00,98.5,9,bid,CostlyCorianders,EarnestEspressos,3409194
2026-07-02T03:01:27.454532,2026-07-02T03:01:27.458564+00:00,98.7,100,bid,EarnestEspressos,DiligentDonuts,3409206
2026-07-02T03:01:27.510662,2026-07-02T03:01:27.524797+00:00,98.7,50,ask,EarnestEspressos,Chester Au,3409207
2026-07-02T03:01:28.673731,2026-07-02T03:01:28.685345+00:00,98.2,48,ask,DiligentDonuts,CostlyCorianders,3409236
2026-07-02T03:01:29.141819,2026-07-02T03:01:29.153532+00:00,98.4,40,ask,DiligentDonuts,CostlyCorianders,3409244
2026-07-02T03:01:30.112325,2026-07-02T03:01:30.119698+00:00,98.9,44,bid,CostlyCorianders,DiligentDonuts,3409260
2026-07-02T03:01:30.355460,2026-07-02T03:01:30.368719+00:00,98.4,3,ask,DiligentDonuts,Kelvin Chan,3409263
2026-07-02T03:01:30.421229,2026-07-02T03:01:30.431745+00:00,98.4,3,ask,DiligentDonuts,Kelvin Chan,3409264
2026-07-02T03:01:30.502993,2026-07-02T03:01:30.511928+00:00,98.4,3,ask,DiligentDonuts,Kelvin Chan,3409265
2026-07-02T03:01:30.564835,2026-07-02T03:01:30.574222+00:00,98.4,3,ask,DiligentDonuts,Kelvin Chan,3409267
2026-07-02T03:01:30.648379,2026-07-02T03:01:30.655286+00:00,98.9,41,bid,CostlyCorianders,DiligentDonuts,3409270
2026-07-02T03:01:30.880011,2026-07-02T03:01:30.891946+00:00,98.4,48,ask,DiligentDonuts,FlawlessFlatbreads,3409271
2026-07-02T03:01:30.880011,2026-07-02T03:01:30.891946+00:00,98.1,2,ask,Kelvin Chan,FlawlessFlatbreads,3409272
2026-07-02T03:01:33.012005,2026-07-02T03:01:33.021756+00:00,98.3,50,ask,DiligentDonuts,FlawlessFlatbreads,3409335
2026-07-02T03:01:33.302606,2026-07-02T03:01:33.312405+00:00,98.3,50,ask,DiligentDonuts,Chester Au,3409344
2026-07-02T03:01:37.229296,2026-07-02T03:01:37.240854+00:00,98.1,1,ask,Kelvin Chan,FlawlessFlatbreads,3409426
2026-07-02T03:01:37.229296,2026-07-02T03:01:37.240854+00:00,97.9,49,ask,DiligentDonuts,FlawlessFlatbreads,3409427
2026-07-02T03:01:37.261639,2026-07-02T03:01:37.269521+00:00,97.9,48,ask,DiligentDonuts,CostlyCorianders,3409428
2026-07-02T03:01:38.544834,2026-07-02T03:01:38.552824+00:00,98.2,3,bid,Xuanyu Liu,DiligentDonuts,3409465
2026-07-02T03:01:39.374971,2026-07-02T03:01:39.381961+00:00,98.2,44,bid,CostlyCorianders,DiligentDonuts,3409485
2026-07-02T03:01:41.439842,2026-07-02T03:01:41.451085+00:00,98.0,50,ask,EarnestEspressos,FlawlessFlatbreads,3409526
2026-07-02T03:01:41.988520,2026-07-02T03:01:42.000280+00:00,98.0,46,ask,EarnestEspressos,CostlyCorianders,3409544
2026-07-02T03:01:42.469997,2026-07-02T03:01:42.477740+00:00,98.4,46,bid,CostlyCorianders,DiligentDonuts,3409556
2026-07-02T03:01:43.495595,2026-07-02T03:01:43.503323+00:00,98.1,50,bid,FlawlessFlatbreads,EarnestEspressos,3409580
2026-07-02T03:01:44.023687,2026-07-02T03:01:44.035353+00:00,98.1,47,bid,CostlyCorianders,EarnestEspressos,3409583
2026-07-02T03:01:45.602427,2026-07-02T03:01:45.613874+00:00,98.1,50,bid,FlawlessFlatbreads,EarnestEspressos,3409604
2026-07-02T03:01:49.867222,2026-07-02T03:01:49.878937+00:00,98.2,50,ask,EarnestEspressos,FlawlessFlatbreads,3409678
2026-07-02T03:01:50.325433,2026-07-02T03:01:50.332957+00:00,98.2,48,ask,EarnestEspressos,CostlyCorianders,3409688
2026-07-02T03:01:51.978012,2026-07-02T03:01:51.998655+00:00,98.2,50,ask,EarnestEspressos,FlawlessFlatbreads,3409723
2026-07-02T03:01:52.807779,2026-07-02T03:01:52.819253+00:00,98.1,1,ask,Kelvin Chan,EarnestEspressos,3409748
2026-07-02T03:01:53.569726,2026-07-02T03:01:53.579137+00:00,98.0,1,bid,Kelvin Chan,EarnestEspressos,3409761
2026-07-02T03:01:53.621104,2026-07-02T03:01:53.629390+00:00,98.0,1,bid,Kelvin Chan,EarnestEspressos,3409762
2026-07-02T03:01:54.588973,2026-07-02T03:01:54.597256+00:00,98.0,1,bid,Kelvin Chan,EarnestEspressos,3409780
2026-07-02T03:01:54.713881,2026-07-02T03:01:54.720389+00:00,97.9,44,ask,DiligentDonuts,CostlyCorianders,3409787
2026-07-02T03:01:56.197747,2026-07-02T03:01:56.209076+00:00,97.9,50,ask,DiligentDonuts,FlawlessFlatbreads,3409811
2026-07-02T03:01:58.305749,2026-07-02T03:01:58.315231+00:00,98.0,2,ask,Kelvin Chan,FlawlessFlatbreads,3409842
2026-07-02T03:01:58.305749,2026-07-02T03:01:58.315231+00:00,97.7,48,ask,DiligentDonuts,FlawlessFlatbreads,3409843
2026-07-02T03:01:59.145002,2026-07-02T03:01:59.158549+00:00,98.0,1,ask,Kelvin Chan,EarnestEspressos,3409872
2026-07-02T03:01:59.500499,2026-07-02T03:01:59.508124+00:00,98.0,100,bid,Chester Au,EarnestEspressos,3409875
2026-07-02T03:02:00.432176,2026-07-02T03:02:00.443692+00:00,97.9,2,ask,Kelvin Chan,FlawlessFlatbreads,3409890
2026-07-02T03:02:02.540058,2026-07-02T03:02:02.551467+00:00,97.9,1,ask,Kelvin Chan,FlawlessFlatbreads,3409925
2026-07-02T03:02:02.540058,2026-07-02T03:02:02.551467+00:00,97.9,49,ask,EarnestEspressos,FlawlessFlatbreads,3409926
2026-07-02T03:02:06.454067,2026-07-02T03:02:06.458587+00:00,98.1,42,bid,CostlyCorianders,DiligentDonuts,3410018
2026-07-02T03:02:06.923241,2026-07-02T03:02:06.931980+00:00,97.9,2,ask,Kelvin Chan,CostlyCorianders,3410035
2026-07-02T03:02:06.923241,2026-07-02T03:02:06.931980+00:00,97.8,46,ask,EarnestEspressos,CostlyCorianders,3410036
2026-07-02T03:02:08.804308,2026-07-02T03:02:08.815614+00:00,98.1,50,bid,FlawlessFlatbreads,DiligentDonuts,3410070
2026-07-02T03:02:10.910716,2026-07-02T03:02:10.922211+00:00,98.1,50,bid,FlawlessFlatbreads,EarnestEspressos,3410127
2026-07-02T03:02:13.017725,2026-07-02T03:02:13.029187+00:00,98.2,1,bid,FlawlessFlatbreads,Kelvin Chan,3410175
2026-07-02T03:02:13.017725,2026-07-02T03:02:13.029187+00:00,98.2,49,bid,FlawlessFlatbreads,DiligentDonuts,3410176
2026-07-02T03:02:13.061738,2026-07-02T03:02:13.069728+00:00,98.2,47,bid,CostlyCorianders,EarnestEspressos,3410180
2026-07-02T03:02:14.552609,2026-07-02T03:02:14.558605+00:00,98.2,48,bid,CostlyCorianders,EarnestEspressos,3410219
2026-07-02T03:02:14.930701,2026-07-02T03:02:14.939916+00:00,98.2,100,bid,EarnestEspressos,DiligentDonuts,3410227
2026-07-02T03:02:15.126868,2026-07-02T03:02:15.138387+00:00,98.7,50,bid,FlawlessFlatbreads,EarnestEspressos,3410229
2026-07-02T03:02:15.227876,2026-07-02T03:02:15.239774+00:00,98.2,3,ask,EarnestEspressos,Xuanyu Liu,3410234
2026-07-02T03:02:17.240407,2026-07-02T03:02:17.249872+00:00,98.6,50,bid,FlawlessFlatbreads,DiligentDonuts,3410281
2026-07-02T03:02:19.432013,2026-07-02T03:02:19.443717+00:00,98.4,100,bid,DiligentDonuts,EarnestEspressos,3410314
2026-07-02T03:02:21.503720,2026-07-02T03:02:21.517914+00:00,98.2,50,ask,EarnestEspressos,FlawlessFlatbreads,3410350
2026-07-02T03:02:23.610468,2026-07-02T03:02:23.622100+00:00,98.2,50,ask,EarnestEspressos,FlawlessFlatbreads,3410388
2026-07-02T03:02:24.241518,2026-07-02T03:02:24.252962+00:00,98.2,41,ask,EarnestEspressos,CostlyCorianders,3410393
2026-07-02T03:02:25.414858,2026-07-02T03:02:25.426719+00:00,98.0,4,ask,Kelvin Chan,CostlyCorianders,3410417
2026-07-02T03:02:25.414858,2026-07-02T03:02:25.426719+00:00,98.0,37,ask,DiligentDonuts,CostlyCorianders,3410418
2026-07-02T03:02:25.723493,2026-07-02T03:02:25.731081+00:00,98.0,4,ask,Kelvin Chan,FlawlessFlatbreads,3410423
2026-07-02T03:02:25.723493,2026-07-02T03:02:25.731081+00:00,97.8,46,ask,EarnestEspressos,FlawlessFlatbreads,3410424
2026-07-02T03:02:27.829776,2026-07-02T03:02:27.841315+00:00,98.0,4,ask,Kelvin Chan,FlawlessFlatbreads,3410467
2026-07-02T03:02:27.829776,2026-07-02T03:02:27.841315+00:00,98.0,46,ask,DiligentDonuts,FlawlessFlatbreads,3410468
2026-07-02T03:02:30.692064,2026-07-02T03:02:30.703438+00:00,98.3,47,bid,CostlyCorianders,EarnestEspressos,3410522
2026-07-02T03:02:31.328561,2026-07-02T03:02:31.340360+00:00,98.2,46,bid,CostlyCorianders,EarnestEspressos,3410548
2026-07-02T03:02:31.990321,2026-07-02T03:02:32.001789+00:00,98.2,50,bid,FlawlessFlatbreads,EarnestEspressos,3410562
2026-07-02T03:02:35.027293,2026-07-02T03:02:35.038887+00:00,98.0,40,ask,EarnestEspressos,CostlyCorianders,3410626
2026-07-02T03:02:36.202408,2026-07-02T03:02:36.210989+00:00,98.3,50,bid,FlawlessFlatbreads,DiligentDonuts,3410654
2026-07-02T03:02:37.894214,2026-07-02T03:02:37.902233+00:00,98.0,6,ask,Kelvin Chan,CostlyCorianders,3410698
2026-07-02T03:02:37.894214,2026-07-02T03:02:37.907415+00:00,97.9,41,ask,EarnestEspressos,CostlyCorianders,3410699
2026-07-02T03:02:38.361778,2026-07-02T03:02:38.373349+00:00,97.9,50,ask,EarnestEspressos,FlawlessFlatbreads,3410713
2026-07-02T03:02:40.190965,2026-07-02T03:02:40.201769+00:00,98.2,47,bid,CostlyCorianders,DiligentDonuts,3410762
2026-07-02T03:02:40.417652,2026-07-02T03:02:40.426893+00:00,97.9,50,bid,FlawlessFlatbreads,EarnestEspressos,3410769
2026-07-02T03:02:40.798434,2026-07-02T03:02:40.804657+00:00,97.7,40,ask,DiligentDonuts,CostlyCorianders,3410786
2026-07-02T03:02:41.858675,2026-07-02T03:02:41.870316+00:00,97.7,47,ask,DiligentDonuts,CostlyCorianders,3410816
2026-07-02T03:02:42.523793,2026-07-02T03:02:42.535240+00:00,97.9,50,bid,FlawlessFlatbreads,EarnestEspressos,3410825
2026-07-02T03:02:42.630740,2026-07-02T03:02:42.640531+00:00,97.9,1,bid,Kelvin Chan,EarnestEspressos,3410826
2026-07-02T03:02:42.710288,2026-07-02T03:02:42.722056+00:00,97.9,1,bid,Kelvin Chan,EarnestEspressos,3410829
2026-07-02T03:02:44.629522,2026-07-02T03:02:44.641122+00:00,98.2,2,bid,FlawlessFlatbreads,Kelvin Chan,3410860
2026-07-02T03:02:44.629522,2026-07-02T03:02:44.641122+00:00,98.2,48,bid,FlawlessFlatbreads,DiligentDonuts,3410861
2026-07-02T03:02:46.740457,2026-07-02T03:02:46.758593+00:00,98.2,50,bid,FlawlessFlatbreads,DiligentDonuts,3410909
2026-07-02T03:02:49.743173,2026-07-02T03:02:49.754735+00:00,98.2,1,bid,EarnestEspressos,Kelvin Chan,3410973
2026-07-02T03:02:50.951765,2026-07-02T03:02:50.957958+00:00,98.5,50,bid,FlawlessFlatbreads,DiligentDonuts,3410995
2026-07-02T03:02:55.160879,2026-07-02T03:02:55.172286+00:00,98.7,50,bid,FlawlessFlatbreads,EarnestEspressos,3411070
2026-07-02T03:02:55.602294,2026-07-02T03:02:55.613621+00:00,98.7,43,bid,CostlyCorianders,EarnestEspressos,3411082
2026-07-02T03:02:55.837032,2026-07-02T03:02:55.846233+00:00,98.4,1,ask,DiligentDonuts,Xuanyu Liu,3411092
2026-07-02T03:02:55.841231,2026-07-02T03:02:55.846233+00:00,98.4,1,ask,DiligentDonuts,Chester Au,3411093
2026-07-02T03:02:55.861953,2026-07-02T03:02:55.873575+00:00,98.4,98,ask,DiligentDonuts,Chester Au,3411094
2026-07-02T03:02:56.072834,2026-07-02T03:02:56.081484+00:00,98.3,101,ask,EarnestEspressos,Chester Au,3411104
2026-07-02T03:02:56.518001,2026-07-02T03:02:56.526250+00:00,98.3,49,ask,EarnestEspressos,CostlyCorianders,3411110
2026-07-02T03:02:57.268709,2026-07-02T03:02:57.275511+00:00,98.8,50,bid,FlawlessFlatbreads,EarnestEspressos,3411138
2026-07-02T03:02:58.513747,2026-07-02T03:02:58.525400+00:00,98.7,40,bid,CostlyCorianders,DiligentDonuts,3411160
2026-07-02T03:03:01.533795,2026-07-02T03:03:01.545151+00:00,98.1,1,ask,Kelvin Chan,FlawlessFlatbreads,3411227
2026-07-02T03:03:01.533795,2026-07-02T03:03:01.545151+00:00,98.1,49,ask,EarnestEspressos,FlawlessFlatbreads,3411228
2026-07-02T03:03:01.659405,2026-07-02T03:03:01.670965+00:00,98.6,46,bid,CostlyCorianders,EarnestEspressos,3411235
2026-07-02T03:03:03.276453,2026-07-02T03:03:03.287918+00:00,98.2,46,ask,EarnestEspressos,CostlyCorianders,3411268
2026-07-02T03:03:03.591262,2026-07-02T03:03:03.602870+00:00,98.6,50,bid,FlawlessFlatbreads,DiligentDonuts,3411270
2026-07-02T03:03:05.344485,2026-07-02T03:03:05.351237+00:00,98.2,46,ask,EarnestEspressos,CostlyCorianders,3411303
2026-07-02T03:03:05.612285,2026-07-02T03:03:05.632062+00:00,98.1,100,ask,DiligentDonuts,EarnestEspressos,3411309
2026-07-02T03:03:05.623362,2026-07-02T03:03:05.632062+00:00,98.1,1,bid,Xuanyu Liu,EarnestEspressos,3411310
2026-07-02T03:03:07.650747,2026-07-02T03:03:07.658550+00:00,98.1,45,bid,CostlyCorianders,EarnestEspressos,3411342
2026-07-02T03:03:07.802010,2026-07-02T03:03:07.813298+00:00,98.1,4,bid,FlawlessFlatbreads,EarnestEspressos,3411344
2026-07-02T03:03:09.959030,2026-07-02T03:03:09.970462+00:00,98.0,50,ask,EarnestEspressos,FlawlessFlatbreads,3411384
2026-07-02T03:03:10.524711,2026-07-02T03:03:10.535954+00:00,98.2,41,bid,CostlyCorianders,DiligentDonuts,3411395
2026-07-02T03:03:12.066092,2026-07-02T03:03:12.077591+00:00,97.7,50,ask,DiligentDonuts,FlawlessFlatbreads,3411416
2026-07-02T03:03:13.163775,2026-07-02T03:03:13.175213+00:00,97.7,41,ask,EarnestEspressos,CostlyCorianders,3411437
2026-07-02T03:03:14.181652,2026-07-02T03:03:14.193047+00:00,97.8,50,ask,DiligentDonuts,FlawlessFlatbreads,3411460
2026-07-02T03:03:14.860100,2026-07-02T03:03:14.871661+00:00,98.2,46,bid,CostlyCorianders,EarnestEspressos,3411473
2026-07-02T03:03:16.288677,2026-07-02T03:03:16.300079+00:00,98.0,50,ask,EarnestEspressos,FlawlessFlatbreads,3411498
2026-07-02T03:03:16.820043,2026-07-02T03:03:16.831774+00:00,98.2,2,bid,CostlyCorianders,Kelvin Chan,3411513
2026-07-02T03:03:16.820043,2026-07-02T03:03:16.831774+00:00,98.2,40,bid,CostlyCorianders,DiligentDonuts,3411514
2026-07-02T03:03:17.419563,2026-07-02T03:03:17.431086+00:00,98.0,42,ask,EarnestEspressos,CostlyCorianders,3411520
2026-07-02T03:03:18.267870,2026-07-02T03:03:18.277220+00:00,98.0,3,bid,Xuanyu Liu,EarnestEspressos,3411540
2026-07-02T03:03:18.350602,2026-07-02T03:03:18.363719+00:00,98.0,50,bid,FlawlessFlatbreads,EarnestEspressos,3411543
2026-07-02T03:03:18.608950,2026-07-02T03:03:18.620415+00:00,97.8,1,ask,Kelvin Chan,CostlyCorianders,3411549
2026-07-02T03:03:18.608950,2026-07-02T03:03:18.620415+00:00,97.7,41,ask,DiligentDonuts,CostlyCorianders,3411550
2026-07-02T03:03:19.178872,2026-07-02T03:03:19.190164+00:00,97.9,2,ask,Kelvin Chan,CostlyCorianders,3411560
2026-07-02T03:03:20.459076,2026-07-02T03:03:20.470654+00:00,98.0,50,bid,FlawlessFlatbreads,EarnestEspressos,3411585
2026-07-02T03:03:20.770103,2026-07-02T03:03:20.781418+00:00,97.8,2,ask,Kelvin Chan,CostlyCorianders,3411591
2026-07-02T03:03:21.373202,2026-07-02T03:03:21.379638+00:00,98.1,41,bid,CostlyCorianders,DiligentDonuts,3411606
2026-07-02T03:03:22.629046,2026-07-02T03:03:22.642355+00:00,97.9,50,ask,EarnestEspressos,FlawlessFlatbreads,3411621
2026-07-02T03:03:23.411760,2026-07-02T03:03:23.420306+00:00,97.9,14,ask,EarnestEspressos,Xuanyu Liu,3411643
2026-07-02T03:03:24.717342,2026-07-02T03:03:24.725795+00:00,97.9,11,bid,Xuanyu Liu,EarnestEspressos,3411657
2026-07-02T03:03:24.737273,2026-07-02T03:03:24.746260+00:00,97.7,50,ask,DiligentDonuts,FlawlessFlatbreads,3411660
2026-07-02T03:03:25.492477,2026-07-02T03:03:25.503879+00:00,97.9,49,bid,CostlyCorianders,EarnestEspressos,3411671
2026-07-02T03:03:25.547480,2026-07-02T03:03:25.558834+00:00,97.7,42,ask,DiligentDonuts,CostlyCorianders,3411672
2026-07-02T03:03:26.208399,2026-07-02T03:03:26.217470+00:00,97.9,44,bid,CostlyCorianders,EarnestEspressos,3411676
2026-07-02T03:03:26.262310,2026-07-02T03:03:26.271182+00:00,97.4,48,ask,EarnestEspressos,CostlyCorianders,3411678
2026-07-02T03:03:26.862600,2026-07-02T03:03:26.874073+00:00,97.4,50,ask,EarnestEspressos,FlawlessFlatbreads,3411694
2026-07-02T03:03:27.842506,2026-07-02T03:03:27.849952+00:00,97.8,44,bid,CostlyCorianders,EarnestEspressos,3411709
2026-07-02T03:03:28.918058,2026-07-02T03:03:28.929709+00:00,97.8,50,bid,FlawlessFlatbreads,EarnestEspressos,3411725
2026-07-02T03:03:29.023698,2026-07-02T03:03:29.032012+00:00,97.3,41,ask,EarnestEspressos,CostlyCorianders,3411729
2026-07-02T03:03:29.216863,2026-07-02T03:03:29.225285+00:00,97.6,3,bid,Xuanyu Liu,DiligentDonuts,3411732
2026-07-02T03:03:29.517382,2026-07-02T03:03:29.529149+00:00,97.3,49,ask,EarnestEspressos,CostlyCorianders,3411744
2026-07-02T03:03:30.059732,2026-07-02T03:03:30.073668+00:00,97.6,40,bid,CostlyCorianders,DiligentDonuts,3411751
2026-07-02T03:03:31.025623,2026-07-02T03:03:31.036842+00:00,97.6,50,bid,FlawlessFlatbreads,DiligentDonuts,3411773
2026-07-02T03:03:31.595661,2026-07-02T03:03:31.602713+00:00,97.4,49,ask,EarnestEspressos,CostlyCorianders,3411778
2026-07-02T03:03:33.133164,2026-07-02T03:03:33.140564+00:00,97.6,2,bid,FlawlessFlatbreads,Kelvin Chan,3411807
2026-07-02T03:03:33.133164,2026-07-02T03:03:33.145934+00:00,97.9,48,bid,FlawlessFlatbreads,EarnestEspressos,3411808
2026-07-02T03:03:35.244191,2026-07-02T03:03:35.254652+00:00,97.8,50,bid,FlawlessFlatbreads,EarnestEspressos,3411860
2026-07-02T03:03:35.758201,2026-07-02T03:03:35.768673+00:00,97.8,45,bid,CostlyCorianders,EarnestEspressos,3411883
2026-07-02T03:03:36.305861,2026-07-02T03:03:36.315077+00:00,97.8,43,bid,CostlyCorianders,EarnestEspressos,3411894
2026-07-02T03:03:37.181315,2026-07-02T03:03:37.191021+00:00,98.0,100,bid,EarnestEspressos,DiligentDonuts,3411919
2026-07-02T03:03:37.243779,2026-07-02T03:03:37.251430+00:00,98.0,26,ask,EarnestEspressos,Xuanyu Liu,3411926
2026-07-02T03:03:37.402809,2026-07-02T03:03:37.414205+00:00,98.0,24,ask,EarnestEspressos,FlawlessFlatbreads,3411930
2026-07-02T03:03:37.402809,2026-07-02T03:03:37.414205+00:00,97.5,26,ask,DiligentDonuts,FlawlessFlatbreads,3411931
2026-07-02T03:03:39.356688,2026-07-02T03:03:39.368097+00:00,97.6,42,ask,DiligentDonuts,CostlyCorianders,3411958
2026-07-02T03:03:39.529455,2026-07-02T03:03:39.543666+00:00,97.6,50,ask,DiligentDonuts,FlawlessFlatbreads,3411962
2026-07-02T03:03:40.398551,2026-07-02T03:03:40.408298+00:00,97.8,45,bid,CostlyCorianders,EarnestEspressos,3411985
2026-07-02T03:03:40.454399,2026-07-02T03:03:40.468974+00:00,97.6,8,ask,DiligentDonuts,CostlyCorianders,3411987
2026-07-02T03:03:40.454399,2026-07-02T03:03:40.468974+00:00,97.4,10,ask,Kelvin Chan,CostlyCorianders,3411988
2026-07-02T03:03:40.454399,2026-07-02T03:03:40.468974+00:00,97.3,29,ask,EarnestEspressos,CostlyCorianders,3411989
2026-07-02T03:03:41.402293,2026-07-02T03:03:41.413588+00:00,97.8,46,bid,CostlyCorianders,EarnestEspressos,3412016
2026-07-02T03:03:41.584251,2026-07-02T03:03:41.596059+00:00,97.8,50,bid,FlawlessFlatbreads,EarnestEspressos,3412019
2026-07-02T03:03:41.717784,2026-07-02T03:03:41.726912+00:00,97.6,12,bid,Xuanyu Liu,DiligentDonuts,3412020
2026-07-02T03:03:42.464551,2026-07-02T03:03:42.476146+00:00,97.3,49,ask,EarnestEspressos,CostlyCorianders,3412031
2026-07-02T03:03:43.052907,2026-07-02T03:03:43.064199+00:00,97.6,42,bid,CostlyCorianders,DiligentDonuts,3412037
2026-07-02T03:03:43.592491,2026-07-02T03:03:43.600255+00:00,97.5,42,ask,EarnestEspressos,CostlyCorianders,3412049
2026-07-02T03:03:43.768850,2026-07-02T03:03:43.779580+00:00,97.5,50,ask,EarnestEspressos,FlawlessFlatbreads,3412055
2026-07-02T03:03:44.466307,2026-07-02T03:03:44.474625+00:00,97.6,11,bid,Xuanyu Liu,DiligentDonuts,3412066
2026-07-02T03:03:45.465563,2026-07-02T03:03:45.472375+00:00,97.5,40,ask,EarnestEspressos,CostlyCorianders,3412077
2026-07-02T03:03:45.876437,2026-07-02T03:03:45.888154+00:00,97.5,18,ask,EarnestEspressos,FlawlessFlatbreads,3412083
2026-07-02T03:03:45.876437,2026-07-02T03:03:45.888154+00:00,97.5,32,ask,DiligentDonuts,FlawlessFlatbreads,3412084
2026-07-02T03:03:46.709955,2026-07-02T03:03:46.721399+00:00,97.5,68,ask,DiligentDonuts,EarnestEspressos,3412097
2026-07-02T03:03:46.722842,2026-07-02T03:03:46.731441+00:00,97.3,3,bid,Xuanyu Liu,EarnestEspressos,3412098
2026-07-02T03:03:47.173172,2026-07-02T03:03:47.184856+00:00,97.3,43,bid,CostlyCorianders,EarnestEspressos,3412101
2026-07-02T03:03:47.985525,2026-07-02T03:03:47.996159+00:00,97.0,50,ask,DiligentDonuts,FlawlessFlatbreads,3412121
2026-07-02T03:03:50.095311,2026-07-02T03:03:50.106652+00:00,97.3,50,ask,EarnestEspressos,FlawlessFlatbreads,3412148
2026-07-02T03:03:51.200238,2026-07-02T03:03:51.207962+00:00,97.3,100,ask,EarnestEspressos,DiligentDonuts,3412175
2026-07-02T03:03:52.201169,2026-07-02T03:03:52.212740+00:00,96.8,50,ask,DiligentDonuts,FlawlessFlatbreads,3412189
2026-07-02T03:03:53.046295,2026-07-02T03:03:53.057541+00:00,97.1,150,bid,Chester Au,EarnestEspressos,3412205
2026-07-02T03:03:54.308767,2026-07-02T03:03:54.318071+00:00,96.9,50,ask,DiligentDonuts,FlawlessFlatbreads,3412224
2026-07-02T03:03:56.415807,2026-07-02T03:03:56.427230+00:00,97.1,50,ask,EarnestEspressos,FlawlessFlatbreads,3412250
2026-07-02T03:03:57.262288,2026-07-02T03:03:57.268768+00:00,97.2,6,bid,CostlyCorianders,Kelvin Chan,3412260
2026-07-02T03:03:57.262288,2026-07-02T03:03:57.274210+00:00,97.4,36,bid,CostlyCorianders,DiligentDonuts,3412261
2026-07-02T03:03:57.882037,2026-07-02T03:03:57.891818+00:00,97.1,40,ask,EarnestEspressos,CostlyCorianders,3412271
2026-07-02T03:03:58.341531,2026-07-02T03:03:58.352785+00:00,97.4,40,bid,CostlyCorianders,DiligentDonuts,3412277
2026-07-02T03:03:58.521722,2026-07-02T03:03:58.533462+00:00,97.1,50,ask,EarnestEspressos,FlawlessFlatbreads,3412278
2026-07-02T03:03:59.438141,2026-07-02T03:03:59.448182+00:00,97.1,41,bid,CostlyCorianders,EarnestEspressos,3412288
2026-07-02T03:04:00.200167,2026-07-02T03:04:00.207935+00:00,97.1,50,bid,Chester Au,EarnestEspressos,3412302
2026-07-02T03:04:00.628760,2026-07-02T03:04:00.637980+00:00,97.0,50,ask,DiligentDonuts,FlawlessFlatbreads,3412311
2026-07-02T03:04:02.501453,2026-07-02T03:04:02.513063+00:00,97.1,40,ask,EarnestEspressos,CostlyCorianders,3412339
2026-07-02T03:04:02.683836,2026-07-02T03:04:02.695369+00:00,97.2,4,bid,FlawlessFlatbreads,Kelvin Chan,3412343
2026-07-02T03:04:02.683836,2026-07-02T03:04:02.695369+00:00,97.5,46,bid,FlawlessFlatbreads,DiligentDonuts,3412344
2026-07-02T03:04:05.772227,2026-07-02T03:04:05.779217+00:00,97.1,49,ask,DiligentDonuts,CostlyCorianders,3412392
2026-07-02T03:04:06.900709,2026-07-02T03:04:06.909313+00:00,97.3,2,bid,FlawlessFlatbreads,Kelvin Chan,3412414
2026-07-02T03:04:06.900709,2026-07-02T03:04:06.909313+00:00,97.4,48,bid,FlawlessFlatbreads,EarnestEspressos,3412415
2026-07-02T03:04:08.948914,2026-07-02T03:04:08.958602+00:00,97.0,46,ask,EarnestEspressos,CostlyCorianders,3412446
2026-07-02T03:04:09.073045,2026-07-02T03:04:09.084785+00:00,97.0,50,ask,EarnestEspressos,FlawlessFlatbreads,3412447
2026-07-02T03:04:11.128770,2026-07-02T03:04:11.136319+00:00,97.3,1,bid,FlawlessFlatbreads,Kelvin Chan,3412475
2026-07-02T03:04:11.128770,2026-07-02T03:04:11.136319+00:00,97.5,49,bid,FlawlessFlatbreads,EarnestEspressos,3412476
2026-07-02T03:04:13.238947,2026-07-02T03:04:13.249095+00:00,97.4,50,bid,FlawlessFlatbreads,EarnestEspressos,3412514
2026-07-02T03:04:14.683403,2026-07-02T03:04:14.690273+00:00,97.4,41,bid,CostlyCorianders,EarnestEspressos,3412540
2026-07-02T03:04:15.344536,2026-07-02T03:04:15.356139+00:00,97.5,50,bid,FlawlessFlatbreads,DiligentDonuts,3412554
2026-07-02T03:04:16.266964,2026-07-02T03:04:16.272707+00:00,97.5,47,bid,CostlyCorianders,DiligentDonuts,3412567
2026-07-02T03:04:16.891210,2026-07-02T03:04:16.902655+00:00,97.4,47,ask,DiligentDonuts,CostlyCorianders,3412583
2026-07-02T03:04:17.451384,2026-07-02T03:04:17.457779+00:00,97.8,50,bid,FlawlessFlatbreads,EarnestEspressos,3412592
2026-07-02T03:04:18.368766,2026-07-02T03:04:18.378972+00:00,97.9,47,bid,CostlyCorianders,DiligentDonuts,3412604
2026-07-02T03:04:19.559566,2026-07-02T03:04:19.567260+00:00,98.1,50,bid,FlawlessFlatbreads,EarnestEspressos,3412626
2026-07-02T03:04:21.478118,2026-07-02T03:04:21.487917+00:00,97.8,150,ask,EarnestEspressos,Chester Au,3412664
2026-07-02T03:04:21.665178,2026-07-02T03:04:21.672654+00:00,97.9,50,bid,FlawlessFlatbreads,DiligentDonuts,3412672
2026-07-02T03:04:21.815391,2026-07-02T03:04:21.823828+00:00,97.4,40,ask,DiligentDonuts,CostlyCorianders,3412673
2026-07-02T03:04:23.770684,2026-07-02T03:04:23.782077+00:00,98.0,50,bid,FlawlessFlatbreads,DiligentDonuts,3412717
2026-07-02T03:04:25.878402,2026-07-02T03:04:25.890090+00:00,97.6,50,bid,FlawlessFlatbreads,EarnestEspressos,3412759
2026-07-02T03:04:27.158261,2026-07-02T03:04:27.169754+00:00,97.6,46,bid,CostlyCorianders,EarnestEspressos,3412786
2026-07-02T03:04:27.211477,2026-07-02T03:04:27.222889+00:00,97.3,3,ask,Kelvin Chan,CostlyCorianders,3412787
2026-07-02T03:04:27.211477,2026-07-02T03:04:27.222889+00:00,97.3,43,ask,DiligentDonuts,CostlyCorianders,3412788
2026-07-02T03:04:27.988762,2026-07-02T03:04:27.995855+00:00,97.7,3,bid,FlawlessFlatbreads,Kelvin Chan,3412805
2026-07-02T03:04:27.988762,2026-07-02T03:04:28.001386+00:00,97.8,47,bid,FlawlessFlatbreads,DiligentDonuts,3412806
2026-07-02T03:04:29.120278,2026-07-02T03:04:29.131577+00:00,97.5,46,ask,EarnestEspressos,CostlyCorianders,3412827
2026-07-02T03:04:30.097495,2026-07-02T03:04:30.109171+00:00,97.7,3,bid,FlawlessFlatbreads,Kelvin Chan,3412846
2026-07-02T03:04:30.097495,2026-07-02T03:04:30.109171+00:00,98.0,47,bid,FlawlessFlatbreads,EarnestEspressos,3412847
2026-07-02T03:04:32.261681,2026-07-02T03:04:32.273280+00:00,97.6,50,ask,EarnestEspressos,FlawlessFlatbreads,3412887
2026-07-02T03:04:32.752065,2026-07-02T03:04:32.757174+00:00,97.9,46,bid,CostlyCorianders,DiligentDonuts,3412898
2026-07-02T03:04:34.367360,2026-07-02T03:04:34.378728+00:00,97.5,6,ask,Kelvin Chan,FlawlessFlatbreads,3412928
2026-07-02T03:04:34.367360,2026-07-02T03:04:34.378728+00:00,97.4,44,ask,DiligentDonuts,FlawlessFlatbreads,3412929
2026-07-02T03:04:36.474642,2026-07-02T03:04:36.481943+00:00,97.5,5,ask,Kelvin Chan,FlawlessFlatbreads,3412981
2026-07-02T03:04:36.474642,2026-07-02T03:04:36.486943+00:00,97.5,45,ask,DiligentDonuts,FlawlessFlatbreads,3412982
2026-07-02T03:04:38.285138,2026-07-02T03:04:38.307647+00:00,97.5,50,ask,DiligentDonuts,Chester Au,3413016
2026-07-02T03:04:38.294699,2026-07-02T03:04:38.307647+00:00,97.5,5,ask,DiligentDonuts,Xuanyu Liu,3413018
2026-07-02T03:04:38.584664,2026-07-02T03:04:38.594850+00:00,97.4,4,ask,Kelvin Chan,FlawlessFlatbreads,3413030
2026-07-02T03:04:38.584664,2026-07-02T03:04:38.594850+00:00,97.2,46,ask,EarnestEspressos,FlawlessFlatbreads,3413031
2026-07-02T03:04:38.929799,2026-07-02T03:04:38.938729+00:00,97.6,48,bid,CostlyCorianders,DiligentDonuts,3413039
2026-07-02T03:04:38.984510,2026-07-02T03:04:38.993696+00:00,97.2,45,ask,EarnestEspressos,CostlyCorianders,3413040
2026-07-02T03:04:39.477396,2026-07-02T03:04:39.484731+00:00,97.2,41,ask,EarnestEspressos,CostlyCorianders,3413047
2026-07-02T03:04:40.509727,2026-07-02T03:04:40.521230+00:00,97.1,100,ask,DiligentDonuts,EarnestEspressos,3413076
2026-07-02T03:04:40.522632,2026-07-02T03:04:40.533889+00:00,97.1,5,bid,Xuanyu Liu,EarnestEspressos,3413077
2026-07-02T03:04:41.432699,2026-07-02T03:04:41.439669+00:00,97.1,2,bid,Kelvin Chan,EarnestEspressos,3413088
2026-07-02T03:04:42.802291,2026-07-02T03:04:42.811209+00:00,96.8,50,ask,DiligentDonuts,FlawlessFlatbreads,3413115
2026-07-02T03:04:43.569069,2026-07-02T03:04:43.579602+00:00,97.3,42,bid,CostlyCorianders,DiligentDonuts,3413129
2026-07-02T03:04:44.857344,2026-07-02T03:04:44.864577+00:00,97.3,50,bid,FlawlessFlatbreads,DiligentDonuts,3413154
2026-07-02T03:04:45.130312,2026-07-02T03:04:45.140087+00:00,97.1,42,bid,CostlyCorianders,DiligentDonuts,3413160
2026-07-02T03:04:45.183914,2026-07-02T03:04:45.195342+00:00,97.0,40,ask,EarnestEspressos,CostlyCorianders,3413165
2026-07-02T03:04:46.258878,2026-07-02T03:04:46.270234+00:00,97.0,48,ask,EarnestEspressos,CostlyCorianders,3413180
2026-07-02T03:04:46.511528,2026-07-02T03:04:46.530195+00:00,97.1,2,bid,Kelvin Chan,DiligentDonuts,3413191
2026-07-02T03:04:46.967691,2026-07-02T03:04:46.976909+00:00,96.8,50,bid,FlawlessFlatbreads,EarnestEspressos,3413206
2026-07-02T03:04:47.387185,2026-07-02T03:04:47.396802+00:00,96.8,100,bid,Chester Au,EarnestEspressos,3413216
2026-07-02T03:04:49.125304,2026-07-02T03:04:49.136675+00:00,97.0,50,ask,DiligentDonuts,FlawlessFlatbreads,3413261
2026-07-02T03:04:50.790053,2026-07-02T03:04:50.801418+00:00,97.4,5,bid,CostlyCorianders,Kelvin Chan,3413314
2026-07-02T03:04:50.790053,2026-07-02T03:04:50.801418+00:00,97.4,36,bid,CostlyCorianders,EarnestEspressos,3413315
2026-07-02T03:04:51.231418,2026-07-02T03:04:51.238330+00:00,96.9,50,ask,EarnestEspressos,FlawlessFlatbreads,3413321
2026-07-02T03:04:51.946604,2026-07-02T03:04:51.958584+00:00,96.9,48,ask,EarnestEspressos,CostlyCorianders,3413336
2026-07-02T03:04:53.339842,2026-07-02T03:04:53.348772+00:00,96.7,50,ask,DiligentDonuts,FlawlessFlatbreads,3413366
2026-07-02T03:04:54.448604,2026-07-02T03:04:54.454729+00:00,97.0,2,ask,Kelvin Chan,DiligentDonuts,3413402
2026-07-02T03:04:55.219068,2026-07-02T03:04:55.230120+00:00,97.0,43,bid,CostlyCorianders,DiligentDonuts,3413413
2026-07-02T03:04:55.447565,2026-07-02T03:04:55.458601+00:00,96.7,50,ask,EarnestEspressos,FlawlessFlatbreads,3413419
2026-07-02T03:04:57.552336,2026-07-02T03:04:57.564054+00:00,96.5,50,ask,EarnestEspressos,FlawlessFlatbreads,3413473
2026-07-02T03:04:59.487092,2026-07-02T03:04:59.505269+00:00,96.6,100,ask,DiligentDonuts,EarnestEspressos,3413514
2026-07-02T03:04:59.497046,2026-07-02T03:04:59.505269+00:00,96.6,3,bid,Xuanyu Liu,EarnestEspressos,3413515
2026-07-02T03:04:59.499462,2026-07-02T03:04:59.505269+00:00,96.6,47,bid,Chester Au,EarnestEspressos,3413516
2026-07-02T03:04:59.658862,2026-07-02T03:04:59.670327+00:00,96.1,50,ask,EarnestEspressos,FlawlessFlatbreads,3413521
2026-07-02T03:05:00.313923,2026-07-02T03:05:00.325617+00:00,97.1,49,bid,CostlyCorianders,DiligentDonuts,3413536
2026-07-02T03:05:01.766196,2026-07-02T03:05:01.774092+00:00,96.4,50,ask,DiligentDonuts,FlawlessFlatbreads,3413566
2026-07-02T03:05:01.796899,2026-07-02T03:05:01.808316+00:00,96.9,53,bid,Chester Au,DiligentDonuts,3413570
2026-07-02T03:05:02.596295,2026-07-02T03:05:02.607756+00:00,96.9,47,bid,EarnestEspressos,DiligentDonuts,3413596
2026-07-02T03:05:03.107117,2026-07-02T03:05:03.114617+00:00,96.9,3,ask,EarnestEspressos,Xuanyu Liu,3413605
2026-07-02T03:05:03.873351,2026-07-02T03:05:03.880155+00:00,96.9,50,ask,EarnestEspressos,FlawlessFlatbreads,3413621
2026-07-02T03:05:05.898721,2026-07-02T03:05:05.910136+00:00,96.8,4,ask,Kelvin Chan,CostlyCorianders,3413654
2026-07-02T03:05:05.898721,2026-07-02T03:05:05.910136+00:00,96.7,38,ask,DiligentDonuts,CostlyCorianders,3413655
2026-07-02T03:05:05.979036,2026-07-02T03:05:05.990564+00:00,96.7,50,ask,DiligentDonuts,FlawlessFlatbreads,3413657
2026-07-02T03:05:08.086191,2026-07-02T03:05:08.093089+00:00,96.5,50,ask,EarnestEspressos,FlawlessFlatbreads,3413700
2026-07-02T03:05:08.982284,2026-07-02T03:05:08.990887+00:00,96.8,3,bid,Xuanyu Liu,EarnestEspressos,3413712
2026-07-02T03:05:09.325186,2026-07-02T03:05:09.336410+00:00,96.8,48,bid,CostlyCorianders,EarnestEspressos,3413716
2026-07-02T03:05:10.191682,2026-07-02T03:05:10.200054+00:00,96.3,50,ask,EarnestEspressos,FlawlessFlatbreads,3413738
2026-07-02T03:05:10.954495,2026-07-02T03:05:10.964831+00:00,96.8,11,bid,Xuanyu Liu,EarnestEspressos,3413744
2026-07-02T03:05:11.241617,2026-07-02T03:05:11.253036+00:00,96.5,47,ask,DiligentDonuts,CostlyCorianders,3413748
2026-07-02T03:05:12.297756,2026-07-02T03:05:12.309040+00:00,96.7,1,ask,Kelvin Chan,FlawlessFlatbreads,3413783
2026-07-02T03:05:12.297756,2026-07-02T03:05:12.309040+00:00,96.5,49,ask,DiligentDonuts,FlawlessFlatbreads,3413784
2026-07-02T03:05:12.362736,2026-07-02T03:05:12.370741+00:00,96.9,46,bid,CostlyCorianders,EarnestEspressos,3413786
2026-07-02T03:05:12.971720,2026-07-02T03:05:12.979396+00:00,96.6,1,ask,Kelvin Chan,CostlyCorianders,3413794
2026-07-02T03:05:12.971720,2026-07-02T03:05:12.984607+00:00,96.5,4,ask,DiligentDonuts,CostlyCorianders,3413795
2026-07-02T03:05:12.971720,2026-07-02T03:05:12.984607+00:00,96.4,42,ask,EarnestEspressos,CostlyCorianders,3413796
2026-07-02T03:05:13.583986,2026-07-02T03:05:13.592338+00:00,96.8,12,bid,Xuanyu Liu,DiligentDonuts,3413808
2026-07-02T03:05:13.624343,2026-07-02T03:05:13.635692+00:00,96.8,49,bid,CostlyCorianders,DiligentDonuts,3413810
2026-07-02T03:05:14.354105,2026-07-02T03:05:14.365594+00:00,96.8,39,bid,FlawlessFlatbreads,DiligentDonuts,3413819
2026-07-02T03:05:14.354105,2026-07-02T03:05:14.365594+00:00,96.9,11,bid,FlawlessFlatbreads,EarnestEspressos,3413820
2026-07-02T03:05:14.719261,2026-07-02T03:05:14.730622+00:00,96.6,1,ask,Kelvin Chan,CostlyCorianders,3413826
2026-07-02T03:05:15.290058,2026-07-02T03:05:15.299162+00:00,97.0,4,bid,CostlyCorianders,Kelvin Chan,3413832
2026-07-02T03:05:15.918234,2026-07-02T03:05:15.929887+00:00,96.6,1,ask,Kelvin Chan,CostlyCorianders,3413842
2026-07-02T03:05:15.918234,2026-07-02T03:05:15.929887+00:00,96.6,39,ask,EarnestEspressos,CostlyCorianders,3413843
2026-07-02T03:05:16.463002,2026-07-02T03:05:16.474364+00:00,96.9,3,bid,FlawlessFlatbreads,Kelvin Chan,3413853
2026-07-02T03:05:16.463002,2026-07-02T03:05:16.474364+00:00,97.1,47,bid,FlawlessFlatbreads,EarnestEspressos,3413854
2026-07-02T03:05:16.886388,2026-07-02T03:05:16.896547+00:00,96.9,3,bid,CostlyCorianders,Kelvin Chan,3413857
2026-07-02T03:05:16.886388,2026-07-02T03:05:16.896547+00:00,97.1,45,bid,CostlyCorianders,EarnestEspressos,3413858
2026-07-02T03:05:18.570021,2026-07-02T03:05:18.581379+00:00,97.0,2,bid,FlawlessFlatbreads,Kelvin Chan,3413883
2026-07-02T03:05:18.570021,2026-07-02T03:05:18.581379+00:00,97.2,48,bid,FlawlessFlatbreads,DiligentDonuts,3413884
2026-07-02T03:05:18.871887,2026-07-02T03:05:18.883701+00:00,97.2,46,bid,CostlyCorianders,DiligentDonuts,3413889
2026-07-02T03:05:19.478784,2026-07-02T03:05:19.486556+00:00,96.9,40,ask,EarnestEspressos,CostlyCorianders,3413897
2026-07-02T03:05:19.691772,2026-07-02T03:05:19.699030+00:00,97.0,2,bid,DiligentDonuts,Kelvin Chan,3413900
2026-07-02T03:05:19.705287,2026-07-02T03:05:19.714828+00:00,97.1,4,ask,DiligentDonuts,Xuanyu Liu,3413901
2026-07-02T03:05:20.666542,2026-07-02T03:05:20.675352+00:00,97.1,8,ask,DiligentDonuts,Xuanyu Liu,3413928
2026-07-02T03:05:20.680111,2026-07-02T03:05:20.690913+00:00,97.4,50,bid,FlawlessFlatbreads,EarnestEspressos,3413930
2026-07-02T03:05:22.787332,2026-07-02T03:05:22.798198+00:00,97.5,50,bid,FlawlessFlatbreads,EarnestEspressos,3413967
2026-07-02T03:05:23.662625,2026-07-02T03:05:23.673883+00:00,97.1,11,ask,DiligentDonuts,Xuanyu Liu,3413979
2026-07-02T03:05:24.059756,2026-07-02T03:05:24.067986+00:00,97.1,3,ask,DiligentDonuts,Xuanyu Liu,3413985
2026-07-02T03:05:26.308575,2026-07-02T03:05:26.325156+00:00,97.0,46,ask,EarnestEspressos,CostlyCorianders,3414032
2026-07-02T03:05:26.784593,2026-07-02T03:05:26.795938+00:00,97.3,45,bid,CostlyCorianders,DiligentDonuts,3414041
2026-07-02T03:05:27.002687,2026-07-02T03:05:27.014228+00:00,97.3,50,bid,FlawlessFlatbreads,DiligentDonuts,3414042
2026-07-02T03:05:29.108413,2026-07-02T03:05:29.118317+00:00,97.2,50,bid,FlawlessFlatbreads,EarnestEspressos,3414092
2026-07-02T03:05:30.429838,2026-07-02T03:05:30.441449+00:00,97.0,49,ask,DiligentDonuts,CostlyCorianders,3414118
2026-07-02T03:05:31.214765,2026-07-02T03:05:31.226404+00:00,97.4,50,bid,FlawlessFlatbreads,EarnestEspressos,3414131
2026-07-02T03:05:33.331516,2026-07-02T03:05:33.342618+00:00,97.4,50,bid,FlawlessFlatbreads,EarnestEspressos,3414163
2026-07-02T03:05:34.224300,2026-07-02T03:05:34.234921+00:00,97.4,100,bid,EarnestEspressos,DiligentDonuts,3414180
2026-07-02T03:05:34.760462,2026-07-02T03:05:34.771910+00:00,97.4,42,ask,EarnestEspressos,CostlyCorianders,3414183
2026-07-02T03:05:35.438656,2026-07-02T03:05:35.450240+00:00,97.9,50,bid,FlawlessFlatbreads,EarnestEspressos,3414200
2026-07-02T03:05:35.884439,2026-07-02T03:05:35.894637+00:00,97.4,3,ask,EarnestEspressos,Xuanyu Liu,3414205
2026-07-02T03:05:37.546062,2026-07-02T03:05:37.551004+00:00,97.7,50,bid,FlawlessFlatbreads,EarnestEspressos,3414226
2026-07-02T03:05:39.655278,2026-07-02T03:05:39.667040+00:00,97.7,50,bid,FlawlessFlatbreads,EarnestEspressos,3414269
2026-07-02T03:05:41.764615,2026-07-02T03:05:41.776030+00:00,97.9,50,bid,FlawlessFlatbreads,DiligentDonuts,3414314
2026-07-02T03:05:43.764927,2026-07-02T03:05:43.776558+00:00,98.0,49,bid,CostlyCorianders,DiligentDonuts,3414360
2026-07-02T03:05:43.874357,2026-07-02T03:05:43.885890+00:00,98.0,50,bid,FlawlessFlatbreads,DiligentDonuts,3414364
2026-07-02T03:05:45.024137,2026-07-02T03:05:45.034595+00:00,97.8,100,ask,DiligentDonuts,Chester Au,3414387
2026-07-02T03:05:45.981810,2026-07-02T03:05:45.991364+00:00,98.0,50,bid,FlawlessFlatbreads,EarnestEspressos,3414402
2026-07-02T03:05:46.354301,2026-07-02T03:05:46.354436+00:00,97.5,100,ask,EarnestEspressos,Chester Au,3414415
2026-07-02T03:05:47.351410,2026-07-02T03:05:47.357494+00:00,97.7,42,bid,CostlyCorianders,EarnestEspressos,3414445
2026-07-02T03:05:48.047468,2026-07-02T03:05:48.053877+00:00,97.2,2,ask,Kelvin Chan,CostlyCorianders,3414449
2026-07-02T03:05:48.047468,2026-07-02T03:05:48.053877+00:00,97.2,39,ask,EarnestEspressos,CostlyCorianders,3414450
2026-07-02T03:05:48.106635,2026-07-02T03:05:48.122998+00:00,97.7,50,bid,FlawlessFlatbreads,EarnestEspressos,3414451
2026-07-02T03:05:48.177285,2026-07-02T03:05:48.187064+00:00,97.6,4,bid,DiligentDonuts,Kelvin Chan,3414455
2026-07-02T03:05:48.949090,2026-07-02T03:05:48.958610+00:00,97.6,4,ask,DiligentDonuts,Kelvin Chan,3414470
2026-07-02T03:05:50.287922,2026-07-02T03:05:50.297983+00:00,97.6,50,ask,DiligentDonuts,FlawlessFlatbreads,3414510
2026-07-02T03:05:50.946905,2026-07-02T03:05:50.958490+00:00,97.6,42,ask,DiligentDonuts,CostlyCorianders,3414521
2026-07-02T03:05:50.946905,2026-07-02T03:05:50.958490+00:00,97.6,2,ask,EarnestEspressos,CostlyCorianders,3414522
2026-07-02T03:05:51.530868,2026-07-02T03:05:51.537560+00:00,97.6,43,ask,EarnestEspressos,CostlyCorianders,3414534
2026-07-02T03:05:52.394454,2026-07-02T03:05:52.405884+00:00,97.6,50,ask,EarnestEspressos,FlawlessFlatbreads,3414562
2026-07-02T03:05:56.612350,2026-07-02T03:05:56.620922+00:00,97.3,50,ask,DiligentDonuts,FlawlessFlatbreads,3414635
2026-07-02T03:05:58.719406,2026-07-02T03:05:58.725748+00:00,97.3,50,ask,EarnestEspressos,FlawlessFlatbreads,3414669
2026-07-02T03:06:00.440148,2026-07-02T03:06:00.450686+00:00,97.5,47,bid,CostlyCorianders,DiligentDonuts,3414695
2026-07-02T03:06:00.787045,2026-07-02T03:06:00.795437+00:00,97.5,3,bid,Xuanyu Liu,EarnestEspressos,3414702
2026-07-02T03:06:00.828035,2026-07-02T03:06:00.837587+00:00,97.2,50,ask,DiligentDonuts,FlawlessFlatbreads,3414704
2026-07-02T03:06:00.954294,2026-07-02T03:06:00.965780+00:00,97.5,45,bid,CostlyCorianders,EarnestEspressos,3414705
2026-07-02T03:06:02.068594,2026-07-02T03:06:02.080187+00:00,97.5,40,bid,CostlyCorianders,EarnestEspressos,3414717
2026-07-02T03:06:02.934866,2026-07-02T03:06:02.945945+00:00,97.4,50,ask,EarnestEspressos,FlawlessFlatbreads,3414732
2026-07-02T03:06:06.721418,2026-07-02T03:06:06.733005+00:00,97.3,45,ask,EarnestEspressos,CostlyCorianders,3414808
2026-07-02T03:06:07.145006,2026-07-02T03:06:07.151339+00:00,97.3,50,ask,EarnestEspressos,FlawlessFlatbreads,3414811
2026-07-02T03:06:08.303054,2026-07-02T03:06:08.314336+00:00,97.3,44,ask,EarnestEspressos,CostlyCorianders,3414840
2026-07-02T03:06:09.112027,2026-07-02T03:06:09.133370+00:00,97.3,2,ask,Kelvin Chan,EarnestEspressos,3414853
2026-07-02T03:06:09.112027,2026-07-02T03:06:09.133370+00:00,97.2,100,ask,DiligentDonuts,EarnestEspressos,3414854
2026-07-02T03:06:09.123626,2026-07-02T03:06:09.133370+00:00,97.2,48,bid,Chester Au,EarnestEspressos,3414855
2026-07-02T03:06:09.251263,2026-07-02T03:06:09.258539+00:00,97.3,2,ask,Kelvin Chan,FlawlessFlatbreads,3414858
2026-07-02T03:06:11.361102,2026-07-02T03:06:11.369562+00:00,97.3,2,ask,Kelvin Chan,FlawlessFlatbreads,3414911
2026-07-02T03:06:11.361102,2026-07-02T03:06:11.375103+00:00,97.1,48,ask,DiligentDonuts,FlawlessFlatbreads,3414912
2026-07-02T03:06:13.470059,2026-07-02T03:06:13.481453+00:00,97.4,50,ask,EarnestEspressos,FlawlessFlatbreads,3414952
2026-07-02T03:06:13.539410,2026-07-02T03:06:13.550949+00:00,97.4,100,ask,EarnestEspressos,DiligentDonuts,3414953
2026-07-02T03:06:14.507149,2026-07-02T03:06:14.514390+00:00,97.9,47,bid,CostlyCorianders,EarnestEspressos,3414973
2026-07-02T03:06:15.724526,2026-07-02T03:06:15.732403+00:00,97.6,42,bid,CostlyCorianders,EarnestEspressos,3415006
2026-07-02T03:06:17.684649,2026-07-02T03:06:17.696067+00:00,97.3,50,ask,DiligentDonuts,FlawlessFlatbreads,3415044
2026-07-02T03:06:18.930289,2026-07-02T03:06:18.941724+00:00,97.5,3,bid,Chester Au,Kelvin Chan,3415065
2026-07-02T03:06:19.032322,2026-07-02T03:06:19.042838+00:00,97.5,3,bid,Chester Au,Kelvin Chan,3415069
2026-07-02T03:06:19.792205,2026-07-02T03:06:19.799266+00:00,97.2,3,ask,Kelvin Chan,FlawlessFlatbreads,3415093
2026-07-02T03:06:19.792205,2026-07-02T03:06:19.804428+00:00,97.1,47,ask,EarnestEspressos,FlawlessFlatbreads,3415094
2026-07-02T03:06:19.969678,2026-07-02T03:06:19.989020+00:00,97.1,42,ask,EarnestEspressos,CostlyCorianders,3415102
2026-07-02T03:06:20.459637,2026-07-02T03:06:20.469594+00:00,97.6,3,bid,Xuanyu Liu,EarnestEspressos,3415111
2026-07-02T03:06:20.462687,2026-07-02T03:06:20.469594+00:00,97.6,146,bid,Chester Au,EarnestEspressos,3415112
2026-07-02T03:06:21.655324,2026-07-02T03:06:21.664259+00:00,97.6,40,bid,CostlyCorianders,DiligentDonuts,3415152
2026-07-02T03:06:21.849091,2026-07-02T03:06:21.858468+00:00,97.6,50,bid,FlawlessFlatbreads,DiligentDonuts,3415160
2026-07-02T03:06:23.954586,2026-07-02T03:06:23.965936+00:00,97.9,50,bid,FlawlessFlatbreads,DiligentDonuts,3415202
2026-07-02T03:06:26.059351,2026-07-02T03:06:26.066266+00:00,97.8,50,bid,FlawlessFlatbreads,EarnestEspressos,3415238
2026-07-02T03:06:26.242295,2026-07-02T03:06:26.253686+00:00,97.5,47,ask,DiligentDonuts,CostlyCorianders,3415242
2026-07-02T03:06:30.268892,2026-07-02T03:06:30.275769+00:00,98.0,50,bid,FlawlessFlatbreads,EarnestEspressos,3415309
2026-07-02T03:06:31.204957,2026-07-02T03:06:31.216260+00:00,97.7,3,ask,EarnestEspressos,Xuanyu Liu,3415348
2026-07-02T03:06:31.240344,2026-07-02T03:06:31.252019+00:00,97.7,47,ask,EarnestEspressos,CostlyCorianders,3415351
2026-07-02T03:06:32.375040,2026-07-02T03:06:32.386432+00:00,98.0,50,bid,FlawlessFlatbreads,DiligentDonuts,3415374
2026-07-02T03:06:33.992427,2026-07-02T03:06:34.006504+00:00,98.2,41,bid,CostlyCorianders,EarnestEspressos,3415396
2026-07-02T03:06:34.482738,2026-07-02T03:06:34.489591+00:00,98.2,50,bid,FlawlessFlatbreads,DiligentDonuts,3415404
2026-07-02T03:06:35.670805,2026-07-02T03:06:35.679578+00:00,97.8,41,ask,EarnestEspressos,CostlyCorianders,3415437
2026-07-02T03:06:36.325185,2026-07-02T03:06:36.336514+00:00,98.3,41,bid,CostlyCorianders,EarnestEspressos,3415446
2026-07-02T03:06:36.642935,2026-07-02T03:06:36.658549+00:00,97.8,50,ask,EarnestEspressos,FlawlessFlatbreads,3415454
2026-07-02T03:06:38.412538,2026-07-02T03:06:38.424079+00:00,97.8,41,ask,DiligentDonuts,CostlyCorianders,3415477
2026-07-02T03:06:38.777263,2026-07-02T03:06:38.788114+00:00,97.7,50,ask,EarnestEspressos,FlawlessFlatbreads,3415486
2026-07-02T03:06:40.887281,2026-07-02T03:06:40.898903+00:00,97.7,50,ask,DiligentDonuts,FlawlessFlatbreads,3415532
2026-07-02T03:06:42.943877,2026-07-02T03:06:42.963808+00:00,97.9,50,bid,FlawlessFlatbreads,EarnestEspressos,3415568
2026-07-02T03:06:42.983886,2026-07-02T03:06:42.991267+00:00,97.9,44,bid,CostlyCorianders,EarnestEspressos,3415569
2026-07-02T03:06:45.048095,2026-07-02T03:06:45.054288+00:00,98.0,50,bid,FlawlessFlatbreads,DiligentDonuts,3415604
2026-07-02T03:06:47.154881,2026-07-02T03:06:47.166575+00:00,97.9,50,bid,FlawlessFlatbreads,DiligentDonuts,3415652
2026-07-02T03:06:49.266344,2026-07-02T03:06:49.277450+00:00,98.2,50,bid,FlawlessFlatbreads,EarnestEspressos,3415722
2026-07-02T03:06:49.844305,2026-07-02T03:06:49.858611+00:00,97.8,49,ask,DiligentDonuts,CostlyCorianders,3415749
2026-07-02T03:06:50.200084,2026-07-02T03:06:50.237137+00:00,97.9,3,ask,EarnestEspressos,Xuanyu Liu,3415752
2026-07-02T03:06:51.431700,2026-07-02T03:06:51.445225+00:00,97.9,50,ask,EarnestEspressos,FlawlessFlatbreads,3415780
2026-07-02T03:06:51.927091,2026-07-02T03:06:51.936748+00:00,98.1,48,bid,CostlyCorianders,DiligentDonuts,3415788
2026-07-02T03:06:53.249641,2026-07-02T03:06:53.252333+00:00,97.9,97,ask,EarnestEspressos,Chester Au,3415823
2026-07-02T03:06:53.487918,2026-07-02T03:06:53.499653+00:00,97.7,50,bid,FlawlessFlatbreads,EarnestEspressos,3415826
2026-07-02T03:06:53.609782,2026-07-02T03:06:53.615990+00:00,97.7,47,bid,CostlyCorianders,EarnestEspressos,3415827
2026-07-02T03:06:54.595410,2026-07-02T03:06:54.606679+00:00,97.7,53,bid,DiligentDonuts,EarnestEspressos,3415850
2026-07-02T03:06:54.725836,2026-07-02T03:06:54.734465+00:00,97.7,47,ask,DiligentDonuts,CostlyCorianders,3415853
2026-07-02T03:06:55.595073,2026-07-02T03:06:55.606440+00:00,98.2,50,bid,FlawlessFlatbreads,DiligentDonuts,3415875
2026-07-02T03:06:57.541591,2026-07-02T03:06:57.553713+00:00,97.9,103,ask,EarnestEspressos,Chester Au,3415933
2026-07-02T03:06:57.544182,2026-07-02T03:06:57.553713+00:00,97.9,11,ask,EarnestEspressos,Xuanyu Liu,3415934
2026-07-02T03:06:57.755826,2026-07-02T03:06:57.767598+00:00,97.9,36,ask,EarnestEspressos,FlawlessFlatbreads,3415937
2026-07-02T03:06:57.755826,2026-07-02T03:06:57.767598+00:00,97.6,1,ask,Kelvin Chan,FlawlessFlatbreads,3415938
2026-07-02T03:06:59.744248,2026-07-02T03:06:59.752278+00:00,97.7,11,bid,Xuanyu Liu,EarnestEspressos,3415968
2026-07-02T03:06:59.863565,2026-07-02T03:06:59.875058+00:00,97.5,50,ask,DiligentDonuts,FlawlessFlatbreads,3415971
2026-07-02T03:07:02.110622,2026-07-02T03:07:02.121411+00:00,97.7,5,bid,Kelvin Chan,EarnestEspressos,3416016
2026-07-02T03:07:02.899385,2026-07-02T03:07:02.911082+00:00,97.6,4,ask,Kelvin Chan,EarnestEspressos,3416030
2026-07-02T03:07:02.935652,2026-07-02T03:07:02.945505+00:00,97.5,3,bid,Xuanyu Liu,EarnestEspressos,3416032
2026-07-02T03:07:02.950934,2026-07-02T03:07:02.960858+00:00,97.5,4,bid,Kelvin Chan,EarnestEspressos,3416034
2026-07-02T03:07:03.304649,2026-07-02T03:07:03.316273+00:00,97.3,45,ask,DiligentDonuts,CostlyCorianders,3416049
2026-07-02T03:07:03.747500,2026-07-02T03:07:03.756009+00:00,97.5,3,bid,Xuanyu Liu,EarnestEspressos,3416063
2026-07-02T03:07:03.749992,2026-07-02T03:07:03.756009+00:00,97.5,136,bid,Chester Au,EarnestEspressos,3416064
2026-07-02T03:07:04.076650,2026-07-02T03:07:04.088125+00:00,97.0,50,ask,EarnestEspressos,FlawlessFlatbreads,3416069
2026-07-02T03:07:05.455641,2026-07-02T03:07:05.458601+00:00,97.9,48,bid,CostlyCorianders,DiligentDonuts,3416095
2026-07-02T03:07:06.001138,2026-07-02T03:07:06.010803+00:00,97.6,2,ask,Kelvin Chan,Xuanyu Liu,3416111
2026-07-02T03:07:06.032232,2026-07-02T03:07:06.041684+00:00,97.8,1,ask,EarnestEspressos,Xuanyu Liu,3416113
2026-07-02T03:07:06.133265,2026-07-02T03:07:06.144804+00:00,97.9,50,bid,FlawlessFlatbreads,DiligentDonuts,3416115
2026-07-02T03:07:06.553171,2026-07-02T03:07:06.568685+00:00,97.9,2,bid,CostlyCorianders,DiligentDonuts,3416118
2026-07-02T03:07:06.608931,2026-07-02T03:07:06.620186+00:00,97.8,48,ask,EarnestEspressos,CostlyCorianders,3416124
2026-07-02T03:07:07.653165,2026-07-02T03:07:07.658573+00:00,98.2,48,bid,CostlyCorianders,DiligentDonuts,3416142
2026-07-02T03:07:08.293818,2026-07-02T03:07:08.302309+00:00,97.8,50,ask,EarnestEspressos,FlawlessFlatbreads,3416160
2026-07-02T03:07:09.252676,2026-07-02T03:07:09.264347+00:00,97.7,41,ask,DiligentDonuts,CostlyCorianders,3416177
2026-07-02T03:07:10.350064,2026-07-02T03:07:10.358536+00:00,98.0,50,bid,FlawlessFlatbreads,EarnestEspressos,3416199
2026-07-02T03:07:11.237412,2026-07-02T03:07:11.249266+00:00,97.6,49,ask,DiligentDonuts,CostlyCorianders,3416210
2026-07-02T03:07:12.457874,2026-07-02T03:07:12.469192+00:00,98.0,50,bid,FlawlessFlatbreads,EarnestEspressos,3416229
2026-07-02T03:07:14.377204,2026-07-02T03:07:14.386709+00:00,98.0,41,bid,CostlyCorianders,EarnestEspressos,3416248
2026-07-02T03:07:14.614029,2026-07-02T03:07:14.625496+00:00,97.5,50,ask,EarnestEspressos,FlawlessFlatbreads,3416250
2026-07-02T03:07:15.375052,2026-07-02T03:07:15.383669+00:00,98.0,43,bid,CostlyCorianders,EarnestEspressos,3416255
2026-07-02T03:07:15.557740,2026-07-02T03:07:15.569866+00:00,97.9,136,ask,EarnestEspressos,Chester Au,3416258
2026-07-02T03:07:15.561843,2026-07-02T03:07:15.569866+00:00,97.9,14,ask,EarnestEspressos,Xuanyu Liu,3416259
2026-07-02T03:07:15.897339,2026-07-02T03:07:15.909061+00:00,97.5,41,ask,DiligentDonuts,CostlyCorianders,3416265
2026-07-02T03:07:16.868478,2026-07-02T03:07:16.875750+00:00,97.8,11,bid,Xuanyu Liu,DiligentDonuts,3416275
2026-07-02T03:07:18.178064,2026-07-02T03:07:18.186675+00:00,97.8,3,bid,Xuanyu Liu,DiligentDonuts,3416299
2026-07-02T03:07:18.655590,2026-07-02T03:07:18.651547+00:00,97.8,40,bid,CostlyCorianders,DiligentDonuts,3416302
2026-07-02T03:07:19.192734,2026-07-02T03:07:19.201334+00:00,97.6,3,ask,Kelvin Chan,CostlyCorianders,3416311
2026-07-02T03:07:19.192734,2026-07-02T03:07:19.201334+00:00,97.4,42,ask,EarnestEspressos,CostlyCorianders,3416312
2026-07-02T03:07:22.114108,2026-07-02T03:07:22.123606+00:00,97.6,150,bid,Chester Au,EarnestEspressos,3416365
2026-07-02T03:07:22.986394,2026-07-02T03:07:22.997839+00:00,97.9,50,bid,FlawlessFlatbreads,DiligentDonuts,3416388
2026-07-02T03:07:24.111746,2026-07-02T03:07:24.123032+00:00,97.8,46,ask,DiligentDonuts,CostlyCorianders,3416397
2026-07-02T03:07:27.197866,2026-07-02T03:07:27.202222+00:00,98.2,50,bid,FlawlessFlatbreads,DiligentDonuts,3416452
2026-07-02T03:07:27.802077,2026-07-02T03:07:27.812059+00:00,98.0,3,ask,EarnestEspressos,Xuanyu Liu,3416463
2026-07-02T03:07:27.957830,2026-07-02T03:07:27.969382+00:00,98.2,46,bid,CostlyCorianders,DiligentDonuts,3416467
2026-07-02T03:07:29.303701,2026-07-02T03:07:29.315550+00:00,98.2,4,bid,FlawlessFlatbreads,DiligentDonuts,3416499
2026-07-02T03:07:29.303701,2026-07-02T03:07:29.315550+00:00,98.3,46,bid,FlawlessFlatbreads,EarnestEspressos,3416500
2026-07-02T03:07:29.625751,2026-07-02T03:07:29.632225+00:00,98.0,47,ask,DiligentDonuts,CostlyCorianders,3416507
2026-07-02T03:07:29.975353,2026-07-02T03:07:29.984322+00:00,98.0,53,ask,DiligentDonuts,Chester Au,3416508
2026-07-02T03:07:31.428871,2026-07-02T03:07:31.442825+00:00,98.4,50,bid,FlawlessFlatbreads,EarnestEspressos,3416545
2026-07-02T03:07:33.535321,2026-07-02T03:07:33.543497+00:00,98.0,50,bid,FlawlessFlatbreads,DiligentDonuts,3416596
2026-07-02T03:07:33.924908,2026-07-02T03:07:33.930999+00:00,97.9,97,ask,EarnestEspressos,Chester Au,3416603
2026-07-02T03:07:33.927429,2026-07-02T03:07:33.930999+00:00,97.9,11,ask,EarnestEspressos,Xuanyu Liu,3416604
2026-07-02T03:07:34.212313,2026-07-02T03:07:34.218939+00:00,98.0,44,bid,CostlyCorianders,DiligentDonuts,3416609
2026-07-02T03:07:35.643260,2026-07-02T03:07:35.651213+00:00,98.0,6,bid,CostlyCorianders,DiligentDonuts,3416627
2026-07-02T03:07:35.643260,2026-07-02T03:07:35.651213+00:00,98.0,35,bid,CostlyCorianders,EarnestEspressos,3416628
2026-07-02T03:07:35.697645,2026-07-02T03:07:35.709207+00:00,97.8,3,ask,Kelvin Chan,CostlyCorianders,3416631
2026-07-02T03:07:36.161275,2026-07-02T03:07:36.173022+00:00,98.0,40,bid,CostlyCorianders,EarnestEspressos,3416644
2026-07-02T03:07:37.750651,2026-07-02T03:07:37.758543+00:00,98.1,3,bid,FlawlessFlatbreads,Kelvin Chan,3416670
2026-07-02T03:07:37.750651,2026-07-02T03:07:37.758543+00:00,98.3,47,bid,FlawlessFlatbreads,DiligentDonuts,3416671
2026-07-02T03:07:39.859097,2026-07-02T03:07:39.866855+00:00,98.1,3,bid,FlawlessFlatbreads,Kelvin Chan,3416700
2026-07-02T03:07:39.859097,2026-07-02T03:07:39.872140+00:00,98.3,47,bid,FlawlessFlatbreads,EarnestEspressos,3416701
2026-07-02T03:07:40.476639,2026-07-02T03:07:40.486509+00:00,98.0,12,ask,DiligentDonuts,Xuanyu Liu,3416708
2026-07-02T03:07:40.985626,2026-07-02T03:07:40.997067+00:00,98.0,46,ask,DiligentDonuts,CostlyCorianders,3416726
2026-07-02T03:07:42.017465,2026-07-02T03:07:42.028967+00:00,98.0,42,ask,DiligentDonuts,FlawlessFlatbreads,3416742
2026-07-02T03:07:42.017465,2026-07-02T03:07:42.028967+00:00,98.0,8,ask,EarnestEspressos,FlawlessFlatbreads,3416743
2026-07-02T03:07:42.050849,2026-07-02T03:07:42.057023+00:00,98.0,44,ask,EarnestEspressos,CostlyCorianders,3416744
2026-07-02T03:07:43.592017,2026-07-02T03:07:43.603593+00:00,98.1,42,bid,CostlyCorianders,DiligentDonuts,3416766
2026-07-02T03:07:44.142192,2026-07-02T03:07:44.150474+00:00,97.9,42,ask,EarnestEspressos,CostlyCorianders,3416773
2026-07-02T03:07:46.232151,2026-07-02T03:07:46.243193+00:00,97.9,50,ask,EarnestEspressos,FlawlessFlatbreads,3416800
2026-07-02T03:07:46.553598,2026-07-02T03:07:46.558543+00:00,98.2,1,bid,CostlyCorianders,Kelvin Chan,3416807
2026-07-02T03:07:46.553598,2026-07-02T03:07:46.558543+00:00,98.3,45,bid,CostlyCorianders,DiligentDonuts,3416808
2026-07-02T03:07:48.223666,2026-07-02T03:07:48.235500+00:00,98.1,41,bid,CostlyCorianders,EarnestEspressos,3416839
2026-07-02T03:07:48.370812,2026-07-02T03:07:48.380449+00:00,97.8,2,ask,Kelvin Chan,FlawlessFlatbreads,3416841
2026-07-02T03:07:48.370812,2026-07-02T03:07:48.385693+00:00,97.6,48,ask,EarnestEspressos,FlawlessFlatbreads,3416842
2026-07-02T03:07:50.480921,2026-07-02T03:07:50.488820+00:00,97.9,50,ask,DiligentDonuts,FlawlessFlatbreads,3416890
2026-07-02T03:07:51.372553,2026-07-02T03:07:51.379437+00:00,97.9,47,ask,DiligentDonuts,CostlyCorianders,3416899
2026-07-02T03:07:51.917337,2026-07-02T03:07:51.928667+00:00,97.9,6,ask,Kelvin Chan,CostlyCorianders,3416915
2026-07-02T03:07:51.917337,2026-07-02T03:07:51.928667+00:00,97.5,34,ask,EarnestEspressos,CostlyCorianders,3416916
2026-07-02T03:07:52.588147,2026-07-02T03:07:52.598649+00:00,97.5,50,ask,EarnestEspressos,FlawlessFlatbreads,3416931
2026-07-02T03:07:53.381563,2026-07-02T03:07:53.393110+00:00,97.8,6,ask,Kelvin Chan,CostlyCorianders,3416944
2026-07-02T03:07:53.537880,2026-07-02T03:07:53.558933+00:00,97.5,100,ask,DiligentDonuts,EarnestEspressos,3416946
2026-07-02T03:07:53.550930,2026-07-02T03:07:53.558933+00:00,97.3,26,bid,Xuanyu Liu,EarnestEspressos,3416947
2026-07-02T03:07:53.561921,2026-07-02T03:07:53.574532+00:00,97.3,24,bid,Chester Au,EarnestEspressos,3416949
2026-07-02T03:07:53.862445,2026-07-02T03:07:53.873920+00:00,98.0,41,bid,CostlyCorianders,DiligentDonuts,3416954
2026-07-02T03:07:54.259735,2026-07-02T03:07:54.269035+00:00,97.8,3,ask,Kelvin Chan,Xuanyu Liu,3416957
2026-07-02T03:07:54.694152,2026-07-02T03:07:54.705739+00:00,97.8,3,ask,Kelvin Chan,FlawlessFlatbreads,3416968
2026-07-02T03:07:54.694152,2026-07-02T03:07:54.705739+00:00,96.8,47,ask,EarnestEspressos,FlawlessFlatbreads,3416969
2026-07-02T03:07:55.688184,2026-07-02T03:07:55.697751+00:00,97.7,5,ask,Kelvin Chan,Chester Au,3416989
2026-07-02T03:07:56.809477,2026-07-02T03:07:56.827100+00:00,97.4,50,ask,EarnestEspressos,FlawlessFlatbreads,3417015
2026-07-02T03:07:57.329763,2026-07-02T03:07:57.336449+00:00,97.7,3,ask,Kelvin Chan,CostlyCorianders,3417029
2026-07-02T03:07:57.329763,2026-07-02T03:07:57.336449+00:00,97.4,42,ask,EarnestEspressos,CostlyCorianders,3417030
2026-07-02T03:07:58.865178,2026-07-02T03:07:58.876704+00:00,97.8,50,bid,FlawlessFlatbreads,DiligentDonuts,3417059
2026-07-02T03:07:59.888848,2026-07-02T03:07:59.899052+00:00,97.6,3,bid,Xuanyu Liu,EarnestEspressos,3417092
2026-07-02T03:08:03.137754,2026-07-02T03:08:03.149488+00:00,97.5,50,ask,DiligentDonuts,FlawlessFlatbreads,3417158
2026-07-02T03:08:05.920784,2026-07-02T03:08:05.932055+00:00,97.6,46,bid,CostlyCorianders,EarnestEspressos,3417212
2026-07-02T03:08:07.976305,2026-07-02T03:08:07.984786+00:00,97.5,1,ask,Kelvin Chan,Xuanyu Liu,3417248
2026-07-02T03:08:07.976305,2026-07-02T03:08:07.984786+00:00,97.5,2,ask,DiligentDonuts,Xuanyu Liu,3417249
2026-07-02T03:08:08.983851,2026-07-02T03:08:08.995390+00:00,97.8,2,bid,CostlyCorianders,Kelvin Chan,3417284
2026-07-02T03:08:08.983851,2026-07-02T03:08:08.995390+00:00,97.9,47,bid,CostlyCorianders,EarnestEspressos,3417285
2026-07-02T03:08:09.398303,2026-07-02T03:08:09.409826+00:00,97.7,50,bid,FlawlessFlatbreads,EarnestEspressos,3417291
2026-07-02T03:08:09.524492,2026-07-02T03:08:09.539414+00:00,97.5,44,ask,DiligentDonuts,CostlyCorianders,3417295
2026-07-02T03:08:10.483127,2026-07-02T03:08:10.491274+00:00,97.7,48,bid,CostlyCorianders,EarnestEspressos,3417326
2026-07-02T03:08:10.597301,2026-07-02T03:08:10.605905+00:00,97.6,3,bid,Xuanyu Liu,DiligentDonuts,3417328
2026-07-02T03:08:11.559262,2026-07-02T03:08:11.570579+00:00,97.2,50,ask,EarnestEspressos,FlawlessFlatbreads,3417359
2026-07-02T03:08:11.657835,2026-07-02T03:08:11.668006+00:00,97.2,43,ask,EarnestEspressos,CostlyCorianders,3417360
2026-07-02T03:08:13.665910,2026-07-02T03:08:13.674406+00:00,97.2,50,ask,EarnestEspressos,FlawlessFlatbreads,3417403
2026-07-02T03:08:13.782619,2026-07-02T03:08:13.789925+00:00,97.4,41,bid,CostlyCorianders,DiligentDonuts,3417409
2026-07-02T03:08:14.977894,2026-07-02T03:08:14.985284+00:00,97.2,41,ask,EarnestEspressos,CostlyCorianders,3417435
2026-07-02T03:08:15.723412,2026-07-02T03:08:15.734767+00:00,97.4,50,bid,FlawlessFlatbreads,DiligentDonuts,3417454
2026-07-02T03:08:16.859576,2026-07-02T03:08:16.871305+00:00,97.4,100,bid,DiligentDonuts,EarnestEspressos,3417471
2026-07-02T03:08:17.881763,2026-07-02T03:08:17.893470+00:00,96.9,50,ask,EarnestEspressos,FlawlessFlatbreads,3417491
2026-07-02T03:08:20.685485,2026-07-02T03:08:20.696940+00:00,97.0,43,ask,EarnestEspressos,CostlyCorianders,3417551
2026-07-02T03:08:21.710150,2026-07-02T03:08:21.721633+00:00,97.4,42,bid,CostlyCorianders,DiligentDonuts,3417575
2026-07-02T03:08:22.041672,2026-07-02T03:08:22.058745+00:00,97.4,50,bid,FlawlessFlatbreads,DiligentDonuts,3417584
2026-07-02T03:08:24.147604,2026-07-02T03:08:24.158903+00:00,97.4,50,bid,FlawlessFlatbreads,EarnestEspressos,3417632
2026-07-02T03:08:24.486345,2026-07-02T03:08:24.497668+00:00,97.4,43,bid,CostlyCorianders,EarnestEspressos,3417637
2026-07-02T03:08:25.950528,2026-07-02T03:08:25.958565+00:00,97.3,42,ask,EarnestEspressos,CostlyCorianders,3417669
2026-07-02T03:08:26.253494,2026-07-02T03:08:26.258542+00:00,97.5,4,bid,FlawlessFlatbreads,Kelvin Chan,3417673
2026-07-02T03:08:26.253494,2026-07-02T03:08:26.258542+00:00,97.7,46,bid,FlawlessFlatbreads,DiligentDonuts,3417674
2026-07-02T03:08:26.567131,2026-07-02T03:08:26.576578+00:00,97.4,47,ask,DiligentDonuts,CostlyCorianders,3417678
2026-07-02T03:08:28.359906,2026-07-02T03:08:28.369295+00:00,97.5,4,bid,FlawlessFlatbreads,Kelvin Chan,3417728
2026-07-02T03:08:28.359906,2026-07-02T03:08:28.369295+00:00,97.6,46,bid,FlawlessFlatbreads,EarnestEspressos,3417729
2026-07-02T03:08:30.468656,2026-07-02T03:08:30.479583+00:00,97.6,50,bid,FlawlessFlatbreads,EarnestEspressos,3417776
2026-07-02T03:08:31.459623,2026-07-02T03:08:31.468395+00:00,97.6,3,ask,EarnestEspressos,Xuanyu Liu,3417800
2026-07-02T03:08:32.859766,2026-07-02T03:08:32.869024+00:00,97.6,11,ask,EarnestEspressos,Xuanyu Liu,3417838
2026-07-02T03:08:32.867991,2026-07-02T03:08:32.879133+00:00,97.6,19,ask,EarnestEspressos,Chester Au,3417840
2026-07-02T03:08:34.731840,2026-07-02T03:08:34.743340+00:00,97.7,50,ask,EarnestEspressos,FlawlessFlatbreads,3417869
2026-07-02T03:08:34.850015,2026-07-02T03:08:34.856650+00:00,97.8,45,bid,CostlyCorianders,DiligentDonuts,3417877
2026-07-02T03:08:35.967604,2026-07-02T03:08:35.979271+00:00,98.0,47,bid,CostlyCorianders,DiligentDonuts,3417891
2026-07-02T03:08:36.839803,2026-07-02T03:08:36.851217+00:00,97.7,50,ask,EarnestEspressos,FlawlessFlatbreads,3417908
2026-07-02T03:08:38.945329,2026-07-02T03:08:38.955922+00:00,97.4,3,ask,Kelvin Chan,FlawlessFlatbreads,3417930
2026-07-02T03:08:38.945329,2026-07-02T03:08:38.955922+00:00,97.1,47,ask,EarnestEspressos,FlawlessFlatbreads,3417931
2026-07-02T03:08:38.999254,2026-07-02T03:08:39.010814+00:00,97.6,100,bid,DiligentDonuts,EarnestEspressos,3417932
2026-07-02T03:08:39.066442,2026-07-02T03:08:39.078023+00:00,97.1,46,ask,EarnestEspressos,CostlyCorianders,3417934
2026-07-02T03:08:39.394634,2026-07-02T03:08:39.402769+00:00,97.6,11,bid,Xuanyu Liu,EarnestEspressos,3417941
2026-07-02T03:08:40.150098,2026-07-02T03:08:40.158568+00:00,97.6,39,bid,CostlyCorianders,EarnestEspressos,3417947
2026-07-02T03:08:40.150098,2026-07-02T03:08:40.158568+00:00,97.7,3,bid,CostlyCorianders,Kelvin Chan,3417948
2026-07-02T03:08:40.770883,2026-07-02T03:08:40.782568+00:00,97.4,4,ask,Kelvin Chan,CostlyCorianders,3417962
2026-07-02T03:08:40.770883,2026-07-02T03:08:40.782568+00:00,97.1,42,ask,EarnestEspressos,CostlyCorianders,3417963
2026-07-02T03:08:41.053127,2026-07-02T03:08:41.058564+00:00,97.4,4,ask,Kelvin Chan,FlawlessFlatbreads,3417968
2026-07-02T03:08:41.053127,2026-07-02T03:08:41.068706+00:00,97.2,46,ask,EarnestEspressos,FlawlessFlatbreads,3417969
2026-07-02T03:08:42.716883,2026-07-02T03:08:42.728275+00:00,97.4,4,ask,Kelvin Chan,CostlyCorianders,3417997
2026-07-02T03:08:42.716883,2026-07-02T03:08:42.728275+00:00,97.3,40,ask,DiligentDonuts,CostlyCorianders,3417998
2026-07-02T03:08:44.790505,2026-07-02T03:08:44.801449+00:00,97.4,41,bid,CostlyCorianders,EarnestEspressos,3418043
2026-07-02T03:08:45.260147,2026-07-02T03:08:45.271121+00:00,97.4,3,bid,Xuanyu Liu,EarnestEspressos,3418049
2026-07-02T03:08:45.270312,2026-07-02T03:08:45.286415+00:00,97.3,50,ask,DiligentDonuts,FlawlessFlatbreads,3418051
2026-07-02T03:08:45.375146,2026-07-02T03:08:45.386842+00:00,97.4,47,bid,CostlyCorianders,EarnestEspressos,3418052
2026-07-02T03:08:46.023060,2026-07-02T03:08:46.030044+00:00,97.4,42,bid,CostlyCorianders,EarnestEspressos,3418061
2026-07-02T03:08:47.288893,2026-07-02T03:08:47.297050+00:00,97.5,3,ask,EarnestEspressos,Xuanyu Liu,3418088
2026-07-02T03:08:47.377804,2026-07-02T03:08:47.386498+00:00,97.5,50,ask,EarnestEspressos,FlawlessFlatbreads,3418092
2026-07-02T03:08:49.483789,2026-07-02T03:08:49.494943+00:00,97.5,50,ask,EarnestEspressos,FlawlessFlatbreads,3418133
2026-07-02T03:08:49.930282,2026-07-02T03:08:49.942078+00:00,97.5,44,ask,EarnestEspressos,CostlyCorianders,3418140
2026-07-02T03:08:50.495968,2026-07-02T03:08:50.503899+00:00,97.5,3,bid,Xuanyu Liu,EarnestEspressos,3418157
2026-07-02T03:08:50.875991,2026-07-02T03:08:50.885358+00:00,97.3,4,ask,Kelvin Chan,CostlyCorianders,3418172
2026-07-02T03:08:50.875991,2026-07-02T03:08:50.885358+00:00,97.2,39,ask,DiligentDonuts,CostlyCorianders,3418173
2026-07-02T03:08:51.329719,2026-07-02T03:08:51.339515+00:00,97.5,147,bid,Chester Au,EarnestEspressos,3418177
2026-07-02T03:08:51.538355,2026-07-02T03:08:51.548479+00:00,97.7,1,bid,FlawlessFlatbreads,Kelvin Chan,3418180
2026-07-02T03:08:51.538355,2026-07-02T03:08:51.548479+00:00,97.7,49,bid,FlawlessFlatbreads,DiligentDonuts,3418181
2026-07-02T03:08:53.588212,2026-07-02T03:08:53.599905+00:00,97.6,1,bid,EarnestEspressos,Kelvin Chan,3418231
2026-07-02T03:08:53.588212,2026-07-02T03:08:53.599905+00:00,97.8,100,bid,EarnestEspressos,DiligentDonuts,3418232
2026-07-02T03:08:53.719002,2026-07-02T03:08:53.730018+00:00,97.8,49,ask,EarnestEspressos,FlawlessFlatbreads,3418233
2026-07-02T03:08:53.719002,2026-07-02T03:08:53.730018+00:00,97.3,1,ask,Kelvin Chan,FlawlessFlatbreads,3418234
2026-07-02T03:08:54.810149,2026-07-02T03:08:54.818163+00:00,97.6,1,bid,DiligentDonuts,Kelvin Chan,3418252
2026-07-02T03:08:55.051697,2026-07-02T03:08:55.056399+00:00,98.1,45,bid,CostlyCorianders,DiligentDonuts,3418260
2026-07-02T03:08:57.880985,2026-07-02T03:08:57.888942+00:00,97.7,50,bid,FlawlessFlatbreads,EarnestEspressos,3418310
2026-07-02T03:08:57.972178,2026-07-02T03:08:57.982460+00:00,97.7,100,bid,DiligentDonuts,EarnestEspressos,3418315
2026-07-02T03:08:59.172980,2026-07-02T03:08:59.184369+00:00,97.3,2,ask,Kelvin Chan,CostlyCorianders,3418341
2026-07-02T03:08:59.172980,2026-07-02T03:08:59.184369+00:00,97.2,42,ask,EarnestEspressos,CostlyCorianders,3418342
2026-07-02T03:09:01.238941,2026-07-02T03:09:01.250415+00:00,97.7,43,ask,EarnestEspressos,CostlyCorianders,3418384
2026-07-02T03:09:02.184866,2026-07-02T03:09:02.196203+00:00,97.7,50,ask,EarnestEspressos,FlawlessFlatbreads,3418409
2026-07-02T03:09:02.291540,2026-07-02T03:09:02.303291+00:00,98.1,49,bid,CostlyCorianders,DiligentDonuts,3418414
2026-07-02T03:09:04.540238,2026-07-02T03:09:04.551789+00:00,97.7,49,ask,DiligentDonuts,CostlyCorianders,3418471
2026-07-02T03:09:06.348013,2026-07-02T03:09:06.356104+00:00,97.9,50,bid,FlawlessFlatbreads,EarnestEspressos,3418523
2026-07-02T03:09:06.483710,2026-07-02T03:09:06.491633+00:00,97.9,49,bid,CostlyCorianders,EarnestEspressos,3418525
2026-07-02T03:09:07.187933,2026-07-02T03:09:07.196801+00:00,97.9,48,bid,CostlyCorianders,EarnestEspressos,3418547
2026-07-02T03:09:08.237670,2026-07-02T03:09:08.246357+00:00,97.9,3,bid,Chester Au,EarnestEspressos,3418561
2026-07-02T03:09:08.471827,2026-07-02T03:09:08.483310+00:00,98.1,50,bid,FlawlessFlatbreads,DiligentDonuts,3418569
2026-07-02T03:09:09.400164,2026-07-02T03:09:09.411800+00:00,98.1,50,bid,EarnestEspressos,DiligentDonuts,3418586
2026-07-02T03:09:10.578893,2026-07-02T03:09:10.590267+00:00,98.7,50,bid,FlawlessFlatbreads,EarnestEspressos,3418610
2026-07-02T03:09:10.859766,2026-07-02T03:09:10.873934+00:00,98.2,14,ask,EarnestEspressos,Xuanyu Liu,3418622
2026-07-02T03:09:10.865330,2026-07-02T03:09:10.873934+00:00,98.2,86,ask,EarnestEspressos,Chester Au,3418623
2026-07-02T03:09:10.865330,2026-07-02T03:09:10.873934+00:00,98.2,64,ask,DiligentDonuts,Chester Au,3418624
2026-07-02T03:09:11.268088,2026-07-02T03:09:11.275841+00:00,98.2,36,ask,DiligentDonuts,CostlyCorianders,3418632
2026-07-02T03:09:13.223983,2026-07-02T03:09:13.235354+00:00,97.7,48,ask,EarnestEspressos,CostlyCorianders,3418666
2026-07-02T03:09:13.478034,2026-07-02T03:09:13.486473+00:00,98.2,11,bid,Xuanyu Liu,EarnestEspressos,3418669
2026-07-02T03:09:14.838935,2026-07-02T03:09:14.850385+00:00,97.9,50,ask,DiligentDonuts,FlawlessFlatbreads,3418712
2026-07-02T03:09:15.756242,2026-07-02T03:09:15.755330+00:00,98.4,44,bid,CostlyCorianders,DiligentDonuts,3418731
2026-07-02T03:09:16.111654,2026-07-02T03:09:16.123890+00:00,98.0,3,bid,Xuanyu Liu,EarnestEspressos,3418740
2026-07-02T03:09:19.048709,2026-07-02T03:09:19.058581+00:00,97.7,1,ask,Kelvin Chan,FlawlessFlatbreads,3418798
2026-07-02T03:09:19.048709,2026-07-02T03:09:19.058581+00:00,97.7,49,ask,DiligentDonuts,FlawlessFlatbreads,3418799
2026-07-02T03:09:20.831188,2026-07-02T03:09:20.842746+00:00,98.2,48,bid,CostlyCorianders,EarnestEspressos,3418843
2026-07-02T03:09:20.885938,2026-07-02T03:09:20.897241+00:00,97.7,44,ask,EarnestEspressos,CostlyCorianders,3418846
2026-07-02T03:09:22.324507,2026-07-02T03:09:22.335878+00:00,98.2,40,bid,CostlyCorianders,DiligentDonuts,3418876
2026-07-02T03:09:22.943830,2026-07-02T03:09:22.950071+00:00,97.9,44,ask,EarnestEspressos,CostlyCorianders,3418896
2026-07-02T03:09:23.206802,2026-07-02T03:09:23.218297+00:00,98.2,50,bid,FlawlessFlatbreads,DiligentDonuts,3418901
2026-07-02T03:09:24.416614,2026-07-02T03:09:24.428348+00:00,98.3,40,bid,CostlyCorianders,DiligentDonuts,3418921
2026-07-02T03:09:25.314621,2026-07-02T03:09:25.326142+00:00,97.9,50,bid,FlawlessFlatbreads,EarnestEspressos,3418946
2026-07-02T03:09:25.526424,2026-07-02T03:09:25.538157+00:00,97.8,42,ask,DiligentDonuts,CostlyCorianders,3418951
2026-07-02T03:09:26.459839,2026-07-02T03:09:26.468931+00:00,97.9,100,bid,DiligentDonuts,EarnestEspressos,3418970
2026-07-02T03:09:27.471506,2026-07-02T03:09:27.482957+00:00,97.4,50,ask,EarnestEspressos,FlawlessFlatbreads,3418987
2026-07-02T03:09:29.579655,2026-07-02T03:09:29.590903+00:00,98.0,50,ask,EarnestEspressos,FlawlessFlatbreads,3419039
2026-07-02T03:09:29.728080,2026-07-02T03:09:29.735114+00:00,98.0,43,ask,EarnestEspressos,CostlyCorianders,3419046
2026-07-02T03:09:30.362498,2026-07-02T03:09:30.374155+00:00,98.1,1,bid,CostlyCorianders,Kelvin Chan,3419060
2026-07-02T03:09:30.362498,2026-07-02T03:09:30.374155+00:00,98.3,40,bid,CostlyCorianders,DiligentDonuts,3419061
2026-07-02T03:09:31.687956,2026-07-02T03:09:31.694416+00:00,97.8,50,ask,DiligentDonuts,FlawlessFlatbreads,3419080
2026-07-02T03:09:37.243696,2026-07-02T03:09:37.250195+00:00,98.2,44,bid,CostlyCorianders,DiligentDonuts,3419180
2026-07-02T03:09:38.002867,2026-07-02T03:09:38.014264+00:00,97.8,3,ask,Kelvin Chan,FlawlessFlatbreads,3419205
2026-07-02T03:09:38.002867,2026-07-02T03:09:38.014264+00:00,97.7,47,ask,DiligentDonuts,FlawlessFlatbreads,3419206
2026-07-02T03:09:38.290908,2026-07-02T03:09:38.302372+00:00,98.2,49,bid,CostlyCorianders,DiligentDonuts,3419207
2026-07-02T03:09:40.971015,2026-07-02T03:09:40.979283+00:00,98.2,100,bid,Chester Au,DiligentDonuts,3419257
2026-07-02T03:09:41.073734,2026-07-02T03:09:41.080106+00:00,98.4,1,bid,Chester Au,EarnestEspressos,3419261
2026-07-02T03:09:42.220831,2026-07-02T03:09:42.223558+00:00,97.9,50,ask,EarnestEspressos,FlawlessFlatbreads,3419286
2026-07-02T03:09:44.228123,2026-07-02T03:09:44.236537+00:00,98.2,100,ask,DiligentDonuts,EarnestEspressos,3419321
2026-07-02T03:09:44.915267,2026-07-02T03:09:44.923811+00:00,98.1,3,bid,Xuanyu Liu,EarnestEspressos,3419334
2026-07-02T03:09:46.393604,2026-07-02T03:09:46.401682+00:00,98.1,47,bid,FlawlessFlatbreads,EarnestEspressos,3419352
2026-07-02T03:09:46.880262,2026-07-02T03:09:46.891679+00:00,97.9,47,ask,DiligentDonuts,CostlyCorianders,3419363
2026-07-02T03:09:47.354583,2026-07-02T03:09:47.362690+00:00,98.2,3,ask,EarnestEspressos,Xuanyu Liu,3419377
2026-07-02T03:09:48.503591,2026-07-02T03:09:48.510740+00:00,98.4,50,bid,FlawlessFlatbreads,DiligentDonuts,3419400
2026-07-02T03:09:48.841006,2026-07-02T03:09:48.849277+00:00,98.3,3,bid,Xuanyu Liu,DiligentDonuts,3419410
2026-07-02T03:09:49.461401,2026-07-02T03:09:49.468997+00:00,98.3,41,bid,CostlyCorianders,DiligentDonuts,3419421
2026-07-02T03:09:50.500957,2026-07-02T03:09:50.512476+00:00,98.3,56,bid,EarnestEspressos,DiligentDonuts,3419439
2026-07-02T03:09:50.559708,2026-07-02T03:09:50.569849+00:00,98.3,3,ask,EarnestEspressos,Xuanyu Liu,3419442
2026-07-02T03:09:51.211823,2026-07-02T03:09:51.223197+00:00,98.3,48,ask,EarnestEspressos,CostlyCorianders,3419466
2026-07-02T03:09:52.770199,2026-07-02T03:09:52.779824+00:00,98.3,43,ask,EarnestEspressos,FlawlessFlatbreads,3419495
2026-07-02T03:09:52.770199,2026-07-02T03:09:52.779824+00:00,98.2,7,ask,DiligentDonuts,FlawlessFlatbreads,3419496
2026-07-02T03:09:54.877817,2026-07-02T03:09:54.889163+00:00,97.9,50,ask,EarnestEspressos,FlawlessFlatbreads,3419540
2026-07-02T03:09:56.627375,2026-07-02T03:09:56.638584+00:00,98.2,46,ask,DiligentDonuts,CostlyCorianders,3419577
2026-07-02T03:09:56.875713,2026-07-02T03:09:56.884733+00:00,98.2,54,ask,DiligentDonuts,EarnestEspressos,3419581
2026-07-02T03:09:56.891368,2026-07-02T03:09:56.899661+00:00,97.9,14,bid,Xuanyu Liu,EarnestEspressos,3419582
2026-07-02T03:09:56.985672,2026-07-02T03:09:56.995272+00:00,97.4,50,ask,EarnestEspressos,FlawlessFlatbreads,3419586
2026-07-02T03:09:58.073457,2026-07-02T03:09:58.084015+00:00,97.9,82,bid,DiligentDonuts,EarnestEspressos,3419603
2026-07-02T03:09:59.095785,2026-07-02T03:09:59.106826+00:00,97.9,18,ask,DiligentDonuts,FlawlessFlatbreads,3419614
2026-07-02T03:09:59.095785,2026-07-02T03:09:59.106826+00:00,97.4,32,ask,EarnestEspressos,FlawlessFlatbreads,3419615
2026-07-02T03:10:01.151406,2026-07-02T03:10:01.164058+00:00,98.0,50,bid,FlawlessFlatbreads,EarnestEspressos,3419646
2026-07-02T03:10:05.370735,2026-07-02T03:10:05.382312+00:00,97.9,50,bid,FlawlessFlatbreads,DiligentDonuts,3419732
2026-07-02T03:10:06.868359,2026-07-02T03:10:06.879576+00:00,97.9,49,bid,CostlyCorianders,DiligentDonuts,3419755
2026-07-02T03:10:07.186890,2026-07-02T03:10:07.195749+00:00,97.9,1,bid,Xuanyu Liu,DiligentDonuts,3419767
2026-07-02T03:10:07.477281,2026-07-02T03:10:07.488698+00:00,98.1,5,bid,FlawlessFlatbreads,Kelvin Chan,3419771
2026-07-02T03:10:08.498544,2026-07-02T03:10:08.506508+00:00,98.0,1,ask,DiligentDonuts,Xuanyu Liu,3419784
2026-07-02T03:10:09.585405,2026-07-02T03:10:09.597045+00:00,98.1,3,bid,FlawlessFlatbreads,Kelvin Chan,3419802
2026-07-02T03:10:09.585405,2026-07-02T03:10:09.597045+00:00,98.3,47,bid,FlawlessFlatbreads,EarnestEspressos,3419803
2026-07-02T03:10:12.439285,2026-07-02T03:10:12.448940+00:00,98.3,49,bid,CostlyCorianders,EarnestEspressos,3419849
2026-07-02T03:10:12.631741,2026-07-02T03:10:12.643700+00:00,98.4,100,bid,EarnestEspressos,DiligentDonuts,3419852
2026-07-02T03:10:12.701344,2026-07-02T03:10:12.710026+00:00,98.4,3,ask,EarnestEspressos,Xuanyu Liu,3419853
2026-07-02T03:10:12.711221,2026-07-02T03:10:12.720077+00:00,98.4,8,ask,EarnestEspressos,Xuanyu Liu,3419855
2026-07-02T03:10:13.045967,2026-07-02T03:10:13.058620+00:00,98.4,3,ask,EarnestEspressos,Xuanyu Liu,3419861
2026-07-02T03:10:13.797272,2026-07-02T03:10:13.806880+00:00,98.9,50,bid,FlawlessFlatbreads,EarnestEspressos,3419878
2026-07-02T03:10:15.959746,2026-07-02T03:10:15.967841+00:00,98.3,50,ask,DiligentDonuts,FlawlessFlatbreads,3419917
2026-07-02T03:10:17.692200,2026-07-02T03:10:17.699284+00:00,98.2,44,ask,DiligentDonuts,CostlyCorianders,3419949
2026-07-02T03:10:18.065026,2026-07-02T03:10:18.076561+00:00,98.2,50,ask,DiligentDonuts,FlawlessFlatbreads,3419957
2026-07-02T03:10:20.457019,2026-07-02T03:10:20.468401+00:00,98.2,43,bid,CostlyCorianders,DiligentDonuts,3420003
2026-07-02T03:10:21.501000,2026-07-02T03:10:21.517566+00:00,98.1,41,ask,EarnestEspressos,CostlyCorianders,3420027
2026-07-02T03:10:21.969927,2026-07-02T03:10:21.981193+00:00,98.1,43,ask,EarnestEspressos,CostlyCorianders,3420031
2026-07-02T03:10:22.562794,2026-07-02T03:10:22.574380+00:00,98.2,45,bid,CostlyCorianders,DiligentDonuts,3420044
2026-07-02T03:10:23.606106,2026-07-02T03:10:23.617859+00:00,98.2,49,bid,CostlyCorianders,EarnestEspressos,3420064
2026-07-02T03:10:24.380434,2026-07-02T03:10:24.391968+00:00,98.0,2,ask,Kelvin Chan,FlawlessFlatbreads,3420075
2026-07-02T03:10:24.380434,2026-07-02T03:10:24.391968+00:00,98.0,48,ask,DiligentDonuts,FlawlessFlatbreads,3420076
2026-07-02T03:10:26.492787,2026-07-02T03:10:26.502544+00:00,98.0,50,ask,DiligentDonuts,FlawlessFlatbreads,3420109
2026-07-02T03:10:26.844806,2026-07-02T03:10:26.852973+00:00,98.1,14,bid,Xuanyu Liu,DiligentDonuts,3420114
2026-07-02T03:10:28.549401,2026-07-02T03:10:28.560751+00:00,98.1,50,bid,FlawlessFlatbreads,DiligentDonuts,3420142
2026-07-02T03:10:30.655329,2026-07-02T03:10:30.666720+00:00,98.3,1,bid,FlawlessFlatbreads,Kelvin Chan,3420180
2026-07-02T03:10:30.655329,2026-07-02T03:10:30.666720+00:00,98.4,49,bid,FlawlessFlatbreads,DiligentDonuts,3420181
2026-07-02T03:10:30.971648,2026-07-02T03:10:30.980246+00:00,98.0,41,ask,EarnestEspressos,CostlyCorianders,3420182
2026-07-02T03:10:32.762630,2026-07-02T03:10:32.772086+00:00,98.2,4,bid,FlawlessFlatbreads,Kelvin Chan,3420207
2026-07-02T03:10:32.762630,2026-07-02T03:10:32.772086+00:00,98.3,46,bid,FlawlessFlatbreads,EarnestEspressos,3420208
2026-07-02T03:10:34.757006,2026-07-02T03:10:34.764091+00:00,98.1,43,ask,DiligentDonuts,CostlyCorianders,3420262
2026-07-02T03:10:34.924296,2026-07-02T03:10:34.936088+00:00,98.1,50,ask,DiligentDonuts,FlawlessFlatbreads,3420266
2026-07-02T03:10:35.421592,2026-07-02T03:10:35.430428+00:00,98.2,4,bid,CostlyCorianders,Kelvin Chan,3420271
2026-07-02T03:10:35.421592,2026-07-02T03:10:35.430428+00:00,98.4,38,bid,CostlyCorianders,EarnestEspressos,3420272
2026-07-02T03:10:36.876736,2026-07-02T03:10:36.888379+00:00,97.9,45,ask,EarnestEspressos,CostlyCorianders,3420306
2026-07-02T03:10:39.135355,2026-07-02T03:10:39.147050+00:00,98.0,50,ask,EarnestEspressos,FlawlessFlatbreads,3420347
2026-07-02T03:10:39.358932,2026-07-02T03:10:39.370560+00:00,98.3,5,bid,CostlyCorianders,Kelvin Chan,3420355
2026-07-02T03:10:39.358932,2026-07-02T03:10:39.370560+00:00,98.3,42,bid,CostlyCorianders,DiligentDonuts,3420356
2026-07-02T03:10:39.983805,2026-07-02T03:10:39.995200+00:00,98.0,43,ask,EarnestEspressos,CostlyCorianders,3420377
2026-07-02T03:10:47.419195,2026-07-02T03:10:47.430656+00:00,98.0,1,ask,Kelvin Chan,CostlyCorianders,3420510
2026-07-02T03:10:47.419195,2026-07-02T03:10:47.430656+00:00,98.0,47,ask,DiligentDonuts,CostlyCorianders,3420511
2026-07-02T03:10:47.511420,2026-07-02T03:10:47.525942+00:00,98.1,50,bid,FlawlessFlatbreads,EarnestEspressos,3420512
2026-07-02T03:10:48.535007,2026-07-02T03:10:48.541892+00:00,98.1,46,bid,CostlyCorianders,EarnestEspressos,3420531
2026-07-02T03:10:49.583697,2026-07-02T03:10:49.592017+00:00,98.1,47,bid,CostlyCorianders,EarnestEspressos,3420559
2026-07-02T03:10:49.617992,2026-07-02T03:10:49.626468+00:00,98.1,7,bid,FlawlessFlatbreads,EarnestEspressos,3420560
2026-07-02T03:10:49.617992,2026-07-02T03:10:49.626468+00:00,98.3,1,bid,FlawlessFlatbreads,Kelvin Chan,3420561
2026-07-02T03:10:49.617992,2026-07-02T03:10:49.631700+00:00,98.3,42,bid,FlawlessFlatbreads,DiligentDonuts,3420562
2026-07-02T03:10:50.642063,2026-07-02T03:10:50.650476+00:00,98.1,49,ask,EarnestEspressos,CostlyCorianders,3420581
2026-07-02T03:10:51.667161,2026-07-02T03:10:51.678480+00:00,98.1,44,ask,EarnestEspressos,CostlyCorianders,3420607
2026-07-02T03:10:51.726266,2026-07-02T03:10:51.737881+00:00,98.3,50,bid,FlawlessFlatbreads,DiligentDonuts,3420608
2026-07-02T03:10:52.679332,2026-07-02T03:10:52.690708+00:00,98.2,5,ask,DiligentDonuts,Kelvin Chan,3420618
2026-07-02T03:10:53.838714,2026-07-02T03:10:53.850058+00:00,98.3,3,bid,FlawlessFlatbreads,Kelvin Chan,3420651
2026-07-02T03:10:53.838714,2026-07-02T03:10:53.850058+00:00,98.4,47,bid,FlawlessFlatbreads,EarnestEspressos,3420652
2026-07-02T03:10:54.428498,2026-07-02T03:10:54.437144+00:00,98.2,14,ask,DiligentDonuts,Xuanyu Liu,3420654
2026-07-02T03:10:55.821529,2026-07-02T03:10:55.828271+00:00,98.4,46,bid,CostlyCorianders,EarnestEspressos,3420683
2026-07-02T03:10:55.945466,2026-07-02T03:10:55.958596+00:00,98.4,50,bid,FlawlessFlatbreads,EarnestEspressos,3420687
2026-07-02T03:10:57.262984,2026-07-02T03:10:57.274218+00:00,98.2,42,ask,EarnestEspressos,CostlyCorianders,3420707
2026-07-02T03:10:58.062918,2026-07-02T03:10:58.071460+00:00,98.3,1,bid,FlawlessFlatbreads,Kelvin Chan,3420732
2026-07-02T03:10:58.062918,2026-07-02T03:10:58.071460+00:00,98.4,49,bid,FlawlessFlatbreads,DiligentDonuts,3420733
2026-07-02T03:11:00.175158,2026-07-02T03:11:00.181906+00:00,98.4,5,bid,FlawlessFlatbreads,Kelvin Chan,3420769
2026-07-02T03:11:00.175158,2026-07-02T03:11:00.187174+00:00,98.5,45,bid,FlawlessFlatbreads,EarnestEspressos,3420770
2026-07-02T03:11:01.135270,2026-07-02T03:11:01.145945+00:00,98.1,44,ask,DiligentDonuts,CostlyCorianders,3420801
2026-07-02T03:11:02.216918,2026-07-02T03:11:02.227966+00:00,98.4,4,bid,CostlyCorianders,Kelvin Chan,3420816
2026-07-02T03:11:02.216918,2026-07-02T03:11:02.227966+00:00,98.5,36,bid,CostlyCorianders,EarnestEspressos,3420817
2026-07-02T03:11:02.283315,2026-07-02T03:11:02.297565+00:00,98.4,4,bid,FlawlessFlatbreads,Kelvin Chan,3420818
2026-07-02T03:11:02.283315,2026-07-02T03:11:02.297565+00:00,98.5,46,bid,FlawlessFlatbreads,EarnestEspressos,3420819
2026-07-02T03:11:03.270619,2026-07-02T03:11:03.279031+00:00,98.4,2,bid,EarnestEspressos,Kelvin Chan,3420849
2026-07-02T03:11:03.306111,2026-07-02T03:11:03.320145+00:00,98.6,3,ask,EarnestEspressos,Xuanyu Liu,3420851
2026-07-02T03:11:03.729661,2026-07-02T03:11:03.741368+00:00,98.6,45,ask,EarnestEspressos,CostlyCorianders,3420858
2026-07-02T03:11:04.196965,2026-07-02T03:11:04.206854+00:00,98.6,2,ask,EarnestEspressos,Kelvin Chan,3420864
2026-07-02T03:11:04.264627,2026-07-02T03:11:04.272768+00:00,98.6,2,ask,EarnestEspressos,Kelvin Chan,3420867
2026-07-02T03:11:04.285903,2026-07-02T03:11:04.296045+00:00,98.6,2,ask,EarnestEspressos,Kelvin Chan,3420868
2026-07-02T03:11:04.380818,2026-07-02T03:11:04.389587+00:00,98.6,1,ask,EarnestEspressos,Kelvin Chan,3420873
2026-07-02T03:11:04.394070,2026-07-02T03:11:04.401442+00:00,98.7,50,bid,FlawlessFlatbreads,DiligentDonuts,3420874
2026-07-02T03:11:04.676628,2026-07-02T03:11:04.684191+00:00,98.6,2,ask,EarnestEspressos,Kelvin Chan,3420877
2026-07-02T03:11:06.551375,2026-07-02T03:11:06.562875+00:00,98.6,50,ask,EarnestEspressos,FlawlessFlatbreads,3420926
2026-07-02T03:11:08.235977,2026-07-02T03:11:08.243987+00:00,98.6,2,ask,EarnestEspressos,Kelvin Chan,3420960
2026-07-02T03:11:08.372862,2026-07-02T03:11:08.379614+00:00,98.6,2,ask,EarnestEspressos,Kelvin Chan,3420966
2026-07-02T03:11:08.448142,2026-07-02T03:11:08.455076+00:00,98.6,2,ask,EarnestEspressos,Kelvin Chan,3420970
2026-07-02T03:11:08.486223,2026-07-02T03:11:08.492565+00:00,98.6,2,ask,EarnestEspressos,Kelvin Chan,3420971
2026-07-02T03:11:08.653957,2026-07-02T03:11:08.665529+00:00,98.9,49,bid,CostlyCorianders,DiligentDonuts,3420972
2026-07-02T03:11:08.658734,2026-07-02T03:11:08.665529+00:00,98.6,50,ask,EarnestEspressos,FlawlessFlatbreads,3420973
2026-07-02T03:11:08.838292,2026-07-02T03:11:08.845980+00:00,98.6,1,ask,EarnestEspressos,Kelvin Chan,3420979
2026-07-02T03:11:08.861792,2026-07-02T03:11:08.871888+00:00,98.6,1,ask,EarnestEspressos,Kelvin Chan,3420980
2026-07-02T03:11:08.892674,2026-07-02T03:11:08.904346+00:00,98.6,1,ask,EarnestEspressos,Kelvin Chan,3420981
2026-07-02T03:11:09.262685,2026-07-02T03:11:09.269240+00:00,98.6,1,ask,EarnestEspressos,Kelvin Chan,3420985
2026-07-02T03:11:09.368057,2026-07-02T03:11:09.378457+00:00,98.6,1,ask,EarnestEspressos,Kelvin Chan,3420987
2026-07-02T03:11:09.424726,2026-07-02T03:11:09.433651+00:00,98.6,1,ask,EarnestEspressos,Kelvin Chan,3420991
2026-07-02T03:11:09.516934,2026-07-02T03:11:09.528572+00:00,98.6,1,ask,EarnestEspressos,Kelvin Chan,3420997
2026-07-02T03:11:10.833372,2026-07-02T03:11:10.844745+00:00,98.6,100,bid,DiligentDonuts,EarnestEspressos,3421018
2026-07-02T03:11:11.642623,2026-07-02T03:11:11.653980+00:00,98.3,4,ask,Kelvin Chan,CostlyCorianders,3421034
2026-07-02T03:11:11.642623,2026-07-02T03:11:11.653980+00:00,98.1,40,ask,EarnestEspressos,CostlyCorianders,3421035
2026-07-02T03:11:12.818087,2026-07-02T03:11:12.829218+00:00,98.6,1,bid,FlawlessFlatbreads,Kelvin Chan,3421055
2026-07-02T03:11:13.344288,2026-07-02T03:11:13.355962+00:00,98.2,48,ask,EarnestEspressos,CostlyCorianders,3421063
2026-07-02T03:11:14.312542,2026-07-02T03:11:14.323841+00:00,98.5,49,bid,CostlyCorianders,DiligentDonuts,3421075
2026-07-02T03:11:14.922838,2026-07-02T03:11:14.934494+00:00,98.5,50,bid,FlawlessFlatbreads,DiligentDonuts,3421086
2026-07-02T03:11:17.029905,2026-07-02T03:11:17.041217+00:00,98.4,50,bid,FlawlessFlatbreads,EarnestEspressos,3421111
2026-07-02T03:11:17.156113,2026-07-02T03:11:17.167680+00:00,98.4,100,bid,DiligentDonuts,EarnestEspressos,3421115
2026-07-02T03:11:19.135347,2026-07-02T03:11:19.143689+00:00,98.9,50,bid,FlawlessFlatbreads,DiligentDonuts,3421141
2026-07-02T03:11:19.625715,2026-07-02T03:11:19.641748+00:00,98.5,101,ask,EarnestEspressos,Chester Au,3421146
2026-07-02T03:11:19.633126,2026-07-02T03:11:19.641748+00:00,98.5,11,ask,EarnestEspressos,Xuanyu Liu,3421147
2026-07-02T03:11:21.241024,2026-07-02T03:11:21.252497+00:00,98.6,50,bid,FlawlessFlatbreads,DiligentDonuts,3421169
2026-07-02T03:11:21.452982,2026-07-02T03:11:21.458572+00:00,98.5,38,ask,EarnestEspressos,CostlyCorianders,3421174
2026-07-02T03:11:22.331987,2026-07-02T03:11:22.341952+00:00,98.2,11,bid,Xuanyu Liu,EarnestEspressos,3421195
2026-07-02T03:11:23.349329,2026-07-02T03:11:23.357394+00:00,98.2,50,bid,FlawlessFlatbreads,EarnestEspressos,3421211
2026-07-02T03:11:23.479700,2026-07-02T03:11:23.491112+00:00,98.2,89,bid,DiligentDonuts,EarnestEspressos,3421212
2026-07-02T03:11:25.087087,2026-07-02T03:11:25.096067+00:00,98.4,1,ask,Kelvin Chan,Xuanyu Liu,3421244
2026-07-02T03:11:25.455138,2026-07-02T03:11:25.466444+00:00,98.7,50,bid,FlawlessFlatbreads,DiligentDonuts,3421259
2026-07-02T03:11:25.687010,2026-07-02T03:11:25.696511+00:00,98.3,10,ask,EarnestEspressos,Xuanyu Liu,3421264
2026-07-02T03:11:25.784835,2026-07-02T03:11:25.796286+00:00,98.7,40,bid,CostlyCorianders,DiligentDonuts,3421266
2026-07-02T03:11:25.839655,2026-07-02T03:11:25.851126+00:00,98.3,43,ask,EarnestEspressos,CostlyCorianders,3421267
2026-07-02T03:11:25.911246,2026-07-02T03:11:25.920581+00:00,98.3,23,ask,EarnestEspressos,Xuanyu Liu,3421268
2026-07-02T03:11:26.300052,2026-07-02T03:11:26.311593+00:00,98.3,42,ask,EarnestEspressos,CostlyCorianders,3421273
2026-07-02T03:11:26.695428,2026-07-02T03:11:26.711115+00:00,98.3,32,ask,EarnestEspressos,DiligentDonuts,3421284
2026-07-02T03:11:27.564630,2026-07-02T03:11:27.575927+00:00,98.3,50,bid,FlawlessFlatbreads,DiligentDonuts,3421304
2026-07-02T03:11:28.525074,2026-07-02T03:11:28.532363+00:00,98.3,11,bid,Xuanyu Liu,DiligentDonuts,3421323
2026-07-02T03:11:28.649117,2026-07-02T03:11:28.663807+00:00,98.2,12,bid,Xuanyu Liu,EarnestEspressos,3421328
2026-07-02T03:11:29.702215,2026-07-02T03:11:29.713825+00:00,98.2,50,bid,FlawlessFlatbreads,EarnestEspressos,3421347
2026-07-02T03:11:29.806310,2026-07-02T03:11:29.817912+00:00,98.2,88,bid,DiligentDonuts,EarnestEspressos,3421351
2026-07-02T03:11:31.810896,2026-07-02T03:11:31.822302+00:00,98.6,6,bid,FlawlessFlatbreads,Kelvin Chan,3421392
2026-07-02T03:11:31.810896,2026-07-02T03:11:31.822302+00:00,98.7,44,bid,CostlyCorianders,EarnestEspressos,3421393
2026-07-02T03:11:31.875143,2026-07-02T03:11:31.886208+00:00,98.7,44,bid,FlawlessFlatbreads,EarnestEspressos,3421395
2026-07-02T03:11:33.921942,2026-07-02T03:11:33.933015+00:00,98.6,50,bid,FlawlessFlatbreads,DiligentDonuts,3421420
2026-07-02T03:11:34.903752,2026-07-02T03:11:34.915586+00:00,98.6,50,bid,EarnestEspressos,DiligentDonuts,3421442
2026-07-02T03:11:34.971993,2026-07-02T03:11:34.984116+00:00,98.8,23,ask,EarnestEspressos,Xuanyu Liu,3421443
2026-07-02T03:11:35.086835,2026-07-02T03:11:35.095018+00:00,98.8,34,ask,EarnestEspressos,Xuanyu Liu,3421447
2026-07-02T03:11:36.029165,2026-07-02T03:11:36.040938+00:00,99.3,50,bid,FlawlessFlatbreads,EarnestEspressos,3421475
2026-07-02T03:11:37.415633,2026-07-02T03:11:37.426976+00:00,98.9,44,bid,CostlyCorianders,DiligentDonuts,3421497
2026-07-02T03:11:38.134758,2026-07-02T03:11:38.145114+00:00,98.9,50,bid,FlawlessFlatbreads,DiligentDonuts,3421511
2026-07-02T03:11:42.207161,2026-07-02T03:11:42.218723+00:00,98.7,47,ask,DiligentDonuts,CostlyCorianders,3421583
2026-07-02T03:11:42.398537,2026-07-02T03:11:42.410116+00:00,98.7,50,ask,DiligentDonuts,FlawlessFlatbreads,3421589
2026-07-02T03:11:43.712757,2026-07-02T03:11:43.721643+00:00,98.5,48,ask,EarnestEspressos,CostlyCorianders,3421613
2026-07-02T03:11:44.506151,2026-07-02T03:11:44.515180+00:00,98.5,50,ask,DiligentDonuts,FlawlessFlatbreads,3421630
2026-07-02T03:11:46.612496,2026-07-02T03:11:46.624068+00:00,98.3,50,ask,EarnestEspressos,FlawlessFlatbreads,3421675
2026-07-02T03:11:47.618972,2026-07-02T03:11:47.628899+00:00,98.5,22,bid,Xuanyu Liu,EarnestEspressos,3421697
2026-07-02T03:11:47.908801,2026-07-02T03:11:47.920454+00:00,98.5,40,bid,CostlyCorianders,EarnestEspressos,3421703
2026-07-02T03:11:48.729959,2026-07-02T03:11:48.738425+00:00,98.2,50,ask,DiligentDonuts,FlawlessFlatbreads,3421726
2026-07-02T03:11:49.533237,2026-07-02T03:11:49.542367+00:00,98.5,23,bid,Xuanyu Liu,EarnestEspressos,3421751
2026-07-02T03:11:50.837908,2026-07-02T03:11:50.844448+00:00,98.3,50,ask,EarnestEspressos,FlawlessFlatbreads,3421775
2026-07-02T03:11:50.912371,2026-07-02T03:11:50.921969+00:00,98.6,48,bid,CostlyCorianders,DiligentDonuts,3421777
2026-07-02T03:11:51.442801,2026-07-02T03:11:51.452145+00:00,98.6,41,bid,CostlyCorianders,DiligentDonuts,3421794
2026-07-02T03:11:52.958167,2026-07-02T03:11:52.968851+00:00,98.3,50,ask,EarnestEspressos,FlawlessFlatbreads,3421823
2026-07-02T03:11:53.095727,2026-07-02T03:11:53.107214+00:00,98.3,47,ask,EarnestEspressos,CostlyCorianders,3421824
2026-07-02T03:11:53.624960,2026-07-02T03:11:53.636259+00:00,98.3,3,ask,EarnestEspressos,CostlyCorianders,3421831
2026-07-02T03:11:53.624960,2026-07-02T03:11:53.636259+00:00,98.3,44,ask,DiligentDonuts,CostlyCorianders,3421832
2026-07-02T03:11:53.937812,2026-07-02T03:11:53.947295+00:00,98.4,12,bid,Xuanyu Liu,EarnestEspressos,3421834
2026-07-02T03:11:54.369816,2026-07-02T03:11:54.380379+00:00,98.4,2,bid,Kelvin Chan,EarnestEspressos,3421849
2026-07-02T03:11:55.064461,2026-07-02T03:11:55.075804+00:00,98.3,50,ask,DiligentDonuts,FlawlessFlatbreads,3421857
2026-07-02T03:11:57.169736,2026-07-02T03:11:57.181236+00:00,98.3,50,ask,DiligentDonuts,FlawlessFlatbreads,3421889
2026-07-02T03:11:58.881438,2026-07-02T03:11:58.893007+00:00,98.5,49,bid,CostlyCorianders,EarnestEspressos,3421930
2026-07-02T03:11:59.275753,2026-07-02T03:11:59.287152+00:00,98.2,50,ask,DiligentDonuts,FlawlessFlatbreads,3421934
2026-07-02T03:12:01.381899,2026-07-02T03:12:01.393473+00:00,98.2,50,ask,DiligentDonuts,FlawlessFlatbreads,3421973
2026-07-02T03:12:01.559874,2026-07-02T03:12:01.569393+00:00,98.4,11,bid,Xuanyu Liu,DiligentDonuts,3421978
2026-07-02T03:12:03.490268,2026-07-02T03:12:03.501982+00:00,98.3,2,ask,Kelvin Chan,FlawlessFlatbreads,3422007
2026-07-02T03:12:03.490268,2026-07-02T03:12:03.501982+00:00,98.1,48,ask,EarnestEspressos,FlawlessFlatbreads,3422008
2026-07-02T03:12:06.577751,2026-07-02T03:12:06.586814+00:00,98.4,3,bid,Xuanyu Liu,DiligentDonuts,3422064
2026-07-02T03:12:07.401932,2026-07-02T03:12:07.411209+00:00,98.4,43,bid,CostlyCorianders,DiligentDonuts,3422080
2026-07-02T03:12:11.140683,2026-07-02T03:12:11.148647+00:00,98.2,1,ask,Kelvin Chan,CostlyCorianders,3422154
2026-07-02T03:12:11.140683,2026-07-02T03:12:11.153908+00:00,98.0,40,ask,EarnestEspressos,CostlyCorianders,3422155
2026-07-02T03:12:11.908250,2026-07-02T03:12:11.915725+00:00,98.2,3,ask,Kelvin Chan,FlawlessFlatbreads,3422173
2026-07-02T03:12:11.908250,2026-07-02T03:12:11.915725+00:00,98.0,47,ask,EarnestEspressos,FlawlessFlatbreads,3422174
2026-07-02T03:12:12.728298,2026-07-02T03:12:12.736328+00:00,98.5,3,bid,CostlyCorianders,Kelvin Chan,3422196
