timestamp,recv_time,price,volume,aggressor_side,buyer,seller,trade_id
2026-07-01T20:00:00.267290,2026-07-01T20:00:00.278469+00:00,86.5,50,bid,FlawlessFlatbreads,EarnestEspressos,2884927
2026-07-01T20:00:02.277592,2026-07-01T20:00:02.285056+00:00,86.0,48,bid,CostlyCorianders,DiligentDonuts,2884978
2026-07-01T20:00:02.374867,2026-07-01T20:00:02.386599+00:00,86.0,50,bid,FlawlessFlatbreads,DiligentDonuts,2884979
2026-07-01T20:00:02.837331,2026-07-01T20:00:02.848686+00:00,86.0,2,bid,CostlyCorianders,DiligentDonuts,2884983
2026-07-01T20:00:02.837331,2026-07-01T20:00:02.848686+00:00,86.1,47,bid,CostlyCorianders,EarnestEspressos,2884984
2026-07-01T20:00:03.933216,2026-07-01T20:00:03.944509+00:00,85.9,47,ask,DiligentDonuts,CostlyCorianders,2885012
2026-07-01T20:00:04.484537,2026-07-01T20:00:04.496017+00:00,86.0,1,bid,FlawlessFlatbreads,Kelvin Chan,2885020
2026-07-01T20:00:04.484537,2026-07-01T20:00:04.496017+00:00,86.3,49,bid,FlawlessFlatbreads,EarnestEspressos,2885021
2026-07-01T20:00:05.543865,2026-07-01T20:00:05.555303+00:00,86.0,1,bid,CostlyCorianders,Kelvin Chan,2885037
2026-07-01T20:00:06.597355,2026-07-01T20:00:06.609127+00:00,86.3,50,bid,FlawlessFlatbreads,EarnestEspressos,2885059
2026-07-01T20:00:07.158965,2026-07-01T20:00:07.170387+00:00,86.3,47,bid,CostlyCorianders,EarnestEspressos,2885061
2026-07-01T20:00:07.452573,2026-07-01T20:00:07.456711+00:00,86.5,100,bid,EarnestEspressos,DiligentDonuts,2885073
2026-07-01T20:00:07.516973,2026-07-01T20:00:07.525346+00:00,86.7,1,ask,EarnestEspressos,Kelvin Chan,2885075
2026-07-01T20:00:07.526444,2026-07-01T20:00:07.535091+00:00,86.7,22,ask,EarnestEspressos,Xuanyu Liu,2885077
2026-07-01T20:00:07.602714,2026-07-01T20:00:07.610431+00:00,86.7,1,ask,EarnestEspressos,Kelvin Chan,2885079
2026-07-01T20:00:07.611742,2026-07-01T20:00:07.620356+00:00,86.7,2,ask,EarnestEspressos,Xuanyu Liu,2885080
2026-07-01T20:00:07.635248,2026-07-01T20:00:07.646656+00:00,86.7,1,ask,EarnestEspressos,Kelvin Chan,2885082
2026-07-01T20:00:07.659500,2026-07-01T20:00:07.668282+00:00,86.7,2,ask,EarnestEspressos,Xuanyu Liu,2885083
2026-07-01T20:00:07.719269,2026-07-01T20:00:07.743636+00:00,86.7,1,ask,EarnestEspressos,Xuanyu Liu,2885086
2026-07-01T20:00:07.725760,2026-07-01T20:00:07.743636+00:00,86.7,1,ask,EarnestEspressos,Xuanyu Liu,2885089
2026-07-01T20:00:07.836380,2026-07-01T20:00:07.844793+00:00,86.7,7,ask,EarnestEspressos,Xuanyu Liu,2885091
2026-07-01T20:00:08.051322,2026-07-01T20:00:08.059346+00:00,86.7,1,ask,EarnestEspressos,Xuanyu Liu,2885094
2026-07-01T20:00:08.214514,2026-07-01T20:00:08.229919+00:00,86.7,1,ask,EarnestEspressos,Xuanyu Liu,2885096
2026-07-01T20:00:08.233427,2026-07-01T20:00:08.239163+00:00,86.7,1,ask,EarnestEspressos,Xuanyu Liu,2885101
2026-07-01T20:00:08.755386,2026-07-01T20:00:08.767073+00:00,86.7,9,ask,EarnestEspressos,FlawlessFlatbreads,2885107
2026-07-01T20:00:08.755386,2026-07-01T20:00:08.767073+00:00,86.0,41,ask,DiligentDonuts,FlawlessFlatbreads,2885108
2026-07-01T20:00:10.460429,2026-07-01T20:00:10.471881+00:00,86.6,15,bid,Xuanyu Liu,DiligentDonuts,2885146
2026-07-01T20:00:12.311879,2026-07-01T20:00:12.323483+00:00,86.2,49,ask,EarnestEspressos,CostlyCorianders,2885186
2026-07-01T20:00:12.958603,2026-07-01T20:00:12.965559+00:00,86.2,46,ask,EarnestEspressos,CostlyCorianders,2885200
2026-07-01T20:00:13.837948,2026-07-01T20:00:13.868668+00:00,86.0,5,ask,Kelvin Chan,EarnestEspressos,2885221
2026-07-01T20:00:13.837948,2026-07-01T20:00:13.868668+00:00,86.0,100,ask,DiligentDonuts,EarnestEspressos,2885222
2026-07-01T20:00:13.870168,2026-07-01T20:00:13.878919+00:00,86.0,34,bid,Xuanyu Liu,EarnestEspressos,2885223
2026-07-01T20:00:14.540852,2026-07-01T20:00:14.548259+00:00,86.0,11,bid,CostlyCorianders,EarnestEspressos,2885247
2026-07-01T20:00:14.540852,2026-07-01T20:00:14.553565+00:00,86.5,37,bid,CostlyCorianders,DiligentDonuts,2885248
2026-07-01T20:00:15.072782,2026-07-01T20:00:15.080447+00:00,85.5,50,ask,EarnestEspressos,FlawlessFlatbreads,2885256
2026-07-01T20:00:15.516629,2026-07-01T20:00:15.524197+00:00,85.5,43,ask,EarnestEspressos,CostlyCorianders,2885267
2026-07-01T20:00:17.179402,2026-07-01T20:00:17.188505+00:00,85.9,50,ask,DiligentDonuts,FlawlessFlatbreads,2885317
2026-07-01T20:00:19.238580,2026-07-01T20:00:19.264419+00:00,86.3,50,bid,FlawlessFlatbreads,EarnestEspressos,2885363
2026-07-01T20:00:20.601751,2026-07-01T20:00:20.613053+00:00,85.8,40,ask,EarnestEspressos,CostlyCorianders,2885388
2026-07-01T20:00:21.160249,2026-07-01T20:00:21.171834+00:00,86.2,42,bid,CostlyCorianders,DiligentDonuts,2885399
2026-07-01T20:00:21.345776,2026-07-01T20:00:21.352161+00:00,86.2,50,bid,FlawlessFlatbreads,DiligentDonuts,2885401
2026-07-01T20:00:21.682678,2026-07-01T20:00:21.694076+00:00,85.8,44,ask,EarnestEspressos,CostlyCorianders,2885404
2026-07-01T20:00:21.789993,2026-07-01T20:00:21.799812+00:00,86.0,5,ask,Kelvin Chan,Xuanyu Liu,2885408
2026-07-01T20:00:23.455475,2026-07-01T20:00:23.458703+00:00,86.1,50,bid,FlawlessFlatbreads,EarnestEspressos,2885445
2026-07-01T20:00:24.885788,2026-07-01T20:00:24.893793+00:00,86.1,5,bid,Xuanyu Liu,EarnestEspressos,2885468
2026-07-01T20:00:25.565917,2026-07-01T20:00:25.573665+00:00,86.1,50,bid,FlawlessFlatbreads,EarnestEspressos,2885482
2026-07-01T20:00:25.765977,2026-07-01T20:00:25.777230+00:00,86.1,45,bid,DiligentDonuts,EarnestEspressos,2885485
2026-07-01T20:00:27.684321,2026-07-01T20:00:27.698064+00:00,86.6,46,bid,CostlyCorianders,DiligentDonuts,2885526
2026-07-01T20:00:27.740683,2026-07-01T20:00:27.744260+00:00,86.1,50,ask,DiligentDonuts,FlawlessFlatbreads,2885527
2026-07-01T20:00:29.603306,2026-07-01T20:00:29.635032+00:00,86.3,1,bid,EarnestEspressos,Kelvin Chan,2885547
2026-07-01T20:00:29.621446,2026-07-01T20:00:29.635032+00:00,86.4,11,ask,EarnestEspressos,Xuanyu Liu,2885552
2026-07-01T20:00:29.685985,2026-07-01T20:00:29.697062+00:00,86.4,1,ask,EarnestEspressos,Kelvin Chan,2885557
2026-07-01T20:00:29.798352,2026-07-01T20:00:29.807738+00:00,86.5,50,bid,FlawlessFlatbreads,DiligentDonuts,2885561
2026-07-01T20:00:30.139448,2026-07-01T20:00:30.147832+00:00,86.4,12,ask,EarnestEspressos,Xuanyu Liu,2885571
2026-07-01T20:00:31.926529,2026-07-01T20:00:31.958591+00:00,86.5,50,bid,FlawlessFlatbreads,DiligentDonuts,2885603
2026-07-01T20:00:33.907772,2026-07-01T20:00:33.919153+00:00,86.7,42,bid,CostlyCorianders,EarnestEspressos,2885644
2026-07-01T20:00:34.033671,2026-07-01T20:00:34.039907+00:00,86.7,50,bid,FlawlessFlatbreads,EarnestEspressos,2885650
2026-07-01T20:00:35.937572,2026-07-01T20:00:35.946105+00:00,86.6,23,ask,EarnestEspressos,Xuanyu Liu,2885684
2026-07-01T20:00:36.140487,2026-07-01T20:00:36.158572+00:00,86.7,50,bid,FlawlessFlatbreads,DiligentDonuts,2885689
2026-07-01T20:00:38.176652,2026-07-01T20:00:38.188055+00:00,86.6,42,ask,EarnestEspressos,CostlyCorianders,2885726
2026-07-01T20:00:38.251424,2026-07-01T20:00:38.263623+00:00,86.7,50,bid,FlawlessFlatbreads,DiligentDonuts,2885728
2026-07-01T20:00:40.357354,2026-07-01T20:00:40.369076+00:00,86.9,50,bid,FlawlessFlatbreads,EarnestEspressos,2885772
2026-07-01T20:00:41.605122,2026-07-01T20:00:41.614367+00:00,86.9,100,bid,DiligentDonuts,EarnestEspressos,2885803
2026-07-01T20:00:42.297788,2026-07-01T20:00:42.307698+00:00,87.3,34,ask,EarnestEspressos,Xuanyu Liu,2885810
2026-07-01T20:00:42.516299,2026-07-01T20:00:42.527589+00:00,87.3,50,ask,EarnestEspressos,FlawlessFlatbreads,2885817
2026-07-01T20:00:42.690060,2026-07-01T20:00:42.701650+00:00,87.3,47,ask,EarnestEspressos,CostlyCorianders,2885818
2026-07-01T20:00:43.227498,2026-07-01T20:00:43.238885+00:00,87.5,43,bid,CostlyCorianders,DiligentDonuts,2885830
2026-07-01T20:00:43.618370,2026-07-01T20:00:43.628275+00:00,87.3,11,ask,EarnestEspressos,Xuanyu Liu,2885838
2026-07-01T20:00:44.560757,2026-07-01T20:00:44.570031+00:00,87.3,6,ask,EarnestEspressos,Xuanyu Liu,2885863
2026-07-01T20:00:44.637356,2026-07-01T20:00:44.645157+00:00,87.3,2,ask,EarnestEspressos,FlawlessFlatbreads,2885865
2026-07-01T20:00:44.637356,2026-07-01T20:00:44.650448+00:00,86.6,5,ask,Kelvin Chan,FlawlessFlatbreads,2885866
2026-07-01T20:00:44.835332,2026-07-01T20:00:44.843757+00:00,87.1,6,bid,Xuanyu Liu,DiligentDonuts,2885868
2026-07-01T20:00:44.869966,2026-07-01T20:00:44.881322+00:00,86.6,45,ask,DiligentDonuts,CostlyCorianders,2885870
2026-07-01T20:00:45.509076,2026-07-01T20:00:45.519665+00:00,87.0,11,bid,Xuanyu Liu,EarnestEspressos,2885885
2026-07-01T20:00:45.870796,2026-07-01T20:00:45.879862+00:00,87.0,12,bid,Xuanyu Liu,EarnestEspressos,2885897
2026-07-01T20:00:46.745488,2026-07-01T20:00:46.763686+00:00,86.6,50,ask,DiligentDonuts,FlawlessFlatbreads,2885911
2026-07-01T20:00:47.427455,2026-07-01T20:00:47.434053+00:00,87.0,42,bid,CostlyCorianders,EarnestEspressos,2885935
2026-07-01T20:00:47.998442,2026-07-01T20:00:48.007087+00:00,86.9,11,bid,Xuanyu Liu,DiligentDonuts,2885953
2026-07-01T20:00:48.852097,2026-07-01T20:00:48.858288+00:00,86.8,50,ask,EarnestEspressos,FlawlessFlatbreads,2885967
2026-07-01T20:00:50.912583,2026-07-01T20:00:50.924020+00:00,86.8,46,ask,EarnestEspressos,CostlyCorianders,2886001
2026-07-01T20:00:52.115161,2026-07-01T20:00:52.122761+00:00,86.9,1,bid,CostlyCorianders,Kelvin Chan,2886026
2026-07-01T20:00:52.115161,2026-07-01T20:00:52.128502+00:00,86.9,48,bid,CostlyCorianders,DiligentDonuts,2886027
2026-07-01T20:00:52.727104,2026-07-01T20:00:52.735768+00:00,86.6,4,ask,Kelvin Chan,CostlyCorianders,2886033
2026-07-01T20:00:52.727104,2026-07-01T20:00:52.735768+00:00,86.4,44,ask,DiligentDonuts,CostlyCorianders,2886034
2026-07-01T20:00:53.010648,2026-07-01T20:00:53.022354+00:00,86.9,50,bid,FlawlessFlatbreads,DiligentDonuts,2886038
2026-07-01T20:00:54.512952,2026-07-01T20:00:54.521303+00:00,86.9,11,bid,Xuanyu Liu,EarnestEspressos,2886073
2026-07-01T20:00:55.119292,2026-07-01T20:00:55.128009+00:00,86.9,1,bid,FlawlessFlatbreads,Kelvin Chan,2886090
2026-07-01T20:00:55.119292,2026-07-01T20:00:55.128009+00:00,87.1,49,bid,FlawlessFlatbreads,DiligentDonuts,2886091
2026-07-01T20:00:55.735507,2026-07-01T20:00:55.746784+00:00,87.1,48,bid,CostlyCorianders,DiligentDonuts,2886102
2026-07-01T20:00:56.324035,2026-07-01T20:00:56.330745+00:00,86.6,2,ask,Kelvin Chan,CostlyCorianders,2886116
2026-07-01T20:00:56.324035,2026-07-01T20:00:56.335793+00:00,86.6,44,ask,DiligentDonuts,CostlyCorianders,2886117
2026-07-01T20:00:57.277546,2026-07-01T20:00:57.289148+00:00,86.6,50,ask,DiligentDonuts,FlawlessFlatbreads,2886135
2026-07-01T20:00:57.583877,2026-07-01T20:00:57.592433+00:00,87.0,2,bid,Xuanyu Liu,Kelvin Chan,2886139
2026-07-01T20:00:59.386293,2026-07-01T20:00:59.397701+00:00,86.9,50,ask,DiligentDonuts,FlawlessFlatbreads,2886165
2026-07-01T20:01:00.304935,2026-07-01T20:01:00.313665+00:00,86.9,13,ask,DiligentDonuts,Xuanyu Liu,2886186
2026-07-01T20:01:01.493222,2026-07-01T20:01:01.503372+00:00,86.7,3,ask,Kelvin Chan,FlawlessFlatbreads,2886208
2026-07-01T20:01:01.493222,2026-07-01T20:01:01.503372+00:00,86.6,47,ask,EarnestEspressos,FlawlessFlatbreads,2886209
2026-07-01T20:01:01.765018,2026-07-01T20:01:01.776757+00:00,87.0,1,bid,Xuanyu Liu,Kelvin Chan,2886221
2026-07-01T20:01:01.765018,2026-07-01T20:01:01.776757+00:00,87.0,10,bid,Xuanyu Liu,DiligentDonuts,2886222
2026-07-01T20:01:03.601517,2026-07-01T20:01:03.613332+00:00,86.7,5,ask,Kelvin Chan,FlawlessFlatbreads,2886252
2026-07-01T20:01:03.601517,2026-07-01T20:01:03.613332+00:00,86.6,45,ask,EarnestEspressos,FlawlessFlatbreads,2886253
2026-07-01T20:01:04.495466,2026-07-01T20:01:04.506135+00:00,86.9,12,bid,Xuanyu Liu,EarnestEspressos,2886274
2026-07-01T20:01:04.629713,2026-07-01T20:01:04.640771+00:00,86.9,47,bid,CostlyCorianders,EarnestEspressos,2886277
2026-07-01T20:01:05.228513,2026-07-01T20:01:05.235896+00:00,86.7,5,ask,Kelvin Chan,CostlyCorianders,2886290
2026-07-01T20:01:05.228513,2026-07-01T20:01:05.241218+00:00,86.6,36,ask,DiligentDonuts,CostlyCorianders,2886291
2026-07-01T20:01:05.711909,2026-07-01T20:01:05.723656+00:00,86.6,50,ask,DiligentDonuts,FlawlessFlatbreads,2886297
2026-07-01T20:01:07.819235,2026-07-01T20:01:07.829515+00:00,86.7,5,ask,Kelvin Chan,FlawlessFlatbreads,2886334
2026-07-01T20:01:07.819235,2026-07-01T20:01:07.829515+00:00,86.5,45,ask,EarnestEspressos,FlawlessFlatbreads,2886335
2026-07-01T20:01:09.927859,2026-07-01T20:01:09.939829+00:00,86.6,5,ask,Kelvin Chan,FlawlessFlatbreads,2886371
2026-07-01T20:01:09.927859,2026-07-01T20:01:09.939829+00:00,86.5,45,ask,EarnestEspressos,FlawlessFlatbreads,2886372
2026-07-01T20:01:10.846997,2026-07-01T20:01:10.856198+00:00,86.5,10,bid,Xuanyu Liu,EarnestEspressos,2886397
2026-07-01T20:01:10.857220,2026-07-01T20:01:10.868717+00:00,86.5,43,bid,CostlyCorianders,EarnestEspressos,2886399
2026-07-01T20:01:10.860228,2026-07-01T20:01:10.868717+00:00,86.5,1,bid,Xuanyu Liu,EarnestEspressos,2886400
2026-07-01T20:01:11.359882,2026-07-01T20:01:11.371885+00:00,86.5,9,bid,Xuanyu Liu,EarnestEspressos,2886405
2026-07-01T20:01:11.559859,2026-07-01T20:01:11.571189+00:00,86.2,44,ask,DiligentDonuts,CostlyCorianders,2886412
2026-07-01T20:01:12.040697,2026-07-01T20:01:12.047476+00:00,86.2,50,ask,DiligentDonuts,FlawlessFlatbreads,2886428
2026-07-01T20:01:12.109208,2026-07-01T20:01:12.118904+00:00,86.5,14,bid,Xuanyu Liu,EarnestEspressos,2886432
2026-07-01T20:01:12.155288,2026-07-01T20:01:12.166513+00:00,86.5,47,bid,CostlyCorianders,EarnestEspressos,2886434
2026-07-01T20:01:13.940913,2026-07-01T20:01:13.947674+00:00,86.5,100,bid,EarnestEspressos,DiligentDonuts,2886471
2026-07-01T20:01:14.148000,2026-07-01T20:01:14.154163+00:00,86.7,50,ask,EarnestEspressos,FlawlessFlatbreads,2886477
2026-07-01T20:01:14.830060,2026-07-01T20:01:14.837218+00:00,86.8,6,bid,CostlyCorianders,Kelvin Chan,2886494
2026-07-01T20:01:15.985358,2026-07-01T20:01:15.997073+00:00,86.8,5,bid,CostlyCorianders,Kelvin Chan,2886514
2026-07-01T20:01:16.042779,2026-07-01T20:01:16.054257+00:00,86.5,1,ask,Kelvin Chan,CostlyCorianders,2886515
2026-07-01T20:01:16.273185,2026-07-01T20:01:16.284649+00:00,86.0,50,ask,DiligentDonuts,FlawlessFlatbreads,2886524
2026-07-01T20:01:19.606525,2026-07-01T20:01:19.614601+00:00,86.5,1,ask,Kelvin Chan,DiligentDonuts,2886594
2026-07-01T20:01:20.482595,2026-07-01T20:01:20.493896+00:00,86.0,46,ask,DiligentDonuts,CostlyCorianders,2886611
2026-07-01T20:01:20.492444,2026-07-01T20:01:20.504501+00:00,86.0,50,ask,DiligentDonuts,FlawlessFlatbreads,2886612
2026-07-01T20:01:22.546968,2026-07-01T20:01:22.563950+00:00,86.2,50,bid,FlawlessFlatbreads,EarnestEspressos,2886649
2026-07-01T20:01:22.621835,2026-07-01T20:01:22.630066+00:00,86.2,3,bid,Xuanyu Liu,EarnestEspressos,2886655
2026-07-01T20:01:24.655148,2026-07-01T20:01:24.668925+00:00,86.2,50,bid,FlawlessFlatbreads,DiligentDonuts,2886687
2026-07-01T20:01:26.813729,2026-07-01T20:01:26.820062+00:00,86.1,50,ask,EarnestEspressos,FlawlessFlatbreads,2886729
2026-07-01T20:01:27.352042,2026-07-01T20:01:27.351434+00:00,86.4,47,bid,CostlyCorianders,DiligentDonuts,2886733
2026-07-01T20:01:27.940393,2026-07-01T20:01:27.948426+00:00,86.4,49,bid,CostlyCorianders,DiligentDonuts,2886750
2026-07-01T20:01:28.920344,2026-07-01T20:01:28.928018+00:00,86.1,50,ask,EarnestEspressos,FlawlessFlatbreads,2886769
2026-07-01T20:01:29.376676,2026-07-01T20:01:29.388013+00:00,86.1,49,ask,EarnestEspressos,CostlyCorianders,2886780
2026-07-01T20:01:29.821666,2026-07-01T20:01:29.843118+00:00,86.1,100,ask,DiligentDonuts,EarnestEspressos,2886784
2026-07-01T20:01:29.834154,2026-07-01T20:01:29.843118+00:00,85.9,1,bid,Xuanyu Liu,EarnestEspressos,2886785
2026-07-01T20:01:30.602222,2026-07-01T20:01:30.613736+00:00,85.9,2,bid,Xuanyu Liu,EarnestEspressos,2886796
2026-07-01T20:01:30.974762,2026-07-01T20:01:30.982768+00:00,85.9,47,bid,FlawlessFlatbreads,EarnestEspressos,2886801
2026-07-01T20:01:30.974762,2026-07-01T20:01:30.988011+00:00,86.6,3,bid,FlawlessFlatbreads,Kelvin Chan,2886802
2026-07-01T20:01:31.645866,2026-07-01T20:01:31.663671+00:00,86.6,3,bid,CostlyCorianders,Kelvin Chan,2886818
2026-07-01T20:01:31.645866,2026-07-01T20:01:31.663671+00:00,86.6,46,bid,CostlyCorianders,DiligentDonuts,2886819
2026-07-01T20:01:32.593201,2026-07-01T20:01:32.601814+00:00,86.2,1,ask,Kelvin Chan,Xuanyu Liu,2886831
2026-07-01T20:01:33.190132,2026-07-01T20:01:33.198875+00:00,86.0,41,ask,EarnestEspressos,CostlyCorianders,2886844
2026-07-01T20:01:34.253087,2026-07-01T20:01:34.264742+00:00,86.4,42,bid,CostlyCorianders,DiligentDonuts,2886855
2026-07-01T20:01:34.308155,2026-07-01T20:01:34.317467+00:00,86.0,48,ask,EarnestEspressos,CostlyCorianders,2886856
2026-07-01T20:01:35.189841,2026-07-01T20:01:35.201346+00:00,86.4,50,bid,FlawlessFlatbreads,DiligentDonuts,2886872
2026-07-01T20:01:35.307486,2026-07-01T20:01:35.318979+00:00,86.4,8,bid,CostlyCorianders,DiligentDonuts,2886875
2026-07-01T20:01:35.307486,2026-07-01T20:01:35.318979+00:00,86.5,6,bid,CostlyCorianders,Kelvin Chan,2886876
2026-07-01T20:01:35.307486,2026-07-01T20:01:35.318979+00:00,86.5,26,bid,CostlyCorianders,EarnestEspressos,2886877
2026-07-01T20:01:35.385445,2026-07-01T20:01:35.392981+00:00,86.3,2,ask,DiligentDonuts,Xuanyu Liu,2886878
2026-07-01T20:01:37.298844,2026-07-01T20:01:37.310416+00:00,86.5,6,bid,FlawlessFlatbreads,Kelvin Chan,2886914
2026-07-01T20:01:37.298844,2026-07-01T20:01:37.310416+00:00,86.5,44,bid,FlawlessFlatbreads,EarnestEspressos,2886915
2026-07-01T20:01:38.414393,2026-07-01T20:01:38.423342+00:00,86.3,46,ask,DiligentDonuts,CostlyCorianders,2886944
2026-07-01T20:01:39.408322,2026-07-01T20:01:39.421438+00:00,86.5,4,bid,FlawlessFlatbreads,Kelvin Chan,2886959
2026-07-01T20:01:39.408322,2026-07-01T20:01:39.421438+00:00,86.5,46,bid,FlawlessFlatbreads,EarnestEspressos,2886960
2026-07-01T20:01:39.603260,2026-07-01T20:01:39.614616+00:00,86.5,48,bid,CostlyCorianders,EarnestEspressos,2886967
2026-07-01T20:01:40.840275,2026-07-01T20:01:40.847300+00:00,86.1,44,ask,DiligentDonuts,CostlyCorianders,2886991
2026-07-01T20:01:41.515413,2026-07-01T20:01:41.525124+00:00,86.5,50,bid,FlawlessFlatbreads,EarnestEspressos,2887005
2026-07-01T20:01:42.421481,2026-07-01T20:01:42.432763+00:00,86.3,100,bid,EarnestEspressos,DiligentDonuts,2887031
2026-07-01T20:01:43.682296,2026-07-01T20:01:43.693793+00:00,86.3,50,ask,EarnestEspressos,FlawlessFlatbreads,2887058
2026-07-01T20:01:45.132894,2026-07-01T20:01:45.144251+00:00,86.3,42,ask,DiligentDonuts,CostlyCorianders,2887083
2026-07-01T20:01:45.806823,2026-07-01T20:01:45.823135+00:00,86.3,50,ask,DiligentDonuts,FlawlessFlatbreads,2887096
2026-07-01T20:01:45.806942,2026-07-01T20:01:45.823135+00:00,86.3,8,ask,DiligentDonuts,Xuanyu Liu,2887097
2026-07-01T20:01:46.328834,2026-07-01T20:01:46.332777+00:00,86.2,2,ask,Kelvin Chan,Xuanyu Liu,2887110
2026-07-01T20:01:47.914589,2026-07-01T20:01:47.923544+00:00,86.0,50,ask,EarnestEspressos,FlawlessFlatbreads,2887161
2026-07-01T20:01:48.806801,2026-07-01T20:01:48.815953+00:00,85.9,10,bid,Xuanyu Liu,EarnestEspressos,2887189
2026-07-01T20:01:51.259020,2026-07-01T20:01:51.269167+00:00,85.9,48,bid,CostlyCorianders,EarnestEspressos,2887235
2026-07-01T20:01:51.835162,2026-07-01T20:01:51.843234+00:00,85.9,48,bid,CostlyCorianders,EarnestEspressos,2887248
2026-07-01T20:01:52.125548,2026-07-01T20:01:52.136784+00:00,85.7,50,ask,DiligentDonuts,FlawlessFlatbreads,2887252
2026-07-01T20:01:54.231730,2026-07-01T20:01:54.259185+00:00,85.7,50,ask,DiligentDonuts,FlawlessFlatbreads,2887301
2026-07-01T20:01:55.098279,2026-07-01T20:01:55.105678+00:00,85.9,100,bid,EarnestEspressos,DiligentDonuts,2887310
2026-07-01T20:01:56.287041,2026-07-01T20:01:56.297641+00:00,86.3,6,bid,FlawlessFlatbreads,Kelvin Chan,2887332
2026-07-01T20:01:56.287041,2026-07-01T20:01:56.297641+00:00,86.4,44,bid,FlawlessFlatbreads,EarnestEspressos,2887333
2026-07-01T20:01:56.762382,2026-07-01T20:01:56.773967+00:00,85.9,42,ask,EarnestEspressos,CostlyCorianders,2887347
2026-07-01T20:01:58.448275,2026-07-01T20:01:58.463602+00:00,85.9,50,ask,DiligentDonuts,FlawlessFlatbreads,2887384
2026-07-01T20:01:59.312181,2026-07-01T20:01:59.323880+00:00,85.9,49,ask,DiligentDonuts,CostlyCorianders,2887402
2026-07-01T20:02:00.502559,2026-07-01T20:02:00.511214+00:00,86.0,50,bid,FlawlessFlatbreads,EarnestEspressos,2887433
2026-07-01T20:02:02.085287,2026-07-01T20:02:02.094595+00:00,86.0,3,bid,Xuanyu Liu,DiligentDonuts,2887458
2026-07-01T20:02:03.494914,2026-07-01T20:02:03.505006+00:00,85.9,3,ask,EarnestEspressos,Xuanyu Liu,2887489
2026-07-01T20:02:03.728307,2026-07-01T20:02:03.739665+00:00,86.0,42,bid,CostlyCorianders,DiligentDonuts,2887498
2026-07-01T20:02:04.295532,2026-07-01T20:02:04.304375+00:00,86.1,45,bid,CostlyCorianders,DiligentDonuts,2887513
2026-07-01T20:02:04.766447,2026-07-01T20:02:04.777700+00:00,85.8,50,ask,EarnestEspressos,FlawlessFlatbreads,2887521
2026-07-01T20:02:06.768282,2026-07-01T20:02:06.779047+00:00,86.1,42,bid,CostlyCorianders,DiligentDonuts,2887556
2026-07-01T20:02:06.872447,2026-07-01T20:02:06.883940+00:00,85.9,5,ask,Kelvin Chan,FlawlessFlatbreads,2887559
2026-07-01T20:02:06.872447,2026-07-01T20:02:06.883940+00:00,85.8,45,ask,EarnestEspressos,FlawlessFlatbreads,2887560
2026-07-01T20:02:07.801813,2026-07-01T20:02:07.811230+00:00,86.0,100,ask,DiligentDonuts,EarnestEspressos,2887578
2026-07-01T20:02:08.981908,2026-07-01T20:02:08.993572+00:00,85.9,5,ask,Kelvin Chan,FlawlessFlatbreads,2887604
2026-07-01T20:02:08.981908,2026-07-01T20:02:08.993572+00:00,85.5,45,ask,EarnestEspressos,FlawlessFlatbreads,2887605
2026-07-01T20:02:11.090412,2026-07-01T20:02:11.101667+00:00,85.8,50,ask,DiligentDonuts,FlawlessFlatbreads,2887640
2026-07-01T20:02:13.197976,2026-07-01T20:02:13.204857+00:00,85.8,50,ask,DiligentDonuts,FlawlessFlatbreads,2887685
2026-07-01T20:02:15.304879,2026-07-01T20:02:15.316091+00:00,85.5,50,ask,EarnestEspressos,FlawlessFlatbreads,2887722
2026-07-01T20:02:15.568104,2026-07-01T20:02:15.579445+00:00,85.8,1,ask,Kelvin Chan,CostlyCorianders,2887726
2026-07-01T20:02:15.568104,2026-07-01T20:02:15.579445+00:00,85.5,42,ask,EarnestEspressos,CostlyCorianders,2887727
2026-07-01T20:02:16.557647,2026-07-01T20:02:16.565673+00:00,85.8,1,ask,Kelvin Chan,DiligentDonuts,2887743
2026-07-01T20:02:17.241935,2026-07-01T20:02:17.258567+00:00,85.7,1,bid,Kelvin Chan,DiligentDonuts,2887752
2026-07-01T20:02:17.301356,2026-07-01T20:02:17.309822+00:00,85.6,2,bid,Xuanyu Liu,EarnestEspressos,2887755
2026-07-01T20:02:17.387903,2026-07-01T20:02:17.403103+00:00,85.6,1,bid,Kelvin Chan,EarnestEspressos,2887760
2026-07-01T20:02:17.413077,2026-07-01T20:02:17.423770+00:00,85.2,50,ask,DiligentDonuts,FlawlessFlatbreads,2887762
2026-07-01T20:02:17.551634,2026-07-01T20:02:17.558555+00:00,85.2,43,ask,DiligentDonuts,CostlyCorianders,2887766
2026-07-01T20:02:17.656787,2026-07-01T20:02:17.655140+00:00,85.6,1,bid,Xuanyu Liu,EarnestEspressos,2887768
2026-07-01T20:02:17.884780,2026-07-01T20:02:17.893732+00:00,85.6,11,bid,Xuanyu Liu,EarnestEspressos,2887769
2026-07-01T20:02:19.058212,2026-07-01T20:02:19.065735+00:00,85.6,1,bid,Kelvin Chan,EarnestEspressos,2887794
2026-07-01T20:02:19.521688,2026-07-01T20:02:19.533193+00:00,85.2,7,ask,DiligentDonuts,FlawlessFlatbreads,2887805
2026-07-01T20:02:19.521688,2026-07-01T20:02:19.533193+00:00,85.1,43,ask,EarnestEspressos,FlawlessFlatbreads,2887806
2026-07-01T20:02:19.648872,2026-07-01T20:02:19.663913+00:00,85.6,2,bid,Kelvin Chan,EarnestEspressos,2887807
2026-07-01T20:02:19.671391,2026-07-01T20:02:19.679764+00:00,85.6,2,bid,Kelvin Chan,EarnestEspressos,2887808
2026-07-01T20:02:19.730498,2026-07-01T20:02:19.737322+00:00,85.4,1,bid,Kelvin Chan,DiligentDonuts,2887809
2026-07-01T20:02:19.738626,2026-07-01T20:02:19.747243+00:00,85.4,23,bid,Xuanyu Liu,DiligentDonuts,2887810
2026-07-01T20:02:20.215255,2026-07-01T20:02:20.224057+00:00,85.4,2,bid,Kelvin Chan,DiligentDonuts,2887817
2026-07-01T20:02:20.246173,2026-07-01T20:02:20.258624+00:00,85.4,1,bid,Kelvin Chan,DiligentDonuts,2887822
2026-07-01T20:02:20.440620,2026-07-01T20:02:20.464332+00:00,85.4,1,bid,Kelvin Chan,DiligentDonuts,2887824
2026-07-01T20:02:20.462161,2026-07-01T20:02:20.469626+00:00,85.4,1,bid,Kelvin Chan,DiligentDonuts,2887826
2026-07-01T20:02:20.484035,2026-07-01T20:02:20.495320+00:00,85.4,1,bid,Kelvin Chan,DiligentDonuts,2887827
2026-07-01T20:02:20.530295,2026-07-01T20:02:20.539442+00:00,85.4,2,bid,Kelvin Chan,DiligentDonuts,2887830
2026-07-01T20:02:20.577503,2026-07-01T20:02:20.588850+00:00,85.4,1,bid,Kelvin Chan,DiligentDonuts,2887833
2026-07-01T20:02:20.665503,2026-07-01T20:02:20.673263+00:00,85.4,1,bid,Kelvin Chan,DiligentDonuts,2887834
2026-07-01T20:02:20.686624,2026-07-01T20:02:20.698025+00:00,85.4,2,bid,Kelvin Chan,DiligentDonuts,2887835
2026-07-01T20:02:20.708780,2026-07-01T20:02:20.720193+00:00,85.4,1,bid,Kelvin Chan,DiligentDonuts,2887836
2026-07-01T20:02:20.731076,2026-07-01T20:02:20.742771+00:00,85.4,1,bid,Kelvin Chan,DiligentDonuts,2887837
2026-07-01T20:02:20.753813,2026-07-01T20:02:20.765166+00:00,85.4,1,bid,Kelvin Chan,DiligentDonuts,2887838
2026-07-01T20:02:21.268293,2026-07-01T20:02:21.279935+00:00,85.4,1,bid,Kelvin Chan,DiligentDonuts,2887843
2026-07-01T20:02:21.323272,2026-07-01T20:02:21.330576+00:00,85.4,1,bid,Kelvin Chan,DiligentDonuts,2887844
2026-07-01T20:02:21.344766,2026-07-01T20:02:21.351405+00:00,85.4,1,bid,Kelvin Chan,DiligentDonuts,2887846
2026-07-01T20:02:21.636309,2026-07-01T20:02:21.645202+00:00,85.1,50,ask,EarnestEspressos,FlawlessFlatbreads,2887856
2026-07-01T20:02:23.742609,2026-07-01T20:02:23.763824+00:00,85.0,50,ask,DiligentDonuts,FlawlessFlatbreads,2887893
2026-07-01T20:02:25.712104,2026-07-01T20:02:25.732595+00:00,85.4,23,bid,Xuanyu Liu,EarnestEspressos,2887926
2026-07-01T20:02:25.851553,2026-07-01T20:02:25.845935+00:00,85.0,50,ask,DiligentDonuts,FlawlessFlatbreads,2887932
2026-07-01T20:02:26.570698,2026-07-01T20:02:26.579543+00:00,85.4,2,bid,Kelvin Chan,EarnestEspressos,2887946
2026-07-01T20:02:27.959240,2026-07-01T20:02:27.969004+00:00,85.2,50,ask,EarnestEspressos,FlawlessFlatbreads,2887957
2026-07-01T20:02:32.121173,2026-07-01T20:02:32.132486+00:00,85.3,50,bid,FlawlessFlatbreads,DiligentDonuts,2888013
2026-07-01T20:02:35.338825,2026-07-01T20:02:35.350305+00:00,85.3,45,bid,CostlyCorianders,EarnestEspressos,2888061
2026-07-01T20:02:36.194280,2026-07-01T20:02:36.205566+00:00,85.3,11,bid,Xuanyu Liu,DiligentDonuts,2888092
2026-07-01T20:02:36.347993,2026-07-01T20:02:36.358559+00:00,85.3,50,bid,FlawlessFlatbreads,DiligentDonuts,2888095
2026-07-01T20:02:38.476784,2026-07-01T20:02:38.484884+00:00,85.3,39,bid,FlawlessFlatbreads,DiligentDonuts,2888141
2026-07-01T20:02:38.476784,2026-07-01T20:02:38.484884+00:00,85.6,11,bid,FlawlessFlatbreads,EarnestEspressos,2888142
2026-07-01T20:02:39.396596,2026-07-01T20:02:39.407959+00:00,85.4,5,bid,CostlyCorianders,Kelvin Chan,2888157
2026-07-01T20:02:39.396596,2026-07-01T20:02:39.407959+00:00,85.8,44,bid,CostlyCorianders,DiligentDonuts,2888158
2026-07-01T20:02:39.857777,2026-07-01T20:02:39.868976+00:00,85.4,4,bid,CostlyCorianders,Kelvin Chan,2888172
2026-07-01T20:02:40.585312,2026-07-01T20:02:40.591788+00:00,85.7,50,bid,FlawlessFlatbreads,EarnestEspressos,2888185
2026-07-01T20:02:41.014824,2026-07-01T20:02:41.022750+00:00,85.3,11,ask,DiligentDonuts,Xuanyu Liu,2888193
2026-07-01T20:02:41.815212,2026-07-01T20:02:41.826446+00:00,85.5,2,bid,DiligentDonuts,Kelvin Chan,2888206
2026-07-01T20:02:41.837426,2026-07-01T20:02:41.845411+00:00,85.5,2,ask,DiligentDonuts,Kelvin Chan,2888207
2026-07-01T20:02:42.231927,2026-07-01T20:02:42.241743+00:00,85.5,11,ask,DiligentDonuts,Xuanyu Liu,2888217
2026-07-01T20:02:42.696321,2026-07-01T20:02:42.710056+00:00,85.9,50,bid,FlawlessFlatbreads,EarnestEspressos,2888232
2026-07-01T20:02:44.803929,2026-07-01T20:02:44.812398+00:00,85.9,50,bid,FlawlessFlatbreads,EarnestEspressos,2888262
2026-07-01T20:02:45.279727,2026-07-01T20:02:45.290948+00:00,85.5,48,ask,DiligentDonuts,CostlyCorianders,2888273
2026-07-01T20:02:45.714241,2026-07-01T20:02:45.756670+00:00,85.7,23,ask,EarnestEspressos,Xuanyu Liu,2888283
2026-07-01T20:02:46.699625,2026-07-01T20:02:46.708269+00:00,85.7,4,ask,EarnestEspressos,Kelvin Chan,2888301
2026-07-01T20:02:46.909650,2026-07-01T20:02:46.920914+00:00,86.0,50,bid,FlawlessFlatbreads,DiligentDonuts,2888305
2026-07-01T20:02:48.079875,2026-07-01T20:02:48.087349+00:00,85.7,4,ask,EarnestEspressos,Kelvin Chan,2888326
2026-07-01T20:02:48.165692,2026-07-01T20:02:48.173558+00:00,85.7,4,ask,EarnestEspressos,Kelvin Chan,2888327
2026-07-01T20:02:48.716184,2026-07-01T20:02:48.726130+00:00,85.7,4,ask,EarnestEspressos,Kelvin Chan,2888342
2026-07-01T20:02:52.030933,2026-07-01T20:02:52.042386+00:00,85.8,5,bid,EarnestEspressos,Kelvin Chan,2888420
2026-07-01T20:02:52.761055,2026-07-01T20:02:52.772391+00:00,85.8,5,ask,EarnestEspressos,Kelvin Chan,2888431
2026-07-01T20:02:52.849807,2026-07-01T20:02:52.856125+00:00,86.1,41,bid,CostlyCorianders,DiligentDonuts,2888432
2026-07-01T20:02:53.250315,2026-07-01T20:02:53.256636+00:00,85.9,5,bid,FlawlessFlatbreads,Kelvin Chan,2888440
2026-07-01T20:02:53.250315,2026-07-01T20:02:53.256636+00:00,86.1,45,bid,FlawlessFlatbreads,DiligentDonuts,2888441
2026-07-01T20:02:53.919574,2026-07-01T20:02:53.930594+00:00,85.8,42,ask,EarnestEspressos,CostlyCorianders,2888455
2026-07-01T20:02:54.490070,2026-07-01T20:02:54.497907+00:00,85.9,2,bid,DiligentDonuts,Kelvin Chan,2888464
2026-07-01T20:02:54.514151,2026-07-01T20:02:54.525403+00:00,86.0,43,ask,DiligentDonuts,CostlyCorianders,2888465
2026-07-01T20:02:54.518461,2026-07-01T20:02:54.525403+00:00,86.0,2,ask,DiligentDonuts,Kelvin Chan,2888466
2026-07-01T20:02:54.540031,2026-07-01T20:02:54.551208+00:00,86.0,2,ask,DiligentDonuts,Kelvin Chan,2888467
2026-07-01T20:02:54.543022,2026-07-01T20:02:54.551208+00:00,86.0,12,ask,DiligentDonuts,Xuanyu Liu,2888468
2026-07-01T20:02:54.764734,2026-07-01T20:02:54.772409+00:00,86.0,2,ask,DiligentDonuts,Kelvin Chan,2888470
2026-07-01T20:02:54.941823,2026-07-01T20:02:54.958574+00:00,86.0,2,ask,DiligentDonuts,Kelvin Chan,2888472
2026-07-01T20:02:54.962376,2026-07-01T20:02:54.972012+00:00,86.0,1,ask,DiligentDonuts,Kelvin Chan,2888473
2026-07-01T20:02:54.991136,2026-07-01T20:02:55.000605+00:00,86.0,2,ask,DiligentDonuts,Kelvin Chan,2888474
2026-07-01T20:02:55.381387,2026-07-01T20:02:55.390752+00:00,86.0,1,ask,DiligentDonuts,Kelvin Chan,2888475
2026-07-01T20:02:55.411688,2026-07-01T20:02:55.422973+00:00,86.0,31,ask,DiligentDonuts,FlawlessFlatbreads,2888476
2026-07-01T20:02:57.186145,2026-07-01T20:02:57.197212+00:00,86.0,1,bid,CostlyCorianders,Kelvin Chan,2888503
2026-07-01T20:02:57.186145,2026-07-01T20:02:57.197212+00:00,86.1,42,bid,CostlyCorianders,EarnestEspressos,2888504
2026-07-01T20:02:57.467951,2026-07-01T20:02:57.479103+00:00,86.1,50,bid,FlawlessFlatbreads,EarnestEspressos,2888508
2026-07-01T20:02:57.752141,2026-07-01T20:02:57.758320+00:00,85.6,44,ask,EarnestEspressos,CostlyCorianders,2888510
2026-07-01T20:02:59.573880,2026-07-01T20:02:59.585255+00:00,86.0,3,bid,FlawlessFlatbreads,Kelvin Chan,2888557
2026-07-01T20:02:59.573880,2026-07-01T20:02:59.585255+00:00,86.1,47,bid,FlawlessFlatbreads,DiligentDonuts,2888558
2026-07-01T20:03:01.681737,2026-07-01T20:03:01.688124+00:00,86.2,50,bid,FlawlessFlatbreads,DiligentDonuts,2888603
2026-07-01T20:03:02.301234,2026-07-01T20:03:02.312596+00:00,86.2,49,bid,CostlyCorianders,DiligentDonuts,2888616
2026-07-01T20:03:03.389006,2026-07-01T20:03:03.398600+00:00,85.8,41,ask,EarnestEspressos,CostlyCorianders,2888627
2026-07-01T20:03:05.038555,2026-07-01T20:03:05.045878+00:00,86.1,11,ask,DiligentDonuts,Xuanyu Liu,2888663
2026-07-01T20:03:05.944310,2026-07-01T20:03:05.945901+00:00,86.1,50,ask,DiligentDonuts,FlawlessFlatbreads,2888680
2026-07-01T20:03:06.408809,2026-07-01T20:03:06.417568+00:00,86.1,3,ask,DiligentDonuts,Xuanyu Liu,2888696
2026-07-01T20:03:08.051256,2026-07-01T20:03:08.058219+00:00,85.9,4,ask,Kelvin Chan,FlawlessFlatbreads,2888734
2026-07-01T20:03:08.051256,2026-07-01T20:03:08.058219+00:00,85.7,46,ask,DiligentDonuts,FlawlessFlatbreads,2888735
2026-07-01T20:03:09.257698,2026-07-01T20:03:09.269179+00:00,86.0,45,bid,CostlyCorianders,EarnestEspressos,2888752
2026-07-01T20:03:10.159751,2026-07-01T20:03:10.171098+00:00,85.9,4,ask,Kelvin Chan,FlawlessFlatbreads,2888764
2026-07-01T20:03:10.159751,2026-07-01T20:03:10.171098+00:00,85.7,46,ask,DiligentDonuts,FlawlessFlatbreads,2888765
2026-07-01T20:03:10.522302,2026-07-01T20:03:10.530920+00:00,85.9,4,bid,Kelvin Chan,DiligentDonuts,2888769
2026-07-01T20:03:10.572164,2026-07-01T20:03:10.580351+00:00,85.9,4,bid,Kelvin Chan,DiligentDonuts,2888772
2026-07-01T20:03:10.648250,2026-07-01T20:03:10.658551+00:00,85.9,4,bid,Kelvin Chan,DiligentDonuts,2888775
2026-07-01T20:03:11.259570,2026-07-01T20:03:11.269699+00:00,85.9,3,bid,Xuanyu Liu,DiligentDonuts,2888788
2026-07-01T20:03:11.523428,2026-07-01T20:03:11.534718+00:00,85.7,40,ask,EarnestEspressos,CostlyCorianders,2888794
2026-07-01T20:03:12.268405,2026-07-01T20:03:12.279894+00:00,85.7,50,ask,EarnestEspressos,FlawlessFlatbreads,2888802
2026-07-01T20:03:12.892606,2026-07-01T20:03:12.900797+00:00,85.9,11,bid,Xuanyu Liu,DiligentDonuts,2888810
2026-07-01T20:03:14.376653,2026-07-01T20:03:14.383629+00:00,85.7,50,ask,DiligentDonuts,FlawlessFlatbreads,2888846
2026-07-01T20:03:16.432448,2026-07-01T20:03:16.443642+00:00,86.1,50,bid,FlawlessFlatbreads,EarnestEspressos,2888883
2026-07-01T20:03:17.105754,2026-07-01T20:03:17.117316+00:00,86.1,49,bid,CostlyCorianders,EarnestEspressos,2888891
2026-07-01T20:03:18.031299,2026-07-01T20:03:18.042796+00:00,86.2,49,bid,CostlyCorianders,DiligentDonuts,2888908
2026-07-01T20:03:18.086280,2026-07-01T20:03:18.097853+00:00,86.0,42,ask,EarnestEspressos,CostlyCorianders,2888909
2026-07-01T20:03:18.539035,2026-07-01T20:03:18.545110+00:00,86.2,50,bid,FlawlessFlatbreads,DiligentDonuts,2888918
2026-07-01T20:03:20.645939,2026-07-01T20:03:20.652465+00:00,86.2,50,bid,FlawlessFlatbreads,EarnestEspressos,2888960
2026-07-01T20:03:22.755524,2026-07-01T20:03:22.763827+00:00,86.2,50,bid,FlawlessFlatbreads,EarnestEspressos,2889005
2026-07-01T20:03:23.680984,2026-07-01T20:03:23.691287+00:00,86.0,11,ask,EarnestEspressos,Xuanyu Liu,2889015
2026-07-01T20:03:24.734765,2026-07-01T20:03:24.743284+00:00,86.0,3,ask,EarnestEspressos,Xuanyu Liu,2889044
2026-07-01T20:03:24.861860,2026-07-01T20:03:24.873101+00:00,86.2,50,bid,FlawlessFlatbreads,DiligentDonuts,2889046
2026-07-01T20:03:24.901103,2026-07-01T20:03:24.912731+00:00,86.0,40,ask,EarnestEspressos,CostlyCorianders,2889047
2026-07-01T20:03:27.021168,2026-07-01T20:03:27.039822+00:00,85.8,4,ask,Kelvin Chan,FlawlessFlatbreads,2889092
2026-07-01T20:03:27.021168,2026-07-01T20:03:27.039822+00:00,85.7,46,ask,DiligentDonuts,FlawlessFlatbreads,2889093
2026-07-01T20:03:28.739297,2026-07-01T20:03:28.746894+00:00,86.2,45,bid,CostlyCorianders,DiligentDonuts,2889122
2026-07-01T20:03:29.077150,2026-07-01T20:03:29.088607+00:00,86.2,50,bid,FlawlessFlatbreads,DiligentDonuts,2889134
2026-07-01T20:03:29.387229,2026-07-01T20:03:29.398689+00:00,86.0,48,ask,DiligentDonuts,CostlyCorianders,2889139
2026-07-01T20:03:30.368747,2026-07-01T20:03:30.379977+00:00,86.0,48,ask,DiligentDonuts,CostlyCorianders,2889150
2026-07-01T20:03:31.184820,2026-07-01T20:03:31.196458+00:00,86.3,50,bid,FlawlessFlatbreads,EarnestEspressos,2889170
2026-07-01T20:03:32.948738,2026-07-01T20:03:32.958554+00:00,86.2,40,bid,CostlyCorianders,DiligentDonuts,2889209
2026-07-01T20:03:33.297063,2026-07-01T20:03:33.308281+00:00,86.2,50,bid,FlawlessFlatbreads,DiligentDonuts,2889217
2026-07-01T20:03:35.753916,2026-07-01T20:03:35.765393+00:00,85.9,41,ask,EarnestEspressos,CostlyCorianders,2889260
2026-07-01T20:03:36.276764,2026-07-01T20:03:36.288418+00:00,86.2,5,bid,CostlyCorianders,Kelvin Chan,2889272
2026-07-01T20:03:36.276764,2026-07-01T20:03:36.288418+00:00,86.3,37,bid,CostlyCorianders,DiligentDonuts,2889273
2026-07-01T20:03:36.820866,2026-07-01T20:03:36.832260+00:00,86.2,41,bid,CostlyCorianders,EarnestEspressos,2889278
2026-07-01T20:03:38.314281,2026-07-01T20:03:38.324674+00:00,86.0,1,ask,Kelvin Chan,CostlyCorianders,2889299
2026-07-01T20:03:38.314281,2026-07-01T20:03:38.324674+00:00,85.8,45,ask,DiligentDonuts,CostlyCorianders,2889300
2026-07-01T20:03:38.913359,2026-07-01T20:03:38.924626+00:00,86.2,44,bid,CostlyCorianders,EarnestEspressos,2889317
2026-07-01T20:03:39.549743,2026-07-01T20:03:39.558499+00:00,86.0,49,ask,EarnestEspressos,CostlyCorianders,2889331
2026-07-01T20:03:39.667256,2026-07-01T20:03:39.676629+00:00,86.0,50,ask,EarnestEspressos,FlawlessFlatbreads,2889332
2026-07-01T20:03:40.591891,2026-07-01T20:03:40.603605+00:00,86.0,49,ask,EarnestEspressos,CostlyCorianders,2889362
2026-07-01T20:03:41.722142,2026-07-01T20:03:41.728615+00:00,86.3,3,bid,FlawlessFlatbreads,Kelvin Chan,2889378
2026-07-01T20:03:41.722142,2026-07-01T20:03:41.734031+00:00,86.4,47,bid,FlawlessFlatbreads,DiligentDonuts,2889379
2026-07-01T20:03:42.725901,2026-07-01T20:03:42.738783+00:00,86.0,1,ask,Kelvin Chan,EarnestEspressos,2889409
2026-07-01T20:03:42.725901,2026-07-01T20:03:42.738783+00:00,85.9,100,ask,DiligentDonuts,EarnestEspressos,2889410
2026-07-01T20:03:45.313421,2026-07-01T20:03:45.323243+00:00,85.8,4,bid,Kelvin Chan,DiligentDonuts,2889452
2026-07-01T20:03:46.345703,2026-07-01T20:03:46.363989+00:00,85.8,46,bid,CostlyCorianders,DiligentDonuts,2889475
2026-07-01T20:03:46.562978,2026-07-01T20:03:46.572468+00:00,85.8,2,bid,Kelvin Chan,DiligentDonuts,2889477
2026-07-01T20:03:46.844973,2026-07-01T20:03:46.856313+00:00,85.6,41,ask,EarnestEspressos,CostlyCorianders,2889484
2026-07-01T20:03:48.048644,2026-07-01T20:03:48.053186+00:00,85.8,48,bid,FlawlessFlatbreads,DiligentDonuts,2889505
2026-07-01T20:03:48.048644,2026-07-01T20:03:48.053186+00:00,86.1,2,bid,FlawlessFlatbreads,EarnestEspressos,2889506
2026-07-01T20:03:48.400563,2026-07-01T20:03:48.410124+00:00,86.1,45,bid,CostlyCorianders,EarnestEspressos,2889514
2026-07-01T20:03:49.422831,2026-07-01T20:03:49.434164+00:00,85.7,40,ask,DiligentDonuts,CostlyCorianders,2889539
2026-07-01T20:03:50.165219,2026-07-01T20:03:50.171639+00:00,86.1,50,bid,FlawlessFlatbreads,EarnestEspressos,2889551
2026-07-01T20:03:50.590655,2026-07-01T20:03:50.601517+00:00,86.1,45,bid,CostlyCorianders,EarnestEspressos,2889554
2026-07-01T20:03:51.168141,2026-07-01T20:03:51.179346+00:00,86.1,46,bid,CostlyCorianders,EarnestEspressos,2889569
2026-07-01T20:03:52.168786,2026-07-01T20:03:52.179455+00:00,86.0,100,bid,EarnestEspressos,DiligentDonuts,2889587
2026-07-01T20:03:52.168786,2026-07-01T20:03:52.179455+00:00,86.1,2,bid,EarnestEspressos,Kelvin Chan,2889588
2026-07-01T20:03:52.236965,2026-07-01T20:03:52.247789+00:00,86.1,14,ask,EarnestEspressos,Xuanyu Liu,2889589
2026-07-01T20:03:52.275456,2026-07-01T20:03:52.282520+00:00,86.6,50,bid,FlawlessFlatbreads,EarnestEspressos,2889593
2026-07-01T20:03:56.512299,2026-07-01T20:03:56.523851+00:00,86.2,1,bid,FlawlessFlatbreads,Kelvin Chan,2889662
2026-07-01T20:03:56.512299,2026-07-01T20:03:56.523851+00:00,86.4,49,bid,FlawlessFlatbreads,EarnestEspressos,2889663
2026-07-01T20:03:57.516090,2026-07-01T20:03:57.524699+00:00,86.0,12,ask,DiligentDonuts,Xuanyu Liu,2889689
2026-07-01T20:03:58.621961,2026-07-01T20:03:58.633714+00:00,86.1,50,bid,FlawlessFlatbreads,DiligentDonuts,2889707
2026-07-01T20:04:00.220742,2026-07-01T20:04:00.230286+00:00,85.9,2,ask,Kelvin Chan,CostlyCorianders,2889741
2026-07-01T20:04:00.220742,2026-07-01T20:04:00.230286+00:00,85.9,39,ask,EarnestEspressos,CostlyCorianders,2889742
2026-07-01T20:04:00.730440,2026-07-01T20:04:00.742051+00:00,86.1,50,bid,FlawlessFlatbreads,DiligentDonuts,2889747
2026-07-01T20:04:01.233383,2026-07-01T20:04:01.244865+00:00,86.0,43,ask,DiligentDonuts,CostlyCorianders,2889758
2026-07-01T20:04:02.393260,2026-07-01T20:04:02.402538+00:00,86.3,45,bid,CostlyCorianders,EarnestEspressos,2889784
2026-07-01T20:04:02.892655,2026-07-01T20:04:02.901199+00:00,86.0,50,ask,DiligentDonuts,FlawlessFlatbreads,2889792
2026-07-01T20:04:05.000154,2026-07-01T20:04:05.011888+00:00,86.0,50,ask,EarnestEspressos,FlawlessFlatbreads,2889829
2026-07-01T20:04:05.000320,2026-07-01T20:04:05.011888+00:00,86.0,44,ask,EarnestEspressos,CostlyCorianders,2889830
2026-07-01T20:04:07.055425,2026-07-01T20:04:07.069028+00:00,86.3,3,bid,FlawlessFlatbreads,Kelvin Chan,2889887
2026-07-01T20:04:07.055425,2026-07-01T20:04:07.069028+00:00,86.3,47,bid,FlawlessFlatbreads,DiligentDonuts,2889888
2026-07-01T20:04:07.714568,2026-07-01T20:04:07.723272+00:00,86.0,41,ask,EarnestEspressos,CostlyCorianders,2889896
2026-07-01T20:04:08.070466,2026-07-01T20:04:08.078896+00:00,86.1,23,bid,Xuanyu Liu,EarnestEspressos,2889912
2026-07-01T20:04:08.771937,2026-07-01T20:04:08.781316+00:00,86.1,48,bid,CostlyCorianders,EarnestEspressos,2889931
2026-07-01T20:04:09.163877,2026-07-01T20:04:09.175518+00:00,86.1,50,bid,FlawlessFlatbreads,EarnestEspressos,2889937
2026-07-01T20:04:10.468251,2026-07-01T20:04:10.479798+00:00,86.1,29,bid,DiligentDonuts,EarnestEspressos,2889970
2026-07-01T20:04:10.647370,2026-07-01T20:04:10.655995+00:00,86.2,23,ask,DiligentDonuts,Xuanyu Liu,2889977
2026-07-01T20:04:11.327179,2026-07-01T20:04:11.338507+00:00,86.2,48,ask,DiligentDonuts,FlawlessFlatbreads,2889984
2026-07-01T20:04:11.327179,2026-07-01T20:04:11.338507+00:00,86.2,2,ask,EarnestEspressos,FlawlessFlatbreads,2889985
2026-07-01T20:04:13.385081,2026-07-01T20:04:13.392506+00:00,86.7,50,bid,FlawlessFlatbreads,DiligentDonuts,2890018
2026-07-01T20:04:15.424623,2026-07-01T20:04:15.434012+00:00,86.3,11,ask,EarnestEspressos,Xuanyu Liu,2890060
2026-07-01T20:04:15.493539,2026-07-01T20:04:15.505250+00:00,86.4,50,bid,FlawlessFlatbreads,DiligentDonuts,2890063
2026-07-01T20:04:15.880585,2026-07-01T20:04:15.888680+00:00,86.3,12,ask,EarnestEspressos,Xuanyu Liu,2890070
2026-07-01T20:04:16.154151,2026-07-01T20:04:16.163927+00:00,86.3,46,ask,EarnestEspressos,CostlyCorianders,2890077
2026-07-01T20:04:16.779736,2026-07-01T20:04:16.791375+00:00,86.3,49,ask,EarnestEspressos,CostlyCorianders,2890091
2026-07-01T20:04:17.207860,2026-07-01T20:04:17.216255+00:00,86.3,11,ask,EarnestEspressos,Xuanyu Liu,2890100
2026-07-01T20:04:17.367939,2026-07-01T20:04:17.381762+00:00,86.4,2,bid,CostlyCorianders,Kelvin Chan,2890104
2026-07-01T20:04:17.367939,2026-07-01T20:04:17.381762+00:00,86.4,45,bid,CostlyCorianders,DiligentDonuts,2890105
2026-07-01T20:04:17.546085,2026-07-01T20:04:17.573239+00:00,86.0,1,ask,Kelvin Chan,EarnestEspressos,2890108
2026-07-01T20:04:17.546085,2026-07-01T20:04:17.573239+00:00,85.9,100,ask,DiligentDonuts,EarnestEspressos,2890109
2026-07-01T20:04:17.565002,2026-07-01T20:04:17.573239+00:00,85.9,23,bid,Xuanyu Liu,EarnestEspressos,2890110
2026-07-01T20:04:17.601233,2026-07-01T20:04:17.612649+00:00,85.9,26,bid,FlawlessFlatbreads,EarnestEspressos,2890112
2026-07-01T20:04:17.601233,2026-07-01T20:04:17.612649+00:00,86.4,24,bid,FlawlessFlatbreads,DiligentDonuts,2890113
2026-07-01T20:04:19.011041,2026-07-01T20:04:19.022460+00:00,86.4,31,bid,CostlyCorianders,DiligentDonuts,2890138
2026-07-01T20:04:19.011041,2026-07-01T20:04:19.022460+00:00,86.4,3,bid,CostlyCorianders,Kelvin Chan,2890139
2026-07-01T20:04:21.289754,2026-07-01T20:04:21.301374+00:00,86.1,43,ask,EarnestEspressos,CostlyCorianders,2890199
2026-07-01T20:04:21.819496,2026-07-01T20:04:21.830835+00:00,86.3,50,bid,FlawlessFlatbreads,DiligentDonuts,2890207
2026-07-01T20:04:22.850861,2026-07-01T20:04:22.858580+00:00,86.3,43,bid,CostlyCorianders,DiligentDonuts,2890228
2026-07-01T20:04:23.492902,2026-07-01T20:04:23.499831+00:00,86.4,4,bid,CostlyCorianders,Kelvin Chan,2890247
2026-07-01T20:04:26.081296,2026-07-01T20:04:26.088707+00:00,86.1,50,ask,DiligentDonuts,FlawlessFlatbreads,2890284
2026-07-01T20:04:28.186973,2026-07-01T20:04:28.193020+00:00,86.0,50,ask,EarnestEspressos,FlawlessFlatbreads,2890330
2026-07-01T20:04:30.283014,2026-07-01T20:04:30.294418+00:00,86.4,4,bid,CostlyCorianders,Kelvin Chan,2890365
2026-07-01T20:04:30.283014,2026-07-01T20:04:30.294418+00:00,86.4,44,bid,CostlyCorianders,EarnestEspressos,2890366
2026-07-01T20:04:30.294207,2026-07-01T20:04:30.305501+00:00,86.1,50,ask,DiligentDonuts,FlawlessFlatbreads,2890367
2026-07-01T20:04:32.403912,2026-07-01T20:04:32.414507+00:00,86.1,50,ask,DiligentDonuts,FlawlessFlatbreads,2890406
2026-07-01T20:04:34.509341,2026-07-01T20:04:34.520573+00:00,86.0,50,ask,EarnestEspressos,FlawlessFlatbreads,2890445
2026-07-01T20:04:34.987002,2026-07-01T20:04:34.998323+00:00,86.0,40,ask,EarnestEspressos,CostlyCorianders,2890464
2026-07-01T20:04:35.571486,2026-07-01T20:04:35.580569+00:00,86.0,44,ask,EarnestEspressos,CostlyCorianders,2890477
2026-07-01T20:04:36.565429,2026-07-01T20:04:36.576947+00:00,86.0,23,bid,Xuanyu Liu,EarnestEspressos,2890497
2026-07-01T20:04:36.620525,2026-07-01T20:04:36.631744+00:00,85.7,50,ask,DiligentDonuts,FlawlessFlatbreads,2890500
2026-07-01T20:04:38.728468,2026-07-01T20:04:38.739921+00:00,85.7,50,ask,DiligentDonuts,FlawlessFlatbreads,2890543
2026-07-01T20:04:39.033124,2026-07-01T20:04:39.048582+00:00,85.7,8,bid,Xuanyu Liu,DiligentDonuts,2890551
2026-07-01T20:04:39.319529,2026-07-01T20:04:39.331122+00:00,85.7,41,bid,CostlyCorianders,DiligentDonuts,2890558
2026-07-01T20:04:39.497386,2026-07-01T20:04:39.507886+00:00,85.7,3,bid,Xuanyu Liu,DiligentDonuts,2890561
2026-07-01T20:04:39.977772,2026-07-01T20:04:39.985926+00:00,85.7,4,bid,Kelvin Chan,DiligentDonuts,2890573
2026-07-01T20:04:40.842798,2026-07-01T20:04:40.846522+00:00,85.4,50,ask,EarnestEspressos,FlawlessFlatbreads,2890586
2026-07-01T20:04:40.996974,2026-07-01T20:04:41.006966+00:00,85.7,4,bid,Kelvin Chan,DiligentDonuts,2890596
2026-07-01T20:04:41.509885,2026-07-01T20:04:41.517503+00:00,85.7,40,bid,CostlyCorianders,DiligentDonuts,2890610
2026-07-01T20:04:41.509885,2026-07-01T20:04:41.517503+00:00,85.9,4,bid,CostlyCorianders,EarnestEspressos,2890611
2026-07-01T20:04:42.950021,2026-07-01T20:04:42.963900+00:00,85.6,50,ask,DiligentDonuts,FlawlessFlatbreads,2890639
2026-07-01T20:04:43.286855,2026-07-01T20:04:43.296584+00:00,85.6,49,ask,DiligentDonuts,CostlyCorianders,2890648
2026-07-01T20:04:44.037998,2026-07-01T20:04:44.041397+00:00,85.7,4,bid,Kelvin Chan,EarnestEspressos,2890665
2026-07-01T20:04:44.186783,2026-07-01T20:04:44.196860+00:00,85.7,4,bid,Kelvin Chan,EarnestEspressos,2890669
2026-07-01T20:04:44.327005,2026-07-01T20:04:44.338837+00:00,85.6,1,ask,DiligentDonuts,CostlyCorianders,2890670
2026-07-01T20:04:45.059542,2026-07-01T20:04:45.069570+00:00,85.7,5,bid,Kelvin Chan,EarnestEspressos,2890682
2026-07-01T20:04:45.062861,2026-07-01T20:04:45.074800+00:00,85.2,50,ask,EarnestEspressos,FlawlessFlatbreads,2890683
2026-07-01T20:04:45.403503,2026-07-01T20:04:45.410666+00:00,85.6,45,bid,CostlyCorianders,DiligentDonuts,2890689
2026-07-01T20:04:47.170555,2026-07-01T20:04:47.181975+00:00,85.1,50,ask,DiligentDonuts,FlawlessFlatbreads,2890718
2026-07-01T20:04:47.376629,2026-07-01T20:04:47.385559+00:00,85.4,3,bid,Xuanyu Liu,EarnestEspressos,2890722
2026-07-01T20:04:47.593620,2026-07-01T20:04:47.605228+00:00,85.1,41,ask,DiligentDonuts,CostlyCorianders,2890725
2026-07-01T20:04:49.121898,2026-07-01T20:04:49.133226+00:00,85.4,44,bid,CostlyCorianders,DiligentDonuts,2890763
2026-07-01T20:04:49.279331,2026-07-01T20:04:49.290925+00:00,84.9,50,ask,DiligentDonuts,FlawlessFlatbreads,2890766
2026-07-01T20:04:49.589008,2026-07-01T20:04:49.600358+00:00,85.4,43,bid,CostlyCorianders,DiligentDonuts,2890777
2026-07-01T20:04:51.385840,2026-07-01T20:04:51.397109+00:00,84.9,50,ask,DiligentDonuts,FlawlessFlatbreads,2890822
2026-07-01T20:04:53.501958,2026-07-01T20:04:53.511930+00:00,84.9,50,ask,DiligentDonuts,FlawlessFlatbreads,2890878
2026-07-01T20:04:55.608163,2026-07-01T20:04:55.619659+00:00,84.6,50,ask,DiligentDonuts,FlawlessFlatbreads,2890908
2026-07-01T20:04:56.569917,2026-07-01T20:04:56.581484+00:00,85.1,3,bid,Xuanyu Liu,DiligentDonuts,2890926
2026-07-01T20:04:57.511392,2026-07-01T20:04:57.522942+00:00,85.1,46,bid,CostlyCorianders,DiligentDonuts,2890941
2026-07-01T20:04:57.740045,2026-07-01T20:04:57.737919+00:00,84.6,50,ask,DiligentDonuts,FlawlessFlatbreads,2890945
2026-07-01T20:04:58.133684,2026-07-01T20:04:58.146444+00:00,84.6,46,ask,EarnestEspressos,CostlyCorianders,2890953
2026-07-01T20:04:59.845409,2026-07-01T20:04:59.852662+00:00,84.6,50,ask,EarnestEspressos,FlawlessFlatbreads,2890984
2026-07-01T20:05:01.164063,2026-07-01T20:05:01.175448+00:00,84.6,40,ask,EarnestEspressos,CostlyCorianders,2891001
2026-07-01T20:05:01.200229,2026-07-01T20:05:01.209563+00:00,85.0,4,bid,Kelvin Chan,DiligentDonuts,2891002
2026-07-01T20:05:01.495476,2026-07-01T20:05:01.505633+00:00,85.0,3,bid,Kelvin Chan,DiligentDonuts,2891009
2026-07-01T20:05:01.728950,2026-07-01T20:05:01.736352+00:00,85.0,3,bid,Kelvin Chan,DiligentDonuts,2891010
2026-07-01T20:05:01.872385,2026-07-01T20:05:01.884339+00:00,84.8,11,bid,Xuanyu Liu,EarnestEspressos,2891011
2026-07-01T20:05:01.906713,2026-07-01T20:05:01.913599+00:00,84.8,50,bid,FlawlessFlatbreads,EarnestEspressos,2891014
2026-07-01T20:05:04.041772,2026-07-01T20:05:04.048360+00:00,84.8,50,bid,FlawlessFlatbreads,EarnestEspressos,2891068
2026-07-01T20:05:06.147264,2026-07-01T20:05:06.163645+00:00,84.9,50,bid,FlawlessFlatbreads,DiligentDonuts,2891104
2026-07-01T20:05:06.393046,2026-07-01T20:05:06.404243+00:00,84.9,41,bid,CostlyCorianders,DiligentDonuts,2891110
2026-07-01T20:05:06.446909,2026-07-01T20:05:06.463649+00:00,84.6,41,ask,EarnestEspressos,CostlyCorianders,2891111
2026-07-01T20:05:06.992674,2026-07-01T20:05:07.004215+00:00,84.9,9,bid,CostlyCorianders,DiligentDonuts,2891127
2026-07-01T20:05:06.992674,2026-07-01T20:05:07.004215+00:00,85.1,31,bid,CostlyCorianders,EarnestEspressos,2891128
2026-07-01T20:05:10.419292,2026-07-01T20:05:10.430911+00:00,84.9,1,ask,Kelvin Chan,FlawlessFlatbreads,2891191
2026-07-01T20:05:10.419292,2026-07-01T20:05:10.430911+00:00,84.7,49,ask,DiligentDonuts,FlawlessFlatbreads,2891192
2026-07-01T20:05:11.870018,2026-07-01T20:05:11.881477+00:00,84.6,41,ask,DiligentDonuts,CostlyCorianders,2891220
2026-07-01T20:05:12.528089,2026-07-01T20:05:12.535100+00:00,84.6,50,ask,DiligentDonuts,FlawlessFlatbreads,2891231
2026-07-01T20:05:12.871213,2026-07-01T20:05:12.879929+00:00,85.0,45,bid,CostlyCorianders,EarnestEspressos,2891235
2026-07-01T20:05:13.885532,2026-07-01T20:05:13.896908+00:00,84.8,43,bid,CostlyCorianders,DiligentDonuts,2891276
2026-07-01T20:05:16.688310,2026-07-01T20:05:16.699560+00:00,84.8,50,bid,FlawlessFlatbreads,DiligentDonuts,2891325
2026-07-01T20:05:20.899930,2026-07-01T20:05:20.911321+00:00,85.1,5,bid,FlawlessFlatbreads,Kelvin Chan,2891410
2026-07-01T20:05:21.178459,2026-07-01T20:05:21.185319+00:00,84.8,43,ask,EarnestEspressos,CostlyCorianders,2891416
2026-07-01T20:05:21.747974,2026-07-01T20:05:21.747781+00:00,85.1,5,bid,CostlyCorianders,Kelvin Chan,2891431
2026-07-01T20:05:23.006208,2026-07-01T20:05:23.016938+00:00,85.1,5,bid,FlawlessFlatbreads,Kelvin Chan,2891456
2026-07-01T20:05:23.006208,2026-07-01T20:05:23.016938+00:00,85.2,45,bid,FlawlessFlatbreads,DiligentDonuts,2891457
2026-07-01T20:05:23.182883,2026-07-01T20:05:23.194117+00:00,84.8,46,ask,EarnestEspressos,CostlyCorianders,2891464
2026-07-01T20:05:25.114971,2026-07-01T20:05:25.126300+00:00,84.9,50,bid,FlawlessFlatbreads,EarnestEspressos,2891516
2026-07-01T20:05:27.223078,2026-07-01T20:05:27.239935+00:00,85.1,3,bid,FlawlessFlatbreads,Kelvin Chan,2891566
2026-07-01T20:05:27.223078,2026-07-01T20:05:27.239935+00:00,85.2,47,bid,FlawlessFlatbreads,DiligentDonuts,2891567
2026-07-01T20:05:27.743030,2026-07-01T20:05:27.754315+00:00,84.8,1,ask,Kelvin Chan,CostlyCorianders,2891578
2026-07-01T20:05:27.743030,2026-07-01T20:05:27.754315+00:00,84.8,39,ask,EarnestEspressos,CostlyCorianders,2891579
2026-07-01T20:05:29.331983,2026-07-01T20:05:29.343680+00:00,85.1,1,bid,FlawlessFlatbreads,Kelvin Chan,2891607
2026-07-01T20:05:29.845896,2026-07-01T20:05:29.858583+00:00,85.3,47,bid,CostlyCorianders,EarnestEspressos,2891620
2026-07-01T20:05:30.799100,2026-07-01T20:05:30.810275+00:00,84.9,41,ask,DiligentDonuts,CostlyCorianders,2891649
2026-07-01T20:05:31.438736,2026-07-01T20:05:31.450045+00:00,85.2,50,bid,FlawlessFlatbreads,EarnestEspressos,2891657
2026-07-01T20:05:33.601194,2026-07-01T20:05:33.612597+00:00,84.9,50,ask,DiligentDonuts,FlawlessFlatbreads,2891708
2026-07-01T20:05:35.713155,2026-07-01T20:05:35.723250+00:00,84.9,50,ask,DiligentDonuts,FlawlessFlatbreads,2891757
2026-07-01T20:05:36.005889,2026-07-01T20:05:36.014178+00:00,85.1,48,bid,CostlyCorianders,DiligentDonuts,2891766
2026-07-01T20:05:36.555570,2026-07-01T20:05:36.558576+00:00,84.9,49,ask,EarnestEspressos,CostlyCorianders,2891775
2026-07-01T20:05:37.769669,2026-07-01T20:05:37.781227+00:00,85.1,50,bid,FlawlessFlatbreads,DiligentDonuts,2891800
2026-07-01T20:05:39.879873,2026-07-01T20:05:39.889965+00:00,85.3,50,bid,FlawlessFlatbreads,EarnestEspressos,2891836
2026-07-01T20:05:40.241579,2026-07-01T20:05:40.250751+00:00,85.3,46,bid,CostlyCorianders,EarnestEspressos,2891837
2026-07-01T20:05:42.303062,2026-07-01T20:05:42.312984+00:00,85.3,45,bid,CostlyCorianders,EarnestEspressos,2891877
2026-07-01T20:05:42.358260,2026-07-01T20:05:42.369686+00:00,85.0,7,ask,Kelvin Chan,CostlyCorianders,2891878
2026-07-01T20:05:42.358260,2026-07-01T20:05:42.369686+00:00,84.9,42,ask,DiligentDonuts,CostlyCorianders,2891879
2026-07-01T20:05:42.961172,2026-07-01T20:05:42.971505+00:00,85.4,100,bid,EarnestEspressos,DiligentDonuts,2891893
2026-07-01T20:05:43.024971,2026-07-01T20:05:43.033444+00:00,85.5,14,ask,EarnestEspressos,Xuanyu Liu,2891894
2026-07-01T20:05:44.090384,2026-07-01T20:05:44.101627+00:00,86.0,50,bid,FlawlessFlatbreads,EarnestEspressos,2891908
2026-07-01T20:05:48.302266,2026-07-01T20:05:48.313629+00:00,85.6,50,bid,FlawlessFlatbreads,DiligentDonuts,2891996
2026-07-01T20:05:48.896456,2026-07-01T20:05:48.904090+00:00,85.4,44,ask,DiligentDonuts,CostlyCorianders,2892009
2026-07-01T20:05:49.499520,2026-07-01T20:05:49.510819+00:00,85.4,43,ask,DiligentDonuts,CostlyCorianders,2892020
2026-07-01T20:05:50.409294,2026-07-01T20:05:50.419620+00:00,85.5,3,bid,FlawlessFlatbreads,Kelvin Chan,2892034
2026-07-01T20:05:50.409294,2026-07-01T20:05:50.419620+00:00,85.6,47,bid,FlawlessFlatbreads,EarnestEspressos,2892035
2026-07-01T20:05:50.662595,2026-07-01T20:05:50.673897+00:00,85.6,48,bid,CostlyCorianders,EarnestEspressos,2892043
2026-07-01T20:05:52.452892,2026-07-01T20:05:52.463599+00:00,85.5,100,bid,EarnestEspressos,DiligentDonuts,2892073
2026-07-01T20:05:52.520133,2026-07-01T20:05:52.531070+00:00,86.1,50,bid,FlawlessFlatbreads,EarnestEspressos,2892074
2026-07-01T20:05:53.038617,2026-07-01T20:05:53.048107+00:00,85.6,3,ask,EarnestEspressos,Xuanyu Liu,2892090
2026-07-01T20:05:53.766501,2026-07-01T20:05:53.778228+00:00,85.6,41,ask,EarnestEspressos,CostlyCorianders,2892109
2026-07-01T20:05:54.249381,2026-07-01T20:05:54.252935+00:00,86.1,45,bid,CostlyCorianders,EarnestEspressos,2892129
2026-07-01T20:05:54.767340,2026-07-01T20:05:54.778728+00:00,85.6,6,ask,EarnestEspressos,CostlyCorianders,2892130
2026-07-01T20:05:54.767340,2026-07-01T20:05:54.778728+00:00,85.2,3,ask,Kelvin Chan,CostlyCorianders,2892131
2026-07-01T20:05:56.751491,2026-07-01T20:05:56.758581+00:00,85.6,1,bid,FlawlessFlatbreads,Kelvin Chan,2892180
2026-07-01T20:05:56.751491,2026-07-01T20:05:56.758581+00:00,85.9,49,bid,FlawlessFlatbreads,DiligentDonuts,2892181
2026-07-01T20:05:58.352868,2026-07-01T20:05:58.364199+00:00,85.9,44,bid,CostlyCorianders,EarnestEspressos,2892221
2026-07-01T20:05:58.408371,2026-07-01T20:05:58.419974+00:00,85.5,43,ask,DiligentDonuts,CostlyCorianders,2892222
2026-07-01T20:05:58.988122,2026-07-01T20:05:58.999449+00:00,85.6,49,ask,EarnestEspressos,CostlyCorianders,2892237
2026-07-01T20:05:59.490695,2026-07-01T20:05:59.503179+00:00,86.0,40,bid,CostlyCorianders,DiligentDonuts,2892245
2026-07-01T20:06:00.979065,2026-07-01T20:06:00.990367+00:00,86.0,49,bid,CostlyCorianders,DiligentDonuts,2892281
2026-07-01T20:06:01.039704,2026-07-01T20:06:01.051077+00:00,85.6,50,ask,EarnestEspressos,FlawlessFlatbreads,2892283
2026-07-01T20:06:02.010999,2026-07-01T20:06:02.020011+00:00,85.8,100,ask,DiligentDonuts,EarnestEspressos,2892306
2026-07-01T20:06:03.147555,2026-07-01T20:06:03.148334+00:00,85.3,50,ask,EarnestEspressos,FlawlessFlatbreads,2892343
2026-07-01T20:06:04.891488,2026-07-01T20:06:04.901756+00:00,85.5,43,ask,DiligentDonuts,CostlyCorianders,2892373
2026-07-01T20:06:05.255122,2026-07-01T20:06:05.263594+00:00,85.5,50,ask,DiligentDonuts,FlawlessFlatbreads,2892381
2026-07-01T20:06:05.466932,2026-07-01T20:06:05.477546+00:00,85.5,7,ask,DiligentDonuts,CostlyCorianders,2892385
2026-07-01T20:06:05.466932,2026-07-01T20:06:05.477546+00:00,85.5,35,ask,EarnestEspressos,CostlyCorianders,2892386
2026-07-01T20:06:06.545341,2026-07-01T20:06:06.556609+00:00,86.0,41,bid,CostlyCorianders,DiligentDonuts,2892399
2026-07-01T20:06:07.360730,2026-07-01T20:06:07.368987+00:00,85.5,50,ask,EarnestEspressos,FlawlessFlatbreads,2892413
2026-07-01T20:06:08.813777,2026-07-01T20:06:08.821786+00:00,85.8,3,bid,Xuanyu Liu,EarnestEspressos,2892436
2026-07-01T20:06:09.466045,2026-07-01T20:06:09.472434+00:00,85.4,50,ask,DiligentDonuts,FlawlessFlatbreads,2892448
2026-07-01T20:06:10.120401,2026-07-01T20:06:10.127817+00:00,85.8,41,bid,CostlyCorianders,EarnestEspressos,2892457
2026-07-01T20:06:11.521534,2026-07-01T20:06:11.532954+00:00,85.7,50,bid,FlawlessFlatbreads,DiligentDonuts,2892480
2026-07-01T20:06:12.203779,2026-07-01T20:06:12.219652+00:00,85.7,47,bid,CostlyCorianders,DiligentDonuts,2892489
2026-07-01T20:06:13.653568,2026-07-01T20:06:13.665121+00:00,85.7,3,bid,FlawlessFlatbreads,DiligentDonuts,2892509
2026-07-01T20:06:13.653568,2026-07-01T20:06:13.665121+00:00,85.8,47,bid,FlawlessFlatbreads,EarnestEspressos,2892510
2026-07-01T20:06:14.673311,2026-07-01T20:06:14.680365+00:00,85.6,40,ask,DiligentDonuts,CostlyCorianders,2892531
2026-07-01T20:06:15.163198,2026-07-01T20:06:15.174819+00:00,85.6,44,ask,DiligentDonuts,CostlyCorianders,2892537
2026-07-01T20:06:15.763522,2026-07-01T20:06:15.771894+00:00,86.0,50,bid,FlawlessFlatbreads,EarnestEspressos,2892557
2026-07-01T20:06:17.311272,2026-07-01T20:06:17.320546+00:00,85.7,44,bid,CostlyCorianders,DiligentDonuts,2892589
2026-07-01T20:06:17.869478,2026-07-01T20:06:17.881008+00:00,85.7,50,bid,FlawlessFlatbreads,DiligentDonuts,2892594
2026-07-01T20:06:19.976636,2026-07-01T20:06:19.987962+00:00,85.7,6,bid,FlawlessFlatbreads,DiligentDonuts,2892644
2026-07-01T20:06:19.976636,2026-07-01T20:06:19.987962+00:00,86.1,44,bid,FlawlessFlatbreads,EarnestEspressos,2892645
2026-07-01T20:06:20.935747,2026-07-01T20:06:20.967704+00:00,85.8,2,bid,EarnestEspressos,Kelvin Chan,2892661
2026-07-01T20:06:20.959527,2026-07-01T20:06:20.967704+00:00,85.8,14,ask,EarnestEspressos,Xuanyu Liu,2892662
2026-07-01T20:06:22.083292,2026-07-01T20:06:22.094845+00:00,85.9,50,bid,FlawlessFlatbreads,DiligentDonuts,2892683
2026-07-01T20:06:22.508032,2026-07-01T20:06:22.516882+00:00,85.8,4,ask,EarnestEspressos,Kelvin Chan,2892685
2026-07-01T20:06:24.189981,2026-07-01T20:06:24.198786+00:00,85.9,4,bid,FlawlessFlatbreads,Kelvin Chan,2892723
2026-07-01T20:06:24.189981,2026-07-01T20:06:24.198786+00:00,86.1,46,bid,FlawlessFlatbreads,DiligentDonuts,2892724
2026-07-01T20:06:26.297668,2026-07-01T20:06:26.309241+00:00,86.1,45,bid,FlawlessFlatbreads,DiligentDonuts,2892775
2026-07-01T20:06:26.408947,2026-07-01T20:06:26.420148+00:00,85.7,40,ask,EarnestEspressos,CostlyCorianders,2892779
2026-07-01T20:06:27.405895,2026-07-01T20:06:27.417129+00:00,85.8,42,ask,DiligentDonuts,CostlyCorianders,2892804
2026-07-01T20:06:28.405497,2026-07-01T20:06:28.416972+00:00,86.0,5,bid,FlawlessFlatbreads,Kelvin Chan,2892824
2026-07-01T20:06:28.405497,2026-07-01T20:06:28.416972+00:00,86.0,45,bid,FlawlessFlatbreads,EarnestEspressos,2892825
2026-07-01T20:06:28.655472,2026-07-01T20:06:28.667140+00:00,86.0,48,bid,CostlyCorianders,EarnestEspressos,2892826
2026-07-01T20:06:28.711314,2026-07-01T20:06:28.722624+00:00,85.8,47,ask,DiligentDonuts,CostlyCorianders,2892830
2026-07-01T20:06:30.512453,2026-07-01T20:06:30.523801+00:00,86.0,4,bid,FlawlessFlatbreads,Kelvin Chan,2892864
2026-07-01T20:06:30.512453,2026-07-01T20:06:30.523801+00:00,86.1,46,bid,FlawlessFlatbreads,DiligentDonuts,2892865
2026-07-01T20:06:31.132628,2026-07-01T20:06:31.141093+00:00,85.8,12,ask,EarnestEspressos,Xuanyu Liu,2892871
2026-07-01T20:06:31.962766,2026-07-01T20:06:31.974161+00:00,86.0,4,bid,CostlyCorianders,Kelvin Chan,2892890
2026-07-01T20:06:31.962766,2026-07-01T20:06:31.974161+00:00,86.1,44,bid,CostlyCorianders,DiligentDonuts,2892891
2026-07-01T20:06:34.265016,2026-07-01T20:06:34.275022+00:00,85.8,1,ask,Kelvin Chan,Xuanyu Liu,2892924
2026-07-01T20:06:34.357539,2026-07-01T20:06:34.365940+00:00,85.8,1,ask,Kelvin Chan,Xuanyu Liu,2892930
2026-07-01T20:06:34.805558,2026-07-01T20:06:34.816798+00:00,85.7,49,ask,DiligentDonuts,CostlyCorianders,2892939
2026-07-01T20:06:36.169410,2026-07-01T20:06:36.181057+00:00,86.1,2,bid,CostlyCorianders,Kelvin Chan,2892968
2026-07-01T20:06:36.169410,2026-07-01T20:06:36.181057+00:00,86.1,40,bid,CostlyCorianders,DiligentDonuts,2892969
2026-07-01T20:06:36.827869,2026-07-01T20:06:36.838130+00:00,85.8,1,ask,Kelvin Chan,ZIYAO YANG,2892973
2026-07-01T20:06:36.884684,2026-07-01T20:06:36.892911+00:00,85.8,2,ask,Kelvin Chan,FlawlessFlatbreads,2892975
2026-07-01T20:06:36.884684,2026-07-01T20:06:36.892911+00:00,85.7,48,ask,EarnestEspressos,FlawlessFlatbreads,2892976
2026-07-01T20:06:39.005668,2026-07-01T20:06:39.013555+00:00,85.8,3,ask,Kelvin Chan,Xuanyu Liu,2893011
2026-07-01T20:06:39.200465,2026-07-01T20:06:39.208082+00:00,85.8,4,ask,Kelvin Chan,Xuanyu Liu,2893013
2026-07-01T20:06:39.259460,2026-07-01T20:06:39.267547+00:00,85.8,2,ask,Kelvin Chan,Xuanyu Liu,2893015
2026-07-01T20:06:39.635064,2026-07-01T20:06:39.641996+00:00,85.8,2,ask,Kelvin Chan,CostlyCorianders,2893021
2026-07-01T20:06:39.635064,2026-07-01T20:06:39.646988+00:00,85.7,42,ask,EarnestEspressos,CostlyCorianders,2893022
2026-07-01T20:06:40.946635,2026-07-01T20:06:40.952941+00:00,85.6,48,ask,DiligentDonuts,CostlyCorianders,2893063
2026-07-01T20:06:41.045531,2026-07-01T20:06:41.056911+00:00,85.8,50,bid,FlawlessFlatbreads,EarnestEspressos,2893064
2026-07-01T20:06:45.838371,2026-07-01T20:06:45.847698+00:00,85.9,48,bid,CostlyCorianders,EarnestEspressos,2893149
2026-07-01T20:06:47.412612,2026-07-01T20:06:47.423970+00:00,85.5,50,ask,EarnestEspressos,FlawlessFlatbreads,2893191
2026-07-01T20:06:48.967248,2026-07-01T20:06:48.976232+00:00,85.5,48,ask,EarnestEspressos,CostlyCorianders,2893223
2026-07-01T20:06:49.520803,2026-07-01T20:06:49.532097+00:00,85.1,50,ask,DiligentDonuts,FlawlessFlatbreads,2893233
2026-07-01T20:06:49.567960,2026-07-01T20:06:49.579271+00:00,85.4,45,bid,CostlyCorianders,EarnestEspressos,2893234
2026-07-01T20:06:50.428111,2026-07-01T20:06:50.435057+00:00,85.4,1,bid,Kelvin Chan,EarnestEspressos,2893242
2026-07-01T20:06:50.555091,2026-07-01T20:06:50.566363+00:00,85.4,1,bid,Kelvin Chan,EarnestEspressos,2893245
2026-07-01T20:06:50.809036,2026-07-01T20:06:50.816573+00:00,85.4,11,bid,Xuanyu Liu,EarnestEspressos,2893253
2026-07-01T20:06:51.627240,2026-07-01T20:06:51.638712+00:00,85.1,50,ask,DiligentDonuts,FlawlessFlatbreads,2893274
2026-07-01T20:06:53.545614,2026-07-01T20:06:53.558803+00:00,85.5,4,bid,Kelvin Chan,DiligentDonuts,2893300
2026-07-01T20:06:53.734460,2026-07-01T20:06:53.745943+00:00,85.4,50,ask,EarnestEspressos,FlawlessFlatbreads,2893309
2026-07-01T20:06:53.868036,2026-07-01T20:06:53.874610+00:00,85.4,42,ask,EarnestEspressos,CostlyCorianders,2893313
2026-07-01T20:06:54.993854,2026-07-01T20:06:55.000467+00:00,85.5,44,bid,CostlyCorianders,DiligentDonuts,2893344
2026-07-01T20:06:55.840080,2026-07-01T20:06:55.864266+00:00,85.1,50,ask,DiligentDonuts,FlawlessFlatbreads,2893355
2026-07-01T20:06:56.059844,2026-07-01T20:06:56.070039+00:00,85.4,23,bid,Xuanyu Liu,EarnestEspressos,2893363
2026-07-01T20:06:56.619128,2026-07-01T20:06:56.629342+00:00,85.4,47,bid,CostlyCorianders,EarnestEspressos,2893380
2026-07-01T20:06:57.720222,2026-07-01T20:06:57.731463+00:00,85.4,46,bid,CostlyCorianders,EarnestEspressos,2893395
2026-07-01T20:06:57.946312,2026-07-01T20:06:57.958573+00:00,85.1,50,ask,DiligentDonuts,FlawlessFlatbreads,2893401
2026-07-01T20:06:58.249002,2026-07-01T20:06:58.263824+00:00,84.9,49,ask,EarnestEspressos,CostlyCorianders,2893402
2026-07-01T20:06:58.890622,2026-07-01T20:06:58.898109+00:00,85.3,100,bid,EarnestEspressos,DiligentDonuts,2893413
2026-07-01T20:06:59.015889,2026-07-01T20:06:59.027838+00:00,85.3,11,ask,EarnestEspressos,Xuanyu Liu,2893417
2026-07-01T20:07:00.088557,2026-07-01T20:07:00.095523+00:00,85.3,39,ask,EarnestEspressos,FlawlessFlatbreads,2893439
2026-07-01T20:07:00.088557,2026-07-01T20:07:00.100793+00:00,84.8,11,ask,DiligentDonuts,FlawlessFlatbreads,2893440
2026-07-01T20:07:02.107286,2026-07-01T20:07:02.125676+00:00,85.0,100,ask,DiligentDonuts,EarnestEspressos,2893484
2026-07-01T20:07:02.117533,2026-07-01T20:07:02.125676+00:00,85.0,14,bid,Xuanyu Liu,EarnestEspressos,2893485
2026-07-01T20:07:02.205164,2026-07-01T20:07:02.212288+00:00,84.5,50,ask,EarnestEspressos,FlawlessFlatbreads,2893487
2026-07-01T20:07:02.824961,2026-07-01T20:07:02.836666+00:00,85.0,36,bid,CostlyCorianders,EarnestEspressos,2893499
2026-07-01T20:07:02.824961,2026-07-01T20:07:02.836666+00:00,85.5,4,bid,CostlyCorianders,DiligentDonuts,2893500
2026-07-01T20:07:03.965817,2026-07-01T20:07:03.975377+00:00,84.5,40,ask,EarnestEspressos,CostlyCorianders,2893522
2026-07-01T20:07:04.325685,2026-07-01T20:07:04.333919+00:00,84.5,50,ask,EarnestEspressos,FlawlessFlatbreads,2893527
2026-07-01T20:07:06.121397,2026-07-01T20:07:06.132890+00:00,84.9,45,bid,CostlyCorianders,EarnestEspressos,2893553
2026-07-01T20:07:06.431136,2026-07-01T20:07:06.442588+00:00,84.6,50,ask,DiligentDonuts,FlawlessFlatbreads,2893557
2026-07-01T20:07:06.772219,2026-07-01T20:07:06.779620+00:00,84.6,43,ask,DiligentDonuts,CostlyCorianders,2893563
2026-07-01T20:07:07.090191,2026-07-01T20:07:07.100316+00:00,84.9,3,bid,Kelvin Chan,EarnestEspressos,2893568
2026-07-01T20:07:07.399646,2026-07-01T20:07:07.408474+00:00,84.9,3,bid,Kelvin Chan,EarnestEspressos,2893574
2026-07-01T20:07:07.759308,2026-07-01T20:07:07.770258+00:00,84.9,3,bid,Kelvin Chan,EarnestEspressos,2893576
2026-07-01T20:07:08.549297,2026-07-01T20:07:08.558595+00:00,84.8,50,ask,EarnestEspressos,FlawlessFlatbreads,2893598
2026-07-01T20:07:08.777087,2026-07-01T20:07:08.786645+00:00,84.9,3,bid,Kelvin Chan,DiligentDonuts,2893601
2026-07-01T20:07:10.654538,2026-07-01T20:07:10.666215+00:00,84.8,50,ask,EarnestEspressos,FlawlessFlatbreads,2893635
2026-07-01T20:07:10.978898,2026-07-01T20:07:10.990388+00:00,84.9,3,ask,Kelvin Chan,CostlyCorianders,2893645
2026-07-01T20:07:12.761518,2026-07-01T20:07:12.769046+00:00,84.9,3,ask,Kelvin Chan,FlawlessFlatbreads,2893681
2026-07-01T20:07:12.761518,2026-07-01T20:07:12.774390+00:00,84.5,47,ask,DiligentDonuts,FlawlessFlatbreads,2893682
2026-07-01T20:07:13.050135,2026-07-01T20:07:13.058556+00:00,85.0,46,bid,CostlyCorianders,DiligentDonuts,2893692
2026-07-01T20:07:14.102206,2026-07-01T20:07:14.113587+00:00,84.9,2,ask,Kelvin Chan,DiligentDonuts,2893710
2026-07-01T20:07:14.179612,2026-07-01T20:07:14.189446+00:00,84.9,2,bid,Kelvin Chan,DiligentDonuts,2893713
2026-07-01T20:07:14.270153,2026-07-01T20:07:14.279129+00:00,84.9,2,bid,Kelvin Chan,DiligentDonuts,2893715
2026-07-01T20:07:14.818541,2026-07-01T20:07:14.829824+00:00,84.9,50,bid,FlawlessFlatbreads,DiligentDonuts,2893730
2026-07-01T20:07:14.854801,2026-07-01T20:07:14.857737+00:00,84.8,3,ask,Kelvin Chan,CostlyCorianders,2893732
2026-07-01T20:07:14.854801,2026-07-01T20:07:14.857737+00:00,84.5,37,ask,EarnestEspressos,CostlyCorianders,2893733
2026-07-01T20:07:15.730983,2026-07-01T20:07:15.738647+00:00,84.9,3,bid,Xuanyu Liu,DiligentDonuts,2893749
2026-07-01T20:07:16.984263,2026-07-01T20:07:16.991403+00:00,84.8,5,ask,Kelvin Chan,FlawlessFlatbreads,2893775
2026-07-01T20:07:16.984263,2026-07-01T20:07:16.991403+00:00,84.5,45,ask,EarnestEspressos,FlawlessFlatbreads,2893776
2026-07-01T20:07:17.920632,2026-07-01T20:07:17.931983+00:00,84.6,100,ask,DiligentDonuts,EarnestEspressos,2893794
2026-07-01T20:07:17.933255,2026-07-01T20:07:17.945224+00:00,84.5,23,bid,Xuanyu Liu,EarnestEspressos,2893795
2026-07-01T20:07:18.004919,2026-07-01T20:07:18.014543+00:00,84.5,27,bid,CostlyCorianders,EarnestEspressos,2893801
2026-07-01T20:07:18.004919,2026-07-01T20:07:18.014543+00:00,85.1,2,bid,CostlyCorianders,Kelvin Chan,2893802
2026-07-01T20:07:18.004919,2026-07-01T20:07:18.014543+00:00,85.1,17,bid,CostlyCorianders,DiligentDonuts,2893803
2026-07-01T20:07:18.365028,2026-07-01T20:07:18.375281+00:00,84.8,3,ask,Kelvin Chan,Xuanyu Liu,2893808
2026-07-01T20:07:18.470881,2026-07-01T20:07:18.478912+00:00,84.8,3,ask,Kelvin Chan,Xuanyu Liu,2893810
2026-07-01T20:07:18.659544,2026-07-01T20:07:18.669050+00:00,84.8,3,ask,Kelvin Chan,Xuanyu Liu,2893812
2026-07-01T20:07:18.700854,2026-07-01T20:07:18.709049+00:00,84.8,3,ask,Kelvin Chan,Xuanyu Liu,2893817
2026-07-01T20:07:19.042009,2026-07-01T20:07:19.063675+00:00,85.1,50,bid,FlawlessFlatbreads,DiligentDonuts,2893825
2026-07-01T20:07:22.291773,2026-07-01T20:07:22.299732+00:00,84.6,11,ask,EarnestEspressos,Xuanyu Liu,2893904
2026-07-01T20:07:24.197082,2026-07-01T20:07:24.204761+00:00,84.9,41,bid,CostlyCorianders,DiligentDonuts,2893951
2026-07-01T20:07:25.408930,2026-07-01T20:07:25.417524+00:00,84.7,4,ask,Kelvin Chan,FlawlessFlatbreads,2893968
2026-07-01T20:07:25.408930,2026-07-01T20:07:25.417524+00:00,84.6,46,ask,EarnestEspressos,FlawlessFlatbreads,2893969
2026-07-01T20:07:25.885024,2026-07-01T20:07:25.895038+00:00,84.7,6,ask,Kelvin Chan,CostlyCorianders,2893992
2026-07-01T20:07:25.885024,2026-07-01T20:07:25.895038+00:00,84.6,42,ask,EarnestEspressos,CostlyCorianders,2893993
2026-07-01T20:07:27.389341,2026-07-01T20:07:27.400848+00:00,85.1,1,bid,CostlyCorianders,Kelvin Chan,2894030
2026-07-01T20:07:27.465299,2026-07-01T20:07:27.476821+00:00,84.8,50,bid,FlawlessFlatbreads,EarnestEspressos,2894034
2026-07-01T20:07:28.702233,2026-07-01T20:07:28.713580+00:00,84.8,41,bid,CostlyCorianders,EarnestEspressos,2894054
2026-07-01T20:07:29.179202,2026-07-01T20:07:29.185769+00:00,84.7,43,ask,DiligentDonuts,CostlyCorianders,2894078
2026-07-01T20:07:29.573458,2026-07-01T20:07:29.584746+00:00,84.8,50,bid,FlawlessFlatbreads,EarnestEspressos,2894089
2026-07-01T20:07:31.681733,2026-07-01T20:07:31.688138+00:00,85.1,50,bid,FlawlessFlatbreads,DiligentDonuts,2894135
2026-07-01T20:07:31.743981,2026-07-01T20:07:31.752223+00:00,84.9,3,ask,EarnestEspressos,Xuanyu Liu,2894138
2026-07-01T20:07:37.695594,2026-07-01T20:07:37.702723+00:00,85.1,2,bid,CostlyCorianders,Kelvin Chan,2894247
2026-07-01T20:07:37.695594,2026-07-01T20:07:37.707738+00:00,85.1,39,bid,CostlyCorianders,DiligentDonuts,2894248
2026-07-01T20:07:37.750690,2026-07-01T20:07:37.758568+00:00,84.8,41,ask,EarnestEspressos,CostlyCorianders,2894250
2026-07-01T20:07:38.298237,2026-07-01T20:07:38.309590+00:00,85.1,40,bid,CostlyCorianders,DiligentDonuts,2894267
2026-07-01T20:07:38.913512,2026-07-01T20:07:38.925030+00:00,84.8,43,ask,EarnestEspressos,CostlyCorianders,2894278
2026-07-01T20:07:40.093973,2026-07-01T20:07:40.105221+00:00,85.0,100,ask,DiligentDonuts,EarnestEspressos,2894300
2026-07-01T20:07:40.162666,2026-07-01T20:07:40.169074+00:00,84.7,3,ask,Kelvin Chan,FlawlessFlatbreads,2894304
2026-07-01T20:07:40.162666,2026-07-01T20:07:40.174106+00:00,84.3,47,ask,EarnestEspressos,FlawlessFlatbreads,2894305
2026-07-01T20:07:40.585511,2026-07-01T20:07:40.596942+00:00,84.8,14,bid,Xuanyu Liu,EarnestEspressos,2894323
2026-07-01T20:07:40.635677,2026-07-01T20:07:40.643991+00:00,84.8,12,bid,Xuanyu Liu,EarnestEspressos,2894325
2026-07-01T20:07:41.218407,2026-07-01T20:07:41.229815+00:00,84.8,24,bid,CostlyCorianders,EarnestEspressos,2894335
2026-07-01T20:07:43.216160,2026-07-01T20:07:43.225023+00:00,84.9,6,ask,EarnestEspressos,Xuanyu Liu,2894370
2026-07-01T20:07:43.260651,2026-07-01T20:07:43.274523+00:00,84.9,20,ask,EarnestEspressos,Xuanyu Liu,2894376
2026-07-01T20:07:43.784159,2026-07-01T20:07:43.795371+00:00,84.9,49,ask,EarnestEspressos,CostlyCorianders,2894395
2026-07-01T20:07:44.323203,2026-07-01T20:07:44.334448+00:00,85.3,50,bid,FlawlessFlatbreads,DiligentDonuts,2894403
2026-07-01T20:07:46.481568,2026-07-01T20:07:46.493184+00:00,85.0,50,ask,DiligentDonuts,FlawlessFlatbreads,2894421
2026-07-01T20:07:46.563511,2026-07-01T20:07:46.575136+00:00,85.1,42,bid,CostlyCorianders,EarnestEspressos,2894422
2026-07-01T20:07:47.569586,2026-07-01T20:07:47.581155+00:00,85.0,45,ask,DiligentDonuts,CostlyCorianders,2894437
2026-07-01T20:07:48.589417,2026-07-01T20:07:48.601004+00:00,85.0,5,ask,DiligentDonuts,FlawlessFlatbreads,2894447
2026-07-01T20:07:48.589417,2026-07-01T20:07:48.601004+00:00,84.6,45,ask,EarnestEspressos,FlawlessFlatbreads,2894448
2026-07-01T20:07:50.697345,2026-07-01T20:07:50.706416+00:00,84.7,30,ask,Kelvin Chan,FlawlessFlatbreads,2894475
2026-07-01T20:07:50.697345,2026-07-01T20:07:50.706416+00:00,84.6,20,ask,DiligentDonuts,FlawlessFlatbreads,2894476
2026-07-01T20:07:50.987260,2026-07-01T20:07:50.999001+00:00,85.0,43,bid,CostlyCorianders,EarnestEspressos,2894478
2026-07-01T20:07:51.110631,2026-07-01T20:07:51.121001+00:00,85.0,3,bid,Xuanyu Liu,EarnestEspressos,2894482
2026-07-01T20:07:52.016995,2026-07-01T20:07:52.025328+00:00,85.0,40,bid,CostlyCorianders,EarnestEspressos,2894498
2026-07-01T20:07:52.477610,2026-07-01T20:07:52.489306+00:00,84.7,44,ask,DiligentDonuts,CostlyCorianders,2894507
2026-07-01T20:07:52.809552,2026-07-01T20:07:52.817851+00:00,85.0,50,ask,EarnestEspressos,FlawlessFlatbreads,2894515
2026-07-01T20:07:53.575230,2026-07-01T20:07:53.586728+00:00,85.2,42,bid,CostlyCorianders,DiligentDonuts,2894529
2026-07-01T20:07:54.530606,2026-07-01T20:07:54.541928+00:00,85.0,43,ask,EarnestEspressos,CostlyCorianders,2894546
2026-07-01T20:07:54.916071,2026-07-01T20:07:54.927762+00:00,85.0,50,ask,EarnestEspressos,FlawlessFlatbreads,2894551
2026-07-01T20:07:55.103364,2026-07-01T20:07:55.110693+00:00,85.0,1,ask,EarnestEspressos,Kelvin Chan,2894554
2026-07-01T20:07:55.915838,2026-07-01T20:07:55.923824+00:00,84.8,11,bid,Xuanyu Liu,EarnestEspressos,2894564
2026-07-01T20:07:56.301841,2026-07-01T20:07:56.318150+00:00,84.8,12,bid,Xuanyu Liu,EarnestEspressos,2894575
2026-07-01T20:07:56.380384,2026-07-01T20:07:56.388942+00:00,84.8,34,bid,Xuanyu Liu,EarnestEspressos,2894582
2026-07-01T20:07:58.348939,2026-07-01T20:07:58.355179+00:00,84.8,93,bid,DiligentDonuts,EarnestEspressos,2894622
2026-07-01T20:07:58.416349,2026-07-01T20:07:58.426159+00:00,84.8,7,ask,DiligentDonuts,Xuanyu Liu,2894624
2026-07-01T20:07:59.024836,2026-07-01T20:07:59.032730+00:00,85.1,50,ask,EarnestEspressos,Xuanyu Liu,2894640
2026-07-01T20:08:00.506108,2026-07-01T20:08:00.517338+00:00,85.1,1,ask,EarnestEspressos,Kelvin Chan,2894670
2026-07-01T20:08:01.245901,2026-07-01T20:08:01.263901+00:00,85.1,50,ask,EarnestEspressos,FlawlessFlatbreads,2894688
2026-07-01T20:08:01.563640,2026-07-01T20:08:01.574102+00:00,85.1,49,ask,EarnestEspressos,DiligentDonuts,2894705
2026-07-01T20:08:01.575281,2026-07-01T20:08:01.583572+00:00,84.9,11,bid,Xuanyu Liu,DiligentDonuts,2894706
2026-07-01T20:08:04.457365,2026-07-01T20:08:04.464120+00:00,84.5,42,ask,EarnestEspressos,CostlyCorianders,2894754
2026-07-01T20:08:05.398033,2026-07-01T20:08:05.405948+00:00,84.8,12,bid,Xuanyu Liu,EarnestEspressos,2894769
2026-07-01T20:08:05.405863,2026-07-01T20:08:05.458660+00:00,84.8,50,bid,FlawlessFlatbreads,EarnestEspressos,2894771
2026-07-01T20:08:06.908131,2026-07-01T20:08:06.915284+00:00,84.8,11,bid,Xuanyu Liu,EarnestEspressos,2894792
2026-07-01T20:08:07.511068,2026-07-01T20:08:07.522670+00:00,84.8,50,bid,FlawlessFlatbreads,EarnestEspressos,2894797
2026-07-01T20:08:09.618362,2026-07-01T20:08:09.669612+00:00,85.2,50,bid,FlawlessFlatbreads,DiligentDonuts,2894825
2026-07-01T20:08:11.056581,2026-07-01T20:08:11.031164+00:00,85.3,42,bid,CostlyCorianders,EarnestEspressos,2894845
2026-07-01T20:08:11.670439,2026-07-01T20:08:11.686561+00:00,84.9,11,ask,EarnestEspressos,Xuanyu Liu,2894856
2026-07-01T20:08:11.727190,2026-07-01T20:08:11.734523+00:00,85.2,50,bid,FlawlessFlatbreads,DiligentDonuts,2894860
2026-07-01T20:08:13.852593,2026-07-01T20:08:13.858642+00:00,85.2,50,bid,FlawlessFlatbreads,DiligentDonuts,2894903
2026-07-01T20:08:14.197377,2026-07-01T20:08:14.207698+00:00,85.1,12,ask,DiligentDonuts,Xuanyu Liu,2894907
2026-07-01T20:08:14.206711,2026-07-01T20:08:14.228279+00:00,85.1,43,ask,DiligentDonuts,CostlyCorianders,2894909
2026-07-01T20:08:14.812731,2026-07-01T20:08:14.821463+00:00,85.1,11,ask,DiligentDonuts,Xuanyu Liu,2894920
2026-07-01T20:08:15.962428,2026-07-01T20:08:15.974273+00:00,85.4,50,bid,FlawlessFlatbreads,EarnestEspressos,2894951
2026-07-01T20:08:18.092936,2026-07-01T20:08:18.104522+00:00,85.6,50,bid,FlawlessFlatbreads,DiligentDonuts,2894996
2026-07-01T20:08:20.203446,2026-07-01T20:08:20.209837+00:00,85.6,50,bid,FlawlessFlatbreads,DiligentDonuts,2895051
2026-07-01T20:08:22.310224,2026-07-01T20:08:22.321051+00:00,85.7,50,bid,FlawlessFlatbreads,DiligentDonuts,2895095
2026-07-01T20:08:23.695749,2026-07-01T20:08:23.704380+00:00,85.5,3,ask,DiligentDonuts,Xuanyu Liu,2895112
2026-07-01T20:08:24.394831,2026-07-01T20:08:24.402306+00:00,85.8,47,bid,CostlyCorianders,EarnestEspressos,2895127
2026-07-01T20:08:24.416172,2026-07-01T20:08:24.424963+00:00,85.8,50,bid,FlawlessFlatbreads,EarnestEspressos,2895128
2026-07-01T20:08:24.877764,2026-07-01T20:08:24.887524+00:00,85.5,44,ask,DiligentDonuts,CostlyCorianders,2895131
2026-07-01T20:08:25.823263,2026-07-01T20:08:25.834475+00:00,85.8,46,bid,CostlyCorianders,EarnestEspressos,2895149
2026-07-01T20:08:26.573148,2026-07-01T20:08:26.579904+00:00,85.5,50,ask,DiligentDonuts,FlawlessFlatbreads,2895160
2026-07-01T20:08:26.630619,2026-07-01T20:08:26.638680+00:00,85.5,3,ask,DiligentDonuts,Xuanyu Liu,2895165
2026-07-01T20:08:26.964929,2026-07-01T20:08:26.976145+00:00,85.3,47,ask,EarnestEspressos,CostlyCorianders,2895168
2026-07-01T20:08:27.484895,2026-07-01T20:08:27.496286+00:00,85.4,100,bid,EarnestEspressos,DiligentDonuts,2895173
2026-07-01T20:08:28.413800,2026-07-01T20:08:28.425245+00:00,85.4,43,ask,EarnestEspressos,CostlyCorianders,2895183
2026-07-01T20:08:28.680049,2026-07-01T20:08:28.688120+00:00,85.4,7,ask,EarnestEspressos,FlawlessFlatbreads,2895191
2026-07-01T20:08:28.680049,2026-07-01T20:08:28.688120+00:00,85.1,5,ask,Kelvin Chan,FlawlessFlatbreads,2895192
2026-07-01T20:08:28.680049,2026-07-01T20:08:28.693389+00:00,84.9,38,ask,DiligentDonuts,FlawlessFlatbreads,2895193
2026-07-01T20:08:30.805361,2026-07-01T20:08:30.812082+00:00,85.2,4,ask,Kelvin Chan,FlawlessFlatbreads,2895226
2026-07-01T20:08:30.805361,2026-07-01T20:08:30.817425+00:00,85.0,46,ask,DiligentDonuts,FlawlessFlatbreads,2895227
2026-07-01T20:08:31.850435,2026-07-01T20:08:31.864089+00:00,85.3,46,bid,CostlyCorianders,EarnestEspressos,2895253
2026-07-01T20:08:32.914002,2026-07-01T20:08:32.925558+00:00,85.0,50,ask,DiligentDonuts,FlawlessFlatbreads,2895278
2026-07-01T20:08:33.215565,2026-07-01T20:08:33.232120+00:00,85.3,3,bid,Xuanyu Liu,EarnestEspressos,2895281
2026-07-01T20:08:33.885825,2026-07-01T20:08:33.892537+00:00,85.3,44,bid,CostlyCorianders,DiligentDonuts,2895306
2026-07-01T20:08:35.021490,2026-07-01T20:08:35.030488+00:00,85.1,50,ask,EarnestEspressos,FlawlessFlatbreads,2895322
2026-07-01T20:08:37.135375,2026-07-01T20:08:37.140612+00:00,85.1,5,ask,Kelvin Chan,FlawlessFlatbreads,2895364
2026-07-01T20:08:37.135375,2026-07-01T20:08:37.140612+00:00,85.0,45,ask,DiligentDonuts,FlawlessFlatbreads,2895365
2026-07-01T20:08:38.484833,2026-07-01T20:08:38.496154+00:00,85.1,5,ask,Kelvin Chan,CostlyCorianders,2895390
2026-07-01T20:08:38.484833,2026-07-01T20:08:38.496154+00:00,85.0,42,ask,DiligentDonuts,CostlyCorianders,2895391
2026-07-01T20:08:39.242541,2026-07-01T20:08:39.253843+00:00,85.0,13,ask,DiligentDonuts,FlawlessFlatbreads,2895404
2026-07-01T20:08:39.242541,2026-07-01T20:08:39.253843+00:00,84.9,37,ask,EarnestEspressos,FlawlessFlatbreads,2895405
2026-07-01T20:08:41.059501,2026-07-01T20:08:41.068481+00:00,85.2,3,bid,Xuanyu Liu,DiligentDonuts,2895441
2026-07-01T20:08:41.354022,2026-07-01T20:08:41.357910+00:00,84.9,50,ask,EarnestEspressos,FlawlessFlatbreads,2895446
2026-07-01T20:08:41.502641,2026-07-01T20:08:41.513873+00:00,85.2,42,bid,CostlyCorianders,DiligentDonuts,2895449
2026-07-01T20:08:41.970333,2026-07-01T20:08:41.978796+00:00,85.2,11,bid,Xuanyu Liu,DiligentDonuts,2895455
2026-07-01T20:08:42.874875,2026-07-01T20:08:42.885944+00:00,85.1,47,ask,DiligentDonuts,CostlyCorianders,2895470
2026-07-01T20:08:43.409567,2026-07-01T20:08:43.417886+00:00,85.3,50,bid,FlawlessFlatbreads,EarnestEspressos,2895487
2026-07-01T20:08:45.567220,2026-07-01T20:08:45.574844+00:00,85.1,50,ask,DiligentDonuts,FlawlessFlatbreads,2895522
2026-07-01T20:08:46.305135,2026-07-01T20:08:46.314218+00:00,85.1,12,bid,Xuanyu Liu,DiligentDonuts,2895540
2026-07-01T20:08:47.623706,2026-07-01T20:08:47.634869+00:00,85.1,50,bid,FlawlessFlatbreads,DiligentDonuts,2895558
2026-07-01T20:08:49.731266,2026-07-01T20:08:49.742821+00:00,85.3,2,bid,FlawlessFlatbreads,Kelvin Chan,2895591
2026-07-01T20:08:49.731266,2026-07-01T20:08:49.742821+00:00,85.5,48,bid,FlawlessFlatbreads,DiligentDonuts,2895592
2026-07-01T20:08:50.433853,2026-07-01T20:08:50.445394+00:00,85.3,3,bid,CostlyCorianders,Kelvin Chan,2895600
2026-07-01T20:08:50.433853,2026-07-01T20:08:50.445394+00:00,85.5,43,bid,CostlyCorianders,DiligentDonuts,2895601
2026-07-01T20:08:51.492338,2026-07-01T20:08:51.503609+00:00,85.3,3,bid,CostlyCorianders,Kelvin Chan,2895615
2026-07-01T20:08:51.844496,2026-07-01T20:08:51.868915+00:00,85.5,9,bid,FlawlessFlatbreads,DiligentDonuts,2895630
2026-07-01T20:08:51.844496,2026-07-01T20:08:51.868915+00:00,85.5,41,bid,FlawlessFlatbreads,EarnestEspressos,2895631
2026-07-01T20:08:52.159599,2026-07-01T20:08:52.167072+00:00,85.1,12,ask,DiligentDonuts,Xuanyu Liu,2895636
2026-07-01T20:08:53.121188,2026-07-01T20:08:53.129443+00:00,85.1,42,ask,DiligentDonuts,CostlyCorianders,2895659
2026-07-01T20:08:53.956597,2026-07-01T20:08:53.968315+00:00,85.5,50,bid,FlawlessFlatbreads,EarnestEspressos,2895678
2026-07-01T20:08:55.977202,2026-07-01T20:08:55.985139+00:00,85.3,11,ask,EarnestEspressos,Xuanyu Liu,2895718
2026-07-01T20:08:56.064336,2026-07-01T20:08:56.075819+00:00,85.5,50,bid,FlawlessFlatbreads,DiligentDonuts,2895720
2026-07-01T20:08:56.240752,2026-07-01T20:08:56.246941+00:00,85.5,46,bid,CostlyCorianders,DiligentDonuts,2895727
2026-07-01T20:08:56.757308,2026-07-01T20:08:56.756210+00:00,85.3,46,ask,EarnestEspressos,CostlyCorianders,2895740
2026-07-01T20:08:58.174505,2026-07-01T20:08:58.185892+00:00,85.4,4,bid,FlawlessFlatbreads,Kelvin Chan,2895779
2026-07-01T20:08:58.174505,2026-07-01T20:08:58.185892+00:00,85.5,4,bid,FlawlessFlatbreads,DiligentDonuts,2895780
2026-07-01T20:08:58.174505,2026-07-01T20:08:58.185892+00:00,85.8,42,bid,CostlyCorianders,EarnestEspressos,2895781
2026-07-01T20:08:58.484169,2026-07-01T20:08:58.496270+00:00,85.4,3,ask,DiligentDonuts,Xuanyu Liu,2895786
2026-07-01T20:08:58.893578,2026-07-01T20:08:58.905367+00:00,85.8,42,bid,FlawlessFlatbreads,EarnestEspressos,2895793
2026-07-01T20:09:00.283751,2026-07-01T20:09:00.290374+00:00,85.9,50,bid,FlawlessFlatbreads,DiligentDonuts,2895827
2026-07-01T20:09:02.389369,2026-07-01T20:09:02.397138+00:00,85.9,50,bid,FlawlessFlatbreads,EarnestEspressos,2895870
2026-07-01T20:09:03.096186,2026-07-01T20:09:03.105071+00:00,85.6,1,ask,DiligentDonuts,Kelvin Chan,2895883
2026-07-01T20:09:03.879144,2026-07-01T20:09:03.887886+00:00,85.6,1,ask,DiligentDonuts,Kelvin Chan,2895895
2026-07-01T20:09:04.097034,2026-07-01T20:09:04.107625+00:00,85.6,1,ask,DiligentDonuts,Kelvin Chan,2895902
2026-07-01T20:09:04.171905,2026-07-01T20:09:04.179605+00:00,85.6,1,ask,DiligentDonuts,Kelvin Chan,2895907
2026-07-01T20:09:04.303225,2026-07-01T20:09:04.311367+00:00,85.6,1,ask,DiligentDonuts,Kelvin Chan,2895914
2026-07-01T20:09:04.483000,2026-07-01T20:09:04.494538+00:00,85.6,1,ask,DiligentDonuts,Kelvin Chan,2895919
2026-07-01T20:09:04.497616,2026-07-01T20:09:04.505334+00:00,85.9,50,bid,FlawlessFlatbreads,EarnestEspressos,2895921
2026-07-01T20:09:05.451660,2026-07-01T20:09:05.458010+00:00,85.6,2,bid,EarnestEspressos,Kelvin Chan,2895936
2026-07-01T20:09:05.459517,2026-07-01T20:09:05.468050+00:00,85.8,14,ask,EarnestEspressos,Xuanyu Liu,2895937
2026-07-01T20:09:05.501335,2026-07-01T20:09:05.511422+00:00,85.8,1,ask,EarnestEspressos,Kelvin Chan,2895939
2026-07-01T20:09:06.064976,2026-07-01T20:09:06.074689+00:00,85.8,12,ask,EarnestEspressos,Xuanyu Liu,2895955
2026-07-01T20:09:07.767554,2026-07-01T20:09:07.774192+00:00,85.8,46,ask,EarnestEspressos,CostlyCorianders,2895999
2026-07-01T20:09:08.759656,2026-07-01T20:09:08.769001+00:00,85.5,50,ask,DiligentDonuts,FlawlessFlatbreads,2896020
2026-07-01T20:09:09.775445,2026-07-01T20:09:09.784807+00:00,85.5,47,ask,DiligentDonuts,CostlyCorianders,2896042
2026-07-01T20:09:11.222469,2026-07-01T20:09:11.231358+00:00,85.7,12,bid,Xuanyu Liu,DiligentDonuts,2896076
2026-07-01T20:09:12.679452,2026-07-01T20:09:12.688079+00:00,85.7,49,bid,CostlyCorianders,DiligentDonuts,2896103
2026-07-01T20:09:12.972258,2026-07-01T20:09:12.978933+00:00,85.5,50,ask,EarnestEspressos,FlawlessFlatbreads,2896108
2026-07-01T20:09:13.936250,2026-07-01T20:09:13.944266+00:00,85.7,11,bid,Xuanyu Liu,DiligentDonuts,2896123
2026-07-01T20:09:14.247831,2026-07-01T20:09:14.258634+00:00,85.5,45,ask,EarnestEspressos,CostlyCorianders,2896132
2026-07-01T20:09:15.091817,2026-07-01T20:09:15.103129+00:00,85.5,50,ask,DiligentDonuts,FlawlessFlatbreads,2896150
2026-07-01T20:09:17.198441,2026-07-01T20:09:17.208764+00:00,85.5,50,ask,DiligentDonuts,FlawlessFlatbreads,2896185
2026-07-01T20:09:17.590636,2026-07-01T20:09:17.602144+00:00,85.7,48,bid,CostlyCorianders,EarnestEspressos,2896191
2026-07-01T20:09:17.870605,2026-07-01T20:09:17.878684+00:00,85.7,3,bid,Xuanyu Liu,EarnestEspressos,2896202
2026-07-01T20:09:18.646900,2026-07-01T20:09:18.642573+00:00,85.6,43,ask,EarnestEspressos,CostlyCorianders,2896232
2026-07-01T20:09:19.305841,2026-07-01T20:09:19.317151+00:00,85.6,50,ask,EarnestEspressos,FlawlessFlatbreads,2896244
2026-07-01T20:09:19.708883,2026-07-01T20:09:19.720412+00:00,85.7,47,bid,CostlyCorianders,DiligentDonuts,2896253
2026-07-01T20:09:20.868347,2026-07-01T20:09:20.879427+00:00,86.0,49,bid,CostlyCorianders,DiligentDonuts,2896282
2026-07-01T20:09:21.413099,2026-07-01T20:09:21.424392+00:00,85.5,3,ask,Kelvin Chan,FlawlessFlatbreads,2896292
2026-07-01T20:09:21.413099,2026-07-01T20:09:21.424392+00:00,85.5,47,ask,DiligentDonuts,FlawlessFlatbreads,2896293
2026-07-01T20:09:21.513526,2026-07-01T20:09:21.524854+00:00,85.5,40,ask,DiligentDonuts,CostlyCorianders,2896295
2026-07-01T20:09:23.106441,2026-07-01T20:09:23.113230+00:00,85.5,13,ask,DiligentDonuts,CostlyCorianders,2896327
2026-07-01T20:09:23.106441,2026-07-01T20:09:23.118665+00:00,85.4,5,ask,Kelvin Chan,CostlyCorianders,2896328
2026-07-01T20:09:23.531785,2026-07-01T20:09:23.537961+00:00,85.4,5,ask,Kelvin Chan,FlawlessFlatbreads,2896337
2026-07-01T20:09:23.531785,2026-07-01T20:09:23.537961+00:00,85.1,45,ask,EarnestEspressos,FlawlessFlatbreads,2896338
2026-07-01T20:09:24.223887,2026-07-01T20:09:24.230495+00:00,85.6,44,bid,CostlyCorianders,EarnestEspressos,2896347
2026-07-01T20:09:25.640288,2026-07-01T20:09:25.658679+00:00,85.2,50,ask,DiligentDonuts,FlawlessFlatbreads,2896388
2026-07-01T20:09:26.192541,2026-07-01T20:09:26.203924+00:00,85.6,40,bid,CostlyCorianders,EarnestEspressos,2896395
2026-07-01T20:09:27.750145,2026-07-01T20:09:27.758528+00:00,85.2,50,ask,DiligentDonuts,FlawlessFlatbreads,2896432
2026-07-01T20:09:29.858187,2026-07-01T20:09:29.869830+00:00,85.3,5,ask,Kelvin Chan,FlawlessFlatbreads,2896486
2026-07-01T20:09:29.858187,2026-07-01T20:09:29.869830+00:00,85.2,45,ask,DiligentDonuts,FlawlessFlatbreads,2896487
2026-07-01T20:09:30.203634,2026-07-01T20:09:30.214956+00:00,85.3,5,ask,Kelvin Chan,DiligentDonuts,2896492
2026-07-01T20:09:30.216169,2026-07-01T20:09:30.225333+00:00,85.3,3,bid,Xuanyu Liu,DiligentDonuts,2896493
2026-07-01T20:09:30.412154,2026-07-01T20:09:30.420032+00:00,85.3,5,bid,Kelvin Chan,DiligentDonuts,2896503
2026-07-01T20:09:31.172467,2026-07-01T20:09:31.181120+00:00,85.3,5,bid,Kelvin Chan,DiligentDonuts,2896516
2026-07-01T20:09:31.998407,2026-07-01T20:09:32.013195+00:00,85.2,50,ask,EarnestEspressos,FlawlessFlatbreads,2896541
2026-07-01T20:09:34.105625,2026-07-01T20:09:34.117008+00:00,85.0,50,ask,EarnestEspressos,FlawlessFlatbreads,2896571
2026-07-01T20:09:36.176413,2026-07-01T20:09:36.185454+00:00,85.3,50,bid,FlawlessFlatbreads,DiligentDonuts,2896608
2026-07-01T20:09:37.462356,2026-07-01T20:09:37.473654+00:00,85.2,1,ask,Kelvin Chan,CostlyCorianders,2896625
2026-07-01T20:09:37.462356,2026-07-01T20:09:37.473654+00:00,85.0,39,ask,DiligentDonuts,CostlyCorianders,2896626
2026-07-01T20:09:38.112451,2026-07-01T20:09:38.124005+00:00,85.1,4,ask,Kelvin Chan,CostlyCorianders,2896638
2026-07-01T20:09:38.112451,2026-07-01T20:09:38.124005+00:00,85.0,43,ask,DiligentDonuts,CostlyCorianders,2896639
2026-07-01T20:09:39.624499,2026-07-01T20:09:39.635886+00:00,85.1,2,ask,Kelvin Chan,CostlyCorianders,2896674
2026-07-01T20:09:39.704241,2026-07-01T20:09:39.712261+00:00,85.0,4,bid,Xuanyu Liu,DiligentDonuts,2896677
2026-07-01T20:09:40.169810,2026-07-01T20:09:40.183739+00:00,85.0,7,bid,Xuanyu Liu,DiligentDonuts,2896690
2026-07-01T20:09:42.231465,2026-07-01T20:09:42.240781+00:00,85.0,12,bid,Xuanyu Liu,DiligentDonuts,2896748
2026-07-01T20:09:42.509544,2026-07-01T20:09:42.520783+00:00,85.0,50,bid,FlawlessFlatbreads,DiligentDonuts,2896757
2026-07-01T20:09:42.689247,2026-07-01T20:09:42.699646+00:00,85.0,27,bid,CostlyCorianders,DiligentDonuts,2896762
2026-07-01T20:09:42.689247,2026-07-01T20:09:42.699646+00:00,85.1,20,bid,CostlyCorianders,EarnestEspressos,2896763
2026-07-01T20:09:43.747690,2026-07-01T20:09:43.763692+00:00,85.3,49,bid,CostlyCorianders,EarnestEspressos,2896793
2026-07-01T20:09:43.801318,2026-07-01T20:09:43.812612+00:00,84.9,49,ask,DiligentDonuts,CostlyCorianders,2896795
2026-07-01T20:09:44.615627,2026-07-01T20:09:44.626860+00:00,85.3,50,bid,FlawlessFlatbreads,EarnestEspressos,2896810
2026-07-01T20:09:45.881202,2026-07-01T20:09:45.892435+00:00,85.3,45,bid,CostlyCorianders,EarnestEspressos,2896837
2026-07-01T20:09:46.627057,2026-07-01T20:09:46.634796+00:00,85.6,100,bid,EarnestEspressos,DiligentDonuts,2896849
2026-07-01T20:09:46.690367,2026-07-01T20:09:46.698272+00:00,85.6,23,ask,EarnestEspressos,Xuanyu Liu,2896850
2026-07-01T20:09:46.773070,2026-07-01T20:09:46.784413+00:00,85.6,27,ask,EarnestEspressos,FlawlessFlatbreads,2896854
2026-07-01T20:09:46.773070,2026-07-01T20:09:46.784413+00:00,85.1,23,ask,DiligentDonuts,FlawlessFlatbreads,2896855
2026-07-01T20:09:48.156289,2026-07-01T20:09:48.158579+00:00,85.1,49,ask,DiligentDonuts,CostlyCorianders,2896873
2026-07-01T20:09:48.807312,2026-07-01T20:09:48.818912+00:00,85.1,28,ask,DiligentDonuts,CostlyCorianders,2896891
2026-07-01T20:09:48.807312,2026-07-01T20:09:48.818912+00:00,85.0,3,ask,Kelvin Chan,CostlyCorianders,2896892
2026-07-01T20:09:49.284230,2026-07-01T20:09:49.291733+00:00,85.5,42,bid,CostlyCorianders,DiligentDonuts,2896900
2026-07-01T20:09:49.776158,2026-07-01T20:09:49.784174+00:00,85.5,11,bid,Xuanyu Liu,DiligentDonuts,2896915
2026-07-01T20:09:51.059281,2026-07-01T20:09:51.070575+00:00,85.1,47,ask,EarnestEspressos,CostlyCorianders,2896943
2026-07-01T20:09:51.181963,2026-07-01T20:09:51.190015+00:00,85.3,1,bid,Xuanyu Liu,Kelvin Chan,2896945
2026-07-01T20:09:51.645831,2026-07-01T20:09:51.663877+00:00,85.5,41,bid,CostlyCorianders,DiligentDonuts,2896950
2026-07-01T20:09:51.960005,2026-07-01T20:09:52.010966+00:00,85.3,1,bid,Xuanyu Liu,Kelvin Chan,2896955
2026-07-01T20:09:52.012439,2026-07-01T20:09:52.019673+00:00,85.5,6,bid,Xuanyu Liu,DiligentDonuts,2896959
2026-07-01T20:09:52.152049,2026-07-01T20:09:52.163378+00:00,85.3,1,bid,Xuanyu Liu,Kelvin Chan,2896964
2026-07-01T20:09:52.243869,2026-07-01T20:09:52.251591+00:00,85.4,1,bid,Xuanyu Liu,Kelvin Chan,2896967
2026-07-01T20:09:52.284470,2026-07-01T20:09:52.295697+00:00,85.6,100,bid,DiligentDonuts,EarnestEspressos,2896969
2026-07-01T20:09:53.102602,2026-07-01T20:09:53.110342+00:00,85.5,50,ask,EarnestEspressos,FlawlessFlatbreads,2896987
2026-07-01T20:09:53.267970,2026-07-01T20:09:53.278074+00:00,85.5,1,ask,EarnestEspressos,Kelvin Chan,2896990
2026-07-01T20:09:53.861616,2026-07-01T20:09:53.872860+00:00,85.5,44,ask,EarnestEspressos,CostlyCorianders,2897004
2026-07-01T20:09:55.213864,2026-07-01T20:09:55.226956+00:00,85.5,50,ask,EarnestEspressos,FlawlessFlatbreads,2897022
2026-07-01T20:09:56.175647,2026-07-01T20:09:56.183843+00:00,85.5,13,bid,Xuanyu Liu,EarnestEspressos,2897051
2026-07-01T20:09:56.843250,2026-07-01T20:09:56.854805+00:00,85.5,46,bid,CostlyCorianders,EarnestEspressos,2897063
2026-07-01T20:09:57.268438,2026-07-01T20:09:57.279166+00:00,85.5,50,bid,FlawlessFlatbreads,EarnestEspressos,2897066
2026-07-01T20:09:57.511631,2026-07-01T20:09:57.520959+00:00,85.5,41,bid,CostlyCorianders,EarnestEspressos,2897070
2026-07-01T20:09:57.511631,2026-07-01T20:09:57.520959+00:00,85.7,7,bid,CostlyCorianders,DiligentDonuts,2897071
2026-07-01T20:09:59.405035,2026-07-01T20:09:59.416496+00:00,85.9,50,bid,FlawlessFlatbreads,DiligentDonuts,2897103
2026-07-01T20:10:01.525913,2026-07-01T20:10:01.537477+00:00,85.9,50,bid,FlawlessFlatbreads,DiligentDonuts,2897136
2026-07-01T20:10:01.703317,2026-07-01T20:10:01.714934+00:00,85.6,49,ask,EarnestEspressos,CostlyCorianders,2897140
2026-07-01T20:10:01.808817,2026-07-01T20:10:01.818540+00:00,85.7,11,ask,DiligentDonuts,Xuanyu Liu,2897141
2026-07-01T20:10:03.167438,2026-07-01T20:10:03.179037+00:00,85.7,45,ask,DiligentDonuts,CostlyCorianders,2897169
2026-07-01T20:10:03.657677,2026-07-01T20:10:03.668989+00:00,85.8,50,bid,FlawlessFlatbreads,EarnestEspressos,2897175
2026-07-01T20:10:05.170368,2026-07-01T20:10:05.178643+00:00,85.8,11,bid,Xuanyu Liu,EarnestEspressos,2897196
2026-07-01T20:10:05.210974,2026-07-01T20:10:05.222548+00:00,85.8,47,bid,CostlyCorianders,EarnestEspressos,2897198
2026-07-01T20:10:05.816827,2026-07-01T20:10:05.825409+00:00,85.6,50,ask,DiligentDonuts,FlawlessFlatbreads,2897205
2026-07-01T20:10:06.119094,2026-07-01T20:10:06.130228+00:00,85.6,46,ask,DiligentDonuts,CostlyCorianders,2897213
2026-07-01T20:10:07.926141,2026-07-01T20:10:07.933257+00:00,85.6,4,ask,DiligentDonuts,FlawlessFlatbreads,2897232
2026-07-01T20:10:07.926141,2026-07-01T20:10:07.938430+00:00,85.6,46,ask,EarnestEspressos,FlawlessFlatbreads,2897233
2026-07-01T20:10:10.033594,2026-07-01T20:10:10.044878+00:00,85.7,50,ask,EarnestEspressos,FlawlessFlatbreads,2897260
2026-07-01T20:10:10.423791,2026-07-01T20:10:10.431827+00:00,85.7,34,ask,EarnestEspressos,Xuanyu Liu,2897266
2026-07-01T20:10:11.044391,2026-07-01T20:10:11.063623+00:00,85.7,46,ask,EarnestEspressos,CostlyCorianders,2897282
2026-07-01T20:10:11.345606,2026-07-01T20:10:11.363636+00:00,85.7,20,ask,EarnestEspressos,DiligentDonuts,2897287
2026-07-01T20:10:11.345606,2026-07-01T20:10:11.363636+00:00,85.5,2,ask,Kelvin Chan,DiligentDonuts,2897288
2026-07-01T20:10:11.364926,2026-07-01T20:10:11.374234+00:00,85.5,11,bid,Xuanyu Liu,DiligentDonuts,2897289
2026-07-01T20:10:11.736986,2026-07-01T20:10:11.746725+00:00,85.5,12,bid,Xuanyu Liu,DiligentDonuts,2897298
2026-07-01T20:10:14.247708,2026-07-01T20:10:14.234660+00:00,85.0,50,ask,DiligentDonuts,FlawlessFlatbreads,2897349
2026-07-01T20:10:15.144300,2026-07-01T20:10:15.154805+00:00,85.3,7,bid,Xuanyu Liu,EarnestEspressos,2897359
2026-07-01T20:10:16.297201,2026-07-01T20:10:16.308476+00:00,85.3,40,bid,CostlyCorianders,EarnestEspressos,2897381
2026-07-01T20:10:16.303505,2026-07-01T20:10:16.313888+00:00,85.3,50,bid,FlawlessFlatbreads,EarnestEspressos,2897382
2026-07-01T20:10:16.442846,2026-07-01T20:10:16.451371+00:00,85.3,4,bid,Xuanyu Liu,EarnestEspressos,2897387
2026-07-01T20:10:16.788141,2026-07-01T20:10:16.799393+00:00,85.3,43,bid,CostlyCorianders,EarnestEspressos,2897397
2026-07-01T20:10:17.647402,2026-07-01T20:10:17.656405+00:00,85.3,6,bid,Xuanyu Liu,EarnestEspressos,2897409
2026-07-01T20:10:18.239779,2026-07-01T20:10:18.248474+00:00,85.5,100,bid,EarnestEspressos,DiligentDonuts,2897424
2026-07-01T20:10:18.239779,2026-07-01T20:10:18.248474+00:00,85.6,4,bid,EarnestEspressos,Kelvin Chan,2897425
2026-07-01T20:10:18.460185,2026-07-01T20:10:18.471490+00:00,85.6,46,ask,EarnestEspressos,FlawlessFlatbreads,2897431
2026-07-01T20:10:20.571437,2026-07-01T20:10:20.582958+00:00,85.3,1,ask,Kelvin Chan,FlawlessFlatbreads,2897459
2026-07-01T20:10:20.571437,2026-07-01T20:10:20.582958+00:00,85.0,49,ask,DiligentDonuts,FlawlessFlatbreads,2897460
2026-07-01T20:10:23.347019,2026-07-01T20:10:23.353348+00:00,85.3,45,ask,DiligentDonuts,CostlyCorianders,2897508
2026-07-01T20:10:24.785063,2026-07-01T20:10:24.795834+00:00,85.1,50,ask,DiligentDonuts,FlawlessFlatbreads,2897531
2026-07-01T20:10:24.837746,2026-07-01T20:10:24.848228+00:00,85.4,6,bid,Xuanyu Liu,EarnestEspressos,2897532
2026-07-01T20:10:24.925051,2026-07-01T20:10:24.936127+00:00,85.4,11,bid,Xuanyu Liu,EarnestEspressos,2897534
2026-07-01T20:10:25.315597,2026-07-01T20:10:25.330709+00:00,85.4,45,bid,CostlyCorianders,EarnestEspressos,2897544
2026-07-01T20:10:26.445870,2026-07-01T20:10:26.458617+00:00,85.4,43,bid,CostlyCorianders,EarnestEspressos,2897560
2026-07-01T20:10:26.839700,2026-07-01T20:10:26.847039+00:00,85.4,45,bid,FlawlessFlatbreads,EarnestEspressos,2897566
2026-07-01T20:10:26.839700,2026-07-01T20:10:26.847039+00:00,85.6,4,bid,FlawlessFlatbreads,Kelvin Chan,2897567
2026-07-01T20:10:26.839700,2026-07-01T20:10:26.858576+00:00,85.6,1,bid,FlawlessFlatbreads,DiligentDonuts,2897568
2026-07-01T20:10:27.729616,2026-07-01T20:10:27.738204+00:00,85.5,100,bid,EarnestEspressos,DiligentDonuts,2897584
2026-07-01T20:10:27.729616,2026-07-01T20:10:27.738204+00:00,85.5,5,bid,EarnestEspressos,Kelvin Chan,2897585
2026-07-01T20:10:27.795050,2026-07-01T20:10:27.806719+00:00,85.7,23,ask,EarnestEspressos,Xuanyu Liu,2897590
2026-07-01T20:10:28.416038,2026-07-01T20:10:28.427552+00:00,85.7,5,ask,EarnestEspressos,Kelvin Chan,2897601
2026-07-01T20:10:28.571837,2026-07-01T20:10:28.580777+00:00,85.7,11,ask,EarnestEspressos,Xuanyu Liu,2897604
2026-07-01T20:10:28.776320,2026-07-01T20:10:28.785511+00:00,85.7,6,ask,EarnestEspressos,Xuanyu Liu,2897613
2026-07-01T20:10:28.950781,2026-07-01T20:10:28.958556+00:00,86.2,50,bid,FlawlessFlatbreads,EarnestEspressos,2897618
2026-07-01T20:10:29.279686,2026-07-01T20:10:29.288193+00:00,85.5,4,bid,Xuanyu Liu,Kelvin Chan,2897620
2026-07-01T20:10:30.286338,2026-07-01T20:10:30.293983+00:00,85.5,2,bid,Xuanyu Liu,Kelvin Chan,2897640
2026-07-01T20:10:31.058790,2026-07-01T20:10:31.069170+00:00,85.6,4,bid,FlawlessFlatbreads,Kelvin Chan,2897652
2026-07-01T20:10:31.058790,2026-07-01T20:10:31.069170+00:00,85.7,46,bid,FlawlessFlatbreads,EarnestEspressos,2897653
2026-07-01T20:10:32.791494,2026-07-01T20:10:32.802715+00:00,85.3,48,ask,DiligentDonuts,CostlyCorianders,2897686
2026-07-01T20:10:35.270326,2026-07-01T20:10:35.281632+00:00,85.6,50,bid,FlawlessFlatbreads,DiligentDonuts,2897746
2026-07-01T20:10:36.532048,2026-07-01T20:10:36.543491+00:00,85.3,1,ask,Kelvin Chan,CostlyCorianders,2897773
2026-07-01T20:10:36.532048,2026-07-01T20:10:36.543491+00:00,85.3,44,ask,EarnestEspressos,CostlyCorianders,2897774
2026-07-01T20:10:37.387096,2026-07-01T20:10:37.394947+00:00,85.5,50,bid,FlawlessFlatbreads,EarnestEspressos,2897778
2026-07-01T20:10:39.493268,2026-07-01T20:10:39.504485+00:00,85.5,50,bid,FlawlessFlatbreads,EarnestEspressos,2897824
2026-07-01T20:10:41.601041,2026-07-01T20:10:41.612628+00:00,85.5,50,bid,FlawlessFlatbreads,DiligentDonuts,2897856
2026-07-01T20:10:43.714166,2026-07-01T20:10:43.727214+00:00,85.6,4,bid,FlawlessFlatbreads,Kelvin Chan,2897907
2026-07-01T20:10:43.714166,2026-07-01T20:10:43.727214+00:00,85.7,46,bid,FlawlessFlatbreads,DiligentDonuts,2897908
2026-07-01T20:10:44.054951,2026-07-01T20:10:44.066321+00:00,85.6,5,bid,CostlyCorianders,Kelvin Chan,2897918
2026-07-01T20:10:44.054951,2026-07-01T20:10:44.066321+00:00,85.7,44,bid,CostlyCorianders,DiligentDonuts,2897919
2026-07-01T20:10:44.561985,2026-07-01T20:10:44.574262+00:00,85.3,23,ask,EarnestEspressos,Xuanyu Liu,2897929
2026-07-01T20:10:44.675094,2026-07-01T20:10:44.683588+00:00,85.3,46,ask,EarnestEspressos,CostlyCorianders,2897933
2026-07-01T20:10:45.825668,2026-07-01T20:10:45.834462+00:00,85.6,4,bid,FlawlessFlatbreads,Kelvin Chan,2897958
2026-07-01T20:10:45.825668,2026-07-01T20:10:45.834462+00:00,85.7,10,bid,FlawlessFlatbreads,DiligentDonuts,2897959
2026-07-01T20:10:45.825668,2026-07-01T20:10:45.839921+00:00,85.8,36,bid,FlawlessFlatbreads,EarnestEspressos,2897960
2026-07-01T20:10:45.859457,2026-07-01T20:10:45.867696+00:00,85.3,3,ask,EarnestEspressos,Xuanyu Liu,2897963
2026-07-01T20:10:47.596806,2026-07-01T20:10:47.607025+00:00,85.3,3,bid,Xuanyu Liu,EarnestEspressos,2897999
