timestamp,recv_time,price,volume,aggressor_side,buyer,seller,trade_id
2026-06-30T05:59:59.700762,2026-06-29T20:00:00.512964+00:00,120.9,40,ask,,,13208541
2026-06-30T06:00:00.331964,2026-06-29T20:00:01.141979+00:00,121.1,40,bid,,,13208562
2026-06-30T06:00:01.229966,2026-06-29T20:00:02.036952+00:00,121.1,50,bid,,,13208584
2026-06-30T06:00:02.615055,2026-06-29T20:00:03.427411+00:00,120.9,100,bid,,,13208602
2026-06-30T06:00:03.400170,2026-06-29T20:00:04.207883+00:00,120.4,50,ask,,,13208611
2026-06-30T06:00:03.892460,2026-06-29T20:00:04.698224+00:00,120.9,49,bid,,,13208615
2026-06-30T06:00:05.531044,2026-06-29T20:00:06.338544+00:00,121.0,5,ask,,,13208659
2026-06-30T06:00:06.142486,2026-06-29T20:00:06.948748+00:00,120.9,2,bid,,,13208667
2026-06-30T06:00:07.147164,2026-06-29T20:00:07.961028+00:00,120.9,1,bid,,,13208692
2026-06-30T06:00:07.582723,2026-06-29T20:00:08.397463+00:00,120.9,50,bid,,,13208698
2026-06-30T06:00:08.047697,2026-06-29T20:00:08.856042+00:00,120.8,44,ask,,,13208717
2026-06-30T06:00:08.225319,2026-06-29T20:00:09.030105+00:00,120.9,25,bid,,,13208724
2026-06-30T06:00:08.271750,2026-06-29T20:00:09.085348+00:00,120.9,22,bid,,,13208726
2026-06-30T06:00:08.588591,2026-06-29T20:00:09.399881+00:00,121.2,4,bid,,,13208729
2026-06-30T06:00:09.692852,2026-06-29T20:00:10.499863+00:00,121.3,50,bid,,,13208761
2026-06-30T06:00:10.253659,2026-06-29T20:00:11.065254+00:00,121.2,4,bid,,,13208771
2026-06-30T06:00:11.799541,2026-06-29T20:00:12.607729+00:00,121.3,50,bid,,,13208800
2026-06-30T06:00:13.955436,2026-06-29T20:00:14.765390+00:00,121.0,50,ask,,,13208841
2026-06-30T06:00:16.014466,2026-06-29T20:00:16.827732+00:00,121.3,5,bid,,,13208876
2026-06-30T06:00:16.014466,2026-06-29T20:00:16.827732+00:00,121.4,45,bid,,,13208877
2026-06-30T06:00:18.140271,2026-06-29T20:00:18.949962+00:00,121.3,4,bid,,,13208927
2026-06-30T06:00:18.140271,2026-06-29T20:00:18.949962+00:00,121.4,46,bid,,,13208928
2026-06-30T06:00:20.246218,2026-06-29T20:00:21.057490+00:00,121.5,50,bid,,,13208968
2026-06-30T06:00:20.309885,2026-06-29T20:00:21.122937+00:00,121.6,100,bid,,,13208972
2026-06-30T06:00:20.452140,2026-06-29T20:00:21.265382+00:00,121.8,25,ask,,,13208973
2026-06-30T06:00:20.498023,2026-06-29T20:00:21.308215+00:00,121.8,25,ask,,,13208976
2026-06-30T06:00:21.662484,2026-06-29T20:00:22.476019+00:00,121.9,25,ask,,,13209006
2026-06-30T06:00:21.708567,2026-06-29T20:00:22.518902+00:00,121.9,25,ask,,,13209008
2026-06-30T06:00:21.871872,2026-06-29T20:00:22.681979+00:00,121.9,25,ask,,,13209010
2026-06-30T06:00:21.916999,2026-06-29T20:00:22.726214+00:00,121.9,25,ask,,,13209012
2026-06-30T06:00:22.361435,2026-06-29T20:00:23.178914+00:00,122.3,50,bid,,,13209023
2026-06-30T06:00:24.469326,2026-06-29T20:00:25.279787+00:00,122.1,50,bid,,,13209054
2026-06-30T06:00:25.292680,2026-06-29T20:00:26.097723+00:00,121.8,42,ask,,,13209069
2026-06-30T06:00:25.759399,2026-06-29T20:00:26.564297+00:00,121.8,48,ask,,,13209082
2026-06-30T06:00:26.576713,2026-06-29T20:00:27.389730+00:00,122.1,50,bid,,,13209097
2026-06-30T06:00:26.946643,2026-06-29T20:00:27.759776+00:00,121.8,10,ask,,,13209106
2026-06-30T06:00:26.946643,2026-06-29T20:00:27.759776+00:00,121.8,15,ask,,,13209107
2026-06-30T06:00:27.089608,2026-06-29T20:00:27.901231+00:00,121.8,25,ask,,,13209114
2026-06-30T06:00:27.168635,2026-06-29T20:00:27.977695+00:00,121.8,25,ask,,,13209116
2026-06-30T06:00:27.299775,2026-06-29T20:00:28.108111+00:00,121.8,25,ask,,,13209120
2026-06-30T06:00:27.377997,2026-06-29T20:00:28.185104+00:00,121.8,25,ask,,,13209122
2026-06-30T06:00:27.508774,2026-06-29T20:00:28.315483+00:00,121.8,25,ask,,,13209127
2026-06-30T06:00:27.585961,2026-06-29T20:00:28.392040+00:00,121.8,10,ask,,,13209134
2026-06-30T06:00:28.684277,2026-06-29T20:00:29.490850+00:00,122.1,50,bid,,,13209149
2026-06-30T06:00:29.359082,2026-06-29T20:00:30.166388+00:00,122.1,44,bid,,,13209158
2026-06-30T06:00:30.522586,2026-06-29T20:00:31.327750+00:00,121.6,13,ask,,,13209180
2026-06-30T06:00:30.827731,2026-06-29T20:00:31.642893+00:00,121.6,46,ask,,,13209187
2026-06-30T06:00:31.873565,2026-06-29T20:00:32.687260+00:00,121.8,40,bid,,,13209203
2026-06-30T06:00:32.962529,2026-06-29T20:00:33.776196+00:00,121.5,5,ask,,,13209220
2026-06-30T06:00:32.962529,2026-06-29T20:00:33.776196+00:00,121.3,45,ask,,,13209221
2026-06-30T06:00:33.619455,2026-06-29T20:00:34.428663+00:00,121.8,49,bid,,,13209233
2026-06-30T06:00:34.405834,2026-06-29T20:00:35.220093+00:00,121.5,5,ask,,,13209246
2026-06-30T06:00:37.121062,2026-06-29T20:00:37.931142+00:00,121.6,50,bid,,,13209277
2026-06-30T06:00:37.828787,2026-06-29T20:00:38.638432+00:00,121.2,41,ask,,,13209283
2026-06-30T06:00:38.021399,2026-06-29T20:00:38.835095+00:00,121.5,3,ask,,,13209288
2026-06-30T06:00:38.420532,2026-06-29T20:00:39.227248+00:00,121.6,43,bid,,,13209296
2026-06-30T06:00:38.887068,2026-06-29T20:00:39.696415+00:00,121.5,3,ask,,,13209300
2026-06-30T06:00:38.887068,2026-06-29T20:00:39.696415+00:00,121.2,46,ask,,,13209301
2026-06-30T06:00:39.469987,2026-06-29T20:00:40.282099+00:00,121.7,40,bid,,,13209317
2026-06-30T06:00:43.487392,2026-06-29T20:00:44.299102+00:00,121.4,4,ask,,,13209379
2026-06-30T06:00:43.487392,2026-06-29T20:00:44.299102+00:00,121.3,46,ask,,,13209380
2026-06-30T06:00:43.774836,2026-06-29T20:00:44.582913+00:00,121.4,5,ask,,,13209382
2026-06-30T06:00:43.774836,2026-06-29T20:00:44.582913+00:00,121.3,95,ask,,,13209383
2026-06-30T06:00:44.309149,2026-06-29T20:00:45.118032+00:00,121.3,9,ask,,,13209403
2026-06-30T06:00:44.309149,2026-06-29T20:00:45.128637+00:00,120.8,39,ask,,,13209404
2026-06-30T06:00:45.600791,2026-06-29T20:00:46.412964+00:00,121.4,5,ask,,,13209421
2026-06-30T06:00:45.600791,2026-06-29T20:00:46.412964+00:00,120.8,45,ask,,,13209422
2026-06-30T06:00:45.666749,2026-06-29T20:00:46.477909+00:00,121.1,5,bid,,,13209426
2026-06-30T06:00:46.337651,2026-06-29T20:00:47.143971+00:00,121.1,5,bid,,,13209441
2026-06-30T06:00:46.696349,2026-06-29T20:00:47.504048+00:00,121.1,5,bid,,,13209446
2026-06-30T06:00:46.969348,2026-06-29T20:00:47.787578+00:00,121.1,25,bid,,,13209454
2026-06-30T06:00:47.050397,2026-06-29T20:00:47.864115+00:00,121.1,25,bid,,,13209456
2026-06-30T06:00:47.182993,2026-06-29T20:00:47.993964+00:00,121.1,25,bid,,,13209459
2026-06-30T06:00:47.260714,2026-06-29T20:00:48.069051+00:00,121.1,25,bid,,,13209463
2026-06-30T06:00:47.351551,2026-06-29T20:00:48.157596+00:00,121.1,4,bid,,,13209468
2026-06-30T06:00:47.393227,2026-06-29T20:00:48.199945+00:00,121.1,25,bid,,,13209470
2026-06-30T06:00:47.472171,2026-06-29T20:00:48.277391+00:00,121.1,6,bid,,,13209473
2026-06-30T06:00:47.707226,2026-06-29T20:00:48.517485+00:00,120.9,50,ask,,,13209479
2026-06-30T06:00:48.779063,2026-06-29T20:00:49.594151+00:00,121.4,100,bid,,,13209505
2026-06-30T06:00:48.880993,2026-06-29T20:00:49.691820+00:00,121.5,25,ask,,,13209507
2026-06-30T06:00:49.002835,2026-06-29T20:00:49.810665+00:00,121.5,25,ask,,,13209509
2026-06-30T06:00:49.814614,2026-06-29T20:00:50.628468+00:00,120.9,50,ask,,,13209536
2026-06-30T06:00:51.925986,2026-06-29T20:00:52.731195+00:00,121.1,50,ask,,,13209580
2026-06-30T06:00:53.238815,2026-06-29T20:00:54.048175+00:00,121.4,40,bid,,,13209608
2026-06-30T06:00:53.817624,2026-06-29T20:00:54.625463+00:00,121.4,49,bid,,,13209617
2026-06-30T06:00:54.031855,2026-06-29T20:00:54.843496+00:00,121.2,3,ask,,,13209622
2026-06-30T06:00:54.031855,2026-06-29T20:00:54.843496+00:00,120.9,47,ask,,,13209623
2026-06-30T06:00:55.463363,2026-06-29T20:00:56.278025+00:00,120.9,43,ask,,,13209649
2026-06-30T06:00:56.139785,2026-06-29T20:00:56.953875+00:00,120.9,50,ask,,,13209662
2026-06-30T06:00:56.428923,2026-06-29T20:00:57.237338+00:00,121.1,25,bid,,,13209671
2026-06-30T06:00:56.508419,2026-06-29T20:00:57.313889+00:00,121.1,25,bid,,,13209675
2026-06-30T06:00:56.637289,2026-06-29T20:00:57.444272+00:00,121.1,42,bid,,,13209682
2026-06-30T06:00:56.723293,2026-06-29T20:00:57.531919+00:00,121.1,8,bid,,,13209684
2026-06-30T06:00:57.290184,2026-06-29T20:00:58.098783+00:00,120.8,49,ask,,,13209693
2026-06-30T06:00:58.252463,2026-06-29T20:00:59.057191+00:00,120.6,50,ask,,,13209710
2026-06-30T06:01:00.338784,2026-06-29T20:01:01.144928+00:00,121.2,46,bid,,,13209742
2026-06-30T06:01:00.359281,2026-06-29T20:01:01.167025+00:00,120.8,50,ask,,,13209744
2026-06-30T06:01:00.394283,2026-06-29T20:01:01.209799+00:00,120.8,44,ask,,,13209746
2026-06-30T06:01:01.488910,2026-06-29T20:01:02.297823+00:00,120.7,100,ask,,,13209769
2026-06-30T06:01:01.543141,2026-06-29T20:01:02.352181+00:00,120.7,25,bid,,,13209771
2026-06-30T06:01:01.653253,2026-06-29T20:01:02.472964+00:00,120.7,25,bid,,,13209774
2026-06-30T06:01:02.032931,2026-06-29T20:01:02.843053+00:00,121.2,41,bid,,,13209784
2026-06-30T06:01:02.466112,2026-06-29T20:01:03.277488+00:00,120.2,50,ask,,,13209791
2026-06-30T06:01:03.073564,2026-06-29T20:01:03.888184+00:00,120.6,44,ask,,,13209801
2026-06-30T06:01:03.292027,2026-06-29T20:01:04.107090+00:00,121.1,25,bid,,,13209811
2026-06-30T06:01:03.355021,2026-06-29T20:01:04.161056+00:00,121.1,25,bid,,,13209814
2026-06-30T06:01:03.504238,2026-06-29T20:01:04.314043+00:00,121.1,25,bid,,,13209816
2026-06-30T06:01:03.565000,2026-06-29T20:01:04.378492+00:00,121.1,25,bid,,,13209818
2026-06-30T06:01:03.632307,2026-06-29T20:01:04.444426+00:00,121.3,4,bid,,,13209820
2026-06-30T06:01:04.573274,2026-06-29T20:01:05.378809+00:00,120.6,50,ask,,,13209833
2026-06-30T06:01:06.651774,2026-06-29T20:01:07.467204+00:00,121.3,40,bid,,,13209866
2026-06-30T06:01:06.680370,2026-06-29T20:01:07.488407+00:00,120.8,50,ask,,,13209868
2026-06-30T06:01:08.792975,2026-06-29T20:01:09.605484+00:00,120.9,1,ask,,,13209908
2026-06-30T06:01:08.792975,2026-06-29T20:01:09.605484+00:00,120.8,49,ask,,,13209909
2026-06-30T06:01:09.122648,2026-06-29T20:01:09.932810+00:00,121.0,25,bid,,,13209914
2026-06-30T06:01:09.184587,2026-06-29T20:01:09.997758+00:00,121.0,25,bid,,,13209916
2026-06-30T06:01:09.331314,2026-06-29T20:01:10.139730+00:00,121.0,25,bid,,,13209918
2026-06-30T06:01:09.469333,2026-06-29T20:01:10.282160+00:00,120.9,1,ask,,,13209920
2026-06-30T06:01:09.469333,2026-06-29T20:01:10.282160+00:00,120.7,45,ask,,,13209921
2026-06-30T06:01:10.113704,2026-06-29T20:01:10.925014+00:00,121.0,25,bid,,,13209937
2026-06-30T06:01:10.113704,2026-06-29T20:01:10.925014+00:00,121.2,19,bid,,,13209938
2026-06-30T06:01:10.852731,2026-06-29T20:01:11.666112+00:00,121.2,50,bid,,,13209943
2026-06-30T06:01:12.960682,2026-06-29T20:01:13.776172+00:00,121.2,50,bid,,,13209969
2026-06-30T06:01:13.719866,2026-06-29T20:01:14.528766+00:00,120.9,1,ask,,,13209981
2026-06-30T06:01:13.719866,2026-06-29T20:01:14.528766+00:00,120.7,47,ask,,,13209982
2026-06-30T06:01:15.067427,2026-06-29T20:01:15.877725+00:00,121.2,50,bid,,,13209999
2026-06-30T06:01:17.193097,2026-06-29T20:01:18.008638+00:00,121.3,50,bid,,,13210035
2026-06-30T06:01:19.300336,2026-06-29T20:01:20.107882+00:00,121.7,50,bid,,,13210067
2026-06-30T06:01:19.741278,2026-06-29T20:01:20.552907+00:00,121.3,46,ask,,,13210076
2026-06-30T06:01:21.610692,2026-06-29T20:01:22.425355+00:00,121.4,25,ask,,,13210108
2026-06-30T06:01:21.707861,2026-06-29T20:01:22.523021+00:00,121.4,100,ask,,,13210110
2026-06-30T06:01:21.758222,2026-06-29T20:01:22.567288+00:00,121.4,25,ask,,,13210115
2026-06-30T06:01:23.586746,2026-06-29T20:01:24.394150+00:00,121.1,7,ask,,,13210143
2026-06-30T06:01:24.821111,2026-06-29T20:01:25.633173+00:00,121.3,100,bid,,,13210163
2026-06-30T06:01:25.711753,2026-06-29T20:01:26.517087+00:00,121.0,7,ask,,,13210181
2026-06-30T06:01:25.711753,2026-06-29T20:01:26.527175+00:00,120.8,43,ask,,,13210182
2026-06-30T06:01:26.380028,2026-06-29T20:01:27.189021+00:00,121.3,25,bid,,,13210191
2026-06-30T06:01:26.432997,2026-06-29T20:01:27.244349+00:00,121.3,25,bid,,,13210193
2026-06-30T06:01:26.511450,2026-06-29T20:01:27.319889+00:00,121.8,45,bid,,,13210198
2026-06-30T06:01:27.021194,2026-06-29T20:01:27.834389+00:00,121.3,49,ask,,,13210202
2026-06-30T06:01:27.825894,2026-06-29T20:01:28.638869+00:00,121.3,50,ask,,,13210221
2026-06-30T06:01:28.544285,2026-06-29T20:01:29.357622+00:00,121.7,43,bid,,,13210230
2026-06-30T06:01:29.953813,2026-06-29T20:01:30.762273+00:00,121.2,50,ask,,,13210256
2026-06-30T06:01:30.050928,2026-06-29T20:01:30.859949+00:00,121.4,25,bid,,,13210259
2026-06-30T06:01:32.061882,2026-06-29T20:01:32.874398+00:00,121.2,50,ask,,,13210292
2026-06-30T06:01:34.192646,2026-06-29T20:01:34.997381+00:00,121.2,50,ask,,,13210337
2026-06-30T06:01:36.298502,2026-06-29T20:01:37.108650+00:00,121.2,50,ask,,,13210389
2026-06-30T06:01:37.074926,2026-06-29T20:01:37.880807+00:00,121.4,1,bid,,,13210397
2026-06-30T06:01:37.282313,2026-06-29T20:01:38.088303+00:00,121.6,45,bid,,,13210407
2026-06-30T06:01:38.412161,2026-06-29T20:01:39.221197+00:00,121.7,46,bid,,,13210428
2026-06-30T06:01:38.419672,2026-06-29T20:01:39.232249+00:00,121.4,50,ask,,,13210429
2026-06-30T06:01:40.526782,2026-06-29T20:01:41.333289+00:00,121.4,50,ask,,,13210465
2026-06-30T06:01:42.634723,2026-06-29T20:01:43.443068+00:00,121.2,7,ask,,,13210501
2026-06-30T06:01:42.634723,2026-06-29T20:01:43.443068+00:00,121.2,43,ask,,,13210502
2026-06-30T06:01:42.926824,2026-06-29T20:01:43.735532+00:00,121.2,42,ask,,,13210507
2026-06-30T06:01:44.690941,2026-06-29T20:01:45.498503+00:00,121.4,50,bid,,,13210535
2026-06-30T06:01:45.067510,2026-06-29T20:01:45.878929+00:00,121.4,47,bid,,,13210544
2026-06-30T06:01:45.099293,2026-06-29T20:01:45.912134+00:00,121.4,3,bid,,,13210546
2026-06-30T06:01:46.800396,2026-06-29T20:01:47.612239+00:00,121.4,50,bid,,,13210571
2026-06-30T06:01:46.971366,2026-06-29T20:01:47.787453+00:00,121.4,100,bid,,,13210576
2026-06-30T06:01:47.313395,2026-06-29T20:01:48.124241+00:00,121.5,1,bid,,,13210580
2026-06-30T06:01:48.911504,2026-06-29T20:01:49.723276+00:00,121.9,50,bid,,,13210613
2026-06-30T06:01:50.187578,2026-06-29T20:01:50.994293+00:00,121.6,100,ask,,,13210639
2026-06-30T06:01:51.020686,2026-06-29T20:01:51.836018+00:00,122.1,50,bid,,,13210652
2026-06-30T06:01:52.938048,2026-06-29T20:01:53.748946+00:00,121.3,47,ask,,,13210683
2026-06-30T06:01:53.128131,2026-06-29T20:01:53.936135+00:00,121.8,50,bid,,,13210690
2026-06-30T06:01:55.234425,2026-06-29T20:01:56.049195+00:00,121.6,4,bid,,,13210715
2026-06-30T06:01:55.234425,2026-06-29T20:01:56.049195+00:00,121.9,46,bid,,,13210716
2026-06-30T06:01:55.559603,2026-06-29T20:01:56.388010+00:00,121.6,4,bid,,,13210723
2026-06-30T06:01:56.544167,2026-06-29T20:01:57.358804+00:00,121.4,41,ask,,,13210734
2026-06-30T06:01:57.024918,2026-06-29T20:01:57.838150+00:00,121.6,4,bid,,,13210746
2026-06-30T06:01:57.024918,2026-06-29T20:01:57.838150+00:00,121.8,38,bid,,,13210747
2026-06-30T06:01:57.079530,2026-06-29T20:01:57.892998+00:00,121.4,49,ask,,,13210748
2026-06-30T06:01:59.498036,2026-06-29T20:02:00.312099+00:00,121.4,10,ask,,,13210782
2026-06-30T06:01:59.498036,2026-06-29T20:02:00.312099+00:00,121.4,40,ask,,,13210783
2026-06-30T06:02:00.558793,2026-06-29T20:02:01.367849+00:00,121.4,43,ask,,,13210798
2026-06-30T06:02:01.605375,2026-06-29T20:02:02.415281+00:00,121.2,1,ask,,,13210813
2026-06-30T06:02:01.605375,2026-06-29T20:02:02.415281+00:00,121.2,49,ask,,,13210814
2026-06-30T06:02:03.712554,2026-06-29T20:02:04.527240+00:00,121.3,4,ask,,,13210852
2026-06-30T06:02:03.712554,2026-06-29T20:02:04.527240+00:00,121.1,46,ask,,,13210853
2026-06-30T06:02:04.804540,2026-06-29T20:02:05.614354+00:00,121.3,5,ask,,,13210875
2026-06-30T06:02:05.153719,2026-06-29T20:02:05.959712+00:00,121.3,2,bid,,,13210884
2026-06-30T06:02:05.819217,2026-06-29T20:02:06.633133+00:00,121.0,50,ask,,,13210899
2026-06-30T06:02:06.475783,2026-06-29T20:02:07.288030+00:00,121.3,43,bid,,,13210912
2026-06-30T06:02:11.842251,2026-06-29T20:02:12.651963+00:00,121.4,44,bid,,,13210964
2026-06-30T06:02:12.450045,2026-06-29T20:02:13.260083+00:00,121.4,44,bid,,,13210976
2026-06-30T06:02:13.949561,2026-06-29T20:02:14.755328+00:00,121.2,45,ask,,,13210995
2026-06-30T06:02:14.188700,2026-06-29T20:02:14.994126+00:00,121.4,7,bid,,,13210997
2026-06-30T06:02:14.482774,2026-06-29T20:02:15.288609+00:00,121.6,47,bid,,,13211002
2026-06-30T06:02:14.537688,2026-06-29T20:02:15.343965+00:00,121.2,43,ask,,,13211004
2026-06-30T06:02:16.346964,2026-06-29T20:02:17.157339+00:00,121.1,5,ask,,,13211032
2026-06-30T06:02:16.346964,2026-06-29T20:02:17.157339+00:00,121.1,45,ask,,,13211033
2026-06-30T06:02:17.407289,2026-06-29T20:02:18.213059+00:00,121.3,100,bid,,,13211060
2026-06-30T06:02:17.489760,2026-06-29T20:02:18.299653+00:00,121.4,49,ask,,,13211064
2026-06-30T06:02:18.454641,2026-06-29T20:02:19.267459+00:00,121.4,1,ask,,,13211080
2026-06-30T06:02:18.454641,2026-06-29T20:02:19.267459+00:00,121.1,6,ask,,,13211081
2026-06-30T06:02:18.454641,2026-06-29T20:02:19.267459+00:00,120.8,43,ask,,,13211082
2026-06-30T06:02:19.560699,2026-06-29T20:02:20.366423+00:00,121.6,42,bid,,,13211096
2026-06-30T06:02:20.565259,2026-06-29T20:02:21.378276+00:00,121.1,6,ask,,,13211112
2026-06-30T06:02:20.565259,2026-06-29T20:02:21.378276+00:00,121.1,44,ask,,,13211113
2026-06-30T06:02:21.659189,2026-06-29T20:02:22.468487+00:00,121.2,48,bid,,,13211132
2026-06-30T06:02:21.778854,2026-06-29T20:02:22.588298+00:00,121.2,100,bid,,,13211136
2026-06-30T06:02:21.793074,2026-06-29T20:02:22.598878+00:00,121.2,2,bid,,,13211138
2026-06-30T06:02:22.672966,2026-06-29T20:02:23.481807+00:00,121.1,6,ask,,,13211148
2026-06-30T06:02:22.672966,2026-06-29T20:02:23.481807+00:00,120.7,44,ask,,,13211149
2026-06-30T06:02:24.782193,2026-06-29T20:02:25.591989+00:00,121.4,50,ask,,,13211195
2026-06-30T06:02:25.000596,2026-06-29T20:02:25.808506+00:00,121.4,100,ask,,,13211203
2026-06-30T06:02:27.248651,2026-06-29T20:02:28.054848+00:00,121.2,45,bid,,,13211239
2026-06-30T06:02:28.109667,2026-06-29T20:02:28.915099+00:00,121.2,100,bid,,,13211249
2026-06-30T06:02:28.942189,2026-06-29T20:02:29.755176+00:00,121.2,5,bid,,,13211264
2026-06-30T06:02:28.942189,2026-06-29T20:02:29.755176+00:00,121.7,45,bid,,,13211265
2026-06-30T06:02:30.349683,2026-06-29T20:02:31.165560+00:00,121.1,6,ask,,,13211282
2026-06-30T06:02:30.349683,2026-06-29T20:02:31.165560+00:00,120.9,41,ask,,,13211283
2026-06-30T06:02:31.055835,2026-06-29T20:02:31.864258+00:00,121.4,50,bid,,,13211307
2026-06-30T06:02:33.161512,2026-06-29T20:02:33.974354+00:00,121.4,50,bid,,,13211333
2026-06-30T06:02:33.222912,2026-06-29T20:02:34.028267+00:00,121.4,1,bid,,,13211339
2026-06-30T06:02:35.268785,2026-06-29T20:02:36.085990+00:00,121.7,50,bid,,,13211378
2026-06-30T06:02:36.383376,2026-06-29T20:02:37.197684+00:00,121.2,44,ask,,,13211400
2026-06-30T06:02:36.397448,2026-06-29T20:02:37.208256+00:00,121.7,50,bid,,,13211401
2026-06-30T06:02:37.227480,2026-06-29T20:02:38.039147+00:00,121.7,2,ask,,,13211408
2026-06-30T06:02:37.375671,2026-06-29T20:02:38.191115+00:00,122.2,50,bid,,,13211410
2026-06-30T06:02:38.397378,2026-06-29T20:02:39.213075+00:00,121.7,3,ask,,,13211432
2026-06-30T06:02:39.244433,2026-06-29T20:02:40.051771+00:00,121.7,3,ask,,,13211451
2026-06-30T06:02:39.396555,2026-06-29T20:02:40.215346+00:00,121.7,3,ask,,,13211455
2026-06-30T06:02:39.441199,2026-06-29T20:02:40.247553+00:00,121.7,3,ask,,,13211456
2026-06-30T06:02:39.484378,2026-06-29T20:02:40.290864+00:00,121.8,50,bid,,,13211457
2026-06-30T06:02:39.489263,2026-06-29T20:02:40.301927+00:00,121.7,3,ask,,,13211458
2026-06-30T06:02:40.358096,2026-06-29T20:02:41.171214+00:00,121.3,49,ask,,,13211477
2026-06-30T06:02:41.607738,2026-06-29T20:02:42.413947+00:00,121.6,3,bid,,,13211495
2026-06-30T06:02:41.607738,2026-06-29T20:02:42.425010+00:00,121.6,47,bid,,,13211496
2026-06-30T06:02:43.719833,2026-06-29T20:02:44.534951+00:00,121.6,50,bid,,,13211522
2026-06-30T06:02:44.512808,2026-06-29T20:02:45.318845+00:00,121.6,5,bid,,,13211536
2026-06-30T06:02:44.512808,2026-06-29T20:02:45.329934+00:00,121.7,43,bid,,,13211537
2026-06-30T06:02:45.556029,2026-06-29T20:02:46.368416+00:00,121.7,46,bid,,,13211551
2026-06-30T06:02:45.827854,2026-06-29T20:02:46.641783+00:00,121.7,5,bid,,,13211558
2026-06-30T06:02:45.827854,2026-06-29T20:02:46.641783+00:00,122.0,45,bid,,,13211559
2026-06-30T06:02:47.935399,2026-06-29T20:02:48.748509+00:00,121.7,5,bid,,,13211599
2026-06-30T06:02:47.935399,2026-06-29T20:02:48.748509+00:00,122.0,45,bid,,,13211600
2026-06-30T06:02:50.041435,2026-06-29T20:02:50.850753+00:00,121.8,5,bid,,,13211635
2026-06-30T06:02:50.041435,2026-06-29T20:02:50.850753+00:00,122.0,45,bid,,,13211636
2026-06-30T06:02:50.440413,2026-06-29T20:02:51.255021+00:00,121.9,5,ask,,,13211641
2026-06-30T06:02:50.569266,2026-06-29T20:02:51.384929+00:00,121.9,5,ask,,,13211644
2026-06-30T06:02:50.623120,2026-06-29T20:02:51.428252+00:00,121.9,5,ask,,,13211645
2026-06-30T06:02:51.140574,2026-06-29T20:02:51.952290+00:00,121.9,25,ask,,,13211653
2026-06-30T06:02:51.152745,2026-06-29T20:02:51.963353+00:00,121.9,47,ask,,,13211655
2026-06-30T06:02:51.259627,2026-06-29T20:02:52.072053+00:00,121.9,13,ask,,,13211656
2026-06-30T06:02:52.104475,2026-06-29T20:02:52.912306+00:00,121.6,45,ask,,,13211674
2026-06-30T06:02:52.149393,2026-06-29T20:02:52.967630+00:00,121.9,5,bid,,,13211675
2026-06-30T06:02:52.149393,2026-06-29T20:02:52.967630+00:00,122.1,45,bid,,,13211676
2026-06-30T06:02:53.206270,2026-06-29T20:02:54.020703+00:00,121.9,41,bid,,,13211694
2026-06-30T06:02:53.765888,2026-06-29T20:02:54.575424+00:00,121.9,41,bid,,,13211705
2026-06-30T06:02:54.260490,2026-06-29T20:02:55.076408+00:00,121.9,50,bid,,,13211716
2026-06-30T06:02:54.275344,2026-06-29T20:02:55.087471+00:00,121.6,42,ask,,,13211717
2026-06-30T06:02:55.165828,2026-06-29T20:02:55.978515+00:00,121.6,40,ask,,,13211729
2026-06-30T06:02:55.372898,2026-06-29T20:02:56.187406+00:00,121.9,2,bid,,,13211732
2026-06-30T06:02:55.372898,2026-06-29T20:02:56.187406+00:00,122.1,100,bid,,,13211733
2026-06-30T06:02:55.475750,2026-06-29T20:02:56.285170+00:00,122.2,25,ask,,,13211734
2026-06-30T06:02:55.488788,2026-06-29T20:02:56.296234+00:00,122.2,2,ask,,,13211736
2026-06-30T06:02:55.556902,2026-06-29T20:02:56.372762+00:00,122.2,21,ask,,,13211740
2026-06-30T06:02:56.367467,2026-06-29T20:02:57.178149+00:00,122.7,50,bid,,,13211754
2026-06-30T06:02:56.709642,2026-06-29T20:02:57.517365+00:00,121.7,45,ask,,,13211764
2026-06-30T06:02:58.474904,2026-06-29T20:02:59.287343+00:00,121.9,2,bid,,,13211793
2026-06-30T06:02:58.474904,2026-06-29T20:02:59.287343+00:00,122.2,48,bid,,,13211794
2026-06-30T06:02:58.780610,2026-06-29T20:02:59.591948+00:00,121.7,25,ask,,,13211805
2026-06-30T06:02:58.922330,2026-06-29T20:02:59.743983+00:00,121.7,25,ask,,,13211810
2026-06-30T06:02:58.989983,2026-06-29T20:02:59.797369+00:00,121.7,5,ask,,,13211813
2026-06-30T06:02:58.989983,2026-06-29T20:02:59.797369+00:00,121.7,20,ask,,,13211814
2026-06-30T06:02:59.132520,2026-06-29T20:02:59.938368+00:00,121.7,25,ask,,,13211818
2026-06-30T06:02:59.202981,2026-06-29T20:03:00.015387+00:00,121.7,25,ask,,,13211820
2026-06-30T06:02:59.342623,2026-06-29T20:03:00.157350+00:00,121.7,25,ask,,,13211826
2026-06-30T06:02:59.412162,2026-06-29T20:03:00.222862+00:00,121.7,25,ask,,,13211828
2026-06-30T06:02:59.552939,2026-06-29T20:03:00.364317+00:00,121.7,25,ask,,,13211833
2026-06-30T06:02:59.622993,2026-06-29T20:03:00.428267+00:00,121.7,5,ask,,,13211835
2026-06-30T06:03:00.583143,2026-06-29T20:03:01.397384+00:00,121.7,50,bid,,,13211860
2026-06-30T06:03:02.343715,2026-06-29T20:03:03.150848+00:00,121.4,46,bid,,,13211904
2026-06-30T06:03:02.689389,2026-06-29T20:03:03.500834+00:00,121.4,50,bid,,,13211912
2026-06-30T06:03:04.462135,2026-06-29T20:03:05.277445+00:00,121.3,41,ask,,,13211947
2026-06-30T06:03:04.794828,2026-06-29T20:03:05.605127+00:00,121.4,50,bid,,,13211950
2026-06-30T06:03:06.901544,2026-06-29T20:03:07.707294+00:00,121.5,50,bid,,,13211987
2026-06-30T06:03:09.008715,2026-06-29T20:03:09.822197+00:00,121.5,50,bid,,,13212027
2026-06-30T06:03:11.165770,2026-06-29T20:03:11.977815+00:00,121.5,50,ask,,,13212074
2026-06-30T06:03:12.022331,2026-06-29T20:03:12.827922+00:00,121.9,5,bid,,,13212084
2026-06-30T06:03:12.022331,2026-06-29T20:03:12.838501+00:00,122.0,38,bid,,,13212085
2026-06-30T06:03:13.271804,2026-06-29T20:03:14.078933+00:00,121.9,50,ask,,,13212115
2026-06-30T06:03:13.780700,2026-06-29T20:03:14.588903+00:00,121.9,49,ask,,,13212121
2026-06-30T06:03:14.939017,2026-06-29T20:03:15.754277+00:00,122.4,41,bid,,,13212136
2026-06-30T06:03:16.664299,2026-06-29T20:03:17.473945+00:00,122.4,46,bid,,,13212171
2026-06-30T06:03:17.483787,2026-06-29T20:03:18.289988+00:00,121.9,50,ask,,,13212189
2026-06-30T06:03:19.419611,2026-06-29T20:03:20.227542+00:00,122.0,45,ask,,,13212215
2026-06-30T06:03:19.595628,2026-06-29T20:03:20.402315+00:00,122.0,50,ask,,,13212226
2026-06-30T06:03:19.994407,2026-06-29T20:03:20.804960+00:00,122.4,41,bid,,,13212230
2026-06-30T06:03:21.558808,2026-06-29T20:03:22.372123+00:00,122.1,49,bid,,,13212253
2026-06-30T06:03:21.615471,2026-06-29T20:03:22.427453+00:00,121.9,49,ask,,,13212254
2026-06-30T06:03:21.701097,2026-06-29T20:03:22.515044+00:00,121.9,50,ask,,,13212258
2026-06-30T06:03:22.154764,2026-06-29T20:03:22.961217+00:00,122.1,46,bid,,,13212264
2026-06-30T06:03:23.830128,2026-06-29T20:03:24.645282+00:00,121.7,4,ask,,,13212294
2026-06-30T06:03:23.830128,2026-06-29T20:03:24.645282+00:00,121.6,46,ask,,,13212295
2026-06-30T06:03:23.880486,2026-06-29T20:03:24.688080+00:00,122.1,100,bid,,,13212296
2026-06-30T06:03:25.938555,2026-06-29T20:03:26.753225+00:00,122.1,50,ask,,,13212340
2026-06-30T06:03:27.094336,2026-06-29T20:03:27.900084+00:00,121.9,100,ask,,,13212365
2026-06-30T06:03:27.173027,2026-06-29T20:03:27.988065+00:00,121.8,25,bid,,,13212367
2026-06-30T06:03:27.216228,2026-06-29T20:03:28.031810+00:00,121.8,25,bid,,,13212369
2026-06-30T06:03:28.013378,2026-06-29T20:03:28.826158+00:00,122.4,50,bid,,,13212384
2026-06-30T06:03:29.123784,2026-06-29T20:03:29.936824+00:00,121.6,49,ask,,,13212399
2026-06-30T06:03:30.119282,2026-06-29T20:03:30.927564+00:00,121.9,4,ask,,,13212420
2026-06-30T06:03:30.119282,2026-06-29T20:03:30.927564+00:00,121.6,43,ask,,,13212421
2026-06-30T06:03:30.174045,2026-06-29T20:03:30.981963+00:00,121.6,8,ask,,,13212423
2026-06-30T06:03:31.399783,2026-06-29T20:03:32.211737+00:00,121.9,1,ask,,,13212446
2026-06-30T06:03:31.399783,2026-06-29T20:03:32.211737+00:00,121.8,99,ask,,,13212447
2026-06-30T06:03:32.295854,2026-06-29T20:03:33.113380+00:00,121.8,50,ask,,,13212460
2026-06-30T06:03:33.594335,2026-06-29T20:03:34.399693+00:00,121.9,25,bid,,,13212492
2026-06-30T06:03:33.636952,2026-06-29T20:03:34.443946+00:00,121.9,25,bid,,,13212496
2026-06-30T06:03:33.808064,2026-06-29T20:03:34.618116+00:00,121.9,25,bid,,,13212500
2026-06-30T06:03:33.861372,2026-06-29T20:03:34.672967+00:00,121.9,25,bid,,,13212505
2026-06-30T06:03:34.019411,2026-06-29T20:03:34.835948+00:00,121.9,25,bid,,,13212509
2026-06-30T06:03:34.071622,2026-06-29T20:03:34.900951+00:00,121.9,25,bid,,,13212512
2026-06-30T06:03:34.134959,2026-06-29T20:03:34.945202+00:00,122.2,2,bid,,,13212515
2026-06-30T06:03:34.403957,2026-06-29T20:03:35.217601+00:00,121.4,50,ask,,,13212520
2026-06-30T06:03:37.752035,2026-06-29T20:03:38.558909+00:00,122.2,49,bid,,,13212570
2026-06-30T06:03:38.455981,2026-06-29T20:03:39.267237+00:00,121.8,3,ask,,,13212586
2026-06-30T06:03:38.455981,2026-06-29T20:03:39.267237+00:00,121.7,38,ask,,,13212587
2026-06-30T06:03:38.583182,2026-06-29T20:03:39.397661+00:00,122.2,50,bid,,,13212589
2026-06-30T06:03:40.460532,2026-06-29T20:03:41.268590+00:00,122.2,41,bid,,,13212630
2026-06-30T06:03:40.691453,2026-06-29T20:03:41.497455+00:00,122.2,50,bid,,,13212640
2026-06-30T06:03:41.044665,2026-06-29T20:03:41.857227+00:00,122.1,42,ask,,,13212644
2026-06-30T06:03:42.618401,2026-06-29T20:03:43.426550+00:00,122.4,46,bid,,,13212688
2026-06-30T06:03:42.673277,2026-06-29T20:03:43.478976+00:00,122.1,49,ask,,,13212690
2026-06-30T06:03:42.798850,2026-06-29T20:03:43.610849+00:00,122.4,50,bid,,,13212693
2026-06-30T06:03:44.022516,2026-06-29T20:03:44.838273+00:00,122.4,100,bid,,,13212718
2026-06-30T06:03:44.910267,2026-06-29T20:03:45.722022+00:00,122.4,50,bid,,,13212739
2026-06-30T06:03:46.096811,2026-06-29T20:03:46.908395+00:00,122.5,5,ask,,,13212757
2026-06-30T06:03:46.247834,2026-06-29T20:03:47.060960+00:00,122.5,25,ask,,,13212760
2026-06-30T06:03:46.307280,2026-06-29T20:03:47.116279+00:00,122.5,25,ask,,,13212762
2026-06-30T06:03:46.458103,2026-06-29T20:03:47.267387+00:00,122.5,25,ask,,,13212765
2026-06-30T06:03:46.514252,2026-06-29T20:03:47.321832+00:00,122.5,25,ask,,,13212767
2026-06-30T06:03:46.669472,2026-06-29T20:03:47.484416+00:00,122.5,25,ask,,,13212769
2026-06-30T06:03:46.725305,2026-06-29T20:03:47.538365+00:00,122.5,20,ask,,,13212774
2026-06-30T06:03:49.183006,2026-06-29T20:03:49.997804+00:00,122.2,50,ask,,,13212852
2026-06-30T06:03:49.573100,2026-06-29T20:03:50.387589+00:00,122.2,42,ask,,,13212859
2026-06-30T06:03:50.053734,2026-06-29T20:03:50.867233+00:00,122.4,43,bid,,,13212863
2026-06-30T06:03:50.583729,2026-06-29T20:03:51.399952+00:00,122.4,48,bid,,,13212873
2026-06-30T06:03:51.296374,2026-06-29T20:03:52.109713+00:00,122.1,4,ask,,,13212893
2026-06-30T06:03:51.296374,2026-06-29T20:03:52.109713+00:00,121.9,46,ask,,,13212894
2026-06-30T06:03:52.102741,2026-06-29T20:03:52.915088+00:00,121.9,47,ask,,,13212907
2026-06-30T06:03:53.177205,2026-06-29T20:03:53.988383+00:00,122.4,44,bid,,,13212920
2026-06-30T06:03:53.404805,2026-06-29T20:03:54.217412+00:00,121.9,50,ask,,,13212924
2026-06-30T06:03:55.515720,2026-06-29T20:03:56.327399+00:00,121.9,50,ask,,,13212977
2026-06-30T06:03:56.559166,2026-06-29T20:03:57.372002+00:00,122.3,25,bid,,,13212998
2026-06-30T06:03:56.561813,2026-06-29T20:03:57.372002+00:00,122.3,25,bid,,,13212999
2026-06-30T06:03:56.608336,2026-06-29T20:03:57.416269+00:00,122.3,47,bid,,,13213000
2026-06-30T06:03:56.770426,2026-06-29T20:03:57.580327+00:00,122.3,25,bid,,,13213006
2026-06-30T06:03:56.775387,2026-06-29T20:03:57.591327+00:00,122.3,25,bid,,,13213007
2026-06-30T06:03:56.985122,2026-06-29T20:03:57.798082+00:00,122.3,3,bid,,,13213015
2026-06-30T06:03:56.991429,2026-06-29T20:03:57.798082+00:00,122.4,2,bid,,,13213016
2026-06-30T06:03:57.141695,2026-06-29T20:03:57.950937+00:00,121.9,41,ask,,,13213018
2026-06-30T06:03:57.196120,2026-06-29T20:03:58.006265+00:00,122.4,2,bid,,,13213019
2026-06-30T06:03:57.401471,2026-06-29T20:03:58.213210+00:00,122.4,2,bid,,,13213022
2026-06-30T06:03:57.606487,2026-06-29T20:03:58.418645+00:00,122.4,2,bid,,,13213024
2026-06-30T06:03:57.621937,2026-06-29T20:03:58.429727+00:00,122.1,5,ask,,,13213025
2026-06-30T06:03:57.621937,2026-06-29T20:03:58.440790+00:00,121.9,45,ask,,,13213026
2026-06-30T06:03:57.815972,2026-06-29T20:03:58.626533+00:00,122.4,2,bid,,,13213033
2026-06-30T06:03:58.690082,2026-06-29T20:03:59.505040+00:00,122.4,90,bid,,,13213051
2026-06-30T06:03:58.690082,2026-06-29T20:03:59.505040+00:00,122.4,1,bid,,,13213052
2026-06-30T06:03:58.793340,2026-06-29T20:03:59.602273+00:00,122.4,25,ask,,,13213055
2026-06-30T06:03:58.842580,2026-06-29T20:03:59.657581+00:00,122.4,25,ask,,,13213058
2026-06-30T06:03:59.003894,2026-06-29T20:03:59.819818+00:00,122.4,9,ask,,,13213065
2026-06-30T06:03:59.730813,2026-06-29T20:04:00.537471+00:00,122.1,2,ask,,,13213079
2026-06-30T06:03:59.730813,2026-06-29T20:04:00.537471+00:00,121.9,14,ask,,,13213080
2026-06-30T06:04:00.185371,2026-06-29T20:04:00.995044+00:00,121.7,44,ask,,,13213094
2026-06-30T06:04:01.141820,2026-06-29T20:04:01.950055+00:00,122.0,2,ask,,,13213102
2026-06-30T06:04:02.316316,2026-06-29T20:04:03.126474+00:00,122.2,43,bid,,,13213130
2026-06-30T06:04:05.325097,2026-06-29T20:04:06.133943+00:00,122.2,47,bid,,,13213201
2026-06-30T06:04:06.044492,2026-06-29T20:04:06.860069+00:00,122.0,2,ask,,,13213210
2026-06-30T06:04:06.044492,2026-06-29T20:04:06.860069+00:00,121.8,48,ask,,,13213211
2026-06-30T06:04:08.151635,2026-06-29T20:04:08.963068+00:00,122.0,5,ask,,,13213247
2026-06-30T06:04:08.151635,2026-06-29T20:04:08.963068+00:00,121.8,45,ask,,,13213248
2026-06-30T06:04:08.859981,2026-06-29T20:04:09.674032+00:00,122.0,5,ask,,,13213266
2026-06-30T06:04:08.859981,2026-06-29T20:04:09.674032+00:00,121.8,40,ask,,,13213267
2026-06-30T06:04:09.439084,2026-06-29T20:04:10.251137+00:00,122.2,25,bid,,,13213278
2026-06-30T06:04:09.526020,2026-06-29T20:04:10.338092+00:00,122.2,25,bid,,,13213280
2026-06-30T06:04:09.649081,2026-06-29T20:04:10.468400+00:00,122.2,25,bid,,,13213284
2026-06-30T06:04:09.735915,2026-06-29T20:04:10.545435+00:00,122.2,25,bid,,,13213287
2026-06-30T06:04:09.858967,2026-06-29T20:04:10.666227+00:00,122.3,25,bid,,,13213292
2026-06-30T06:04:09.946186,2026-06-29T20:04:10.752850+00:00,122.3,25,bid,,,13213294
2026-06-30T06:04:10.154525,2026-06-29T20:04:10.969928+00:00,122.3,16,bid,,,13213299
2026-06-30T06:04:16.568827,2026-06-29T20:04:17.384380+00:00,122.2,20,ask,,,13213392
2026-06-30T06:04:16.568827,2026-06-29T20:04:17.384380+00:00,122.0,30,ask,,,13213393
2026-06-30T06:04:18.544701,2026-06-29T20:04:19.353987+00:00,122.2,9,ask,,,13213433
2026-06-30T06:04:18.544701,2026-06-29T20:04:19.353987+00:00,122.0,37,ask,,,13213434
2026-06-30T06:04:18.676428,2026-06-29T20:04:19.485376+00:00,122.0,50,ask,,,13213438
2026-06-30T06:04:18.897509,2026-06-29T20:04:19.703886+00:00,122.1,8,bid,,,13213440
2026-06-30T06:04:20.289920,2026-06-29T20:04:21.106161+00:00,122.1,12,bid,,,13213465
2026-06-30T06:04:20.791154,2026-06-29T20:04:21.607547+00:00,121.6,50,ask,,,13213473
2026-06-30T06:04:21.121973,2026-06-29T20:04:21.933283+00:00,122.1,42,bid,,,13213477
2026-06-30T06:04:21.815428,2026-06-29T20:04:22.629613+00:00,122.1,4,bid,,,13213487
2026-06-30T06:04:22.061681,2026-06-29T20:04:22.869721+00:00,122.0,4,ask,,,13213496
2026-06-30T06:04:22.061681,2026-06-29T20:04:22.869721+00:00,121.8,96,ask,,,13213497
2026-06-30T06:04:23.070398,2026-06-29T20:04:23.885543+00:00,121.8,44,ask,,,13213520
2026-06-30T06:04:24.957588,2026-06-29T20:04:25.770802+00:00,121.4,50,bid,,,13213556
2026-06-30T06:04:27.116196,2026-06-29T20:04:27.931572+00:00,121.3,50,ask,,,13213603
2026-06-30T06:04:29.221348,2026-06-29T20:04:30.038794+00:00,121.5,50,ask,,,13213625
2026-06-30T06:04:33.380836,2026-06-29T20:04:34.188482+00:00,121.7,50,bid,,,13213695
2026-06-30T06:04:35.128181,2026-06-29T20:04:35.941141+00:00,121.6,7,bid,,,13213730
2026-06-30T06:04:37.592366,2026-06-29T20:04:38.404216+00:00,121.6,50,bid,,,13213775
2026-06-30T06:04:38.461141,2026-06-29T20:04:39.277289+00:00,121.7,46,bid,,,13213790
2026-06-30T06:04:43.927135,2026-06-29T20:04:44.745356+00:00,121.9,1,bid,,,13213899
2026-06-30T06:04:43.927135,2026-06-29T20:04:44.745356+00:00,122.0,49,bid,,,13213900
2026-06-30T06:04:45.254499,2026-06-29T20:04:46.063075+00:00,121.7,42,ask,,,13213917
2026-06-30T06:04:46.039273,2026-06-29T20:04:46.853872+00:00,122.0,50,bid,,,13213936
2026-06-30T06:04:48.151486,2026-06-29T20:04:48.957140+00:00,122.1,50,bid,,,13213972
2026-06-30T06:04:49.866090,2026-06-29T20:04:50.677986+00:00,121.9,1,bid,,,13213990
2026-06-30T06:04:49.866090,2026-06-29T20:04:50.677986+00:00,122.1,42,bid,,,13213991
2026-06-30T06:04:49.920638,2026-06-29T20:04:50.732828+00:00,121.8,43,ask,,,13213993
2026-06-30T06:04:50.309722,2026-06-29T20:04:51.124000+00:00,121.8,50,ask,,,13214001
2026-06-30T06:04:51.390722,2026-06-29T20:04:52.203380+00:00,122.3,42,bid,,,13214031
2026-06-30T06:04:52.041429,2026-06-29T20:04:52.856268+00:00,121.8,45,ask,,,13214042
2026-06-30T06:04:53.049461,2026-06-29T20:04:53.858087+00:00,121.9,40,bid,,,13214076
2026-06-30T06:04:53.564737,2026-06-29T20:04:54.377930+00:00,121.9,45,bid,,,13214080
2026-06-30T06:04:53.660118,2026-06-29T20:04:54.476542+00:00,121.9,65,bid,,,13214085
2026-06-30T06:04:54.519336,2026-06-29T20:04:55.326412+00:00,122.0,35,ask,,,13214106
2026-06-30T06:04:54.519336,2026-06-29T20:04:55.337476+00:00,121.4,15,ask,,,13214107
2026-06-30T06:04:54.640799,2026-06-29T20:04:55.447202+00:00,121.4,44,ask,,,13214112
2026-06-30T06:04:56.237380,2026-06-29T20:04:57.047685+00:00,122.0,3,bid,,,13214132
2026-06-30T06:04:56.627739,2026-06-29T20:04:57.438805+00:00,121.7,50,ask,,,13214141
2026-06-30T06:04:57.238802,2026-06-29T20:04:58.051050+00:00,122.0,43,bid,,,13214160
2026-06-30T06:04:57.294256,2026-06-29T20:04:58.106303+00:00,121.7,45,ask,,,13214163
2026-06-30T06:04:58.733236,2026-06-29T20:04:59.545364+00:00,121.7,50,ask,,,13214192
2026-06-30T06:05:00.501407,2026-06-29T20:05:01.307912+00:00,121.7,44,bid,,,13214231
2026-06-30T06:05:00.839701,2026-06-29T20:05:01.646168+00:00,121.6,50,ask,,,13214235
2026-06-30T06:05:01.070945,2026-06-29T20:05:01.885288+00:00,121.7,49,bid,,,13214237
2026-06-30T06:05:02.164005,2026-06-29T20:05:02.976247+00:00,121.7,49,ask,,,13214258
2026-06-30T06:05:02.947252,2026-06-29T20:05:03.758674+00:00,121.7,50,ask,,,13214267
2026-06-30T06:05:04.767108,2026-06-29T20:05:05.576217+00:00,121.9,49,ask,,,13214315
2026-06-30T06:05:05.005200,2026-06-29T20:05:05.816443+00:00,122.0,4,bid,,,13214319
2026-06-30T06:05:05.005200,2026-06-29T20:05:05.816443+00:00,122.2,46,bid,,,13214320
2026-06-30T06:05:06.958235,2026-06-29T20:05:07.770182+00:00,121.6,40,ask,,,13214359
2026-06-30T06:05:07.112927,2026-06-29T20:05:07.922203+00:00,122.1,50,bid,,,13214362
2026-06-30T06:05:07.440768,2026-06-29T20:05:08.248906+00:00,122.1,40,bid,,,13214373
2026-06-30T06:05:10.558192,2026-06-29T20:05:11.365849+00:00,121.9,44,ask,,,13214430
2026-06-30T06:05:11.378350,2026-06-29T20:05:12.193301+00:00,121.9,50,ask,,,13214452
2026-06-30T06:05:13.485809,2026-06-29T20:05:14.301894+00:00,121.9,50,ask,,,13214484
2026-06-30T06:05:14.647625,2026-06-29T20:05:15.457209+00:00,122.0,46,bid,,,13214500
2026-06-30T06:05:15.594771,2026-06-29T20:05:16.404266+00:00,121.8,4,ask,,,13214521
2026-06-30T06:05:15.594771,2026-06-29T20:05:16.404266+00:00,121.8,46,ask,,,13214522
2026-06-30T06:05:15.849100,2026-06-29T20:05:16.656437+00:00,121.8,41,ask,,,13214528
2026-06-30T06:05:17.701561,2026-06-29T20:05:18.517452+00:00,121.8,50,ask,,,13214555
2026-06-30T06:05:17.856435,2026-06-29T20:05:18.670079+00:00,121.7,100,ask,,,13214556
2026-06-30T06:05:18.410609,2026-06-29T20:05:19.227221+00:00,121.6,40,bid,,,13214563
2026-06-30T06:05:19.521335,2026-06-29T20:05:20.337313+00:00,121.6,5,bid,,,13214580
2026-06-30T06:05:19.809033,2026-06-29T20:05:20.618198+00:00,121.4,50,ask,,,13214584
2026-06-30T06:05:20.006305,2026-06-29T20:05:20.814988+00:00,121.6,5,bid,,,13214590
2026-06-30T06:05:20.006305,2026-06-29T20:05:20.814988+00:00,121.9,39,bid,,,13214591
2026-06-30T06:05:20.965039,2026-06-29T20:05:21.773919+00:00,121.9,61,bid,,,13214601
2026-06-30T06:05:21.915142,2026-06-29T20:05:22.730933+00:00,122.0,50,ask,,,13214619
2026-06-30T06:05:24.023472,2026-06-29T20:05:24.841034+00:00,122.0,39,ask,,,13214654
2026-06-30T06:05:24.023472,2026-06-29T20:05:24.841034+00:00,121.7,5,ask,,,13214655
2026-06-30T06:05:24.023472,2026-06-29T20:05:24.841034+00:00,121.7,6,ask,,,13214656
2026-06-30T06:05:24.062670,2026-06-29T20:05:24.874236+00:00,122.2,48,bid,,,13214658
2026-06-30T06:05:24.982736,2026-06-29T20:05:25.788953+00:00,121.7,46,ask,,,13214673
2026-06-30T06:05:26.083217,2026-06-29T20:05:26.892201+00:00,121.9,50,bid,,,13214696
2026-06-30T06:05:27.020730,2026-06-29T20:05:27.831965+00:00,121.7,4,ask,,,13214706
2026-06-30T06:05:27.020730,2026-06-29T20:05:27.831965+00:00,121.5,43,ask,,,13214707
2026-06-30T06:05:30.021462,2026-06-29T20:05:30.828046+00:00,122.1,48,bid,,,13214761
2026-06-30T06:05:30.309292,2026-06-29T20:05:31.119960+00:00,122.1,50,bid,,,13214767
2026-06-30T06:05:32.467545,2026-06-29T20:05:33.280925+00:00,122.0,50,ask,,,13214788
2026-06-30T06:05:33.714681,2026-06-29T20:05:34.530017+00:00,121.9,44,ask,,,13214798
2026-06-30T06:05:35.189283,2026-06-29T20:05:35.997380+00:00,122.2,8,bid,,,13214818
2026-06-30T06:05:35.189283,2026-06-29T20:05:35.997380+00:00,122.2,35,bid,,,13214819
2026-06-30T06:05:36.631252,2026-06-29T20:05:37.446015+00:00,122.2,50,bid,,,13214837
2026-06-30T06:05:36.653618,2026-06-29T20:05:37.467164+00:00,122.2,15,bid,,,13214838
2026-06-30T06:05:40.892366,2026-06-29T20:05:41.701810+00:00,121.8,50,ask,,,13214927
2026-06-30T06:05:44.569935,2026-06-29T20:05:45.383256+00:00,121.7,42,ask,,,13214988
2026-06-30T06:05:45.050058,2026-06-29T20:05:45.862886+00:00,122.0,50,bid,,,13214992
2026-06-30T06:05:46.163339,2026-06-29T20:05:46.974346+00:00,122.0,45,bid,,,13215017
2026-06-30T06:05:46.776934,2026-06-29T20:05:47.583412+00:00,121.8,2,ask,,,13215033
2026-06-30T06:05:46.776934,2026-06-29T20:05:47.594502+00:00,121.7,38,ask,,,13215034
2026-06-30T06:05:49.260874,2026-06-29T20:05:50.073128+00:00,121.8,50,bid,,,13215080
2026-06-30T06:05:49.434156,2026-06-29T20:05:50.247321+00:00,121.8,50,bid,,,13215083
2026-06-30T06:05:51.368444,2026-06-29T20:05:52.184237+00:00,122.0,5,bid,,,13215114
2026-06-30T06:05:51.368444,2026-06-29T20:05:52.184237+00:00,122.1,45,bid,,,13215115
2026-06-30T06:05:53.475618,2026-06-29T20:05:54.287191+00:00,122.1,50,bid,,,13215154
2026-06-30T06:05:55.580468,2026-06-29T20:05:56.388555+00:00,122.0,3,bid,,,13215195
2026-06-30T06:05:55.580468,2026-06-29T20:05:56.388555+00:00,122.1,47,bid,,,13215196
2026-06-30T06:05:56.145055,2026-06-29T20:05:56.954275+00:00,122.1,3,bid,,,13215201
2026-06-30T06:05:56.145055,2026-06-29T20:05:56.954275+00:00,122.2,40,bid,,,13215202
2026-06-30T06:05:57.688198,2026-06-29T20:05:58.500783+00:00,122.1,3,bid,,,13215230
2026-06-30T06:05:57.688198,2026-06-29T20:05:58.500783+00:00,122.2,47,bid,,,13215231
2026-06-30T06:05:58.921950,2026-06-29T20:05:59.731927+00:00,122.1,3,bid,,,13215259
2026-06-30T06:05:59.797062,2026-06-29T20:06:00.612019+00:00,122.4,50,bid,,,13215269
2026-06-30T06:06:01.021962,2026-06-29T20:06:01.831908+00:00,122.2,3,ask,,,13215289
2026-06-30T06:06:01.902387,2026-06-29T20:06:02.716340+00:00,122.5,50,bid,,,13215309
2026-06-30T06:06:02.195019,2026-06-29T20:06:03.008392+00:00,122.0,47,ask,,,13215316
2026-06-30T06:06:03.070425,2026-06-29T20:06:03.877276+00:00,122.0,47,ask,,,13215335
2026-06-30T06:06:03.607303,2026-06-29T20:06:04.420000+00:00,122.2,2,bid,,,13215345
2026-06-30T06:06:03.607303,2026-06-29T20:06:04.420000+00:00,122.4,42,bid,,,13215346
2026-06-30T06:06:04.008507,2026-06-29T20:06:04.820709+00:00,122.3,3,bid,,,13215356
2026-06-30T06:06:04.008507,2026-06-29T20:06:04.820709+00:00,122.4,47,bid,,,13215357
2026-06-30T06:06:06.117203,2026-06-29T20:06:06.929000+00:00,122.3,3,bid,,,13215385
2026-06-30T06:06:06.117203,2026-06-29T20:06:06.929000+00:00,122.4,11,bid,,,13215386
2026-06-30T06:06:06.117203,2026-06-29T20:06:06.929000+00:00,122.6,36,bid,,,13215387
2026-06-30T06:06:06.851807,2026-06-29T20:06:07.658657+00:00,122.1,41,ask,,,13215398
2026-06-30T06:06:07.953820,2026-06-29T20:06:08.767796+00:00,122.3,4,bid,,,13215428
2026-06-30T06:06:07.953820,2026-06-29T20:06:08.767796+00:00,122.6,43,bid,,,13215429
2026-06-30T06:06:09.507370,2026-06-29T20:06:10.321139+00:00,122.0,49,ask,,,13215461
2026-06-30T06:06:10.381545,2026-06-29T20:06:11.188526+00:00,122.0,50,ask,,,13215477
2026-06-30T06:06:11.620545,2026-06-29T20:06:12.427993+00:00,121.9,100,ask,,,13215492
2026-06-30T06:06:12.458808,2026-06-29T20:06:13.265321+00:00,121.9,49,bid,,,13215503
2026-06-30T06:06:12.487805,2026-06-29T20:06:13.298089+00:00,121.5,50,ask,,,13215505
2026-06-30T06:06:12.589312,2026-06-29T20:06:13.397180+00:00,121.9,1,bid,,,13215509
2026-06-30T06:06:13.750365,2026-06-29T20:06:14.560936+00:00,122.0,1,bid,,,13215526
2026-06-30T06:06:14.547398,2026-06-29T20:06:15.357384+00:00,122.0,50,bid,,,13215541
2026-06-30T06:06:18.807672,2026-06-29T20:06:19.620796+00:00,121.8,50,ask,,,13215604
2026-06-30T06:06:19.041809,2026-06-29T20:06:19.859569+00:00,121.8,43,ask,,,13215609
2026-06-30T06:06:20.913929,2026-06-29T20:06:21.722337+00:00,121.8,50,ask,,,13215643
2026-06-30T06:06:22.208276,2026-06-29T20:06:23.017572+00:00,121.3,40,ask,,,13215673
2026-06-30T06:06:24.768597,2026-06-29T20:06:25.582092+00:00,121.4,48,bid,,,13215708
2026-06-30T06:06:25.130398,2026-06-29T20:06:25.940045+00:00,121.3,50,ask,,,13215716
2026-06-30T06:06:27.187164,2026-06-29T20:06:27.998397+00:00,121.4,50,bid,,,13215759
2026-06-30T06:06:29.295556,2026-06-29T20:06:30.113031+00:00,121.2,50,bid,,,13215800
2026-06-30T06:06:29.690571,2026-06-29T20:06:30.505205+00:00,121.1,48,ask,,,13215809
2026-06-30T06:06:30.817479,2026-06-29T20:06:31.624010+00:00,121.2,47,bid,,,13215822
2026-06-30T06:06:31.388310,2026-06-29T20:06:32.201870+00:00,121.0,44,ask,,,13215834
2026-06-30T06:06:31.402008,2026-06-29T20:06:32.212933+00:00,121.2,3,bid,,,13215835
2026-06-30T06:06:31.402008,2026-06-29T20:06:32.212933+00:00,121.5,47,bid,,,13215836
2026-06-30T06:06:31.959624,2026-06-29T20:06:32.768322+00:00,121.5,41,bid,,,13215842
2026-06-30T06:06:33.520507,2026-06-29T20:06:34.336193+00:00,121.5,50,bid,,,13215866
2026-06-30T06:06:33.929578,2026-06-29T20:06:34.737922+00:00,121.6,43,bid,,,13215869
2026-06-30T06:06:33.983657,2026-06-29T20:06:34.792290+00:00,121.4,1,ask,,,13215870
2026-06-30T06:06:33.983657,2026-06-29T20:06:34.792290+00:00,121.4,41,ask,,,13215871
2026-06-30T06:06:35.627728,2026-06-29T20:06:36.435082+00:00,121.8,4,bid,,,13215890
2026-06-30T06:06:35.627728,2026-06-29T20:06:36.446146+00:00,121.8,46,bid,,,13215891
2026-06-30T06:06:35.632960,2026-06-29T20:06:36.446146+00:00,121.4,45,ask,,,13215892
2026-06-30T06:06:36.313437,2026-06-29T20:06:37.129774+00:00,121.7,4,bid,,,13215907
2026-06-30T06:06:36.313437,2026-06-29T20:06:37.129774+00:00,121.8,43,bid,,,13215908
2026-06-30T06:06:37.314893,2026-06-29T20:06:38.121967+00:00,121.6,45,bid,,,13215924
2026-06-30T06:06:37.758429,2026-06-29T20:06:38.568502+00:00,121.6,50,bid,,,13215930
2026-06-30T06:06:38.762970,2026-06-29T20:06:39.572935+00:00,121.5,25,ask,,,13215948
2026-06-30T06:06:38.892514,2026-06-29T20:06:39.703386+00:00,121.5,25,ask,,,13215950
2026-06-30T06:06:38.971668,2026-06-29T20:06:39.778933+00:00,121.5,25,ask,,,13215952
2026-06-30T06:06:39.103605,2026-06-29T20:06:39.918202+00:00,121.5,25,ask,,,13215955
2026-06-30T06:06:39.866250,2026-06-29T20:06:40.682189+00:00,121.6,50,bid,,,13215988
2026-06-30T06:06:40.021275,2026-06-29T20:06:40.828967+00:00,121.7,3,bid,,,13215993
2026-06-30T06:06:40.526490,2026-06-29T20:06:41.337659+00:00,121.8,25,ask,,,13216012
2026-06-30T06:06:40.584224,2026-06-29T20:06:41.391918+00:00,121.8,25,ask,,,13216014
2026-06-30T06:06:40.738238,2026-06-29T20:06:41.544358+00:00,121.8,25,ask,,,13216016
2026-06-30T06:06:40.793331,2026-06-29T20:06:41.608813+00:00,121.8,25,ask,,,13216018
2026-06-30T06:06:40.948209,2026-06-29T20:06:41.760819+00:00,121.8,25,ask,,,13216021
2026-06-30T06:06:41.003355,2026-06-29T20:06:41.816159+00:00,121.8,22,ask,,,13216023
2026-06-30T06:06:41.978981,2026-06-29T20:06:42.786297+00:00,121.9,50,bid,,,13216040
2026-06-30T06:06:43.811116,2026-06-29T20:06:44.627107+00:00,121.4,41,ask,,,13216061
2026-06-30T06:06:44.085351,2026-06-29T20:06:44.897156+00:00,121.5,50,bid,,,13216072
2026-06-30T06:06:46.190840,2026-06-29T20:06:46.997279+00:00,121.5,50,bid,,,13216106
2026-06-30T06:06:48.296755,2026-06-29T20:06:49.107653+00:00,121.8,4,bid,,,13216137
2026-06-30T06:06:48.296755,2026-06-29T20:06:49.117742+00:00,121.8,46,bid,,,13216138
2026-06-30T06:06:48.695932,2026-06-29T20:06:49.509969+00:00,121.4,46,ask,,,13216154
2026-06-30T06:06:50.404544,2026-06-29T20:06:51.211764+00:00,121.6,50,bid,,,13216196
2026-06-30T06:06:50.470440,2026-06-29T20:06:51.277139+00:00,121.6,48,bid,,,13216198
2026-06-30T06:06:51.011307,2026-06-29T20:06:51.823883+00:00,121.2,48,ask,,,13216212
2026-06-30T06:06:51.509718,2026-06-29T20:06:52.323181+00:00,121.2,42,ask,,,13216219
2026-06-30T06:06:52.002348,2026-06-29T20:06:52.810958+00:00,121.6,45,bid,,,13216226
2026-06-30T06:06:52.562265,2026-06-29T20:06:53.377641+00:00,121.2,10,ask,,,13216234
2026-06-30T06:06:52.562265,2026-06-29T20:06:53.377641+00:00,121.1,40,ask,,,13216235
2026-06-30T06:06:53.189800,2026-06-29T20:06:53.997873+00:00,121.2,42,ask,,,13216251
2026-06-30T06:06:54.321164,2026-06-29T20:06:55.128582+00:00,121.3,43,bid,,,13216268
2026-06-30T06:06:54.670471,2026-06-29T20:06:55.477428+00:00,121.2,50,ask,,,13216279
2026-06-30T06:06:57.608311,2026-06-29T20:06:58.419103+00:00,121.3,47,bid,,,13216333
2026-06-30T06:06:58.829918,2026-06-29T20:06:59.639816+00:00,121.3,50,bid,,,13216358
2026-06-30T06:07:00.187927,2026-06-29T20:07:00.999645+00:00,121.0,100,bid,,,13216382
2026-06-30T06:07:00.934403,2026-06-29T20:07:01.751032+00:00,121.0,50,bid,,,13216400
2026-06-30T06:07:02.200214,2026-06-29T20:07:03.015120+00:00,121.2,25,ask,,,13216427
2026-06-30T06:07:02.251028,2026-06-29T20:07:03.058450+00:00,121.2,25,ask,,,13216429
2026-06-30T06:07:02.410958,2026-06-29T20:07:03.223097+00:00,121.2,25,ask,,,13216435
2026-06-30T06:07:02.467113,2026-06-29T20:07:03.277516+00:00,121.2,25,ask,,,13216437
2026-06-30T06:07:02.621564,2026-06-29T20:07:03.429078+00:00,121.2,25,ask,,,13216439
2026-06-30T06:07:02.676299,2026-06-29T20:07:03.484440+00:00,121.2,25,ask,,,13216442
2026-06-30T06:07:03.041926,2026-06-29T20:07:03.856544+00:00,121.5,50,bid,,,13216452
2026-06-30T06:07:04.867697,2026-06-29T20:07:05.678016+00:00,120.8,42,ask,,,13216488
2026-06-30T06:07:05.151659,2026-06-29T20:07:05.961961+00:00,121.3,50,bid,,,13216501
2026-06-30T06:07:06.225083,2026-06-29T20:07:07.038174+00:00,120.8,49,ask,,,13216510
2026-06-30T06:07:07.258074,2026-06-29T20:07:08.074156+00:00,121.0,50,bid,,,13216528
2026-06-30T06:07:09.363708,2026-06-29T20:07:10.175116+00:00,121.0,50,bid,,,13216569
2026-06-30T06:07:10.233535,2026-06-29T20:07:11.044948+00:00,121.1,42,bid,,,13216589
2026-06-30T06:07:11.471490,2026-06-29T20:07:12.284104+00:00,121.1,50,bid,,,13216607
2026-06-30T06:07:14.504823,2026-06-29T20:07:15.321856+00:00,121.3,5,bid,,,13216661
2026-06-30T06:07:14.504823,2026-06-29T20:07:15.321856+00:00,121.5,38,bid,,,13216662
2026-06-30T06:07:15.683350,2026-06-29T20:07:16.497662+00:00,121.3,5,bid,,,13216684
2026-06-30T06:07:17.841509,2026-06-29T20:07:18.657688+00:00,121.2,50,ask,,,13216714
2026-06-30T06:07:19.125624,2026-06-29T20:07:19.935331+00:00,121.1,40,ask,,,13216732
2026-06-30T06:07:19.952486,2026-06-29T20:07:20.764382+00:00,121.1,50,ask,,,13216748
2026-06-30T06:07:20.778862,2026-06-29T20:07:21.588388+00:00,121.1,45,ask,,,13216753
2026-06-30T06:07:21.210977,2026-06-29T20:07:22.025296+00:00,121.1,100,ask,,,13216759
2026-06-30T06:07:22.057662,2026-06-29T20:07:22.871960+00:00,120.6,50,ask,,,13216776
2026-06-30T06:07:22.834835,2026-06-29T20:07:23.652810+00:00,121.1,5,bid,,,13216785
2026-06-30T06:07:23.906266,2026-06-29T20:07:24.715373+00:00,121.1,4,bid,,,13216803
2026-06-30T06:07:24.164774,2026-06-29T20:07:24.976630+00:00,121.0,4,ask,,,13216808
2026-06-30T06:07:24.164774,2026-06-29T20:07:24.987695+00:00,120.9,46,ask,,,13216809
2026-06-30T06:07:26.276789,2026-06-29T20:07:27.092904+00:00,121.0,4,ask,,,13216832
2026-06-30T06:07:26.276789,2026-06-29T20:07:27.092904+00:00,120.8,46,ask,,,13216833
2026-06-30T06:07:27.532558,2026-06-29T20:07:28.341833+00:00,121.0,4,ask,,,13216851
2026-06-30T06:07:27.583361,2026-06-29T20:07:28.397247+00:00,121.0,4,bid,,,13216852
2026-06-30T06:07:27.618528,2026-06-29T20:07:28.430323+00:00,121.0,3,bid,,,13216854
2026-06-30T06:07:27.650981,2026-06-29T20:07:28.463323+00:00,121.0,3,bid,,,13216855
2026-06-30T06:07:27.693931,2026-06-29T20:07:28.507322+00:00,121.0,3,bid,,,13216857
2026-06-30T06:07:27.734427,2026-06-29T20:07:28.549755+00:00,121.0,3,bid,,,13216858
2026-06-30T06:07:28.410838,2026-06-29T20:07:29.223910+00:00,120.9,3,ask,,,13216873
2026-06-30T06:07:28.410838,2026-06-29T20:07:29.223910+00:00,120.7,47,ask,,,13216874
2026-06-30T06:07:28.734952,2026-06-29T20:07:29.550132+00:00,120.9,4,ask,,,13216879
2026-06-30T06:07:28.761405,2026-06-29T20:07:29.572256+00:00,120.9,3,bid,,,13216880
2026-06-30T06:07:28.796370,2026-06-29T20:07:29.605459+00:00,120.9,3,bid,,,13216881
2026-06-30T06:07:28.826648,2026-06-29T20:07:29.637674+00:00,120.9,3,bid,,,13216882
2026-06-30T06:07:28.857585,2026-06-29T20:07:29.669934+00:00,120.9,3,bid,,,13216883
2026-06-30T06:07:28.917921,2026-06-29T20:07:29.725266+00:00,120.9,3,bid,,,13216886
2026-06-30T06:07:29.424792,2026-06-29T20:07:30.235010+00:00,120.9,3,bid,,,13216898
2026-06-30T06:07:29.873081,2026-06-29T20:07:30.689608+00:00,120.9,3,bid,,,13216903
2026-06-30T06:07:29.910125,2026-06-29T20:07:30.722796+00:00,120.9,3,bid,,,13216905
2026-06-30T06:07:30.521002,2026-06-29T20:07:31.329836+00:00,120.8,2,ask,,,13216918
2026-06-30T06:07:30.521002,2026-06-29T20:07:31.329836+00:00,120.5,48,ask,,,13216919
2026-06-30T06:07:31.643323,2026-06-29T20:07:32.460039+00:00,120.9,42,bid,,,13216943
2026-06-30T06:07:32.089707,2026-06-29T20:07:32.897410+00:00,120.9,25,bid,,,13216951
2026-06-30T06:07:32.143934,2026-06-29T20:07:32.951818+00:00,120.9,25,bid,,,13216953
2026-06-30T06:07:32.275334,2026-06-29T20:07:33.083280+00:00,120.9,43,bid,,,13216954
2026-06-30T06:07:32.298511,2026-06-29T20:07:33.105406+00:00,120.9,25,bid,,,13216958
2026-06-30T06:07:32.353683,2026-06-29T20:07:33.170880+00:00,120.9,25,bid,,,13216960
2026-06-30T06:07:32.509676,2026-06-29T20:07:33.324488+00:00,120.9,7,bid,,,13216965
2026-06-30T06:07:32.514486,2026-06-29T20:07:33.324488+00:00,121.1,1,bid,,,13216967
2026-06-30T06:07:32.514486,2026-06-29T20:07:33.324488+00:00,121.2,1,bid,,,13216968
2026-06-30T06:07:32.654525,2026-06-29T20:07:33.466412+00:00,120.8,2,ask,,,13216973
2026-06-30T06:07:32.654525,2026-06-29T20:07:33.466412+00:00,120.7,48,ask,,,13216974
2026-06-30T06:07:34.536948,2026-06-29T20:07:35.348509+00:00,121.1,1,ask,,,13217010
2026-06-30T06:07:34.761467,2026-06-29T20:07:35.578583+00:00,121.1,50,ask,,,13217012
2026-06-30T06:07:34.934450,2026-06-29T20:07:35.742195+00:00,121.1,1,ask,,,13217018
2026-06-30T06:07:35.072643,2026-06-29T20:07:35.885114+00:00,121.1,98,ask,,,13217022
2026-06-30T06:07:35.488975,2026-06-29T20:07:36.297439+00:00,120.8,4,ask,,,13217033
2026-06-30T06:07:35.488975,2026-06-29T20:07:36.297439+00:00,120.6,41,ask,,,13217034
2026-06-30T06:07:36.638764,2026-06-29T20:07:37.448755+00:00,121.1,2,bid,,,13217050
2026-06-30T06:07:36.638764,2026-06-29T20:07:37.448755+00:00,121.6,42,bid,,,13217051
2026-06-30T06:07:36.874201,2026-06-29T20:07:37.687873+00:00,120.6,50,ask,,,13217055
2026-06-30T06:07:37.241056,2026-06-29T20:07:38.057447+00:00,121.2,45,bid,,,13217063
2026-06-30T06:07:38.979939,2026-06-29T20:07:39.788277+00:00,120.8,5,ask,,,13217093
2026-06-30T06:07:38.979939,2026-06-29T20:07:39.798860+00:00,120.7,45,ask,,,13217094
2026-06-30T06:07:41.088037,2026-06-29T20:07:41.899058+00:00,120.8,4,ask,,,13217131
2026-06-30T06:07:41.088037,2026-06-29T20:07:41.899058+00:00,120.7,46,ask,,,13217132
2026-06-30T06:07:42.056419,2026-06-29T20:07:42.869094+00:00,120.6,44,ask,,,13217151
2026-06-30T06:07:42.690674,2026-06-29T20:07:43.499896+00:00,120.9,41,bid,,,13217162
2026-06-30T06:07:43.195826,2026-06-29T20:07:44.011818+00:00,120.6,50,ask,,,13217171
2026-06-30T06:07:43.383928,2026-06-29T20:07:44.197507+00:00,120.8,25,bid,,,13217174
2026-06-30T06:07:43.386377,2026-06-29T20:07:44.197507+00:00,120.8,25,bid,,,13217175
2026-06-30T06:07:43.595614,2026-06-29T20:07:44.405387+00:00,120.8,25,bid,,,13217180
2026-06-30T06:07:43.598411,2026-06-29T20:07:44.416458+00:00,120.8,25,bid,,,13217181
2026-06-30T06:07:43.808764,2026-06-29T20:07:44.621842+00:00,120.8,25,bid,,,13217185
2026-06-30T06:07:43.811322,2026-06-29T20:07:44.621842+00:00,120.8,25,bid,,,13217186
2026-06-30T06:07:44.019307,2026-06-29T20:07:44.828259+00:00,120.9,25,bid,,,13217189
2026-06-30T06:07:44.021977,2026-06-29T20:07:44.838755+00:00,120.9,25,bid,,,13217190
2026-06-30T06:07:44.233337,2026-06-29T20:07:45.046324+00:00,120.9,9,bid,,,13217196
2026-06-30T06:07:45.323891,2026-06-29T20:07:46.133663+00:00,120.8,50,ask,,,13217226
2026-06-30T06:07:47.429585,2026-06-29T20:07:48.243030+00:00,120.9,50,ask,,,13217270
2026-06-30T06:07:48.694731,2026-06-29T20:07:49.507399+00:00,120.9,44,ask,,,13217294
2026-06-30T06:07:49.223719,2026-06-29T20:07:50.041065+00:00,121.0,1,bid,,,13217310
2026-06-30T06:07:49.223719,2026-06-29T20:07:50.041065+00:00,121.1,42,bid,,,13217311
2026-06-30T06:07:49.536465,2026-06-29T20:07:50.346115+00:00,120.9,50,ask,,,13217319
2026-06-30T06:07:49.686798,2026-06-29T20:07:50.498194+00:00,120.8,25,bid,,,13217326
2026-06-30T06:07:49.878470,2026-06-29T20:07:50.694968+00:00,120.8,25,bid,,,13217333
2026-06-30T06:07:49.896110,2026-06-29T20:07:50.706031+00:00,120.8,7,bid,,,13217335
2026-06-30T06:07:50.905608,2026-06-29T20:07:51.719035+00:00,120.7,42,ask,,,13217348
2026-06-30T06:07:51.644195,2026-06-29T20:07:52.462024+00:00,120.7,50,ask,,,13217361
2026-06-30T06:07:53.750864,2026-06-29T20:07:54.564441+00:00,120.7,8,ask,,,13217396
2026-06-30T06:07:53.750864,2026-06-29T20:07:54.564441+00:00,120.5,42,ask,,,13217397
2026-06-30T06:07:54.098639,2026-06-29T20:07:54.912882+00:00,120.5,41,ask,,,13217412
2026-06-30T06:07:55.857830,2026-06-29T20:07:56.668135+00:00,120.5,50,ask,,,13217442
2026-06-30T06:07:56.647744,2026-06-29T20:07:57.461166+00:00,120.4,2,bid,,,13217467
2026-06-30T06:07:56.704795,2026-06-29T20:07:57.516476+00:00,120.4,2,bid,,,13217468
2026-06-30T06:07:57.168868,2026-06-29T20:07:57.986103+00:00,120.4,100,bid,,,13217477
2026-06-30T06:07:57.697140,2026-06-29T20:07:58.508261+00:00,120.4,2,bid,,,13217484
2026-06-30T06:07:57.763513,2026-06-29T20:07:58.574163+00:00,120.4,2,bid,,,13217485
2026-06-30T06:07:57.794505,2026-06-29T20:07:58.607362+00:00,120.4,2,bid,,,13217487
2026-06-30T06:07:57.832780,2026-06-29T20:07:58.649711+00:00,120.4,2,bid,,,13217488
2026-06-30T06:07:57.866660,2026-06-29T20:07:58.682900+00:00,120.4,1,bid,,,13217489
2026-06-30T06:07:57.912251,2026-06-29T20:07:58.727147+00:00,120.4,37,bid,,,13217492
2026-06-30T06:07:57.912251,2026-06-29T20:07:58.727147+00:00,120.8,2,bid,,,13217493
2026-06-30T06:07:57.912251,2026-06-29T20:07:58.727147+00:00,120.9,11,bid,,,13217494
2026-06-30T06:07:58.103872,2026-06-29T20:07:58.921040+00:00,120.8,2,bid,,,13217496
2026-06-30T06:07:58.313633,2026-06-29T20:07:59.127486+00:00,120.8,2,bid,,,13217501
2026-06-30T06:07:58.724270,2026-06-29T20:07:59.530746+00:00,120.8,2,bid,,,13217508
2026-06-30T06:07:58.936035,2026-06-29T20:07:59.748227+00:00,120.8,2,bid,,,13217515
2026-06-30T06:08:00.385339,2026-06-29T20:08:01.197685+00:00,120.6,100,ask,,,13217544
2026-06-30T06:08:02.183325,2026-06-29T20:08:02.993304+00:00,120.6,50,ask,,,13217593
2026-06-30T06:08:04.131820,2026-06-29T20:08:04.943421+00:00,120.6,43,bid,,,13217620
2026-06-30T06:08:04.238609,2026-06-29T20:08:05.052151+00:00,120.6,50,bid,,,13217624
2026-06-30T06:08:05.557785,2026-06-29T20:08:06.367760+00:00,120.7,2,bid,,,13217648
2026-06-30T06:08:05.667126,2026-06-29T20:08:06.477381+00:00,121.0,48,bid,,,13217652
2026-06-30T06:08:06.344418,2026-06-29T20:08:07.151807+00:00,121.0,50,bid,,,13217671
2026-06-30T06:08:08.094521,2026-06-29T20:08:08.906065+00:00,120.7,44,ask,,,13217703
2026-06-30T06:08:08.504340,2026-06-29T20:08:09.318575+00:00,120.7,50,ask,,,13217706
2026-06-30T06:08:08.572253,2026-06-29T20:08:09.384969+00:00,120.8,2,bid,,,13217710
2026-06-30T06:08:10.032323,2026-06-29T20:08:10.840085+00:00,121.0,43,bid,,,13217743
2026-06-30T06:08:10.087016,2026-06-29T20:08:10.895385+00:00,120.5,1,ask,,,13217744
2026-06-30T06:08:10.087016,2026-06-29T20:08:10.895385+00:00,120.5,43,ask,,,13217745
2026-06-30T06:08:10.676189,2026-06-29T20:08:11.491802+00:00,120.5,46,ask,,,13217758
2026-06-30T06:08:12.662644,2026-06-29T20:08:13.469670+00:00,120.6,50,bid,,,13217787
2026-06-30T06:08:12.995627,2026-06-29T20:08:13.807413+00:00,120.6,100,bid,,,13217795
2026-06-30T06:08:13.192157,2026-06-29T20:08:14.003256+00:00,120.8,3,bid,,,13217804
2026-06-30T06:08:13.515105,2026-06-29T20:08:14.328931+00:00,121.1,40,bid,,,13217811
2026-06-30T06:08:14.821323,2026-06-29T20:08:15.637067+00:00,120.1,50,ask,,,13217826
2026-06-30T06:08:15.154991,2026-06-29T20:08:15.971908+00:00,120.5,45,ask,,,13217831
2026-06-30T06:08:16.614212,2026-06-29T20:08:17.427699+00:00,120.8,48,bid,,,13217862
2026-06-30T06:08:16.927672,2026-06-29T20:08:17.743944+00:00,120.5,50,ask,,,13217876
2026-06-30T06:08:18.984090,2026-06-29T20:08:19.799933+00:00,120.8,50,bid,,,13217918
2026-06-30T06:08:19.752497,2026-06-29T20:08:20.570884+00:00,120.7,44,ask,,,13217935
2026-06-30T06:08:20.798822,2026-06-29T20:08:21.607371+00:00,120.8,42,bid,,,13217954
2026-06-30T06:08:21.372835,2026-06-29T20:08:22.184246+00:00,120.7,44,ask,,,13217964
2026-06-30T06:08:23.199669,2026-06-29T20:08:24.010971+00:00,121.0,50,bid,,,13217999
2026-06-30T06:08:27.417401,2026-06-29T20:08:28.233337+00:00,121.0,50,bid,,,13218045
2026-06-30T06:08:29.524830,2026-06-29T20:08:31.034385+00:00,121.0,50,bid,,,13218068
2026-06-30T06:08:31.630419,2026-06-29T20:08:33.137912+00:00,120.9,50,bid,,,13218104
2026-06-30T06:08:33.738328,2026-06-29T20:08:34.548202+00:00,120.9,50,bid,,,13218135
2026-06-30T06:08:34.967701,2026-06-29T20:08:35.785310+00:00,120.9,43,ask,,,13218159
2026-06-30T06:08:38.011773,2026-06-29T20:08:38.842154+00:00,120.8,50,ask,,,13218217
2026-06-30T06:08:41.403833,2026-06-29T20:08:42.217566+00:00,121.0,4,bid,,,13218276
2026-06-30T06:08:41.403833,2026-06-29T20:08:42.217566+00:00,121.1,38,bid,,,13218277
2026-06-30T06:08:42.170714,2026-06-29T20:08:42.978072+00:00,121.0,4,bid,,,13218289
2026-06-30T06:08:42.170714,2026-06-29T20:08:42.988650+00:00,121.1,46,bid,,,13218290
2026-06-30T06:08:43.859685,2026-06-29T20:08:44.668001+00:00,121.0,1,bid,,,13218318
2026-06-30T06:08:43.859685,2026-06-29T20:08:44.678581+00:00,121.1,45,bid,,,13218319
2026-06-30T06:08:44.329585,2026-06-29T20:08:45.137236+00:00,120.9,50,ask,,,13218323
2026-06-30T06:08:44.433921,2026-06-29T20:08:45.246528+00:00,121.0,2,bid,,,13218324
2026-06-30T06:08:44.433921,2026-06-29T20:08:45.246528+00:00,121.1,39,bid,,,13218325
2026-06-30T06:08:45.072721,2026-06-29T20:08:45.889921+00:00,120.9,49,ask,,,13218338
2026-06-30T06:08:45.715354,2026-06-29T20:08:46.532257+00:00,120.9,43,ask,,,13218347
2026-06-30T06:08:46.437103,2026-06-29T20:08:47.247547+00:00,120.9,8,ask,,,13218362
2026-06-30T06:08:46.437103,2026-06-29T20:08:47.247547+00:00,120.9,42,ask,,,13218363
2026-06-30T06:08:46.624577,2026-06-29T20:08:47.440941+00:00,120.9,58,ask,,,13218368
2026-06-30T06:08:46.624577,2026-06-29T20:08:47.440941+00:00,120.7,1,ask,,,13218369
2026-06-30T06:08:46.861054,2026-06-29T20:08:47.668481+00:00,120.7,45,bid,,,13218374
2026-06-30T06:08:47.180614,2026-06-29T20:08:47.995435+00:00,120.7,4,bid,,,13218377
2026-06-30T06:08:47.275410,2026-06-29T20:08:48.093115+00:00,120.7,4,bid,,,13218382
2026-06-30T06:08:47.679543,2026-06-29T20:08:48.495275+00:00,120.7,4,bid,,,13218388
2026-06-30T06:08:48.549363,2026-06-29T20:08:49.357343+00:00,120.5,50,ask,,,13218409
2026-06-30T06:08:48.620397,2026-06-29T20:08:49.432896+00:00,120.7,34,bid,,,13218412
2026-06-30T06:08:48.620397,2026-06-29T20:08:49.432896+00:00,121.0,10,bid,,,13218413
2026-06-30T06:08:49.737113,2026-06-29T20:08:50.554346+00:00,121.0,90,bid,,,13218436
2026-06-30T06:08:50.534612,2026-06-29T20:08:51.347768+00:00,121.2,46,ask,,,13218451
2026-06-30T06:08:51.113367,2026-06-29T20:08:51.925148+00:00,121.6,48,bid,,,13218462
2026-06-30T06:08:51.167702,2026-06-29T20:08:51.978038+00:00,121.2,14,ask,,,13218464
2026-06-30T06:08:51.167702,2026-06-29T20:08:51.978038+00:00,121.1,26,ask,,,13218465
2026-06-30T06:08:52.710542,2026-06-29T20:08:53.523956+00:00,121.6,50,bid,,,13218488
2026-06-30T06:08:53.661719,2026-06-29T20:08:54.478935+00:00,121.1,49,ask,,,13218508
2026-06-30T06:08:54.817709,2026-06-29T20:08:55.626041+00:00,121.3,50,bid,,,13218531
2026-06-30T06:08:56.924589,2026-06-29T20:08:57.742153+00:00,121.5,50,bid,,,13218578
2026-06-30T06:08:57.813095,2026-06-29T20:08:58.623062+00:00,121.5,41,bid,,,13218592
2026-06-30T06:08:59.030003,2026-06-29T20:08:59.843277+00:00,121.5,50,bid,,,13218618
2026-06-30T06:08:59.317170,2026-06-29T20:09:00.126144+00:00,121.6,49,bid,,,13218626
2026-06-30T06:09:01.190229,2026-06-29T20:09:01.998205+00:00,121.4,50,ask,,,13218658
2026-06-30T06:09:03.297358,2026-06-29T20:09:04.112036+00:00,121.4,50,ask,,,13218711
2026-06-30T06:09:04.407616,2026-06-29T20:09:05.219333+00:00,121.3,49,ask,,,13218730
2026-06-30T06:09:07.455618,2026-06-29T20:09:08.273095+00:00,121.7,50,bid,,,13218775
2026-06-30T06:09:08.105024,2026-06-29T20:09:08.912934+00:00,121.2,42,ask,,,13218784
2026-06-30T06:09:09.564172,2026-06-29T20:09:10.387306+00:00,121.7,50,bid,,,13218824
2026-06-30T06:09:09.840415,2026-06-29T20:09:10.745211+00:00,121.7,45,bid,,,13218833
2026-06-30T06:09:10.050726,2026-06-29T20:09:10.864997+00:00,121.7,25,ask,,,13218839
2026-06-30T06:09:10.100225,2026-06-29T20:09:10.908320+00:00,121.7,25,ask,,,13218845
2026-06-30T06:09:10.281233,2026-06-29T20:09:11.095033+00:00,121.7,25,ask,,,13218850
2026-06-30T06:09:10.308328,2026-06-29T20:09:11.117159+00:00,121.7,25,ask,,,13218852
2026-06-30T06:09:10.493325,2026-06-29T20:09:11.309993+00:00,121.8,48,bid,,,13218858
2026-06-30T06:09:11.106772,2026-06-29T20:09:11.918948+00:00,121.3,42,ask,,,13218867
2026-06-30T06:09:11.669956,2026-06-29T20:09:12.487248+00:00,121.8,50,bid,,,13218880
2026-06-30T06:09:12.655754,2026-06-29T20:09:13.467286+00:00,121.7,47,ask,,,13218893
2026-06-30T06:09:13.141445,2026-06-29T20:09:13.957603+00:00,122.2,49,bid,,,13218901
2026-06-30T06:09:13.777256,2026-06-29T20:09:14.588370+00:00,122.2,50,bid,,,13218908
2026-06-30T06:09:14.285822,2026-06-29T20:09:15.098838+00:00,121.7,47,ask,,,13218918
2026-06-30T06:09:14.893049,2026-06-29T20:09:15.710859+00:00,122.2,46,bid,,,13218923
2026-06-30T06:09:15.097732,2026-06-29T20:09:15.907695+00:00,122.0,25,ask,,,13218935
2026-06-30T06:09:15.125058,2026-06-29T20:09:15.939935+00:00,122.0,25,ask,,,13218938
2026-06-30T06:09:15.306231,2026-06-29T20:09:16.114162+00:00,122.0,25,ask,,,13218942
2026-06-30T06:09:15.333244,2026-06-29T20:09:16.147352+00:00,122.0,25,ask,,,13218945
2026-06-30T06:09:15.419687,2026-06-29T20:09:16.234006+00:00,122.0,41,ask,,,13218947
2026-06-30T06:09:15.527851,2026-06-29T20:09:16.341757+00:00,122.0,9,ask,,,13218949
2026-06-30T06:09:15.885406,2026-06-29T20:09:16.700156+00:00,122.2,50,bid,,,13218956
2026-06-30T06:09:15.908823,2026-06-29T20:09:16.722296+00:00,121.7,1,ask,,,13218958
2026-06-30T06:09:16.930613,2026-06-29T20:09:17.747239+00:00,122.2,44,bid,,,13218988
2026-06-30T06:09:17.149609,2026-06-29T20:09:17.964232+00:00,121.8,1,bid,,,13218997
2026-06-30T06:09:17.991906,2026-06-29T20:09:18.803882+00:00,122.2,50,bid,,,13219023
2026-06-30T06:09:19.448249,2026-06-29T20:09:20.258791+00:00,121.9,100,bid,,,13219040
2026-06-30T06:09:19.549404,2026-06-29T20:09:20.357436+00:00,121.5,44,ask,,,13219041
2026-06-30T06:09:20.153338,2026-06-29T20:09:20.968065+00:00,121.5,50,ask,,,13219058
2026-06-30T06:09:21.971004,2026-06-29T20:09:22.787254+00:00,121.8,5,bid,,,13219087
2026-06-30T06:09:22.258893,2026-06-29T20:09:23.071808+00:00,121.4,1,ask,,,13219096
2026-06-30T06:09:22.258893,2026-06-29T20:09:23.071808+00:00,121.4,49,ask,,,13219097
2026-06-30T06:09:22.269065,2026-06-29T20:09:23.082872+00:00,121.8,5,bid,,,13219100
2026-06-30T06:09:22.272965,2026-06-29T20:09:23.082872+00:00,121.9,2,bid,,,13219101
2026-06-30T06:09:22.477697,2026-06-29T20:09:23.288798+00:00,121.9,2,bid,,,13219106
2026-06-30T06:09:22.683852,2026-06-29T20:09:23.497122+00:00,121.9,2,bid,,,13219108
2026-06-30T06:09:22.961502,2026-06-29T20:09:23.778610+00:00,121.9,2,bid,,,13219111
2026-06-30T06:09:22.973995,2026-06-29T20:09:23.789692+00:00,121.8,6,ask,,,13219115
2026-06-30T06:09:23.167341,2026-06-29T20:09:23.975417+00:00,121.9,2,bid,,,13219119
2026-06-30T06:09:23.177626,2026-06-29T20:09:23.986479+00:00,121.8,7,ask,,,13219122
2026-06-30T06:09:23.386453,2026-06-29T20:09:24.205471+00:00,121.9,2,bid,,,13219130
2026-06-30T06:09:23.662067,2026-06-29T20:09:24.477291+00:00,121.9,2,bid,,,13219131
2026-06-30T06:09:23.868078,2026-06-29T20:09:24.682208+00:00,121.9,2,bid,,,13219133
2026-06-30T06:09:24.074055,2026-06-29T20:09:24.888692+00:00,121.9,2,bid,,,13219136
2026-06-30T06:09:24.279494,2026-06-29T20:09:25.097515+00:00,121.9,2,bid,,,13219137
2026-06-30T06:09:24.488757,2026-06-29T20:09:25.302957+00:00,121.9,6,bid,,,13219152
2026-06-30T06:09:25.185025,2026-06-29T20:09:26.000172+00:00,121.9,7,bid,,,13219168
2026-06-30T06:09:25.402146,2026-06-29T20:09:26.217593+00:00,121.9,7,bid,,,13219175
2026-06-30T06:09:25.773612,2026-06-29T20:09:26.586599+00:00,121.9,6,bid,,,13219187
2026-06-30T06:09:26.485016,2026-06-29T20:09:27.293889+00:00,121.9,50,ask,,,13219204
2026-06-30T06:09:27.259353,2026-06-29T20:09:28.067569+00:00,121.9,5,ask,,,13219225
2026-06-30T06:09:27.540141,2026-06-29T20:09:28.348507+00:00,121.9,5,ask,,,13219230
2026-06-30T06:09:27.749638,2026-06-29T20:09:28.557423+00:00,121.9,34,ask,,,13219240
2026-06-30T06:09:27.892582,2026-06-29T20:09:28.709016+00:00,121.8,2,bid,,,13219244
2026-06-30T06:09:28.098744,2026-06-29T20:09:28.906276+00:00,121.8,2,bid,,,13219247
2026-06-30T06:09:28.304382,2026-06-29T20:09:29.114215+00:00,121.8,2,bid,,,13219251
2026-06-30T06:09:28.510218,2026-06-29T20:09:29.320681+00:00,121.8,2,bid,,,13219254
2026-06-30T06:09:28.542152,2026-06-29T20:09:29.353864+00:00,121.8,50,bid,,,13219255
2026-06-30T06:09:28.716089,2026-06-29T20:09:29.527505+00:00,121.8,2,bid,,,13219260
2026-06-30T06:09:28.923414,2026-06-29T20:09:29.734456+00:00,121.8,2,bid,,,13219267
2026-06-30T06:09:28.949836,2026-06-29T20:09:29.767677+00:00,121.8,42,bid,,,13219270
2026-06-30T06:09:29.129446,2026-06-29T20:09:29.942425+00:00,121.8,2,bid,,,13219275
2026-06-30T06:09:29.335023,2026-06-29T20:09:30.148297+00:00,121.8,2,bid,,,13219279
2026-06-30T06:09:29.541957,2026-06-29T20:09:30.357176+00:00,121.8,2,bid,,,13219287
2026-06-30T06:09:29.752166,2026-06-29T20:09:30.562237+00:00,121.8,6,bid,,,13219292
2026-06-30T06:09:29.756438,2026-06-29T20:09:30.573340+00:00,121.9,2,bid,,,13219293
2026-06-30T06:09:29.875246,2026-06-29T20:09:30.682891+00:00,121.9,3,bid,,,13219296
2026-06-30T06:09:29.965830,2026-06-29T20:09:30.782247+00:00,122.0,16,bid,,,13219299
2026-06-30T06:09:29.969691,2026-06-29T20:09:30.782247+00:00,122.0,2,bid,,,13219300
2026-06-30T06:09:30.094260,2026-06-29T20:09:30.902860+00:00,122.0,25,bid,,,13219304
2026-06-30T06:09:30.173985,2026-06-29T20:09:30.988851+00:00,122.0,2,bid,,,13219309
2026-06-30T06:09:30.306778,2026-06-29T20:09:31.119700+00:00,121.9,8,bid,,,13219314
2026-06-30T06:09:30.378556,2026-06-29T20:09:31.186087+00:00,122.0,2,bid,,,13219315
2026-06-30T06:09:30.515711,2026-06-29T20:09:31.328080+00:00,122.0,25,bid,,,13219320
2026-06-30T06:09:30.584221,2026-06-29T20:09:31.393995+00:00,122.0,2,bid,,,13219321
2026-06-30T06:09:30.707905,2026-06-29T20:09:31.524324+00:00,121.5,50,ask,,,13219328
2026-06-30T06:09:30.729641,2026-06-29T20:09:31.546425+00:00,122.0,25,bid,,,13219332
2026-06-30T06:09:30.786488,2026-06-29T20:09:31.600730+00:00,122.0,1,bid,,,13219333
2026-06-30T06:09:31.138713,2026-06-29T20:09:31.948229+00:00,122.2,25,ask,,,13219338
2026-06-30T06:09:31.196915,2026-06-29T20:09:32.014137+00:00,122.2,25,ask,,,13219340
2026-06-30T06:09:31.270926,2026-06-29T20:09:32.078598+00:00,122.2,7,ask,,,13219345
2026-06-30T06:09:31.347595,2026-06-29T20:09:32.156063+00:00,122.2,25,ask,,,13219349
2026-06-30T06:09:31.416580,2026-06-29T20:09:32.232108+00:00,122.2,25,ask,,,13219351
2026-06-30T06:09:31.556401,2026-06-29T20:09:32.374040+00:00,122.2,25,ask,,,13219358
2026-06-30T06:09:31.630450,2026-06-29T20:09:32.438492+00:00,122.2,18,ask,,,13219360
2026-06-30T06:09:32.475081,2026-06-29T20:09:33.287577+00:00,122.2,42,bid,,,13219378
2026-06-30T06:09:32.763353,2026-06-29T20:09:33.581937+00:00,122.2,50,bid,,,13219382
2026-06-30T06:09:34.939581,2026-06-29T20:09:35.747739+00:00,121.7,50,ask,,,13219422
2026-06-30T06:09:35.095174,2026-06-29T20:09:35.909901+00:00,121.7,41,ask,,,13219424
2026-06-30T06:09:35.724941,2026-06-29T20:09:36.542132+00:00,122.1,42,bid,,,13219437
2026-06-30T06:09:35.778400,2026-06-29T20:09:36.586412+00:00,121.8,48,ask,,,13219438
2026-06-30T06:09:36.708308,2026-06-29T20:09:37.519673+00:00,122.1,41,bid,,,13219448
2026-06-30T06:09:37.046250,2026-06-29T20:09:37.858421+00:00,121.8,50,ask,,,13219453
2026-06-30T06:09:37.223472,2026-06-29T20:09:38.032127+00:00,121.9,44,ask,,,13219455
2026-06-30T06:09:39.153941,2026-06-29T20:09:39.973885+00:00,121.9,50,ask,,,13219496
2026-06-30T06:09:40.274772,2026-06-29T20:09:41.083596+00:00,122.1,1,bid,,,13219513
2026-06-30T06:09:40.274772,2026-06-29T20:09:41.083596+00:00,122.1,40,bid,,,13219514
2026-06-30T06:09:40.338540,2026-06-29T20:09:41.160173+00:00,121.8,5,ask,,,13219518
2026-06-30T06:09:40.829474,2026-06-29T20:09:41.638864+00:00,121.6,44,ask,,,13219529
2026-06-30T06:09:41.261589,2026-06-29T20:09:42.075088+00:00,121.8,4,ask,,,13219540
2026-06-30T06:09:41.261589,2026-06-29T20:09:42.075088+00:00,121.6,46,ask,,,13219541
2026-06-30T06:09:41.668276,2026-06-29T20:09:42.477813+00:00,121.9,25,bid,,,13219546
2026-06-30T06:09:41.791185,2026-06-29T20:09:42.608194+00:00,121.9,25,bid,,,13219548
2026-06-30T06:09:41.878845,2026-06-29T20:09:42.696230+00:00,121.9,25,bid,,,13219550
2026-06-30T06:09:42.004591,2026-06-29T20:09:42.815114+00:00,121.9,25,bid,,,13219554
2026-06-30T06:09:43.263374,2026-06-29T20:09:44.077194+00:00,122.1,49,bid,,,13219578
2026-06-30T06:09:43.382358,2026-06-29T20:09:44.196774+00:00,121.8,4,ask,,,13219584
2026-06-30T06:09:43.382358,2026-06-29T20:09:44.196774+00:00,121.6,46,ask,,,13219585
2026-06-30T06:09:45.442274,2026-06-29T20:09:46.258322+00:00,122.1,2,bid,,,13219628
2026-06-30T06:09:45.442274,2026-06-29T20:09:46.258322+00:00,122.1,48,bid,,,13219629
2026-06-30T06:09:45.500197,2026-06-29T20:09:46.313170+00:00,122.1,25,bid,,,13219633
2026-06-30T06:09:45.619659,2026-06-29T20:09:46.432957+00:00,122.1,25,bid,,,13219641
2026-06-30T06:09:45.710044,2026-06-29T20:09:46.518557+00:00,122.1,7,bid,,,13219643
2026-06-30T06:09:46.630812,2026-06-29T20:09:47.443304+00:00,122.1,3,bid,,,13219658
2026-06-30T06:09:47.555047,2026-06-29T20:09:48.368692+00:00,122.3,50,bid,,,13219681
2026-06-30T06:09:48.414871,2026-06-29T20:09:49.238590+00:00,122.2,1,ask,,,13219702
2026-06-30T06:09:48.621475,2026-06-29T20:09:49.435348+00:00,122.2,44,ask,,,13219703
2026-06-30T06:09:49.711665,2026-06-29T20:09:50.520674+00:00,122.2,50,ask,,,13219715
2026-06-30T06:09:50.146595,2026-06-29T20:09:50.957604+00:00,122.1,40,ask,,,13219722
2026-06-30T06:09:51.818499,2026-06-29T20:09:52.626503+00:00,121.8,4,ask,,,13219760
2026-06-30T06:09:51.818499,2026-06-29T20:09:52.637568+00:00,121.8,46,ask,,,13219761
2026-06-30T06:09:52.813579,2026-06-29T20:09:53.628372+00:00,122.2,48,bid,,,13219794
2026-06-30T06:09:53.928885,2026-06-29T20:09:54.738786+00:00,121.9,5,ask,,,13219809
2026-06-30T06:09:53.931951,2026-06-29T20:09:54.749847+00:00,121.8,44,ask,,,13219810
2026-06-30T06:09:54.454702,2026-06-29T20:09:55.262245+00:00,121.9,8,bid,,,13219819
2026-06-30T06:09:55.781210,2026-06-29T20:09:56.594051+00:00,121.9,48,bid,,,13219843
2026-06-30T06:09:56.033662,2026-06-29T20:09:56.844322+00:00,121.8,50,ask,,,13219849
2026-06-30T06:09:58.139695,2026-06-29T20:09:58.957288+00:00,121.7,50,ask,,,13219875
2026-06-30T06:09:59.157947,2026-06-29T20:09:59.967141+00:00,122.1,45,bid,,,13219894
2026-06-30T06:10:00.246024,2026-06-29T20:10:01.055223+00:00,122.0,50,ask,,,13219913
2026-06-30T06:10:01.723576,2026-06-29T20:10:02.537922+00:00,122.0,41,ask,,,13219943
2026-06-30T06:10:02.258471,2026-06-29T20:10:03.072898+00:00,122.1,44,bid,,,13219958
2026-06-30T06:10:02.354149,2026-06-29T20:10:03.170106+00:00,122.0,50,ask,,,13219960
2026-06-30T06:10:03.716852,2026-06-29T20:10:04.528181+00:00,121.8,3,ask,,,13219983
2026-06-30T06:10:03.716852,2026-06-29T20:10:04.528181+00:00,121.4,45,ask,,,13219984
2026-06-30T06:10:04.408441,2026-06-29T20:10:05.222950+00:00,121.9,50,bid,,,13220001
2026-06-30T06:10:05.730396,2026-06-29T20:10:06.537800+00:00,121.8,1,ask,,,13220034
2026-06-30T06:10:06.565799,2026-06-29T20:10:07.376465+00:00,121.5,50,ask,,,13220050
2026-06-30T06:10:07.487144,2026-06-29T20:10:08.301146+00:00,121.6,2,bid,,,13220072
2026-06-30T06:10:09.526494,2026-06-29T20:10:10.334423+00:00,121.5,49,bid,,,13220114
2026-06-30T06:10:10.724238,2026-06-29T20:10:11.542127+00:00,121.5,50,bid,,,13220129
2026-06-30T06:10:11.977730,2026-06-29T20:10:12.791127+00:00,121.3,43,ask,,,13220165
2026-06-30T06:10:12.831491,2026-06-29T20:10:13.652925+00:00,121.8,50,bid,,,13220182
2026-06-30T06:10:14.939294,2026-06-29T20:10:15.757085+00:00,121.6,50,bid,,,13220224
2026-06-30T06:10:15.186563,2026-06-29T20:10:15.997258+00:00,121.6,50,bid,,,13220230
2026-06-30T06:10:16.514871,2026-06-29T20:10:17.332274+00:00,121.8,1,bid,,,13220247
2026-06-30T06:10:17.049521,2026-06-29T20:10:17.864298+00:00,122.2,50,bid,,,13220257
2026-06-30T06:10:18.061564,2026-06-29T20:10:18.877053+00:00,122.2,46,bid,,,13220275
2026-06-30T06:10:19.155926,2026-06-29T20:10:19.974190+00:00,122.2,50,bid,,,13220296
2026-06-30T06:10:22.724705,2026-06-29T20:10:23.542082+00:00,121.9,5,bid,,,13220362
2026-06-30T06:10:23.365613,2026-06-29T20:10:24.184007+00:00,122.1,50,bid,,,13220372
2026-06-30T06:10:23.558423,2026-06-29T20:10:24.368805+00:00,121.9,48,ask,,,13220375
2026-06-30T06:10:25.153838,2026-06-29T20:10:25.971049+00:00,122.4,45,bid,,,13220410
2026-06-30T06:10:25.524199,2026-06-29T20:10:26.341051+00:00,122.1,50,ask,,,13220424
2026-06-30T06:10:26.980156,2026-06-29T20:10:27.789883+00:00,122.1,45,ask,,,13220462
2026-06-30T06:10:27.539354,2026-06-29T20:10:28.355047+00:00,122.1,40,ask,,,13220478
2026-06-30T06:10:27.630441,2026-06-29T20:10:28.442192+00:00,122.1,15,ask,,,13220484
2026-06-30T06:10:27.630441,2026-06-29T20:10:28.442192+00:00,122.0,35,ask,,,13220485
2026-06-30T06:10:27.903626,2026-06-29T20:10:28.714929+00:00,122.0,65,ask,,,13220490
2026-06-30T06:10:28.116080,2026-06-29T20:10:28.930009+00:00,121.9,47,bid,,,13220494
2026-06-30T06:10:29.094659,2026-06-29T20:10:29.908143+00:00,121.8,4,ask,,,13220510
2026-06-30T06:10:29.151363,2026-06-29T20:10:29.963448+00:00,121.4,44,ask,,,13220513
2026-06-30T06:10:29.746727,2026-06-29T20:10:30.562883+00:00,121.4,50,ask,,,13220527
2026-06-30T06:10:32.109081,2026-06-29T20:10:32.917609+00:00,121.7,4,bid,,,13220564
2026-06-30T06:10:32.578371,2026-06-29T20:10:33.387347+00:00,121.8,43,bid,,,13220581
2026-06-30T06:10:33.630553,2026-06-29T20:10:34.440039+00:00,121.3,46,ask,,,13220593
2026-06-30T06:10:33.970065,2026-06-29T20:10:34.788939+00:00,121.3,50,ask,,,13220608
2026-06-30T06:10:36.027712,2026-06-29T20:10:36.840705+00:00,121.7,50,bid,,,13220639
2026-06-30T06:10:37.711418,2026-06-29T20:10:38.527796+00:00,122.0,46,bid,,,13220676
2026-06-30T06:10:38.312745,2026-06-29T20:10:39.127349+00:00,122.0,42,bid,,,13220682
2026-06-30T06:10:40.325481,2026-06-29T20:10:41.139622+00:00,121.7,50,ask,,,13220721
2026-06-30T06:10:40.560378,2026-06-29T20:10:41.368923+00:00,121.7,50,ask,,,13220734
2026-06-30T06:10:41.995884,2026-06-29T20:10:42.804960+00:00,121.6,1,ask,,,13220753
2026-06-30T06:10:41.995884,2026-06-29T20:10:42.816023+00:00,121.4,41,ask,,,13220754
2026-06-30T06:10:44.542511,2026-06-29T20:10:45.376299+00:00,121.5,1,ask,,,13220791
2026-06-30T06:10:44.542511,2026-06-29T20:10:45.376299+00:00,121.4,49,ask,,,13220792
2026-06-30T06:10:44.760693,2026-06-29T20:10:45.604341+00:00,121.5,1,ask,,,13220794
2026-06-30T06:10:44.760693,2026-06-29T20:10:45.604341+00:00,121.4,10,ask,,,13220795
2026-06-30T06:10:44.760693,2026-06-29T20:10:45.604341+00:00,121.4,36,ask,,,13220796
2026-06-30T06:10:44.967375,2026-06-29T20:10:45.778109+00:00,121.5,1,bid,,,13220797
2026-06-30T06:10:46.003717,2026-06-29T20:10:46.811977+00:00,121.5,43,bid,,,13220816
2026-06-30T06:10:46.598322,2026-06-29T20:10:47.412156+00:00,121.5,50,bid,,,13220824
2026-06-30T06:10:48.704564,2026-06-29T20:10:49.513344+00:00,121.8,50,bid,,,13220864
2026-06-30T06:10:50.669497,2026-06-29T20:10:51.487592+00:00,121.8,48,bid,,,13220912
2026-06-30T06:10:50.812084,2026-06-29T20:10:51.628597+00:00,121.8,50,bid,,,13220915
2026-06-30T06:10:52.686511,2026-06-29T20:10:53.503230+00:00,121.8,40,ask,,,13220948
2026-06-30T06:10:52.919284,2026-06-29T20:10:53.729819+00:00,121.9,3,bid,,,13220952
2026-06-30T06:10:52.919284,2026-06-29T20:10:53.729819+00:00,122.1,47,bid,,,13220953
2026-06-30T06:10:53.269752,2026-06-29T20:10:54.078136+00:00,121.8,46,ask,,,13220964
2026-06-30T06:10:53.775889,2026-06-29T20:10:54.590081+00:00,122.3,44,bid,,,13220973
2026-06-30T06:10:54.877737,2026-06-29T20:10:55.687104+00:00,121.8,47,ask,,,13220994
2026-06-30T06:10:55.040687,2026-06-29T20:10:55.849777+00:00,122.1,50,bid,,,13220996
2026-06-30T06:10:55.825139,2026-06-29T20:10:56.633960+00:00,121.8,45,ask,,,13221008
2026-06-30T06:10:57.149012,2026-06-29T20:10:57.957729+00:00,121.9,3,bid,,,13221029
2026-06-30T06:10:57.149012,2026-06-29T20:10:57.967847+00:00,121.9,47,bid,,,13221030
2026-06-30T06:10:57.503720,2026-06-29T20:10:58.317159+00:00,121.9,100,bid,,,13221041
2026-06-30T06:10:59.479613,2026-06-29T20:11:00.297164+00:00,121.9,1,bid,,,13221064
2026-06-30T06:11:00.399053,2026-06-29T20:11:01.211801+00:00,122.1,25,ask,,,13221084
2026-06-30T06:11:00.458574,2026-06-29T20:11:01.267045+00:00,122.1,25,ask,,,13221086
2026-06-30T06:11:00.616657,2026-06-29T20:11:01.428476+00:00,122.1,25,ask,,,13221090
2026-06-30T06:11:00.669476,2026-06-29T20:11:01.483321+00:00,122.1,25,ask,,,13221092
2026-06-30T06:11:00.721203,2026-06-29T20:11:01.537713+00:00,122.1,49,ask,,,13221095
2026-06-30T06:11:01.380250,2026-06-29T20:11:02.188441+00:00,121.9,50,bid,,,13221104
2026-06-30T06:11:03.498926,2026-06-29T20:11:04.307383+00:00,121.9,1,bid,,,13221134
2026-06-30T06:11:03.498926,2026-06-29T20:11:04.317491+00:00,121.9,49,bid,,,13221135
2026-06-30T06:11:04.237684,2026-06-29T20:11:05.045958+00:00,121.9,25,bid,,,13221144
2026-06-30T06:11:04.290213,2026-06-29T20:11:05.098911+00:00,121.9,25,bid,,,13221146
2026-06-30T06:11:04.448991,2026-06-29T20:11:05.263006+00:00,121.9,25,bid,,,13221157
2026-06-30T06:11:04.500923,2026-06-29T20:11:05.317897+00:00,121.9,25,bid,,,13221159
2026-06-30T06:11:04.660048,2026-06-29T20:11:05.469922+00:00,121.9,1,bid,,,13221166
2026-06-30T06:11:05.614916,2026-06-29T20:11:06.425410+00:00,122.0,1,bid,,,13221178
2026-06-30T06:11:05.614916,2026-06-29T20:11:06.436480+00:00,122.2,49,bid,,,13221179
2026-06-30T06:11:05.808083,2026-06-29T20:11:06.621795+00:00,122.0,4,bid,,,13221187
2026-06-30T06:11:05.918314,2026-06-29T20:11:06.730064+00:00,122.0,4,ask,,,13221188
2026-06-30T06:11:05.950821,2026-06-29T20:11:06.763248+00:00,122.2,41,bid,,,13221189
2026-06-30T06:11:05.961307,2026-06-29T20:11:06.774311+00:00,122.0,4,ask,,,13221190
2026-06-30T06:11:06.424280,2026-06-29T20:11:07.241011+00:00,122.2,10,bid,,,13221199
2026-06-30T06:11:06.424280,2026-06-29T20:11:07.241011+00:00,122.5,32,bid,,,13221200
2026-06-30T06:11:06.741476,2026-06-29T20:11:07.556579+00:00,122.0,4,ask,,,13221203
2026-06-30T06:11:07.059310,2026-06-29T20:11:07.872255+00:00,122.0,40,ask,,,13221210
2026-06-30T06:11:07.669706,2026-06-29T20:11:08.479906+00:00,122.0,25,ask,,,13221218
2026-06-30T06:11:07.711648,2026-06-29T20:11:08.524169+00:00,122.0,25,ask,,,13221220
2026-06-30T06:11:07.804752,2026-06-29T20:11:08.621856+00:00,122.0,44,ask,,,13221225
2026-06-30T06:11:07.804752,2026-06-29T20:11:08.621856+00:00,122.0,6,ask,,,13221226
2026-06-30T06:11:07.880178,2026-06-29T20:11:08.697865+00:00,122.0,25,ask,,,13221227
2026-06-30T06:11:07.923007,2026-06-29T20:11:08.741168+00:00,122.0,25,ask,,,13221230
2026-06-30T06:11:08.090528,2026-06-29T20:11:08.906246+00:00,122.0,25,ask,,,13221233
2026-06-30T06:11:08.133978,2026-06-29T20:11:08.949095+00:00,122.0,19,ask,,,13221235
2026-06-30T06:11:08.143430,2026-06-29T20:11:08.960177+00:00,122.1,2,bid,,,13221238
2026-06-30T06:11:09.019634,2026-06-29T20:11:09.832023+00:00,121.8,2,ask,,,13221252
2026-06-30T06:11:09.076077,2026-06-29T20:11:09.886919+00:00,121.8,2,bid,,,13221253
2026-06-30T06:11:09.169924,2026-06-29T20:11:09.986500+00:00,121.8,2,bid,,,13221259
2026-06-30T06:11:09.861710,2026-06-29T20:11:10.672149+00:00,121.8,50,bid,,,13221273
2026-06-30T06:11:10.073807,2026-06-29T20:11:10.890102+00:00,121.8,1,bid,,,13221281
2026-06-30T06:11:11.991126,2026-06-29T20:11:12.807733+00:00,121.8,50,bid,,,13221318
2026-06-30T06:11:14.151605,2026-06-29T20:11:14.971151+00:00,121.7,50,ask,,,13221351
2026-06-30T06:11:14.392375,2026-06-29T20:11:15.210772+00:00,121.7,43,ask,,,13221354
2026-06-30T06:11:15.550619,2026-06-29T20:11:16.363184+00:00,121.8,45,bid,,,13221370
2026-06-30T06:11:16.258933,2026-06-29T20:11:17.080001+00:00,121.5,50,ask,,,13221385
2026-06-30T06:11:17.683344,2026-06-29T20:11:18.497944+00:00,121.7,3,ask,,,13221394
2026-06-30T06:11:18.366693,2026-06-29T20:11:19.174975+00:00,121.7,2,ask,,,13221413
2026-06-30T06:11:18.366693,2026-06-29T20:11:19.186039+00:00,121.4,48,ask,,,13221414
2026-06-30T06:11:19.143099,2026-06-29T20:11:19.957878+00:00,121.7,2,ask,,,13221434
2026-06-30T06:11:19.784930,2026-06-29T20:11:20.598723+00:00,121.8,48,bid,,,13221443
2026-06-30T06:11:20.422379,2026-06-29T20:11:21.232013+00:00,121.8,49,bid,,,13221446
2026-06-30T06:11:20.476287,2026-06-29T20:11:21.287375+00:00,121.6,2,ask,,,13221447
2026-06-30T06:11:20.476287,2026-06-29T20:11:21.287375+00:00,121.5,48,ask,,,13221448
2026-06-30T06:11:22.583190,2026-06-29T20:11:23.396071+00:00,121.6,1,ask,,,13221493
2026-06-30T06:11:22.583190,2026-06-29T20:11:23.396071+00:00,121.5,49,ask,,,13221494
2026-06-30T06:11:24.641694,2026-06-29T20:11:25.462265+00:00,121.6,47,ask,,,13221530
2026-06-30T06:11:25.722518,2026-06-29T20:11:26.538005+00:00,121.6,44,ask,,,13221550
2026-06-30T06:11:26.748640,2026-06-29T20:11:27.560155+00:00,121.7,50,bid,,,13221568
2026-06-30T06:11:27.074971,2026-06-29T20:11:27.887347+00:00,121.7,25,bid,,,13221579
2026-06-30T06:11:27.138756,2026-06-29T20:11:27.952852+00:00,121.7,25,bid,,,13221585
2026-06-30T06:11:27.288599,2026-06-29T20:11:28.105324+00:00,121.7,25,bid,,,13221587
2026-06-30T06:11:27.348668,2026-06-29T20:11:28.158187+00:00,121.7,25,bid,,,13221589
2026-06-30T06:11:27.966137,2026-06-29T20:11:28.777945+00:00,121.8,100,bid,,,13221599
2026-06-30T06:11:28.912252,2026-06-29T20:11:29.725329+00:00,121.8,50,ask,,,13221625
2026-06-30T06:11:30.823514,2026-06-29T20:11:31.632752+00:00,121.9,1,bid,,,13221656
2026-06-30T06:11:30.823514,2026-06-29T20:11:31.643801+00:00,122.1,46,bid,,,13221657
2026-06-30T06:11:31.017894,2026-06-29T20:11:31.828450+00:00,121.6,50,ask,,,13221658
2026-06-30T06:11:31.178831,2026-06-29T20:11:31.993111+00:00,121.6,50,ask,,,13221666
2026-06-30T06:11:31.304367,2026-06-29T20:11:32.112908+00:00,121.6,15,bid,,,13221670
2026-06-30T06:11:31.364773,2026-06-29T20:11:32.177869+00:00,121.6,9,bid,,,13221674
2026-06-30T06:11:31.757987,2026-06-29T20:11:32.570054+00:00,121.6,40,bid,,,13221682
2026-06-30T06:11:33.124369,2026-06-29T20:11:33.933028+00:00,121.4,50,ask,,,13221713
2026-06-30T06:11:35.231340,2026-06-29T20:11:36.047243+00:00,121.7,50,ask,,,13221760
2026-06-30T06:11:35.368057,2026-06-29T20:11:36.177192+00:00,121.7,43,ask,,,13221761
2026-06-30T06:11:36.474343,2026-06-29T20:11:37.287759+00:00,121.7,49,ask,,,13221784
2026-06-30T06:11:36.997842,2026-06-29T20:11:37.810845+00:00,121.8,4,bid,,,13221791
2026-06-30T06:11:36.997842,2026-06-29T20:11:37.810845+00:00,121.8,45,bid,,,13221792
2026-06-30T06:11:37.053218,2026-06-29T20:11:37.866167+00:00,121.7,8,ask,,,13221794
2026-06-30T06:11:37.338706,2026-06-29T20:11:38.147578+00:00,121.3,50,ask,,,13221797
2026-06-30T06:11:37.627784,2026-06-29T20:11:38.442081+00:00,121.3,42,ask,,,13221801
2026-06-30T06:11:38.536535,2026-06-29T20:11:39.355282+00:00,121.6,3,bid,,,13221809
2026-06-30T06:11:39.217332,2026-06-29T20:11:40.029677+00:00,121.6,42,bid,,,13221827
2026-06-30T06:11:41.221720,2026-06-29T20:11:42.031732+00:00,121.5,3,ask,,,13221873
2026-06-30T06:11:41.498529,2026-06-29T20:11:42.315253+00:00,121.6,50,bid,,,13221877
2026-06-30T06:11:42.324367,2026-06-29T20:11:43.134906+00:00,121.8,40,bid,,,13221893
2026-06-30T06:11:43.660498,2026-06-29T20:11:44.475997+00:00,121.5,3,ask,,,13221919
2026-06-30T06:11:43.660498,2026-06-29T20:11:44.475997+00:00,121.4,47,ask,,,13221920
2026-06-30T06:11:43.829729,2026-06-29T20:11:44.649000+00:00,121.6,42,ask,,,13221922
2026-06-30T06:11:45.717542,2026-06-29T20:11:46.525859+00:00,121.8,50,bid,,,13221938
2026-06-30T06:11:46.771292,2026-06-29T20:11:47.586518+00:00,121.6,47,ask,,,13221961
2026-06-30T06:11:46.993361,2026-06-29T20:11:47.804105+00:00,121.5,5,ask,,,13221966
2026-06-30T06:11:47.839497,2026-06-29T20:11:48.653262+00:00,121.5,50,bid,,,13221973
2026-06-30T06:11:48.180953,2026-06-29T20:11:48.990071+00:00,121.5,95,bid,,,13221977
2026-06-30T06:11:49.885081,2026-06-29T20:11:50.698940+00:00,122.0,46,bid,,,13221999
2026-06-30T06:11:49.946943,2026-06-29T20:11:50.765327+00:00,122.0,50,bid,,,13222001
2026-06-30T06:11:50.947960,2026-06-29T20:11:51.766146+00:00,122.0,4,bid,,,13222016
2026-06-30T06:11:52.053924,2026-06-29T20:11:52.865389+00:00,121.9,50,bid,,,13222031
2026-06-30T06:11:54.211336,2026-06-29T20:11:55.019171+00:00,121.8,50,ask,,,13222067
2026-06-30T06:11:54.328444,2026-06-29T20:11:55.138953+00:00,121.9,48,bid,,,13222069
2026-06-30T06:11:54.383584,2026-06-29T20:11:55.194290+00:00,121.8,49,ask,,,13222073
2026-06-30T06:11:54.416065,2026-06-29T20:11:55.227511+00:00,121.9,2,bid,,,13222075
2026-06-30T06:11:56.317499,2026-06-29T20:11:57.132928+00:00,122.1,50,ask,,,13222111
2026-06-30T06:11:56.485596,2026-06-29T20:11:57.296522+00:00,122.1,50,ask,,,13222112
2026-06-30T06:11:56.543948,2026-06-29T20:11:57.359991+00:00,122.1,42,bid,,,13222113
2026-06-30T06:11:58.439367,2026-06-29T20:11:59.251131+00:00,122.0,3,ask,,,13222144
2026-06-30T06:11:58.439367,2026-06-29T20:11:59.251131+00:00,121.8,47,ask,,,13222145
2026-06-30T06:11:58.603596,2026-06-29T20:11:59.414163+00:00,121.8,45,ask,,,13222150
2026-06-30T06:11:59.834324,2026-06-29T20:12:00.643910+00:00,121.9,48,ask,,,13222172
2026-06-30T06:12:00.544928,2026-06-29T20:12:01.362674+00:00,121.9,50,ask,,,13222201
2026-06-30T06:12:00.898487,2026-06-29T20:12:01.712006+00:00,121.9,52,ask,,,13222212
2026-06-30T06:12:02.038639,2026-06-29T20:12:02.857073+00:00,121.8,6,bid,,,13222227
2026-06-30T06:12:02.677226,2026-06-29T20:12:03.487303+00:00,121.3,50,ask,,,13222244
2026-06-30T06:12:04.785682,2026-06-29T20:12:05.598735+00:00,121.2,50,ask,,,13222282
2026-06-30T06:12:05.844751,2026-06-29T20:12:06.666318+00:00,121.7,5,bid,,,13222302
2026-06-30T06:12:05.961020,2026-06-29T20:12:06.775074+00:00,121.7,5,bid,,,13222304
2026-06-30T06:12:06.902622,2026-06-29T20:12:07.712893+00:00,121.2,50,ask,,,13222324
2026-06-30T06:12:09.009022,2026-06-29T20:12:09.821827+00:00,121.6,3,ask,,,13222361
2026-06-30T06:12:09.009022,2026-06-29T20:12:09.832909+00:00,121.3,47,ask,,,13222362
2026-06-30T06:12:10.485369,2026-06-29T20:12:11.297701+00:00,121.9,1,bid,,,13222390
2026-06-30T06:12:10.617985,2026-06-29T20:12:11.427493+00:00,122.0,48,bid,,,13222397
2026-06-30T06:12:11.081939,2026-06-29T20:12:11.891152+00:00,122.0,50,bid,,,13222407
2026-06-30T06:12:12.244812,2026-06-29T20:12:13.060668+00:00,122.0,100,bid,,,13222432
2026-06-30T06:12:13.187287,2026-06-29T20:12:14.007510+00:00,122.5,50,bid,,,13222450
2026-06-30T06:12:13.218740,2026-06-29T20:12:14.028697+00:00,122.0,48,ask,,,13222451
2026-06-30T06:12:15.293549,2026-06-29T20:12:16.104796+00:00,122.3,50,bid,,,13222489
2026-06-30T06:12:17.400332,2026-06-29T20:12:18.212988+00:00,122.0,50,bid,,,13222525
2026-06-30T06:12:19.506832,2026-06-29T20:12:20.323238+00:00,122.1,50,bid,,,13222557
2026-06-30T06:12:21.004434,2026-06-29T20:12:21.818679+00:00,122.1,43,bid,,,13222583
2026-06-30T06:12:21.621225,2026-06-29T20:12:22.437817+00:00,122.1,50,bid,,,13222601
2026-06-30T06:12:22.326929,2026-06-29T20:12:23.143936+00:00,122.2,3,ask,,,13222607
2026-06-30T06:12:23.203054,2026-06-29T20:12:24.014146+00:00,122.2,2,ask,,,13222619
2026-06-30T06:12:23.500213,2026-06-29T20:12:24.317765+00:00,122.2,2,ask,,,13222622
2026-06-30T06:12:23.645804,2026-06-29T20:12:24.458193+00:00,122.4,42,bid,,,13222627
2026-06-30T06:12:23.661324,2026-06-29T20:12:24.479866+00:00,122.2,2,ask,,,13222628
2026-06-30T06:12:23.728169,2026-06-29T20:12:24.545268+00:00,122.4,50,bid,,,13222629
2026-06-30T06:12:25.856337,2026-06-29T20:12:26.667831+00:00,122.4,8,bid,,,13222678
2026-06-30T06:12:25.856337,2026-06-29T20:12:26.667831+00:00,122.7,42,bid,,,13222679
2026-06-30T06:12:27.965785,2026-06-29T20:12:28.781061+00:00,122.7,50,bid,,,13222713
2026-06-30T06:12:29.523370,2026-06-29T20:12:30.337722+00:00,122.6,25,ask,,,13222743
2026-06-30T06:12:29.641595,2026-06-29T20:12:30.458116+00:00,122.6,25,ask,,,13222746
2026-06-30T06:12:29.732651,2026-06-29T20:12:30.546178+00:00,122.6,25,ask,,,13222749
2026-06-30T06:12:29.868474,2026-06-29T20:12:30.687631+00:00,122.6,25,ask,,,13222751
2026-06-30T06:12:29.942058,2026-06-29T20:12:30.753106+00:00,122.6,25,ask,,,13222755
2026-06-30T06:12:30.079715,2026-06-29T20:12:30.895026+00:00,122.6,25,ask,,,13222757
2026-06-30T06:12:30.123462,2026-06-29T20:12:30.937831+00:00,122.2,50,ask,,,13222761
2026-06-30T06:12:32.121465,2026-06-29T20:12:32.933048+00:00,122.2,45,ask,,,13222790
2026-06-30T06:12:32.159449,2026-06-29T20:12:32.977292+00:00,122.5,25,bid,,,13222794
2026-06-30T06:12:32.179005,2026-06-29T20:12:32.987409+00:00,122.5,50,bid,,,13222795
2026-06-30T06:12:32.301547,2026-06-29T20:12:33.117795+00:00,122.5,25,bid,,,13222798
2026-06-30T06:12:32.368947,2026-06-29T20:12:33.183214+00:00,122.5,25,bid,,,13222804
2026-06-30T06:12:32.511235,2026-06-29T20:12:33.325151+00:00,122.5,25,bid,,,13222806
2026-06-30T06:12:34.337676,2026-06-29T20:12:35.151738+00:00,122.1,50,ask,,,13222837
2026-06-30T06:12:34.388969,2026-06-29T20:12:35.207080+00:00,122.6,100,bid,,,13222838
2026-06-30T06:12:34.634020,2026-06-29T20:12:35.447223+00:00,122.6,45,ask,,,13222843
2026-06-30T06:12:35.705470,2026-06-29T20:12:36.535445+00:00,122.6,5,ask,,,13222857
2026-06-30T06:12:36.127405,2026-06-29T20:12:36.937054+00:00,122.6,25,bid,,,13222869
2026-06-30T06:12:36.187372,2026-06-29T20:12:37.001045+00:00,122.6,25,bid,,,13222871
2026-06-30T06:12:37.657208,2026-06-29T20:12:38.472975+00:00,122.6,43,bid,,,13222894
2026-06-30T06:12:38.138932,2026-06-29T20:12:38.952997+00:00,122.2,5,ask,,,13222902
2026-06-30T06:12:38.547376,2026-06-29T20:12:39.357173+00:00,122.2,5,ask,,,13222916
2026-06-30T06:12:38.547376,2026-06-29T20:12:39.357173+00:00,122.1,45,ask,,,13222917
2026-06-30T06:12:39.276415,2026-06-29T20:12:40.086001+00:00,122.6,40,bid,,,13222928
2026-06-30T06:12:42.023330,2026-06-29T20:12:42.841243+00:00,122.4,40,ask,,,13222983
2026-06-30T06:12:43.728094,2026-06-29T20:12:44.540682+00:00,122.7,47,bid,,,13223007
2026-06-30T06:12:44.725568,2026-06-29T20:12:45.534368+00:00,122.5,40,ask,,,13223020
2026-06-30T06:12:44.863235,2026-06-29T20:12:45.675333+00:00,122.5,50,ask,,,13223027
2026-06-30T06:12:45.791828,2026-06-29T20:12:46.599747+00:00,122.7,40,bid,,,13223046
2026-06-30T06:12:46.970673,2026-06-29T20:12:47.786271+00:00,122.5,50,ask,,,13223071
2026-06-30T06:12:48.320404,2026-06-29T20:12:49.135292+00:00,122.4,100,bid,,,13223091
2026-06-30T06:12:48.455048,2026-06-29T20:12:49.266125+00:00,122.4,43,bid,,,13223098
2026-06-30T06:12:48.621855,2026-06-29T20:12:49.438321+00:00,122.4,7,bid,,,13223100
2026-06-30T06:12:49.076998,2026-06-29T20:12:49.886602+00:00,122.2,1,ask,,,13223118
2026-06-30T06:12:49.076998,2026-06-29T20:12:49.897665+00:00,121.9,49,ask,,,13223119
2026-06-30T06:12:53.290629,2026-06-29T20:12:54.109762+00:00,122.4,50,ask,,,13223193
2026-06-30T06:12:53.658481,2026-06-29T20:12:54.469677+00:00,122.3,1,ask,,,13223199
2026-06-30T06:12:53.658481,2026-06-29T20:12:54.469677+00:00,122.2,42,ask,,,13223200
2026-06-30T06:12:55.347756,2026-06-29T20:12:56.165118+00:00,122.5,50,bid,,,13223227
2026-06-30T06:12:55.437005,2026-06-29T20:12:56.251677+00:00,122.5,47,bid,,,13223229
2026-06-30T06:12:56.425405,2026-06-29T20:12:57.239893+00:00,122.3,1,ask,,,13223254
2026-06-30T06:12:56.425405,2026-06-29T20:12:57.239893+00:00,122.1,48,ask,,,13223255
2026-06-30T06:12:57.073614,2026-06-29T20:12:57.884197+00:00,122.1,41,ask,,,13223264
2026-06-30T06:12:57.454662,2026-06-29T20:12:58.266303+00:00,122.5,3,bid,,,13223270
2026-06-30T06:12:57.454662,2026-06-29T20:12:58.266303+00:00,122.6,3,bid,,,13223271
2026-06-30T06:12:57.454662,2026-06-29T20:12:58.266303+00:00,122.6,44,bid,,,13223272
2026-06-30T06:12:58.184359,2026-06-29T20:12:58.995166+00:00,122.6,40,bid,,,13223285
2026-06-30T06:12:59.278975,2026-06-29T20:13:00.093239+00:00,122.6,49,bid,,,13223307
2026-06-30T06:12:59.562693,2026-06-29T20:13:00.376072+00:00,122.6,17,bid,,,13223310
2026-06-30T06:12:59.562693,2026-06-29T20:13:00.376072+00:00,122.6,4,bid,,,13223311
2026-06-30T06:12:59.562693,2026-06-29T20:13:00.376072+00:00,122.8,29,bid,,,13223312
2026-06-30T06:13:03.776300,2026-06-29T20:13:04.588259+00:00,122.7,3,bid,,,13223388
2026-06-30T06:13:03.776300,2026-06-29T20:13:04.588259+00:00,123.0,47,bid,,,13223389
2026-06-30T06:13:06.701910,2026-06-29T20:13:07.521795+00:00,122.6,43,ask,,,13223447
2026-06-30T06:13:07.231634,2026-06-29T20:13:08.043361+00:00,122.6,41,ask,,,13223460
2026-06-30T06:13:07.988651,2026-06-29T20:13:08.804472+00:00,123.0,50,bid,,,13223474
2026-06-30T06:13:08.859750,2026-06-29T20:13:09.677489+00:00,123.0,46,bid,,,13223489
2026-06-30T06:13:09.183583,2026-06-29T20:13:10.002199+00:00,123.0,100,bid,,,13223492
2026-06-30T06:13:09.263654,2026-06-29T20:13:10.078713+00:00,123.0,25,ask,,,13223494
2026-06-30T06:13:09.393283,2026-06-29T20:13:10.210157+00:00,123.0,25,ask,,,13223497
2026-06-30T06:13:09.464729,2026-06-29T20:13:10.276524+00:00,122.5,42,ask,,,13223502
2026-06-30T06:13:10.093539,2026-06-29T20:13:10.907772+00:00,122.8,1,bid,,,13223517
2026-06-30T06:13:10.093539,2026-06-29T20:13:10.907772+00:00,123.5,49,bid,,,13223518
2026-06-30T06:13:11.559635,2026-06-29T20:13:12.376134+00:00,122.8,4,bid,,,13223540
2026-06-30T06:13:12.186418,2026-06-29T20:13:12.997293+00:00,122.6,46,ask,,,13223557
2026-06-30T06:13:12.201359,2026-06-29T20:13:13.018509+00:00,122.9,4,bid,,,13223558
2026-06-30T06:13:12.201359,2026-06-29T20:13:13.018509+00:00,123.1,46,bid,,,13223559
2026-06-30T06:13:14.323125,2026-06-29T20:13:15.132815+00:00,123.0,50,bid,,,13223602
2026-06-30T06:13:14.357004,2026-06-29T20:13:15.166002+00:00,123.0,41,bid,,,13223604
2026-06-30T06:13:15.441524,2026-06-29T20:13:16.255123+00:00,123.0,41,bid,,,13223631
2026-06-30T06:13:15.520890,2026-06-29T20:13:16.330176+00:00,123.0,100,bid,,,13223633
2026-06-30T06:13:15.614129,2026-06-29T20:13:16.428304+00:00,123.1,25,ask,,,13223635
2026-06-30T06:13:15.685568,2026-06-29T20:13:16.494243+00:00,123.1,25,ask,,,13223639
2026-06-30T06:13:15.964071,2026-06-29T20:13:16.777202+00:00,122.5,1,ask,,,13223647
2026-06-30T06:13:15.964071,2026-06-29T20:13:16.777202+00:00,122.5,40,ask,,,13223648
2026-06-30T06:13:16.431408,2026-06-29T20:13:17.247288+00:00,123.6,50,bid,,,13223652
2026-06-30T06:13:17.467908,2026-06-29T20:13:18.279803+00:00,122.9,45,ask,,,13223670
2026-06-30T06:13:17.580955,2026-06-29T20:13:18.398657+00:00,122.9,6,ask,,,13223672
2026-06-30T06:13:18.258763,2026-06-29T20:13:19.074130+00:00,122.9,6,ask,,,13223688
2026-06-30T06:13:18.536772,2026-06-29T20:13:19.347524+00:00,123.4,50,bid,,,13223696
2026-06-30T06:13:20.643916,2026-06-29T20:13:21.460714+00:00,123.0,5,bid,,,13223730
2026-06-30T06:13:20.643916,2026-06-29T20:13:21.460714+00:00,123.4,45,bid,,,13223731
2026-06-30T06:13:21.905675,2026-06-29T20:13:22.723128+00:00,123.1,25,ask,,,13223751
2026-06-30T06:13:22.684693,2026-06-29T20:13:23.497320+00:00,123.1,4,ask,,,13223762
2026-06-30T06:13:22.749930,2026-06-29T20:13:23.561802+00:00,123.4,50,bid,,,13223764
2026-06-30T06:13:22.810348,2026-06-29T20:13:23.627759+00:00,123.1,4,ask,,,13223765
2026-06-30T06:13:23.344297,2026-06-29T20:13:24.162879+00:00,123.6,46,bid,,,13223776
2026-06-30T06:13:23.531039,2026-06-29T20:13:24.348169+00:00,123.1,3,ask,,,13223777
2026-06-30T06:13:23.710270,2026-06-29T20:13:24.522840+00:00,123.1,3,ask,,,13223779
2026-06-30T06:13:24.856608,2026-06-29T20:13:25.667076+00:00,123.6,50,bid,,,13223797
2026-06-30T06:13:25.064386,2026-06-29T20:13:25.873044+00:00,123.3,25,ask,,,13223800
2026-06-30T06:13:25.122783,2026-06-29T20:13:25.937979+00:00,123.3,25,ask,,,13223802
2026-06-30T06:13:25.273165,2026-06-29T20:13:26.089040+00:00,123.3,25,ask,,,13223808
2026-06-30T06:13:25.331679,2026-06-29T20:13:26.144364+00:00,123.3,25,ask,,,13223810
2026-06-30T06:13:25.448665,2026-06-29T20:13:26.264195+00:00,123.3,42,ask,,,13223812
2026-06-30T06:13:25.484404,2026-06-29T20:13:26.297381+00:00,123.3,8,ask,,,13223813
2026-06-30T06:13:25.493546,2026-06-29T20:13:26.307497+00:00,123.1,2,ask,,,13223815
2026-06-30T06:13:25.697817,2026-06-29T20:13:26.515400+00:00,123.1,25,ask,,,13223822
2026-06-30T06:13:25.704960,2026-06-29T20:13:26.515400+00:00,123.1,2,ask,,,13223824
2026-06-30T06:13:25.745794,2026-06-29T20:13:26.558211+00:00,123.1,25,ask,,,13223825
2026-06-30T06:13:25.908921,2026-06-29T20:13:26.722290+00:00,123.1,25,ask,,,13223828
2026-06-30T06:13:25.916293,2026-06-29T20:13:26.733353+00:00,123.1,2,ask,,,13223830
2026-06-30T06:13:25.953914,2026-06-29T20:13:26.766542+00:00,123.1,19,ask,,,13223831
2026-06-30T06:13:26.963792,2026-06-29T20:13:27.779916+00:00,123.2,2,bid,,,13223859
2026-06-30T06:13:26.963792,2026-06-29T20:13:27.779916+00:00,123.2,48,bid,,,13223860
2026-06-30T06:13:28.547614,2026-06-29T20:13:29.358527+00:00,122.9,3,ask,,,13223888
