timestamp,recv_time,price,volume,aggressor_side,buyer,seller,trade_id
2026-07-06T20:00:01.222556,2026-07-06T20:00:00.002281+00:00,151.0,50,ask,,,9905493
2026-07-06T20:00:03.333757,2026-07-06T20:00:00.002281+00:00,150.9,50,ask,,,9905511
2026-07-06T20:00:04.333958,2026-07-06T20:00:00.002281+00:00,150.9,48,ask,,,9905520
2026-07-06T20:00:05.450293,2026-07-06T20:00:06.242053+00:00,150.9,50,ask,,,9905535
2026-07-06T20:00:06.231049,2026-07-06T20:00:06.242053+00:00,151.1,11,bid,,,9905544
2026-07-06T20:00:07.555723,2026-07-06T20:00:06.242053+00:00,150.8,8,ask,,,9905561
2026-07-06T20:00:07.555723,2026-07-06T20:00:06.242053+00:00,150.8,42,ask,,,9905562
2026-07-06T20:00:08.242193,2026-07-06T20:00:08.265731+00:00,151.1,3,bid,,,9905576
2026-07-06T20:00:11.206745,2026-07-06T20:00:11.208082+00:00,150.8,43,ask,,,9905625
2026-07-06T20:00:11.769301,2026-07-06T20:00:12.986110+00:00,150.7,50,ask,,,9905637
2026-07-06T20:00:13.169380,2026-07-06T20:00:13.270772+00:00,150.9,41,bid,,,9905655
2026-07-06T20:00:13.875489,2026-07-06T20:00:13.959612+00:00,150.7,8,ask,,,9905666
2026-07-06T20:00:13.875489,2026-07-06T20:00:13.959612+00:00,150.5,42,ask,,,9905667
2026-07-06T20:00:15.669242,2026-07-06T20:00:15.678282+00:00,150.9,48,bid,,,9905695
2026-07-06T20:00:15.932796,2026-07-06T20:00:15.959094+00:00,150.9,50,bid,,,9905701
2026-07-06T20:00:16.151582,2026-07-06T20:00:16.163838+00:00,150.9,2,bid,,,9905703
2026-07-06T20:00:16.151582,2026-07-06T20:00:16.163838+00:00,151.0,38,bid,,,9905704
2026-07-06T20:00:18.090414,2026-07-06T20:00:19.662745+00:00,150.9,50,ask,,,9905737
2026-07-06T20:00:19.652573,2026-07-06T20:00:19.662745+00:00,150.9,3,ask,,,9905766
2026-07-06T20:00:20.199132,2026-07-06T20:00:20.210476+00:00,150.9,47,ask,,,9905781
2026-07-06T20:00:20.199132,2026-07-06T20:00:20.210476+00:00,150.9,3,ask,,,9905782
2026-07-06T20:00:21.132303,2026-07-06T20:00:21.141502+00:00,150.9,100,ask,,,9905792
2026-07-06T20:00:21.559864,2026-07-06T20:00:21.568951+00:00,150.7,3,bid,,,9905798
2026-07-06T20:00:21.797644,2026-07-06T20:00:21.858870+00:00,150.4,43,ask,,,9905806
2026-07-06T20:00:22.307333,2026-07-06T20:00:22.313922+00:00,150.4,50,ask,,,9905820
2026-07-06T20:00:22.465131,2026-07-06T20:00:22.475531+00:00,150.7,3,bid,,,9905823
2026-07-06T20:00:22.787230,2026-07-06T20:00:22.798499+00:00,150.7,41,bid,,,9905827
2026-07-06T20:00:24.411808,2026-07-06T20:00:24.423754+00:00,150.5,50,ask,,,9905848
2026-07-06T20:00:25.356178,2026-07-06T20:00:25.368727+00:00,150.5,42,ask,,,9905859
2026-07-06T20:00:26.469562,2026-07-06T20:00:26.478734+00:00,151.0,50,bid,,,9905874
2026-07-06T20:00:28.575328,2026-07-06T20:00:28.586761+00:00,150.9,50,bid,,,9905905
2026-07-06T20:00:29.845689,2026-07-06T20:00:29.915182+00:00,150.9,42,bid,,,9905918
2026-07-06T20:00:30.681515,2026-07-06T20:00:30.764115+00:00,151.0,50,bid,,,9905936
2026-07-06T20:00:31.425852,2026-07-06T20:00:31.464477+00:00,150.8,41,ask,,,9905946
2026-07-06T20:00:31.966016,2026-07-06T20:00:31.977557+00:00,151.1,43,bid,,,9905951
2026-07-06T20:00:32.020549,2026-07-06T20:00:32.027480+00:00,150.8,42,ask,,,9905953
2026-07-06T20:00:32.788013,2026-07-06T20:00:32.868450+00:00,151.1,50,bid,,,9905965
2026-07-06T20:00:33.044389,2026-07-06T20:00:33.163789+00:00,150.8,49,ask,,,9905968
2026-07-06T20:00:33.754427,2026-07-06T20:00:33.969981+00:00,151.1,8,bid,,,9905978
2026-07-06T20:00:33.961187,2026-07-06T20:00:33.969981+00:00,151.1,3,ask,,,9905984
2026-07-06T20:00:34.229099,2026-07-06T20:00:34.364910+00:00,151.1,89,ask,,,9905989
2026-07-06T20:00:34.266760,2026-07-06T20:00:34.364910+00:00,150.8,3,bid,,,9905992
2026-07-06T20:00:34.894819,2026-07-06T20:00:34.910346+00:00,150.8,50,bid,,,9906003
2026-07-06T20:00:37.052986,2026-07-06T20:00:37.158799+00:00,150.6,50,ask,,,9906028
2026-07-06T20:00:37.866393,2026-07-06T20:00:38.058864+00:00,151.1,41,bid,,,9906034
2026-07-06T20:00:38.484352,2026-07-06T20:00:38.564077+00:00,151.1,47,bid,,,9906040
2026-07-06T20:00:39.158937,2026-07-06T20:00:39.176977+00:00,150.7,50,ask,,,9906050
2026-07-06T20:00:41.267417,2026-07-06T20:00:41.368859+00:00,150.7,50,ask,,,9906090
2026-07-06T20:00:41.926606,2026-07-06T20:00:41.963679+00:00,150.7,41,ask,,,9906098
2026-07-06T20:00:44.280437,2026-07-06T20:00:44.291890+00:00,150.7,8,ask,,,9906134
2026-07-06T20:00:44.280437,2026-07-06T20:00:44.291890+00:00,150.6,32,ask,,,9906135
2026-07-06T20:00:45.429569,2026-07-06T20:00:45.433638+00:00,151.0,8,bid,,,9906146
2026-07-06T20:00:45.429569,2026-07-06T20:00:45.433638+00:00,151.0,42,bid,,,9906147
2026-07-06T20:00:49.690017,2026-07-06T20:00:49.758848+00:00,150.7,8,ask,,,9906198
2026-07-06T20:00:49.690017,2026-07-06T20:00:49.859127+00:00,150.6,42,ask,,,9906199
2026-07-06T20:00:50.551656,2026-07-06T20:00:50.563678+00:00,150.9,42,bid,,,9906208
2026-07-06T20:00:51.658935,2026-07-06T20:00:51.669242+00:00,150.6,45,ask,,,9906223
2026-07-06T20:00:51.746743,2026-07-06T20:00:51.757465+00:00,150.9,50,bid,,,9906229
2026-07-06T20:00:53.869199,2026-07-06T20:00:53.879510+00:00,151.1,50,bid,,,9906255
2026-07-06T20:00:53.874459,2026-07-06T20:00:53.884775+00:00,151.1,48,bid,,,9906257
2026-07-06T20:00:53.923353,2026-07-06T20:00:53.931422+00:00,151.0,3,ask,,,9906260
2026-07-06T20:00:55.929535,2026-07-06T20:00:55.964051+00:00,151.0,47,ask,,,9906276
2026-07-06T20:00:55.973810,2026-07-06T20:00:55.985395+00:00,151.2,8,bid,,,9906277
2026-07-06T20:00:55.973810,2026-07-06T20:00:55.985395+00:00,151.3,42,bid,,,9906278
2026-07-06T20:00:58.082259,2026-07-06T20:00:58.093644+00:00,151.3,50,bid,,,9906310
2026-07-06T20:01:00.206060,2026-07-06T20:01:00.259185+00:00,151.3,8,bid,,,9906329
2026-07-06T20:01:00.206060,2026-07-06T20:01:00.259185+00:00,151.4,42,bid,,,9906330
2026-07-06T20:01:02.368378,2026-07-06T20:01:02.458580+00:00,151.3,50,ask,,,9906356
2026-07-06T20:01:02.490868,2026-07-06T20:01:02.559856+00:00,151.4,43,bid,,,9906359
2026-07-06T20:01:04.475966,2026-07-06T20:01:04.476172+00:00,151.3,50,ask,,,9906388
2026-07-06T20:01:06.586315,2026-07-06T20:01:06.660557+00:00,151.2,50,ask,,,9906411
2026-07-06T20:01:06.592499,2026-07-06T20:01:06.660557+00:00,151.2,43,ask,,,9906412
2026-07-06T20:01:07.099519,2026-07-06T20:01:07.159117+00:00,151.4,8,bid,,,9906423
2026-07-06T20:01:07.099519,2026-07-06T20:01:07.159117+00:00,151.5,34,bid,,,9906424
2026-07-06T20:01:07.728991,2026-07-06T20:01:07.768952+00:00,151.2,41,ask,,,9906439
2026-07-06T20:01:08.374331,2026-07-06T20:01:08.469925+00:00,151.4,8,bid,,,9906449
2026-07-06T20:01:08.374331,2026-07-06T20:01:08.469925+00:00,151.5,34,bid,,,9906450
2026-07-06T20:01:08.430045,2026-07-06T20:01:08.469925+00:00,151.2,16,ask,,,9906452
2026-07-06T20:01:08.693935,2026-07-06T20:01:08.705605+00:00,151.0,50,ask,,,9906458
2026-07-06T20:01:09.036006,2026-07-06T20:01:09.064576+00:00,151.0,50,ask,,,9906464
2026-07-06T20:01:09.036006,2026-07-06T20:01:09.064576+00:00,150.9,8,ask,,,9906465
2026-07-06T20:01:09.533857,2026-07-06T20:01:09.545392+00:00,150.9,47,bid,,,9906473
2026-07-06T20:01:10.827013,2026-07-06T20:01:10.868747+00:00,150.7,8,ask,,,9906490
2026-07-06T20:01:10.827013,2026-07-06T20:01:10.868747+00:00,150.5,42,ask,,,9906491
2026-07-06T20:01:12.935271,2026-07-06T20:01:12.868489+00:00,150.8,8,ask,,,9906521
2026-07-06T20:01:12.935271,2026-07-06T20:01:12.868489+00:00,150.7,42,ask,,,9906522
2026-07-06T20:01:13.685720,2026-07-06T20:01:13.768494+00:00,150.7,45,ask,,,9906536
2026-07-06T20:01:15.073519,2026-07-06T20:01:15.267421+00:00,150.7,50,ask,,,9906548
2026-07-06T20:01:15.361446,2026-07-06T20:01:15.372805+00:00,150.7,100,ask,,,9906552
2026-07-06T20:01:15.374110,2026-07-06T20:01:15.382068+00:00,150.7,14,bid,,,9906553
2026-07-06T20:01:15.695222,2026-07-06T20:01:15.765320+00:00,150.7,3,bid,,,9906557
2026-07-06T20:01:17.180848,2026-07-06T20:01:17.359357+00:00,150.4,5,ask,,,9906570
2026-07-06T20:01:17.180848,2026-07-06T20:01:17.359357+00:00,150.2,45,ask,,,9906571
2026-07-06T20:01:18.952290,2026-07-06T20:01:19.059233+00:00,150.5,42,bid,,,9906609
2026-07-06T20:01:19.396019,2026-07-06T20:01:19.405585+00:00,150.5,12,bid,,,9906621
2026-07-06T20:01:19.542611,2026-07-06T20:01:19.563665+00:00,150.1,46,ask,,,9906623
2026-07-06T20:01:21.258564,2026-07-06T20:01:21.268775+00:00,150.6,49,bid,,,9906651
2026-07-06T20:01:21.403159,2026-07-06T20:01:21.459233+00:00,150.1,50,ask,,,9906655
2026-07-06T20:01:22.987019,2026-07-06T20:01:22.978422+00:00,150.5,41,bid,,,9906680
2026-07-06T20:01:23.042209,2026-07-06T20:01:22.978422+00:00,150.2,45,ask,,,9906681
2026-07-06T20:01:23.533202,2026-07-06T20:01:23.542376+00:00,150.2,50,ask,,,9906688
2026-07-06T20:01:23.580658,2026-07-06T20:01:23.589055+00:00,150.5,47,bid,,,9906691
2026-07-06T20:01:24.865531,2026-07-06T20:01:24.875258+00:00,150.3,11,bid,,,9906701
2026-07-06T20:01:25.157450,2026-07-06T20:01:25.176177+00:00,150.2,48,ask,,,9906710
2026-07-06T20:01:25.260310,2026-07-06T20:01:25.270168+00:00,150.3,12,bid,,,9906713
2026-07-06T20:01:25.464934,2026-07-06T20:01:25.474330+00:00,150.3,11,bid,,,9906716
2026-07-06T20:01:25.639743,2026-07-06T20:01:25.663677+00:00,150.2,50,ask,,,9906719
2026-07-06T20:01:26.075770,2026-07-06T20:01:26.087341+00:00,150.2,2,ask,,,9906724
2026-07-06T20:01:27.772944,2026-07-06T20:01:27.778407+00:00,150.0,50,ask,,,9906750
2026-07-06T20:01:32.000962,2026-07-06T20:01:32.063596+00:00,150.3,50,ask,,,9906804
2026-07-06T20:01:32.473091,2026-07-06T20:01:32.479881+00:00,150.6,40,bid,,,9906816
2026-07-06T20:01:33.642511,2026-07-06T20:01:33.668798+00:00,150.3,49,ask,,,9906828
2026-07-06T20:01:34.057990,2026-07-06T20:01:34.069691+00:00,150.7,50,bid,,,9906835
2026-07-06T20:01:34.681175,2026-07-06T20:01:34.689877+00:00,150.3,45,bid,,,9906845
2026-07-06T20:01:36.215355,2026-07-06T20:01:36.263824+00:00,150.2,50,ask,,,9906867
2026-07-06T20:01:36.358614,2026-07-06T20:01:36.368465+00:00,150.3,44,bid,,,9906870
2026-07-06T20:01:38.324197,2026-07-06T20:01:38.363715+00:00,150.1,50,ask,,,9906904
2026-07-06T20:01:38.559663,2026-07-06T20:01:38.571111+00:00,150.1,41,ask,,,9906907
2026-07-06T20:01:39.518831,2026-07-06T20:01:39.526628+00:00,150.1,9,ask,,,9906917
2026-07-06T20:01:39.518831,2026-07-06T20:01:39.526628+00:00,150.1,32,ask,,,9906918
2026-07-06T20:01:42.390352,2026-07-06T20:01:42.401494+00:00,150.3,11,bid,,,9906950
2026-07-06T20:01:42.422089,2026-07-06T20:01:42.430866+00:00,150.3,46,bid,,,9906953
2026-07-06T20:01:42.483140,2026-07-06T20:01:42.494619+00:00,150.3,43,bid,,,9906954
2026-07-06T20:01:42.483140,2026-07-06T20:01:42.494619+00:00,150.5,7,bid,,,9906955
2026-07-06T20:01:44.588446,2026-07-06T20:01:44.669387+00:00,150.2,48,ask,,,9906987
2026-07-06T20:01:44.592252,2026-07-06T20:01:44.669387+00:00,150.6,50,bid,,,9906988
2026-07-06T20:01:45.726410,2026-07-06T20:01:45.737904+00:00,150.6,40,bid,,,9906996
2026-07-06T20:01:46.751414,2026-07-06T20:01:46.763612+00:00,150.2,50,ask,,,9907014
2026-07-06T20:01:46.972419,2026-07-06T20:01:46.983051+00:00,150.6,11,ask,,,9907017
2026-07-06T20:01:47.805108,2026-07-06T20:01:47.812756+00:00,150.7,47,bid,,,9907027
2026-07-06T20:01:48.858877,2026-07-06T20:01:48.869122+00:00,150.6,50,ask,,,9907039
2026-07-06T20:01:49.395206,2026-07-06T20:01:49.406726+00:00,150.6,40,ask,,,9907047
2026-07-06T20:01:50.600634,2026-07-06T20:01:50.612243+00:00,150.7,46,bid,,,9907058
2026-07-06T20:01:52.481373,2026-07-06T20:01:52.493020+00:00,150.2,49,ask,,,9907081
2026-07-06T20:01:53.020908,2026-07-06T20:01:53.064334+00:00,150.4,50,bid,,,9907092
2026-07-06T20:01:53.970635,2026-07-06T20:01:53.980441+00:00,150.4,11,bid,,,9907107
2026-07-06T20:01:54.111238,2026-07-06T20:01:54.122882+00:00,150.4,39,bid,,,9907109
2026-07-06T20:01:54.111238,2026-07-06T20:01:54.122882+00:00,150.6,3,bid,,,9907110
2026-07-06T20:01:58.427864,2026-07-06T20:01:58.459322+00:00,150.3,48,ask,,,9907155
2026-07-06T20:01:59.568052,2026-07-06T20:01:59.576445+00:00,150.2,46,ask,,,9907170
2026-07-06T20:02:01.501813,2026-07-06T20:02:01.513738+00:00,150.2,50,ask,,,9907199
2026-07-06T20:02:01.507015,2026-07-06T20:02:01.513738+00:00,150.5,40,bid,,,9907200
2026-07-06T20:02:02.390836,2026-07-06T20:02:02.402326+00:00,150.0,100,ask,,,9907218
2026-07-06T20:02:03.262325,2026-07-06T20:02:03.459619+00:00,150.0,12,bid,,,9907227
2026-07-06T20:02:03.558177,2026-07-06T20:02:03.764569+00:00,150.0,50,bid,,,9907231
2026-07-06T20:02:04.632724,2026-07-06T20:02:04.659417+00:00,150.0,49,bid,,,9907247
2026-07-06T20:02:05.665594,2026-07-06T20:02:05.764154+00:00,150.0,39,bid,,,9907261
2026-07-06T20:02:05.665594,2026-07-06T20:02:05.764154+00:00,150.3,11,bid,,,9907262
2026-07-06T20:02:05.970929,2026-07-06T20:02:06.066022+00:00,150.2,12,ask,,,9907266
2026-07-06T20:02:06.146603,2026-07-06T20:02:06.168454+00:00,150.2,45,ask,,,9907269
2026-07-06T20:02:06.660085,2026-07-06T20:02:06.670694+00:00,150.2,11,ask,,,9907275
2026-07-06T20:02:07.244316,2026-07-06T20:02:07.265207+00:00,150.3,46,bid,,,9907288
2026-07-06T20:02:07.826423,2026-07-06T20:02:07.965407+00:00,150.2,50,ask,,,9907295
2026-07-06T20:02:09.932992,2026-07-06T20:02:09.888457+00:00,150.1,50,ask,,,9907324
2026-07-06T20:02:10.955557,2026-07-06T20:02:10.868480+00:00,150.1,46,ask,,,9907332
2026-07-06T20:02:45.121174,2026-07-06T20:02:45.130189+00:00,150.3,12,ask,,,9907804
2026-07-06T20:02:45.466492,2026-07-06T20:02:45.473123+00:00,150.7,40,bid,,,9907812
2026-07-06T20:02:45.520805,2026-07-06T20:02:45.547665+00:00,150.3,45,ask,,,9907815
2026-07-06T20:02:45.706017,2026-07-06T20:02:45.726884+00:00,150.7,50,bid,,,9907820
2026-07-06T20:02:46.137524,2026-07-06T20:02:46.146430+00:00,150.7,10,bid,,,9907827
2026-07-06T20:02:46.137524,2026-07-06T20:02:46.146430+00:00,150.8,31,bid,,,9907828
2026-07-06T20:02:47.262855,2026-07-06T20:02:47.271797+00:00,150.5,46,ask,,,9907841
2026-07-06T20:02:47.812449,2026-07-06T20:02:47.784937+00:00,150.6,50,bid,,,9907846
2026-07-06T20:02:47.860750,2026-07-06T20:02:47.871403+00:00,150.5,23,ask,,,9907847
2026-07-06T20:02:49.361348,2026-07-06T20:02:49.389477+00:00,150.5,31,ask,,,9907868
2026-07-06T20:02:49.922155,2026-07-06T20:02:49.933391+00:00,150.4,50,bid,,,9907875
2026-07-06T20:02:50.930575,2026-07-06T20:02:50.939399+00:00,150.4,42,bid,,,9907885
2026-07-06T20:02:52.027609,2026-07-06T20:02:52.036436+00:00,150.4,8,bid,,,9907909
2026-07-06T20:02:52.027609,2026-07-06T20:02:52.036436+00:00,150.6,42,bid,,,9907910
2026-07-06T20:02:54.136600,2026-07-06T20:02:54.142924+00:00,150.5,50,bid,,,9907937
2026-07-06T20:02:56.244143,2026-07-06T20:02:56.253460+00:00,150.5,50,bid,,,9907973
2026-07-06T20:02:56.593330,2026-07-06T20:02:56.604745+00:00,150.4,14,ask,,,9907978
2026-07-06T20:02:56.934819,2026-07-06T20:02:56.941077+00:00,150.5,8,bid,,,9907984
2026-07-06T20:02:56.934819,2026-07-06T20:02:56.941077+00:00,150.5,38,bid,,,9907985
2026-07-06T20:02:58.351845,2026-07-06T20:02:58.363320+00:00,150.5,50,bid,,,9908000
2026-07-06T20:02:59.629865,2026-07-06T20:02:59.641610+00:00,150.4,45,ask,,,9908015
2026-07-06T20:03:02.569454,2026-07-06T20:03:02.577034+00:00,150.5,8,bid,,,9908055
2026-07-06T20:03:02.569454,2026-07-06T20:03:02.597811+00:00,150.6,42,bid,,,9908056
2026-07-06T20:03:04.677877,2026-07-06T20:03:04.679068+00:00,150.5,50,bid,,,9908086
2026-07-06T20:03:04.855603,2026-07-06T20:03:04.867235+00:00,150.2,8,ask,,,9908090
2026-07-06T20:03:04.855603,2026-07-06T20:03:04.867235+00:00,150.1,41,ask,,,9908091
2026-07-06T20:03:05.414946,2026-07-06T20:03:05.441777+00:00,150.5,40,bid,,,9908104
2026-07-06T20:03:06.057279,2026-07-06T20:03:06.070370+00:00,150.2,48,ask,,,9908109
2026-07-06T20:03:06.077810,2026-07-06T20:03:06.084584+00:00,150.6,8,bid,,,9908110
2026-07-06T20:03:06.117537,2026-07-06T20:03:06.126612+00:00,150.6,3,ask,,,9908111
2026-07-06T20:03:06.577754,2026-07-06T20:03:06.589282+00:00,150.6,44,ask,,,9908124
2026-07-06T20:03:06.836498,2026-07-06T20:03:06.853216+00:00,150.6,50,ask,,,9908127
2026-07-06T20:03:08.943592,2026-07-06T20:03:08.951070+00:00,150.6,45,ask,,,9908151
2026-07-06T20:03:08.943592,2026-07-06T20:03:08.956381+00:00,150.4,5,ask,,,9908152
2026-07-06T20:03:09.300935,2026-07-06T20:03:09.310399+00:00,150.5,3,bid,,,9908156
2026-07-06T20:03:10.286464,2026-07-06T20:03:10.298015+00:00,150.5,43,bid,,,9908170
2026-07-06T20:03:13.120636,2026-07-06T20:03:13.129646+00:00,150.7,8,bid,,,9908207
2026-07-06T20:03:13.120636,2026-07-06T20:03:13.129646+00:00,150.7,42,bid,,,9908208
2026-07-06T20:03:13.316080,2026-07-06T20:03:13.327386+00:00,150.7,43,bid,,,9908212
2026-07-06T20:03:14.328883,2026-07-06T20:03:14.353031+00:00,150.7,15,bid,,,9908223
2026-07-06T20:03:14.328883,2026-07-06T20:03:14.353031+00:00,150.7,33,bid,,,9908224
2026-07-06T20:03:15.282719,2026-07-06T20:03:15.290597+00:00,150.5,50,ask,,,9908239
2026-07-06T20:03:17.407902,2026-07-06T20:03:17.416609+00:00,150.5,50,ask,,,9908262
2026-07-06T20:03:19.464743,2026-07-06T20:03:19.476222+00:00,150.6,8,bid,,,9908286
2026-07-06T20:03:19.464743,2026-07-06T20:03:19.476222+00:00,150.6,42,bid,,,9908287
2026-07-06T20:03:20.941814,2026-07-06T20:03:20.958600+00:00,150.3,8,ask,,,9908302
2026-07-06T20:03:20.941814,2026-07-06T20:03:20.958600+00:00,150.2,41,ask,,,9908303
2026-07-06T20:03:23.676864,2026-07-06T20:03:23.703401+00:00,150.6,50,bid,,,9908351
2026-07-06T20:03:24.688371,2026-07-06T20:03:24.697438+00:00,150.6,46,bid,,,9908371
2026-07-06T20:03:24.743028,2026-07-06T20:03:24.754814+00:00,150.3,41,ask,,,9908373
2026-07-06T20:03:26.545347,2026-07-06T20:03:26.554666+00:00,150.6,3,ask,,,9908396
2026-07-06T20:03:27.892546,2026-07-06T20:03:27.903850+00:00,150.7,50,bid,,,9908417
2026-07-06T20:03:28.961681,2026-07-06T20:03:28.973238+00:00,150.7,49,bid,,,9908436
2026-07-06T20:03:30.049945,2026-07-06T20:03:30.064169+00:00,150.5,50,ask,,,9908454
2026-07-06T20:03:30.096479,2026-07-06T20:03:30.123121+00:00,150.5,42,ask,,,9908458
2026-07-06T20:03:31.722860,2026-07-06T20:03:31.742286+00:00,150.4,8,ask,,,9908477
2026-07-06T20:03:32.107537,2026-07-06T20:03:32.119002+00:00,150.5,50,bid,,,9908485
2026-07-06T20:03:32.804697,2026-07-06T20:03:32.816033+00:00,150.5,47,bid,,,9908493
2026-07-06T20:03:33.659541,2026-07-06T20:03:33.671262+00:00,150.5,3,bid,,,9908505
2026-07-06T20:03:33.891946,2026-07-06T20:03:33.903245+00:00,150.4,47,ask,,,9908510
2026-07-06T20:03:37.242380,2026-07-06T20:03:37.251538+00:00,150.3,46,ask,,,9908546
2026-07-06T20:03:37.585953,2026-07-06T20:03:37.594484+00:00,150.3,3,ask,,,9908553
2026-07-06T20:03:38.472070,2026-07-06T20:03:38.494104+00:00,150.0,8,ask,,,9908572
2026-07-06T20:03:38.472070,2026-07-06T20:03:38.494104+00:00,149.9,42,ask,,,9908573
2026-07-06T20:03:40.165313,2026-07-06T20:03:40.177181+00:00,150.3,8,bid,,,9908589
2026-07-06T20:03:40.165313,2026-07-06T20:03:40.177181+00:00,150.4,40,bid,,,9908590
2026-07-06T20:03:40.529180,2026-07-06T20:03:40.540510+00:00,150.4,50,bid,,,9908597
2026-07-06T20:03:42.636575,2026-07-06T20:03:42.643352+00:00,150.4,8,bid,,,9908619
2026-07-06T20:03:42.636575,2026-07-06T20:03:42.643352+00:00,150.5,42,bid,,,9908620
2026-07-06T20:03:44.745143,2026-07-06T20:03:44.759735+00:00,150.4,8,bid,,,9908643
2026-07-06T20:03:44.745143,2026-07-06T20:03:44.774024+00:00,150.6,42,bid,,,9908644
2026-07-06T20:03:46.771959,2026-07-06T20:03:46.781075+00:00,150.3,11,ask,,,9908666
2026-07-06T20:03:46.921831,2026-07-06T20:03:46.928875+00:00,150.3,50,ask,,,9908672
2026-07-06T20:03:47.080749,2026-07-06T20:03:47.091186+00:00,150.3,12,ask,,,9908676
2026-07-06T20:03:47.268090,2026-07-06T20:03:47.279479+00:00,150.1,100,ask,,,9908684
2026-07-06T20:03:47.280797,2026-07-06T20:03:47.288972+00:00,150.1,12,bid,,,9908685
2026-07-06T20:03:47.439212,2026-07-06T20:03:47.446072+00:00,149.9,8,ask,,,9908687
2026-07-06T20:03:47.439212,2026-07-06T20:03:47.446072+00:00,149.6,33,ask,,,9908688
2026-07-06T20:03:49.030136,2026-07-06T20:03:49.034090+00:00,149.8,8,ask,,,9908703
2026-07-06T20:03:49.030136,2026-07-06T20:03:49.034090+00:00,149.6,42,ask,,,9908704
2026-07-06T20:03:50.163820,2026-07-06T20:03:50.170077+00:00,149.7,8,ask,,,9908723
2026-07-06T20:03:50.163820,2026-07-06T20:03:50.170077+00:00,149.6,37,ask,,,9908724
2026-07-06T20:03:50.741954,2026-07-06T20:03:50.752114+00:00,150.0,11,bid,,,9908731
2026-07-06T20:03:51.140346,2026-07-06T20:03:51.165133+00:00,149.7,8,ask,,,9908736
2026-07-06T20:03:51.140346,2026-07-06T20:03:51.165133+00:00,149.5,42,ask,,,9908737
2026-07-06T20:03:51.678117,2026-07-06T20:03:51.679767+00:00,150.0,41,bid,,,9908746
2026-07-06T20:03:53.247571,2026-07-06T20:03:53.273897+00:00,149.5,50,ask,,,9908761
2026-07-06T20:03:55.304271,2026-07-06T20:03:55.319942+00:00,149.8,50,bid,,,9908790
2026-07-06T20:03:55.446374,2026-07-06T20:03:55.458943+00:00,149.8,43,bid,,,9908793
2026-07-06T20:03:59.564936,2026-07-06T20:03:59.577129+00:00,149.7,50,ask,,,9908835
2026-07-06T20:04:01.204539,2026-07-06T20:04:01.211538+00:00,149.6,8,ask,,,9908859
2026-07-06T20:04:01.204539,2026-07-06T20:04:01.211538+00:00,149.3,35,ask,,,9908860
2026-07-06T20:04:01.622779,2026-07-06T20:04:01.658609+00:00,149.7,50,bid,,,9908864
2026-07-06T20:04:03.402848,2026-07-06T20:04:03.421759+00:00,149.7,3,bid,,,9908888
2026-07-06T20:04:03.449298,2026-07-06T20:04:03.456178+00:00,149.7,45,bid,,,9908892
2026-07-06T20:04:03.732450,2026-07-06T20:04:03.764091+00:00,149.7,50,bid,,,9908895
2026-07-06T20:04:05.217344,2026-07-06T20:04:05.263961+00:00,149.7,2,bid,,,9908917
2026-07-06T20:04:05.890769,2026-07-06T20:04:05.958995+00:00,149.7,50,ask,,,9908927
2026-07-06T20:04:06.767365,2026-07-06T20:04:06.885422+00:00,149.7,48,ask,,,9908941
2026-07-06T20:04:07.391937,2026-07-06T20:04:07.399642+00:00,150.0,8,bid,,,9908946
2026-07-06T20:04:07.391937,2026-07-06T20:04:07.399642+00:00,150.2,40,bid,,,9908947
2026-07-06T20:04:07.997946,2026-07-06T20:04:08.080209+00:00,149.8,8,ask,,,9908963
2026-07-06T20:04:07.997946,2026-07-06T20:04:08.080209+00:00,149.7,2,ask,,,9908964
2026-07-06T20:04:07.997946,2026-07-06T20:04:08.080209+00:00,149.7,40,ask,,,9908965
2026-07-06T20:04:08.909063,2026-07-06T20:04:08.943539+00:00,149.7,40,ask,,,9908979
2026-07-06T20:04:09.439470,2026-07-06T20:04:09.464124+00:00,149.8,100,ask,,,9908984
2026-07-06T20:04:10.121378,2026-07-06T20:04:10.132967+00:00,149.4,3,ask,,,9908995
2026-07-06T20:04:10.121378,2026-07-06T20:04:10.132967+00:00,149.3,47,ask,,,9908996
2026-07-06T20:04:10.388376,2026-07-06T20:04:10.399892+00:00,149.8,43,bid,,,9909001
2026-07-06T20:04:12.230784,2026-07-06T20:04:12.276012+00:00,149.3,50,ask,,,9909019
2026-07-06T20:04:14.417302,2026-07-06T20:04:14.419905+00:00,149.5,40,ask,,,9909045
2026-07-06T20:04:16.450351,2026-07-06T20:04:16.463924+00:00,149.5,50,ask,,,9909077
2026-07-06T20:04:18.557581,2026-07-06T20:04:18.564433+00:00,149.5,50,ask,,,9909100
2026-07-06T20:04:18.640898,2026-07-06T20:04:18.663775+00:00,149.9,49,bid,,,9909101
2026-07-06T20:04:18.931464,2026-07-06T20:04:18.940642+00:00,149.6,3,bid,,,9909103
2026-07-06T20:04:20.665872,2026-07-06T20:04:20.677536+00:00,149.4,50,ask,,,9909133
2026-07-06T20:04:22.575798,2026-07-06T20:04:22.582116+00:00,149.3,42,ask,,,9909158
2026-07-06T20:04:22.786412,2026-07-06T20:04:22.830546+00:00,149.3,50,ask,,,9909164
2026-07-06T20:04:24.719938,2026-07-06T20:04:24.750729+00:00,149.3,8,ask,,,9909186
2026-07-06T20:04:24.895774,2026-07-06T20:04:24.922287+00:00,149.1,50,ask,,,9909190
2026-07-06T20:04:25.270095,2026-07-06T20:04:25.280987+00:00,149.1,23,bid,,,9909196
2026-07-06T20:04:27.005892,2026-07-06T20:04:27.042330+00:00,148.8,50,ask,,,9909219
2026-07-06T20:04:29.112080,2026-07-06T20:04:29.123550+00:00,148.5,50,ask,,,9909246
2026-07-06T20:04:29.524965,2026-07-06T20:04:29.533969+00:00,148.9,11,bid,,,9909250
2026-07-06T20:04:31.223343,2026-07-06T20:04:31.198455+00:00,148.5,50,ask,,,9909276
2026-07-06T20:04:31.593793,2026-07-06T20:04:31.605150+00:00,148.7,23,bid,,,9909284
2026-07-06T20:04:33.330694,2026-07-06T20:04:33.335363+00:00,148.5,50,ask,,,9909303
2026-07-06T20:04:33.577839,2026-07-06T20:04:33.584166+00:00,148.7,46,bid,,,9909307
2026-07-06T20:04:35.198647,2026-07-06T20:04:35.210384+00:00,148.9,49,bid,,,9909332
2026-07-06T20:04:35.436479,2026-07-06T20:04:35.468962+00:00,148.4,50,ask,,,9909336
2026-07-06T20:04:37.544554,2026-07-06T20:04:37.559090+00:00,148.4,50,ask,,,9909361
2026-07-06T20:04:37.880130,2026-07-06T20:04:37.892186+00:00,148.4,49,ask,,,9909368
2026-07-06T20:04:39.652542,2026-07-06T20:04:39.679668+00:00,148.4,50,ask,,,9909385
2026-07-06T20:04:40.660526,2026-07-06T20:04:40.670497+00:00,148.4,11,bid,,,9909401
2026-07-06T20:04:41.708969,2026-07-06T20:04:41.733580+00:00,148.4,50,bid,,,9909417
2026-07-06T20:04:42.538216,2026-07-06T20:04:42.544648+00:00,148.4,39,bid,,,9909421
2026-07-06T20:04:42.538216,2026-07-06T20:04:42.544648+00:00,148.6,8,bid,,,9909422
2026-07-06T20:04:43.095965,2026-07-06T20:04:43.108640+00:00,148.6,46,bid,,,9909435
2026-07-06T20:04:43.814257,2026-07-06T20:04:43.820432+00:00,148.6,50,bid,,,9909446
2026-07-06T20:04:44.484286,2026-07-06T20:04:44.495180+00:00,148.4,11,ask,,,9909453
2026-07-06T20:04:44.567172,2026-07-06T20:04:44.576334+00:00,148.4,23,ask,,,9909457
2026-07-06T20:04:45.920799,2026-07-06T20:04:45.938732+00:00,148.6,50,bid,,,9909474
2026-07-06T20:04:48.028129,2026-07-06T20:04:48.047641+00:00,148.5,50,bid,,,9909500
2026-07-06T20:04:49.723568,2026-07-06T20:04:49.740624+00:00,148.1,47,ask,,,9909519
2026-07-06T20:04:50.134668,2026-07-06T20:04:50.148454+00:00,148.3,50,bid,,,9909529
2026-07-06T20:04:51.041433,2026-07-06T20:04:51.051177+00:00,148.0,23,bid,,,9909537
2026-07-06T20:04:52.240033,2026-07-06T20:04:52.238463+00:00,148.0,50,bid,,,9909558
2026-07-06T20:04:52.328938,2026-07-06T20:04:52.374262+00:00,148.0,40,bid,,,9909562
2026-07-06T20:04:53.241688,2026-07-06T20:04:53.248416+00:00,148.0,37,bid,,,9909572
2026-07-06T20:04:53.704555,2026-07-06T20:04:53.713175+00:00,148.2,11,ask,,,9909579
2026-07-06T20:04:54.347254,2026-07-06T20:04:54.364443+00:00,148.6,50,bid,,,9909587
2026-07-06T20:04:56.453760,2026-07-06T20:04:56.441173+00:00,148.7,50,bid,,,9909613
2026-07-06T20:04:56.860743,2026-07-06T20:04:56.869599+00:00,148.4,23,ask,,,9909625
2026-07-06T20:04:56.913355,2026-07-06T20:04:56.919582+00:00,148.4,49,ask,,,9909627
2026-07-06T20:04:58.736745,2026-07-06T20:04:58.758706+00:00,148.4,46,ask,,,9909647
2026-07-06T20:04:59.315524,2026-07-06T20:04:59.327363+00:00,148.7,43,bid,,,9909658
2026-07-06T20:04:59.370955,2026-07-06T20:04:59.382383+00:00,148.4,32,ask,,,9909659
2026-07-06T20:04:59.370955,2026-07-06T20:04:59.382383+00:00,148.2,12,ask,,,9909660
2026-07-06T20:05:00.665014,2026-07-06T20:05:00.676543+00:00,148.3,50,bid,,,9909675
2026-07-06T20:05:00.964311,2026-07-06T20:05:00.978481+00:00,148.3,47,bid,,,9909677
2026-07-06T20:05:01.553659,2026-07-06T20:05:01.564711+00:00,148.2,47,ask,,,9909683
2026-07-06T20:05:01.591811,2026-07-06T20:05:01.602855+00:00,148.3,23,bid,,,9909685
2026-07-06T20:05:03.154773,2026-07-06T20:05:03.188431+00:00,148.3,100,bid,,,9909707
2026-07-06T20:05:03.177872,2026-07-06T20:05:03.188431+00:00,148.4,12,ask,,,9909708
2026-07-06T20:05:03.694446,2026-07-06T20:05:03.706135+00:00,148.4,38,ask,,,9909718
2026-07-06T20:05:04.928209,2026-07-06T20:05:04.934739+00:00,147.8,50,ask,,,9909727
2026-07-06T20:05:06.377136,2026-07-06T20:05:06.401818+00:00,148.5,100,ask,,,9909753
2026-07-06T20:05:07.843080,2026-07-06T20:05:07.857205+00:00,148.5,44,bid,,,9909770
2026-07-06T20:05:09.455977,2026-07-06T20:05:09.465012+00:00,148.4,40,bid,,,9909788
2026-07-06T20:05:10.638098,2026-07-06T20:05:10.645721+00:00,148.2,49,ask,,,9909803
2026-07-06T20:05:11.229921,2026-07-06T20:05:11.241165+00:00,148.4,50,bid,,,9909808
2026-07-06T20:05:11.875935,2026-07-06T20:05:11.886724+00:00,148.2,11,ask,,,9909816
2026-07-06T20:05:12.426801,2026-07-06T20:05:12.468735+00:00,148.2,41,ask,,,9909822
2026-07-06T20:05:12.459893,2026-07-06T20:05:12.468735+00:00,148.2,12,ask,,,9909826
2026-07-06T20:05:12.702768,2026-07-06T20:05:12.713638+00:00,148.0,100,ask,,,9909829
2026-07-06T20:05:12.715032,2026-07-06T20:05:12.724828+00:00,148.0,12,bid,,,9909830
2026-07-06T20:05:13.338137,2026-07-06T20:05:13.348305+00:00,148.0,38,bid,,,9909840
2026-07-06T20:05:13.338137,2026-07-06T20:05:13.348305+00:00,148.5,12,bid,,,9909841
2026-07-06T20:05:15.498921,2026-07-06T20:05:15.520944+00:00,147.5,50,ask,,,9909870
2026-07-06T20:05:17.605030,2026-07-06T20:05:17.616674+00:00,147.7,50,ask,,,9909899
2026-07-06T20:05:17.634011,2026-07-06T20:05:17.645260+00:00,148.0,40,bid,,,9909900
2026-07-06T20:05:19.265514,2026-07-06T20:05:19.293609+00:00,147.7,43,ask,,,9909920
2026-07-06T20:05:19.752249,2026-07-06T20:05:19.759499+00:00,147.7,50,ask,,,9909928
2026-07-06T20:05:25.173455,2026-07-06T20:05:25.183415+00:00,147.7,23,bid,,,9909998
2026-07-06T20:05:25.319018,2026-07-06T20:05:25.345849+00:00,147.7,77,bid,,,9910001
2026-07-06T20:05:25.414699,2026-07-06T20:05:25.426508+00:00,148.2,43,bid,,,9910002
2026-07-06T20:05:26.042440,2026-07-06T20:05:26.058586+00:00,148.2,50,bid,,,9910010
2026-07-06T20:05:26.513251,2026-07-06T20:05:26.522756+00:00,148.2,46,bid,,,9910015
2026-07-06T20:05:27.605024,2026-07-06T20:05:27.629375+00:00,147.7,48,ask,,,9910030
2026-07-06T20:05:28.152508,2026-07-06T20:05:28.184353+00:00,148.2,11,bid,,,9910043
2026-07-06T20:05:28.152508,2026-07-06T20:05:28.184353+00:00,148.2,39,bid,,,9910044
2026-07-06T20:05:29.761791,2026-07-06T20:05:29.773548+00:00,147.7,43,ask,,,9910066
2026-07-06T20:05:30.262666,2026-07-06T20:05:30.285917+00:00,148.2,50,bid,,,9910076
2026-07-06T20:05:30.670921,2026-07-06T20:05:30.692591+00:00,148.2,11,bid,,,9910086
2026-07-06T20:05:30.670921,2026-07-06T20:05:30.692591+00:00,148.2,32,bid,,,9910087
2026-07-06T20:05:31.206493,2026-07-06T20:05:31.218946+00:00,147.8,12,ask,,,9910089
2026-07-06T20:05:31.729392,2026-07-06T20:05:31.741130+00:00,148.3,45,bid,,,9910106
2026-07-06T20:05:32.393571,2026-07-06T20:05:32.403893+00:00,148.3,50,bid,,,9910109
2026-07-06T20:05:32.769521,2026-07-06T20:05:32.796553+00:00,147.9,44,ask,,,9910115
2026-07-06T20:05:33.955543,2026-07-06T20:05:33.966979+00:00,147.9,42,ask,,,9910132
2026-07-06T20:05:34.371291,2026-07-06T20:05:34.381360+00:00,148.2,23,ask,,,9910139
2026-07-06T20:05:34.550151,2026-07-06T20:05:34.556432+00:00,148.2,50,ask,,,9910142
2026-07-06T20:05:34.875392,2026-07-06T20:05:34.885101+00:00,148.2,11,ask,,,9910154
2026-07-06T20:05:34.883707,2026-07-06T20:05:34.890450+00:00,148.2,16,ask,,,9910156
2026-07-06T20:05:34.963588,2026-07-06T20:05:34.969870+00:00,148.1,46,bid,,,9910157
2026-07-06T20:05:36.086664,2026-07-06T20:05:36.098104+00:00,148.1,44,bid,,,9910170
2026-07-06T20:05:37.779309,2026-07-06T20:05:37.793130+00:00,147.8,42,ask,,,9910183
2026-07-06T20:05:38.768222,2026-07-06T20:05:38.780032+00:00,147.9,50,ask,,,9910197
2026-07-06T20:05:39.438652,2026-07-06T20:05:39.462245+00:00,147.9,45,ask,,,9910203
2026-07-06T20:05:39.931156,2026-07-06T20:05:39.960320+00:00,148.3,42,bid,,,9910207
2026-07-06T20:05:40.421466,2026-07-06T20:05:40.424216+00:00,147.9,46,ask,,,9910215
2026-07-06T20:05:41.209799,2026-07-06T20:05:41.216815+00:00,147.8,100,ask,,,9910224
2026-07-06T20:05:41.223629,2026-07-06T20:05:41.233164+00:00,147.8,23,bid,,,9910225
2026-07-06T20:05:42.998483,2026-07-06T20:05:43.020606+00:00,147.3,50,ask,,,9910249
2026-07-06T20:05:43.152696,2026-07-06T20:05:43.169005+00:00,147.8,27,bid,,,9910252
2026-07-06T20:05:43.152696,2026-07-06T20:05:43.169005+00:00,148.3,13,bid,,,9910253
2026-07-06T20:05:45.107852,2026-07-06T20:05:45.133225+00:00,147.8,50,ask,,,9910271
2026-07-06T20:05:47.162542,2026-07-06T20:05:47.169081+00:00,148.1,50,bid,,,9910295
2026-07-06T20:05:51.457254,2026-07-06T20:05:51.463611+00:00,147.8,50,ask,,,9910350
2026-07-06T20:05:53.565210,2026-07-06T20:05:53.574384+00:00,147.6,50,ask,,,9910367
2026-07-06T20:05:54.018504,2026-07-06T20:05:54.028235+00:00,147.8,11,bid,,,9910377
2026-07-06T20:05:54.235384,2026-07-06T20:05:54.244804+00:00,147.8,12,bid,,,9910380
2026-07-06T20:05:55.621970,2026-07-06T20:05:55.632562+00:00,147.8,50,bid,,,9910392
2026-07-06T20:05:57.786181,2026-07-06T20:05:57.803164+00:00,147.6,50,ask,,,9910418
2026-07-06T20:05:59.842696,2026-07-06T20:05:59.846227+00:00,147.9,50,bid,,,9910445
2026-07-06T20:06:00.569680,2026-07-06T20:06:00.591154+00:00,147.9,41,bid,,,9910457
2026-07-06T20:06:02.000930,2026-07-06T20:06:02.069819+00:00,147.6,50,ask,,,9910475
2026-07-06T20:06:02.918595,2026-07-06T20:06:02.979290+00:00,148.1,45,bid,,,9910483
2026-07-06T20:06:03.186294,2026-07-06T20:06:03.196221+00:00,147.9,35,ask,,,9910486
2026-07-06T20:06:03.368505,2026-07-06T20:06:03.458723+00:00,147.9,65,ask,,,9910491
2026-07-06T20:06:04.106891,2026-07-06T20:06:04.118417+00:00,147.4,50,ask,,,9910503
2026-07-06T20:06:04.562251,2026-07-06T20:06:04.565488+00:00,147.4,43,ask,,,9910512
2026-07-06T20:06:05.651693,2026-07-06T20:06:05.664044+00:00,147.4,46,ask,,,9910521
2026-07-06T20:06:06.559925,2026-07-06T20:06:06.571182+00:00,147.6,12,bid,,,9910537
2026-07-06T20:06:07.117360,2026-07-06T20:06:07.129424+00:00,147.6,23,bid,,,9910543
2026-07-06T20:06:08.268757,2026-07-06T20:06:08.283090+00:00,147.6,50,bid,,,9910550
2026-07-06T20:06:10.375637,2026-07-06T20:06:10.402833+00:00,147.8,50,bid,,,9910571
2026-07-06T20:06:11.155464,2026-07-06T20:06:11.163619+00:00,147.8,47,bid,,,9910580
2026-07-06T20:06:12.482220,2026-07-06T20:06:12.503727+00:00,148.0,50,bid,,,9910601
2026-07-06T20:06:12.826709,2026-07-06T20:06:12.836668+00:00,147.9,12,ask,,,9910606
2026-07-06T20:06:14.588573,2026-07-06T20:06:14.594741+00:00,148.3,50,bid,,,9910624
2026-07-06T20:06:16.696284,2026-07-06T20:06:16.715387+00:00,148.5,50,bid,,,9910660
2026-07-06T20:06:17.233800,2026-07-06T20:06:17.243485+00:00,148.0,11,ask,,,9910661
2026-07-06T20:06:17.706236,2026-07-06T20:06:17.718016+00:00,148.0,47,ask,,,9910668
2026-07-06T20:06:18.855465,2026-07-06T20:06:18.858611+00:00,148.0,50,ask,,,9910684
2026-07-06T20:06:19.057789,2026-07-06T20:06:19.076442+00:00,148.4,46,bid,,,9910691
2026-07-06T20:06:20.227862,2026-07-06T20:06:20.259387+00:00,148.1,43,bid,,,9910703
2026-07-06T20:06:20.910696,2026-07-06T20:06:20.917216+00:00,148.1,50,bid,,,9910716
2026-07-06T20:06:21.879715,2026-07-06T20:06:21.904930+00:00,147.9,47,ask,,,9910725
2026-07-06T20:06:23.069407,2026-07-06T20:06:23.077297+00:00,147.9,50,ask,,,9910747
2026-07-06T20:06:25.177087,2026-07-06T20:06:25.183375+00:00,147.9,50,ask,,,9910771
2026-07-06T20:06:26.895577,2026-07-06T20:06:26.905584+00:00,148.3,45,bid,,,9910792
2026-07-06T20:06:29.337096,2026-07-06T20:06:29.345656+00:00,148.3,50,bid,,,9910806
2026-07-06T20:06:31.443890,2026-07-06T20:06:31.479273+00:00,148.3,50,bid,,,9910832
2026-07-06T20:06:33.551805,2026-07-06T20:06:33.605386+00:00,148.6,50,bid,,,9910862
2026-07-06T20:06:34.480442,2026-07-06T20:06:34.490221+00:00,148.4,12,ask,,,9910876
2026-07-06T20:06:35.660622,2026-07-06T20:06:35.672159+00:00,148.8,50,bid,,,9910885
2026-07-06T20:06:37.382154,2026-07-06T20:06:37.464047+00:00,148.4,48,ask,,,9910910
2026-07-06T20:06:37.781367,2026-07-06T20:06:37.796030+00:00,148.7,50,bid,,,9910915
2026-07-06T20:06:38.580762,2026-07-06T20:06:38.591140+00:00,148.5,14,ask,,,9910924
2026-07-06T20:06:39.891374,2026-07-06T20:06:39.897559+00:00,148.7,50,bid,,,9910939
2026-07-06T20:06:42.007577,2026-07-06T20:06:42.009595+00:00,148.7,50,bid,,,9910971
2026-07-06T20:06:44.169182,2026-07-06T20:06:44.174045+00:00,148.5,50,ask,,,9911001
2026-07-06T20:06:45.417193,2026-07-06T20:06:45.418896+00:00,148.5,45,ask,,,9911014
2026-07-06T20:06:46.279316,2026-07-06T20:06:46.290248+00:00,148.5,5,ask,,,9911022
2026-07-06T20:06:46.279316,2026-07-06T20:06:46.290248+00:00,148.3,45,ask,,,9911023
2026-07-06T20:06:48.168236,2026-07-06T20:06:48.174938+00:00,148.8,45,bid,,,9911049
2026-07-06T20:06:48.387677,2026-07-06T20:06:48.459759+00:00,148.5,50,ask,,,9911056
2026-07-06T20:06:50.497023,2026-07-06T20:06:50.508501+00:00,148.3,50,ask,,,9911080
2026-07-06T20:06:51.843068,2026-07-06T20:06:51.864160+00:00,148.2,45,ask,,,9911102
2026-07-06T20:06:53.446785,2026-07-06T20:06:53.458571+00:00,148.7,40,bid,,,9911117
2026-07-06T20:06:56.705594,2026-07-06T20:06:56.759217+00:00,148.5,100,ask,,,9911162
2026-07-06T20:06:56.770686,2026-07-06T20:06:56.782326+00:00,148.7,8,bid,,,9911163
2026-07-06T20:06:56.770686,2026-07-06T20:06:56.782326+00:00,149.0,42,bid,,,9911164
2026-07-06T20:06:58.524684,2026-07-06T20:06:58.531010+00:00,148.5,49,bid,,,9911183
2026-07-06T20:06:58.880056,2026-07-06T20:06:58.891646+00:00,148.5,50,bid,,,9911189
2026-07-06T20:06:59.057880,2026-07-06T20:06:59.069901+00:00,148.1,8,ask,,,9911193
2026-07-06T20:06:59.057880,2026-07-06T20:06:59.069901+00:00,148.0,36,ask,,,9911194
2026-07-06T20:06:59.730256,2026-07-06T20:06:59.742071+00:00,148.0,40,ask,,,9911202
2026-07-06T20:07:00.800087,2026-07-06T20:07:00.858821+00:00,148.6,45,bid,,,9911211
2026-07-06T20:07:01.066395,2026-07-06T20:07:01.093770+00:00,148.3,50,ask,,,9911218
2026-07-06T20:07:05.226281,2026-07-06T20:07:05.238061+00:00,148.6,50,bid,,,9911271
2026-07-06T20:07:07.338541,2026-07-06T20:07:07.358690+00:00,148.7,8,bid,,,9911298
2026-07-06T20:07:07.338541,2026-07-06T20:07:07.358690+00:00,148.7,42,bid,,,9911299
2026-07-06T20:07:08.999792,2026-07-06T20:07:09.025469+00:00,148.2,41,ask,,,9911319
2026-07-06T20:07:09.447886,2026-07-06T20:07:09.455099+00:00,148.7,50,bid,,,9911325
2026-07-06T20:07:13.712975,2026-07-06T20:07:13.719705+00:00,148.4,50,ask,,,9911380
2026-07-06T20:07:15.825294,2026-07-06T20:07:15.859009+00:00,148.4,50,ask,,,9911412
2026-07-06T20:07:17.142443,2026-07-06T20:07:17.164715+00:00,148.6,8,bid,,,9911424
2026-07-06T20:07:17.142443,2026-07-06T20:07:17.164715+00:00,148.6,34,bid,,,9911425
2026-07-06T20:07:17.882754,2026-07-06T20:07:17.894621+00:00,148.6,50,bid,,,9911434
2026-07-06T20:07:20.002539,2026-07-06T20:07:20.008932+00:00,148.7,50,bid,,,9911457
2026-07-06T20:07:20.168062,2026-07-06T20:07:20.194794+00:00,148.4,46,ask,,,9911460
2026-07-06T20:07:20.503802,2026-07-06T20:07:20.512603+00:00,148.4,3,ask,,,9911467
2026-07-06T20:07:22.111841,2026-07-06T20:07:22.133674+00:00,148.5,8,bid,,,9911497
2026-07-06T20:07:22.111841,2026-07-06T20:07:22.133674+00:00,148.6,42,bid,,,9911498
2026-07-06T20:07:23.945262,2026-07-06T20:07:23.964173+00:00,148.1,40,ask,,,9911520
2026-07-06T20:07:24.449903,2026-07-06T20:07:24.445606+00:00,148.3,8,bid,,,9911527
2026-07-06T20:07:24.449903,2026-07-06T20:07:24.445606+00:00,148.4,40,bid,,,9911528
2026-07-06T20:07:26.095243,2026-07-06T20:07:26.106938+00:00,148.1,8,ask,,,9911538
2026-07-06T20:07:26.095243,2026-07-06T20:07:26.106938+00:00,148.0,35,ask,,,9911539
2026-07-06T20:07:26.376114,2026-07-06T20:07:26.382901+00:00,148.0,50,ask,,,9911546
2026-07-06T20:07:28.484661,2026-07-06T20:07:28.491362+00:00,148.0,50,ask,,,9911576
2026-07-06T20:07:31.370205,2026-07-06T20:07:31.374602+00:00,148.0,44,bid,,,9911605
2026-07-06T20:07:33.502825,2026-07-06T20:07:33.565264+00:00,147.9,40,bid,,,9911640
2026-07-06T20:07:33.556750,2026-07-06T20:07:33.565264+00:00,147.8,8,ask,,,9911642
2026-07-06T20:07:33.556750,2026-07-06T20:07:33.570229+00:00,147.6,34,ask,,,9911643
2026-07-06T20:07:33.665956,2026-07-06T20:07:33.676569+00:00,147.9,3,bid,,,9911650
2026-07-06T20:07:34.764763,2026-07-06T20:07:34.800571+00:00,147.8,8,ask,,,9911665
2026-07-06T20:07:34.764763,2026-07-06T20:07:34.800571+00:00,147.7,34,ask,,,9911666
2026-07-06T20:07:36.218006,2026-07-06T20:07:36.233664+00:00,147.7,41,ask,,,9911687
2026-07-06T20:07:36.912087,2026-07-06T20:07:36.939179+00:00,147.7,25,ask,,,9911702
2026-07-06T20:07:36.912087,2026-07-06T20:07:36.939179+00:00,147.7,8,ask,,,9911703
2026-07-06T20:07:36.912087,2026-07-06T20:07:36.939179+00:00,147.4,17,ask,,,9911704
2026-07-06T20:07:42.212146,2026-07-06T20:07:42.263836+00:00,147.8,43,bid,,,9911767
2026-07-06T20:07:43.189127,2026-07-06T20:07:43.227737+00:00,147.8,50,bid,,,9911774
2026-07-06T20:07:43.234673,2026-07-06T20:07:43.258592+00:00,147.8,7,bid,,,9911777
2026-07-06T20:07:43.234673,2026-07-06T20:07:43.258592+00:00,148.0,8,bid,,,9911778
2026-07-06T20:07:43.234673,2026-07-06T20:07:43.258592+00:00,148.0,26,bid,,,9911779
2026-07-06T20:07:45.349105,2026-07-06T20:07:45.376684+00:00,147.6,8,ask,,,9911803
2026-07-06T20:07:45.349105,2026-07-06T20:07:45.376684+00:00,147.6,42,ask,,,9911804
2026-07-06T20:07:45.970640,2026-07-06T20:07:45.980100+00:00,148.0,48,bid,,,9911814
2026-07-06T20:07:47.463260,2026-07-06T20:07:47.474342+00:00,148.0,50,ask,,,9911834
2026-07-06T20:07:49.569655,2026-07-06T20:07:49.578817+00:00,148.0,50,ask,,,9911855
2026-07-06T20:07:51.049734,2026-07-06T20:07:51.064490+00:00,147.5,42,ask,,,9911868
2026-07-06T20:07:51.509917,2026-07-06T20:07:51.559047+00:00,147.9,42,bid,,,9911878
2026-07-06T20:07:53.625610,2026-07-06T20:07:53.658597+00:00,147.4,41,ask,,,9911900
2026-07-06T20:07:53.803804,2026-07-06T20:07:53.815088+00:00,147.4,50,ask,,,9911906
2026-07-06T20:07:55.918413,2026-07-06T20:07:55.990686+00:00,147.3,50,ask,,,9911926
2026-07-06T20:07:58.025431,2026-07-06T20:07:58.028463+00:00,147.2,50,ask,,,9911963
2026-07-06T20:08:00.149001,2026-07-06T20:08:00.190931+00:00,147.2,50,ask,,,9911992
2026-07-06T20:08:00.423991,2026-07-06T20:08:00.435423+00:00,147.2,100,ask,,,9911998
2026-07-06T20:08:00.760528,2026-07-06T20:08:00.770954+00:00,146.7,3,bid,,,9912002
2026-07-06T20:08:01.175792,2026-07-06T20:08:01.186480+00:00,146.7,46,bid,,,9912013
2026-07-06T20:08:01.377031,2026-07-06T20:08:01.386696+00:00,146.7,1,bid,,,9912021
2026-07-06T20:08:02.255338,2026-07-06T20:08:02.263587+00:00,146.2,50,ask,,,9912030
2026-07-06T20:08:03.730435,2026-07-06T20:08:03.736839+00:00,146.7,42,ask,,,9912049
2026-07-06T20:08:04.375266,2026-07-06T20:08:04.401560+00:00,146.7,50,ask,,,9912059
2026-07-06T20:08:06.274745,2026-07-06T20:08:06.278368+00:00,147.2,41,bid,,,9912085
2026-07-06T20:08:06.482551,2026-07-06T20:08:06.488712+00:00,146.7,50,ask,,,9912089
2026-07-06T20:08:08.613335,2026-07-06T20:08:08.623584+00:00,146.6,50,ask,,,9912116
2026-07-06T20:08:10.719913,2026-07-06T20:08:10.731252+00:00,146.4,50,ask,,,9912143
2026-07-06T20:08:14.878912,2026-07-06T20:08:14.885141+00:00,146.8,50,bid,,,9912189
2026-07-06T20:08:16.911735,2026-07-06T20:08:16.920933+00:00,146.8,10,bid,,,9912220
2026-07-06T20:08:16.986579,2026-07-06T20:08:16.998384+00:00,146.8,50,bid,,,9912223
2026-07-06T20:08:19.093927,2026-07-06T20:08:19.105661+00:00,146.8,50,bid,,,9912250
2026-07-06T20:08:19.709545,2026-07-06T20:08:19.721416+00:00,147.1,45,bid,,,9912265
2026-07-06T20:08:21.325487,2026-07-06T20:08:21.358625+00:00,147.1,47,bid,,,9912284
2026-07-06T20:08:21.927426,2026-07-06T20:08:21.948208+00:00,146.8,43,ask,,,9912296
2026-07-06T20:08:22.550442,2026-07-06T20:08:22.558689+00:00,146.8,40,ask,,,9912301
2026-07-06T20:08:23.304517,2026-07-06T20:08:23.316077+00:00,147.1,50,bid,,,9912314
2026-07-06T20:08:24.440351,2026-07-06T20:08:24.446829+00:00,146.8,49,ask,,,9912327
2026-07-06T20:08:25.410727,2026-07-06T20:08:25.419064+00:00,147.0,50,bid,,,9912348
2026-07-06T20:08:25.652816,2026-07-06T20:08:25.658599+00:00,147.0,45,bid,,,9912350
2026-07-06T20:08:26.608226,2026-07-06T20:08:26.669010+00:00,147.0,5,bid,,,9912362
2026-07-06T20:08:26.608226,2026-07-06T20:08:26.669010+00:00,147.2,42,bid,,,9912363
2026-07-06T20:08:27.244985,2026-07-06T20:08:27.251206+00:00,146.7,46,ask,,,9912370
2026-07-06T20:08:27.573258,2026-07-06T20:08:27.585100+00:00,146.7,50,ask,,,9912381
2026-07-06T20:08:31.782616,2026-07-06T20:08:31.799396+00:00,147.0,50,ask,,,9912439
2026-07-06T20:08:33.888407,2026-07-06T20:08:33.900014+00:00,147.0,50,ask,,,9912465
2026-07-06T20:08:34.410392,2026-07-06T20:08:34.416744+00:00,147.2,43,bid,,,9912470
2026-07-06T20:08:35.952223,2026-07-06T20:08:35.978965+00:00,147.3,50,bid,,,9912485
2026-07-06T20:08:37.581450,2026-07-06T20:08:37.599548+00:00,147.0,47,ask,,,9912502
2026-07-06T20:08:38.110853,2026-07-06T20:08:38.117031+00:00,147.2,50,ask,,,9912510
2026-07-06T20:08:40.165931,2026-07-06T20:08:40.177695+00:00,147.5,50,bid,,,9912540
2026-07-06T20:08:42.101357,2026-07-06T20:08:42.110012+00:00,147.4,43,bid,,,9912568
2026-07-06T20:08:42.274550,2026-07-06T20:08:42.296375+00:00,147.4,50,bid,,,9912572
2026-07-06T20:08:43.984906,2026-07-06T20:08:44.012108+00:00,147.1,41,ask,,,9912590
2026-07-06T20:08:44.380620,2026-07-06T20:08:44.402290+00:00,147.6,50,bid,,,9912598
2026-07-06T20:08:46.465219,2026-07-06T20:08:46.491644+00:00,147.7,40,bid,,,9912623
2026-07-06T20:08:46.485772,2026-07-06T20:08:46.496902+00:00,147.7,50,bid,,,9912624
2026-07-06T20:08:47.009884,2026-07-06T20:08:47.021536+00:00,147.2,43,ask,,,9912628
2026-07-06T20:08:47.422067,2026-07-06T20:08:47.432021+00:00,147.5,11,ask,,,9912633
2026-07-06T20:08:48.593296,2026-07-06T20:08:48.591276+00:00,147.8,50,bid,,,9912655
2026-07-06T20:08:49.718664,2026-07-06T20:08:49.728098+00:00,147.5,12,ask,,,9912670
2026-07-06T20:08:50.698048,2026-07-06T20:08:50.709433+00:00,147.8,50,bid,,,9912682
2026-07-06T20:08:51.007370,2026-07-06T20:08:51.015799+00:00,147.6,11,ask,,,9912684
2026-07-06T20:08:52.805905,2026-07-06T20:08:52.817317+00:00,147.8,50,bid,,,9912711
2026-07-06T20:08:53.671292,2026-07-06T20:08:53.682069+00:00,147.6,12,ask,,,9912723
2026-07-06T20:08:54.911678,2026-07-06T20:08:54.923653+00:00,147.8,50,bid,,,9912734
2026-07-06T20:08:57.521680,2026-07-06T20:08:57.595610+00:00,147.4,45,ask,,,9912759
2026-07-06T20:08:58.897334,2026-07-06T20:08:58.965357+00:00,147.4,11,ask,,,9912778
2026-07-06T20:08:59.024726,2026-07-06T20:08:59.018464+00:00,147.8,8,bid,,,9912783
2026-07-06T20:08:59.024726,2026-07-06T20:08:59.018464+00:00,147.8,37,bid,,,9912784
2026-07-06T20:09:00.599977,2026-07-06T20:09:00.669181+00:00,147.5,41,bid,,,9912807
2026-07-06T20:09:00.603116,2026-07-06T20:09:00.669181+00:00,147.5,8,bid,,,9912808
2026-07-06T20:09:00.676890,2026-07-06T20:09:00.758773+00:00,147.4,48,ask,,,9912811
2026-07-06T20:09:01.300889,2026-07-06T20:09:01.311430+00:00,147.4,50,ask,,,9912822
2026-07-06T20:09:03.406440,2026-07-06T20:09:03.412761+00:00,147.4,50,ask,,,9912843
2026-07-06T20:09:03.692905,2026-07-06T20:09:03.700891+00:00,147.2,100,ask,,,9912845
2026-07-06T20:09:03.834176,2026-07-06T20:09:03.840362+00:00,147.2,40,bid,,,9912848
2026-07-06T20:09:04.298936,2026-07-06T20:09:04.310167+00:00,147.2,10,bid,,,9912851
2026-07-06T20:09:04.915639,2026-07-06T20:09:04.979596+00:00,146.7,47,ask,,,9912856
2026-07-06T20:09:05.463464,2026-07-06T20:09:05.559341+00:00,147.7,50,bid,,,9912868
2026-07-06T20:09:06.900699,2026-07-06T20:09:06.911196+00:00,147.3,42,ask,,,9912886
2026-07-06T20:09:07.432075,2026-07-06T20:09:07.473883+00:00,147.7,45,bid,,,9912897
2026-07-06T20:09:07.569554,2026-07-06T20:09:07.576102+00:00,147.7,50,bid,,,9912898
2026-07-06T20:09:07.901085,2026-07-06T20:09:07.913417+00:00,147.7,5,bid,,,9912902
2026-07-06T20:09:07.901085,2026-07-06T20:09:07.913417+00:00,147.8,41,bid,,,9912903
2026-07-06T20:09:09.740380,2026-07-06T20:09:09.737832+00:00,147.6,50,ask,,,9912921
2026-07-06T20:09:10.387736,2026-07-06T20:09:10.459240+00:00,147.6,10,ask,,,9912936
2026-07-06T20:09:12.309578,2026-07-06T20:09:12.339537+00:00,147.6,40,ask,,,9912962
2026-07-06T20:09:12.309578,2026-07-06T20:09:12.339537+00:00,147.3,8,ask,,,9912963
2026-07-06T20:09:13.383414,2026-07-06T20:09:13.432467+00:00,147.8,48,bid,,,9912981
2026-07-06T20:09:13.904656,2026-07-06T20:09:13.915963+00:00,147.8,50,bid,,,9912982
2026-07-06T20:09:14.897113,2026-07-06T20:09:14.915071+00:00,147.3,40,ask,,,9913000
2026-07-06T20:09:16.012897,2026-07-06T20:09:16.021438+00:00,147.8,50,bid,,,9913017
2026-07-06T20:09:18.117642,2026-07-06T20:09:18.124304+00:00,148.1,8,bid,,,9913033
2026-07-06T20:09:18.117642,2026-07-06T20:09:18.124304+00:00,148.2,42,bid,,,9913034
2026-07-06T20:09:18.252237,2026-07-06T20:09:18.271070+00:00,148.2,42,bid,,,9913036
2026-07-06T20:09:19.065183,2026-07-06T20:09:19.075432+00:00,148.0,3,ask,,,9913043
2026-07-06T20:09:20.226368,2026-07-06T20:09:20.232952+00:00,148.2,50,bid,,,9913062
2026-07-06T20:09:22.214490,2026-07-06T20:09:22.236253+00:00,148.2,100,bid,,,9913079
2026-07-06T20:09:22.336789,2026-07-06T20:09:22.358823+00:00,148.2,8,bid,,,9913080
2026-07-06T20:09:22.336789,2026-07-06T20:09:22.358823+00:00,148.7,42,bid,,,9913081
2026-07-06T20:09:22.665032,2026-07-06T20:09:22.676123+00:00,148.3,3,ask,,,9913091
2026-07-06T20:09:24.496243,2026-07-06T20:09:24.516010+00:00,148.3,50,ask,,,9913107
2026-07-06T20:09:24.932950,2026-07-06T20:09:24.942726+00:00,148.3,11,ask,,,9913113
2026-07-06T20:09:25.431040,2026-07-06T20:09:25.452948+00:00,148.3,86,ask,,,9913116
2026-07-06T20:09:26.134207,2026-07-06T20:09:26.144156+00:00,148.1,11,bid,,,9913127
2026-07-06T20:09:26.605128,2026-07-06T20:09:26.664134+00:00,147.8,8,ask,,,9913131
2026-07-06T20:09:26.605128,2026-07-06T20:09:26.664134+00:00,147.7,42,ask,,,9913132
2026-07-06T20:09:27.368082,2026-07-06T20:09:27.377942+00:00,148.1,3,bid,,,9913138
2026-07-06T20:09:28.716574,2026-07-06T20:09:28.726315+00:00,148.0,50,ask,,,9913147
2026-07-06T20:09:30.826366,2026-07-06T20:09:30.869521+00:00,148.0,50,ask,,,9913177
2026-07-06T20:09:32.933316,2026-07-06T20:09:32.917590+00:00,147.6,8,ask,,,9913210
2026-07-06T20:09:32.933316,2026-07-06T20:09:32.917590+00:00,147.6,42,ask,,,9913211
2026-07-06T20:09:35.042664,2026-07-06T20:09:35.063632+00:00,147.6,50,ask,,,9913234
2026-07-06T20:09:37.150121,2026-07-06T20:09:37.179641+00:00,147.4,50,ask,,,9913283
2026-07-06T20:09:39.262293,2026-07-06T20:09:39.269005+00:00,147.0,50,ask,,,9913318
2026-07-06T20:09:39.637485,2026-07-06T20:09:39.659086+00:00,147.0,41,ask,,,9913324
2026-07-06T20:09:41.284802,2026-07-06T20:09:41.294762+00:00,147.4,3,bid,,,9913340
2026-07-06T20:09:41.369044,2026-07-06T20:09:41.375619+00:00,147.0,50,ask,,,9913343
2026-07-06T20:09:43.479220,2026-07-06T20:09:43.518937+00:00,146.9,50,ask,,,9913362
2026-07-06T20:09:44.302502,2026-07-06T20:09:44.312815+00:00,147.4,11,bid,,,9913371
2026-07-06T20:09:44.460587,2026-07-06T20:09:44.471550+00:00,147.3,12,bid,,,9913375
2026-07-06T20:09:45.584774,2026-07-06T20:09:45.590939+00:00,147.0,50,ask,,,9913390
2026-07-06T20:09:46.550747,2026-07-06T20:09:46.562455+00:00,147.3,42,bid,,,9913401
2026-07-06T20:09:47.152267,2026-07-06T20:09:47.176265+00:00,147.3,43,bid,,,9913414
2026-07-06T20:09:47.691641,2026-07-06T20:09:47.758782+00:00,147.0,50,ask,,,9913422
2026-07-06T20:09:47.804093,2026-07-06T20:09:47.863671+00:00,147.0,48,ask,,,9913424
2026-07-06T20:09:47.975959,2026-07-06T20:09:47.987380+00:00,147.0,100,ask,,,9913425
2026-07-06T20:09:47.988817,2026-07-06T20:09:47.998148+00:00,146.8,34,bid,,,9913426
2026-07-06T20:09:49.798902,2026-07-06T20:09:49.833094+00:00,146.3,50,ask,,,9913456
2026-07-06T20:09:51.905383,2026-07-06T20:09:51.916992+00:00,146.6,50,ask,,,9913482
2026-07-06T20:09:52.368855,2026-07-06T20:09:52.385507+00:00,146.6,43,ask,,,9913489
2026-07-06T20:09:58.223404,2026-07-06T20:09:58.258588+00:00,146.4,50,ask,,,9913569
2026-07-06T20:09:58.465808,2026-07-06T20:09:58.477248+00:00,146.7,48,bid,,,9913572
2026-07-06T20:10:01.889977,2026-07-06T20:10:01.902448+00:00,146.8,23,bid,,,9913611
2026-07-06T20:10:02.434826,2026-07-06T20:10:02.480474+00:00,146.4,50,ask,,,9913618
2026-07-06T20:10:06.648290,2026-07-06T20:10:06.659551+00:00,146.5,50,ask,,,9913660
2026-07-06T20:10:06.783741,2026-07-06T20:10:06.795126+00:00,146.5,41,ask,,,9913664
2026-07-06T20:10:07.088366,2026-07-06T20:10:07.098066+00:00,146.3,11,bid,,,9913668
2026-07-06T20:10:07.302820,2026-07-06T20:10:07.308567+00:00,146.3,6,bid,,,9913671
2026-07-06T20:10:08.704274,2026-07-06T20:10:08.707380+00:00,146.3,50,bid,,,9913688
2026-07-06T20:10:10.875449,2026-07-06T20:10:10.900512+00:00,146.1,50,ask,,,9913719
2026-07-06T20:10:15.033494,2026-07-06T20:10:15.044989+00:00,146.3,50,bid,,,9913770
2026-07-06T20:10:15.274395,2026-07-06T20:10:15.285771+00:00,146.3,42,bid,,,9913775
2026-07-06T20:10:17.141013,2026-07-06T20:10:17.147203+00:00,146.4,50,bid,,,9913794
2026-07-06T20:10:17.279937,2026-07-06T20:10:17.291155+00:00,146.4,41,bid,,,9913798
2026-07-06T20:10:18.866182,2026-07-06T20:10:18.874266+00:00,146.0,45,ask,,,9913820
2026-07-06T20:10:19.300886,2026-07-06T20:10:19.324889+00:00,145.9,50,ask,,,9913823
2026-07-06T20:10:20.998530,2026-07-06T20:10:21.020918+00:00,146.1,46,ask,,,9913847
2026-07-06T20:10:21.824317,2026-07-06T20:10:21.832958+00:00,146.1,6,ask,,,9913858
2026-07-06T20:10:22.995361,2026-07-06T20:10:22.998980+00:00,146.2,40,bid,,,9913878
2026-07-06T20:10:25.566196,2026-07-06T20:10:25.583392+00:00,146.2,50,bid,,,9913904
2026-07-06T20:10:26.023028,2026-07-06T20:10:26.031666+00:00,146.3,11,ask,,,9913914
2026-07-06T20:10:27.674243,2026-07-06T20:10:27.700955+00:00,146.5,50,bid,,,9913937
2026-07-06T20:10:28.059713,2026-07-06T20:10:28.068690+00:00,146.3,23,ask,,,9913942
2026-07-06T20:10:28.142209,2026-07-06T20:10:28.145224+00:00,146.5,44,bid,,,9913944
2026-07-06T20:10:29.395753,2026-07-06T20:10:29.405467+00:00,146.3,23,bid,,,9913958
2026-07-06T20:10:29.781986,2026-07-06T20:10:29.810686+00:00,146.3,50,bid,,,9913964
2026-07-06T20:10:31.809834,2026-07-06T20:10:31.831217+00:00,146.3,77,bid,,,9913984
2026-07-06T20:10:31.892104,2026-07-06T20:10:31.900418+00:00,146.9,50,bid,,,9913985
2026-07-06T20:10:32.259613,2026-07-06T20:10:32.267565+00:00,146.8,34,ask,,,9913989
2026-07-06T20:10:32.712312,2026-07-06T20:10:32.721726+00:00,146.8,23,ask,,,9913994
2026-07-06T20:10:33.997933,2026-07-06T20:10:34.004089+00:00,146.9,50,bid,,,9914007
2026-07-06T20:10:35.023162,2026-07-06T20:10:35.030420+00:00,146.8,93,ask,,,9914018
2026-07-06T20:10:35.470478,2026-07-06T20:10:35.479023+00:00,146.6,11,bid,,,9914025
2026-07-06T20:10:36.155868,2026-07-06T20:10:36.167301+00:00,146.3,50,ask,,,9914032
2026-07-06T20:10:38.263170,2026-07-06T20:10:38.300242+00:00,146.4,50,ask,,,9914065
2026-07-06T20:10:39.641364,2026-07-06T20:10:39.648920+00:00,146.4,45,ask,,,9914085
2026-07-06T20:10:39.977657,2026-07-06T20:10:39.987823+00:00,146.6,12,bid,,,9914090
2026-07-06T20:10:40.320203,2026-07-06T20:10:40.344700+00:00,146.6,50,bid,,,9914094
2026-07-06T20:10:41.192815,2026-07-06T20:10:41.201717+00:00,146.4,5,ask,,,9914111
2026-07-06T20:10:42.484224,2026-07-06T20:10:42.495686+00:00,146.4,50,ask,,,9914130
2026-07-06T20:10:42.629281,2026-07-06T20:10:42.668965+00:00,146.7,49,bid,,,9914133
2026-07-06T20:10:43.751984,2026-07-06T20:10:43.758201+00:00,146.4,47,ask,,,9914145
2026-07-06T20:10:43.851066,2026-07-06T20:10:43.861261+00:00,146.7,11,bid,,,9914149
2026-07-06T20:10:44.539898,2026-07-06T20:10:44.551193+00:00,146.9,50,bid,,,9914154
2026-07-06T20:10:46.646828,2026-07-06T20:10:46.658088+00:00,146.8,50,bid,,,9914180
2026-07-06T20:10:46.688008,2026-07-06T20:10:46.694664+00:00,146.6,44,ask,,,9914181
2026-07-06T20:10:50.500732,2026-07-06T20:10:50.508998+00:00,146.8,44,bid,,,9914228
2026-07-06T20:10:51.427612,2026-07-06T20:10:51.464588+00:00,146.8,43,bid,,,9914243
2026-07-06T20:10:52.053499,2026-07-06T20:10:52.058109+00:00,146.5,43,ask,,,9914259
2026-07-06T20:10:52.552081,2026-07-06T20:10:52.563572+00:00,146.5,48,ask,,,9914265
2026-07-06T20:10:53.011468,2026-07-06T20:10:53.034287+00:00,146.5,50,ask,,,9914280
2026-07-06T20:10:54.300338,2026-07-06T20:10:54.308217+00:00,146.5,9,ask,,,9914294
2026-07-06T20:10:54.442842,2026-07-06T20:10:54.474060+00:00,146.4,100,ask,,,9914298
2026-07-06T20:10:54.460742,2026-07-06T20:10:54.474060+00:00,146.1,20,bid,,,9914300
2026-07-06T20:10:54.488458,2026-07-06T20:10:54.515386+00:00,146.1,30,bid,,,9914303
2026-07-06T20:10:54.488458,2026-07-06T20:10:54.515386+00:00,146.9,17,bid,,,9914304
2026-07-06T20:10:59.135527,2026-07-06T20:10:59.158579+00:00,146.8,45,bid,,,9914351
2026-07-06T20:10:59.192014,2026-07-06T20:10:59.217649+00:00,146.5,41,ask,,,9914354
2026-07-06T20:10:59.345739,2026-07-06T20:10:59.351825+00:00,146.5,50,ask,,,9914359
2026-07-06T20:10:59.709097,2026-07-06T20:10:59.720854+00:00,146.5,45,ask,,,9914365
2026-07-06T20:11:01.401383,2026-07-06T20:11:01.422398+00:00,146.5,50,bid,,,9914387
2026-07-06T20:11:04.144080,2026-07-06T20:11:04.163648+00:00,146.6,41,bid,,,9914432
2026-07-06T20:11:05.611804,2026-07-06T20:11:05.658558+00:00,146.6,50,bid,,,9914452
2026-07-06T20:11:07.719415,2026-07-06T20:11:07.720848+00:00,146.9,50,bid,,,9914473
2026-07-06T20:11:08.182231,2026-07-06T20:11:08.193716+00:00,146.9,40,bid,,,9914476
2026-07-06T20:11:09.160488,2026-07-06T20:11:09.170234+00:00,146.5,11,ask,,,9914495
2026-07-06T20:11:09.860363,2026-07-06T20:11:10.062648+00:00,147.0,50,bid,,,9914505
2026-07-06T20:11:09.959923,2026-07-06T20:11:10.062648+00:00,146.5,11,ask,,,9914507
2026-07-06T20:11:10.401948,2026-07-06T20:11:10.459886+00:00,146.5,43,ask,,,9914515
2026-07-06T20:11:11.560696,2026-07-06T20:11:11.859595+00:00,146.5,23,ask,,,9914528
2026-07-06T20:11:11.965681,2026-07-06T20:11:12.065523+00:00,147.0,50,bid,,,9914533
2026-07-06T20:11:12.550283,2026-07-06T20:11:12.568455+00:00,146.5,34,ask,,,9914540
2026-07-06T20:11:12.550283,2026-07-06T20:11:12.568455+00:00,146.5,8,ask,,,9914541
2026-07-06T20:11:14.075755,2026-07-06T20:11:14.163631+00:00,146.7,50,bid,,,9914565
2026-07-06T20:11:16.182015,2026-07-06T20:11:15.868460+00:00,146.8,50,bid,,,9914595
2026-07-06T20:11:16.301245,2026-07-06T20:11:15.868460+00:00,146.8,47,bid,,,9914598
2026-07-06T20:11:18.299480,2026-07-06T20:11:18.464150+00:00,146.8,50,bid,,,9914621
2026-07-06T20:11:20.406460,2026-07-06T20:11:20.068494+00:00,147.0,8,bid,,,9914645
2026-07-06T20:11:20.406460,2026-07-06T20:11:20.068494+00:00,147.0,42,bid,,,9914646
2026-07-06T20:11:20.734513,2026-07-06T20:11:20.068494+00:00,146.6,46,ask,,,9914655
2026-07-06T20:11:20.762708,2026-07-06T20:11:20.959518+00:00,146.6,12,ask,,,9914656
2026-07-06T20:11:22.556691,2026-07-06T20:11:22.868469+00:00,146.9,8,bid,,,9914675
2026-07-06T20:11:22.556691,2026-07-06T20:11:22.868469+00:00,147.1,42,bid,,,9914676
2026-07-06T20:11:24.665138,2026-07-06T20:11:24.568461+00:00,147.1,50,bid,,,9914693
2026-07-06T20:11:24.844378,2026-07-06T20:11:24.568461+00:00,147.0,8,bid,,,9914700
2026-07-06T20:11:24.844378,2026-07-06T20:11:24.568461+00:00,147.1,37,bid,,,9914701
2026-07-06T20:11:25.963430,2026-07-06T20:11:27.160074+00:00,146.8,11,ask,,,9914714
2026-07-06T20:11:26.837263,2026-07-06T20:11:27.160074+00:00,146.8,50,ask,,,9914724
2026-07-06T20:11:28.563155,2026-07-06T20:11:28.760019+00:00,146.8,3,ask,,,9914742
2026-07-06T20:11:28.945985,2026-07-06T20:11:28.868456+00:00,146.6,41,ask,,,9914745
2026-07-06T20:11:29.862611,2026-07-06T20:11:30.160896+00:00,146.8,3,bid,,,9914759
2026-07-06T20:11:30.763310,2026-07-06T20:11:30.859954+00:00,146.7,8,ask,,,9914768
2026-07-06T20:11:31.052942,2026-07-06T20:11:36.262883+00:00,146.6,50,ask,,,9914773
2026-07-06T20:11:31.282568,2026-07-06T20:11:36.262883+00:00,146.8,49,bid,,,9914776
2026-07-06T20:11:31.357853,2026-07-06T20:11:36.262883+00:00,146.6,44,ask,,,9914777
2026-07-06T20:11:32.338341,2026-07-06T20:11:36.262883+00:00,146.7,42,bid,,,9914801
2026-07-06T20:11:33.159845,2026-07-06T20:11:36.262883+00:00,146.5,8,ask,,,9914812
2026-07-06T20:11:33.159845,2026-07-06T20:11:36.262883+00:00,146.5,42,ask,,,9914813
2026-07-06T20:11:35.165490,2026-07-06T20:11:36.262883+00:00,146.6,40,ask,,,9914840
2026-07-06T20:11:35.267385,2026-07-06T20:11:36.262883+00:00,146.6,50,ask,,,9914843
2026-07-06T20:11:36.735494,2026-07-06T20:11:36.763787+00:00,146.7,8,bid,,,9914864
2026-07-06T20:11:36.735494,2026-07-06T20:11:36.763787+00:00,147.0,37,bid,,,9914865
2026-07-06T20:11:37.246737,2026-07-06T20:11:37.264253+00:00,146.6,10,ask,,,9914869
2026-07-06T20:11:37.246737,2026-07-06T20:11:37.264253+00:00,146.5,38,ask,,,9914870
2026-07-06T20:11:37.792644,2026-07-06T20:11:37.858670+00:00,146.9,8,bid,,,9914880
2026-07-06T20:11:37.792644,2026-07-06T20:11:37.858670+00:00,147.0,33,bid,,,9914881
2026-07-06T20:11:39.428236,2026-07-06T20:11:39.459566+00:00,146.7,50,bid,,,9914907
2026-07-06T20:11:40.260512,2026-07-06T20:11:40.269372+00:00,146.7,11,bid,,,9914913
2026-07-06T20:11:40.833104,2026-07-06T20:11:40.859549+00:00,146.5,49,ask,,,9914923
2026-07-06T20:11:41.533626,2026-07-06T20:11:41.548086+00:00,146.9,8,bid,,,9914935
2026-07-06T20:11:41.533626,2026-07-06T20:11:41.548086+00:00,147.0,42,bid,,,9914936
2026-07-06T20:11:42.302388,2026-07-06T20:11:42.380531+00:00,147.0,49,bid,,,9914943
2026-07-06T20:11:42.898716,2026-07-06T20:11:42.915887+00:00,146.6,44,ask,,,9914948
2026-07-06T20:11:47.761478,2026-07-06T20:11:47.783998+00:00,147.0,8,bid,,,9914996
2026-07-06T20:11:47.774254,2026-07-06T20:11:47.783998+00:00,147.0,11,ask,,,9914997
2026-07-06T20:11:47.850063,2026-07-06T20:11:47.868740+00:00,147.1,50,bid,,,9915001
2026-07-06T20:11:48.975940,2026-07-06T20:11:48.986470+00:00,147.0,3,ask,,,9915015
2026-07-06T20:11:49.698087,2026-07-06T20:11:49.704372+00:00,147.3,8,bid,,,9915026
2026-07-06T20:11:49.959282,2026-07-06T20:11:49.969499+00:00,147.5,50,bid,,,9915030
2026-07-06T20:11:50.234622,2026-07-06T20:11:50.227103+00:00,147.0,48,ask,,,9915034
2026-07-06T20:11:50.977459,2026-07-06T20:11:50.982751+00:00,147.0,100,ask,,,9915043
2026-07-06T20:11:51.434864,2026-07-06T20:11:51.446375+00:00,146.7,3,bid,,,9915044
2026-07-06T20:11:52.066319,2026-07-06T20:11:52.078581+00:00,146.7,50,bid,,,9915055
2026-07-06T20:11:54.086955,2026-07-06T20:11:54.159405+00:00,146.7,97,bid,,,9915087
2026-07-06T20:11:54.174107,2026-07-06T20:11:54.180873+00:00,146.9,8,bid,,,9915088
2026-07-06T20:11:54.185089,2026-07-06T20:11:54.188486+00:00,147.3,44,bid,,,9915089
2026-07-06T20:11:55.112248,2026-07-06T20:11:55.120837+00:00,146.8,3,ask,,,9915104
2026-07-06T20:11:56.331513,2026-07-06T20:11:56.385087+00:00,146.8,50,ask,,,9915114
2026-07-06T20:11:56.400537,2026-07-06T20:11:56.458759+00:00,146.9,8,bid,,,9915115
2026-07-06T20:11:56.455387,2026-07-06T20:11:56.464241+00:00,146.8,47,ask,,,9915117
2026-07-06T20:11:57.447526,2026-07-06T20:11:57.417716+00:00,147.0,8,bid,,,9915132
2026-07-06T20:11:57.447526,2026-07-06T20:11:57.463631+00:00,147.1,32,bid,,,9915133
2026-07-06T20:11:58.458196,2026-07-06T20:11:58.470064+00:00,146.8,45,bid,,,9915142
2026-07-06T20:12:00.415671,2026-07-06T20:12:00.458956+00:00,146.8,100,bid,,,9915162
2026-07-06T20:12:00.540982,2026-07-06T20:12:00.559147+00:00,146.6,8,ask,,,9915165
2026-07-06T20:12:00.540982,2026-07-06T20:12:00.559147+00:00,146.3,42,ask,,,9915166
2026-07-06T20:12:00.645505,2026-07-06T20:12:00.663610+00:00,146.8,5,bid,,,9915169
2026-07-06T20:12:02.594129,2026-07-06T20:12:02.658638+00:00,146.9,43,ask,,,9915194
2026-07-06T20:12:02.651054,2026-07-06T20:12:02.658638+00:00,146.9,50,ask,,,9915195
2026-07-06T20:12:03.638278,2026-07-06T20:12:03.663978+00:00,146.9,57,ask,,,9915205
2026-07-06T20:12:04.757985,2026-07-06T20:12:04.769316+00:00,146.6,8,ask,,,9915220
2026-07-06T20:12:04.757985,2026-07-06T20:12:04.769316+00:00,146.4,42,ask,,,9915221
2026-07-06T20:12:05.115030,2026-07-06T20:12:05.124266+00:00,146.8,3,bid,,,9915227
2026-07-06T20:12:05.505806,2026-07-06T20:12:05.558976+00:00,146.8,44,bid,,,9915234
2026-07-06T20:12:06.477293,2026-07-06T20:12:06.490587+00:00,146.8,11,bid,,,9915245
2026-07-06T20:12:06.788339,2026-07-06T20:12:06.792705+00:00,146.8,8,bid,,,9915255
2026-07-06T20:12:06.865733,2026-07-06T20:12:06.869169+00:00,146.7,50,ask,,,9915257
2026-07-06T20:12:07.502789,2026-07-06T20:12:07.508482+00:00,146.7,40,ask,,,9915263
2026-07-06T20:12:08.985976,2026-07-06T20:12:08.992290+00:00,146.7,10,ask,,,9915279
2026-07-06T20:12:08.985976,2026-07-06T20:12:08.992290+00:00,146.7,40,ask,,,9915280
2026-07-06T20:12:09.028716,2026-07-06T20:12:08.992290+00:00,147.1,8,bid,,,9915281
2026-07-06T20:12:09.028716,2026-07-06T20:12:09.079519+00:00,147.2,38,bid,,,9915282
2026-07-06T20:12:11.095951,2026-07-06T20:12:11.179068+00:00,146.6,8,ask,,,9915310
2026-07-06T20:12:11.095951,2026-07-06T20:12:11.179068+00:00,146.5,42,ask,,,9915311
2026-07-06T20:12:12.465360,2026-07-06T20:12:12.471862+00:00,146.5,45,ask,,,9915333
2026-07-06T20:12:12.969841,2026-07-06T20:12:12.975929+00:00,147.0,44,bid,,,9915338
2026-07-06T20:12:13.030632,2026-07-06T20:12:13.028475+00:00,146.5,44,ask,,,9915339
2026-07-06T20:12:13.203220,2026-07-06T20:12:13.258538+00:00,146.5,50,ask,,,9915341
2026-07-06T20:12:13.557019,2026-07-06T20:12:13.563664+00:00,146.5,8,ask,,,9915345
2026-07-06T20:12:13.570609,2026-07-06T20:12:13.579594+00:00,146.5,12,bid,,,9915346
2026-07-06T20:12:14.493696,2026-07-06T20:12:14.504318+00:00,146.5,11,bid,,,9915363
2026-07-06T20:12:14.616980,2026-07-06T20:12:14.663718+00:00,146.5,41,bid,,,9915365
2026-07-06T20:12:15.314044,2026-07-06T20:12:15.324122+00:00,146.4,8,ask,,,9915376
2026-07-06T20:12:15.314044,2026-07-06T20:12:15.324122+00:00,146.1,42,ask,,,9915377
2026-07-06T20:12:15.958284,2026-07-06T20:12:15.964197+00:00,146.5,40,bid,,,9915392
2026-07-06T20:12:16.938857,2026-07-06T20:12:16.950472+00:00,146.6,8,ask,,,9915400
2026-07-06T20:12:17.434678,2026-07-06T20:12:17.480232+00:00,146.5,50,ask,,,9915407
2026-07-06T20:12:17.948979,2026-07-06T20:12:17.964031+00:00,146.5,47,ask,,,9915414
2026-07-06T20:12:18.270506,2026-07-06T20:12:18.280101+00:00,146.5,3,ask,,,9915422
2026-07-06T20:12:19.460291,2026-07-06T20:12:19.569625+00:00,146.5,50,ask,,,9915435
2026-07-06T20:12:19.460291,2026-07-06T20:12:19.569625+00:00,146.5,8,ask,,,9915436
2026-07-06T20:12:19.542912,2026-07-06T20:12:19.569625+00:00,146.0,50,ask,,,9915440
2026-07-06T20:12:19.762008,2026-07-06T20:12:19.863872+00:00,146.5,42,bid,,,9915449
2026-07-06T20:12:19.966348,2026-07-06T20:12:20.060180+00:00,146.2,23,bid,,,9915456
2026-07-06T20:12:20.320666,2026-07-06T20:12:20.468461+00:00,146.2,49,bid,,,9915461
2026-07-06T20:12:21.624731,2026-07-06T20:12:21.764358+00:00,146.2,50,bid,,,9915479
2026-07-06T20:12:21.683338,2026-07-06T20:12:21.764358+00:00,146.2,11,bid,,,9915480
2026-07-06T20:12:22.570412,2026-07-06T20:12:22.862397+00:00,146.2,17,bid,,,9915497
2026-07-06T20:12:22.999890,2026-07-06T20:12:23.063610+00:00,146.3,8,ask,,,9915507
2026-07-06T20:12:22.999890,2026-07-06T20:12:23.063610+00:00,146.2,32,ask,,,9915508
2026-07-06T20:12:23.161748,2026-07-06T20:12:23.366786+00:00,146.4,11,ask,,,9915509
2026-07-06T20:12:23.782706,2026-07-06T20:12:23.958833+00:00,146.5,8,ask,,,9915521
2026-07-06T20:12:23.782706,2026-07-06T20:12:23.958833+00:00,146.4,42,ask,,,9915522
2026-07-06T20:12:25.918724,2026-07-06T20:12:25.920150+00:00,146.4,50,ask,,,9915550
2026-07-06T20:12:27.974596,2026-07-06T20:12:27.984503+00:00,146.6,50,bid,,,9915576
2026-07-06T20:12:29.704674,2026-07-06T20:12:29.675236+00:00,146.2,49,ask,,,9915603
2026-07-06T20:12:30.150290,2026-07-06T20:12:30.160720+00:00,146.2,50,ask,,,9915612
2026-07-06T20:12:31.832671,2026-07-06T20:12:31.763987+00:00,146.2,1,ask,,,9915629
2026-07-06T20:12:31.832671,2026-07-06T20:12:31.763987+00:00,146.0,39,ask,,,9915630
2026-07-06T20:12:32.207679,2026-07-06T20:12:32.259807+00:00,146.3,50,bid,,,9915638
2026-07-06T20:12:32.761567,2026-07-06T20:12:32.960368+00:00,146.2,22,bid,,,9915649
2026-07-06T20:12:32.938333,2026-07-06T20:12:32.960368+00:00,146.2,46,bid,,,9915651
2026-07-06T20:12:34.313732,2026-07-06T20:12:33.468475+00:00,146.2,50,bid,,,9915668
2026-07-06T20:12:35.217616,2026-07-06T20:12:35.068507+00:00,146.2,32,bid,,,9915681
2026-07-06T20:12:36.164961,2026-07-06T20:12:36.360469+00:00,146.6,34,ask,,,9915698
2026-07-06T20:16:14.827359,2026-07-06T20:16:14.834038+00:00,148.1,8,bid,,,9918502
2026-07-06T20:16:15.197919,2026-07-06T20:16:15.209429+00:00,148.1,47,bid,,,9918507
2026-07-06T20:16:15.971382,2026-07-06T20:16:15.982652+00:00,148.0,50,ask,,,9918517
2026-07-06T20:16:17.653553,2026-07-06T20:16:17.653199+00:00,148.4,47,bid,,,9918542
2026-07-06T20:16:18.078113,2026-07-06T20:16:18.089830+00:00,148.0,50,ask,,,9918555
2026-07-06T20:16:20.185705,2026-07-06T20:16:20.195599+00:00,148.1,50,ask,,,9918577
2026-07-06T20:16:22.291262,2026-07-06T20:16:22.302547+00:00,148.1,50,ask,,,9918602
2026-07-06T20:16:24.410424,2026-07-06T20:16:24.426738+00:00,147.9,8,ask,,,9918622
2026-07-06T20:16:24.410424,2026-07-06T20:16:24.426738+00:00,147.8,42,ask,,,9918623
2026-07-06T20:16:25.198956,2026-07-06T20:16:25.205444+00:00,147.8,44,ask,,,9918637
2026-07-06T20:16:26.518760,2026-07-06T20:16:26.529946+00:00,147.8,50,ask,,,9918649
2026-07-06T20:16:28.648659,2026-07-06T20:16:28.658572+00:00,147.9,8,ask,,,9918678
2026-07-06T20:16:28.648659,2026-07-06T20:16:28.658572+00:00,147.6,42,ask,,,9918679
2026-07-06T20:16:29.443719,2026-07-06T20:16:29.453817+00:00,148.0,12,bid,,,9918696
2026-07-06T20:16:30.757341,2026-07-06T20:16:30.768782+00:00,147.8,8,ask,,,9918708
2026-07-06T20:16:30.757341,2026-07-06T20:16:30.768782+00:00,147.7,42,ask,,,9918709
2026-07-06T20:16:32.598952,2026-07-06T20:16:32.610469+00:00,147.8,8,ask,,,9918731
2026-07-06T20:16:32.642731,2026-07-06T20:16:32.658561+00:00,147.8,42,bid,,,9918732
2026-07-06T20:16:32.866028,2026-07-06T20:16:32.874955+00:00,147.7,50,ask,,,9918740
2026-07-06T20:16:33.504417,2026-07-06T20:16:33.514996+00:00,147.6,8,bid,,,9918748
2026-07-06T20:16:33.636565,2026-07-06T20:16:33.644619+00:00,147.6,34,bid,,,9918751
2026-07-06T20:16:33.766348,2026-07-06T20:16:33.777811+00:00,147.6,3,bid,,,9918754
2026-07-06T20:16:34.877641,2026-07-06T20:16:34.889114+00:00,147.6,47,bid,,,9918769
2026-07-06T20:16:34.920898,2026-07-06T20:16:34.932447+00:00,147.6,50,bid,,,9918770
2026-07-06T20:16:35.712092,2026-07-06T20:16:35.723499+00:00,147.6,8,bid,,,9918776
2026-07-06T20:16:36.069959,2026-07-06T20:16:36.078207+00:00,147.8,8,ask,,,9918781
2026-07-06T20:16:36.148616,2026-07-06T20:16:36.157006+00:00,147.7,3,ask,,,9918785
2026-07-06T20:16:37.397713,2026-07-06T20:16:37.409136+00:00,147.8,8,ask,,,9918794
2026-07-06T20:16:37.397713,2026-07-06T20:16:37.409136+00:00,147.7,39,ask,,,9918795
2026-07-06T20:16:39.108426,2026-07-06T20:16:39.108503+00:00,148.2,43,bid,,,9918814
2026-07-06T20:16:39.185605,2026-07-06T20:16:39.192907+00:00,147.8,8,ask,,,9918816
2026-07-06T20:16:39.185605,2026-07-06T20:16:39.192907+00:00,147.7,42,ask,,,9918817
2026-07-06T20:16:41.294016,2026-07-06T20:16:41.300620+00:00,147.9,8,ask,,,9918840
2026-07-06T20:16:41.294016,2026-07-06T20:16:41.305896+00:00,147.8,42,ask,,,9918841
2026-07-06T20:16:41.890108,2026-07-06T20:16:41.897851+00:00,147.9,8,ask,,,9918849
2026-07-06T20:16:41.970508,2026-07-06T20:16:41.978822+00:00,147.8,4,ask,,,9918854
2026-07-06T20:16:42.009921,2026-07-06T20:16:42.016386+00:00,147.8,45,ask,,,9918857
2026-07-06T20:16:42.090873,2026-07-06T20:16:42.102432+00:00,147.8,59,ask,,,9918859
2026-07-06T20:16:42.520359,2026-07-06T20:16:42.530051+00:00,147.4,12,bid,,,9918865
2026-07-06T20:16:42.660051,2026-07-06T20:16:42.669386+00:00,147.4,3,bid,,,9918869
2026-07-06T20:16:43.402483,2026-07-06T20:16:43.413864+00:00,147.3,8,ask,,,9918884
2026-07-06T20:16:43.402483,2026-07-06T20:16:43.413864+00:00,147.1,42,ask,,,9918885
2026-07-06T20:16:44.632140,2026-07-06T20:16:44.640767+00:00,147.4,34,bid,,,9918901
2026-07-06T20:16:44.723556,2026-07-06T20:16:44.732702+00:00,147.4,2,bid,,,9918903
2026-07-06T20:16:45.201245,2026-07-06T20:16:45.207569+00:00,147.4,99,bid,,,9918907
2026-07-06T20:16:45.259504,2026-07-06T20:16:45.269444+00:00,147.6,1,ask,,,9918908
2026-07-06T20:16:45.649845,2026-07-06T20:16:45.658685+00:00,147.7,22,ask,,,9918915
2026-07-06T20:16:45.747982,2026-07-06T20:16:45.761088+00:00,148.1,45,bid,,,9918920
2026-07-06T20:16:45.943991,2026-07-06T20:16:45.952190+00:00,147.7,11,ask,,,9918925
2026-07-06T20:16:47.265695,2026-07-06T20:16:47.274305+00:00,147.7,12,ask,,,9918949
2026-07-06T20:16:47.285002,2026-07-06T20:16:47.294686+00:00,147.7,47,ask,,,9918951
2026-07-06T20:16:47.563390,2026-07-06T20:16:47.574640+00:00,148.1,50,bid,,,9918955
2026-07-06T20:16:49.088438,2026-07-06T20:16:49.099349+00:00,147.4,49,ask,,,9918971
2026-07-06T20:16:50.526367,2026-07-06T20:16:50.535691+00:00,147.6,44,bid,,,9918984
2026-07-06T20:16:51.725938,2026-07-06T20:16:51.737387+00:00,147.6,49,bid,,,9918994
2026-07-06T20:16:53.877565,2026-07-06T20:16:53.889034+00:00,147.8,50,bid,,,9919026
2026-07-06T20:16:55.984124,2026-07-06T20:16:55.995508+00:00,148.1,8,bid,,,9919058
2026-07-06T20:16:55.984124,2026-07-06T20:16:55.995508+00:00,148.2,42,bid,,,9919059
2026-07-06T20:16:58.143406,2026-07-06T20:16:58.149631+00:00,147.7,50,ask,,,9919082
2026-07-06T20:16:59.196891,2026-07-06T20:16:59.208365+00:00,147.6,8,ask,,,9919090
2026-07-06T20:16:59.196891,2026-07-06T20:16:59.208365+00:00,147.5,39,ask,,,9919091
2026-07-06T20:17:00.251690,2026-07-06T20:17:00.263656+00:00,147.5,50,ask,,,9919099
2026-07-06T20:17:00.383022,2026-07-06T20:17:00.390875+00:00,147.7,12,bid,,,9919104
2026-07-06T20:17:00.594230,2026-07-06T20:17:00.605598+00:00,147.7,49,bid,,,9919109
2026-07-06T20:17:01.696514,2026-07-06T20:17:01.708161+00:00,147.8,23,ask,,,9919129
2026-07-06T20:17:02.359377,2026-07-06T20:17:02.370815+00:00,147.8,50,ask,,,9919135
2026-07-06T20:17:04.226117,2026-07-06T20:17:04.237398+00:00,147.8,77,ask,,,9919157
2026-07-06T20:17:04.467225,2026-07-06T20:17:04.478638+00:00,147.3,50,ask,,,9919162
2026-07-06T20:17:04.717401,2026-07-06T20:17:04.734881+00:00,147.4,49,bid,,,9919166
2026-07-06T20:17:04.725733,2026-07-06T20:17:04.734881+00:00,147.4,23,bid,,,9919168
2026-07-06T20:17:06.522841,2026-07-06T20:17:06.534223+00:00,147.4,50,bid,,,9919196
2026-07-06T20:17:06.778241,2026-07-06T20:17:06.785771+00:00,147.3,42,ask,,,9919198
2026-07-06T20:17:08.630210,2026-07-06T20:17:08.641675+00:00,147.7,50,bid,,,9919223
2026-07-06T20:17:10.740347,2026-07-06T20:17:10.764170+00:00,147.8,50,bid,,,9919251
2026-07-06T20:17:12.230828,2026-07-06T20:17:12.238841+00:00,147.6,12,ask,,,9919270
2026-07-06T20:17:12.579179,2026-07-06T20:17:12.590449+00:00,147.6,40,ask,,,9919277
2026-07-06T20:17:13.187565,2026-07-06T20:17:13.199218+00:00,147.6,43,ask,,,9919291
2026-07-06T20:17:13.667628,2026-07-06T20:17:13.674214+00:00,147.6,49,ask,,,9919296
2026-07-06T20:17:14.202913,2026-07-06T20:17:14.209727+00:00,147.5,100,ask,,,9919306
2026-07-06T20:17:14.216140,2026-07-06T20:17:14.224711+00:00,147.5,12,bid,,,9919307
2026-07-06T20:17:14.683874,2026-07-06T20:17:14.692929+00:00,147.5,38,bid,,,9919311
2026-07-06T20:17:14.683874,2026-07-06T20:17:14.692929+00:00,148.0,5,bid,,,9919312
2026-07-06T20:17:14.952714,2026-07-06T20:17:14.964456+00:00,148.0,50,bid,,,9919313
2026-07-06T20:17:16.325539,2026-07-06T20:17:16.336958+00:00,148.0,45,bid,,,9919331
2026-07-06T20:17:16.325539,2026-07-06T20:17:16.336958+00:00,148.0,1,bid,,,9919332
2026-07-06T20:17:18.759634,2026-07-06T20:17:18.769513+00:00,147.6,1,ask,,,9919364
2026-07-06T20:17:18.759634,2026-07-06T20:17:18.769513+00:00,147.6,22,ask,,,9919365
2026-07-06T20:17:19.175027,2026-07-06T20:17:19.184336+00:00,148.0,50,bid,,,9919372
2026-07-06T20:17:21.345198,2026-07-06T20:17:21.358581+00:00,147.4,50,ask,,,9919406
2026-07-06T20:17:23.450737,2026-07-06T20:17:23.456930+00:00,147.4,50,ask,,,9919432
2026-07-06T20:17:25.558406,2026-07-06T20:17:25.569775+00:00,147.4,50,ask,,,9919460
2026-07-06T20:17:26.687491,2026-07-06T20:17:26.698797+00:00,147.3,47,ask,,,9919470
2026-07-06T20:17:26.859679,2026-07-06T20:17:26.867299+00:00,147.6,11,bid,,,9919471
2026-07-06T20:17:27.664840,2026-07-06T20:17:27.672708+00:00,147.3,50,ask,,,9919480
2026-07-06T20:17:29.637470,2026-07-06T20:17:29.644457+00:00,147.5,41,bid,,,9919517
2026-07-06T20:17:29.785923,2026-07-06T20:17:29.796023+00:00,147.1,50,ask,,,9919521
2026-07-06T20:17:30.018489,2026-07-06T20:17:30.027867+00:00,147.3,12,bid,,,9919527
2026-07-06T20:17:30.560693,2026-07-06T20:17:30.568487+00:00,147.3,11,bid,,,9919535
2026-07-06T20:17:31.178977,2026-07-06T20:17:31.190520+00:00,147.3,46,bid,,,9919544
2026-07-06T20:17:31.782000,2026-07-06T20:17:31.790655+00:00,147.3,11,bid,,,9919551
2026-07-06T20:17:31.840773,2026-07-06T20:17:31.851457+00:00,147.3,50,bid,,,9919554
2026-07-06T20:17:31.899384,2026-07-06T20:17:31.907189+00:00,147.3,12,bid,,,9919558
2026-07-06T20:17:32.204015,2026-07-06T20:17:32.210858+00:00,147.3,8,bid,,,9919566
2026-07-06T20:17:32.660109,2026-07-06T20:17:32.670986+00:00,147.4,12,ask,,,9919570
2026-07-06T20:17:32.809434,2026-07-06T20:17:32.817798+00:00,147.4,11,ask,,,9919576
2026-07-06T20:17:32.987811,2026-07-06T20:17:32.996247+00:00,147.4,23,ask,,,9919578
2026-07-06T20:17:34.934488,2026-07-06T20:17:34.945928+00:00,147.4,40,ask,,,9919616
2026-07-06T20:17:36.058260,2026-07-06T20:17:36.069909+00:00,147.4,50,bid,,,9919629
2026-07-06T20:17:36.276348,2026-07-06T20:17:36.287606+00:00,147.4,50,bid,,,9919630
2026-07-06T20:17:38.216755,2026-07-06T20:17:38.227986+00:00,147.4,50,ask,,,9919653
2026-07-06T20:17:38.934547,2026-07-06T20:17:38.968684+00:00,147.4,47,ask,,,9919670
2026-07-06T20:17:39.449010,2026-07-06T20:17:39.463625+00:00,147.6,46,bid,,,9919678
2026-07-06T20:17:39.510817,2026-07-06T20:17:39.519304+00:00,147.2,12,bid,,,9919680
2026-07-06T20:17:40.323559,2026-07-06T20:17:40.334916+00:00,147.1,50,ask,,,9919698
2026-07-06T20:17:40.445556,2026-07-06T20:17:40.463632+00:00,147.1,46,ask,,,9919699
2026-07-06T20:17:40.938389,2026-07-06T20:17:40.964096+00:00,147.1,4,ask,,,9919705
2026-07-06T20:17:42.679730,2026-07-06T20:17:42.688308+00:00,147.2,11,bid,,,9919731
2026-07-06T20:17:44.019396,2026-07-06T20:17:44.058579+00:00,147.2,45,bid,,,9919745
2026-07-06T20:17:44.483281,2026-07-06T20:17:44.494621+00:00,147.2,50,bid,,,9919750
2026-07-06T20:17:46.648522,2026-07-06T20:17:46.663636+00:00,147.1,50,ask,,,9919776
2026-07-06T20:17:47.067729,2026-07-06T20:17:47.079043+00:00,147.4,49,bid,,,9919784
2026-07-06T20:17:47.122765,2026-07-06T20:17:47.163674+00:00,147.1,42,ask,,,9919785
2026-07-06T20:17:48.704322,2026-07-06T20:17:48.715994+00:00,147.6,50,bid,,,9919805
2026-07-06T20:17:50.811749,2026-07-06T20:17:50.823080+00:00,147.5,50,bid,,,9919836
2026-07-06T20:17:51.216148,2026-07-06T20:17:51.227568+00:00,147.1,43,ask,,,9919841
2026-07-06T20:17:52.919639,2026-07-06T20:17:52.958964+00:00,147.6,50,bid,,,9919862
2026-07-06T20:17:54.189433,2026-07-06T20:17:54.197780+00:00,147.4,11,ask,,,9919879
2026-07-06T20:17:55.078449,2026-07-06T20:17:55.089707+00:00,147.4,50,ask,,,9919883
2026-07-06T20:17:55.767451,2026-07-06T20:17:55.778904+00:00,147.5,47,bid,,,9919898
2026-07-06T20:17:57.191783,2026-07-06T20:17:57.201260+00:00,147.2,50,ask,,,9919915
2026-07-06T20:17:59.296615,2026-07-06T20:17:59.307931+00:00,147.3,50,ask,,,9919942
2026-07-06T20:18:01.619631,2026-07-06T20:18:01.627410+00:00,147.1,49,ask,,,9919987
2026-07-06T20:18:01.663338,2026-07-06T20:18:01.674700+00:00,147.1,51,ask,,,9919989
2026-07-06T20:18:03.508775,2026-07-06T20:18:03.520229+00:00,146.6,50,ask,,,9920006
2026-07-06T20:18:04.462418,2026-07-06T20:18:04.469807+00:00,147.1,11,bid,,,9920018
2026-07-06T20:18:04.575550,2026-07-06T20:18:04.586884+00:00,147.1,49,bid,,,9920023
2026-07-06T20:18:05.615981,2026-07-06T20:18:05.627317+00:00,147.0,50,ask,,,9920033
2026-07-06T20:18:06.045012,2026-07-06T20:18:06.058590+00:00,147.1,45,bid,,,9920037
2026-07-06T20:18:06.613889,2026-07-06T20:18:06.625051+00:00,147.0,42,ask,,,9920044
2026-07-06T20:18:07.122223,2026-07-06T20:18:07.133658+00:00,147.0,44,ask,,,9920053
2026-07-06T20:18:07.672391,2026-07-06T20:18:07.683418+00:00,147.1,50,bid,,,9920057
2026-07-06T20:18:11.257117,2026-07-06T20:18:11.258581+00:00,147.0,42,bid,,,9920108
2026-07-06T20:18:11.758261,2026-07-06T20:18:11.769566+00:00,146.8,42,ask,,,9920115
2026-07-06T20:18:13.986461,2026-07-06T20:18:13.997917+00:00,147.0,50,bid,,,9920141
2026-07-06T20:18:18.230134,2026-07-06T20:18:18.240740+00:00,147.3,48,bid,,,9920188
2026-07-06T20:18:18.263578,2026-07-06T20:18:18.272824+00:00,147.0,50,ask,,,9920189
2026-07-06T20:18:20.369548,2026-07-06T20:18:20.376154+00:00,147.0,50,ask,,,9920211
2026-07-06T20:18:21.382795,2026-07-06T20:18:21.394202+00:00,146.9,46,ask,,,9920223
2026-07-06T20:18:22.011034,2026-07-06T20:18:22.063974+00:00,147.0,49,bid,,,9920233
2026-07-06T20:18:22.476507,2026-07-06T20:18:22.482688+00:00,146.9,50,ask,,,9920238
2026-07-06T20:18:22.636688,2026-07-06T20:18:22.669277+00:00,147.0,47,bid,,,9920239
2026-07-06T20:18:24.583857,2026-07-06T20:18:24.595540+00:00,146.8,50,ask,,,9920263
2026-07-06T20:18:25.997572,2026-07-06T20:18:26.009050+00:00,146.8,49,ask,,,9920275
2026-07-06T20:18:26.690796,2026-07-06T20:18:26.702035+00:00,146.8,50,ask,,,9920283
2026-07-06T20:18:26.973664,2026-07-06T20:18:26.982722+00:00,146.8,11,bid,,,9920286
2026-07-06T20:18:27.044908,2026-07-06T20:18:27.063871+00:00,146.5,41,ask,,,9920290
2026-07-06T20:18:28.679754,2026-07-06T20:18:28.688607+00:00,146.8,12,bid,,,9920321
2026-07-06T20:18:28.798044,2026-07-06T20:18:28.809166+00:00,146.5,50,ask,,,9920325
2026-07-06T20:18:29.893466,2026-07-06T20:18:29.902262+00:00,146.8,11,bid,,,9920338
2026-07-06T20:18:30.853341,2026-07-06T20:18:30.864928+00:00,146.8,50,bid,,,9920350
2026-07-06T20:18:31.820701,2026-07-06T20:18:31.828025+00:00,146.8,42,bid,,,9920362
2026-07-06T20:18:32.973158,2026-07-06T20:18:32.984471+00:00,147.0,50,bid,,,9920374
2026-07-06T20:18:35.987838,2026-07-06T20:18:35.994154+00:00,146.7,42,ask,,,9920404
2026-07-06T20:18:37.586067,2026-07-06T20:18:37.605307+00:00,147.0,49,bid,,,9920425
2026-07-06T20:18:38.044201,2026-07-06T20:18:38.063649+00:00,147.0,47,bid,,,9920432
2026-07-06T20:18:39.387663,2026-07-06T20:18:39.394842+00:00,146.7,50,ask,,,9920451
2026-07-06T20:18:39.559440,2026-07-06T20:18:39.567208+00:00,147.0,11,ask,,,9920455
2026-07-06T20:18:41.424385,2026-07-06T20:18:41.432852+00:00,147.0,12,ask,,,9920484
2026-07-06T20:18:41.493883,2026-07-06T20:18:41.501776+00:00,147.0,50,ask,,,9920486
2026-07-06T20:18:42.216331,2026-07-06T20:18:42.226409+00:00,147.0,41,ask,,,9920494
2026-07-06T20:18:42.360892,2026-07-06T20:18:42.368857+00:00,147.0,36,ask,,,9920495
2026-07-06T20:18:42.776292,2026-07-06T20:18:42.785612+00:00,146.8,12,bid,,,9920502
2026-07-06T20:18:43.550122,2026-07-06T20:18:43.558602+00:00,146.8,50,bid,,,9920511
2026-07-06T20:18:44.434547,2026-07-06T20:18:44.442436+00:00,146.8,11,bid,,,9920525
2026-07-06T20:18:45.688030,2026-07-06T20:18:45.699250+00:00,146.8,50,bid,,,9920539
2026-07-06T20:18:46.169251,2026-07-06T20:18:46.180703+00:00,146.6,49,ask,,,9920545
2026-07-06T20:18:48.725413,2026-07-06T20:18:48.736685+00:00,147.1,42,bid,,,9920574
2026-07-06T20:18:50.839751,2026-07-06T20:18:50.851089+00:00,147.0,43,bid,,,9920594
2026-07-06T20:18:54.111382,2026-07-06T20:18:54.117964+00:00,147.1,50,bid,,,9920632
2026-07-06T20:18:56.540745,2026-07-06T20:18:56.548911+00:00,146.8,11,ask,,,9920664
2026-07-06T20:18:57.701807,2026-07-06T20:18:57.758856+00:00,146.8,43,ask,,,9920674
2026-07-06T20:18:58.374125,2026-07-06T20:18:58.385391+00:00,146.7,50,ask,,,9920688
2026-07-06T20:18:59.601886,2026-07-06T20:18:59.606679+00:00,146.9,40,bid,,,9920704
2026-07-06T20:19:00.111715,2026-07-06T20:19:00.123142+00:00,146.5,43,ask,,,9920710
2026-07-06T20:19:00.480172,2026-07-06T20:19:00.491696+00:00,146.5,50,ask,,,9920717
2026-07-06T20:19:01.896737,2026-07-06T20:19:01.905159+00:00,146.5,45,ask,,,9920741
2026-07-06T20:19:02.587874,2026-07-06T20:19:02.597558+00:00,146.5,50,ask,,,9920749
2026-07-06T20:19:04.692988,2026-07-06T20:19:04.704309+00:00,146.5,50,ask,,,9920783
2026-07-06T20:19:04.928525,2026-07-06T20:19:04.937174+00:00,146.4,17,bid,,,9920791
2026-07-06T20:19:06.533928,2026-07-06T20:19:06.564156+00:00,146.4,40,bid,,,9920808
2026-07-06T20:19:06.748601,2026-07-06T20:19:06.756687+00:00,146.4,50,bid,,,9920813
2026-07-06T20:19:08.854288,2026-07-06T20:19:08.857525+00:00,146.7,50,bid,,,9920842
2026-07-06T20:19:09.336628,2026-07-06T20:19:09.358567+00:00,146.4,42,ask,,,9920852
2026-07-06T20:19:11.011837,2026-07-06T20:19:11.023314+00:00,146.4,50,ask,,,9920866
2026-07-06T20:19:11.993207,2026-07-06T20:19:12.004461+00:00,146.6,47,bid,,,9920875
2026-07-06T20:19:13.071868,2026-07-06T20:19:13.081972+00:00,146.6,50,bid,,,9920886
2026-07-06T20:19:13.553389,2026-07-06T20:19:13.564802+00:00,146.4,40,ask,,,9920891
2026-07-06T20:19:15.176567,2026-07-06T20:19:15.188124+00:00,146.7,50,bid,,,9920905
2026-07-06T20:19:17.283514,2026-07-06T20:19:17.294936+00:00,146.9,50,bid,,,9920939
2026-07-06T20:19:18.352483,2026-07-06T20:19:18.363804+00:00,147.0,44,bid,,,9920946
2026-07-06T20:19:19.391916,2026-07-06T20:19:19.403172+00:00,147.0,50,bid,,,9920957
2026-07-06T20:19:19.571994,2026-07-06T20:19:19.582599+00:00,147.0,6,bid,,,9920959
2026-07-06T20:19:19.571994,2026-07-06T20:19:19.582599+00:00,147.2,37,bid,,,9920960
2026-07-06T20:19:20.359647,2026-07-06T20:19:20.368220+00:00,146.9,6,ask,,,9920969
2026-07-06T20:19:20.676384,2026-07-06T20:19:20.688851+00:00,146.9,49,ask,,,9920973
2026-07-06T20:19:20.773579,2026-07-06T20:19:20.782399+00:00,146.9,23,ask,,,9920975
2026-07-06T20:19:21.498572,2026-07-06T20:19:21.509747+00:00,147.4,50,bid,,,9920989
2026-07-06T20:19:23.605076,2026-07-06T20:19:23.616425+00:00,147.3,50,bid,,,9921015
2026-07-06T20:19:24.673766,2026-07-06T20:19:24.683390+00:00,146.9,44,ask,,,9921037
2026-07-06T20:19:25.709645,2026-07-06T20:19:25.720846+00:00,147.3,50,bid,,,9921051
2026-07-06T20:19:26.687225,2026-07-06T20:19:26.697133+00:00,147.3,11,ask,,,9921067
2026-07-06T20:19:27.816858,2026-07-06T20:19:27.826826+00:00,147.4,50,bid,,,9921084
2026-07-06T20:19:29.291474,2026-07-06T20:19:29.303147+00:00,147.3,48,ask,,,9921104
2026-07-06T20:19:29.923313,2026-07-06T20:19:29.934930+00:00,147.4,50,bid,,,9921113
2026-07-06T20:19:30.170236,2026-07-06T20:19:30.181801+00:00,147.5,100,bid,,,9921117
2026-07-06T20:19:30.259696,2026-07-06T20:19:30.268882+00:00,147.5,11,ask,,,9921118
2026-07-06T20:19:31.601080,2026-07-06T20:19:31.608641+00:00,147.5,12,ask,,,9921141
2026-07-06T20:19:33.293986,2026-07-06T20:19:33.305264+00:00,147.8,48,bid,,,9921162
2026-07-06T20:19:33.405737,2026-07-06T20:19:33.417328+00:00,147.3,100,ask,,,9921165
2026-07-06T20:19:33.881290,2026-07-06T20:19:33.888993+00:00,147.3,12,bid,,,9921168
2026-07-06T20:19:34.179555,2026-07-06T20:19:34.191078+00:00,147.3,38,bid,,,9921172
2026-07-06T20:19:34.179555,2026-07-06T20:19:34.191078+00:00,147.8,12,bid,,,9921173
2026-07-06T20:19:35.387248,2026-07-06T20:19:35.398891+00:00,147.8,40,bid,,,9921190
2026-07-06T20:19:35.387248,2026-07-06T20:19:35.398891+00:00,147.8,1,bid,,,9921191
2026-07-06T20:19:36.354048,2026-07-06T20:19:36.365322+00:00,147.5,50,ask,,,9921202
2026-07-06T20:19:36.847695,2026-07-06T20:19:36.854072+00:00,147.6,41,ask,,,9921204
2026-07-06T20:19:37.908715,2026-07-06T20:19:37.919984+00:00,147.9,8,bid,,,9921219
2026-07-06T20:19:37.908715,2026-07-06T20:19:37.919984+00:00,148.0,38,bid,,,9921220
2026-07-06T20:19:38.409909,2026-07-06T20:19:38.418248+00:00,148.0,50,bid,,,9921230
2026-07-06T20:19:39.332976,2026-07-06T20:19:39.341687+00:00,147.7,12,ask,,,9921247
2026-07-06T20:19:40.435381,2026-07-06T20:19:40.444610+00:00,147.7,37,ask,,,9921268
2026-07-06T20:19:40.526533,2026-07-06T20:19:40.537845+00:00,147.7,48,ask,,,9921271
2026-07-06T20:19:42.534558,2026-07-06T20:19:42.546116+00:00,147.5,100,ask,,,9921309
2026-07-06T20:19:42.677822,2026-07-06T20:19:42.689174+00:00,147.5,50,ask,,,9921311
2026-07-06T20:19:42.890750,2026-07-06T20:19:42.902060+00:00,147.2,8,ask,,,9921312
2026-07-06T20:19:42.890750,2026-07-06T20:19:42.902060+00:00,146.9,100,ask,,,9921313
2026-07-06T20:19:42.903502,2026-07-06T20:19:42.910811+00:00,146.9,42,bid,,,9921315
2026-07-06T20:19:44.641398,2026-07-06T20:19:44.658543+00:00,147.7,8,bid,,,9921336
2026-07-06T20:19:46.226536,2026-07-06T20:19:46.237978+00:00,147.7,48,bid,,,9921351
2026-07-06T20:19:46.282413,2026-07-06T20:19:46.293955+00:00,147.3,7,ask,,,9921353
2026-07-06T20:19:46.282413,2026-07-06T20:19:46.293955+00:00,147.2,42,ask,,,9921354
2026-07-06T20:19:46.889433,2026-07-06T20:19:46.900866+00:00,147.2,50,ask,,,9921367
2026-07-06T20:19:47.366989,2026-07-06T20:19:47.374210+00:00,147.2,8,ask,,,9921372
2026-07-06T20:19:47.366989,2026-07-06T20:19:47.379359+00:00,147.2,39,ask,,,9921373
2026-07-06T20:19:49.020476,2026-07-06T20:19:49.027480+00:00,147.2,50,ask,,,9921389
2026-07-06T20:19:49.647281,2026-07-06T20:19:49.655938+00:00,147.3,18,bid,,,9921406
2026-07-06T20:19:50.063227,2026-07-06T20:19:50.071076+00:00,147.3,2,bid,,,9921411
2026-07-06T20:19:50.969946,2026-07-06T20:19:50.977346+00:00,147.3,11,bid,,,9921422
2026-07-06T20:19:51.126430,2026-07-06T20:19:51.137810+00:00,147.0,50,ask,,,9921424
2026-07-06T20:19:53.242006,2026-07-06T20:19:53.247980+00:00,147.2,50,ask,,,9921443
2026-07-06T20:19:54.350080,2026-07-06T20:19:54.361799+00:00,147.6,42,bid,,,9921461
2026-07-06T20:19:55.349493,2026-07-06T20:19:55.355652+00:00,147.3,50,ask,,,9921472
2026-07-06T20:19:57.456136,2026-07-06T20:19:57.467751+00:00,147.3,50,ask,,,9921506
2026-07-06T20:19:59.563657,2026-07-06T20:19:59.575276+00:00,147.2,50,ask,,,9921541
2026-07-06T20:20:01.920192,2026-07-06T20:20:01.930263+00:00,147.4,12,bid,,,9921577
2026-07-06T20:20:03.782001,2026-07-06T20:20:03.793515+00:00,147.1,50,ask,,,9921593
2026-07-06T20:20:05.888855,2026-07-06T20:20:05.897174+00:00,147.0,50,ask,,,9921613
2026-07-06T20:20:07.184315,2026-07-06T20:20:07.195256+00:00,147.4,48,bid,,,9921626
2026-07-06T20:20:07.870179,2026-07-06T20:20:07.880108+00:00,147.3,11,bid,,,9921637
2026-07-06T20:20:08.731447,2026-07-06T20:20:08.743078+00:00,147.1,47,ask,,,9921647
2026-07-06T20:20:10.100137,2026-07-06T20:20:10.111493+00:00,147.1,50,ask,,,9921659
2026-07-06T20:20:11.438200,2026-07-06T20:20:11.443830+00:00,147.1,6,bid,,,9921675
2026-07-06T20:20:12.155722,2026-07-06T20:20:12.166858+00:00,147.1,50,bid,,,9921689
2026-07-06T20:20:14.261654,2026-07-06T20:20:14.273342+00:00,147.0,50,bid,,,9921709
2026-07-06T20:20:16.372481,2026-07-06T20:20:16.379887+00:00,147.0,50,bid,,,9921740
2026-07-06T20:20:16.464611,2026-07-06T20:20:16.475165+00:00,147.1,47,bid,,,9921742
2026-07-06T20:20:18.053200,2026-07-06T20:20:18.058569+00:00,147.3,49,bid,,,9921767
2026-07-06T20:20:18.108777,2026-07-06T20:20:18.120090+00:00,146.9,47,ask,,,9921768
2026-07-06T20:20:18.482585,2026-07-06T20:20:18.493201+00:00,147.3,50,bid,,,9921772
2026-07-06T20:20:20.109314,2026-07-06T20:20:20.120671+00:00,146.9,40,ask,,,9921792
2026-07-06T20:20:20.588008,2026-07-06T20:20:20.599237+00:00,147.0,50,bid,,,9921796
2026-07-06T20:20:20.864903,2026-07-06T20:20:20.876091+00:00,147.0,50,bid,,,9921800
2026-07-06T20:20:20.877218,2026-07-06T20:20:20.884540+00:00,147.2,17,ask,,,9921801
2026-07-06T20:20:22.166340,2026-07-06T20:20:22.177600+00:00,147.2,43,ask,,,9921824
2026-07-06T20:20:22.696303,2026-07-06T20:20:22.763632+00:00,147.7,50,bid,,,9921835
2026-07-06T20:20:24.311301,2026-07-06T20:20:24.322771+00:00,147.4,44,bid,,,9921859
2026-07-06T20:20:24.805747,2026-07-06T20:20:24.812413+00:00,147.4,50,bid,,,9921866
2026-07-06T20:20:26.911446,2026-07-06T20:20:26.922624+00:00,147.5,50,bid,,,9921887
2026-07-06T20:20:28.060069,2026-07-06T20:20:28.071793+00:00,147.8,42,bid,,,9921897
2026-07-06T20:20:29.016877,2026-07-06T20:20:29.028421+00:00,147.8,50,bid,,,9921905
2026-07-06T20:20:29.977493,2026-07-06T20:20:29.988206+00:00,147.6,34,ask,,,9921917
2026-07-06T20:20:31.174449,2026-07-06T20:20:31.185702+00:00,147.6,50,ask,,,9921941
2026-07-06T20:20:33.283303,2026-07-06T20:20:33.294640+00:00,147.5,50,ask,,,9921976
2026-07-06T20:20:35.352958,2026-07-06T20:20:35.350811+00:00,147.7,50,bid,,,9922001
2026-07-06T20:20:39.031486,2026-07-06T20:20:39.058588+00:00,147.4,40,ask,,,9922049
2026-07-06T20:20:39.635546,2026-07-06T20:20:39.663896+00:00,147.8,48,bid,,,9922056
2026-07-06T20:20:40.716057,2026-07-06T20:20:40.727513+00:00,147.3,46,ask,,,9922075
2026-07-06T20:20:41.668322,2026-07-06T20:20:41.680692+00:00,147.8,50,bid,,,9922090
2026-07-06T20:20:43.775701,2026-07-06T20:20:43.786894+00:00,147.6,50,bid,,,9922115
2026-07-06T20:20:45.902533,2026-07-06T20:20:45.910298+00:00,147.9,50,bid,,,9922149
2026-07-06T20:20:46.446511,2026-07-06T20:20:46.452736+00:00,148.0,46,bid,,,9922159
2026-07-06T20:20:46.620641,2026-07-06T20:20:46.628007+00:00,147.7,12,ask,,,9922161
2026-07-06T20:20:48.009222,2026-07-06T20:20:48.020724+00:00,148.0,50,bid,,,9922176
2026-07-06T20:20:49.917076,2026-07-06T20:20:49.925053+00:00,147.8,11,ask,,,9922208
2026-07-06T20:20:50.257611,2026-07-06T20:20:50.268657+00:00,147.8,48,ask,,,9922216
2026-07-06T20:20:51.352103,2026-07-06T20:20:51.357472+00:00,147.8,41,ask,,,9922229
2026-07-06T20:20:51.352103,2026-07-06T20:20:51.357472+00:00,147.7,4,ask,,,9922230
2026-07-06T20:20:52.297746,2026-07-06T20:20:52.309210+00:00,147.7,50,ask,,,9922242
2026-07-06T20:20:55.754985,2026-07-06T20:20:55.763832+00:00,147.7,41,bid,,,9922287
2026-07-06T20:20:56.246687,2026-07-06T20:20:56.258584+00:00,147.7,41,bid,,,9922289
2026-07-06T20:20:56.523239,2026-07-06T20:20:56.534530+00:00,147.3,50,ask,,,9922298
2026-07-06T20:20:57.243907,2026-07-06T20:20:57.263845+00:00,147.3,47,ask,,,9922307
2026-07-06T20:20:58.662714,2026-07-06T20:20:58.674261+00:00,147.4,50,ask,,,9922325
2026-07-06T20:20:58.873034,2026-07-06T20:20:58.884564+00:00,147.8,8,bid,,,9922330
2026-07-06T20:20:58.873034,2026-07-06T20:20:58.884564+00:00,147.9,40,bid,,,9922331
2026-07-06T20:20:58.879477,2026-07-06T20:20:58.889798+00:00,147.4,50,ask,,,9922332
2026-07-06T20:20:58.890930,2026-07-06T20:20:58.900358+00:00,147.3,23,bid,,,9922333
2026-07-06T20:21:00.484868,2026-07-06T20:21:00.496389+00:00,147.3,40,bid,,,9922361
2026-07-06T20:21:00.719761,2026-07-06T20:21:00.731576+00:00,147.3,37,bid,,,9922364
2026-07-06T20:21:00.719761,2026-07-06T20:21:00.731576+00:00,147.7,8,bid,,,9922365
2026-07-06T20:21:00.719761,2026-07-06T20:21:00.731576+00:00,147.9,5,bid,,,9922366
2026-07-06T20:21:01.047633,2026-07-06T20:21:01.060847+00:00,147.1,8,ask,,,9922371
2026-07-06T20:21:01.047633,2026-07-06T20:21:01.060847+00:00,146.8,36,ask,,,9922372
2026-07-06T20:21:02.018458,2026-07-06T20:21:02.029910+00:00,147.3,48,ask,,,9922385
2026-07-06T20:21:02.847954,2026-07-06T20:21:02.869240+00:00,147.6,50,bid,,,9922399
2026-07-06T20:21:04.500077,2026-07-06T20:21:04.511728+00:00,147.6,43,bid,,,9922417
2026-07-06T20:21:04.953110,2026-07-06T20:21:04.964800+00:00,147.4,50,bid,,,9922423
2026-07-06T20:21:05.159829,2026-07-06T20:21:05.182069+00:00,147.4,50,bid,,,9922428
2026-07-06T20:21:05.172569,2026-07-06T20:21:05.182069+00:00,147.5,23,ask,,,9922430
2026-07-06T20:21:06.261687,2026-07-06T20:21:06.272870+00:00,147.5,44,ask,,,9922451
2026-07-06T20:21:07.061991,2026-07-06T20:21:07.073448+00:00,147.6,8,bid,,,9922468
2026-07-06T20:21:07.061991,2026-07-06T20:21:07.073448+00:00,148.0,42,bid,,,9922469
2026-07-06T20:21:09.171727,2026-07-06T20:21:09.183311+00:00,147.7,8,bid,,,9922492
2026-07-06T20:21:09.171727,2026-07-06T20:21:09.183311+00:00,147.8,42,bid,,,9922493
2026-07-06T20:21:09.913717,2026-07-06T20:21:09.922953+00:00,147.8,46,bid,,,9922504
2026-07-06T20:21:10.937760,2026-07-06T20:21:10.949560+00:00,147.4,8,ask,,,9922519
2026-07-06T20:21:10.937760,2026-07-06T20:21:10.949560+00:00,147.3,40,ask,,,9922520
2026-07-06T20:21:11.280811,2026-07-06T20:21:11.292412+00:00,147.8,50,bid,,,9922523
2026-07-06T20:21:13.068496,2026-07-06T20:21:13.079818+00:00,147.4,47,ask,,,9922545
2026-07-06T20:21:13.390349,2026-07-06T20:21:13.401767+00:00,147.9,50,bid,,,9922552
2026-07-06T20:21:13.686830,2026-07-06T20:21:13.698618+00:00,147.9,41,bid,,,9922556
2026-07-06T20:21:14.189903,2026-07-06T20:21:14.201533+00:00,147.4,40,ask,,,9922561
2026-07-06T20:21:15.327063,2026-07-06T20:21:15.338671+00:00,147.9,47,bid,,,9922580
2026-07-06T20:21:16.729327,2026-07-06T20:21:16.740657+00:00,147.4,43,ask,,,9922593
2026-07-06T20:21:17.220384,2026-07-06T20:21:17.227496+00:00,147.8,8,bid,,,9922602
2026-07-06T20:21:17.220384,2026-07-06T20:21:17.233020+00:00,147.9,41,bid,,,9922603
2026-07-06T20:21:17.436532,2026-07-06T20:21:17.444121+00:00,147.7,12,ask,,,9922608
2026-07-06T20:21:17.616114,2026-07-06T20:21:17.628502+00:00,147.9,50,bid,,,9922613
2026-07-06T20:21:18.820829,2026-07-06T20:21:18.828019+00:00,147.7,47,ask,,,9922626
2026-07-06T20:21:19.773759,2026-07-06T20:21:19.785089+00:00,147.7,41,ask,,,9922636
2026-07-06T20:21:19.773759,2026-07-06T20:21:19.785089+00:00,147.7,9,ask,,,9922637
2026-07-06T20:21:21.831169,2026-07-06T20:21:21.842455+00:00,147.9,50,bid,,,9922661
2026-07-06T20:21:23.940718,2026-07-06T20:21:23.952517+00:00,148.0,8,bid,,,9922681
2026-07-06T20:21:23.940718,2026-07-06T20:21:23.952517+00:00,148.2,42,bid,,,9922682
2026-07-06T20:21:24.165140,2026-07-06T20:21:24.172932+00:00,148.2,11,ask,,,9922686
2026-07-06T20:21:24.174896,2026-07-06T20:21:24.188564+00:00,148.2,8,ask,,,9922688
2026-07-06T20:21:26.048869,2026-07-06T20:21:26.058544+00:00,148.3,50,bid,,,9922707
2026-07-06T20:21:26.488607,2026-07-06T20:21:26.500035+00:00,148.3,40,bid,,,9922714
2026-07-06T20:21:26.578903,2026-07-06T20:21:26.588581+00:00,148.2,3,ask,,,9922717
2026-07-06T20:21:26.689154,2026-07-06T20:21:26.697197+00:00,148.2,3,ask,,,9922720
2026-07-06T20:21:26.700513,2026-07-06T20:21:26.707592+00:00,148.2,8,ask,,,9922721
2026-07-06T20:21:26.962493,2026-07-06T20:21:26.973688+00:00,148.2,3,ask,,,9922726
2026-07-06T20:21:27.127632,2026-07-06T20:21:27.135167+00:00,148.2,48,ask,,,9922732
2026-07-06T20:21:27.224760,2026-07-06T20:21:27.236032+00:00,148.2,3,ask,,,9922733
2026-07-06T20:21:28.156714,2026-07-06T20:21:28.163934+00:00,148.2,8,bid,,,9922742
2026-07-06T20:21:28.156714,2026-07-06T20:21:28.169130+00:00,148.3,42,bid,,,9922743
2026-07-06T20:21:30.248648,2026-07-06T20:21:30.254729+00:00,148.1,47,ask,,,9922771
2026-07-06T20:21:30.263408,2026-07-06T20:21:30.274661+00:00,148.2,8,bid,,,9922772
2026-07-06T20:21:30.263408,2026-07-06T20:21:30.274661+00:00,148.3,42,bid,,,9922773
2026-07-06T20:21:30.721546,2026-07-06T20:21:30.732443+00:00,148.5,8,bid,,,9922781
2026-07-06T20:21:30.721546,2026-07-06T20:21:30.732443+00:00,148.6,41,bid,,,9922782
2026-07-06T20:21:31.888678,2026-07-06T20:21:31.895604+00:00,148.2,43,ask,,,9922798
2026-07-06T20:21:32.371098,2026-07-06T20:21:32.382621+00:00,148.6,50,bid,,,9922806
2026-07-06T20:21:33.321596,2026-07-06T20:21:33.332837+00:00,148.5,3,ask,,,9922821
2026-07-06T20:21:33.591237,2026-07-06T20:21:33.597428+00:00,148.5,3,ask,,,9922825
2026-07-06T20:21:33.604587,2026-07-06T20:21:33.612955+00:00,148.5,8,ask,,,9922826
2026-07-06T20:21:33.863735,2026-07-06T20:21:33.875035+00:00,148.5,3,ask,,,9922832
2026-07-06T20:21:34.132786,2026-07-06T20:21:34.144253+00:00,148.5,3,ask,,,9922836
2026-07-06T20:21:34.393286,2026-07-06T20:21:34.414304+00:00,148.5,3,ask,,,9922842
2026-07-06T20:21:34.404729,2026-07-06T20:21:34.414304+00:00,148.5,8,ask,,,9922843
2026-07-06T20:21:34.664266,2026-07-06T20:21:34.675516+00:00,148.5,3,ask,,,9922846
2026-07-06T20:21:34.938567,2026-07-06T20:21:34.958574+00:00,148.7,46,bid,,,9922853
2026-07-06T20:21:35.543554,2026-07-06T20:21:35.551752+00:00,148.6,5,bid,,,9922856
2026-07-06T20:21:35.543554,2026-07-06T20:21:35.551752+00:00,148.7,43,bid,,,9922857
2026-07-06T20:21:35.601584,2026-07-06T20:21:35.613074+00:00,148.5,43,ask,,,9922859
2026-07-06T20:21:36.693057,2026-07-06T20:21:36.704253+00:00,148.7,43,bid,,,9922875
2026-07-06T20:21:36.795128,2026-07-06T20:21:36.803630+00:00,148.7,100,bid,,,9922880
2026-07-06T20:21:36.859575,2026-07-06T20:21:36.867435+00:00,148.7,3,ask,,,9922881
2026-07-06T20:21:39.394516,2026-07-06T20:21:39.414865+00:00,148.7,43,ask,,,9922914
2026-07-06T20:21:39.782566,2026-07-06T20:21:39.791725+00:00,148.7,4,ask,,,9922920
2026-07-06T20:21:40.018405,2026-07-06T20:21:40.029677+00:00,148.4,100,ask,,,9922923
2026-07-06T20:21:40.789600,2026-07-06T20:21:40.800828+00:00,148.1,50,bid,,,9922936
2026-07-06T20:21:42.947038,2026-07-06T20:21:42.953181+00:00,147.9,50,ask,,,9922957
2026-07-06T20:21:43.131107,2026-07-06T20:21:43.139917+00:00,148.4,100,bid,,,9922964
2026-07-06T20:21:43.630618,2026-07-06T20:21:43.639411+00:00,148.4,7,ask,,,9922972
2026-07-06T20:21:43.727470,2026-07-06T20:21:43.738772+00:00,148.4,43,ask,,,9922974
2026-07-06T20:21:43.727470,2026-07-06T20:21:43.738772+00:00,147.9,3,ask,,,9922975
2026-07-06T20:21:45.054060,2026-07-06T20:21:45.065495+00:00,147.9,47,ask,,,9922995
2026-07-06T20:21:45.054060,2026-07-06T20:21:45.065495+00:00,147.7,3,ask,,,9922996
2026-07-06T20:21:45.964864,2026-07-06T20:21:45.973430+00:00,148.2,11,bid,,,9923003
2026-07-06T20:21:46.086995,2026-07-06T20:21:46.097749+00:00,148.1,3,bid,,,9923007
2026-07-06T20:21:46.322621,2026-07-06T20:21:46.334261+00:00,148.2,41,bid,,,9923013
2026-07-06T20:21:47.161880,2026-07-06T20:21:47.169068+00:00,147.8,50,ask,,,9923021
2026-07-06T20:21:49.271273,2026-07-06T20:21:49.280573+00:00,147.9,50,ask,,,9923047
2026-07-06T20:21:49.542242,2026-07-06T20:21:49.563634+00:00,147.9,50,ask,,,9923048
