timestamp,recv_time,price,volume,aggressor_side,buyer,seller,trade_id
2026-06-30T10:59:59.289188,2026-06-30T01:00:00.187330+00:00,67.6,1,bid,,,35696
2026-06-30T10:59:59.289188,2026-06-30T01:00:00.198397+00:00,68.1,49,bid,,,35697
2026-06-30T11:00:01.395785,2026-06-30T01:00:02.300813+00:00,67.7,50,bid,,,35732
2026-06-30T11:00:03.553712,2026-06-30T01:00:04.457448+00:00,67.5,50,ask,,,35757
2026-06-30T11:00:04.212925,2026-06-30T01:00:05.118383+00:00,67.5,43,ask,,,35762
2026-06-30T11:00:05.658970,2026-06-30T01:00:06.566987+00:00,67.3,50,ask,,,35782
2026-06-30T11:00:05.662142,2026-06-30T01:00:06.566987+00:00,67.3,45,ask,,,35783
2026-06-30T11:00:07.766452,2026-06-30T01:00:08.675358+00:00,67.1,50,ask,,,35814
2026-06-30T11:00:09.823348,2026-06-30T01:00:10.726303+00:00,67.5,50,bid,,,35842
2026-06-30T11:00:10.646735,2026-06-30T01:00:11.551919+00:00,67.4,150,bid,,,35855
2026-06-30T11:00:11.979508,2026-06-30T01:00:12.886408+00:00,67.2,50,ask,,,35876
2026-06-30T11:00:13.752075,2026-06-30T01:00:14.650763+00:00,67.6,100,bid,,,35902
2026-06-30T11:00:14.034277,2026-06-30T01:00:14.934206+00:00,68.1,50,bid,,,35907
2026-06-30T11:00:14.568376,2026-06-30T01:00:15.467332+00:00,68.1,43,bid,,,35915
2026-06-30T11:00:15.112059,2026-06-30T01:00:16.021146+00:00,67.6,41,ask,,,35929
2026-06-30T11:00:15.623475,2026-06-30T01:00:16.531128+00:00,68.1,46,bid,,,35936
2026-06-30T11:00:18.037738,2026-06-30T01:00:18.936618+00:00,67.5,43,ask,,,35969
2026-06-30T11:00:18.294755,2026-06-30T01:00:19.196582+00:00,67.5,50,ask,,,35970
2026-06-30T11:00:20.400361,2026-06-30T01:00:21.302090+00:00,67.4,50,ask,,,35996
2026-06-30T11:00:20.810739,2026-06-30T01:00:21.714405+00:00,67.7,49,bid,,,36001
2026-06-30T11:00:22.507118,2026-06-30T01:00:23.407429+00:00,67.4,50,ask,,,36019
2026-06-30T11:00:22.739526,2026-06-30T01:00:23.647522+00:00,67.5,48,bid,,,36022
2026-06-30T11:00:22.933896,2026-06-30T01:00:23.841893+00:00,67.5,43,bid,,,36029
2026-06-30T11:00:23.229215,2026-06-30T01:00:24.135409+00:00,67.5,9,bid,,,36036
2026-06-30T11:00:24.612677,2026-06-30T01:00:25.519969+00:00,67.5,50,ask,,,36058
2026-06-30T11:00:24.772598,2026-06-30T01:00:25.671990+00:00,67.5,41,ask,,,36061
2026-06-30T11:00:25.233880,2026-06-30T01:00:26.140287+00:00,67.5,43,ask,,,36064
2026-06-30T11:00:26.439969,2026-06-30T01:00:27.338311+00:00,67.3,100,ask,,,36081
2026-06-30T11:00:26.718970,2026-06-30T01:00:27.620976+00:00,66.8,50,ask,,,36086
2026-06-30T11:00:28.774678,2026-06-30T01:00:29.683321+00:00,67.3,50,bid,,,36115
2026-06-30T11:00:29.551280,2026-06-30T01:00:30.456262+00:00,67.6,48,bid,,,36123
2026-06-30T11:00:30.934087,2026-06-30T01:00:31.834128+00:00,67.1,50,ask,,,36138
2026-06-30T11:00:32.190729,2026-06-30T01:00:33.094118+00:00,67.1,48,ask,,,36154
2026-06-30T11:00:33.144208,2026-06-30T01:00:34.052103+00:00,67.6,45,bid,,,36165
2026-06-30T11:00:35.097769,2026-06-30T01:00:36.006388+00:00,67.6,50,bid,,,36183
2026-06-30T11:00:35.223583,2026-06-30T01:00:36.127203+00:00,67.7,100,bid,,,36187
2026-06-30T11:00:35.515256,2026-06-30T01:00:36.421783+00:00,67.7,43,bid,,,36195
2026-06-30T11:00:36.213719,2026-06-30T01:00:37.118146+00:00,68.0,49,ask,,,36200
2026-06-30T11:00:37.203852,2026-06-30T01:00:38.110167+00:00,68.2,50,bid,,,36209
2026-06-30T11:00:39.312582,2026-06-30T01:00:40.217231+00:00,68.2,50,bid,,,36244
2026-06-30T11:00:39.390165,2026-06-30T01:00:40.293351+00:00,68.2,46,bid,,,36247
2026-06-30T11:00:41.420341,2026-06-30T01:00:42.324974+00:00,68.2,4,bid,,,36275
2026-06-30T11:00:41.420341,2026-06-30T01:00:42.324974+00:00,68.3,46,bid,,,36276
2026-06-30T11:00:45.630010,2026-06-30T01:00:46.530807+00:00,68.2,50,bid,,,36319
2026-06-30T11:00:47.736187,2026-06-30T01:00:48.638406+00:00,68.2,50,bid,,,36349
2026-06-30T11:00:48.909294,2026-06-30T01:00:49.817272+00:00,68.1,49,ask,,,36357
2026-06-30T11:00:49.842621,2026-06-30T01:00:50.742129+00:00,68.3,50,bid,,,36368
2026-06-30T11:00:50.592327,2026-06-30T01:00:51.493274+00:00,68.1,43,ask,,,36377
2026-06-30T11:00:51.949231,2026-06-30T01:00:52.847791+00:00,68.3,50,bid,,,36398
2026-06-30T11:00:52.715443,2026-06-30T01:00:53.618507+00:00,68.3,41,bid,,,36413
2026-06-30T11:00:53.041868,2026-06-30T01:00:53.956283+00:00,68.1,150,ask,,,36422
2026-06-30T11:00:53.775035,2026-06-30T01:00:54.673871+00:00,67.8,44,ask,,,36439
2026-06-30T11:00:54.056177,2026-06-30T01:00:54.956121+00:00,68.3,9,bid,,,36442
2026-06-30T11:00:54.056177,2026-06-30T01:00:54.956121+00:00,68.6,41,bid,,,36443
2026-06-30T11:00:54.753744,2026-06-30T01:00:55.661150+00:00,68.0,12,ask,,,36453
2026-06-30T11:00:54.781041,2026-06-30T01:00:55.683278+00:00,68.0,12,ask,,,36457
2026-06-30T11:00:54.808436,2026-06-30T01:00:55.716495+00:00,68.0,12,ask,,,36459
2026-06-30T11:00:54.822078,2026-06-30T01:00:55.727558+00:00,68.5,46,bid,,,36462
2026-06-30T11:00:54.835444,2026-06-30T01:00:55.737659+00:00,68.0,12,ask,,,36463
2026-06-30T11:00:54.862760,2026-06-30T01:00:55.769922+00:00,68.0,2,ask,,,36465
2026-06-30T11:00:56.181718,2026-06-30T01:00:57.087408+00:00,68.1,50,bid,,,36485
2026-06-30T11:00:58.288989,2026-06-30T01:00:59.192248+00:00,68.4,50,bid,,,36513
2026-06-30T11:01:00.589840,2026-06-30T01:01:01.492288+00:00,68.0,43,ask,,,36548
2026-06-30T11:01:01.698084,2026-06-30T01:01:02.604378+00:00,68.5,42,bid,,,36561
2026-06-30T11:01:02.498365,2026-06-30T01:01:03.398751+00:00,68.5,50,bid,,,36568
2026-06-30T11:01:03.902376,2026-06-30T01:01:04.808389+00:00,68.3,48,ask,,,36582
2026-06-30T11:01:06.708788,2026-06-30T01:01:07.612215+00:00,68.5,50,bid,,,36606
2026-06-30T11:01:08.884842,2026-06-30T01:01:09.788979+00:00,68.2,49,ask,,,36638
2026-06-30T11:01:09.504419,2026-06-30T01:01:10.409840+00:00,68.6,41,bid,,,36648
2026-06-30T11:01:10.919926,2026-06-30T01:01:11.822993+00:00,68.5,50,bid,,,36665
2026-06-30T11:01:12.997788,2026-06-30T01:01:13.898028+00:00,68.3,40,ask,,,36697
2026-06-30T11:01:13.026216,2026-06-30T01:01:13.930684+00:00,68.5,50,bid,,,36698
2026-06-30T11:01:15.135666,2026-06-30T01:01:16.042920+00:00,68.5,47,bid,,,36725
2026-06-30T11:01:16.231358,2026-06-30T01:01:17.139832+00:00,68.5,45,bid,,,36743
2026-06-30T11:01:17.286185,2026-06-30T01:01:18.186173+00:00,68.5,50,ask,,,36759
2026-06-30T11:01:19.391323,2026-06-30T01:01:20.292805+00:00,68.5,50,ask,,,36784
2026-06-30T11:01:21.495970,2026-06-30T01:01:22.399687+00:00,68.3,50,ask,,,36802
2026-06-30T11:01:22.662941,2026-06-30T01:01:23.563924+00:00,68.5,45,bid,,,36819
2026-06-30T11:01:23.201819,2026-06-30T01:01:24.107571+00:00,68.3,49,ask,,,36824
2026-06-30T11:01:23.601803,2026-06-30T01:01:24.508763+00:00,68.4,50,ask,,,36828
2026-06-30T11:01:25.707586,2026-06-30T01:01:26.608094+00:00,68.4,50,ask,,,36864
2026-06-30T11:01:26.335608,2026-06-30T01:01:27.240904+00:00,68.4,47,ask,,,36879
2026-06-30T11:01:26.531365,2026-06-30T01:01:27.437203+00:00,68.0,100,ask,,,36881
2026-06-30T11:01:27.813660,2026-06-30T01:01:28.718299+00:00,67.5,50,ask,,,36894
2026-06-30T11:01:29.918824,2026-06-30T01:01:30.817399+00:00,67.7,50,ask,,,36929
2026-06-30T11:01:32.024905,2026-06-30T01:01:32.925066+00:00,67.7,50,ask,,,36954
2026-06-30T11:01:33.659698,2026-06-30T01:01:34.567110+00:00,67.8,150,bid,,,36972
2026-06-30T11:01:34.133655,2026-06-30T01:01:35.034231+00:00,67.4,50,ask,,,36976
2026-06-30T11:01:35.037071,2026-06-30T01:01:35.936456+00:00,67.9,48,bid,,,36989
2026-06-30T11:01:36.239250,2026-06-30T01:01:37.140723+00:00,67.9,50,ask,,,37006
2026-06-30T11:01:38.600022,2026-06-30T01:01:39.502307+00:00,67.9,45,ask,,,37046
2026-06-30T11:01:40.002787,2026-06-30T01:01:40.903992+00:00,68.0,45,bid,,,37061
2026-06-30T11:01:40.397517,2026-06-30T01:01:41.306160+00:00,68.0,50,bid,,,37066
2026-06-30T11:01:42.232340,2026-06-30T01:01:43.141156+00:00,67.6,42,ask,,,37086
2026-06-30T11:01:42.518317,2026-06-30T01:01:43.425050+00:00,67.8,50,bid,,,37090
2026-06-30T11:01:43.783607,2026-06-30T01:01:44.688088+00:00,67.8,41,bid,,,37102
2026-06-30T11:01:44.623987,2026-06-30T01:01:45.527594+00:00,67.8,50,bid,,,37115
2026-06-30T11:01:44.687936,2026-06-30T01:01:45.593065+00:00,67.6,49,ask,,,37117
2026-06-30T11:01:46.208438,2026-06-30T01:01:47.126098+00:00,68.1,48,bid,,,37131
2026-06-30T11:01:46.731051,2026-06-30T01:01:47.634062+00:00,68.1,50,bid,,,37137
2026-06-30T11:01:46.777201,2026-06-30T01:01:47.677912+00:00,67.9,150,ask,,,37142
2026-06-30T11:01:48.678302,2026-06-30T01:01:49.582151+00:00,67.8,100,ask,,,37166
2026-06-30T11:01:48.845749,2026-06-30T01:01:49.747210+00:00,67.7,50,bid,,,37169
2026-06-30T11:01:50.953195,2026-06-30T01:01:51.852943+00:00,68.3,50,bid,,,37195
2026-06-30T11:01:53.966419,2026-06-30T01:01:54.866239+00:00,68.2,46,bid,,,37232
2026-06-30T11:01:55.229744,2026-06-30T01:01:56.138470+00:00,67.9,50,ask,,,37240
2026-06-30T11:01:57.335623,2026-06-30T01:01:58.238239+00:00,67.9,50,ask,,,37265
2026-06-30T11:01:59.442250,2026-06-30T01:02:00.342053+00:00,68.0,50,ask,,,37291
2026-06-30T11:02:01.549031,2026-06-30T01:02:02.448144+00:00,67.6,50,ask,,,37321
2026-06-30T11:02:03.343431,2026-06-30T01:02:04.244419+00:00,67.6,43,ask,,,37344
2026-06-30T11:02:03.603645,2026-06-30T01:02:04.505024+00:00,68.1,50,bid,,,37345
2026-06-30T11:02:04.656257,2026-06-30T01:02:05.559706+00:00,67.4,49,ask,,,37359
2026-06-30T11:02:06.136868,2026-06-30T01:02:07.038674+00:00,67.8,47,bid,,,37374
2026-06-30T11:02:06.619427,2026-06-30T01:02:07.528466+00:00,67.8,40,bid,,,37380
2026-06-30T11:02:07.864098,2026-06-30T01:02:08.768544+00:00,67.5,50,ask,,,37403
2026-06-30T11:02:09.652719,2026-06-30T01:02:10.560171+00:00,67.5,46,ask,,,37417
2026-06-30T11:02:09.968679,2026-06-30T01:02:10.877252+00:00,67.5,4,ask,,,37425
2026-06-30T11:02:09.968679,2026-06-30T01:02:10.877252+00:00,67.2,46,ask,,,37426
2026-06-30T11:02:11.222290,2026-06-30T01:02:12.126502+00:00,67.6,45,bid,,,37440
2026-06-30T11:02:12.075438,2026-06-30T01:02:12.978649+00:00,67.3,50,ask,,,37449
2026-06-30T11:02:13.178438,2026-06-30T01:02:14.084171+00:00,67.6,49,bid,,,37463
2026-06-30T11:02:14.180880,2026-06-30T01:02:15.083971+00:00,67.4,50,ask,,,37472
2026-06-30T11:02:16.287489,2026-06-30T01:02:17.187514+00:00,67.4,50,ask,,,37496
2026-06-30T11:02:16.487381,2026-06-30T01:02:17.394023+00:00,67.4,50,ask,,,37502
2026-06-30T11:02:17.155252,2026-06-30T01:02:18.057552+00:00,67.2,150,bid,,,37518
2026-06-30T11:02:18.395360,2026-06-30T01:02:19.297160+00:00,66.9,50,ask,,,37533
2026-06-30T11:02:18.620697,2026-06-30T01:02:19.526109+00:00,66.9,43,ask,,,37536
2026-06-30T11:02:20.259060,2026-06-30T01:02:21.167447+00:00,67.4,100,bid,,,37560
2026-06-30T11:02:22.553725,2026-06-30T01:02:23.460846+00:00,67.9,50,bid,,,37585
2026-06-30T11:02:24.610078,2026-06-30T01:02:25.517280+00:00,67.1,49,ask,,,37607
2026-06-30T11:02:24.710522,2026-06-30T01:02:25.615421+00:00,67.1,50,ask,,,37612
2026-06-30T11:02:25.226822,2026-06-30T01:02:26.136182+00:00,67.5,49,bid,,,37615
2026-06-30T11:02:26.815996,2026-06-30T01:02:27.723904+00:00,67.0,50,ask,,,37630
2026-06-30T11:02:28.229730,2026-06-30T01:02:29.136314+00:00,67.0,40,ask,,,37649
2026-06-30T11:02:28.732381,2026-06-30T01:02:29.635216+00:00,67.3,45,bid,,,37661
2026-06-30T11:02:28.786127,2026-06-30T01:02:29.688631+00:00,67.0,46,ask,,,37663
2026-06-30T11:02:28.922626,2026-06-30T01:02:29.831061+00:00,67.0,14,ask,,,37664
2026-06-30T11:02:28.922626,2026-06-30T01:02:29.831061+00:00,66.8,36,ask,,,37665
2026-06-30T11:02:29.152490,2026-06-30T01:02:30.059616+00:00,66.9,50,bid,,,37672
2026-06-30T11:02:30.979899,2026-06-30T01:02:31.887207+00:00,66.9,50,bid,,,37697
2026-06-30T11:02:31.647744,2026-06-30T01:02:32.547709+00:00,67.1,49,bid,,,37706
2026-06-30T11:02:32.254769,2026-06-30T01:02:33.157846+00:00,67.1,100,bid,,,37711
2026-06-30T11:02:32.747682,2026-06-30T01:02:33.657610+00:00,67.1,1,bid,,,37717
2026-06-30T11:02:33.137117,2026-06-30T01:02:34.037648+00:00,67.1,50,ask,,,37720
2026-06-30T11:02:34.306242,2026-06-30T01:02:35.210971+00:00,67.1,41,ask,,,37738
2026-06-30T11:02:35.261181,2026-06-30T01:02:36.167419+00:00,67.1,50,ask,,,37750
2026-06-30T11:02:35.467623,2026-06-30T01:02:36.374377+00:00,67.1,9,ask,,,37758
2026-06-30T11:02:37.316440,2026-06-30T01:02:38.224141+00:00,66.9,50,bid,,,37783
2026-06-30T11:02:39.308809,2026-06-30T01:02:40.217638+00:00,67.2,47,bid,,,37809
2026-06-30T11:02:39.424980,2026-06-30T01:02:40.326524+00:00,67.2,50,bid,,,37815
2026-06-30T11:02:40.790916,2026-06-30T01:02:41.697585+00:00,66.8,40,ask,,,37843
2026-06-30T11:02:41.532264,2026-06-30T01:02:42.438151+00:00,67.2,50,bid,,,37855
2026-06-30T11:02:41.735994,2026-06-30T01:02:42.635444+00:00,67.2,3,bid,,,37859
2026-06-30T11:02:42.357783,2026-06-30T01:02:43.266250+00:00,67.2,44,bid,,,37862
2026-06-30T11:02:42.368108,2026-06-30T01:02:43.277313+00:00,67.2,56,bid,,,37863
2026-06-30T11:02:43.646585,2026-06-30T01:02:44.562006+00:00,67.9,50,bid,,,37875
2026-06-30T11:02:44.912702,2026-06-30T01:02:45.813951+00:00,67.4,48,ask,,,37895
2026-06-30T11:02:45.755910,2026-06-30T01:02:46.663104+00:00,67.6,50,bid,,,37904
2026-06-30T11:02:46.454885,2026-06-30T01:02:47.359960+00:00,67.6,45,bid,,,37912
2026-06-30T11:02:47.859808,2026-06-30T01:02:48.762934+00:00,67.6,5,bid,,,37931
2026-06-30T11:02:47.859808,2026-06-30T01:02:48.762934+00:00,67.7,45,bid,,,37932
2026-06-30T11:02:49.513555,2026-06-30T01:02:50.417488+00:00,67.5,150,ask,,,37953
2026-06-30T11:02:50.019329,2026-06-30T01:02:50.928535+00:00,67.2,50,ask,,,37960
2026-06-30T11:02:52.074481,2026-06-30T01:02:52.982185+00:00,67.4,50,bid,,,37985
2026-06-30T11:02:53.016072,2026-06-30T01:02:53.916105+00:00,67.2,40,ask,,,37998
2026-06-30T11:02:53.529341,2026-06-30T01:02:54.437637+00:00,67.4,48,bid,,,38007
2026-06-30T11:02:54.186131,2026-06-30T01:02:55.088491+00:00,67.4,50,bid,,,38016
2026-06-30T11:02:54.984012,2026-06-30T01:02:55.883359+00:00,67.1,42,ask,,,38032
2026-06-30T11:02:55.957003,2026-06-30T01:02:56.866027+00:00,67.5,47,ask,,,38047
2026-06-30T11:02:56.291025,2026-06-30T01:02:57.191767+00:00,67.6,50,bid,,,38056
2026-06-30T11:02:56.605986,2026-06-30T01:02:57.507858+00:00,67.5,40,ask,,,38060
2026-06-30T11:02:57.068177,2026-06-30T01:02:57.975466+00:00,67.6,41,bid,,,38068
2026-06-30T11:02:58.402703,2026-06-30T01:02:59.301928+00:00,67.6,50,bid,,,38084
2026-06-30T11:03:00.561309,2026-06-30T01:03:01.463995+00:00,67.2,50,ask,,,38112
2026-06-30T11:03:00.937408,2026-06-30T01:03:01.842173+00:00,67.5,49,bid,,,38123
2026-06-30T11:03:02.478440,2026-06-30T01:03:03.384014+00:00,67.2,46,ask,,,38136
2026-06-30T11:03:02.667243,2026-06-30T01:03:03.567712+00:00,67.2,50,ask,,,38138
2026-06-30T11:03:04.050142,2026-06-30T01:03:04.957675+00:00,67.2,40,ask,,,38160
2026-06-30T11:03:04.774097,2026-06-30T01:03:05.674331+00:00,67.1,50,ask,,,38171
2026-06-30T11:03:06.881233,2026-06-30T01:03:07.781820+00:00,67.1,50,ask,,,38204
2026-06-30T11:03:08.986820,2026-06-30T01:03:09.889577+00:00,66.7,50,ask,,,38228
2026-06-30T11:03:11.043124,2026-06-30T01:03:11.947492+00:00,67.1,50,bid,,,38258
2026-06-30T11:03:11.736779,2026-06-30T01:03:12.641747+00:00,67.1,50,bid,,,38266
2026-06-30T11:03:11.736779,2026-06-30T01:03:12.641747+00:00,67.1,100,bid,,,38267
2026-06-30T11:03:12.629071,2026-06-30T01:03:13.537294+00:00,67.1,43,bid,,,38286
2026-06-30T11:03:13.149698,2026-06-30T01:03:14.048585+00:00,67.1,7,bid,,,38294
2026-06-30T11:03:14.000256,2026-06-30T01:03:14.909814+00:00,67.4,100,bid,,,38311
2026-06-30T11:03:15.114720,2026-06-30T01:03:16.018392+00:00,67.4,42,ask,,,38325
2026-06-30T11:03:15.256109,2026-06-30T01:03:16.158916+00:00,67.9,50,bid,,,38328
2026-06-30T11:03:16.928056,2026-06-30T01:03:17.831180+00:00,67.7,41,bid,,,38346
2026-06-30T11:03:17.362280,2026-06-30T01:03:18.266072+00:00,67.3,50,bid,,,38352
2026-06-30T11:03:17.990344,2026-06-30T01:03:18.900016+00:00,67.3,48,bid,,,38361
2026-06-30T11:03:18.043359,2026-06-30T01:03:18.944206+00:00,67.2,45,ask,,,38362
2026-06-30T11:03:19.472766,2026-06-30T01:03:20.372912+00:00,67.3,50,bid,,,38377
2026-06-30T11:03:19.787155,2026-06-30T01:03:20.688014+00:00,67.3,2,bid,,,38383
2026-06-30T11:03:19.787155,2026-06-30T01:03:20.688014+00:00,67.7,47,bid,,,38384
2026-06-30T11:03:21.577198,2026-06-30T01:03:22.480931+00:00,67.7,50,bid,,,38413
2026-06-30T11:03:22.847720,2026-06-30T01:03:23.754977+00:00,67.7,100,ask,,,38432
2026-06-30T11:03:23.510775,2026-06-30T01:03:24.416367+00:00,67.6,100,ask,,,38444
2026-06-30T11:03:23.683657,2026-06-30T01:03:24.590068+00:00,68.1,50,bid,,,38453
2026-06-30T11:03:24.948656,2026-06-30T01:03:25.848775+00:00,67.6,41,ask,,,38475
2026-06-30T11:03:25.793688,2026-06-30T01:03:26.698626+00:00,68.1,50,bid,,,38486
2026-06-30T11:03:27.365312,2026-06-30T01:03:28.265127+00:00,67.4,43,ask,,,38509
2026-06-30T11:03:27.956348,2026-06-30T01:03:28.860159+00:00,67.4,50,ask,,,38519
2026-06-30T11:03:28.534535,2026-06-30T01:03:29.437896+00:00,67.9,40,bid,,,38527
2026-06-30T11:03:29.559126,2026-06-30T01:03:30.459917+00:00,67.4,40,ask,,,38537
2026-06-30T11:03:30.062640,2026-06-30T01:03:30.972868+00:00,67.1,50,ask,,,38543
2026-06-30T11:03:34.227057,2026-06-30T01:03:35.127608+00:00,67.6,50,bid,,,38591
2026-06-30T11:03:34.424370,2026-06-30T01:03:35.332246+00:00,67.6,43,bid,,,38593
2026-06-30T11:03:36.172794,2026-06-30T01:03:37.077480+00:00,67.4,100,ask,,,38621
2026-06-30T11:03:36.333802,2026-06-30T01:03:37.240157+00:00,67.2,50,bid,,,38622
2026-06-30T11:03:38.492308,2026-06-30T01:03:39.394926+00:00,66.7,50,ask,,,38650
2026-06-30T11:03:42.708647,2026-06-30T01:03:43.610059+00:00,67.1,50,ask,,,38696
2026-06-30T11:03:43.389061,2026-06-30T01:03:44.297215+00:00,67.1,46,ask,,,38712
2026-06-30T11:03:44.831581,2026-06-30T01:03:45.733916+00:00,67.1,50,ask,,,38727
2026-06-30T11:03:45.865862,2026-06-30T01:03:46.766053+00:00,67.2,46,bid,,,38738
2026-06-30T11:03:46.885409,2026-06-30T01:03:47.787944+00:00,67.2,50,bid,,,38742
2026-06-30T11:03:48.389533,2026-06-30T01:03:49.293164+00:00,67.1,43,ask,,,38769
2026-06-30T11:03:50.574016,2026-06-30T01:03:51.478606+00:00,67.6,49,bid,,,38793
2026-06-30T11:03:51.127225,2026-06-30T01:03:52.033295+00:00,67.1,44,ask,,,38799
2026-06-30T11:03:51.146722,2026-06-30T01:03:52.055423+00:00,67.1,13,ask,,,38800
2026-06-30T11:03:51.146722,2026-06-30T01:03:52.055423+00:00,67.1,37,ask,,,38801
2026-06-30T11:03:51.730930,2026-06-30T01:03:52.640010+00:00,67.3,45,bid,,,38811
2026-06-30T11:03:53.264782,2026-06-30T01:03:54.168777+00:00,66.9,50,ask,,,38827
2026-06-30T11:03:53.822312,2026-06-30T01:03:54.727481+00:00,67.3,40,bid,,,38833
2026-06-30T11:03:53.888754,2026-06-30T01:03:54.792050+00:00,66.9,44,ask,,,38838
2026-06-30T11:03:55.155711,2026-06-30T01:03:56.057642+00:00,67.1,100,ask,,,38852
2026-06-30T11:03:55.319355,2026-06-30T01:03:56.218803+00:00,66.9,50,bid,,,38854
2026-06-30T11:03:56.316813,2026-06-30T01:03:57.223004+00:00,67.6,46,bid,,,38865
2026-06-30T11:04:03.796834,2026-06-30T01:04:04.701757+00:00,67.2,50,ask,,,38966
2026-06-30T11:04:05.850617,2026-06-30T01:04:06.753205+00:00,67.4,50,bid,,,38998
2026-06-30T11:04:06.494598,2026-06-30T01:04:07.395046+00:00,67.0,45,ask,,,39009
2026-06-30T11:04:07.956111,2026-06-30T01:04:08.862331+00:00,67.3,50,bid,,,39025
2026-06-30T11:04:09.396088,2026-06-30T01:04:10.306418+00:00,67.3,100,bid,,,39054
2026-06-30T11:04:10.061116,2026-06-30T01:04:10.968036+00:00,67.6,50,bid,,,39066
2026-06-30T11:04:12.167509,2026-06-30T01:04:13.069662+00:00,68.1,50,bid,,,39089
2026-06-30T11:04:14.325636,2026-06-30T01:04:15.226220+00:00,67.7,50,ask,,,39124
2026-06-30T11:04:16.380791,2026-06-30T01:04:17.289873+00:00,68.2,50,bid,,,39161
2026-06-30T11:04:18.116809,2026-06-30T01:04:19.019813+00:00,67.9,100,ask,,,39185
2026-06-30T11:04:18.537891,2026-06-30T01:04:19.443162+00:00,67.9,50,ask,,,39189
2026-06-30T11:04:20.115117,2026-06-30T01:04:21.022812+00:00,67.9,46,ask,,,39219
2026-06-30T11:04:20.644898,2026-06-30T01:04:21.545334+00:00,67.6,50,ask,,,39230
2026-06-30T11:04:21.175858,2026-06-30T01:04:22.076456+00:00,68.0,44,bid,,,39240
2026-06-30T11:04:21.743971,2026-06-30T01:04:22.652898+00:00,67.6,45,ask,,,39249
2026-06-30T11:04:22.750670,2026-06-30T01:04:23.660094+00:00,67.6,5,ask,,,39257
2026-06-30T11:04:22.750670,2026-06-30T01:04:23.660094+00:00,67.5,45,ask,,,39258
2026-06-30T11:04:24.857843,2026-06-30T01:04:25.758345+00:00,67.4,50,ask,,,39276
2026-06-30T11:04:26.964307,2026-06-30T01:04:27.873803+00:00,67.3,50,ask,,,39309
2026-06-30T11:04:29.069988,2026-06-30T01:04:29.972231+00:00,67.3,50,ask,,,39336
2026-06-30T11:04:29.916876,2026-06-30T01:04:30.819026+00:00,67.4,150,bid,,,39347
2026-06-30T11:04:30.884130,2026-06-30T01:04:31.787507+00:00,67.8,47,bid,,,39358
2026-06-30T11:04:31.174520,2026-06-30T01:04:32.080091+00:00,67.3,50,ask,,,39361
2026-06-30T11:04:33.133006,2026-06-30T01:04:34.038627+00:00,67.7,42,bid,,,39386
2026-06-30T11:04:33.281639,2026-06-30T01:04:34.191113+00:00,67.4,50,ask,,,39390
2026-06-30T11:04:34.077289,2026-06-30T01:04:34.987344+00:00,67.4,44,ask,,,39406
2026-06-30T11:04:34.999269,2026-06-30T01:04:35.902074+00:00,67.4,49,ask,,,39418
2026-06-30T11:04:35.388607,2026-06-30T01:04:36.293183+00:00,67.4,7,ask,,,39423
2026-06-30T11:04:35.388607,2026-06-30T01:04:36.293183+00:00,67.2,43,ask,,,39424
2026-06-30T11:04:36.117624,2026-06-30T01:04:37.022208+00:00,67.6,49,bid,,,39439
2026-06-30T11:04:36.266141,2026-06-30T01:04:37.186291+00:00,67.3,50,bid,,,39447
2026-06-30T11:04:37.447671,2026-06-30T01:04:38.348313+00:00,67.3,50,bid,,,39459
2026-06-30T11:04:37.967230,2026-06-30T01:04:38.871350+00:00,67.3,41,bid,,,39464
2026-06-30T11:04:39.555782,2026-06-30T01:04:40.458253+00:00,67.7,50,bid,,,39479
2026-06-30T11:04:41.667279,2026-06-30T01:04:42.567354+00:00,67.7,50,bid,,,39511
2026-06-30T11:04:43.774592,2026-06-30T01:04:44.677222+00:00,67.7,50,bid,,,39539
2026-06-30T11:04:45.885821,2026-06-30T01:04:46.792843+00:00,67.9,50,bid,,,39567
2026-06-30T11:04:47.992138,2026-06-30T01:04:48.901005+00:00,67.9,50,bid,,,39594
2026-06-30T11:04:48.839264,2026-06-30T01:04:49.741201+00:00,67.7,150,ask,,,39609
2026-06-30T11:04:49.831629,2026-06-30T01:04:50.734418+00:00,67.4,48,ask,,,39619
2026-06-30T11:04:50.150773,2026-06-30T01:04:51.050946+00:00,67.4,50,ask,,,39626
2026-06-30T11:04:51.840608,2026-06-30T01:04:52.747209+00:00,67.5,48,bid,,,39640
2026-06-30T11:04:52.259254,2026-06-30T01:04:53.160974+00:00,67.2,50,ask,,,39651
2026-06-30T11:04:52.813634,2026-06-30T01:04:53.717253+00:00,67.2,49,ask,,,39655
2026-06-30T11:04:53.317164,2026-06-30T01:04:54.217665+00:00,67.5,47,bid,,,39660
2026-06-30T11:04:54.370055,2026-06-30T01:04:55.280980+00:00,67.2,50,ask,,,39675
2026-06-30T11:04:55.202817,2026-06-30T01:04:56.107903+00:00,67.4,100,ask,,,39684
2026-06-30T11:04:55.207905,2026-06-30T01:04:56.107903+00:00,67.1,50,bid,,,39686
2026-06-30T11:04:56.475100,2026-06-30T01:04:57.383050+00:00,66.6,50,ask,,,39699
2026-06-30T11:04:57.245492,2026-06-30T01:04:58.146075+00:00,66.6,47,ask,,,39712
2026-06-30T11:04:58.681089,2026-06-30T01:04:59.583279+00:00,67.4,42,bid,,,39723
2026-06-30T11:05:00.506077,2026-06-30T01:05:01.408423+00:00,67.4,100,bid,,,39752
2026-06-30T11:05:00.692420,2026-06-30T01:05:01.594135+00:00,67.0,50,ask,,,39755
2026-06-30T11:05:02.801850,2026-06-30T01:05:03.705430+00:00,67.7,50,ask,,,39776
2026-06-30T11:05:04.092898,2026-06-30T01:05:05.000128+00:00,67.7,100,ask,,,39795
2026-06-30T11:05:05.725099,2026-06-30T01:05:06.633415+00:00,67.4,41,bid,,,39809
2026-06-30T11:05:06.960280,2026-06-30T01:05:07.862248+00:00,67.4,50,bid,,,39822
2026-06-30T11:05:07.199985,2026-06-30T01:05:08.101836+00:00,67.4,59,bid,,,39825
2026-06-30T11:05:08.373393,2026-06-30T01:05:09.277884+00:00,67.5,40,ask,,,39841
2026-06-30T11:05:10.977494,2026-06-30T01:05:11.877129+00:00,67.4,49,ask,,,39877
2026-06-30T11:05:11.168253,2026-06-30T01:05:12.071137+00:00,67.8,50,bid,,,39880
2026-06-30T11:05:13.274544,2026-06-30T01:05:14.185119+00:00,67.8,50,bid,,,39906
2026-06-30T11:05:13.947220,2026-06-30T01:05:14.847189+00:00,67.9,49,bid,,,39917
2026-06-30T11:05:14.496843,2026-06-30T01:05:15.400027+00:00,67.7,43,ask,,,39920
2026-06-30T11:05:15.072891,2026-06-30T01:05:15.977350+00:00,67.9,47,bid,,,39928
2026-06-30T11:05:15.382561,2026-06-30T01:05:16.290798+00:00,67.9,50,bid,,,39933
2026-06-30T11:05:17.488228,2026-06-30T01:05:18.387878+00:00,67.9,50,bid,,,39958
2026-06-30T11:05:19.646779,2026-06-30T01:05:20.556156+00:00,67.7,50,ask,,,39973
2026-06-30T11:05:21.752605,2026-06-30T01:05:22.657116+00:00,67.7,50,ask,,,39996
2026-06-30T11:05:22.732407,2026-06-30T01:05:23.632085+00:00,67.7,45,ask,,,40009
2026-06-30T11:05:23.709024,2026-06-30T01:05:24.612640+00:00,67.8,42,bid,,,40016
2026-06-30T11:05:23.856784,2026-06-30T01:05:24.766647+00:00,67.6,50,ask,,,40019
2026-06-30T11:05:25.910544,2026-06-30T01:05:26.812054+00:00,67.8,50,bid,,,40041
2026-06-30T11:05:27.424291,2026-06-30T01:05:28.336236+00:00,67.8,43,ask,,,40060
2026-06-30T11:05:27.929428,2026-06-30T01:05:28.834249+00:00,67.8,45,ask,,,40064
2026-06-30T11:05:28.019946,2026-06-30T01:05:28.920845+00:00,67.9,50,bid,,,40066
2026-06-30T11:05:32.287349,2026-06-30T01:05:33.197235+00:00,67.8,50,ask,,,40121
2026-06-30T11:05:36.447985,2026-06-30T01:05:37.351020+00:00,68.1,50,bid,,,40181
2026-06-30T11:05:38.555143,2026-06-30T01:05:39.455450+00:00,68.1,50,bid,,,40208
2026-06-30T11:05:39.782031,2026-06-30T01:05:40.692824+00:00,68.2,150,ask,,,40224
2026-06-30T11:05:42.340322,2026-06-30T01:05:43.240811+00:00,68.3,47,bid,,,40260
2026-06-30T11:05:42.763133,2026-06-30T01:05:43.664925+00:00,68.1,50,bid,,,40264
2026-06-30T11:05:42.858503,2026-06-30T01:05:43.763145+00:00,68.1,49,bid,,,40270
2026-06-30T11:05:43.419716,2026-06-30T01:05:44.327504+00:00,67.8,45,ask,,,40275
2026-06-30T11:05:44.845252,2026-06-30T01:05:45.748103+00:00,68.1,40,bid,,,40292
2026-06-30T11:05:45.378004,2026-06-30T01:05:46.279775+00:00,67.8,48,ask,,,40295
2026-06-30T11:05:46.821073,2026-06-30T01:05:47.725030+00:00,68.2,49,ask,,,40318
2026-06-30T11:05:47.030290,2026-06-30T01:05:47.941000+00:00,68.2,50,ask,,,40321
2026-06-30T11:05:48.341822,2026-06-30T01:05:49.248352+00:00,68.7,48,bid,,,40339
2026-06-30T11:05:48.358961,2026-06-30T01:05:49.258949+00:00,68.2,51,ask,,,40341
2026-06-30T11:05:48.967392,2026-06-30T01:05:49.870256+00:00,68.1,43,bid,,,40349
2026-06-30T11:05:49.084424,2026-06-30T01:05:49.989045+00:00,68.1,6,bid,,,40351
2026-06-30T11:05:49.084424,2026-06-30T01:05:49.989045+00:00,68.2,44,bid,,,40352
2026-06-30T11:05:51.190665,2026-06-30T01:05:52.097456+00:00,68.2,50,bid,,,40378
2026-06-30T11:05:55.463295,2026-06-30T01:05:56.372822+00:00,68.2,50,ask,,,40428
2026-06-30T11:05:57.568228,2026-06-30T01:05:58.470002+00:00,68.2,50,ask,,,40457
2026-06-30T11:05:59.674051,2026-06-30T01:06:00.583324+00:00,67.9,50,ask,,,40489
2026-06-30T11:06:00.169708,2026-06-30T01:06:01.076958+00:00,67.9,40,ask,,,40494
2026-06-30T11:06:03.387318,2026-06-30T01:06:04.292535+00:00,68.0,100,bid,,,40535
2026-06-30T11:06:03.777452,2026-06-30T01:06:04.683061+00:00,68.1,47,bid,,,40538
2026-06-30T11:06:03.844489,2026-06-30T01:06:04.748015+00:00,68.1,50,bid,,,40539
2026-06-30T11:06:04.106790,2026-06-30T01:06:05.008915+00:00,68.1,53,bid,,,40544
2026-06-30T11:06:04.725370,2026-06-30T01:06:05.629971+00:00,68.6,150,ask,,,40559
2026-06-30T11:06:05.950653,2026-06-30T01:06:06.858466+00:00,68.7,50,bid,,,40572
2026-06-30T11:06:06.349175,2026-06-30T01:06:07.251156+00:00,68.2,47,ask,,,40576
2026-06-30T11:06:08.056484,2026-06-30T01:06:08.962845+00:00,68.4,50,bid,,,40593
2026-06-30T11:06:08.692427,2026-06-30T01:06:09.593156+00:00,68.1,49,ask,,,40602
2026-06-30T11:06:10.164323,2026-06-30T01:06:11.070972+00:00,68.4,50,bid,,,40616
2026-06-30T11:06:12.330158,2026-06-30T01:06:13.238764+00:00,68.2,50,ask,,,40644
2026-06-30T11:06:13.501869,2026-06-30T01:06:14.406482+00:00,68.3,45,bid,,,40658
2026-06-30T11:06:14.385243,2026-06-30T01:06:15.286311+00:00,68.6,50,bid,,,40674
2026-06-30T11:06:14.933598,2026-06-30T01:06:15.841766+00:00,68.6,45,bid,,,40681
2026-06-30T11:06:18.645886,2026-06-30T01:06:19.559777+00:00,68.4,50,ask,,,40724
2026-06-30T11:06:19.007634,2026-06-30T01:06:19.907597+00:00,68.4,41,ask,,,40725
2026-06-30T11:06:20.156374,2026-06-30T01:06:21.060039+00:00,68.2,43,ask,,,40735
2026-06-30T11:06:20.751494,2026-06-30T01:06:21.658103+00:00,67.9,50,ask,,,40748
2026-06-30T11:06:21.237720,2026-06-30T01:06:22.147292+00:00,68.4,44,bid,,,40752
2026-06-30T11:06:22.857655,2026-06-30T01:06:23.766368+00:00,67.9,50,ask,,,40772
2026-06-30T11:06:24.914014,2026-06-30T01:06:25.818413+00:00,68.3,50,bid,,,40808
2026-06-30T11:06:26.174243,2026-06-30T01:06:27.080760+00:00,68.0,48,ask,,,40827
2026-06-30T11:06:26.741677,2026-06-30T01:06:27.647602+00:00,68.5,42,bid,,,40836
2026-06-30T11:06:27.070237,2026-06-30T01:06:27.974396+00:00,68.0,50,ask,,,40841
2026-06-30T11:06:27.209206,2026-06-30T01:06:28.116305+00:00,68.3,49,bid,,,40842
2026-06-30T11:06:27.848822,2026-06-30T01:06:28.758785+00:00,68.0,40,ask,,,40856
2026-06-30T11:06:29.177679,2026-06-30T01:06:30.080765+00:00,68.0,10,ask,,,40870
2026-06-30T11:06:30.465542,2026-06-30T01:06:31.367252+00:00,68.2,48,bid,,,40883
2026-06-30T11:06:30.888793,2026-06-30T01:06:31.801765+00:00,68.2,52,bid,,,40886
2026-06-30T11:06:31.917591,2026-06-30T01:06:32.820812+00:00,68.1,40,ask,,,40899
2026-06-30T11:06:32.435863,2026-06-30T01:06:33.341982+00:00,68.1,41,ask,,,40908
2026-06-30T11:06:33.336225,2026-06-30T01:06:34.236578+00:00,68.4,50,bid,,,40915
2026-06-30T11:06:34.000949,2026-06-30T01:06:34.908772+00:00,68.4,41,bid,,,40928
2026-06-30T11:06:35.441604,2026-06-30T01:06:36.346298+00:00,68.4,50,bid,,,40938
2026-06-30T11:06:36.340444,2026-06-30T01:06:37.249914+00:00,68.5,100,bid,,,40949
2026-06-30T11:06:36.343290,2026-06-30T01:06:37.249914+00:00,68.5,47,ask,,,40950
2026-06-30T11:06:37.547509,2026-06-30T01:06:38.451252+00:00,69.0,50,bid,,,40968
2026-06-30T11:06:39.660287,2026-06-30T01:06:40.569657+00:00,68.5,50,bid,,,40990
2026-06-30T11:06:41.769283,2026-06-30T01:06:42.678769+00:00,68.5,50,bid,,,41009
2026-06-30T11:06:42.753126,2026-06-30T01:06:43.657500+00:00,68.8,47,bid,,,41021
2026-06-30T11:06:42.807373,2026-06-30T01:06:43.711875+00:00,68.4,48,ask,,,41022
2026-06-30T11:06:43.874630,2026-06-30T01:06:44.777599+00:00,68.8,50,bid,,,41038
2026-06-30T11:06:45.193991,2026-06-30T01:06:46.102420+00:00,68.6,52,ask,,,41053
2026-06-30T11:06:45.828887,2026-06-30T01:06:46.738651+00:00,68.6,43,ask,,,41070
2026-06-30T11:06:45.980825,2026-06-30T01:06:46.891178+00:00,68.8,50,bid,,,41074
2026-06-30T11:06:48.086415,2026-06-30T01:06:48.988945+00:00,68.8,50,bid,,,41104
2026-06-30T11:06:48.115380,2026-06-30T01:06:49.022157+00:00,68.8,40,bid,,,41105
2026-06-30T11:06:50.192605,2026-06-30T01:06:51.097313+00:00,68.9,50,bid,,,41131
2026-06-30T11:06:50.455340,2026-06-30T01:06:51.358059+00:00,68.9,40,bid,,,41140
2026-06-30T11:06:51.044283,2026-06-30T01:06:51.946482+00:00,68.8,48,ask,,,41151
2026-06-30T11:06:51.518856,2026-06-30T01:06:52.421332+00:00,68.8,48,ask,,,41154
2026-06-30T11:06:52.038832,2026-06-30T01:06:52.944353+00:00,68.9,48,bid,,,41164
2026-06-30T11:06:52.300217,2026-06-30T01:06:53.206032+00:00,68.8,50,bid,,,41170
2026-06-30T11:06:54.411069,2026-06-30T01:06:55.316544+00:00,68.8,50,bid,,,41198
2026-06-30T11:06:56.452955,2026-06-30T01:06:57.361209+00:00,69.2,43,bid,,,41225
2026-06-30T11:06:56.507428,2026-06-30T01:06:57.416516+00:00,68.7,46,ask,,,41226
2026-06-30T11:06:56.517526,2026-06-30T01:06:57.427585+00:00,69.2,50,bid,,,41227
2026-06-30T11:06:57.078203,2026-06-30T01:06:57.979906+00:00,69.2,7,bid,,,41234
2026-06-30T11:06:57.078203,2026-06-30T01:06:57.991018+00:00,69.2,37,bid,,,41235
2026-06-30T11:06:57.535542,2026-06-30T01:06:58.446511+00:00,68.7,48,ask,,,41242
2026-06-30T11:06:58.624392,2026-06-30T01:06:59.531985+00:00,69.1,50,bid,,,41258
2026-06-30T11:06:59.097481,2026-06-30T01:06:59.998709+00:00,68.8,47,ask,,,41265
2026-06-30T11:07:00.729421,2026-06-30T01:07:01.631756+00:00,69.1,50,bid,,,41286
2026-06-30T11:07:02.835328,2026-06-30T01:07:03.739115+00:00,69.1,50,bid,,,41313
2026-06-30T11:07:03.025689,2026-06-30T01:07:03.926326+00:00,69.1,43,bid,,,41316
2026-06-30T11:07:04.076440,2026-06-30T01:07:04.978360+00:00,69.1,40,bid,,,41330
2026-06-30T11:07:04.943851,2026-06-30T01:07:05.848416+00:00,69.3,50,bid,,,41341
2026-06-30T11:07:07.048467,2026-06-30T01:07:07.950808+00:00,69.3,50,bid,,,41375
2026-06-30T11:07:09.205845,2026-06-30T01:07:10.115034+00:00,69.1,50,ask,,,41399
2026-06-30T11:07:11.311860,2026-06-30T01:07:12.214401+00:00,69.2,50,ask,,,41419
2026-06-30T11:07:13.418602,2026-06-30T01:07:14.327323+00:00,69.2,50,ask,,,41440
2026-06-30T11:07:15.525286,2026-06-30T01:07:16.425963+00:00,68.8,50,ask,,,41460
2026-06-30T11:07:17.094622,2026-06-30T01:07:18.000775+00:00,68.9,41,ask,,,41482
2026-06-30T11:07:17.633803,2026-06-30T01:07:18.535343+00:00,68.9,50,ask,,,41495
2026-06-30T11:07:18.769749,2026-06-30T01:07:19.678576+00:00,69.1,46,bid,,,41508
2026-06-30T11:07:19.739429,2026-06-30T01:07:20.647402+00:00,68.9,9,ask,,,41520
2026-06-30T11:07:19.739429,2026-06-30T01:07:20.647402+00:00,68.6,41,ask,,,41521
2026-06-30T11:07:21.846133,2026-06-30T01:07:22.754173+00:00,68.6,50,ask,,,41547
2026-06-30T11:07:23.342226,2026-06-30T01:07:24.246199+00:00,68.6,41,ask,,,41561
2026-06-30T11:07:23.871083,2026-06-30T01:07:24.777382+00:00,68.5,42,ask,,,41564
2026-06-30T11:07:26.024167,2026-06-30T01:07:26.927292+00:00,68.9,48,bid,,,41584
2026-06-30T11:07:27.538242,2026-06-30T01:07:28.449068+00:00,68.8,41,bid,,,41602
2026-06-30T11:07:30.518186,2026-06-30T01:07:31.428565+00:00,68.5,46,ask,,,41643
2026-06-30T11:07:31.505438,2026-06-30T01:07:32.407245+00:00,68.7,42,bid,,,41650
2026-06-30T11:07:33.477772,2026-06-30T01:07:34.385459+00:00,68.6,47,ask,,,41671
2026-06-30T11:07:34.120405,2026-06-30T01:07:35.025442+00:00,68.6,40,ask,,,41677
2026-06-30T11:07:34.470816,2026-06-30T01:07:35.372296+00:00,68.6,50,ask,,,41681
2026-06-30T11:07:36.096649,2026-06-30T01:07:37.003951+00:00,68.7,46,bid,,,41711
2026-06-30T11:07:36.582993,2026-06-30T01:07:37.483217+00:00,68.2,50,ask,,,41715
2026-06-30T11:07:38.113925,2026-06-30T01:07:39.016547+00:00,68.2,42,ask,,,41736
2026-06-30T11:07:40.097720,2026-06-30T01:07:41.004935+00:00,68.2,49,bid,,,41762
2026-06-30T11:07:40.741058,2026-06-30T01:07:41.645254+00:00,68.2,50,bid,,,41771
2026-06-30T11:07:44.051005,2026-06-30T01:07:44.951782+00:00,68.4,47,bid,,,41820
2026-06-30T11:07:45.217078,2026-06-30T01:07:46.125989+00:00,68.2,49,ask,,,41837
2026-06-30T11:07:47.345970,2026-06-30T01:07:48.255308+00:00,68.5,47,bid,,,41855
2026-06-30T11:07:47.399212,2026-06-30T01:07:48.308740+00:00,68.1,49,ask,,,41858
2026-06-30T11:07:49.079961,2026-06-30T01:07:49.984040+00:00,68.2,48,ask,,,41890
2026-06-30T11:07:49.221811,2026-06-30T01:07:50.126498+00:00,68.2,50,ask,,,41894
2026-06-30T11:07:51.326832,2026-06-30T01:07:52.237204+00:00,68.2,50,ask,,,41922
2026-06-30T11:07:52.280043,2026-06-30T01:07:53.180865+00:00,68.0,46,bid,,,41935
2026-06-30T11:07:53.434381,2026-06-30T01:07:54.344085+00:00,67.9,50,ask,,,41952
2026-06-30T11:07:54.365985,2026-06-30T01:07:55.270668+00:00,67.9,43,ask,,,41963
2026-06-30T11:07:55.539526,2026-06-30T01:07:56.448500+00:00,67.6,50,ask,,,41974
2026-06-30T11:07:57.645226,2026-06-30T01:07:58.551699+00:00,67.6,50,ask,,,42001
2026-06-30T11:07:58.504221,2026-06-30T01:07:59.414287+00:00,68.2,42,bid,,,42014
2026-06-30T11:07:58.594982,2026-06-30T01:07:59.500881+00:00,67.7,100,ask,,,42015
2026-06-30T11:07:59.750844,2026-06-30T01:08:00.657489+00:00,67.1,50,ask,,,42035
2026-06-30T11:08:00.547035,2026-06-30T01:08:01.452849+00:00,67.6,48,bid,,,42045
2026-06-30T11:08:01.603101,2026-06-30T01:08:02.507974+00:00,67.6,2,bid,,,42056
2026-06-30T11:08:01.603101,2026-06-30T01:08:02.507974+00:00,67.6,39,bid,,,42057
2026-06-30T11:08:01.703058,2026-06-30T01:08:02.607054+00:00,67.6,61,bid,,,42059
2026-06-30T11:08:01.856518,2026-06-30T01:08:02.758627+00:00,67.7,50,ask,,,42063
2026-06-30T11:08:02.127194,2026-06-30T01:08:03.031967+00:00,67.7,39,ask,,,42067
2026-06-30T11:08:02.127194,2026-06-30T01:08:03.031967+00:00,67.1,9,ask,,,42068
2026-06-30T11:08:03.962531,2026-06-30T01:08:04.868716+00:00,67.1,50,ask,,,42089
2026-06-30T11:08:04.329261,2026-06-30T01:08:05.239754+00:00,67.9,44,bid,,,42097
2026-06-30T11:08:04.867260,2026-06-30T01:08:05.773958+00:00,67.4,48,ask,,,42105
2026-06-30T11:08:04.918395,2026-06-30T01:08:05.827316+00:00,67.4,52,ask,,,42106
2026-06-30T11:08:05.220499,2026-06-30T01:08:06.131409+00:00,67.4,98,bid,,,42110
2026-06-30T11:08:05.957661,2026-06-30T01:08:06.858283+00:00,67.9,42,bid,,,42118
2026-06-30T11:08:06.068573,2026-06-30T01:08:06.978623+00:00,66.9,50,ask,,,42120
2026-06-30T11:08:08.174925,2026-06-30T01:08:09.083969+00:00,67.4,50,ask,,,42154
2026-06-30T11:08:08.656931,2026-06-30T01:08:09.562051+00:00,67.4,45,ask,,,42160
2026-06-30T11:08:10.270052,2026-06-30T01:08:11.178070+00:00,67.8,41,bid,,,42174
2026-06-30T11:08:11.190678,2026-06-30T01:08:12.103916+00:00,67.7,100,bid,,,42183
2026-06-30T11:08:11.819595,2026-06-30T01:08:12.724253+00:00,67.7,46,ask,,,42194
2026-06-30T11:08:13.315184,2026-06-30T01:08:14.220915+00:00,67.7,4,ask,,,42206
2026-06-30T11:08:14.438569,2026-06-30T01:08:15.339591+00:00,67.5,50,bid,,,42220
2026-06-30T11:08:16.543580,2026-06-30T01:08:17.449192+00:00,67.5,50,bid,,,42250
2026-06-30T11:08:18.701667,2026-06-30T01:08:19.616396+00:00,67.4,50,ask,,,42275
2026-06-30T11:08:20.806492,2026-06-30T01:08:21.730126+00:00,67.4,50,ask,,,42296
2026-06-30T11:08:22.913260,2026-06-30T01:08:23.823996+00:00,67.4,50,ask,,,42322
2026-06-30T11:08:27.073418,2026-06-30T01:08:28.021132+00:00,67.6,50,bid,,,42373
2026-06-30T11:08:29.243167,2026-06-30T01:08:30.154018+00:00,67.3,50,ask,,,42401
2026-06-30T11:08:31.297059,2026-06-30T01:08:32.247484+00:00,67.6,50,bid,,,42435
2026-06-30T11:08:33.403631,2026-06-30T01:08:34.314166+00:00,67.9,50,bid,,,42466
2026-06-30T11:08:35.519915,2026-06-30T01:08:36.424111+00:00,67.9,50,bid,,,42494
2026-06-30T11:08:37.028866,2026-06-30T01:08:37.937112+00:00,67.8,46,ask,,,42511
2026-06-30T11:08:37.676143,2026-06-30T01:08:38.588174+00:00,67.8,50,ask,,,42519
2026-06-30T11:08:38.614084,2026-06-30T01:08:39.517310+00:00,68.0,44,bid,,,42528
2026-06-30T11:08:39.659323,2026-06-30T01:08:40.560136+00:00,67.9,44,bid,,,42546
2026-06-30T11:08:39.729685,2026-06-30T01:08:40.637567+00:00,67.9,50,bid,,,42547
2026-06-30T11:08:41.899020,2026-06-30T01:08:42.838649+00:00,67.5,50,ask,,,42573
2026-06-30T11:08:43.952891,2026-06-30T01:08:44.910148+00:00,67.8,50,bid,,,42594
2026-06-30T11:08:44.898210,2026-06-30T01:08:45.800758+00:00,67.8,43,bid,,,42603
2026-06-30T11:08:44.951050,2026-06-30T01:08:45.867158+00:00,67.7,42,ask,,,42605
2026-06-30T11:08:46.110276,2026-06-30T01:08:47.020800+00:00,67.9,50,ask,,,42617
2026-06-30T11:08:47.171257,2026-06-30T01:08:48.143417+00:00,68.1,42,bid,,,42639
2026-06-30T11:08:48.215522,2026-06-30T01:08:49.155061+00:00,67.9,50,ask,,,42652
2026-06-30T11:08:48.463093,2026-06-30T01:08:49.372062+00:00,67.9,50,ask,,,42655
2026-06-30T11:08:49.164611,2026-06-30T01:08:50.122227+00:00,67.8,100,ask,,,42671
2026-06-30T11:08:50.320937,2026-06-30T01:08:51.242010+00:00,67.2,50,ask,,,42682
2026-06-30T11:08:52.425737,2026-06-30T01:08:53.350746+00:00,67.5,50,ask,,,42712
2026-06-30T11:08:53.447439,2026-06-30T01:08:54.352014+00:00,67.5,43,ask,,,42726
2026-06-30T11:08:53.918068,2026-06-30T01:08:54.851941+00:00,67.9,49,bid,,,42730
2026-06-30T11:08:54.531604,2026-06-30T01:08:55.482829+00:00,67.5,7,ask,,,42739
2026-06-30T11:08:54.531604,2026-06-30T01:08:55.482829+00:00,67.4,43,ask,,,42740
2026-06-30T11:08:56.641380,2026-06-30T01:08:57.549006+00:00,67.3,50,ask,,,42754
2026-06-30T11:08:58.726694,2026-06-30T01:08:59.657111+00:00,67.0,47,ask,,,42784
2026-06-30T11:09:00.415990,2026-06-30T01:09:01.328310+00:00,67.5,49,bid,,,42810
2026-06-30T11:09:00.798603,2026-06-30T01:09:01.708685+00:00,67.5,50,bid,,,42813
2026-06-30T11:09:01.261283,2026-06-30T01:09:02.168721+00:00,67.5,150,bid,,,42817
2026-06-30T11:09:01.753546,2026-06-30T01:09:02.658043+00:00,67.7,100,bid,,,42826
2026-06-30T11:09:02.955096,2026-06-30T01:09:03.861132+00:00,67.7,50,ask,,,42847
2026-06-30T11:09:04.964172,2026-06-30T01:09:05.874008+00:00,67.7,100,ask,,,42876
2026-06-30T11:09:05.010447,2026-06-30T01:09:05.917284+00:00,67.7,50,bid,,,42877
2026-06-30T11:09:06.667829,2026-06-30T01:09:07.578360+00:00,67.2,40,ask,,,42896
2026-06-30T11:09:08.141129,2026-06-30T01:09:09.047366+00:00,67.8,2,bid,,,42919
2026-06-30T11:09:08.273248,2026-06-30T01:09:09.177269+00:00,67.8,44,bid,,,42921
2026-06-30T11:09:08.735927,2026-06-30T01:09:09.644978+00:00,67.6,49,ask,,,42928
2026-06-30T11:09:09.271458,2026-06-30T01:09:10.177508+00:00,67.6,50,ask,,,42934
2026-06-30T11:09:09.327288,2026-06-30T01:09:10.231914+00:00,67.8,41,bid,,,42935
2026-06-30T11:09:11.379820,2026-06-30T01:09:12.287363+00:00,68.0,50,ask,,,42958
2026-06-30T11:09:13.484989,2026-06-30T01:09:14.395956+00:00,68.0,50,ask,,,42993
2026-06-30T11:09:14.972399,2026-06-30T01:09:15.875356+00:00,67.6,41,ask,,,43019
2026-06-30T11:09:15.592265,2026-06-30T01:09:16.504111+00:00,67.6,50,ask,,,43022
2026-06-30T11:09:17.699185,2026-06-30T01:09:18.606605+00:00,67.7,50,ask,,,43050
2026-06-30T11:09:19.804606,2026-06-30T01:09:20.708022+00:00,67.7,50,ask,,,43069
2026-06-30T11:09:20.164528,2026-06-30T01:09:21.067359+00:00,67.7,50,ask,,,43078
2026-06-30T11:09:23.272713,2026-06-30T01:09:24.177218+00:00,67.3,100,bid,,,43117
2026-06-30T11:09:24.693766,2026-06-30T01:09:25.601026+00:00,68.0,44,bid,,,43139
2026-06-30T11:09:26.075075,2026-06-30T01:09:26.978256+00:00,68.0,50,bid,,,43152
2026-06-30T11:09:26.332306,2026-06-30T01:09:27.238989+00:00,67.5,42,ask,,,43153
2026-06-30T11:09:26.874605,2026-06-30T01:09:27.784070+00:00,67.9,43,bid,,,43159
2026-06-30T11:09:28.181329,2026-06-30T01:09:29.089732+00:00,67.9,50,bid,,,43172
2026-06-30T11:09:28.386380,2026-06-30T01:09:29.297578+00:00,67.9,7,bid,,,43178
2026-06-30T11:09:28.386380,2026-06-30T01:09:29.297578+00:00,68.0,33,bid,,,43179
2026-06-30T11:09:28.441340,2026-06-30T01:09:29.350986+00:00,67.5,42,ask,,,43180
2026-06-30T11:09:30.287387,2026-06-30T01:09:31.188597+00:00,68.0,50,bid,,,43205
2026-06-30T11:09:32.392487,2026-06-30T01:09:33.297248+00:00,68.0,50,bid,,,43229
2026-06-30T11:09:34.499159,2026-06-30T01:09:35.407925+00:00,68.1,50,bid,,,43250
2026-06-30T11:09:34.769016,2026-06-30T01:09:35.679821+00:00,67.8,49,ask,,,43254
2026-06-30T11:09:36.621181,2026-06-30T01:09:37.529007+00:00,68.1,50,bid,,,43285
2026-06-30T11:09:38.780435,2026-06-30T01:09:39.684985+00:00,67.7,50,ask,,,43302
2026-06-30T11:09:38.944941,2026-06-30T01:09:39.847653+00:00,68.1,41,bid,,,43309
2026-06-30T11:09:40.446517,2026-06-30T01:09:41.356509+00:00,68.0,43,bid,,,43331
2026-06-30T11:09:40.888093,2026-06-30T01:09:41.790091+00:00,67.8,50,ask,,,43337
2026-06-30T11:09:42.994407,2026-06-30T01:09:43.899987+00:00,67.6,50,ask,,,43362
2026-06-30T11:09:43.175265,2026-06-30T01:09:44.086180+00:00,67.6,48,ask,,,43366
2026-06-30T11:09:45.101853,2026-06-30T01:09:46.008832+00:00,67.6,2,ask,,,43395
2026-06-30T11:09:45.101853,2026-06-30T01:09:46.008832+00:00,67.6,48,ask,,,43396
2026-06-30T11:09:45.878424,2026-06-30T01:09:46.781831+00:00,67.6,40,ask,,,43404
2026-06-30T11:09:46.521276,2026-06-30T01:09:47.424065+00:00,67.7,40,bid,,,43418
2026-06-30T11:09:47.209815,2026-06-30T01:09:48.118772+00:00,67.3,50,ask,,,43425
2026-06-30T11:09:51.338185,2026-06-30T01:09:52.247163+00:00,67.7,41,bid,,,43472
2026-06-30T11:09:53.521603,2026-06-30T01:09:54.426193+00:00,67.6,50,ask,,,43494
2026-06-30T11:09:55.487686,2026-06-30T01:09:56.391832+00:00,67.7,100,bid,,,43519
2026-06-30T11:09:55.629049,2026-06-30T01:09:56.533285+00:00,67.7,50,ask,,,43520
2026-06-30T11:09:58.703929,2026-06-30T01:09:59.611145+00:00,67.5,100,ask,,,43556
2026-06-30T11:09:59.196382,2026-06-30T01:10:00.102007+00:00,67.4,47,bid,,,43560
2026-06-30T11:09:59.786620,2026-06-30T01:10:00.688846+00:00,67.4,3,bid,,,43570
2026-06-30T11:10:00.603058,2026-06-30T01:10:01.504282+00:00,66.9,42,ask,,,43579
2026-06-30T11:10:01.892844,2026-06-30T01:10:02.798011+00:00,67.8,50,bid,,,43592
2026-06-30T11:10:02.144524,2026-06-30T01:10:03.047593+00:00,67.4,46,ask,,,43594
2026-06-30T11:10:03.998686,2026-06-30T01:10:04.907666+00:00,67.8,50,bid,,,43628
2026-06-30T11:10:05.028525,2026-06-30T01:10:05.933316+00:00,67.8,100,ask,,,43635
2026-06-30T11:10:06.105651,2026-06-30T01:10:07.007521+00:00,67.8,50,bid,,,43646
2026-06-30T11:10:07.808103,2026-06-30T01:10:08.716005+00:00,68.1,45,bid,,,43665
2026-06-30T11:10:08.135925,2026-06-30T01:10:09.041236+00:00,68.1,55,bid,,,43671
2026-06-30T11:10:09.540499,2026-06-30T01:10:10.449844+00:00,68.1,40,ask,,,43685
2026-06-30T11:10:10.363895,2026-06-30T01:10:11.266274+00:00,68.1,50,ask,,,43694
2026-06-30T11:10:12.471049,2026-06-30T01:10:13.377527+00:00,67.8,50,ask,,,43719
2026-06-30T11:10:15.295326,2026-06-30T01:10:16.206753+00:00,67.6,46,ask,,,43744
2026-06-30T11:10:16.277411,2026-06-30T01:10:17.184031+00:00,67.8,44,bid,,,43754
2026-06-30T11:10:16.629156,2026-06-30T01:10:17.532915+00:00,67.8,50,bid,,,43759
2026-06-30T11:10:18.374305,2026-06-30T01:10:19.283880+00:00,68.2,48,bid,,,43781
2026-06-30T11:10:18.792852,2026-06-30T01:10:19.697740+00:00,67.8,50,ask,,,43785
2026-06-30T11:10:22.951741,2026-06-30T01:10:23.857424+00:00,68.2,50,bid,,,43841
2026-06-30T11:10:25.074961,2026-06-30T01:10:25.977969+00:00,68.2,50,bid,,,43867
2026-06-30T11:10:26.618900,2026-06-30T01:10:27.519976+00:00,67.8,42,ask,,,43889
2026-06-30T11:10:27.232604,2026-06-30T01:10:28.139838+00:00,67.7,50,ask,,,43897
2026-06-30T11:10:27.671474,2026-06-30T01:10:28.574366+00:00,67.7,42,ask,,,43906
2026-06-30T11:10:28.293147,2026-06-30T01:10:29.196031+00:00,67.9,48,bid,,,43911
2026-06-30T11:10:29.287197,2026-06-30T01:10:30.196346+00:00,67.9,50,bid,,,43929
2026-06-30T11:10:30.264157,2026-06-30T01:10:31.165510+00:00,67.9,100,bid,,,43939
2026-06-30T11:10:31.392809,2026-06-30T01:10:32.295072+00:00,68.4,50,bid,,,43953
2026-06-30T11:10:33.500360,2026-06-30T01:10:34.410768+00:00,68.1,50,bid,,,43982
2026-06-30T11:10:35.609650,2026-06-30T01:10:36.521196+00:00,68.1,50,bid,,,44000
2026-06-30T11:10:35.970401,2026-06-30T01:10:36.882230+00:00,68.1,100,bid,,,44007
2026-06-30T11:10:37.320609,2026-06-30T01:10:38.232915+00:00,68.2,40,ask,,,44023
2026-06-30T11:10:37.733364,2026-06-30T01:10:38.636031+00:00,68.7,50,bid,,,44028
2026-06-30T11:10:39.890194,2026-06-30T01:10:40.797124+00:00,67.9,50,ask,,,44048
2026-06-30T11:10:40.050622,2026-06-30T01:10:40.959847+00:00,67.9,48,ask,,,44050
2026-06-30T11:10:43.897153,2026-06-30T01:10:44.807723+00:00,68.0,48,bid,,,44091
2026-06-30T11:10:44.050349,2026-06-30T01:10:44.958790+00:00,68.0,50,bid,,,44093
2026-06-30T11:10:45.984638,2026-06-30T01:10:46.895234+00:00,67.8,40,ask,,,44122
2026-06-30T11:10:46.206464,2026-06-30T01:10:47.112266+00:00,67.9,50,ask,,,44125
2026-06-30T11:10:48.311716,2026-06-30T01:10:49.218650+00:00,67.9,50,ask,,,44155
2026-06-30T11:10:48.613264,2026-06-30T01:10:49.524204+00:00,68.4,43,bid,,,44160
2026-06-30T11:10:49.185070,2026-06-30T01:10:50.090885+00:00,68.3,41,bid,,,44166
2026-06-30T11:10:50.365730,2026-06-30T01:10:51.271264+00:00,68.3,50,bid,,,44187
2026-06-30T11:10:50.872706,2026-06-30T01:10:51.782190+00:00,67.8,48,ask,,,44193
2026-06-30T11:10:51.499922,2026-06-30T01:10:52.410881+00:00,68.3,9,bid,,,44201
2026-06-30T11:10:51.499922,2026-06-30T01:10:52.410881+00:00,68.3,31,bid,,,44202
2026-06-30T11:10:54.574836,2026-06-30T01:10:55.477510+00:00,68.4,50,bid,,,44247
2026-06-30T11:10:55.286817,2026-06-30T01:10:56.197962+00:00,67.9,41,ask,,,44262
2026-06-30T11:10:56.679125,2026-06-30T01:10:57.590995+00:00,68.3,50,bid,,,44279
2026-06-30T11:10:56.813331,2026-06-30T01:10:57.720904+00:00,68.3,42,bid,,,44281
2026-06-30T11:10:56.887544,2026-06-30T01:10:57.797940+00:00,67.9,41,ask,,,44284
2026-06-30T11:10:58.703975,2026-06-30T01:10:59.613395+00:00,68.3,100,bid,,,44311
2026-06-30T11:10:58.836596,2026-06-30T01:10:59.745302+00:00,68.3,50,ask,,,44314
2026-06-30T11:10:59.103628,2026-06-30T01:11:00.007028+00:00,67.8,42,ask,,,44318
2026-06-30T11:11:00.943337,2026-06-30T01:11:01.854186+00:00,67.8,50,ask,,,44340
2026-06-30T11:11:02.997433,2026-06-30T01:11:03.907520+00:00,68.2,50,bid,,,44363
2026-06-30T11:11:05.705224,2026-06-30T01:11:06.613905+00:00,68.2,47,bid,,,44401
2026-06-30T11:11:07.258048,2026-06-30T01:11:08.167399+00:00,67.8,50,ask,,,44426
2026-06-30T11:11:08.609766,2026-06-30T01:11:09.516101+00:00,68.1,45,bid,,,44445
2026-06-30T11:11:09.363951,2026-06-30T01:11:10.267238+00:00,67.9,50,ask,,,44455
2026-06-30T11:11:11.470527,2026-06-30T01:11:12.375363+00:00,68.0,50,ask,,,44475
2026-06-30T11:11:12.574836,2026-06-30T01:11:13.483309+00:00,68.0,42,ask,,,44493
2026-06-30T11:11:13.806404,2026-06-30T01:11:14.718262+00:00,68.3,45,bid,,,44513
2026-06-30T11:11:14.506496,2026-06-30T01:11:15.416877+00:00,68.1,100,bid,,,44518
2026-06-30T11:11:14.954573,2026-06-30T01:11:15.862245+00:00,68.1,43,ask,,,44526
2026-06-30T11:11:15.584507,2026-06-30T01:11:16.491963+00:00,68.1,7,ask,,,44531
2026-06-30T11:11:17.312880,2026-06-30T01:11:18.218154+00:00,68.4,41,bid,,,44554
2026-06-30T11:11:17.750545,2026-06-30T01:11:18.655179+00:00,68.0,50,bid,,,44564
2026-06-30T11:11:19.857630,2026-06-30T01:11:20.768776+00:00,68.0,50,bid,,,44587
2026-06-30T11:11:20.028901,2026-06-30T01:11:20.931821+00:00,68.0,49,bid,,,44588
2026-06-30T11:11:21.962183,2026-06-30T01:11:22.868372+00:00,68.4,50,bid,,,44615
2026-06-30T11:11:24.067271,2026-06-30T01:11:24.969693+00:00,68.6,50,bid,,,44637
2026-06-30T11:11:24.171579,2026-06-30T01:11:25.078924+00:00,68.2,42,ask,,,44645
2026-06-30T11:11:26.173090,2026-06-30T01:11:27.077334+00:00,68.6,50,bid,,,44664
2026-06-30T11:11:27.142693,2026-06-30T01:11:28.046513+00:00,68.6,100,bid,,,44680
2026-06-30T11:11:28.278291,2026-06-30T01:11:29.188763+00:00,69.1,50,bid,,,44697
2026-06-30T11:11:28.943145,2026-06-30T01:11:29.850773+00:00,68.6,50,ask,,,44706
2026-06-30T11:11:30.390305,2026-06-30T01:11:31.297829+00:00,68.4,50,bid,,,44726
2026-06-30T11:11:30.434765,2026-06-30T01:11:31.341155+00:00,68.2,46,ask,,,44727
2026-06-30T11:11:30.910637,2026-06-30T01:11:31.817955+00:00,68.2,49,ask,,,44731
2026-06-30T11:11:32.437762,2026-06-30T01:11:33.349903+00:00,68.2,5,ask,,,44754
2026-06-30T11:11:32.495168,2026-06-30T01:11:33.405265+00:00,68.4,50,bid,,,44755
2026-06-30T11:11:33.539606,2026-06-30T01:11:34.447361+00:00,68.2,44,ask,,,44768
2026-06-30T11:11:34.608901,2026-06-30T01:11:35.511824+00:00,68.3,50,bid,,,44780
2026-06-30T11:11:38.900141,2026-06-30T01:11:39.807733+00:00,68.1,50,ask,,,44838
2026-06-30T11:11:39.467175,2026-06-30T01:11:40.373613+00:00,68.4,41,bid,,,44842
2026-06-30T11:11:40.558547,2026-06-30T01:11:41.463066+00:00,68.4,41,bid,,,44854
2026-06-30T11:11:40.953787,2026-06-30T01:11:41.865327+00:00,68.4,18,bid,,,44856
2026-06-30T11:11:40.953787,2026-06-30T01:11:41.865327+00:00,68.7,32,bid,,,44857
2026-06-30T11:11:42.086586,2026-06-30T01:11:42.996135+00:00,68.2,41,ask,,,44875
2026-06-30T11:11:42.677350,2026-06-30T01:11:43.582190+00:00,68.2,40,ask,,,44883
2026-06-30T11:11:43.065030,2026-06-30T01:11:43.975308+00:00,68.4,50,bid,,,44890
2026-06-30T11:11:43.259039,2026-06-30T01:11:44.169026+00:00,68.4,42,bid,,,44892
2026-06-30T11:11:44.781858,2026-06-30T01:11:45.688643+00:00,68.4,44,bid,,,44907
2026-06-30T11:11:45.171223,2026-06-30T01:11:46.082153+00:00,68.4,14,bid,,,44912
2026-06-30T11:11:45.171223,2026-06-30T01:11:46.082153+00:00,68.6,36,bid,,,44913
2026-06-30T11:11:45.429919,2026-06-30T01:11:46.332951+00:00,68.1,43,ask,,,44917
2026-06-30T11:11:45.984929,2026-06-30T01:11:46.887664+00:00,68.7,42,bid,,,44922
2026-06-30T11:11:46.153208,2026-06-30T01:11:47.062862+00:00,68.5,150,ask,,,44927
2026-06-30T11:11:47.277566,2026-06-30T01:11:48.185982+00:00,68.7,50,bid,,,44939
2026-06-30T11:11:49.357411,2026-06-30T01:11:50.266583+00:00,68.5,100,ask,,,44960
2026-06-30T11:11:51.538876,2026-06-30T01:11:52.447562+00:00,67.9,50,ask,,,44976
2026-06-30T11:11:52.096391,2026-06-30T01:11:53.001908+00:00,68.1,41,ask,,,44990
2026-06-30T11:11:52.667055,2026-06-30T01:11:53.577992+00:00,68.6,47,bid,,,44998
2026-06-30T11:11:53.645845,2026-06-30T01:11:54.555578+00:00,68.1,50,ask,,,45006
2026-06-30T11:11:56.579016,2026-06-30T01:11:57.483058+00:00,68.6,47,bid,,,45041
2026-06-30T11:11:57.806939,2026-06-30T01:11:58.712880+00:00,68.6,50,bid,,,45057
2026-06-30T11:12:01.029654,2026-06-30T01:12:01.936138+00:00,68.6,43,ask,,,45107
2026-06-30T11:12:01.568014,2026-06-30T01:12:02.478404+00:00,68.4,44,ask,,,45117
2026-06-30T11:12:02.017357,2026-06-30T01:12:02.925429+00:00,68.7,50,bid,,,45129
2026-06-30T11:12:02.929546,2026-06-30T01:12:03.837526+00:00,68.7,43,bid,,,45134
2026-06-30T11:12:03.978184,2026-06-30T01:12:04.883130+00:00,68.4,43,ask,,,45144
2026-06-30T11:12:04.123539,2026-06-30T01:12:05.026098+00:00,68.7,50,bid,,,45148
2026-06-30T11:12:06.230888,2026-06-30T01:12:07.141009+00:00,68.8,50,bid,,,45170
2026-06-30T11:12:08.388202,2026-06-30T01:12:09.296495+00:00,68.6,50,ask,,,45208
2026-06-30T11:12:10.493570,2026-06-30T01:12:11.405022+00:00,68.6,50,ask,,,45227
2026-06-30T11:12:11.102009,2026-06-30T01:12:12.014381+00:00,68.6,45,ask,,,45233
2026-06-30T11:12:12.598833,2026-06-30T01:12:13.504376+00:00,68.5,50,ask,,,45254
2026-06-30T11:12:14.705013,2026-06-30T01:12:15.608970+00:00,68.3,50,ask,,,45278
2026-06-30T11:12:16.812356,2026-06-30T01:12:17.717447+00:00,68.3,50,ask,,,45309
2026-06-30T11:12:21.021883,2026-06-30T01:12:21.944021+00:00,68.0,50,ask,,,45376
2026-06-30T11:12:23.076914,2026-06-30T01:12:23.988392+00:00,68.4,50,bid,,,45401
2026-06-30T11:12:23.316952,2026-06-30T01:12:24.228093+00:00,68.4,44,bid,,,45402
2026-06-30T11:12:23.798142,2026-06-30T01:12:24.707275+00:00,68.5,48,bid,,,45407
2026-06-30T11:12:25.183401,2026-06-30T01:12:26.094821+00:00,68.5,50,bid,,,45420
2026-06-30T11:12:25.486023,2026-06-30T01:12:26.388305+00:00,68.1,40,ask,,,45422
2026-06-30T11:12:27.291000,2026-06-30T01:12:28.196335+00:00,68.5,50,bid,,,45442
2026-06-30T11:12:29.063986,2026-06-30T01:12:29.968456+00:00,68.4,45,ask,,,45461
2026-06-30T11:12:29.395607,2026-06-30T01:12:30.306124+00:00,68.5,50,bid,,,45468
2026-06-30T11:12:30.172381,2026-06-30T01:12:31.077561+00:00,68.9,44,bid,,,45478
2026-06-30T11:12:31.404744,2026-06-30T01:12:32.317335+00:00,68.9,48,bid,,,45497
2026-06-30T11:12:31.503379,2026-06-30T01:12:32.415011+00:00,68.9,50,bid,,,45499
2026-06-30T11:12:33.611943,2026-06-30T01:12:34.524384+00:00,69.1,50,bid,,,45516
2026-06-30T11:12:34.756517,2026-06-30T01:12:35.666300+00:00,68.9,42,ask,,,45532
2026-06-30T11:12:35.722406,2026-06-30T01:12:36.627518+00:00,69.1,50,bid,,,45542
2026-06-30T11:12:36.852445,2026-06-30T01:12:37.758683+00:00,68.6,47,ask,,,45555
2026-06-30T11:12:37.880751,2026-06-30T01:12:38.787580+00:00,68.6,50,ask,,,45570
2026-06-30T11:12:42.097427,2026-06-30T01:12:43.009972+00:00,68.5,50,ask,,,45632
2026-06-30T11:12:44.203875,2026-06-30T01:12:45.108104+00:00,68.3,50,ask,,,45654
2026-06-30T11:12:46.175847,2026-06-30T01:12:47.085113+00:00,68.7,49,bid,,,45674
2026-06-30T11:12:46.310334,2026-06-30T01:12:47.215495+00:00,68.2,50,ask,,,45677
2026-06-30T11:12:48.281151,2026-06-30T01:12:49.185343+00:00,68.2,41,ask,,,45708
2026-06-30T11:12:48.417260,2026-06-30T01:12:49.327273+00:00,68.2,9,ask,,,45711
2026-06-30T11:12:48.417260,2026-06-30T01:12:49.327273+00:00,68.0,41,ask,,,45712
2026-06-30T11:12:50.524540,2026-06-30T01:12:51.427962+00:00,68.0,50,ask,,,45735
2026-06-30T11:12:51.424467,2026-06-30T01:12:52.332976+00:00,68.2,46,bid,,,45749
2026-06-30T11:12:54.683998,2026-06-30T01:12:55.587850+00:00,68.2,50,bid,,,45787
2026-06-30T11:12:55.084126,2026-06-30T01:12:55.989046+00:00,68.2,48,bid,,,45796
2026-06-30T11:12:55.138390,2026-06-30T01:12:56.044395+00:00,67.7,49,ask,,,45798
2026-06-30T11:12:56.729182,2026-06-30T01:12:57.639885+00:00,68.1,47,bid,,,45815
2026-06-30T11:12:56.840503,2026-06-30T01:12:57.748596+00:00,67.8,50,ask,,,45816
2026-06-30T11:12:58.946918,2026-06-30T01:12:59.852049+00:00,67.7,50,ask,,,45843
2026-06-30T11:12:59.702051,2026-06-30T01:13:00.612934+00:00,67.7,45,ask,,,45855
2026-06-30T11:13:01.002544,2026-06-30T01:13:01.906245+00:00,68.1,50,bid,,,45868
2026-06-30T11:13:03.125316,2026-06-30T01:13:04.037477+00:00,67.9,47,ask,,,45898
2026-06-30T11:13:03.659975,2026-06-30T01:13:04.569739+00:00,68.0,46,bid,,,45908
2026-06-30T11:13:04.151856,2026-06-30T01:13:05.059633+00:00,67.9,48,ask,,,45918
2026-06-30T11:13:04.619809,2026-06-30T01:13:05.527449+00:00,68.4,43,bid,,,45923
2026-06-30T11:13:05.262426,2026-06-30T01:13:06.167881+00:00,68.0,50,ask,,,45924
2026-06-30T11:13:07.367075,2026-06-30T01:13:08.276257+00:00,68.0,50,ask,,,45949
2026-06-30T11:13:09.474558,2026-06-30T01:13:10.387352+00:00,67.7,50,ask,,,45976
2026-06-30T11:13:11.580139,2026-06-30T01:13:12.485129+00:00,67.6,50,ask,,,45997
2026-06-30T11:13:13.687338,2026-06-30T01:13:14.599960+00:00,67.6,50,ask,,,46025
2026-06-30T11:13:14.224998,2026-06-30T01:13:15.132065+00:00,67.8,100,bid,,,46037
2026-06-30T11:13:15.802542,2026-06-30T01:13:16.718002+00:00,67.3,50,ask,,,46065
2026-06-30T11:13:16.202346,2026-06-30T01:13:17.110907+00:00,67.8,40,bid,,,46071
2026-06-30T11:13:17.872690,2026-06-30T01:13:18.778318+00:00,67.8,48,bid,,,46096
2026-06-30T11:13:17.909418,2026-06-30T01:13:18.822122+00:00,67.4,50,ask,,,46101
2026-06-30T11:13:18.873126,2026-06-30T01:13:19.778710+00:00,67.4,40,ask,,,46108
2026-06-30T11:13:19.435601,2026-06-30T01:13:20.347221+00:00,67.4,40,ask,,,46115
2026-06-30T11:13:21.013292,2026-06-30T01:13:21.924261+00:00,67.4,100,ask,,,46141
2026-06-30T11:13:21.028650,2026-06-30T01:13:21.935325+00:00,67.3,50,bid,,,46143
2026-06-30T11:13:22.066398,2026-06-30T01:13:22.978871+00:00,67.9,50,bid,,,46159
2026-06-30T11:13:22.714534,2026-06-30T01:13:23.620672+00:00,67.9,43,bid,,,46166
2026-06-30T11:13:23.716869,2026-06-30T01:13:24.621186+00:00,67.2,44,ask,,,46182
2026-06-30T11:13:24.173286,2026-06-30T01:13:25.078971+00:00,67.7,50,bid,,,46187
2026-06-30T11:13:26.278149,2026-06-30T01:13:27.187228+00:00,67.7,50,bid,,,46207
2026-06-30T11:13:26.592678,2026-06-30T01:13:27.502911+00:00,67.8,44,bid,,,46211
2026-06-30T11:13:28.406400,2026-06-30T01:13:29.311144+00:00,67.9,50,bid,,,46227
2026-06-30T11:13:30.512877,2026-06-30T01:13:31.418743+00:00,67.8,50,bid,,,46267
2026-06-30T11:13:32.617937,2026-06-30T01:13:33.527505+00:00,67.8,50,bid,,,46293
2026-06-30T11:13:33.028522,2026-06-30T01:13:33.941919+00:00,67.8,100,ask,,,46301
2026-06-30T11:13:38.980843,2026-06-30T01:13:39.886140+00:00,67.4,50,ask,,,46367
2026-06-30T11:13:41.035776,2026-06-30T01:13:41.943014+00:00,67.6,50,bid,,,46394
2026-06-30T11:13:43.142370,2026-06-30T01:13:44.047844+00:00,67.8,50,bid,,,46413
2026-06-30T11:13:44.013171,2026-06-30T01:13:44.918760+00:00,67.4,47,ask,,,46428
2026-06-30T11:13:44.928138,2026-06-30T01:13:45.830721+00:00,67.4,45,ask,,,46437
2026-06-30T11:13:47.372318,2026-06-30T01:13:48.277317+00:00,67.7,50,bid,,,46471
2026-06-30T11:13:48.063214,2026-06-30T01:13:48.972899+00:00,67.7,44,bid,,,46481
2026-06-30T11:13:48.208735,2026-06-30T01:13:49.115395+00:00,67.4,50,ask,,,46486
2026-06-30T11:13:51.632607,2026-06-30T01:13:52.545174+00:00,67.0,50,ask,,,46522
2026-06-30T11:13:52.310592,2026-06-30T01:13:53.220824+00:00,67.4,44,bid,,,46530
2026-06-30T11:13:55.392229,2026-06-30T01:13:56.298905+00:00,67.2,47,ask,,,46573
2026-06-30T11:13:55.843532,2026-06-30T01:13:56.755592+00:00,67.4,50,ask,,,46584
2026-06-30T11:13:57.950162,2026-06-30T01:13:58.856943+00:00,67.4,50,ask,,,46613
2026-06-30T11:13:59.539395,2026-06-30T01:14:00.446406+00:00,67.3,43,bid,,,46635
2026-06-30T11:14:00.056318,2026-06-30T01:14:00.967422+00:00,67.1,50,ask,,,46642
2026-06-30T11:14:00.704654,2026-06-30T01:14:01.607240+00:00,67.3,46,bid,,,46649
2026-06-30T11:14:00.758353,2026-06-30T01:14:01.661112+00:00,67.1,48,ask,,,46650
2026-06-30T11:14:01.507719,2026-06-30T01:14:02.420920+00:00,66.9,100,bid,,,46666
2026-06-30T11:14:02.162474,2026-06-30T01:14:03.074450+00:00,67.3,50,ask,,,46678
2026-06-30T11:14:04.269144,2026-06-30T01:14:05.176156+00:00,67.3,50,ask,,,46691
2026-06-30T11:14:04.890455,2026-06-30T01:14:05.795016+00:00,67.4,47,bid,,,46700
2026-06-30T11:14:04.944666,2026-06-30T01:14:05.848426+00:00,67.3,46,ask,,,46701
2026-06-30T11:14:05.264647,2026-06-30T01:14:06.176058+00:00,67.2,100,bid,,,46707
2026-06-30T11:14:05.906663,2026-06-30T01:14:06.815433+00:00,67.2,44,bid,,,46714
2026-06-30T11:14:06.325426,2026-06-30T01:14:07.236302+00:00,67.2,6,bid,,,46718
2026-06-30T11:14:08.482712,2026-06-30T01:14:09.388488+00:00,67.3,50,ask,,,46749
2026-06-30T11:14:10.592534,2026-06-30T01:14:11.504164+00:00,67.3,50,ask,,,46780
2026-06-30T11:14:12.696711,2026-06-30T01:14:13.604960+00:00,67.4,50,ask,,,46810
2026-06-30T11:14:14.806829,2026-06-30T01:14:15.716254+00:00,67.1,50,ask,,,46834
2026-06-30T11:14:15.959414,2026-06-30T01:14:16.867701+00:00,67.1,41,ask,,,46842
2026-06-30T11:14:16.446600,2026-06-30T01:14:17.357525+00:00,67.1,9,ask,,,46851
2026-06-30T11:14:16.446600,2026-06-30T01:14:17.357525+00:00,67.1,36,ask,,,46852
2026-06-30T11:14:16.914292,2026-06-30T01:14:17.826235+00:00,67.1,50,ask,,,46856
2026-06-30T11:14:16.938647,2026-06-30T01:14:17.847941+00:00,67.6,43,bid,,,46857
2026-06-30T11:14:18.073943,2026-06-30T01:14:18.977143+00:00,67.3,42,bid,,,46872
2026-06-30T11:14:19.021937,2026-06-30T01:14:19.927051+00:00,67.0,50,ask,,,46879
2026-06-30T11:14:21.127375,2026-06-30T01:14:22.036373+00:00,66.9,50,ask,,,46905
2026-06-30T11:14:23.238718,2026-06-30T01:14:24.148740+00:00,66.9,50,ask,,,46925
2026-06-30T11:14:25.294522,2026-06-30T01:14:26.204271+00:00,67.0,50,bid,,,46952
2026-06-30T11:14:26.385138,2026-06-30T01:14:27.290026+00:00,67.0,41,bid,,,46967
2026-06-30T11:14:26.933767,2026-06-30T01:14:27.846231+00:00,66.9,48,ask,,,46973
2026-06-30T11:14:27.399482,2026-06-30T01:14:28.312015+00:00,67.2,50,bid,,,46980
2026-06-30T11:14:27.518861,2026-06-30T01:14:28.421781+00:00,66.8,40,ask,,,46983
2026-06-30T11:14:28.102932,2026-06-30T01:14:29.009763+00:00,66.8,41,ask,,,46994
2026-06-30T11:14:29.519171,2026-06-30T01:14:30.426735+00:00,67.2,50,bid,,,47007
2026-06-30T11:14:29.786724,2026-06-30T01:14:30.698105+00:00,67.3,45,bid,,,47014
2026-06-30T11:14:30.326568,2026-06-30T01:14:31.229727+00:00,67.3,47,bid,,,47016
2026-06-30T11:14:30.886518,2026-06-30T01:14:31.793970+00:00,67.0,43,ask,,,47020
2026-06-30T11:14:31.626172,2026-06-30T01:14:32.534308+00:00,67.2,50,bid,,,47030
2026-06-30T11:14:33.732657,2026-06-30T01:14:34.637270+00:00,67.4,50,bid,,,47060
2026-06-30T11:14:35.837681,2026-06-30T01:14:36.746456+00:00,67.4,50,bid,,,47091
2026-06-30T11:14:37.942977,2026-06-30T01:14:38.850999+00:00,67.5,50,bid,,,47124
2026-06-30T11:14:38.884100,2026-06-30T01:14:39.796420+00:00,67.2,42,ask,,,47129
2026-06-30T11:14:39.406905,2026-06-30T01:14:40.318009+00:00,67.5,40,bid,,,47145
2026-06-30T11:14:39.995714,2026-06-30T01:14:40.904194+00:00,67.4,48,ask,,,47149
2026-06-30T11:14:40.048384,2026-06-30T01:14:40.958078+00:00,67.7,50,bid,,,47150
2026-06-30T11:14:40.991508,2026-06-30T01:14:41.894384+00:00,67.4,44,ask,,,47159
2026-06-30T11:14:42.153812,2026-06-30T01:14:43.067336+00:00,67.7,50,bid,,,47174
2026-06-30T11:14:43.532207,2026-06-30T01:14:44.437581+00:00,67.5,42,bid,,,47193
2026-06-30T11:14:44.006062,2026-06-30T01:14:44.914199+00:00,67.4,42,ask,,,47200
2026-06-30T11:14:44.310225,2026-06-30T01:14:45.217671+00:00,67.4,50,ask,,,47201
2026-06-30T11:14:46.366276,2026-06-30T01:14:47.270764+00:00,67.5,50,bid,,,47226
2026-06-30T11:14:48.473797,2026-06-30T01:14:49.386344+00:00,67.5,50,bid,,,47253
2026-06-30T11:14:50.401396,2026-06-30T01:14:51.306091+00:00,67.6,47,bid,,,47271
2026-06-30T11:14:50.579818,2026-06-30T01:14:51.488301+00:00,67.6,50,bid,,,47273
2026-06-30T11:14:51.092254,2026-06-30T01:14:52.001017+00:00,67.4,49,ask,,,47283
2026-06-30T11:14:52.687165,2026-06-30T01:14:53.598406+00:00,67.8,50,bid,,,47301
2026-06-30T11:14:54.560992,2026-06-30T01:14:55.467588+00:00,67.8,40,bid,,,47318
2026-06-30T11:14:54.844277,2026-06-30T01:14:55.751095+00:00,67.6,50,ask,,,47328
2026-06-30T11:14:55.202720,2026-06-30T01:14:56.109060+00:00,67.6,41,ask,,,47334
2026-06-30T11:14:58.221831,2026-06-30T01:14:59.126123+00:00,67.6,43,bid,,,47377
2026-06-30T11:14:58.849020,2026-06-30T01:14:59.758199+00:00,67.6,45,bid,,,47382
2026-06-30T11:14:59.002602,2026-06-30T01:14:59.911835+00:00,68.0,50,bid,,,47388
2026-06-30T11:15:01.110729,2026-06-30T01:15:02.017261+00:00,67.9,50,bid,,,47410
2026-06-30T11:15:01.519531,2026-06-30T01:15:02.430993+00:00,67.6,100,ask,,,47414
2026-06-30T11:15:02.579218,2026-06-30T01:15:03.488248+00:00,67.4,46,ask,,,47434
2026-06-30T11:15:03.216377,2026-06-30T01:15:04.128595+00:00,67.9,50,bid,,,47441
2026-06-30T11:15:05.372971,2026-06-30T01:15:06.285157+00:00,67.4,50,ask,,,47462
2026-06-30T11:15:05.817776,2026-06-30T01:15:06.729712+00:00,67.4,44,ask,,,47470
2026-06-30T11:15:06.716022,2026-06-30T01:15:07.618721+00:00,67.4,56,ask,,,47476
2026-06-30T11:15:07.478672,2026-06-30T01:15:08.382075+00:00,67.1,50,ask,,,47492
2026-06-30T11:15:10.005025,2026-06-30T01:15:10.917223+00:00,67.6,47,bid,,,47521
2026-06-30T11:15:11.655222,2026-06-30T01:15:12.560161+00:00,67.5,100,ask,,,47544
2026-06-30T11:15:13.805295,2026-06-30T01:15:14.717546+00:00,66.9,50,ask,,,47571
2026-06-30T11:15:14.239455,2026-06-30T01:15:15.152073+00:00,67.4,46,bid,,,47579
2026-06-30T11:15:14.872987,2026-06-30T01:15:15.781114+00:00,67.3,44,ask,,,47586
2026-06-30T11:15:15.353293,2026-06-30T01:15:16.261039+00:00,67.3,42,ask,,,47592
2026-06-30T11:15:15.872464,2026-06-30T01:15:16.782136+00:00,67.4,50,bid,,,47598
2026-06-30T11:15:18.031594,2026-06-30T01:15:18.938456+00:00,67.1,50,ask,,,47625
2026-06-30T11:15:18.304955,2026-06-30T01:15:19.209742+00:00,67.5,43,bid,,,47631
2026-06-30T11:15:20.146723,2026-06-30T01:15:21.057267+00:00,67.1,50,ask,,,47653
2026-06-30T11:15:22.252375,2026-06-30T01:15:23.160081+00:00,67.2,50,ask,,,47680
2026-06-30T11:15:22.455682,2026-06-30T01:15:23.368206+00:00,67.3,100,bid,,,47684
2026-06-30T11:15:24.358055,2026-06-30T01:15:25.264315+00:00,67.3,50,ask,,,47704
2026-06-30T11:15:26.197748,2026-06-30T01:15:27.108947+00:00,67.6,42,bid,,,47722
2026-06-30T11:15:26.464943,2026-06-30T01:15:27.369754+00:00,67.3,50,ask,,,47724
2026-06-30T11:15:27.670368,2026-06-30T01:15:28.577441+00:00,67.3,48,ask,,,47739
2026-06-30T11:15:28.570507,2026-06-30T01:15:29.480069+00:00,67.3,50,ask,,,47757
2026-06-30T11:15:30.676994,2026-06-30T01:15:31.581013+00:00,67.1,50,ask,,,47787
2026-06-30T11:15:32.266493,2026-06-30T01:15:33.178342+00:00,67.6,48,bid,,,47810
2026-06-30T11:15:32.783699,2026-06-30T01:15:33.689742+00:00,67.1,50,ask,,,47821
2026-06-30T11:15:33.432096,2026-06-30T01:15:34.344005+00:00,67.4,48,bid,,,47827
2026-06-30T11:15:34.891124,2026-06-30T01:15:35.799070+00:00,67.0,50,ask,,,47851
2026-06-30T11:15:36.945307,2026-06-30T01:15:37.855004+00:00,67.1,56,bid,,,47875
2026-06-30T11:15:36.998680,2026-06-30T01:15:37.907897+00:00,67.0,50,ask,,,47877
2026-06-30T11:15:39.102865,2026-06-30T01:15:40.011138+00:00,67.0,50,ask,,,47899
2026-06-30T11:15:40.425802,2026-06-30T01:15:41.338216+00:00,66.9,44,ask,,,47916
2026-06-30T11:15:41.156194,2026-06-30T01:15:42.065162+00:00,67.3,50,bid,,,47921
2026-06-30T11:15:42.409953,2026-06-30T01:15:43.319223+00:00,66.9,44,ask,,,47943
2026-06-30T11:15:42.660009,2026-06-30T01:15:43.568866+00:00,66.8,100,ask,,,47948
2026-06-30T11:15:42.983884,2026-06-30T01:15:43.896502+00:00,67.3,48,bid,,,47953
2026-06-30T11:15:44.064522,2026-06-30T01:15:44.973011+00:00,67.4,46,bid,,,47968
2026-06-30T11:15:44.667305,2026-06-30T01:15:45.571087+00:00,66.9,47,ask,,,47975
2026-06-30T11:15:45.160725,2026-06-30T01:15:46.073936+00:00,67.4,40,bid,,,47982
2026-06-30T11:15:45.364174,2026-06-30T01:15:46.270107+00:00,67.4,50,bid,,,47984
2026-06-30T11:15:46.397105,2026-06-30T01:15:47.306382+00:00,67.2,100,bid,,,48000
2026-06-30T11:15:46.746557,2026-06-30T01:15:47.654312+00:00,67.2,46,ask,,,48003
2026-06-30T11:15:47.469727,2026-06-30T01:15:48.381820+00:00,67.7,50,bid,,,48014
2026-06-30T11:15:49.461957,2026-06-30T01:15:50.372935+00:00,67.2,4,ask,,,48041
2026-06-30T11:15:49.461957,2026-06-30T01:15:50.372935+00:00,66.9,38,ask,,,48042
2026-06-30T11:15:49.627035,2026-06-30T01:15:50.537448+00:00,66.9,50,ask,,,48043
2026-06-30T11:15:50.025364,2026-06-30T01:15:50.937726+00:00,67.3,48,bid,,,48047
2026-06-30T11:15:51.681079,2026-06-30T01:15:52.592204+00:00,67.3,50,bid,,,48073
2026-06-30T11:15:52.716889,2026-06-30T01:15:53.627184+00:00,67.1,100,bid,,,48087
2026-06-30T11:15:56.180399,2026-06-30T01:15:57.093240+00:00,67.3,49,bid,,,48135
2026-06-30T11:15:57.473504,2026-06-30T01:15:58.377973+00:00,66.9,40,ask,,,48147
2026-06-30T11:15:57.993757,2026-06-30T01:15:58.899681+00:00,67.3,50,bid,,,48155
2026-06-30T11:15:57.997605,2026-06-30T01:15:58.910730+00:00,67.3,46,bid,,,48156
2026-06-30T11:15:59.035338,2026-06-30T01:15:59.942212+00:00,67.3,100,bid,,,48174
2026-06-30T11:16:00.495736,2026-06-30T01:16:01.398904+00:00,67.3,46,ask,,,48190
2026-06-30T11:16:02.219103,2026-06-30T01:16:03.129738+00:00,67.6,50,bid,,,48211
2026-06-30T11:16:06.447853,2026-06-30T01:16:07.361107+00:00,67.3,41,ask,,,48256
2026-06-30T11:16:06.481264,2026-06-30T01:16:07.394323+00:00,67.3,50,ask,,,48258
2026-06-30T11:16:07.026737,2026-06-30T01:16:07.936519+00:00,67.4,42,bid,,,48267
2026-06-30T11:16:08.536466,2026-06-30T01:16:09.447223+00:00,67.5,50,bid,,,48282
2026-06-30T11:16:09.170725,2026-06-30T01:16:10.077593+00:00,67.0,41,ask,,,48293
2026-06-30T11:16:10.694031,2026-06-30T01:16:11.605001+00:00,67.0,50,ask,,,48315
2026-06-30T11:16:12.629910,2026-06-30T01:16:13.537230+00:00,67.3,44,bid,,,48340
2026-06-30T11:16:14.054260,2026-06-30T01:16:14.959994+00:00,67.3,43,bid,,,48358
2026-06-30T11:16:14.923508,2026-06-30T01:16:15.831004+00:00,67.1,50,ask,,,48373
2026-06-30T11:16:17.042628,2026-06-30T01:16:17.954242+00:00,67.1,50,ask,,,48399
2026-06-30T11:16:19.148738,2026-06-30T01:16:20.056153+00:00,66.9,50,ask,,,48427
2026-06-30T11:16:21.256135,2026-06-30T01:16:22.164240+00:00,66.8,50,ask,,,48462
2026-06-30T11:16:22.636246,2026-06-30T01:16:23.545146+00:00,66.8,45,ask,,,48486
2026-06-30T11:16:23.311103,2026-06-30T01:16:24.220839+00:00,67.1,50,bid,,,48494
2026-06-30T11:16:24.111182,2026-06-30T01:16:25.015161+00:00,67.2,46,bid,,,48504
2026-06-30T11:16:25.418674,2026-06-30T01:16:26.326190+00:00,66.9,50,bid,,,48524
2026-06-30T11:16:26.872246,2026-06-30T01:16:27.783044+00:00,66.9,100,bid,,,48542
2026-06-30T11:16:29.679215,2026-06-30T01:16:30.587493+00:00,67.3,50,ask,,,48573
2026-06-30T11:16:30.083690,2026-06-30T01:16:30.988695+00:00,67.3,100,ask,,,48575
2026-06-30T11:16:30.563372,2026-06-30T01:16:31.467449+00:00,66.8,46,ask,,,48596
2026-06-30T11:16:31.092219,2026-06-30T01:16:31.998643+00:00,66.8,41,ask,,,48603
2026-06-30T11:16:31.785657,2026-06-30T01:16:32.696300+00:00,66.8,13,ask,,,48607
2026-06-30T11:16:31.785657,2026-06-30T01:16:32.696300+00:00,66.6,37,ask,,,48608
2026-06-30T11:16:33.893254,2026-06-30T01:16:34.804330+00:00,66.7,50,ask,,,48630
2026-06-30T11:16:35.220650,2026-06-30T01:16:36.132546+00:00,67.0,44,bid,,,48649
2026-06-30T11:16:35.997622,2026-06-30T01:16:36.904233+00:00,66.7,50,ask,,,48654
2026-06-30T11:16:36.380462,2026-06-30T01:16:37.284216+00:00,67.0,46,bid,,,48664
2026-06-30T11:16:36.952217,2026-06-30T01:16:37.858688+00:00,67.0,100,bid,,,48670
2026-06-30T11:16:37.960717,2026-06-30T01:16:38.870680+00:00,67.0,41,ask,,,48690
2026-06-30T11:16:38.104272,2026-06-30T01:16:39.010178+00:00,67.0,9,ask,,,48691
2026-06-30T11:16:40.210209,2026-06-30T01:16:41.118943+00:00,66.8,50,ask,,,48715
2026-06-30T11:16:42.217563,2026-06-30T01:16:43.129964+00:00,67.0,48,bid,,,48735
2026-06-30T11:16:42.316562,2026-06-30T01:16:43.228682+00:00,66.8,50,ask,,,48736
2026-06-30T11:16:44.422446,2026-06-30T01:16:45.327604+00:00,66.6,50,ask,,,48758
2026-06-30T11:16:44.771589,2026-06-30T01:16:45.675968+00:00,67.1,44,bid,,,48769
2026-06-30T11:16:46.313890,2026-06-30T01:16:47.223983+00:00,66.6,41,ask,,,48791
2026-06-30T11:16:46.527183,2026-06-30T01:16:47.440083+00:00,66.6,50,ask,,,48795
2026-06-30T11:16:46.932438,2026-06-30T01:16:47.844284+00:00,66.9,42,bid,,,48800
2026-06-30T11:16:48.583884,2026-06-30T01:16:49.494340+00:00,66.9,50,bid,,,48821
2026-06-30T11:16:50.688962,2026-06-30T01:16:51.593079+00:00,67.0,50,bid,,,48850
2026-06-30T11:16:52.793798,2026-06-30T01:16:53.700103+00:00,67.0,50,bid,,,48878
2026-06-30T11:16:54.898537,2026-06-30T01:16:55.811080+00:00,67.0,50,bid,,,48895
2026-06-30T11:16:57.025711,2026-06-30T01:16:57.930194+00:00,67.7,50,bid,,,48917
2026-06-30T11:16:59.132269,2026-06-30T01:17:00.040749+00:00,67.7,50,bid,,,48939
2026-06-30T11:17:01.239523,2026-06-30T01:17:02.149929+00:00,67.5,50,bid,,,48967
2026-06-30T11:17:03.396218,2026-06-30T01:17:04.305031+00:00,67.3,50,ask,,,48984
2026-06-30T11:17:03.481235,2026-06-30T01:17:04.390164+00:00,67.3,42,ask,,,48986
2026-06-30T11:17:05.157793,2026-06-30T01:17:06.063039+00:00,67.2,41,ask,,,49011
2026-06-30T11:17:05.450896,2026-06-30T01:17:06.357518+00:00,67.4,50,bid,,,49014
2026-06-30T11:17:07.004484,2026-06-30T01:17:07.919865+00:00,66.9,45,ask,,,49037
2026-06-30T11:17:10.264953,2026-06-30T01:17:11.177892+00:00,67.3,49,bid,,,49072
2026-06-30T11:17:11.361398,2026-06-30T01:17:12.267723+00:00,66.8,40,ask,,,49099
2026-06-30T11:17:11.836879,2026-06-30T01:17:12.745497+00:00,67.0,50,ask,,,49106
2026-06-30T11:17:11.920419,2026-06-30T01:17:12.831108+00:00,67.2,40,bid,,,49107
2026-06-30T11:17:12.476258,2026-06-30T01:17:13.387262+00:00,67.0,42,ask,,,49118
2026-06-30T11:17:13.941136,2026-06-30T01:17:14.855350+00:00,67.0,50,ask,,,49129
2026-06-30T11:17:13.993279,2026-06-30T01:17:14.909692+00:00,67.2,48,bid,,,49131
2026-06-30T11:17:14.955443,2026-06-30T01:17:15.867687+00:00,67.1,100,ask,,,49149
2026-06-30T11:17:15.129537,2026-06-30T01:17:16.040887+00:00,66.8,43,bid,,,49151
2026-06-30T11:17:15.996827,2026-06-30T01:17:16.901761+00:00,66.8,7,bid,,,49159
2026-06-30T11:17:15.996827,2026-06-30T01:17:16.901761+00:00,67.6,43,bid,,,49160
2026-06-30T11:17:18.102629,2026-06-30T01:17:19.011996+00:00,67.7,50,bid,,,49196
2026-06-30T11:17:20.207126,2026-06-30T01:17:21.118078+00:00,67.5,50,bid,,,49222
2026-06-30T11:17:20.926494,2026-06-30T01:17:21.836422+00:00,67.3,41,ask,,,49232
2026-06-30T11:17:22.312154,2026-06-30T01:17:23.217676+00:00,67.7,50,bid,,,49248
2026-06-30T11:17:24.418179,2026-06-30T01:17:25.326999+00:00,67.9,50,bid,,,49281
2026-06-30T11:17:26.524360,2026-06-30T01:17:27.435463+00:00,67.9,50,bid,,,49315
2026-06-30T11:17:28.629596,2026-06-30T01:17:29.543585+00:00,68.1,50,bid,,,49343
2026-06-30T11:17:30.734188,2026-06-30T01:17:31.642203+00:00,68.1,50,bid,,,49363
2026-06-30T11:17:32.839182,2026-06-30T01:17:33.751044+00:00,68.0,50,bid,,,49392
2026-06-30T11:17:33.285619,2026-06-30T01:17:34.197990+00:00,67.8,100,ask,,,49399
2026-06-30T11:17:33.414573,2026-06-30T01:17:34.328388+00:00,67.5,41,ask,,,49405
2026-06-30T11:17:34.896443,2026-06-30T01:17:35.815197+00:00,67.5,45,ask,,,49424
2026-06-30T11:17:35.928898,2026-06-30T01:17:36.842841+00:00,68.0,45,bid,,,49436
2026-06-30T11:17:37.048940,2026-06-30T01:17:37.954947+00:00,67.9,50,bid,,,49449
2026-06-30T11:17:39.157681,2026-06-30T01:17:40.067326+00:00,67.9,50,bid,,,49476
2026-06-30T11:17:42.425488,2026-06-30T01:17:43.333030+00:00,67.6,40,ask,,,49524
2026-06-30T11:17:43.063723,2026-06-30T01:17:43.974357+00:00,67.6,44,ask,,,49536
2026-06-30T11:17:43.420319,2026-06-30T01:17:44.334337+00:00,67.6,50,ask,,,49541
2026-06-30T11:17:44.659880,2026-06-30T01:17:45.565152+00:00,68.0,49,bid,,,49557
2026-06-30T11:17:45.225250,2026-06-30T01:17:46.129699+00:00,68.0,47,bid,,,49568
2026-06-30T11:17:46.525575,2026-06-30T01:17:47.436075+00:00,67.9,100,bid,,,49579
2026-06-30T11:17:47.357244,2026-06-30T01:17:48.261177+00:00,68.0,43,ask,,,49591
2026-06-30T11:17:47.629038,2026-06-30T01:17:48.534001+00:00,68.0,7,ask,,,49595
2026-06-30T11:17:49.685825,2026-06-30T01:17:50.592099+00:00,68.3,50,bid,,,49619
2026-06-30T11:17:51.363278,2026-06-30T01:17:52.268025+00:00,67.8,49,ask,,,49630
2026-06-30T11:17:51.841484,2026-06-30T01:17:52.747899+00:00,67.8,50,ask,,,49635
2026-06-30T11:17:53.896989,2026-06-30T01:17:54.811892+00:00,67.7,50,bid,,,49657
2026-06-30T11:17:55.561365,2026-06-30T01:17:56.477159+00:00,67.7,100,bid,,,49682
2026-06-30T11:17:56.003083,2026-06-30T01:17:56.911045+00:00,68.0,100,bid,,,49690
2026-06-30T11:17:57.561857,2026-06-30T01:17:58.471198+00:00,68.5,41,bid,,,49714
2026-06-30T11:17:58.107861,2026-06-30T01:17:59.016960+00:00,68.5,50,bid,,,49721
2026-06-30T11:17:59.567291,2026-06-30T01:18:00.475456+00:00,68.0,47,ask,,,49734
2026-06-30T11:18:00.213428,2026-06-30T01:18:01.117056+00:00,68.5,50,bid,,,49746
2026-06-30T11:18:01.888138,2026-06-30T01:18:02.798673+00:00,68.5,49,bid,,,49767
2026-06-30T11:18:02.321362,2026-06-30T01:18:03.235066+00:00,68.5,50,bid,,,49770
2026-06-30T11:18:04.437775,2026-06-30T01:18:05.352188+00:00,68.5,50,bid,,,49797
2026-06-30T11:18:04.740595,2026-06-30T01:18:05.655304+00:00,68.2,150,ask,,,49807
2026-06-30T11:18:05.542840,2026-06-30T01:18:06.449876+00:00,68.1,100,ask,,,49815
2026-06-30T11:18:06.544377,2026-06-30T01:18:07.457508+00:00,67.9,50,bid,,,49837
2026-06-30T11:18:08.650099,2026-06-30T01:18:09.557547+00:00,68.4,50,bid,,,49875
2026-06-30T11:18:10.133899,2026-06-30T01:18:11.037544+00:00,68.4,43,bid,,,49889
2026-06-30T11:18:10.757863,2026-06-30T01:18:11.666294+00:00,68.4,7,bid,,,49896
2026-06-30T11:18:10.757863,2026-06-30T01:18:11.666294+00:00,68.6,43,bid,,,49897
2026-06-30T11:18:11.208371,2026-06-30T01:18:12.122903+00:00,68.3,50,ask,,,49905
2026-06-30T11:18:12.290788,2026-06-30T01:18:13.199922+00:00,68.4,45,ask,,,49924
2026-06-30T11:18:12.915435,2026-06-30T01:18:13.828818+00:00,68.4,50,ask,,,49937
2026-06-30T11:18:14.484339,2026-06-30T01:18:15.396041+00:00,68.4,48,ask,,,49956
2026-06-30T11:18:14.969241,2026-06-30T01:18:15.874386+00:00,68.5,50,bid,,,49966
2026-06-30T11:18:15.928410,2026-06-30T01:18:16.841131+00:00,68.2,42,bid,,,49981
2026-06-30T11:18:16.452213,2026-06-30T01:18:17.363134+00:00,68.2,40,bid,,,49986
2026-06-30T11:18:17.125522,2026-06-30T01:18:18.037691+00:00,68.0,50,ask,,,49998
2026-06-30T11:18:19.058468,2026-06-30T01:18:19.966502+00:00,68.1,43,ask,,,50023
2026-06-30T11:18:19.230191,2026-06-30T01:18:20.137686+00:00,68.1,50,ask,,,50026
2026-06-30T11:18:19.556394,2026-06-30T01:18:20.463862+00:00,68.1,7,ask,,,50035
2026-06-30T11:18:19.556394,2026-06-30T01:18:20.463862+00:00,68.1,42,ask,,,50036
2026-06-30T11:18:20.771185,2026-06-30T01:18:21.680710+00:00,68.3,43,bid,,,50054
2026-06-30T11:18:21.280504,2026-06-30T01:18:22.189612+00:00,68.3,41,bid,,,50059
2026-06-30T11:18:21.336807,2026-06-30T01:18:22.244939+00:00,67.9,50,ask,,,50060
2026-06-30T11:18:23.233798,2026-06-30T01:18:24.137790+00:00,67.9,43,ask,,,50090
2026-06-30T11:18:23.391788,2026-06-30T01:18:24.299969+00:00,68.3,16,bid,,,50093
2026-06-30T11:18:23.391788,2026-06-30T01:18:24.299969+00:00,68.4,34,bid,,,50094
2026-06-30T11:18:24.528031,2026-06-30T01:18:25.438808+00:00,68.1,100,ask,,,50116
2026-06-30T11:18:25.803828,2026-06-30T01:18:26.711078+00:00,68.0,43,bid,,,50129
2026-06-30T11:18:27.636107,2026-06-30T01:18:28.549853+00:00,68.2,100,bid,,,50144
2026-06-30T11:18:29.566533,2026-06-30T01:18:30.472026+00:00,68.2,45,ask,,,50167
2026-06-30T11:18:29.705504,2026-06-30T01:18:30.614997+00:00,68.7,50,bid,,,50169
2026-06-30T11:18:31.460102,2026-06-30T01:18:32.373324+00:00,67.9,42,ask,,,50191
2026-06-30T11:18:31.813258,2026-06-30T01:18:32.721149+00:00,68.2,50,bid,,,50194
2026-06-30T11:18:32.523205,2026-06-30T01:18:33.428989+00:00,68.2,45,bid,,,50204
2026-06-30T11:18:35.208547,2026-06-30T01:18:36.121205+00:00,68.4,45,bid,,,50241
2026-06-30T11:18:36.071882,2026-06-30T01:18:36.979078+00:00,68.1,50,ask,,,50249
2026-06-30T11:18:40.228577,2026-06-30T01:18:41.132751+00:00,68.4,50,bid,,,50306
2026-06-30T11:18:41.912499,2026-06-30T01:18:42.821114+00:00,68.1,41,ask,,,50329
2026-06-30T11:18:42.352213,2026-06-30T01:18:43.257521+00:00,68.6,50,bid,,,50333
2026-06-30T11:18:44.462084,2026-06-30T01:18:45.368169+00:00,68.6,50,bid,,,50355
2026-06-30T11:18:45.387365,2026-06-30T01:18:46.301971+00:00,68.3,49,ask,,,50369
2026-06-30T11:18:45.973353,2026-06-30T01:18:46.878867+00:00,68.3,44,ask,,,50374
2026-06-30T11:18:46.575753,2026-06-30T01:18:47.488500+00:00,68.7,50,bid,,,50385
2026-06-30T11:18:46.975576,2026-06-30T01:18:47.880680+00:00,68.3,49,bid,,,50392
2026-06-30T11:18:48.680962,2026-06-30T01:18:49.593194+00:00,68.3,50,bid,,,50409
2026-06-30T11:18:49.135361,2026-06-30T01:18:50.050031+00:00,68.3,51,bid,,,50415
2026-06-30T11:18:50.486680,2026-06-30T01:18:51.391164+00:00,68.6,42,ask,,,50435
2026-06-30T11:18:50.810028,2026-06-30T01:18:51.718323+00:00,68.9,50,bid,,,50438
2026-06-30T11:18:52.915512,2026-06-30T01:18:53.824070+00:00,68.8,50,bid,,,50463
2026-06-30T11:18:55.020308,2026-06-30T01:18:55.927136+00:00,68.7,50,bid,,,50483
2026-06-30T11:18:58.013311,2026-06-30T01:18:58.922014+00:00,68.6,44,ask,,,50520
2026-06-30T11:18:58.539422,2026-06-30T01:18:59.454170+00:00,68.9,48,bid,,,50524
2026-06-30T11:18:59.233655,2026-06-30T01:19:00.138968+00:00,68.9,50,bid,,,50539
2026-06-30T11:19:01.339488,2026-06-30T01:19:02.247436+00:00,68.9,50,bid,,,50564
2026-06-30T11:19:02.441263,2026-06-30T01:19:03.347466+00:00,69.2,41,bid,,,50579
2026-06-30T11:19:03.495937,2026-06-30T01:19:04.400117+00:00,68.7,50,ask,,,50587
2026-06-30T11:19:05.602303,2026-06-30T01:19:06.507260+00:00,68.9,50,ask,,,50620
2026-06-30T11:19:05.928142,2026-06-30T01:19:06.844092+00:00,68.9,41,ask,,,50628
2026-06-30T11:19:07.509845,2026-06-30T01:19:08.428202+00:00,68.9,9,ask,,,50641
2026-06-30T11:19:07.509845,2026-06-30T01:19:08.428202+00:00,68.7,36,ask,,,50642
2026-06-30T11:19:07.710246,2026-06-30T01:19:08.623059+00:00,68.7,50,ask,,,50647
2026-06-30T11:19:09.819576,2026-06-30T01:19:10.725558+00:00,68.6,50,ask,,,50682
2026-06-30T11:19:11.925804,2026-06-30T01:19:12.834214+00:00,68.4,50,ask,,,50708
2026-06-30T11:19:13.280254,2026-06-30T01:19:14.194362+00:00,68.8,48,bid,,,50731
2026-06-30T11:19:14.031232,2026-06-30T01:19:14.945448+00:00,68.4,50,ask,,,50735
2026-06-30T11:19:14.225311,2026-06-30T01:19:15.129705+00:00,68.8,42,bid,,,50738
2026-06-30T11:19:15.093784,2026-06-30T01:19:16.000833+00:00,68.5,100,ask,,,50758
2026-06-30T11:19:16.086958,2026-06-30T01:19:17.001126+00:00,68.4,50,bid,,,50766
2026-06-30T11:19:18.193683,2026-06-30T01:19:19.110003+00:00,68.5,50,bid,,,50802
2026-06-30T11:19:18.207148,2026-06-30T01:19:19.121064+00:00,68.5,50,bid,,,50803
2026-06-30T11:19:19.014356,2026-06-30T01:19:19.924984+00:00,68.5,46,ask,,,50810
2026-06-30T11:19:20.299567,2026-06-30T01:19:21.208034+00:00,69.0,50,bid,,,50822
2026-06-30T11:19:22.405604,2026-06-30T01:19:23.317889+00:00,68.9,50,bid,,,50851
2026-06-30T11:19:23.298687,2026-06-30T01:19:24.209931+00:00,68.9,42,bid,,,50859
2026-06-30T11:19:24.338236,2026-06-30T01:19:25.245195+00:00,68.4,43,ask,,,50869
2026-06-30T11:19:27.573961,2026-06-30T01:19:28.481821+00:00,68.8,48,bid,,,50905
2026-06-30T11:19:28.775716,2026-06-30T01:19:29.690022+00:00,68.3,50,ask,,,50917
2026-06-30T11:19:29.596622,2026-06-30T01:19:30.504110+00:00,68.3,48,ask,,,50927
2026-06-30T11:19:30.099958,2026-06-30T01:19:31.014127+00:00,68.6,44,bid,,,50931
2026-06-30T11:19:32.935000,2026-06-30T01:19:33.845073+00:00,68.6,50,bid,,,50959
2026-06-30T11:19:34.756195,2026-06-30T01:19:35.671167+00:00,68.5,49,bid,,,50976
2026-06-30T11:19:35.041934,2026-06-30T01:19:35.954108+00:00,68.5,50,bid,,,50979
2026-06-30T11:19:36.895437,2026-06-30T01:19:37.803995+00:00,68.5,46,ask,,,50992
2026-06-30T11:19:37.198970,2026-06-30T01:19:38.108591+00:00,68.5,50,ask,,,50997
2026-06-30T11:19:39.321333,2026-06-30T01:19:40.226057+00:00,68.5,4,ask,,,51021
2026-06-30T11:19:39.321333,2026-06-30T01:19:40.237121+00:00,68.4,46,ask,,,51022
2026-06-30T11:19:39.837051,2026-06-30T01:19:40.747802+00:00,68.4,49,ask,,,51025
2026-06-30T11:19:40.925972,2026-06-30T01:19:41.837296+00:00,68.5,46,bid,,,51048
2026-06-30T11:19:40.980542,2026-06-30T01:19:41.891240+00:00,68.2,47,ask,,,51050
2026-06-30T11:19:41.430888,2026-06-30T01:19:42.337234+00:00,68.2,50,ask,,,51054
2026-06-30T11:19:41.468075,2026-06-30T01:19:42.380045+00:00,68.5,42,bid,,,51055
2026-06-30T11:19:43.537234,2026-06-30T01:19:44.445503+00:00,68.2,50,ask,,,51082
2026-06-30T11:19:44.605439,2026-06-30T01:19:45.511972+00:00,68.2,42,ask,,,51099
2026-06-30T11:19:45.642103,2026-06-30T01:19:46.546257+00:00,68.2,50,ask,,,51105
2026-06-30T11:19:46.177172,2026-06-30T01:19:47.089034+00:00,68.3,47,bid,,,51115
2026-06-30T11:19:46.725984,2026-06-30T01:19:47.633224+00:00,68.2,40,bid,,,51120
2026-06-30T11:19:47.749391,2026-06-30T01:19:48.654193+00:00,67.8,50,ask,,,51137
2026-06-30T11:19:49.856959,2026-06-30T01:19:50.762960+00:00,67.6,50,ask,,,51169
2026-06-30T11:19:51.964702,2026-06-30T01:19:52.873361+00:00,67.6,50,ask,,,51191
2026-06-30T11:19:52.986649,2026-06-30T01:19:53.897860+00:00,67.6,46,ask,,,51208
2026-06-30T11:19:54.071875,2026-06-30T01:19:54.983209+00:00,67.6,50,ask,,,51219
2026-06-30T11:19:56.187031,2026-06-30T01:19:57.106435+00:00,67.3,50,ask,,,51243
2026-06-30T11:20:02.462247,2026-06-30T01:20:03.368360+00:00,67.6,50,bid,,,51317
2026-06-30T11:20:03.472480,2026-06-30T01:20:04.380187+00:00,67.6,43,bid,,,51328
2026-06-30T11:20:04.600034,2026-06-30T01:20:05.509004+00:00,67.6,7,bid,,,51340
2026-06-30T11:20:04.600034,2026-06-30T01:20:05.509004+00:00,67.7,41,bid,,,51341
2026-06-30T11:20:04.655900,2026-06-30T01:20:05.564369+00:00,67.2,42,ask,,,51342
2026-06-30T11:20:06.204096,2026-06-30T01:20:07.117433+00:00,67.8,40,bid,,,51363
2026-06-30T11:20:07.734525,2026-06-30T01:20:08.639094+00:00,67.4,47,ask,,,51380
2026-06-30T11:20:08.296473,2026-06-30T01:20:09.206318+00:00,67.9,41,bid,,,51388
2026-06-30T11:20:08.828639,2026-06-30T01:20:09.740111+00:00,67.8,50,ask,,,51404
2026-06-30T11:20:10.884306,2026-06-30T01:20:11.797585+00:00,68.0,50,bid,,,51431
2026-06-30T11:20:12.679303,2026-06-30T01:20:13.591950+00:00,67.3,46,ask,,,51453
2026-06-30T11:20:15.092647,2026-06-30T01:20:16.005304+00:00,67.9,50,bid,,,51482
2026-06-30T11:20:15.268996,2026-06-30T01:20:16.177992+00:00,67.9,43,bid,,,51485
2026-06-30T11:20:17.198706,2026-06-30T01:20:18.106103+00:00,67.9,7,bid,,,51503
2026-06-30T11:20:19.354751,2026-06-30T01:20:20.260015+00:00,67.7,50,ask,,,51530
2026-06-30T11:20:21.289464,2026-06-30T01:20:22.195240+00:00,67.6,48,ask,,,51551
2026-06-30T11:20:21.462684,2026-06-30T01:20:22.368683+00:00,67.6,50,ask,,,51553
2026-06-30T11:20:23.569940,2026-06-30T01:20:24.477278+00:00,67.6,2,ask,,,51575
2026-06-30T11:20:23.569940,2026-06-30T01:20:24.487400+00:00,67.5,48,ask,,,51576
2026-06-30T11:20:25.342261,2026-06-30T01:20:26.253292+00:00,67.6,49,bid,,,51601
2026-06-30T11:20:25.678327,2026-06-30T01:20:26.589042+00:00,67.3,50,ask,,,51603
2026-06-30T11:20:27.352508,2026-06-30T01:20:28.267374+00:00,67.5,43,ask,,,51630
2026-06-30T11:20:27.784094,2026-06-30T01:20:28.693320+00:00,67.5,50,ask,,,51634
2026-06-30T11:20:27.958055,2026-06-30T01:20:28.867506+00:00,67.5,7,ask,,,51638
2026-06-30T11:20:29.888835,2026-06-30T01:20:30.798904+00:00,67.2,50,ask,,,51659
2026-06-30T11:20:31.994470,2026-06-30T01:20:32.922855+00:00,67.1,50,ask,,,51684
2026-06-30T11:20:34.102843,2026-06-30T01:20:35.012051+00:00,67.0,50,ask,,,51715
2026-06-30T11:20:36.209351,2026-06-30T01:20:37.123937+00:00,67.0,50,ask,,,51742
2026-06-30T11:20:36.721520,2026-06-30T01:20:37.635190+00:00,67.4,100,bid,,,51747
2026-06-30T11:20:37.332461,2026-06-30T01:20:38.255464+00:00,67.5,42,bid,,,51751
2026-06-30T11:20:38.315374,2026-06-30T01:20:39.224131+00:00,67.0,50,ask,,,51766
2026-06-30T11:20:39.896834,2026-06-30T01:20:40.819042+00:00,67.5,42,bid,,,51782
2026-06-30T11:20:40.421904,2026-06-30T01:20:41.331976+00:00,67.3,50,ask,,,51787
2026-06-30T11:20:42.528173,2026-06-30T01:20:43.460105+00:00,67.3,50,ask,,,51803
2026-06-30T11:20:43.602705,2026-06-30T01:20:44.517217+00:00,67.2,100,bid,,,51815
2026-06-30T11:20:44.035867,2026-06-30T01:20:44.962790+00:00,67.0,43,ask,,,51820
2026-06-30T11:20:44.639817,2026-06-30T01:20:45.548358+00:00,67.0,50,ask,,,51823
2026-06-30T11:20:46.179032,2026-06-30T01:20:47.084364+00:00,67.2,44,bid,,,51849
2026-06-30T11:20:46.703195,2026-06-30T01:20:47.616447+00:00,67.2,100,bid,,,51855
2026-06-30T11:20:46.746871,2026-06-30T01:20:47.679933+00:00,67.4,50,ask,,,51856
2026-06-30T11:20:48.852373,2026-06-30T01:20:49.819579+00:00,66.7,50,ask,,,51886
2026-06-30T11:20:50.320153,2026-06-30T01:20:51.277975+00:00,66.9,40,ask,,,51911
2026-06-30T11:20:50.886537,2026-06-30T01:20:51.799617+00:00,67.2,44,bid,,,51916
2026-06-30T11:20:50.958158,2026-06-30T01:20:51.865989+00:00,66.9,50,ask,,,51917
2026-06-30T11:20:51.402394,2026-06-30T01:20:52.311006+00:00,66.9,10,ask,,,51924
2026-06-30T11:20:51.402394,2026-06-30T01:20:52.311006+00:00,66.7,38,ask,,,51925
2026-06-30T11:20:53.074963,2026-06-30T01:20:53.996371+00:00,66.7,50,ask,,,51946
2026-06-30T11:20:54.595422,2026-06-30T01:20:55.513929+00:00,67.0,47,bid,,,51967
2026-06-30T11:20:55.130530,2026-06-30T01:20:56.046541+00:00,67.0,50,bid,,,51973
2026-06-30T11:20:57.286892,2026-06-30T01:20:58.252183+00:00,66.8,50,ask,,,52007
2026-06-30T11:20:58.064438,2026-06-30T01:20:58.992212+00:00,66.8,42,ask,,,52020
2026-06-30T11:20:59.394763,2026-06-30T01:21:00.318775+00:00,66.3,50,ask,,,52037
2026-06-30T11:21:00.293455,2026-06-30T01:21:01.230950+00:00,66.7,48,bid,,,52042
2026-06-30T11:21:00.821970,2026-06-30T01:21:01.744249+00:00,66.3,49,ask,,,52047
2026-06-30T11:21:01.360588,2026-06-30T01:21:02.288376+00:00,66.7,43,bid,,,52050
2026-06-30T11:21:01.501937,2026-06-30T01:21:02.429846+00:00,66.3,1,ask,,,52052
2026-06-30T11:21:01.501937,2026-06-30T01:21:02.429846+00:00,66.2,49,ask,,,52053
2026-06-30T11:21:01.826030,2026-06-30T01:21:02.736377+00:00,66.7,45,bid,,,52057
2026-06-30T11:21:02.504338,2026-06-30T01:21:03.411103+00:00,66.5,100,bid,,,52068
2026-06-30T11:21:02.872833,2026-06-30T01:21:03.780674+00:00,66.7,41,ask,,,52072
2026-06-30T11:21:03.606427,2026-06-30T01:21:04.518083+00:00,66.7,9,ask,,,52080
2026-06-30T11:21:03.606427,2026-06-30T01:21:04.518083+00:00,66.0,41,ask,,,52081
2026-06-30T11:21:05.712785,2026-06-30T01:21:06.622020+00:00,66.3,50,ask,,,52102
2026-06-30T11:21:07.788205,2026-06-30T01:21:08.692841+00:00,66.3,48,ask,,,52134
2026-06-30T11:21:07.818673,2026-06-30T01:21:08.726031+00:00,66.3,2,ask,,,52137
2026-06-30T11:21:07.818673,2026-06-30T01:21:08.726031+00:00,66.2,48,ask,,,52138
2026-06-30T11:21:09.926618,2026-06-30T01:21:10.835297+00:00,65.9,50,ask,,,52162
2026-06-30T11:21:10.755881,2026-06-30T01:21:11.669956+00:00,66.3,48,bid,,,52174
2026-06-30T11:21:11.221773,2026-06-30T01:21:12.127558+00:00,66.3,48,bid,,,52178
2026-06-30T11:21:11.895886,2026-06-30T01:21:12.810019+00:00,66.3,49,bid,,,52193
2026-06-30T11:21:11.998939,2026-06-30T01:21:12.908245+00:00,66.3,100,bid,,,52196
2026-06-30T11:21:12.034815,2026-06-30T01:21:12.940922+00:00,66.5,50,ask,,,52197
2026-06-30T11:21:14.141253,2026-06-30T01:21:15.051896+00:00,65.8,50,ask,,,52217
2026-06-30T11:21:16.198980,2026-06-30T01:21:17.104907+00:00,66.5,50,bid,,,52248
2026-06-30T11:21:17.900381,2026-06-30T01:21:18.808496+00:00,66.2,49,ask,,,52273
2026-06-30T11:21:20.408666,2026-06-30T01:21:21.324354+00:00,66.5,50,bid,,,52305
2026-06-30T11:21:20.531611,2026-06-30T01:21:21.444188+00:00,66.5,47,bid,,,52308
2026-06-30T11:21:21.019047,2026-06-30T01:21:21.935018+00:00,66.1,41,ask,,,52313
2026-06-30T11:21:22.514904,2026-06-30T01:21:23.426073+00:00,66.6,50,bid,,,52331
2026-06-30T11:21:24.620118,2026-06-30T01:21:25.529892+00:00,66.6,50,bid,,,52349
2026-06-30T11:21:25.136151,2026-06-30T01:21:26.042887+00:00,66.3,48,ask,,,52362
2026-06-30T11:21:26.727333,2026-06-30T01:21:27.633955+00:00,66.6,50,bid,,,52378
2026-06-30T11:21:28.832440,2026-06-30T01:21:29.746139+00:00,66.9,50,bid,,,52401
2026-06-30T11:21:30.938701,2026-06-30T01:21:31.845288+00:00,67.2,50,bid,,,52433
2026-06-30T11:21:33.064547,2026-06-30T01:21:33.978707+00:00,67.0,50,bid,,,52459
2026-06-30T11:21:33.335456,2026-06-30T01:21:34.249050+00:00,66.7,48,ask,,,52466
2026-06-30T11:21:35.171228,2026-06-30T01:21:36.076536+00:00,66.8,50,bid,,,52490
2026-06-30T11:21:37.282206,2026-06-30T01:21:38.198152+00:00,66.9,50,bid,,,52514
2026-06-30T11:21:39.389409,2026-06-30T01:21:40.297855+00:00,66.9,50,bid,,,52538
2026-06-30T11:21:41.041497,2026-06-30T01:21:41.948103+00:00,67.1,46,bid,,,52558
2026-06-30T11:21:41.495381,2026-06-30T01:21:42.406134+00:00,67.1,50,bid,,,52563
2026-06-30T11:21:43.160213,2026-06-30T01:21:44.071808+00:00,66.8,43,ask,,,52580
2026-06-30T11:21:43.601373,2026-06-30T01:21:44.507188+00:00,67.3,50,bid,,,52588
2026-06-30T11:21:43.739589,2026-06-30T01:21:44.647664+00:00,66.9,44,ask,,,52589
2026-06-30T11:21:44.848236,2026-06-30T01:21:45.756137+00:00,67.3,41,bid,,,52598
2026-06-30T11:21:45.717887,2026-06-30T01:21:46.632926+00:00,67.3,9,bid,,,52613
2026-06-30T11:21:45.717887,2026-06-30T01:21:46.632926+00:00,67.4,41,bid,,,52614
2026-06-30T11:21:46.374507,2026-06-30T01:21:47.287894+00:00,67.4,44,bid,,,52625
2026-06-30T11:21:46.936059,2026-06-30T01:21:47.851160+00:00,67.1,48,ask,,,52632
2026-06-30T11:21:47.828227,2026-06-30T01:21:48.737501+00:00,67.5,50,bid,,,52641
2026-06-30T11:21:48.565246,2026-06-30T01:21:49.476548+00:00,67.1,48,ask,,,52651
2026-06-30T11:21:49.935176,2026-06-30T01:21:50.843316+00:00,67.6,50,bid,,,52668
2026-06-30T11:21:51.770635,2026-06-30T01:21:52.677711+00:00,67.2,49,bid,,,52689
2026-06-30T11:21:52.045679,2026-06-30T01:21:52.959067+00:00,67.2,50,bid,,,52692
2026-06-30T11:21:52.551839,2026-06-30T01:21:53.459037+00:00,67.2,51,bid,,,52699
2026-06-30T11:21:54.151153,2026-06-30T01:21:55.058962+00:00,67.8,50,bid,,,52721
2026-06-30T11:21:56.256194,2026-06-30T01:21:57.172094+00:00,67.8,50,bid,,,52750
2026-06-30T11:21:58.363265,2026-06-30T01:21:59.269650+00:00,67.8,50,bid,,,52771
2026-06-30T11:21:58.873041,2026-06-30T01:21:59.780077+00:00,67.6,100,ask,,,52777
2026-06-30T11:22:00.468871,2026-06-30T01:22:01.377199+00:00,67.8,50,bid,,,52796
2026-06-30T11:22:01.190445,2026-06-30T01:22:02.096171+00:00,67.3,49,ask,,,52802
2026-06-30T11:22:02.574916,2026-06-30T01:22:03.487469+00:00,67.9,50,bid,,,52817
2026-06-30T11:22:03.036586,2026-06-30T01:22:03.944131+00:00,67.9,46,bid,,,52821
2026-06-30T11:22:04.735319,2026-06-30T01:22:05.641779+00:00,67.4,50,ask,,,52840
2026-06-30T11:22:06.384788,2026-06-30T01:22:07.294940+00:00,67.5,40,ask,,,52861
2026-06-30T11:22:06.789406,2026-06-30T01:22:07.697184+00:00,67.9,50,bid,,,52870
2026-06-30T11:22:06.953051,2026-06-30T01:22:07.871885+00:00,67.9,40,bid,,,52873
2026-06-30T11:22:08.895730,2026-06-30T01:22:09.809906+00:00,67.9,50,bid,,,52887
2026-06-30T11:22:08.930287,2026-06-30T01:22:09.843093+00:00,67.8,100,ask,,,52889
2026-06-30T11:22:11.000504,2026-06-30T01:22:11.907279+00:00,67.9,50,bid,,,52925
2026-06-30T11:22:13.105263,2026-06-30T01:22:14.013868+00:00,68.0,50,bid,,,52948
2026-06-30T11:22:15.211604,2026-06-30T01:22:16.124127+00:00,68.1,50,bid,,,52972
2026-06-30T11:22:17.318911,2026-06-30T01:22:18.228445+00:00,68.0,50,bid,,,52991
2026-06-30T11:22:18.472615,2026-06-30T01:22:19.383862+00:00,67.7,44,ask,,,53009
2026-06-30T11:22:19.475493,2026-06-30T01:22:20.384813+00:00,67.7,50,ask,,,53015
2026-06-30T11:22:19.632185,2026-06-30T01:22:20.537815+00:00,67.7,6,ask,,,53020
2026-06-30T11:22:19.632185,2026-06-30T01:22:20.548393+00:00,67.7,39,ask,,,53021
2026-06-30T11:22:23.634161,2026-06-30T01:22:24.544982+00:00,67.8,50,bid,,,53074
2026-06-30T11:22:24.695746,2026-06-30T01:22:25.603194+00:00,68.0,45,bid,,,53086
2026-06-30T11:22:25.212030,2026-06-30T01:22:26.117708+00:00,67.5,46,ask,,,53093
2026-06-30T11:22:25.792147,2026-06-30T01:22:26.706239+00:00,67.5,50,ask,,,53101
2026-06-30T11:22:27.898120,2026-06-30T01:22:28.814943+00:00,67.7,50,ask,,,53133
2026-06-30T11:22:32.124229,2026-06-30T01:22:33.037634+00:00,67.7,50,ask,,,53187
2026-06-30T11:22:34.915903,2026-06-30T01:22:35.828547+00:00,67.9,49,bid,,,53217
2026-06-30T11:22:36.026833,2026-06-30T01:22:36.937479+00:00,67.9,48,bid,,,53229
2026-06-30T11:22:36.079948,2026-06-30T01:22:36.991889+00:00,67.5,43,ask,,,53233
2026-06-30T11:22:36.334054,2026-06-30T01:22:37.240134+00:00,67.5,50,ask,,,53235
2026-06-30T11:22:36.713886,2026-06-30T01:22:37.622168+00:00,67.5,48,ask,,,53238
2026-06-30T11:22:37.426492,2026-06-30T01:22:38.341998+00:00,67.7,100,ask,,,53250
2026-06-30T11:22:39.997919,2026-06-30T01:22:40.907638+00:00,67.3,50,bid,,,53280
2026-06-30T11:22:40.543778,2026-06-30T01:22:41.448855+00:00,67.4,50,ask,,,53282
2026-06-30T11:22:42.651868,2026-06-30T01:22:43.566175+00:00,67.4,50,ask,,,53321
2026-06-30T11:22:44.759271,2026-06-30T01:22:45.667884+00:00,67.3,50,ask,,,53349
2026-06-30T11:22:45.572374,2026-06-30T01:22:46.486545+00:00,67.6,48,bid,,,53359
2026-06-30T11:22:46.116764,2026-06-30T01:22:47.028731+00:00,67.6,47,bid,,,53372
2026-06-30T11:22:46.659761,2026-06-30T01:22:47.573880+00:00,67.5,42,bid,,,53378
2026-06-30T11:22:46.854936,2026-06-30T01:22:47.768711+00:00,67.5,58,bid,,,53379
2026-06-30T11:22:46.867989,2026-06-30T01:22:47.779813+00:00,67.5,50,ask,,,53381
2026-06-30T11:22:48.972342,2026-06-30T01:22:49.883782+00:00,67.5,42,ask,,,53402
2026-06-30T11:22:48.972342,2026-06-30T01:22:49.883782+00:00,67.0,8,ask,,,53403
2026-06-30T11:22:49.503686,2026-06-30T01:22:50.417894+00:00,67.5,40,ask,,,53415
2026-06-30T11:22:50.077456,2026-06-30T01:22:50.993363+00:00,67.5,60,ask,,,53424
2026-06-30T11:22:51.079215,2026-06-30T01:22:51.992262+00:00,66.9,50,ask,,,53440
2026-06-30T11:22:53.186952,2026-06-30T01:22:54.093925+00:00,67.0,50,ask,,,53466
2026-06-30T11:22:57.699230,2026-06-30T01:22:58.614550+00:00,66.9,43,ask,,,53511
2026-06-30T11:22:59.502231,2026-06-30T01:23:00.407701+00:00,66.7,50,ask,,,53535
2026-06-30T11:23:01.610204,2026-06-30T01:23:02.518073+00:00,66.8,50,ask,,,53557
2026-06-30T11:23:02.198865,2026-06-30T01:23:03.106371+00:00,67.0,100,bid,,,53567
2026-06-30T11:23:02.766267,2026-06-30T01:23:03.682293+00:00,67.0,100,bid,,,53576
2026-06-30T11:23:03.717399,2026-06-30T01:23:04.627294+00:00,66.5,50,ask,,,53587
2026-06-30T11:23:05.773442,2026-06-30T01:23:06.679756+00:00,67.0,50,bid,,,53612
2026-06-30T11:23:05.857820,2026-06-30T01:23:06.767315+00:00,67.3,100,bid,,,53613
2026-06-30T11:23:06.648069,2026-06-30T01:23:07.559991+00:00,67.8,47,bid,,,53627
2026-06-30T11:23:08.730221,2026-06-30T01:23:09.637655+00:00,67.6,47,bid,,,53649
2026-06-30T11:23:10.349601,2026-06-30T01:23:11.257478+00:00,67.2,41,ask,,,53666
2026-06-30T11:23:12.622435,2026-06-30T01:23:13.529021+00:00,67.5,46,ask,,,53701
2026-06-30T11:23:14.202926,2026-06-30T01:23:15.118455+00:00,67.7,50,bid,,,53731
2026-06-30T11:23:15.342230,2026-06-30T01:23:16.248763+00:00,67.7,41,bid,,,53748
2026-06-30T11:23:16.310893,2026-06-30T01:23:17.225505+00:00,67.7,50,bid,,,53759
2026-06-30T11:23:20.158262,2026-06-30T01:23:21.072970+00:00,67.5,47,ask,,,53809
2026-06-30T11:23:20.570694,2026-06-30T01:23:21.476478+00:00,67.5,50,ask,,,53818
2026-06-30T11:23:22.706066,2026-06-30T01:23:23.613317+00:00,67.4,50,ask,,,53845
2026-06-30T11:23:24.760752,2026-06-30T01:23:25.671746+00:00,67.8,50,bid,,,53867
2026-06-30T11:23:26.919813,2026-06-30T01:23:27.830791+00:00,67.3,50,ask,,,53893
2026-06-30T11:23:27.674734,2026-06-30T01:23:28.592840+00:00,67.6,46,bid,,,53903
2026-06-30T11:23:28.714932,2026-06-30T01:23:29.636021+00:00,67.2,42,ask,,,53923
2026-06-30T11:23:31.159689,2026-06-30T01:23:32.068945+00:00,67.4,100,bid,,,53956
2026-06-30T11:23:34.371329,2026-06-30T01:23:35.283877+00:00,67.4,100,ask,,,53996
2026-06-30T11:23:35.288181,2026-06-30T01:23:36.196737+00:00,67.2,50,bid,,,54006
2026-06-30T11:23:35.705879,2026-06-30T01:23:36.619613+00:00,67.9,42,bid,,,54013
2026-06-30T11:23:37.458850,2026-06-30T01:23:38.372032+00:00,67.2,50,ask,,,54032
2026-06-30T11:23:37.849021,2026-06-30T01:23:38.755192+00:00,67.4,46,ask,,,54041
2026-06-30T11:23:38.368456,2026-06-30T01:23:39.276209+00:00,67.7,45,bid,,,54045
2026-06-30T11:23:39.019982,2026-06-30T01:23:39.928242+00:00,67.4,43,ask,,,54050
2026-06-30T11:23:39.564146,2026-06-30T01:23:40.472271+00:00,67.4,50,ask,,,54060
2026-06-30T11:23:40.057454,2026-06-30T01:23:40.973214+00:00,67.9,45,bid,,,54066
2026-06-30T11:23:43.677466,2026-06-30T01:23:44.588340+00:00,67.5,40,bid,,,54099
2026-06-30T11:23:43.772914,2026-06-30T01:23:44.687488+00:00,67.3,50,ask,,,54100
2026-06-30T11:23:44.785712,2026-06-30T01:23:45.697491+00:00,67.3,46,ask,,,54113
2026-06-30T11:23:45.828533,2026-06-30T01:23:46.738268+00:00,67.8,50,bid,,,54125
2026-06-30T11:23:47.933932,2026-06-30T01:23:48.846443+00:00,67.5,50,bid,,,54152
2026-06-30T11:23:48.165835,2026-06-30T01:23:49.075528+00:00,67.5,46,bid,,,54156
2026-06-30T11:23:50.039490,2026-06-30T01:23:50.953136+00:00,67.8,50,bid,,,54180
2026-06-30T11:23:50.143355,2026-06-30T01:23:51.061905+00:00,67.4,40,ask,,,54182
2026-06-30T11:23:51.809940,2026-06-30T01:23:52.716023+00:00,67.5,44,ask,,,54201
2026-06-30T11:23:52.146336,2026-06-30T01:23:53.051944+00:00,67.9,50,bid,,,54204
2026-06-30T11:23:54.251815,2026-06-30T01:23:55.157326+00:00,67.8,50,bid,,,54227
2026-06-30T11:23:54.402079,2026-06-30T01:23:55.308343+00:00,67.8,43,bid,,,54230
2026-06-30T11:23:54.456329,2026-06-30T01:23:55.362740+00:00,67.4,46,ask,,,54231
2026-06-30T11:23:55.097132,2026-06-30T01:23:56.007155+00:00,67.8,46,bid,,,54236
2026-06-30T11:23:55.150795,2026-06-30T01:23:56.060168+00:00,67.4,48,ask,,,54237
2026-06-30T11:23:56.465043,2026-06-30T01:23:57.378640+00:00,67.4,100,bid,,,54257
