timestamp,recv_time,price,volume,aggressor_side,buyer,seller,trade_id
2026-07-03T23:00:00.273316,2026-07-03T23:00:00.279905+00:00,125.5,50,bid,FlawlessFlatbreads,DiligentDonuts,6288967
2026-07-03T23:00:00.431463,2026-07-03T23:00:00.443466+00:00,125.5,47,bid,CostlyCorianders,DiligentDonuts,6288968
2026-07-03T23:00:00.431463,2026-07-03T23:00:00.443466+00:00,125.8,2,bid,CostlyCorianders,EarnestEspressos,6288969
2026-07-03T23:00:02.534480,2026-07-03T23:00:02.543732+00:00,125.5,43,bid,CostlyCorianders,EarnestEspressos,6288996
2026-07-03T23:00:04.499391,2026-07-03T23:00:04.512117+00:00,125.6,50,bid,FlawlessFlatbreads,DiligentDonuts,6289020
2026-07-03T23:00:05.744098,2026-07-03T23:00:05.750383+00:00,125.2,49,ask,EarnestEspressos,CostlyCorianders,6289040
2026-07-03T23:00:06.662662,2026-07-03T23:00:06.670903+00:00,125.3,50,ask,DiligentDonuts,FlawlessFlatbreads,6289052
2026-07-03T23:00:07.603658,2026-07-03T23:00:07.614413+00:00,125.3,50,ask,DiligentDonuts,EarnestEspressos,6289067
2026-07-03T23:00:10.819883,2026-07-03T23:00:10.831340+00:00,125.6,50,bid,FlawlessFlatbreads,DiligentDonuts,6289097
2026-07-03T23:00:12.883776,2026-07-03T23:00:12.890563+00:00,125.6,48,bid,CostlyCorianders,EarnestEspressos,6289109
2026-07-03T23:00:12.930349,2026-07-03T23:00:12.932963+00:00,125.6,50,bid,FlawlessFlatbreads,EarnestEspressos,6289111
2026-07-03T23:00:13.883371,2026-07-03T23:00:13.891425+00:00,125.7,3,ask,EarnestEspressos,Xuanyu Liu,6289121
2026-07-03T23:00:15.036508,2026-07-03T23:00:15.044079+00:00,125.8,50,bid,FlawlessFlatbreads,DiligentDonuts,6289141
2026-07-03T23:00:16.433148,2026-07-03T23:00:16.444686+00:00,125.7,47,ask,EarnestEspressos,CostlyCorianders,6289156
2026-07-03T23:00:17.830070,2026-07-03T23:00:17.837142+00:00,125.6,41,ask,DiligentDonuts,CostlyCorianders,6289178
2026-07-03T23:00:19.245558,2026-07-03T23:00:19.257077+00:00,125.9,50,bid,FlawlessFlatbreads,DiligentDonuts,6289200
2026-07-03T23:00:21.404783,2026-07-03T23:00:21.416448+00:00,125.5,50,ask,EarnestEspressos,FlawlessFlatbreads,6289227
2026-07-03T23:00:23.375388,2026-07-03T23:00:23.386773+00:00,125.6,47,ask,DiligentDonuts,CostlyCorianders,6289250
2026-07-03T23:00:23.416157,2026-07-03T23:00:23.427486+00:00,125.6,53,ask,DiligentDonuts,EarnestEspressos,6289252
2026-07-03T23:00:23.521607,2026-07-03T23:00:23.538558+00:00,125.0,50,ask,EarnestEspressos,FlawlessFlatbreads,6289257
2026-07-03T23:00:25.629626,2026-07-03T23:00:25.636151+00:00,125.3,50,ask,DiligentDonuts,FlawlessFlatbreads,6289283
2026-07-03T23:00:27.406301,2026-07-03T23:00:27.414563+00:00,125.5,14,bid,Xuanyu Liu,EarnestEspressos,6289308
2026-07-03T23:00:27.735391,2026-07-03T23:00:27.747332+00:00,125.3,50,ask,DiligentDonuts,FlawlessFlatbreads,6289319
2026-07-03T23:00:29.568671,2026-07-03T23:00:29.580706+00:00,125.5,49,bid,CostlyCorianders,EarnestEspressos,6289339
2026-07-03T23:00:29.842865,2026-07-03T23:00:29.858553+00:00,125.6,50,ask,EarnestEspressos,FlawlessFlatbreads,6289340
2026-07-03T23:00:30.050774,2026-07-03T23:00:30.055186+00:00,125.7,43,bid,CostlyCorianders,DiligentDonuts,6289347
2026-07-03T23:00:30.616752,2026-07-03T23:00:30.625970+00:00,125.6,11,ask,EarnestEspressos,Xuanyu Liu,6289359
2026-07-03T23:00:31.159511,2026-07-03T23:00:31.168603+00:00,125.6,89,ask,EarnestEspressos,DiligentDonuts,6289364
2026-07-03T23:00:31.949809,2026-07-03T23:00:31.958622+00:00,125.1,50,ask,DiligentDonuts,FlawlessFlatbreads,6289372
2026-07-03T23:00:33.070310,2026-07-03T23:00:33.077975+00:00,125.4,11,bid,Xuanyu Liu,EarnestEspressos,6289390
2026-07-03T23:00:34.056017,2026-07-03T23:00:34.064079+00:00,125.1,50,ask,DiligentDonuts,FlawlessFlatbreads,6289399
2026-07-03T23:00:34.648702,2026-07-03T23:00:34.655150+00:00,125.4,45,bid,CostlyCorianders,EarnestEspressos,6289406
2026-07-03T23:00:35.287711,2026-07-03T23:00:35.295789+00:00,125.4,49,bid,CostlyCorianders,EarnestEspressos,6289415
2026-07-03T23:00:36.161552,2026-07-03T23:00:36.173124+00:00,125.3,50,ask,EarnestEspressos,FlawlessFlatbreads,6289427
2026-07-03T23:00:38.269449,2026-07-03T23:00:38.281197+00:00,125.3,50,ask,EarnestEspressos,FlawlessFlatbreads,6289449
2026-07-03T23:00:39.219934,2026-07-03T23:00:39.229474+00:00,125.2,49,ask,DiligentDonuts,CostlyCorianders,6289457
2026-07-03T23:00:39.811198,2026-07-03T23:00:39.822590+00:00,125.2,46,ask,DiligentDonuts,CostlyCorianders,6289466
2026-07-03T23:00:40.384160,2026-07-03T23:00:40.395970+00:00,125.2,5,ask,DiligentDonuts,FlawlessFlatbreads,6289474
2026-07-03T23:00:40.384160,2026-07-03T23:00:40.395970+00:00,125.0,45,ask,EarnestEspressos,FlawlessFlatbreads,6289475
2026-07-03T23:00:40.676734,2026-07-03T23:00:40.685090+00:00,125.2,12,bid,Xuanyu Liu,DiligentDonuts,6289482
2026-07-03T23:00:41.022805,2026-07-03T23:00:41.034399+00:00,125.2,43,bid,CostlyCorianders,DiligentDonuts,6289486
2026-07-03T23:00:41.566997,2026-07-03T23:00:41.578617+00:00,125.2,45,bid,CostlyCorianders,DiligentDonuts,6289493
2026-07-03T23:00:42.493986,2026-07-03T23:00:42.505576+00:00,124.7,50,ask,DiligentDonuts,FlawlessFlatbreads,6289505
2026-07-03T23:00:42.750862,2026-07-03T23:00:42.763161+00:00,125.1,11,bid,Xuanyu Liu,EarnestEspressos,6289509
2026-07-03T23:00:43.665205,2026-07-03T23:00:43.677373+00:00,124.7,42,ask,DiligentDonuts,CostlyCorianders,6289520
2026-07-03T23:00:44.550332,2026-07-03T23:00:44.558602+00:00,125.1,50,bid,FlawlessFlatbreads,EarnestEspressos,6289527
2026-07-03T23:00:44.740263,2026-07-03T23:00:44.749622+00:00,124.8,45,ask,DiligentDonuts,CostlyCorianders,6289536
2026-07-03T23:00:45.870641,2026-07-03T23:00:45.882118+00:00,125.3,45,bid,CostlyCorianders,DiligentDonuts,6289549
2026-07-03T23:00:46.655630,2026-07-03T23:00:46.667137+00:00,125.3,50,bid,FlawlessFlatbreads,DiligentDonuts,6289555
2026-07-03T23:00:48.769244,2026-07-03T23:00:48.779467+00:00,125.5,50,bid,FlawlessFlatbreads,DiligentDonuts,6289587
2026-07-03T23:00:50.926373,2026-07-03T23:00:50.937856+00:00,125.0,50,ask,EarnestEspressos,FlawlessFlatbreads,6289614
2026-07-03T23:00:53.042468,2026-07-03T23:00:53.058777+00:00,125.0,50,ask,DiligentDonuts,FlawlessFlatbreads,6289645
2026-07-03T23:00:53.048888,2026-07-03T23:00:53.063779+00:00,125.0,41,ask,DiligentDonuts,CostlyCorianders,6289646
2026-07-03T23:00:57.561435,2026-07-03T23:00:57.571354+00:00,125.1,46,bid,CostlyCorianders,EarnestEspressos,6289705
2026-07-03T23:00:58.587534,2026-07-03T23:00:58.598896+00:00,124.9,43,ask,EarnestEspressos,CostlyCorianders,6289716
2026-07-03T23:00:59.118684,2026-07-03T23:00:59.130185+00:00,125.3,49,bid,CostlyCorianders,DiligentDonuts,6289730
2026-07-03T23:00:59.671307,2026-07-03T23:00:59.679755+00:00,125.4,41,bid,CostlyCorianders,EarnestEspressos,6289741
2026-07-03T23:01:02.321273,2026-07-03T23:01:02.333065+00:00,125.1,41,ask,EarnestEspressos,CostlyCorianders,6289770
2026-07-03T23:01:03.533482,2026-07-03T23:01:03.544962+00:00,125.6,50,bid,FlawlessFlatbreads,EarnestEspressos,6289784
2026-07-03T23:01:05.693617,2026-07-03T23:01:05.705272+00:00,125.1,50,ask,DiligentDonuts,FlawlessFlatbreads,6289807
2026-07-03T23:01:06.440568,2026-07-03T23:01:06.448640+00:00,125.2,46,bid,CostlyCorianders,DiligentDonuts,6289815
2026-07-03T23:01:06.974456,2026-07-03T23:01:06.985145+00:00,125.0,43,ask,EarnestEspressos,CostlyCorianders,6289821
2026-07-03T23:01:07.800786,2026-07-03T23:01:07.811689+00:00,124.8,50,ask,EarnestEspressos,FlawlessFlatbreads,6289836
2026-07-03T23:01:09.871500,2026-07-03T23:01:09.882919+00:00,125.2,44,bid,CostlyCorianders,DiligentDonuts,6289854
2026-07-03T23:01:09.909123,2026-07-03T23:01:09.920565+00:00,124.8,50,ask,EarnestEspressos,FlawlessFlatbreads,6289856
2026-07-03T23:01:09.939743,2026-07-03T23:01:09.946844+00:00,124.8,47,ask,EarnestEspressos,CostlyCorianders,6289857
2026-07-03T23:01:10.876260,2026-07-03T23:01:10.896610+00:00,124.7,100,ask,DiligentDonuts,EarnestEspressos,6289872
2026-07-03T23:01:10.888844,2026-07-03T23:01:10.896610+00:00,124.6,46,bid,Xuanyu Liu,EarnestEspressos,6289873
2026-07-03T23:01:11.177154,2026-07-03T23:01:11.187231+00:00,124.6,4,bid,CostlyCorianders,EarnestEspressos,6289877
2026-07-03T23:01:11.177154,2026-07-03T23:01:11.187231+00:00,125.2,39,bid,CostlyCorianders,DiligentDonuts,6289878
2026-07-03T23:01:14.551373,2026-07-03T23:01:14.557607+00:00,124.8,47,ask,DiligentDonuts,CostlyCorianders,6289917
2026-07-03T23:01:15.124387,2026-07-03T23:01:15.136039+00:00,124.8,48,ask,DiligentDonuts,CostlyCorianders,6289928
2026-07-03T23:01:16.175011,2026-07-03T23:01:16.186467+00:00,125.2,50,bid,FlawlessFlatbreads,DiligentDonuts,6289942
2026-07-03T23:01:16.672994,2026-07-03T23:01:16.685000+00:00,125.2,47,bid,CostlyCorianders,DiligentDonuts,6289949
2026-07-03T23:01:17.861200,2026-07-03T23:01:17.874451+00:00,124.9,12,ask,EarnestEspressos,Xuanyu Liu,6289966
2026-07-03T23:01:17.861410,2026-07-03T23:01:17.874451+00:00,125.2,3,bid,CostlyCorianders,DiligentDonuts,6289967
2026-07-03T23:01:17.861410,2026-07-03T23:01:17.874451+00:00,125.4,44,bid,CostlyCorianders,EarnestEspressos,6289968
2026-07-03T23:01:18.280528,2026-07-03T23:01:18.292389+00:00,125.4,50,bid,FlawlessFlatbreads,EarnestEspressos,6289973
2026-07-03T23:01:18.935815,2026-07-03T23:01:18.947436+00:00,124.9,45,ask,EarnestEspressos,CostlyCorianders,6289985
2026-07-03T23:01:19.650883,2026-07-03T23:01:19.665407+00:00,124.9,11,ask,EarnestEspressos,Xuanyu Liu,6289998
2026-07-03T23:01:19.859498,2026-07-03T23:01:19.867246+00:00,124.9,23,ask,EarnestEspressos,Xuanyu Liu,6290007
2026-07-03T23:01:20.372137,2026-07-03T23:01:20.380539+00:00,124.9,100,ask,DiligentDonuts,EarnestEspressos,6290015
2026-07-03T23:01:22.101864,2026-07-03T23:01:22.113607+00:00,124.8,43,bid,CostlyCorianders,DiligentDonuts,6290042
2026-07-03T23:01:23.491067,2026-07-03T23:01:23.504902+00:00,124.8,57,bid,EarnestEspressos,DiligentDonuts,6290057
2026-07-03T23:01:24.594556,2026-07-03T23:01:24.606289+00:00,125.3,50,bid,FlawlessFlatbreads,EarnestEspressos,6290072
2026-07-03T23:01:26.702505,2026-07-03T23:01:26.710550+00:00,125.1,50,bid,FlawlessFlatbreads,DiligentDonuts,6290105
2026-07-03T23:01:27.601514,2026-07-03T23:01:27.612813+00:00,124.7,47,ask,EarnestEspressos,CostlyCorianders,6290112
2026-07-03T23:01:29.131035,2026-07-03T23:01:29.142723+00:00,125.1,45,bid,CostlyCorianders,DiligentDonuts,6290132
2026-07-03T23:01:30.810323,2026-07-03T23:01:30.822036+00:00,124.6,40,ask,DiligentDonuts,CostlyCorianders,6290155
2026-07-03T23:01:31.441535,2026-07-03T23:01:31.452974+00:00,124.7,47,ask,DiligentDonuts,CostlyCorianders,6290169
2026-07-03T23:01:34.789932,2026-07-03T23:01:34.798346+00:00,125.3,42,bid,CostlyCorianders,EarnestEspressos,6290212
2026-07-03T23:01:35.127653,2026-07-03T23:01:35.139256+00:00,125.3,50,bid,FlawlessFlatbreads,EarnestEspressos,6290221
2026-07-03T23:01:36.150993,2026-07-03T23:01:36.159835+00:00,125.1,11,ask,EarnestEspressos,Xuanyu Liu,6290234
2026-07-03T23:01:36.279190,2026-07-03T23:01:36.291019+00:00,125.1,40,ask,EarnestEspressos,CostlyCorianders,6290236
2026-07-03T23:01:37.237789,2026-07-03T23:01:37.249398+00:00,125.3,50,bid,FlawlessFlatbreads,DiligentDonuts,6290241
2026-07-03T23:01:39.347242,2026-07-03T23:01:39.356520+00:00,125.3,50,bid,FlawlessFlatbreads,DiligentDonuts,6290273
2026-07-03T23:01:41.398374,2026-07-03T23:01:41.404833+00:00,125.4,42,bid,CostlyCorianders,EarnestEspressos,6290296
2026-07-03T23:01:41.455096,2026-07-03T23:01:41.463953+00:00,125.4,50,bid,FlawlessFlatbreads,EarnestEspressos,6290299
2026-07-03T23:01:42.461915,2026-07-03T23:01:42.469764+00:00,125.4,23,ask,EarnestEspressos,Xuanyu Liu,6290314
2026-07-03T23:01:43.562055,2026-07-03T23:01:43.573573+00:00,125.5,50,bid,FlawlessFlatbreads,DiligentDonuts,6290329
2026-07-03T23:01:44.547517,2026-07-03T23:01:44.556676+00:00,125.4,3,ask,EarnestEspressos,Xuanyu Liu,6290339
2026-07-03T23:01:45.678590,2026-07-03T23:01:45.687285+00:00,125.4,45,ask,EarnestEspressos,CostlyCorianders,6290360
2026-07-03T23:01:47.832429,2026-07-03T23:01:47.843833+00:00,125.4,50,ask,EarnestEspressos,FlawlessFlatbreads,6290394
2026-07-03T23:01:50.338815,2026-07-03T23:01:50.345995+00:00,125.4,44,bid,CostlyCorianders,EarnestEspressos,6290430
2026-07-03T23:01:50.394107,2026-07-03T23:01:50.405858+00:00,125.1,44,ask,DiligentDonuts,CostlyCorianders,6290431
2026-07-03T23:01:51.989393,2026-07-03T23:01:52.000761+00:00,125.6,50,bid,FlawlessFlatbreads,DiligentDonuts,6290446
2026-07-03T23:01:51.995644,2026-07-03T23:01:52.005950+00:00,125.6,49,bid,CostlyCorianders,DiligentDonuts,6290447
2026-07-03T23:01:54.678529,2026-07-03T23:01:54.685126+00:00,125.2,43,ask,DiligentDonuts,CostlyCorianders,6290481
2026-07-03T23:01:55.687244,2026-07-03T23:01:55.698631+00:00,125.2,40,ask,DiligentDonuts,CostlyCorianders,6290495
2026-07-03T23:01:56.210666,2026-07-03T23:01:56.222087+00:00,125.5,50,bid,FlawlessFlatbreads,EarnestEspressos,6290501
2026-07-03T23:01:56.685097,2026-07-03T23:01:56.692428+00:00,125.5,44,bid,CostlyCorianders,EarnestEspressos,6290516
2026-07-03T23:01:57.278269,2026-07-03T23:01:57.288331+00:00,125.5,46,bid,CostlyCorianders,EarnestEspressos,6290523
2026-07-03T23:01:57.792614,2026-07-03T23:01:57.800674+00:00,125.0,46,ask,EarnestEspressos,CostlyCorianders,6290528
2026-07-03T23:01:58.380097,2026-07-03T23:01:58.391391+00:00,125.2,50,ask,EarnestEspressos,FlawlessFlatbreads,6290535
2026-07-03T23:01:59.758569,2026-07-03T23:01:59.769984+00:00,125.2,100,ask,EarnestEspressos,DiligentDonuts,6290552
2026-07-03T23:02:01.501850,2026-07-03T23:02:01.509990+00:00,124.8,3,bid,Xuanyu Liu,EarnestEspressos,6290572
2026-07-03T23:02:02.587981,2026-07-03T23:02:02.597883+00:00,124.7,50,ask,DiligentDonuts,FlawlessFlatbreads,6290584
2026-07-03T23:02:02.866269,2026-07-03T23:02:02.877835+00:00,124.8,100,bid,DiligentDonuts,EarnestEspressos,6290588
2026-07-03T23:02:04.135886,2026-07-03T23:02:04.147373+00:00,124.8,44,bid,CostlyCorianders,EarnestEspressos,6290604
2026-07-03T23:02:04.435436,2026-07-03T23:02:04.445003+00:00,124.8,3,bid,Xuanyu Liu,EarnestEspressos,6290609
2026-07-03T23:02:04.610801,2026-07-03T23:02:04.619381+00:00,125.1,6,ask,EarnestEspressos,Xuanyu Liu,6290614
2026-07-03T23:02:04.693564,2026-07-03T23:02:04.704966+00:00,125.1,50,ask,EarnestEspressos,FlawlessFlatbreads,6290618
2026-07-03T23:02:06.082206,2026-07-03T23:02:06.093639+00:00,125.1,94,ask,EarnestEspressos,DiligentDonuts,6290632
2026-07-03T23:02:06.799206,2026-07-03T23:02:06.810673+00:00,124.6,50,ask,DiligentDonuts,FlawlessFlatbreads,6290637
2026-07-03T23:02:08.573396,2026-07-03T23:02:08.582746+00:00,124.8,40,ask,EarnestEspressos,CostlyCorianders,6290673
2026-07-03T23:02:08.906052,2026-07-03T23:02:08.915633+00:00,124.8,50,ask,EarnestEspressos,FlawlessFlatbreads,6290678
2026-07-03T23:02:09.648228,2026-07-03T23:02:09.659975+00:00,125.3,46,bid,CostlyCorianders,EarnestEspressos,6290690
2026-07-03T23:02:10.693023,2026-07-03T23:02:10.704701+00:00,124.9,43,ask,DiligentDonuts,CostlyCorianders,6290722
2026-07-03T23:02:11.004969,2026-07-03T23:02:11.012686+00:00,125.0,14,bid,Xuanyu Liu,EarnestEspressos,6290726
2026-07-03T23:02:11.012328,2026-07-03T23:02:11.027921+00:00,124.9,50,ask,DiligentDonuts,FlawlessFlatbreads,6290728
2026-07-03T23:02:11.098961,2026-07-03T23:02:11.107085+00:00,125.0,12,bid,Xuanyu Liu,EarnestEspressos,6290729
2026-07-03T23:02:13.120284,2026-07-03T23:02:13.129937+00:00,124.8,50,ask,DiligentDonuts,FlawlessFlatbreads,6290758
2026-07-03T23:02:13.765888,2026-07-03T23:02:13.777258+00:00,125.0,41,bid,CostlyCorianders,EarnestEspressos,6290768
2026-07-03T23:02:13.819285,2026-07-03T23:02:13.828558+00:00,124.8,42,ask,DiligentDonuts,CostlyCorianders,6290770
2026-07-03T23:02:15.226772,2026-07-03T23:02:15.238667+00:00,124.8,8,ask,DiligentDonuts,FlawlessFlatbreads,6290789
2026-07-03T23:02:15.226772,2026-07-03T23:02:15.238667+00:00,124.7,42,ask,EarnestEspressos,FlawlessFlatbreads,6290790
2026-07-03T23:02:16.557598,2026-07-03T23:02:16.569095+00:00,125.0,46,bid,CostlyCorianders,DiligentDonuts,6290807
2026-07-03T23:02:17.338974,2026-07-03T23:02:17.350409+00:00,124.7,50,ask,EarnestEspressos,FlawlessFlatbreads,6290817
2026-07-03T23:02:17.562792,2026-07-03T23:02:17.574427+00:00,125.0,47,bid,CostlyCorianders,DiligentDonuts,6290825
2026-07-03T23:02:17.611436,2026-07-03T23:02:17.628934+00:00,125.0,7,bid,Xuanyu Liu,DiligentDonuts,6290826
2026-07-03T23:02:19.447185,2026-07-03T23:02:19.453642+00:00,125.0,50,ask,DiligentDonuts,FlawlessFlatbreads,6290854
2026-07-03T23:02:20.480025,2026-07-03T23:02:20.491351+00:00,125.0,50,ask,DiligentDonuts,EarnestEspressos,6290874
2026-07-03T23:02:22.048244,2026-07-03T23:02:22.059764+00:00,124.5,40,ask,EarnestEspressos,CostlyCorianders,6290892
2026-07-03T23:02:24.170437,2026-07-03T23:02:24.178036+00:00,124.9,4,bid,Xuanyu Liu,EarnestEspressos,6290911
2026-07-03T23:02:25.478669,2026-07-03T23:02:25.488794+00:00,124.9,44,bid,CostlyCorianders,EarnestEspressos,6290921
2026-07-03T23:02:25.481340,2026-07-03T23:02:25.488794+00:00,124.9,12,bid,Xuanyu Liu,EarnestEspressos,6290922
2026-07-03T23:02:25.716478,2026-07-03T23:02:25.724209+00:00,124.9,50,bid,FlawlessFlatbreads,EarnestEspressos,6290927
2026-07-03T23:02:26.754846,2026-07-03T23:02:26.756915+00:00,125.0,100,bid,EarnestEspressos,DiligentDonuts,6290933
2026-07-03T23:02:26.821118,2026-07-03T23:02:26.831908+00:00,125.1,12,ask,EarnestEspressos,Xuanyu Liu,6290936
2026-07-03T23:02:27.822640,2026-07-03T23:02:27.834035+00:00,125.6,50,bid,FlawlessFlatbreads,EarnestEspressos,6290948
2026-07-03T23:02:28.107973,2026-07-03T23:02:28.117277+00:00,125.1,11,ask,EarnestEspressos,Xuanyu Liu,6290955
2026-07-03T23:02:29.930749,2026-07-03T23:02:29.941561+00:00,125.2,50,bid,FlawlessFlatbreads,DiligentDonuts,6290974
2026-07-03T23:02:30.706151,2026-07-03T23:02:30.717603+00:00,124.8,47,ask,EarnestEspressos,CostlyCorianders,6290986
2026-07-03T23:02:32.037027,2026-07-03T23:02:32.048125+00:00,125.3,50,bid,FlawlessFlatbreads,EarnestEspressos,6291008
2026-07-03T23:02:32.928277,2026-07-03T23:02:32.934769+00:00,125.1,47,ask,DiligentDonuts,CostlyCorianders,6291019
2026-07-03T23:02:34.141973,2026-07-03T23:02:34.153625+00:00,125.2,50,bid,FlawlessFlatbreads,EarnestEspressos,6291040
2026-07-03T23:02:35.047330,2026-07-03T23:02:35.058583+00:00,125.2,40,bid,CostlyCorianders,EarnestEspressos,6291055
2026-07-03T23:02:35.615421,2026-07-03T23:02:35.627337+00:00,124.7,43,ask,EarnestEspressos,CostlyCorianders,6291060
2026-07-03T23:02:36.247349,2026-07-03T23:02:36.253748+00:00,125.2,50,bid,FlawlessFlatbreads,DiligentDonuts,6291065
2026-07-03T23:02:37.290051,2026-07-03T23:02:37.298385+00:00,125.2,11,bid,Xuanyu Liu,DiligentDonuts,6291080
2026-07-03T23:02:38.363709,2026-07-03T23:02:38.373944+00:00,125.6,50,bid,FlawlessFlatbreads,EarnestEspressos,6291099
2026-07-03T23:02:39.934813,2026-07-03T23:02:39.946661+00:00,125.7,45,bid,CostlyCorianders,DiligentDonuts,6291119
2026-07-03T23:02:40.470184,2026-07-03T23:02:40.481633+00:00,125.7,50,bid,FlawlessFlatbreads,DiligentDonuts,6291122
2026-07-03T23:02:40.843678,2026-07-03T23:02:40.852750+00:00,125.5,23,ask,DiligentDonuts,Xuanyu Liu,6291131
2026-07-03T23:02:41.048452,2026-07-03T23:02:41.058553+00:00,125.5,43,ask,DiligentDonuts,CostlyCorianders,6291134
2026-07-03T23:02:42.263079,2026-07-03T23:02:42.275110+00:00,125.5,34,ask,DiligentDonuts,CostlyCorianders,6291155
2026-07-03T23:02:42.263079,2026-07-03T23:02:42.275110+00:00,125.3,12,ask,EarnestEspressos,CostlyCorianders,6291156
2026-07-03T23:02:42.578087,2026-07-03T23:02:42.588940+00:00,126.0,50,bid,FlawlessFlatbreads,DiligentDonuts,6291163
2026-07-03T23:02:42.902995,2026-07-03T23:02:42.914124+00:00,125.9,46,bid,CostlyCorianders,EarnestEspressos,6291171
2026-07-03T23:02:43.881600,2026-07-03T23:02:43.890025+00:00,125.4,46,ask,EarnestEspressos,CostlyCorianders,6291185
2026-07-03T23:02:44.381330,2026-07-03T23:02:44.392801+00:00,125.8,48,bid,CostlyCorianders,DiligentDonuts,6291192
2026-07-03T23:02:44.692601,2026-07-03T23:02:44.704288+00:00,125.8,50,bid,FlawlessFlatbreads,DiligentDonuts,6291195
2026-07-03T23:02:45.499286,2026-07-03T23:02:45.509243+00:00,125.4,44,ask,EarnestEspressos,CostlyCorianders,6291217
2026-07-03T23:02:46.827630,2026-07-03T23:02:46.835880+00:00,125.7,50,bid,FlawlessFlatbreads,EarnestEspressos,6291240
2026-07-03T23:02:47.152363,2026-07-03T23:02:47.158592+00:00,125.7,100,bid,DiligentDonuts,EarnestEspressos,6291247
2026-07-03T23:02:48.909961,2026-07-03T23:02:48.917493+00:00,125.7,14,ask,EarnestEspressos,Xuanyu Liu,6291265
2026-07-03T23:02:48.936278,2026-07-03T23:02:48.945145+00:00,126.3,50,bid,FlawlessFlatbreads,DiligentDonuts,6291269
2026-07-03T23:02:48.990156,2026-07-03T23:02:49.001432+00:00,125.7,41,ask,EarnestEspressos,CostlyCorianders,6291271
2026-07-03T23:02:49.499039,2026-07-03T23:02:49.510661+00:00,126.2,43,bid,CostlyCorianders,EarnestEspressos,6291283
2026-07-03T23:02:51.063853,2026-07-03T23:02:51.074058+00:00,126.0,50,bid,FlawlessFlatbreads,DiligentDonuts,6291303
2026-07-03T23:02:51.064003,2026-07-03T23:02:51.074058+00:00,125.7,40,ask,EarnestEspressos,CostlyCorianders,6291304
2026-07-03T23:02:53.171692,2026-07-03T23:02:53.183239+00:00,126.0,50,bid,FlawlessFlatbreads,DiligentDonuts,6291339
2026-07-03T23:02:53.837594,2026-07-03T23:02:53.852097+00:00,126.1,46,bid,CostlyCorianders,EarnestEspressos,6291344
2026-07-03T23:02:54.485044,2026-07-03T23:02:54.496687+00:00,125.8,44,ask,DiligentDonuts,CostlyCorianders,6291352
2026-07-03T23:02:55.278972,2026-07-03T23:02:55.287548+00:00,126.2,50,bid,FlawlessFlatbreads,EarnestEspressos,6291357
2026-07-03T23:02:57.439413,2026-07-03T23:02:57.451147+00:00,125.7,50,ask,EarnestEspressos,FlawlessFlatbreads,6291381
2026-07-03T23:02:58.750401,2026-07-03T23:02:58.758588+00:00,126.0,43,bid,CostlyCorianders,EarnestEspressos,6291397
2026-07-03T23:02:59.546652,2026-07-03T23:02:59.558186+00:00,125.6,50,ask,DiligentDonuts,FlawlessFlatbreads,6291409
2026-07-03T23:02:59.863471,2026-07-03T23:02:59.872427+00:00,126.0,43,bid,CostlyCorianders,EarnestEspressos,6291413
2026-07-03T23:03:01.550769,2026-07-03T23:03:01.558585+00:00,126.0,100,bid,EarnestEspressos,DiligentDonuts,6291439
2026-07-03T23:03:01.618266,2026-07-03T23:03:01.626633+00:00,126.1,3,ask,EarnestEspressos,Xuanyu Liu,6291440
2026-07-03T23:03:01.653803,2026-07-03T23:03:01.665229+00:00,126.1,47,ask,EarnestEspressos,FlawlessFlatbreads,6291442
2026-07-03T23:03:01.653803,2026-07-03T23:03:01.665229+00:00,125.5,3,ask,DiligentDonuts,FlawlessFlatbreads,6291443
2026-07-03T23:03:01.964237,2026-07-03T23:03:01.975089+00:00,125.5,46,ask,DiligentDonuts,CostlyCorianders,6291447
2026-07-03T23:03:03.774786,2026-07-03T23:03:03.785762+00:00,125.7,50,ask,DiligentDonuts,FlawlessFlatbreads,6291480
2026-07-03T23:03:04.406556,2026-07-03T23:03:04.417945+00:00,125.7,45,ask,DiligentDonuts,CostlyCorianders,6291488
2026-07-03T23:03:05.881407,2026-07-03T23:03:05.892849+00:00,125.7,5,ask,DiligentDonuts,FlawlessFlatbreads,6291506
2026-07-03T23:03:06.220324,2026-07-03T23:03:06.229107+00:00,125.7,3,bid,Xuanyu Liu,DiligentDonuts,6291515
2026-07-03T23:03:07.989195,2026-07-03T23:03:07.996791+00:00,125.5,50,ask,EarnestEspressos,FlawlessFlatbreads,6291535
2026-07-03T23:03:10.979978,2026-07-03T23:03:10.991843+00:00,125.9,42,bid,CostlyCorianders,DiligentDonuts,6291577
2026-07-03T23:03:12.199814,2026-07-03T23:03:12.211123+00:00,125.4,50,ask,DiligentDonuts,FlawlessFlatbreads,6291596
2026-07-03T23:03:14.211325,2026-07-03T23:03:14.222823+00:00,125.5,44,ask,DiligentDonuts,CostlyCorianders,6291618
2026-07-03T23:03:14.304879,2026-07-03T23:03:14.316304+00:00,125.5,50,ask,DiligentDonuts,FlawlessFlatbreads,6291619
2026-07-03T23:03:15.884144,2026-07-03T23:03:15.905566+00:00,125.4,3,bid,Xuanyu Liu,DiligentDonuts,6291639
2026-07-03T23:03:16.625542,2026-07-03T23:03:16.633018+00:00,125.4,11,bid,Xuanyu Liu,DiligentDonuts,6291657
2026-07-03T23:03:17.356224,2026-07-03T23:03:17.367990+00:00,125.4,86,bid,EarnestEspressos,DiligentDonuts,6291666
2026-07-03T23:03:18.466938,2026-07-03T23:03:18.478575+00:00,125.9,50,bid,FlawlessFlatbreads,EarnestEspressos,6291685
2026-07-03T23:03:18.807442,2026-07-03T23:03:18.817675+00:00,125.9,43,bid,CostlyCorianders,EarnestEspressos,6291692
2026-07-03T23:03:21.264887,2026-07-03T23:03:21.271153+00:00,125.6,48,bid,CostlyCorianders,EarnestEspressos,6291737
2026-07-03T23:03:22.676904,2026-07-03T23:03:22.688563+00:00,125.6,50,bid,FlawlessFlatbreads,EarnestEspressos,6291757
2026-07-03T23:03:23.418658,2026-07-03T23:03:23.427115+00:00,125.3,44,ask,DiligentDonuts,CostlyCorianders,6291770
2026-07-03T23:03:23.699077,2026-07-03T23:03:23.707291+00:00,125.6,11,ask,EarnestEspressos,Xuanyu Liu,6291777
2026-07-03T23:03:23.859791,2026-07-03T23:03:23.867703+00:00,125.6,3,ask,EarnestEspressos,Xuanyu Liu,6291780
2026-07-03T23:03:24.782301,2026-07-03T23:03:24.793953+00:00,125.8,50,bid,FlawlessFlatbreads,DiligentDonuts,6291790
2026-07-03T23:03:25.676583,2026-07-03T23:03:25.688211+00:00,126.0,48,bid,CostlyCorianders,DiligentDonuts,6291801
2026-07-03T23:03:26.924732,2026-07-03T23:03:26.932494+00:00,125.5,49,ask,DiligentDonuts,CostlyCorianders,6291815
2026-07-03T23:03:28.447824,2026-07-03T23:03:28.458599+00:00,125.5,48,ask,EarnestEspressos,CostlyCorianders,6291843
2026-07-03T23:03:31.097336,2026-07-03T23:03:31.105486+00:00,125.8,50,bid,FlawlessFlatbreads,DiligentDonuts,6291895
2026-07-03T23:03:31.588203,2026-07-03T23:03:31.599695+00:00,126.0,42,bid,CostlyCorianders,EarnestEspressos,6291907
2026-07-03T23:03:32.189760,2026-07-03T23:03:32.201435+00:00,125.8,42,ask,DiligentDonuts,CostlyCorianders,6291917
2026-07-03T23:03:33.205139,2026-07-03T23:03:33.216857+00:00,126.3,50,bid,FlawlessFlatbreads,DiligentDonuts,6291924
2026-07-03T23:03:34.912997,2026-07-03T23:03:34.924941+00:00,126.2,40,bid,CostlyCorianders,DiligentDonuts,6291953
2026-07-03T23:03:35.312236,2026-07-03T23:03:35.323621+00:00,126.2,50,bid,FlawlessFlatbreads,DiligentDonuts,6291960
2026-07-03T23:03:37.136409,2026-07-03T23:03:37.142968+00:00,126.2,10,bid,CostlyCorianders,DiligentDonuts,6291987
2026-07-03T23:03:37.136409,2026-07-03T23:03:37.148332+00:00,126.3,37,bid,CostlyCorianders,EarnestEspressos,6291988
2026-07-03T23:03:37.418000,2026-07-03T23:03:37.426526+00:00,126.3,50,bid,FlawlessFlatbreads,EarnestEspressos,6291990
2026-07-03T23:03:39.508816,2026-07-03T23:03:39.519302+00:00,126.2,3,ask,EarnestEspressos,Xuanyu Liu,6292025
2026-07-03T23:03:39.576008,2026-07-03T23:03:39.588198+00:00,126.2,50,ask,EarnestEspressos,FlawlessFlatbreads,6292028
2026-07-03T23:03:40.759635,2026-07-03T23:03:40.767291+00:00,126.2,11,ask,EarnestEspressos,Xuanyu Liu,6292047
2026-07-03T23:03:43.734689,2026-07-03T23:03:43.748261+00:00,126.4,50,bid,FlawlessFlatbreads,EarnestEspressos,6292086
2026-07-03T23:03:46.836557,2026-07-03T23:03:46.846110+00:00,126.3,47,ask,EarnestEspressos,CostlyCorianders,6292129
2026-07-03T23:03:47.887649,2026-07-03T23:03:47.899339+00:00,126.3,49,ask,EarnestEspressos,CostlyCorianders,6292141
2026-07-03T23:03:47.958318,2026-07-03T23:03:47.968927+00:00,126.6,50,bid,FlawlessFlatbreads,DiligentDonuts,6292143
2026-07-03T23:03:49.475745,2026-07-03T23:03:49.483816+00:00,126.3,11,bid,Xuanyu Liu,EarnestEspressos,6292161
2026-07-03T23:03:49.515085,2026-07-03T23:03:49.526621+00:00,126.3,46,bid,CostlyCorianders,EarnestEspressos,6292163
2026-07-03T23:03:50.119027,2026-07-03T23:03:50.130699+00:00,126.1,50,ask,DiligentDonuts,FlawlessFlatbreads,6292167
2026-07-03T23:03:50.466369,2026-07-03T23:03:50.474080+00:00,126.3,93,bid,DiligentDonuts,EarnestEspressos,6292174
2026-07-03T23:03:52.158840,2026-07-03T23:03:52.167062+00:00,126.4,11,ask,EarnestEspressos,Xuanyu Liu,6292192
2026-07-03T23:03:52.246506,2026-07-03T23:03:52.257832+00:00,126.4,50,ask,EarnestEspressos,FlawlessFlatbreads,6292196
2026-07-03T23:03:52.981193,2026-07-03T23:03:52.993036+00:00,126.4,49,ask,EarnestEspressos,CostlyCorianders,6292207
2026-07-03T23:03:54.351421,2026-07-03T23:03:54.357690+00:00,126.4,40,ask,EarnestEspressos,FlawlessFlatbreads,6292222
2026-07-03T23:03:54.351421,2026-07-03T23:03:54.357690+00:00,126.1,10,ask,DiligentDonuts,FlawlessFlatbreads,6292223
2026-07-03T23:03:54.631332,2026-07-03T23:03:54.640036+00:00,126.6,40,bid,CostlyCorianders,DiligentDonuts,6292230
2026-07-03T23:03:56.400167,2026-07-03T23:03:56.411829+00:00,126.6,43,bid,CostlyCorianders,DiligentDonuts,6292247
2026-07-03T23:03:56.459204,2026-07-03T23:03:56.469106+00:00,126.1,50,ask,DiligentDonuts,FlawlessFlatbreads,6292250
2026-07-03T23:03:59.057439,2026-07-03T23:03:59.069377+00:00,126.6,43,bid,CostlyCorianders,DiligentDonuts,6292278
2026-07-03T23:04:00.682580,2026-07-03T23:04:00.693911+00:00,126.4,50,ask,DiligentDonuts,FlawlessFlatbreads,6292297
2026-07-03T23:04:02.738127,2026-07-03T23:04:02.749791+00:00,126.5,50,bid,FlawlessFlatbreads,EarnestEspressos,6292331
2026-07-03T23:04:04.902211,2026-07-03T23:04:04.916600+00:00,126.2,50,ask,EarnestEspressos,FlawlessFlatbreads,6292354
2026-07-03T23:04:07.008224,2026-07-03T23:04:07.019715+00:00,126.2,50,ask,EarnestEspressos,FlawlessFlatbreads,6292377
2026-07-03T23:04:08.002811,2026-07-03T23:04:08.023674+00:00,126.0,100,ask,DiligentDonuts,EarnestEspressos,6292388
2026-07-03T23:04:08.014244,2026-07-03T23:04:08.023674+00:00,126.0,11,bid,Xuanyu Liu,EarnestEspressos,6292389
2026-07-03T23:04:08.539092,2026-07-03T23:04:08.547404+00:00,126.0,3,bid,Xuanyu Liu,EarnestEspressos,6292395
2026-07-03T23:04:09.447122,2026-07-03T23:04:09.458601+00:00,126.0,36,bid,CostlyCorianders,EarnestEspressos,6292417
2026-07-03T23:04:11.218216,2026-07-03T23:04:11.230090+00:00,126.2,50,ask,EarnestEspressos,FlawlessFlatbreads,6292440
2026-07-03T23:04:13.326996,2026-07-03T23:04:13.338537+00:00,126.2,50,ask,EarnestEspressos,FlawlessFlatbreads,6292482
2026-07-03T23:04:14.420606,2026-07-03T23:04:14.430777+00:00,126.2,43,ask,EarnestEspressos,CostlyCorianders,6292497
2026-07-03T23:04:15.434364,2026-07-03T23:04:15.445736+00:00,126.2,50,ask,EarnestEspressos,FlawlessFlatbreads,6292512
2026-07-03T23:04:16.564764,2026-07-03T23:04:16.576547+00:00,126.2,47,ask,EarnestEspressos,CostlyCorianders,6292524
2026-07-03T23:04:17.170126,2026-07-03T23:04:17.182010+00:00,126.3,46,bid,CostlyCorianders,DiligentDonuts,6292532
2026-07-03T23:04:17.498020,2026-07-03T23:04:17.505583+00:00,126.0,3,bid,Xuanyu Liu,EarnestEspressos,6292539
2026-07-03T23:04:17.541348,2026-07-03T23:04:17.552892+00:00,125.8,50,ask,DiligentDonuts,FlawlessFlatbreads,6292541
2026-07-03T23:04:18.389372,2026-07-03T23:04:18.397278+00:00,126.0,11,bid,Xuanyu Liu,EarnestEspressos,6292556
2026-07-03T23:04:18.925392,2026-07-03T23:04:18.937426+00:00,126.0,100,bid,DiligentDonuts,EarnestEspressos,6292565
2026-07-03T23:04:19.698272,2026-07-03T23:04:19.707389+00:00,126.0,12,bid,Xuanyu Liu,EarnestEspressos,6292575
2026-07-03T23:04:20.607325,2026-07-03T23:04:20.616380+00:00,126.2,12,ask,EarnestEspressos,Xuanyu Liu,6292581
2026-07-03T23:04:21.011220,2026-07-03T23:04:21.019035+00:00,126.2,11,ask,EarnestEspressos,Xuanyu Liu,6292589
2026-07-03T23:04:21.071414,2026-07-03T23:04:21.083005+00:00,126.2,47,ask,EarnestEspressos,CostlyCorianders,6292591
2026-07-03T23:04:21.701148,2026-07-03T23:04:21.712812+00:00,126.5,50,bid,FlawlessFlatbreads,DiligentDonuts,6292597
2026-07-03T23:04:21.966838,2026-07-03T23:04:21.974623+00:00,126.5,46,bid,CostlyCorianders,DiligentDonuts,6292601
2026-07-03T23:04:22.021836,2026-07-03T23:04:22.033680+00:00,126.2,42,ask,EarnestEspressos,CostlyCorianders,6292603
2026-07-03T23:04:23.214078,2026-07-03T23:04:23.225458+00:00,126.4,49,bid,CostlyCorianders,DiligentDonuts,6292627
2026-07-03T23:04:24.385896,2026-07-03T23:04:24.397666+00:00,126.2,47,bid,CostlyCorianders,EarnestEspressos,6292644
2026-07-03T23:04:25.256486,2026-07-03T23:04:25.265797+00:00,126.2,100,bid,DiligentDonuts,EarnestEspressos,6292660
2026-07-03T23:04:25.919263,2026-07-03T23:04:25.930496+00:00,126.2,3,bid,FlawlessFlatbreads,EarnestEspressos,6292668
2026-07-03T23:04:25.919263,2026-07-03T23:04:25.930496+00:00,126.9,47,bid,FlawlessFlatbreads,DiligentDonuts,6292669
2026-07-03T23:04:27.570357,2026-07-03T23:04:27.578703+00:00,126.5,3,ask,EarnestEspressos,Xuanyu Liu,6292704
2026-07-03T23:04:27.967282,2026-07-03T23:04:27.978873+00:00,126.5,43,ask,EarnestEspressos,CostlyCorianders,6292712
2026-07-03T23:04:28.027933,2026-07-03T23:04:28.039624+00:00,126.9,50,bid,FlawlessFlatbreads,DiligentDonuts,6292714
2026-07-03T23:04:30.135794,2026-07-03T23:04:30.145495+00:00,126.8,50,bid,FlawlessFlatbreads,DiligentDonuts,6292744
2026-07-03T23:04:32.241651,2026-07-03T23:04:32.253164+00:00,126.6,50,bid,FlawlessFlatbreads,EarnestEspressos,6292770
2026-07-03T23:04:34.348485,2026-07-03T23:04:34.358549+00:00,126.7,50,bid,FlawlessFlatbreads,DiligentDonuts,6292799
2026-07-03T23:04:36.456473,2026-07-03T23:04:36.467960+00:00,127.1,50,bid,FlawlessFlatbreads,DiligentDonuts,6292833
2026-07-03T23:04:37.921038,2026-07-03T23:04:37.929912+00:00,126.8,100,bid,DiligentDonuts,EarnestEspressos,6292852
2026-07-03T23:04:38.563712,2026-07-03T23:04:38.575385+00:00,126.8,50,bid,FlawlessFlatbreads,EarnestEspressos,6292857
2026-07-03T23:04:39.492938,2026-07-03T23:04:39.504515+00:00,126.3,41,ask,EarnestEspressos,CostlyCorianders,6292869
2026-07-03T23:04:39.594354,2026-07-03T23:04:39.603316+00:00,127.0,14,ask,EarnestEspressos,Xuanyu Liu,6292870
2026-07-03T23:04:40.745024,2026-07-03T23:04:40.763620+00:00,127.0,50,ask,EarnestEspressos,FlawlessFlatbreads,6292888
2026-07-03T23:04:41.536482,2026-07-03T23:04:41.544457+00:00,127.0,41,ask,EarnestEspressos,CostlyCorianders,6292900
2026-07-03T23:04:42.851301,2026-07-03T23:04:42.858541+00:00,126.7,50,ask,DiligentDonuts,FlawlessFlatbreads,6292917
2026-07-03T23:04:44.957369,2026-07-03T23:04:44.968871+00:00,126.6,50,ask,EarnestEspressos,FlawlessFlatbreads,6292941
2026-07-03T23:04:45.971560,2026-07-03T23:04:45.980863+00:00,126.8,14,bid,Xuanyu Liu,EarnestEspressos,6292952
2026-07-03T23:04:47.064125,2026-07-03T23:04:47.075551+00:00,126.6,50,ask,DiligentDonuts,FlawlessFlatbreads,6292962
2026-07-03T23:04:49.070040,2026-07-03T23:04:49.079525+00:00,126.9,43,bid,CostlyCorianders,DiligentDonuts,6292986
2026-07-03T23:04:49.171866,2026-07-03T23:04:49.180609+00:00,126.4,50,ask,DiligentDonuts,FlawlessFlatbreads,6292990
2026-07-03T23:04:51.280578,2026-07-03T23:04:51.289651+00:00,126.5,50,ask,DiligentDonuts,FlawlessFlatbreads,6293015
2026-07-03T23:04:51.895183,2026-07-03T23:04:51.901594+00:00,126.9,42,bid,CostlyCorianders,EarnestEspressos,6293026
2026-07-03T23:04:52.942316,2026-07-03T23:04:52.949955+00:00,126.7,41,ask,EarnestEspressos,CostlyCorianders,6293041
2026-07-03T23:04:53.387881,2026-07-03T23:04:53.399473+00:00,126.7,50,ask,EarnestEspressos,FlawlessFlatbreads,6293047
2026-07-03T23:04:54.759452,2026-07-03T23:04:54.770875+00:00,126.8,48,bid,CostlyCorianders,DiligentDonuts,6293073
2026-07-03T23:04:55.311679,2026-07-03T23:04:55.322270+00:00,126.7,45,ask,EarnestEspressos,CostlyCorianders,6293078
2026-07-03T23:04:55.495632,2026-07-03T23:04:55.503008+00:00,126.4,50,ask,DiligentDonuts,FlawlessFlatbreads,6293082
2026-07-03T23:04:55.858858,2026-07-03T23:04:55.870267+00:00,126.4,49,ask,DiligentDonuts,CostlyCorianders,6293087
2026-07-03T23:04:57.599071,2026-07-03T23:04:57.610525+00:00,126.7,44,bid,CostlyCorianders,EarnestEspressos,6293103
2026-07-03T23:04:57.625609,2026-07-03T23:04:57.638636+00:00,126.2,50,ask,EarnestEspressos,FlawlessFlatbreads,6293104
2026-07-03T23:04:59.680522,2026-07-03T23:04:59.692273+00:00,126.7,50,bid,FlawlessFlatbreads,DiligentDonuts,6293136
2026-07-03T23:04:59.858119,2026-07-03T23:04:59.869621+00:00,126.2,48,ask,DiligentDonuts,CostlyCorianders,6293140
2026-07-03T23:05:00.787136,2026-07-03T23:05:00.798622+00:00,126.5,42,bid,CostlyCorianders,DiligentDonuts,6293149
2026-07-03T23:05:01.286694,2026-07-03T23:05:01.295193+00:00,126.2,45,ask,EarnestEspressos,CostlyCorianders,6293154
2026-07-03T23:05:01.770984,2026-07-03T23:05:01.779078+00:00,126.2,14,bid,Xuanyu Liu,EarnestEspressos,6293163
2026-07-03T23:05:01.787849,2026-07-03T23:05:01.794350+00:00,126.2,50,bid,FlawlessFlatbreads,EarnestEspressos,6293165
2026-07-03T23:05:01.848065,2026-07-03T23:05:01.856768+00:00,126.2,12,bid,Xuanyu Liu,EarnestEspressos,6293168
2026-07-03T23:05:02.742265,2026-07-03T23:05:02.750416+00:00,126.2,47,bid,CostlyCorianders,EarnestEspressos,6293176
2026-07-03T23:05:03.236186,2026-07-03T23:05:03.244652+00:00,126.2,27,bid,DiligentDonuts,EarnestEspressos,6293181
2026-07-03T23:05:03.944525,2026-07-03T23:05:03.956262+00:00,126.2,50,ask,DiligentDonuts,FlawlessFlatbreads,6293188
2026-07-03T23:05:04.896053,2026-07-03T23:05:04.903820+00:00,126.5,12,ask,EarnestEspressos,Xuanyu Liu,6293201
2026-07-03T23:05:06.051019,2026-07-03T23:05:06.058577+00:00,126.5,50,ask,EarnestEspressos,FlawlessFlatbreads,6293215
2026-07-03T23:05:07.615206,2026-07-03T23:05:07.626601+00:00,126.6,49,bid,CostlyCorianders,DiligentDonuts,6293230
2026-07-03T23:05:08.159595,2026-07-03T23:05:08.171322+00:00,126.2,50,ask,EarnestEspressos,FlawlessFlatbreads,6293231
2026-07-03T23:05:09.554987,2026-07-03T23:05:09.566456+00:00,126.2,49,ask,EarnestEspressos,CostlyCorianders,6293247
2026-07-03T23:05:10.078600,2026-07-03T23:05:10.090107+00:00,126.6,45,bid,CostlyCorianders,DiligentDonuts,6293252
2026-07-03T23:05:10.134152,2026-07-03T23:05:10.145885+00:00,126.2,47,ask,EarnestEspressos,CostlyCorianders,6293253
2026-07-03T23:05:10.283422,2026-07-03T23:05:10.292823+00:00,126.2,4,ask,EarnestEspressos,FlawlessFlatbreads,6293255
2026-07-03T23:05:10.283422,2026-07-03T23:05:10.292823+00:00,126.1,46,ask,DiligentDonuts,FlawlessFlatbreads,6293256
2026-07-03T23:05:11.273623,2026-07-03T23:05:11.284598+00:00,126.1,54,ask,DiligentDonuts,EarnestEspressos,6293268
2026-07-03T23:05:11.285800,2026-07-03T23:05:11.294363+00:00,126.0,23,bid,Xuanyu Liu,EarnestEspressos,6293269
2026-07-03T23:05:12.113879,2026-07-03T23:05:12.121668+00:00,126.0,43,bid,CostlyCorianders,EarnestEspressos,6293283
2026-07-03T23:05:12.391214,2026-07-03T23:05:12.403081+00:00,125.5,50,ask,EarnestEspressos,FlawlessFlatbreads,6293286
2026-07-03T23:05:14.520950,2026-07-03T23:05:14.529272+00:00,125.8,50,ask,DiligentDonuts,FlawlessFlatbreads,6293307
2026-07-03T23:05:16.333581,2026-07-03T23:05:16.341160+00:00,125.6,48,ask,EarnestEspressos,CostlyCorianders,6293329
2026-07-03T23:05:16.626854,2026-07-03T23:05:16.638841+00:00,125.6,50,ask,EarnestEspressos,FlawlessFlatbreads,6293331
2026-07-03T23:05:17.613039,2026-07-03T23:05:17.620884+00:00,125.8,12,bid,Xuanyu Liu,EarnestEspressos,6293341
2026-07-03T23:05:17.779044,2026-07-03T23:05:17.790930+00:00,125.8,48,bid,CostlyCorianders,EarnestEspressos,6293345
2026-07-03T23:05:18.746531,2026-07-03T23:05:18.758632+00:00,125.6,50,ask,DiligentDonuts,FlawlessFlatbreads,6293365
2026-07-03T23:05:18.802990,2026-07-03T23:05:18.811027+00:00,125.8,22,bid,Xuanyu Liu,EarnestEspressos,6293369
2026-07-03T23:05:20.037314,2026-07-03T23:05:20.044222+00:00,125.8,40,bid,CostlyCorianders,EarnestEspressos,6293378
2026-07-03T23:05:20.854826,2026-07-03T23:05:20.863876+00:00,126.0,50,ask,EarnestEspressos,FlawlessFlatbreads,6293386
2026-07-03T23:05:22.420501,2026-07-03T23:05:22.429231+00:00,126.0,11,ask,EarnestEspressos,Xuanyu Liu,6293407
2026-07-03T23:05:22.985486,2026-07-03T23:05:22.993497+00:00,126.0,50,ask,EarnestEspressos,FlawlessFlatbreads,6293418
2026-07-03T23:05:25.039630,2026-07-03T23:05:25.051190+00:00,126.0,50,bid,FlawlessFlatbreads,EarnestEspressos,6293440
2026-07-03T23:05:25.279425,2026-07-03T23:05:25.291016+00:00,125.7,43,ask,DiligentDonuts,CostlyCorianders,6293443
2026-07-03T23:05:27.145848,2026-07-03T23:05:27.157257+00:00,126.0,50,bid,FlawlessFlatbreads,DiligentDonuts,6293477
2026-07-03T23:05:28.342543,2026-07-03T23:05:28.349646+00:00,126.0,46,bid,CostlyCorianders,DiligentDonuts,6293497
2026-07-03T23:05:28.931094,2026-07-03T23:05:28.942832+00:00,125.9,46,ask,DiligentDonuts,CostlyCorianders,6293507
2026-07-03T23:05:29.253834,2026-07-03T23:05:29.253349+00:00,126.2,50,bid,FlawlessFlatbreads,EarnestEspressos,6293509
2026-07-03T23:05:30.905215,2026-07-03T23:05:30.915268+00:00,126.0,45,ask,EarnestEspressos,CostlyCorianders,6293531
2026-07-03T23:05:31.360844,2026-07-03T23:05:31.372286+00:00,126.4,50,bid,FlawlessFlatbreads,DiligentDonuts,6293532
2026-07-03T23:05:33.469126,2026-07-03T23:05:33.480669+00:00,126.6,50,bid,FlawlessFlatbreads,DiligentDonuts,6293567
2026-07-03T23:05:35.248102,2026-07-03T23:05:35.258543+00:00,126.6,43,bid,CostlyCorianders,EarnestEspressos,6293594
2026-07-03T23:05:35.576797,2026-07-03T23:05:35.585739+00:00,126.6,50,bid,FlawlessFlatbreads,EarnestEspressos,6293601
2026-07-03T23:05:36.135976,2026-07-03T23:05:36.143083+00:00,126.6,42,bid,CostlyCorianders,EarnestEspressos,6293612
2026-07-03T23:05:36.532639,2026-07-03T23:05:36.542656+00:00,126.8,34,ask,EarnestEspressos,Xuanyu Liu,6293616
2026-07-03T23:05:37.683859,2026-07-03T23:05:37.695694+00:00,126.9,50,bid,FlawlessFlatbreads,DiligentDonuts,6293634
2026-07-03T23:05:38.168876,2026-07-03T23:05:38.183898+00:00,126.8,48,ask,EarnestEspressos,CostlyCorianders,6293641
2026-07-03T23:05:38.175636,2026-07-03T23:05:38.183898+00:00,126.8,12,ask,EarnestEspressos,Xuanyu Liu,6293642
2026-07-03T23:05:39.130173,2026-07-03T23:05:39.140651+00:00,126.8,47,ask,EarnestEspressos,CostlyCorianders,6293650
2026-07-03T23:05:39.638341,2026-07-03T23:05:39.645888+00:00,127.1,48,bid,CostlyCorianders,DiligentDonuts,6293662
2026-07-03T23:05:39.739462,2026-07-03T23:05:39.747175+00:00,126.6,100,ask,DiligentDonuts,EarnestEspressos,6293664
2026-07-03T23:05:39.760590,2026-07-03T23:05:39.772969+00:00,126.5,12,bid,Xuanyu Liu,EarnestEspressos,6293665
2026-07-03T23:05:39.791867,2026-07-03T23:05:39.804138+00:00,126.5,38,bid,FlawlessFlatbreads,EarnestEspressos,6293668
2026-07-03T23:05:39.791867,2026-07-03T23:05:39.804138+00:00,127.1,12,bid,FlawlessFlatbreads,DiligentDonuts,6293669
2026-07-03T23:05:41.274688,2026-07-03T23:05:41.287871+00:00,126.3,45,ask,DiligentDonuts,CostlyCorianders,6293686
2026-07-03T23:05:41.782228,2026-07-03T23:05:41.792412+00:00,126.8,47,bid,CostlyCorianders,DiligentDonuts,6293691
2026-07-03T23:05:41.899231,2026-07-03T23:05:41.908446+00:00,126.8,50,bid,FlawlessFlatbreads,DiligentDonuts,6293693
2026-07-03T23:05:42.851785,2026-07-03T23:05:42.858605+00:00,126.8,3,bid,EarnestEspressos,DiligentDonuts,6293701
2026-07-03T23:05:43.438075,2026-07-03T23:05:43.445528+00:00,126.8,49,ask,EarnestEspressos,CostlyCorianders,6293710
2026-07-03T23:05:44.004323,2026-07-03T23:05:44.013804+00:00,127.3,50,bid,FlawlessFlatbreads,EarnestEspressos,6293721
2026-07-03T23:05:44.432354,2026-07-03T23:05:44.444006+00:00,126.8,43,ask,EarnestEspressos,CostlyCorianders,6293731
2026-07-03T23:05:45.029029,2026-07-03T23:05:45.037470+00:00,126.8,23,ask,EarnestEspressos,Xuanyu Liu,6293737
2026-07-03T23:05:46.111412,2026-07-03T23:05:46.123418+00:00,126.8,50,bid,FlawlessFlatbreads,EarnestEspressos,6293749
2026-07-03T23:05:48.218754,2026-07-03T23:05:48.230710+00:00,126.8,50,bid,FlawlessFlatbreads,EarnestEspressos,6293780
2026-07-03T23:05:49.192409,2026-07-03T23:05:49.203769+00:00,126.8,100,bid,EarnestEspressos,DiligentDonuts,6293795
2026-07-03T23:05:50.325632,2026-07-03T23:05:50.333432+00:00,127.3,50,bid,FlawlessFlatbreads,EarnestEspressos,6293809
2026-07-03T23:05:52.442198,2026-07-03T23:05:52.463609+00:00,127.2,50,bid,FlawlessFlatbreads,EarnestEspressos,6293839
2026-07-03T23:05:54.550540,2026-07-03T23:05:54.557076+00:00,127.2,50,bid,FlawlessFlatbreads,EarnestEspressos,6293862
2026-07-03T23:05:55.527147,2026-07-03T23:05:55.544386+00:00,127.1,3,ask,EarnestEspressos,Xuanyu Liu,6293872
2026-07-03T23:05:56.363525,2026-07-03T23:05:56.372494+00:00,127.3,42,bid,CostlyCorianders,DiligentDonuts,6293884
2026-07-03T23:05:56.709720,2026-07-03T23:05:56.721461+00:00,127.1,50,ask,EarnestEspressos,FlawlessFlatbreads,6293888
2026-07-03T23:05:57.997029,2026-07-03T23:05:58.003349+00:00,127.1,47,ask,EarnestEspressos,CostlyCorianders,6293914
2026-07-03T23:05:58.816760,2026-07-03T23:05:58.863760+00:00,127.0,50,ask,DiligentDonuts,FlawlessFlatbreads,6293925
2026-07-03T23:06:00.922436,2026-07-03T23:06:00.929758+00:00,127.0,50,ask,DiligentDonuts,FlawlessFlatbreads,6293964
2026-07-03T23:06:02.570941,2026-07-03T23:06:02.582362+00:00,127.2,48,bid,CostlyCorianders,EarnestEspressos,6293986
2026-07-03T23:06:03.028913,2026-07-03T23:06:03.040714+00:00,127.0,50,ask,DiligentDonuts,FlawlessFlatbreads,6294000
2026-07-03T23:06:03.581384,2026-07-03T23:06:03.592586+00:00,127.1,43,bid,CostlyCorianders,DiligentDonuts,6294008
2026-07-03T23:06:04.625259,2026-07-03T23:06:04.636847+00:00,127.1,41,bid,CostlyCorianders,DiligentDonuts,6294019
2026-07-03T23:06:05.135766,2026-07-03T23:06:05.147344+00:00,126.9,50,ask,EarnestEspressos,FlawlessFlatbreads,6294029
2026-07-03T23:06:05.173939,2026-07-03T23:06:05.180864+00:00,126.9,41,ask,EarnestEspressos,CostlyCorianders,6294031
2026-07-03T23:06:06.104189,2026-07-03T23:06:06.116052+00:00,126.9,44,ask,EarnestEspressos,CostlyCorianders,6294046
2026-07-03T23:06:07.191081,2026-07-03T23:06:07.202440+00:00,127.3,50,bid,FlawlessFlatbreads,DiligentDonuts,6294057
2026-07-03T23:06:08.217875,2026-07-03T23:06:08.229280+00:00,126.8,100,ask,DiligentDonuts,EarnestEspressos,6294074
2026-07-03T23:06:08.230431,2026-07-03T23:06:08.238849+00:00,126.7,3,bid,Xuanyu Liu,EarnestEspressos,6294075
2026-07-03T23:06:09.296333,2026-07-03T23:06:09.307927+00:00,126.7,47,bid,FlawlessFlatbreads,EarnestEspressos,6294092
2026-07-03T23:06:09.296333,2026-07-03T23:06:09.307927+00:00,127.3,3,bid,FlawlessFlatbreads,DiligentDonuts,6294093
2026-07-03T23:06:11.337409,2026-07-03T23:06:11.345956+00:00,126.7,3,ask,EarnestEspressos,Xuanyu Liu,6294126
2026-07-03T23:06:11.418042,2026-07-03T23:06:11.426975+00:00,126.8,50,bid,FlawlessFlatbreads,DiligentDonuts,6294128
2026-07-03T23:06:11.781860,2026-07-03T23:06:11.788721+00:00,126.8,42,bid,CostlyCorianders,DiligentDonuts,6294133
2026-07-03T23:06:12.241298,2026-07-03T23:06:12.263917+00:00,126.7,40,ask,EarnestEspressos,CostlyCorianders,6294144
2026-07-03T23:06:13.527790,2026-07-03T23:06:13.539573+00:00,127.2,50,bid,FlawlessFlatbreads,EarnestEspressos,6294154
2026-07-03T23:06:14.305785,2026-07-03T23:06:14.317153+00:00,127.2,42,bid,CostlyCorianders,EarnestEspressos,6294165
2026-07-03T23:06:15.463504,2026-07-03T23:06:15.475076+00:00,126.9,48,ask,EarnestEspressos,CostlyCorianders,6294173
2026-07-03T23:06:15.634374,2026-07-03T23:06:15.646183+00:00,127.2,50,bid,FlawlessFlatbreads,DiligentDonuts,6294176
2026-07-03T23:06:17.752844,2026-07-03T23:06:17.764015+00:00,127.1,50,bid,FlawlessFlatbreads,EarnestEspressos,6294199
2026-07-03T23:06:18.161283,2026-07-03T23:06:18.173074+00:00,126.8,40,ask,DiligentDonuts,CostlyCorianders,6294208
2026-07-03T23:06:19.883819,2026-07-03T23:06:19.891858+00:00,127.1,50,bid,FlawlessFlatbreads,EarnestEspressos,6294234
2026-07-03T23:06:20.433159,2026-07-03T23:06:20.440355+00:00,127.1,44,bid,CostlyCorianders,EarnestEspressos,6294244
2026-07-03T23:06:20.824373,2026-07-03T23:06:20.833345+00:00,127.3,14,ask,EarnestEspressos,Xuanyu Liu,6294248
2026-07-03T23:06:21.754258,2026-07-03T23:06:21.764163+00:00,127.3,12,ask,EarnestEspressos,Xuanyu Liu,6294260
2026-07-03T23:06:21.995104,2026-07-03T23:06:22.006659+00:00,127.4,50,bid,FlawlessFlatbreads,DiligentDonuts,6294263
2026-07-03T23:06:24.152071,2026-07-03T23:06:24.151276+00:00,127.2,50,ask,EarnestEspressos,FlawlessFlatbreads,6294290
2026-07-03T23:06:24.523913,2026-07-03T23:06:24.535612+00:00,127.2,44,ask,EarnestEspressos,CostlyCorianders,6294298
2026-07-03T23:06:25.020545,2026-07-03T23:06:25.027057+00:00,127.4,42,bid,CostlyCorianders,DiligentDonuts,6294305
2026-07-03T23:06:25.075238,2026-07-03T23:06:25.086757+00:00,127.2,47,ask,EarnestEspressos,CostlyCorianders,6294307
2026-07-03T23:06:25.698616,2026-07-03T23:06:25.705792+00:00,127.2,9,ask,EarnestEspressos,Xuanyu Liu,6294315
2026-07-03T23:06:26.055603,2026-07-03T23:06:26.058572+00:00,127.1,42,ask,DiligentDonuts,CostlyCorianders,6294324
2026-07-03T23:06:26.206633,2026-07-03T23:06:26.218225+00:00,127.6,50,bid,FlawlessFlatbreads,DiligentDonuts,6294329
2026-07-03T23:06:27.192371,2026-07-03T23:06:27.200596+00:00,127.1,58,ask,DiligentDonuts,EarnestEspressos,6294342
2026-07-03T23:06:27.201855,2026-07-03T23:06:27.208843+00:00,126.9,21,bid,Xuanyu Liu,EarnestEspressos,6294343
2026-07-03T23:06:27.807414,2026-07-03T23:06:27.815693+00:00,126.9,11,bid,Xuanyu Liu,EarnestEspressos,6294351
2026-07-03T23:06:28.314014,2026-07-03T23:06:28.320698+00:00,126.9,50,bid,FlawlessFlatbreads,EarnestEspressos,6294355
2026-07-03T23:06:28.321130,2026-07-03T23:06:28.331438+00:00,126.9,10,bid,CostlyCorianders,EarnestEspressos,6294356
2026-07-03T23:06:28.321130,2026-07-03T23:06:28.331438+00:00,127.6,30,bid,CostlyCorianders,DiligentDonuts,6294357
2026-07-03T23:06:29.874455,2026-07-03T23:06:29.886338+00:00,127.4,47,bid,CostlyCorianders,DiligentDonuts,6294375
2026-07-03T23:06:30.313067,2026-07-03T23:06:30.320406+00:00,127.3,11,ask,EarnestEspressos,Xuanyu Liu,6294378
2026-07-03T23:06:31.024098,2026-07-03T23:06:31.035452+00:00,127.4,45,bid,CostlyCorianders,DiligentDonuts,6294395
2026-07-03T23:06:34.696163,2026-07-03T23:06:34.707752+00:00,127.3,50,ask,DiligentDonuts,FlawlessFlatbreads,6294443
2026-07-03T23:06:35.852858,2026-07-03T23:06:35.864558+00:00,127.2,44,ask,EarnestEspressos,CostlyCorianders,6294470
2026-07-03T23:06:37.507626,2026-07-03T23:06:37.517707+00:00,127.2,44,ask,DiligentDonuts,CostlyCorianders,6294491
2026-07-03T23:06:41.011835,2026-07-03T23:06:41.023847+00:00,126.9,50,ask,DiligentDonuts,FlawlessFlatbreads,6294531
2026-07-03T23:06:43.068267,2026-07-03T23:06:43.079914+00:00,127.1,50,bid,FlawlessFlatbreads,DiligentDonuts,6294563
2026-07-03T23:06:45.731250,2026-07-03T23:06:45.739887+00:00,127.3,41,bid,CostlyCorianders,EarnestEspressos,6294592
2026-07-03T23:06:46.246744,2026-07-03T23:06:46.263632+00:00,127.0,45,ask,EarnestEspressos,CostlyCorianders,6294600
2026-07-03T23:06:47.278736,2026-07-03T23:06:47.290485+00:00,127.3,50,bid,FlawlessFlatbreads,DiligentDonuts,6294611
2026-07-03T23:06:47.874646,2026-07-03T23:06:47.886493+00:00,127.5,48,bid,CostlyCorianders,EarnestEspressos,6294622
2026-07-03T23:06:50.966971,2026-07-03T23:06:50.978605+00:00,127.0,46,ask,EarnestEspressos,CostlyCorianders,6294663
2026-07-03T23:06:51.539319,2026-07-03T23:06:51.550731+00:00,127.0,50,ask,EarnestEspressos,FlawlessFlatbreads,6294670
2026-07-03T23:06:53.594123,2026-07-03T23:06:53.605609+00:00,127.3,50,bid,FlawlessFlatbreads,EarnestEspressos,6294702
2026-07-03T23:06:53.891477,2026-07-03T23:06:53.902911+00:00,127.3,45,bid,CostlyCorianders,EarnestEspressos,6294713
2026-07-03T23:06:55.752440,2026-07-03T23:06:55.761236+00:00,127.2,50,ask,EarnestEspressos,FlawlessFlatbreads,6294747
2026-07-03T23:06:56.659792,2026-07-03T23:06:56.671243+00:00,127.2,48,ask,EarnestEspressos,CostlyCorianders,6294758
2026-07-03T23:06:57.857617,2026-07-03T23:06:57.869186+00:00,127.2,50,ask,EarnestEspressos,FlawlessFlatbreads,6294768
2026-07-03T23:06:58.829744,2026-07-03T23:06:58.836479+00:00,127.1,100,ask,DiligentDonuts,EarnestEspressos,6294783
2026-07-03T23:06:59.795681,2026-07-03T23:06:59.806503+00:00,127.1,14,bid,Xuanyu Liu,EarnestEspressos,6294791
2026-07-03T23:06:59.967686,2026-07-03T23:06:59.976218+00:00,126.6,50,ask,EarnestEspressos,FlawlessFlatbreads,6294800
2026-07-03T23:07:00.283793,2026-07-03T23:07:00.291236+00:00,127.1,36,bid,DiligentDonuts,EarnestEspressos,6294804
2026-07-03T23:07:01.068606,2026-07-03T23:07:01.078202+00:00,127.1,41,ask,DiligentDonuts,CostlyCorianders,6294817
2026-07-03T23:07:01.598771,2026-07-03T23:07:01.610492+00:00,127.6,40,bid,CostlyCorianders,DiligentDonuts,6294823
2026-07-03T23:07:02.073945,2026-07-03T23:07:02.085866+00:00,127.1,23,ask,DiligentDonuts,FlawlessFlatbreads,6294829
2026-07-03T23:07:02.073945,2026-07-03T23:07:02.085866+00:00,126.9,27,ask,EarnestEspressos,FlawlessFlatbreads,6294830
2026-07-03T23:07:05.373655,2026-07-03T23:07:05.385246+00:00,127.3,46,bid,CostlyCorianders,DiligentDonuts,6294871
2026-07-03T23:07:06.286994,2026-07-03T23:07:06.298955+00:00,127.0,50,ask,EarnestEspressos,FlawlessFlatbreads,6294885
2026-07-03T23:07:06.845858,2026-07-03T23:07:06.858589+00:00,127.1,40,ask,DiligentDonuts,CostlyCorianders,6294893
2026-07-03T23:07:07.990192,2026-07-03T23:07:08.001820+00:00,127.5,40,bid,CostlyCorianders,EarnestEspressos,6294903
2026-07-03T23:07:08.401191,2026-07-03T23:07:08.413146+00:00,127.1,50,ask,DiligentDonuts,FlawlessFlatbreads,6294906
2026-07-03T23:07:09.035509,2026-07-03T23:07:09.047036+00:00,127.4,40,bid,CostlyCorianders,EarnestEspressos,6294918
2026-07-03T23:07:10.511772,2026-07-03T23:07:10.523165+00:00,126.9,50,ask,EarnestEspressos,FlawlessFlatbreads,6294936
2026-07-03T23:07:11.510622,2026-07-03T23:07:11.521972+00:00,127.0,41,bid,CostlyCorianders,DiligentDonuts,6294951
2026-07-03T23:07:12.622015,2026-07-03T23:07:12.634250+00:00,126.8,50,ask,EarnestEspressos,FlawlessFlatbreads,6294967
2026-07-03T23:07:14.221436,2026-07-03T23:07:14.242887+00:00,126.8,3,ask,EarnestEspressos,Xuanyu Liu,6294988
2026-07-03T23:07:14.728891,2026-07-03T23:07:14.740418+00:00,126.5,50,ask,DiligentDonuts,FlawlessFlatbreads,6294999
2026-07-03T23:07:16.206588,2026-07-03T23:07:16.214561+00:00,126.6,3,bid,Xuanyu Liu,DiligentDonuts,6295019
2026-07-03T23:07:16.340497,2026-07-03T23:07:16.352169+00:00,126.2,44,ask,EarnestEspressos,CostlyCorianders,6295026
2026-07-03T23:07:16.841371,2026-07-03T23:07:16.849123+00:00,126.6,3,bid,Xuanyu Liu,DiligentDonuts,6295031
2026-07-03T23:07:16.863048,2026-07-03T23:07:16.869758+00:00,126.2,50,ask,EarnestEspressos,FlawlessFlatbreads,6295033
2026-07-03T23:07:18.415191,2026-07-03T23:07:18.426743+00:00,126.6,41,bid,CostlyCorianders,DiligentDonuts,6295049
2026-07-03T23:07:23.126443,2026-07-03T23:07:23.138376+00:00,126.8,50,bid,FlawlessFlatbreads,EarnestEspressos,6295098
2026-07-03T23:07:23.389934,2026-07-03T23:07:23.405134+00:00,126.6,3,ask,DiligentDonuts,Xuanyu Liu,6295102
2026-07-03T23:07:27.336254,2026-07-03T23:07:27.347373+00:00,126.8,50,bid,FlawlessFlatbreads,EarnestEspressos,6295155
2026-07-03T23:07:27.711448,2026-07-03T23:07:27.729950+00:00,126.8,3,bid,Xuanyu Liu,EarnestEspressos,6295161
2026-07-03T23:07:28.773644,2026-07-03T23:07:28.782553+00:00,126.8,97,bid,DiligentDonuts,EarnestEspressos,6295177
2026-07-03T23:07:29.442025,2026-07-03T23:07:29.458561+00:00,127.3,50,bid,FlawlessFlatbreads,DiligentDonuts,6295187
2026-07-03T23:07:30.237393,2026-07-03T23:07:30.249490+00:00,126.8,3,ask,DiligentDonuts,CostlyCorianders,6295202
2026-07-03T23:07:30.407539,2026-07-03T23:07:30.419165+00:00,127.3,50,bid,EarnestEspressos,DiligentDonuts,6295204
2026-07-03T23:07:31.228775,2026-07-03T23:07:31.240625+00:00,127.5,45,ask,EarnestEspressos,CostlyCorianders,6295216
2026-07-03T23:07:31.247023,2026-07-03T23:07:31.255194+00:00,127.5,17,ask,EarnestEspressos,Xuanyu Liu,6295218
2026-07-03T23:07:31.580875,2026-07-03T23:07:31.592528+00:00,128.0,50,bid,FlawlessFlatbreads,EarnestEspressos,6295224
2026-07-03T23:07:31.990027,2026-07-03T23:07:31.998859+00:00,127.5,38,ask,EarnestEspressos,DiligentDonuts,6295227
2026-07-03T23:07:33.244269,2026-07-03T23:07:33.255769+00:00,126.9,47,ask,DiligentDonuts,CostlyCorianders,6295241
2026-07-03T23:07:33.635875,2026-07-03T23:07:33.645057+00:00,127.2,11,bid,Xuanyu Liu,EarnestEspressos,6295248
2026-07-03T23:07:33.687862,2026-07-03T23:07:33.700792+00:00,127.2,50,bid,FlawlessFlatbreads,EarnestEspressos,6295251
2026-07-03T23:07:33.829219,2026-07-03T23:07:33.840554+00:00,127.2,46,bid,CostlyCorianders,EarnestEspressos,6295256
2026-07-03T23:07:33.897176,2026-07-03T23:07:33.914752+00:00,127.2,3,bid,Xuanyu Liu,EarnestEspressos,6295257
2026-07-03T23:07:35.756022,2026-07-03T23:07:35.767579+00:00,126.9,48,ask,DiligentDonuts,CostlyCorianders,6295284
2026-07-03T23:07:37.251151,2026-07-03T23:07:37.258553+00:00,127.4,46,bid,CostlyCorianders,DiligentDonuts,6295300
2026-07-03T23:07:38.021173,2026-07-03T23:07:38.041433+00:00,127.3,50,ask,EarnestEspressos,FlawlessFlatbreads,6295312
2026-07-03T23:07:40.131724,2026-07-03T23:07:40.143583+00:00,127.3,50,ask,EarnestEspressos,FlawlessFlatbreads,6295342
2026-07-03T23:07:41.482001,2026-07-03T23:07:41.490322+00:00,127.3,44,ask,EarnestEspressos,CostlyCorianders,6295360
2026-07-03T23:07:42.238090,2026-07-03T23:07:42.249790+00:00,127.3,50,ask,EarnestEspressos,FlawlessFlatbreads,6295375
2026-07-03T23:07:44.343469,2026-07-03T23:07:44.354996+00:00,127.0,50,ask,DiligentDonuts,FlawlessFlatbreads,6295404
2026-07-03T23:07:46.412229,2026-07-03T23:07:46.423889+00:00,127.0,50,bid,FlawlessFlatbreads,EarnestEspressos,6295431
2026-07-03T23:07:48.529067,2026-07-03T23:07:48.540778+00:00,127.0,50,bid,FlawlessFlatbreads,EarnestEspressos,6295452
2026-07-03T23:07:50.635436,2026-07-03T23:07:50.643222+00:00,127.1,50,bid,FlawlessFlatbreads,DiligentDonuts,6295478
2026-07-03T23:07:52.751975,2026-07-03T23:07:52.758372+00:00,127.4,50,bid,FlawlessFlatbreads,EarnestEspressos,6295503
2026-07-03T23:07:55.706039,2026-07-03T23:07:55.713416+00:00,127.3,100,bid,EarnestEspressos,DiligentDonuts,6295540
2026-07-03T23:07:56.953954,2026-07-03T23:07:56.965578+00:00,127.4,45,ask,EarnestEspressos,CostlyCorianders,6295568
2026-07-03T23:07:56.962699,2026-07-03T23:07:56.970637+00:00,127.8,50,bid,FlawlessFlatbreads,EarnestEspressos,6295569
2026-07-03T23:07:59.068495,2026-07-03T23:07:59.070339+00:00,127.5,50,bid,FlawlessFlatbreads,EarnestEspressos,6295594
2026-07-03T23:07:59.722439,2026-07-03T23:07:59.734214+00:00,127.5,47,bid,CostlyCorianders,EarnestEspressos,6295610
2026-07-03T23:08:03.329061,2026-07-03T23:08:03.340921+00:00,127.4,50,ask,DiligentDonuts,FlawlessFlatbreads,6295642
2026-07-03T23:08:03.574453,2026-07-03T23:08:03.586221+00:00,127.9,40,bid,CostlyCorianders,EarnestEspressos,6295648
2026-07-03T23:08:05.436771,2026-07-03T23:08:05.458610+00:00,127.4,50,ask,EarnestEspressos,FlawlessFlatbreads,6295664
2026-07-03T23:08:05.701955,2026-07-03T23:08:05.713742+00:00,127.4,46,ask,EarnestEspressos,CostlyCorianders,6295666
2026-07-03T23:08:06.758462,2026-07-03T23:08:06.765736+00:00,127.4,47,ask,EarnestEspressos,CostlyCorianders,6295683
2026-07-03T23:08:07.491595,2026-07-03T23:08:07.503372+00:00,127.8,50,bid,FlawlessFlatbreads,DiligentDonuts,6295688
2026-07-03T23:08:09.599065,2026-07-03T23:08:09.610587+00:00,127.4,50,bid,FlawlessFlatbreads,EarnestEspressos,6295719
2026-07-03T23:08:09.907198,2026-07-03T23:08:09.918861+00:00,127.4,100,bid,DiligentDonuts,EarnestEspressos,6295726
2026-07-03T23:08:13.860507,2026-07-03T23:08:13.872302+00:00,127.5,50,ask,EarnestEspressos,FlawlessFlatbreads,6295781
2026-07-03T23:08:15.968367,2026-07-03T23:08:15.980104+00:00,127.4,50,ask,EarnestEspressos,FlawlessFlatbreads,6295816
2026-07-03T23:08:16.306055,2026-07-03T23:08:16.318326+00:00,127.4,100,ask,EarnestEspressos,DiligentDonuts,6295818
2026-07-03T23:08:18.074597,2026-07-03T23:08:18.086197+00:00,126.9,50,ask,DiligentDonuts,FlawlessFlatbreads,6295845
2026-07-03T23:08:18.480668,2026-07-03T23:08:18.490471+00:00,127.1,14,bid,Xuanyu Liu,EarnestEspressos,6295852
2026-07-03T23:08:18.929759,2026-07-03T23:08:18.941141+00:00,127.1,44,bid,CostlyCorianders,EarnestEspressos,6295859
2026-07-03T23:08:19.414729,2026-07-03T23:08:19.424581+00:00,127.1,92,bid,DiligentDonuts,EarnestEspressos,6295862
2026-07-03T23:08:19.479317,2026-07-03T23:08:19.487299+00:00,127.3,8,ask,DiligentDonuts,Xuanyu Liu,6295863
2026-07-03T23:08:20.182865,2026-07-03T23:08:20.189784+00:00,126.6,50,ask,EarnestEspressos,FlawlessFlatbreads,6295875
2026-07-03T23:08:22.207275,2026-07-03T23:08:22.218116+00:00,127.2,3,ask,EarnestEspressos,Xuanyu Liu,6295906
2026-07-03T23:08:22.238026,2026-07-03T23:08:22.249990+00:00,127.7,50,bid,FlawlessFlatbreads,EarnestEspressos,6295909
2026-07-03T23:08:22.798136,2026-07-03T23:08:22.806196+00:00,127.2,3,ask,EarnestEspressos,Xuanyu Liu,6295915
2026-07-03T23:08:23.140820,2026-07-03T23:08:23.147615+00:00,127.4,41,bid,CostlyCorianders,DiligentDonuts,6295921
2026-07-03T23:08:24.242215,2026-07-03T23:08:24.258551+00:00,127.4,41,bid,CostlyCorianders,DiligentDonuts,6295936
2026-07-03T23:08:24.346229,2026-07-03T23:08:24.357941+00:00,127.4,18,bid,FlawlessFlatbreads,DiligentDonuts,6295937
2026-07-03T23:08:24.346229,2026-07-03T23:08:24.357941+00:00,127.7,32,bid,FlawlessFlatbreads,EarnestEspressos,6295938
2026-07-03T23:08:25.873625,2026-07-03T23:08:25.884975+00:00,127.3,41,ask,DiligentDonuts,CostlyCorianders,6295964
2026-07-03T23:08:28.620893,2026-07-03T23:08:28.632417+00:00,127.3,50,ask,DiligentDonuts,FlawlessFlatbreads,6295997
2026-07-03T23:08:28.972893,2026-07-03T23:08:28.979792+00:00,127.3,100,ask,EarnestEspressos,DiligentDonuts,6296000
2026-07-03T23:08:30.679675,2026-07-03T23:08:30.690245+00:00,127.2,50,bid,FlawlessFlatbreads,EarnestEspressos,6296019
2026-07-03T23:08:30.684231,2026-07-03T23:08:30.695284+00:00,127.2,40,bid,CostlyCorianders,EarnestEspressos,6296020
2026-07-03T23:08:31.259400,2026-07-03T23:08:31.268946+00:00,126.8,45,ask,DiligentDonuts,CostlyCorianders,6296031
2026-07-03T23:08:32.786543,2026-07-03T23:08:32.798157+00:00,127.2,50,bid,FlawlessFlatbreads,EarnestEspressos,6296053
2026-07-03T23:08:33.704835,2026-07-03T23:08:33.713786+00:00,127.3,100,bid,EarnestEspressos,DiligentDonuts,6296066
2026-07-03T23:08:33.968435,2026-07-03T23:08:33.979958+00:00,127.3,43,ask,EarnestEspressos,CostlyCorianders,6296074
2026-07-03T23:08:34.845028,2026-07-03T23:08:34.858573+00:00,127.8,49,bid,CostlyCorianders,EarnestEspressos,6296084
2026-07-03T23:08:34.950001,2026-07-03T23:08:34.954195+00:00,127.3,7,ask,EarnestEspressos,FlawlessFlatbreads,6296088
2026-07-03T23:08:34.950001,2026-07-03T23:08:34.954195+00:00,126.8,43,ask,DiligentDonuts,FlawlessFlatbreads,6296089
2026-07-03T23:08:37.057652,2026-07-03T23:08:37.069365+00:00,127.0,50,ask,DiligentDonuts,FlawlessFlatbreads,6296128
2026-07-03T23:08:38.923614,2026-07-03T23:08:38.932041+00:00,127.4,48,bid,CostlyCorianders,DiligentDonuts,6296150
2026-07-03T23:08:39.170416,2026-07-03T23:08:39.180210+00:00,127.0,50,ask,EarnestEspressos,FlawlessFlatbreads,6296153
2026-07-03T23:08:41.281013,2026-07-03T23:08:41.288253+00:00,126.9,50,ask,DiligentDonuts,FlawlessFlatbreads,6296175
2026-07-03T23:08:43.242927,2026-07-03T23:08:43.252509+00:00,127.0,100,ask,DiligentDonuts,EarnestEspressos,6296203
2026-07-03T23:08:43.412710,2026-07-03T23:08:43.425848+00:00,126.5,50,ask,EarnestEspressos,FlawlessFlatbreads,6296207
2026-07-03T23:08:43.876389,2026-07-03T23:08:43.888067+00:00,126.5,49,ask,EarnestEspressos,CostlyCorianders,6296215
2026-07-03T23:08:45.468926,2026-07-03T23:08:45.480758+00:00,127.0,50,bid,FlawlessFlatbreads,EarnestEspressos,6296236
2026-07-03T23:08:45.877522,2026-07-03T23:08:45.889214+00:00,127.1,45,bid,CostlyCorianders,DiligentDonuts,6296243
2026-07-03T23:08:46.915989,2026-07-03T23:08:46.927683+00:00,126.9,42,ask,EarnestEspressos,CostlyCorianders,6296256
2026-07-03T23:08:47.471387,2026-07-03T23:08:47.482886+00:00,126.9,47,ask,EarnestEspressos,CostlyCorianders,6296269
2026-07-03T23:08:47.576202,2026-07-03T23:08:47.587869+00:00,127.1,50,bid,FlawlessFlatbreads,DiligentDonuts,6296270
2026-07-03T23:08:48.541351,2026-07-03T23:08:48.558771+00:00,127.4,45,bid,CostlyCorianders,EarnestEspressos,6296282
2026-07-03T23:08:49.732893,2026-07-03T23:08:49.740014+00:00,127.0,50,ask,DiligentDonuts,FlawlessFlatbreads,6296293
2026-07-03T23:08:50.549634,2026-07-03T23:08:50.551503+00:00,127.2,43,bid,CostlyCorianders,EarnestEspressos,6296310
2026-07-03T23:08:51.229964,2026-07-03T23:08:51.237751+00:00,126.7,48,ask,EarnestEspressos,CostlyCorianders,6296322
2026-07-03T23:08:52.892063,2026-07-03T23:08:52.903594+00:00,127.0,43,bid,CostlyCorianders,EarnestEspressos,6296345
2026-07-03T23:08:53.777611,2026-07-03T23:08:53.789174+00:00,126.6,42,ask,DiligentDonuts,CostlyCorianders,6296358
2026-07-03T23:08:53.911243,2026-07-03T23:08:53.922535+00:00,127.0,50,bid,FlawlessFlatbreads,EarnestEspressos,6296361
2026-07-03T23:08:56.016166,2026-07-03T23:08:56.027747+00:00,126.8,50,bid,FlawlessFlatbreads,DiligentDonuts,6296386
2026-07-03T23:08:58.139360,2026-07-03T23:08:58.149221+00:00,126.9,50,bid,FlawlessFlatbreads,DiligentDonuts,6296421
2026-07-03T23:08:59.000336,2026-07-03T23:08:59.008920+00:00,126.9,50,bid,EarnestEspressos,DiligentDonuts,6296435
2026-07-03T23:08:59.151016,2026-07-03T23:08:59.176797+00:00,126.9,3,ask,EarnestEspressos,Xuanyu Liu,6296443
2026-07-03T23:09:00.248857,2026-07-03T23:09:00.255194+00:00,127.4,50,bid,FlawlessFlatbreads,EarnestEspressos,6296452
2026-07-03T23:09:02.373826,2026-07-03T23:09:02.383347+00:00,127.2,50,bid,FlawlessFlatbreads,DiligentDonuts,6296474
2026-07-03T23:09:03.765662,2026-07-03T23:09:03.776531+00:00,126.8,40,ask,DiligentDonuts,CostlyCorianders,6296493
2026-07-03T23:09:04.377388,2026-07-03T23:09:04.384301+00:00,127.2,43,bid,CostlyCorianders,EarnestEspressos,6296501
2026-07-03T23:09:04.479506,2026-07-03T23:09:04.491093+00:00,127.2,50,bid,FlawlessFlatbreads,EarnestEspressos,6296502
2026-07-03T23:09:05.339302,2026-07-03T23:09:05.347249+00:00,126.8,47,ask,DiligentDonuts,CostlyCorianders,6296510
2026-07-03T23:09:06.588572,2026-07-03T23:09:06.600295+00:00,127.3,50,bid,FlawlessFlatbreads,DiligentDonuts,6296519
2026-07-03T23:09:07.849301,2026-07-03T23:09:07.860859+00:00,127.1,47,ask,EarnestEspressos,CostlyCorianders,6296533
2026-07-03T23:09:08.697321,2026-07-03T23:09:08.703858+00:00,127.3,50,bid,FlawlessFlatbreads,DiligentDonuts,6296549
2026-07-03T23:09:09.409133,2026-07-03T23:09:09.419644+00:00,127.3,41,bid,CostlyCorianders,DiligentDonuts,6296562
2026-07-03T23:09:09.641536,2026-07-03T23:09:09.649712+00:00,127.0,11,ask,EarnestEspressos,Xuanyu Liu,6296568
2026-07-03T23:09:10.085644,2026-07-03T23:09:10.095307+00:00,127.4,43,bid,CostlyCorianders,DiligentDonuts,6296574
2026-07-03T23:09:10.804975,2026-07-03T23:09:10.814587+00:00,127.4,50,bid,FlawlessFlatbreads,DiligentDonuts,6296587
2026-07-03T23:09:11.126685,2026-07-03T23:09:11.138142+00:00,127.0,48,ask,EarnestEspressos,CostlyCorianders,6296591
2026-07-03T23:09:11.687190,2026-07-03T23:09:11.693458+00:00,126.9,48,ask,DiligentDonuts,CostlyCorianders,6296598
2026-07-03T23:09:12.910074,2026-07-03T23:09:12.920932+00:00,127.1,50,bid,FlawlessFlatbreads,EarnestEspressos,6296620
2026-07-03T23:09:14.883925,2026-07-03T23:09:14.891631+00:00,127.0,35,ask,DiligentDonuts,Xuanyu Liu,6296654
2026-07-03T23:09:15.017532,2026-07-03T23:09:15.025517+00:00,127.4,50,bid,FlawlessFlatbreads,EarnestEspressos,6296658
2026-07-03T23:09:17.123639,2026-07-03T23:09:17.135392+00:00,127.2,50,bid,FlawlessFlatbreads,DiligentDonuts,6296685
2026-07-03T23:09:18.114004,2026-07-03T23:09:18.125499+00:00,127.2,41,bid,CostlyCorianders,DiligentDonuts,6296700
2026-07-03T23:09:18.750541,2026-07-03T23:09:18.758578+00:00,126.7,47,ask,DiligentDonuts,CostlyCorianders,6296705
2026-07-03T23:09:19.230640,2026-07-03T23:09:19.242375+00:00,127.2,9,bid,FlawlessFlatbreads,DiligentDonuts,6296716
2026-07-03T23:09:19.230640,2026-07-03T23:09:19.242375+00:00,127.2,41,bid,FlawlessFlatbreads,EarnestEspressos,6296717
2026-07-03T23:09:23.039582,2026-07-03T23:09:23.051319+00:00,127.1,45,bid,CostlyCorianders,DiligentDonuts,6296775
2026-07-03T23:09:23.498945,2026-07-03T23:09:23.510682+00:00,126.7,50,ask,EarnestEspressos,FlawlessFlatbreads,6296780
2026-07-03T23:09:25.606191,2026-07-03T23:09:25.614313+00:00,126.6,50,ask,DiligentDonuts,FlawlessFlatbreads,6296806
2026-07-03T23:09:25.855564,2026-07-03T23:09:25.856703+00:00,126.5,48,ask,DiligentDonuts,CostlyCorianders,6296811
2026-07-03T23:09:27.014650,2026-07-03T23:09:27.024926+00:00,126.9,42,bid,CostlyCorianders,EarnestEspressos,6296824
2026-07-03T23:09:27.488269,2026-07-03T23:09:27.499802+00:00,127.0,47,bid,CostlyCorianders,DiligentDonuts,6296833
2026-07-03T23:09:27.712224,2026-07-03T23:09:27.724024+00:00,126.7,50,ask,EarnestEspressos,FlawlessFlatbreads,6296839
2026-07-03T23:09:29.550343,2026-07-03T23:09:29.563812+00:00,126.7,47,ask,EarnestEspressos,CostlyCorianders,6296856
2026-07-03T23:09:29.819054,2026-07-03T23:09:29.830628+00:00,126.7,50,ask,EarnestEspressos,FlawlessFlatbreads,6296861
2026-07-03T23:09:30.129677,2026-07-03T23:09:30.141357+00:00,126.7,3,ask,EarnestEspressos,CostlyCorianders,6296863
2026-07-03T23:09:30.730656,2026-07-03T23:09:30.738647+00:00,126.5,12,bid,Xuanyu Liu,EarnestEspressos,6296870
2026-07-03T23:09:34.034310,2026-07-03T23:09:34.045831+00:00,126.4,50,ask,DiligentDonuts,FlawlessFlatbreads,6296918
2026-07-03T23:09:36.089280,2026-07-03T23:09:36.097343+00:00,126.5,47,bid,CostlyCorianders,EarnestEspressos,6296944
2026-07-03T23:09:36.143261,2026-07-03T23:09:36.154846+00:00,126.2,50,ask,DiligentDonuts,FlawlessFlatbreads,6296945
2026-07-03T23:09:36.727668,2026-07-03T23:09:36.743001+00:00,126.5,43,bid,CostlyCorianders,EarnestEspressos,6296961
2026-07-03T23:09:38.198348,2026-07-03T23:09:38.209749+00:00,126.7,50,bid,FlawlessFlatbreads,DiligentDonuts,6296979
2026-07-03T23:09:40.309890,2026-07-03T23:09:40.317958+00:00,126.6,50,bid,FlawlessFlatbreads,DiligentDonuts,6297005
2026-07-03T23:09:42.415402,2026-07-03T23:09:42.426912+00:00,126.7,50,bid,FlawlessFlatbreads,EarnestEspressos,6297045
2026-07-03T23:09:42.922933,2026-07-03T23:09:42.930290+00:00,126.3,46,ask,DiligentDonuts,CostlyCorianders,6297052
2026-07-03T23:09:44.523252,2026-07-03T23:09:44.530333+00:00,126.7,50,bid,FlawlessFlatbreads,EarnestEspressos,6297070
2026-07-03T23:09:46.406580,2026-07-03T23:09:46.418102+00:00,126.2,42,ask,EarnestEspressos,CostlyCorianders,6297096
2026-07-03T23:09:46.685682,2026-07-03T23:09:46.697591+00:00,126.3,50,ask,EarnestEspressos,FlawlessFlatbreads,6297101
2026-07-03T23:09:47.897759,2026-07-03T23:09:47.909436+00:00,126.3,45,ask,EarnestEspressos,CostlyCorianders,6297114
2026-07-03T23:09:48.810520,2026-07-03T23:09:48.824685+00:00,126.3,50,ask,EarnestEspressos,FlawlessFlatbreads,6297128
2026-07-03T23:09:52.995923,2026-07-03T23:09:53.023758+00:00,126.4,50,bid,FlawlessFlatbreads,EarnestEspressos,6297186
2026-07-03T23:09:53.009998,2026-07-03T23:09:53.023758+00:00,126.4,11,bid,Xuanyu Liu,EarnestEspressos,6297190
2026-07-03T23:09:55.101086,2026-07-03T23:09:55.112942+00:00,126.4,50,bid,FlawlessFlatbreads,EarnestEspressos,6297218
2026-07-03T23:09:56.948923,2026-07-03T23:09:56.959197+00:00,126.5,11,ask,EarnestEspressos,Xuanyu Liu,6297238
2026-07-03T23:09:57.265749,2026-07-03T23:09:57.273888+00:00,126.5,50,ask,EarnestEspressos,FlawlessFlatbreads,6297247
2026-07-03T23:09:58.291397,2026-07-03T23:09:58.303050+00:00,127.0,49,bid,CostlyCorianders,EarnestEspressos,6297262
2026-07-03T23:09:59.284025,2026-07-03T23:09:59.295501+00:00,127.1,48,bid,CostlyCorianders,DiligentDonuts,6297273
2026-07-03T23:09:59.320581,2026-07-03T23:09:59.332337+00:00,127.1,50,bid,FlawlessFlatbreads,DiligentDonuts,6297274
2026-07-03T23:10:01.405549,2026-07-03T23:10:01.416899+00:00,126.7,45,ask,EarnestEspressos,CostlyCorianders,6297299
2026-07-03T23:10:02.960608,2026-07-03T23:10:02.972215+00:00,126.7,43,ask,DiligentDonuts,CostlyCorianders,6297331
2026-07-03T23:10:03.592827,2026-07-03T23:10:03.600045+00:00,126.7,50,ask,DiligentDonuts,FlawlessFlatbreads,6297338
2026-07-03T23:10:04.813537,2026-07-03T23:10:04.822249+00:00,126.8,23,bid,Xuanyu Liu,EarnestEspressos,6297362
2026-07-03T23:10:05.455488,2026-07-03T23:10:05.463657+00:00,126.8,100,bid,EarnestEspressos,DiligentDonuts,6297371
2026-07-03T23:10:05.515324,2026-07-03T23:10:05.526657+00:00,127.4,41,bid,CostlyCorianders,EarnestEspressos,6297372
2026-07-03T23:10:05.704081,2026-07-03T23:10:05.713456+00:00,126.9,50,ask,EarnestEspressos,FlawlessFlatbreads,6297377
2026-07-03T23:10:07.007925,2026-07-03T23:10:07.016042+00:00,127.0,12,ask,DiligentDonuts,Xuanyu Liu,6297394
2026-07-03T23:10:07.647853,2026-07-03T23:10:07.654306+00:00,127.4,48,bid,CostlyCorianders,EarnestEspressos,6297406
2026-07-03T23:10:07.809592,2026-07-03T23:10:07.821255+00:00,127.0,50,ask,DiligentDonuts,FlawlessFlatbreads,6297407
2026-07-03T23:10:08.269874,2026-07-03T23:10:08.276571+00:00,127.0,38,ask,DiligentDonuts,CostlyCorianders,6297411
2026-07-03T23:10:09.354209,2026-07-03T23:10:09.363856+00:00,127.0,40,bid,CostlyCorianders,EarnestEspressos,6297424
2026-07-03T23:10:09.865366,2026-07-03T23:10:09.877177+00:00,127.0,50,bid,FlawlessFlatbreads,EarnestEspressos,6297430
2026-07-03T23:10:09.995849,2026-07-03T23:10:10.003079+00:00,126.5,49,ask,EarnestEspressos,CostlyCorianders,6297435
2026-07-03T23:10:11.369938,2026-07-03T23:10:11.377824+00:00,127.0,23,bid,Xuanyu Liu,EarnestEspressos,6297448
2026-07-03T23:10:12.027601,2026-07-03T23:10:12.064497+00:00,127.1,50,ask,EarnestEspressos,FlawlessFlatbreads,6297463
2026-07-03T23:10:14.082559,2026-07-03T23:10:14.094086+00:00,127.6,50,bid,FlawlessFlatbreads,EarnestEspressos,6297489
2026-07-03T23:10:16.079024,2026-07-03T23:10:16.090772+00:00,127.6,44,bid,CostlyCorianders,DiligentDonuts,6297520
2026-07-03T23:10:16.261078,2026-07-03T23:10:16.272590+00:00,127.1,50,ask,DiligentDonuts,FlawlessFlatbreads,6297524
2026-07-03T23:10:18.371085,2026-07-03T23:10:18.379510+00:00,127.1,50,ask,EarnestEspressos,FlawlessFlatbreads,6297548
2026-07-03T23:10:20.426180,2026-07-03T23:10:20.437453+00:00,127.5,50,bid,FlawlessFlatbreads,DiligentDonuts,6297577
2026-07-03T23:10:20.549634,2026-07-03T23:10:20.557514+00:00,127.1,11,ask,EarnestEspressos,Xuanyu Liu,6297583
2026-07-03T23:10:22.534867,2026-07-03T23:10:22.542373+00:00,127.2,50,bid,FlawlessFlatbreads,EarnestEspressos,6297602
2026-07-03T23:10:24.529617,2026-07-03T23:10:24.541260+00:00,127.0,100,ask,DiligentDonuts,EarnestEspressos,6297639
2026-07-03T23:10:25.574845,2026-07-03T23:10:25.583388+00:00,126.5,47,ask,EarnestEspressos,CostlyCorianders,6297656
2026-07-03T23:10:27.742629,2026-07-03T23:10:27.754375+00:00,127.1,48,bid,CostlyCorianders,DiligentDonuts,6297691
2026-07-03T23:10:27.797457,2026-07-03T23:10:27.809032+00:00,126.9,44,ask,EarnestEspressos,CostlyCorianders,6297695
2026-07-03T23:10:28.906572,2026-07-03T23:10:28.914234+00:00,126.9,50,ask,EarnestEspressos,FlawlessFlatbreads,6297708
2026-07-03T23:10:28.933562,2026-07-03T23:10:28.945118+00:00,126.9,40,ask,EarnestEspressos,CostlyCorianders,6297709
2026-07-03T23:10:29.984156,2026-07-03T23:10:29.993289+00:00,126.9,12,ask,EarnestEspressos,Xuanyu Liu,6297731
2026-07-03T23:10:31.012628,2026-07-03T23:10:31.020163+00:00,126.6,50,ask,DiligentDonuts,FlawlessFlatbreads,6297745
2026-07-03T23:10:32.393941,2026-07-03T23:10:32.430528+00:00,126.8,12,bid,Xuanyu Liu,EarnestEspressos,6297758
2026-07-03T23:10:32.636885,2026-07-03T23:10:32.646235+00:00,126.8,43,bid,CostlyCorianders,EarnestEspressos,6297764
2026-07-03T23:10:33.068350,2026-07-03T23:10:33.076303+00:00,126.8,50,bid,FlawlessFlatbreads,EarnestEspressos,6297774
2026-07-03T23:10:33.093074,2026-07-03T23:10:33.104972+00:00,126.8,45,bid,CostlyCorianders,EarnestEspressos,6297775
2026-07-03T23:10:33.093074,2026-07-03T23:10:33.104972+00:00,126.9,2,bid,CostlyCorianders,DiligentDonuts,6297776
2026-07-03T23:10:33.601132,2026-07-03T23:10:33.612502+00:00,126.9,48,bid,CostlyCorianders,DiligentDonuts,6297781
2026-07-03T23:10:35.019761,2026-07-03T23:10:35.027386+00:00,126.8,12,ask,EarnestEspressos,Xuanyu Liu,6297795
2026-07-03T23:10:35.230172,2026-07-03T23:10:35.238689+00:00,126.8,50,ask,EarnestEspressos,FlawlessFlatbreads,6297801
2026-07-03T23:10:37.285886,2026-07-03T23:10:37.293736+00:00,127.0,50,bid,FlawlessFlatbreads,DiligentDonuts,6297836
2026-07-03T23:10:37.641376,2026-07-03T23:10:37.650628+00:00,127.0,12,bid,Xuanyu Liu,DiligentDonuts,6297841
2026-07-03T23:10:38.693772,2026-07-03T23:10:38.701287+00:00,127.1,100,bid,DiligentDonuts,EarnestEspressos,6297856
2026-07-03T23:10:39.445712,2026-07-03T23:10:39.448483+00:00,126.6,50,ask,EarnestEspressos,FlawlessFlatbreads,6297874
2026-07-03T23:10:41.168350,2026-07-03T23:10:41.179965+00:00,127.0,47,ask,EarnestEspressos,CostlyCorianders,6297895
2026-07-03T23:10:41.505024,2026-07-03T23:10:41.515557+00:00,127.5,50,bid,FlawlessFlatbreads,EarnestEspressos,6297902
2026-07-03T23:10:42.374025,2026-07-03T23:10:42.385588+00:00,127.2,40,bid,CostlyCorianders,DiligentDonuts,6297912
2026-07-03T23:10:43.674112,2026-07-03T23:10:43.687196+00:00,127.1,50,ask,EarnestEspressos,FlawlessFlatbreads,6297931
2026-07-03T23:10:45.783975,2026-07-03T23:10:45.791674+00:00,127.1,50,ask,EarnestEspressos,FlawlessFlatbreads,6297957
2026-07-03T23:10:46.210731,2026-07-03T23:10:46.218194+00:00,127.1,46,ask,EarnestEspressos,CostlyCorianders,6297969
2026-07-03T23:10:47.838832,2026-07-03T23:10:47.850582+00:00,127.0,50,bid,FlawlessFlatbreads,EarnestEspressos,6297994
2026-07-03T23:10:48.085934,2026-07-03T23:10:48.097554+00:00,127.0,42,bid,CostlyCorianders,EarnestEspressos,6297999
2026-07-03T23:10:48.141019,2026-07-03T23:10:48.150998+00:00,126.8,49,ask,DiligentDonuts,CostlyCorianders,6298002
2026-07-03T23:10:48.642558,2026-07-03T23:10:48.664078+00:00,126.9,49,ask,DiligentDonuts,CostlyCorianders,6298009
2026-07-03T23:10:49.947616,2026-07-03T23:10:49.963854+00:00,127.4,50,bid,FlawlessFlatbreads,DiligentDonuts,6298033
2026-07-03T23:10:50.282096,2026-07-03T23:10:50.293770+00:00,127.4,40,bid,CostlyCorianders,DiligentDonuts,6298038
2026-07-03T23:10:51.391217,2026-07-03T23:10:51.402651+00:00,127.5,47,bid,CostlyCorianders,EarnestEspressos,6298059
2026-07-03T23:10:51.446652,2026-07-03T23:10:51.463663+00:00,127.0,49,ask,EarnestEspressos,CostlyCorianders,6298060
2026-07-03T23:10:52.046771,2026-07-03T23:10:52.053187+00:00,127.4,41,bid,CostlyCorianders,DiligentDonuts,6298068
2026-07-03T23:10:52.106768,2026-07-03T23:10:52.114858+00:00,127.0,50,ask,EarnestEspressos,FlawlessFlatbreads,6298071
2026-07-03T23:10:54.212140,2026-07-03T23:10:54.220885+00:00,126.9,50,ask,DiligentDonuts,FlawlessFlatbreads,6298107
2026-07-03T23:10:58.171573,2026-07-03T23:10:58.183472+00:00,126.6,41,ask,EarnestEspressos,CostlyCorianders,6298153
2026-07-03T23:10:58.422275,2026-07-03T23:10:58.433644+00:00,126.6,50,ask,EarnestEspressos,FlawlessFlatbreads,6298155
2026-07-03T23:10:58.776645,2026-07-03T23:10:58.785827+00:00,126.6,43,ask,EarnestEspressos,CostlyCorianders,6298161
2026-07-03T23:10:59.329627,2026-07-03T23:10:59.341087+00:00,126.6,100,ask,DiligentDonuts,EarnestEspressos,6298167
2026-07-03T23:10:59.342315,2026-07-03T23:10:59.351066+00:00,126.5,14,bid,Xuanyu Liu,EarnestEspressos,6298168
2026-07-03T23:11:00.478572,2026-07-03T23:11:00.485294+00:00,126.5,36,bid,FlawlessFlatbreads,EarnestEspressos,6298192
2026-07-03T23:11:00.478572,2026-07-03T23:11:00.490686+00:00,127.1,14,bid,FlawlessFlatbreads,DiligentDonuts,6298193
2026-07-03T23:11:02.643170,2026-07-03T23:11:02.654557+00:00,126.5,50,ask,EarnestEspressos,FlawlessFlatbreads,6298225
2026-07-03T23:11:04.749916,2026-07-03T23:11:04.756327+00:00,126.5,50,ask,EarnestEspressos,FlawlessFlatbreads,6298251
2026-07-03T23:11:05.115361,2026-07-03T23:11:05.126675+00:00,126.8,42,bid,CostlyCorianders,DiligentDonuts,6298260
2026-07-03T23:11:06.881773,2026-07-03T23:11:06.896018+00:00,126.3,50,ask,DiligentDonuts,FlawlessFlatbreads,6298272
2026-07-03T23:11:08.992348,2026-07-03T23:11:09.003739+00:00,126.2,50,ask,DiligentDonuts,FlawlessFlatbreads,6298308
2026-07-03T23:11:11.099446,2026-07-03T23:11:11.110939+00:00,126.0,50,ask,DiligentDonuts,FlawlessFlatbreads,6298340
2026-07-03T23:11:12.836015,2026-07-03T23:11:12.843005+00:00,126.5,46,bid,CostlyCorianders,DiligentDonuts,6298364
2026-07-03T23:11:13.208944,2026-07-03T23:11:13.216666+00:00,126.0,50,ask,DiligentDonuts,FlawlessFlatbreads,6298372
2026-07-03T23:11:13.847177,2026-07-03T23:11:13.858572+00:00,126.0,41,ask,EarnestEspressos,CostlyCorianders,6298374
2026-07-03T23:11:15.317039,2026-07-03T23:11:15.328449+00:00,125.9,50,ask,EarnestEspressos,FlawlessFlatbreads,6298390
2026-07-03T23:11:18.344174,2026-07-03T23:11:18.351205+00:00,126.2,3,bid,Xuanyu Liu,EarnestEspressos,6298414
2026-07-03T23:11:19.477915,2026-07-03T23:11:19.488611+00:00,126.2,50,bid,FlawlessFlatbreads,EarnestEspressos,6298432
2026-07-03T23:11:20.508183,2026-07-03T23:11:20.519815+00:00,126.2,44,bid,CostlyCorianders,EarnestEspressos,6298444
2026-07-03T23:11:21.084566,2026-07-03T23:11:21.096076+00:00,126.2,44,bid,CostlyCorianders,EarnestEspressos,6298450
2026-07-03T23:11:21.649755,2026-07-03T23:11:21.658606+00:00,126.3,50,ask,EarnestEspressos,FlawlessFlatbreads,6298455
2026-07-03T23:11:23.290828,2026-07-03T23:11:23.298460+00:00,126.3,3,ask,EarnestEspressos,Xuanyu Liu,6298473
2026-07-03T23:11:23.757829,2026-07-03T23:11:23.765532+00:00,126.3,50,ask,EarnestEspressos,FlawlessFlatbreads,6298480
2026-07-03T23:11:25.085932,2026-07-03T23:11:25.097373+00:00,125.9,40,ask,DiligentDonuts,CostlyCorianders,6298493
2026-07-03T23:11:25.695769,2026-07-03T23:11:25.703547+00:00,126.2,43,bid,CostlyCorianders,EarnestEspressos,6298505
2026-07-03T23:11:25.867452,2026-07-03T23:11:25.878728+00:00,125.9,50,ask,DiligentDonuts,FlawlessFlatbreads,6298512
2026-07-03T23:11:26.226951,2026-07-03T23:11:26.235793+00:00,125.9,3,bid,Xuanyu Liu,DiligentDonuts,6298515
2026-07-03T23:11:26.913202,2026-07-03T23:11:26.920975+00:00,125.9,11,bid,Xuanyu Liu,DiligentDonuts,6298527
2026-07-03T23:11:27.923012,2026-07-03T23:11:27.934568+00:00,125.9,50,bid,FlawlessFlatbreads,DiligentDonuts,6298534
2026-07-03T23:11:32.161557,2026-07-03T23:11:32.171726+00:00,126.0,50,bid,FlawlessFlatbreads,DiligentDonuts,6298587
2026-07-03T23:11:32.420550,2026-07-03T23:11:32.428887+00:00,126.0,44,bid,CostlyCorianders,DiligentDonuts,6298593
2026-07-03T23:11:32.502756,2026-07-03T23:11:32.514336+00:00,126.1,100,bid,DiligentDonuts,EarnestEspressos,6298594
2026-07-03T23:11:34.090390,2026-07-03T23:11:34.098582+00:00,126.2,11,ask,EarnestEspressos,Xuanyu Liu,6298607
2026-07-03T23:11:34.267402,2026-07-03T23:11:34.274336+00:00,126.6,50,bid,FlawlessFlatbreads,DiligentDonuts,6298610
2026-07-03T23:11:35.040310,2026-07-03T23:11:35.051722+00:00,126.2,42,ask,EarnestEspressos,CostlyCorianders,6298619
2026-07-03T23:11:35.506124,2026-07-03T23:11:35.518231+00:00,126.2,42,ask,EarnestEspressos,CostlyCorianders,6298630
2026-07-03T23:11:36.590951,2026-07-03T23:11:36.598920+00:00,126.2,3,ask,EarnestEspressos,Xuanyu Liu,6298646
2026-07-03T23:11:38.527095,2026-07-03T23:11:38.534669+00:00,126.0,50,ask,DiligentDonuts,FlawlessFlatbreads,6298671
2026-07-03T23:11:40.229004,2026-07-03T23:11:40.240670+00:00,125.8,41,ask,EarnestEspressos,CostlyCorianders,6298692
2026-07-03T23:11:40.642149,2026-07-03T23:11:40.658602+00:00,125.6,50,ask,DiligentDonuts,FlawlessFlatbreads,6298698
2026-07-03T23:11:41.751639,2026-07-03T23:11:41.757827+00:00,126.1,41,bid,CostlyCorianders,DiligentDonuts,6298708
2026-07-03T23:11:43.383091,2026-07-03T23:11:43.394968+00:00,126.0,44,bid,CostlyCorianders,DiligentDonuts,6298728
2026-07-03T23:11:44.580404,2026-07-03T23:11:44.588854+00:00,126.0,3,bid,Xuanyu Liu,DiligentDonuts,6298741
2026-07-03T23:11:44.852960,2026-07-03T23:11:44.864616+00:00,125.6,50,ask,EarnestEspressos,FlawlessFlatbreads,6298745
2026-07-03T23:11:45.372141,2026-07-03T23:11:45.383667+00:00,125.6,44,ask,EarnestEspressos,CostlyCorianders,6298760
2026-07-03T23:11:46.776031,2026-07-03T23:11:46.784171+00:00,125.5,23,bid,Xuanyu Liu,EarnestEspressos,6298777
2026-07-03T23:11:46.909641,2026-07-03T23:11:46.921155+00:00,125.5,50,bid,FlawlessFlatbreads,EarnestEspressos,6298780
2026-07-03T23:11:47.207494,2026-07-03T23:11:47.216421+00:00,125.5,23,bid,Xuanyu Liu,EarnestEspressos,6298789
2026-07-03T23:11:49.815841,2026-07-03T23:11:49.828333+00:00,125.4,12,ask,DiligentDonuts,Xuanyu Liu,6298837
2026-07-03T23:11:50.281930,2026-07-03T23:11:50.293804+00:00,125.4,41,ask,DiligentDonuts,CostlyCorianders,6298848
2026-07-03T23:11:51.148336,2026-07-03T23:11:51.155258+00:00,125.4,23,ask,DiligentDonuts,Xuanyu Liu,6298856
2026-07-03T23:11:51.173071,2026-07-03T23:11:51.184748+00:00,125.4,24,ask,DiligentDonuts,FlawlessFlatbreads,6298858
2026-07-03T23:11:51.173071,2026-07-03T23:11:51.184748+00:00,125.0,26,ask,EarnestEspressos,FlawlessFlatbreads,6298859
2026-07-03T23:11:53.279678,2026-07-03T23:11:53.288269+00:00,125.1,50,ask,EarnestEspressos,FlawlessFlatbreads,6298885
2026-07-03T23:11:55.387018,2026-07-03T23:11:55.398469+00:00,125.1,50,ask,EarnestEspressos,FlawlessFlatbreads,6298916
2026-07-03T23:11:56.259655,2026-07-03T23:11:56.268329+00:00,125.2,23,bid,Xuanyu Liu,EarnestEspressos,6298932
2026-07-03T23:11:56.381768,2026-07-03T23:11:56.391451+00:00,125.2,12,bid,Xuanyu Liu,EarnestEspressos,6298939
2026-07-03T23:11:57.498926,2026-07-03T23:11:57.510321+00:00,125.2,40,bid,CostlyCorianders,EarnestEspressos,6298955
2026-07-03T23:11:58.997711,2026-07-03T23:11:59.004945+00:00,125.2,11,bid,Xuanyu Liu,EarnestEspressos,6298982
2026-07-03T23:11:59.498627,2026-07-03T23:11:59.509012+00:00,125.3,44,bid,CostlyCorianders,DiligentDonuts,6298992
2026-07-03T23:11:59.596373,2026-07-03T23:11:59.607787+00:00,125.2,50,ask,EarnestEspressos,FlawlessFlatbreads,6298997
2026-07-03T23:12:00.316586,2026-07-03T23:12:00.325958+00:00,125.2,11,ask,EarnestEspressos,Xuanyu Liu,6299005
2026-07-03T23:12:01.701462,2026-07-03T23:12:01.712928+00:00,125.2,50,ask,EarnestEspressos,FlawlessFlatbreads,6299016
2026-07-03T23:12:02.713988,2026-07-03T23:12:02.723711+00:00,125.0,41,ask,DiligentDonuts,CostlyCorianders,6299033
2026-07-03T23:12:04.653606,2026-07-03T23:12:04.660005+00:00,124.9,43,ask,DiligentDonuts,CostlyCorianders,6299061
2026-07-03T23:12:05.913020,2026-07-03T23:12:05.924583+00:00,124.9,50,ask,DiligentDonuts,FlawlessFlatbreads,6299076
2026-07-03T23:12:08.281086,2026-07-03T23:12:08.292654+00:00,125.0,44,bid,CostlyCorianders,EarnestEspressos,6299112
2026-07-03T23:12:12.196696,2026-07-03T23:12:12.212074+00:00,125.0,50,bid,FlawlessFlatbreads,DiligentDonuts,6299157
2026-07-03T23:12:12.203350,2026-07-03T23:12:12.212074+00:00,125.0,43,bid,CostlyCorianders,DiligentDonuts,6299158
2026-07-03T23:12:13.356098,2026-07-03T23:12:13.367552+00:00,124.6,46,ask,EarnestEspressos,CostlyCorianders,6299172
2026-07-03T23:12:14.308365,2026-07-03T23:12:14.316655+00:00,125.1,50,bid,FlawlessFlatbreads,EarnestEspressos,6299182
2026-07-03T23:12:16.427162,2026-07-03T23:12:16.444114+00:00,125.0,50,bid,FlawlessFlatbreads,EarnestEspressos,6299214
2026-07-03T23:12:18.535176,2026-07-03T23:12:18.550621+00:00,125.0,50,bid,FlawlessFlatbreads,EarnestEspressos,6299241
2026-07-03T23:12:20.657631,2026-07-03T23:12:20.668669+00:00,125.0,50,bid,FlawlessFlatbreads,EarnestEspressos,6299266
2026-07-03T23:12:21.492456,2026-07-03T23:12:21.504163+00:00,125.0,100,bid,EarnestEspressos,DiligentDonuts,6299274
2026-07-03T23:12:21.559427,2026-07-03T23:12:21.567736+00:00,125.1,12,ask,EarnestEspressos,Xuanyu Liu,6299276
2026-07-03T23:12:22.629205,2026-07-03T23:12:22.637128+00:00,125.1,34,ask,EarnestEspressos,Xuanyu Liu,6299288
2026-07-03T23:12:22.815241,2026-07-03T23:12:22.827130+00:00,125.1,4,ask,EarnestEspressos,FlawlessFlatbreads,6299291
2026-07-03T23:12:22.815241,2026-07-03T23:12:22.827130+00:00,124.5,46,ask,DiligentDonuts,FlawlessFlatbreads,6299292
2026-07-03T23:12:24.083656,2026-07-03T23:12:24.091161+00:00,124.6,47,ask,DiligentDonuts,CostlyCorianders,6299309
2026-07-03T23:12:24.718022,2026-07-03T23:12:24.726269+00:00,124.9,11,bid,Xuanyu Liu,EarnestEspressos,6299316
2026-07-03T23:12:25.251706,2026-07-03T23:12:25.260330+00:00,124.9,35,bid,Xuanyu Liu,EarnestEspressos,6299329
2026-07-03T23:12:26.289507,2026-07-03T23:12:26.300937+00:00,124.9,100,bid,DiligentDonuts,EarnestEspressos,6299342
2026-07-03T23:12:26.982607,2026-07-03T23:12:26.994262+00:00,124.9,4,bid,FlawlessFlatbreads,EarnestEspressos,6299352
2026-07-03T23:12:26.982607,2026-07-03T23:12:26.994262+00:00,125.4,46,bid,FlawlessFlatbreads,DiligentDonuts,6299353
2026-07-03T23:12:27.826665,2026-07-03T23:12:27.835447+00:00,125.0,12,ask,EarnestEspressos,Xuanyu Liu,6299376
2026-07-03T23:12:27.875735,2026-07-03T23:12:27.883977+00:00,125.0,11,ask,EarnestEspressos,Xuanyu Liu,6299379
2026-07-03T23:12:29.092022,2026-07-03T23:12:29.103616+00:00,125.4,50,bid,FlawlessFlatbreads,DiligentDonuts,6299399
2026-07-03T23:12:29.191589,2026-07-03T23:12:29.199606+00:00,125.0,12,ask,EarnestEspressos,Xuanyu Liu,6299404
2026-07-03T23:12:29.305383,2026-07-03T23:12:29.316452+00:00,125.4,4,bid,CostlyCorianders,DiligentDonuts,6299406
2026-07-03T23:12:29.305383,2026-07-03T23:12:29.316452+00:00,125.5,39,bid,CostlyCorianders,EarnestEspressos,6299407
2026-07-03T23:12:29.503212,2026-07-03T23:12:29.515038+00:00,125.0,100,ask,EarnestEspressos,DiligentDonuts,6299410
2026-07-03T23:12:29.879733,2026-07-03T23:12:29.891102+00:00,125.5,42,bid,CostlyCorianders,EarnestEspressos,6299418
2026-07-03T23:12:30.423220,2026-07-03T23:12:30.434547+00:00,125.5,44,bid,CostlyCorianders,EarnestEspressos,6299423
2026-07-03T23:12:30.476957,2026-07-03T23:12:30.487397+00:00,125.0,15,ask,EarnestEspressos,CostlyCorianders,6299424
2026-07-03T23:12:31.249105,2026-07-03T23:12:31.258540+00:00,124.8,50,ask,EarnestEspressos,FlawlessFlatbreads,6299435
2026-07-03T23:12:31.639388,2026-07-03T23:12:31.650842+00:00,124.8,40,ask,EarnestEspressos,CostlyCorianders,6299443
2026-07-03T23:12:32.174663,2026-07-03T23:12:32.181683+00:00,124.8,42,ask,EarnestEspressos,CostlyCorianders,6299453
2026-07-03T23:12:33.373037,2026-07-03T23:12:33.384391+00:00,124.9,50,ask,DiligentDonuts,FlawlessFlatbreads,6299467
2026-07-03T23:12:34.189740,2026-07-03T23:12:34.197194+00:00,124.9,50,ask,DiligentDonuts,EarnestEspressos,6299482
2026-07-03T23:12:34.204534,2026-07-03T23:12:34.212466+00:00,124.9,12,bid,Xuanyu Liu,EarnestEspressos,6299483
2026-07-03T23:12:37.530171,2026-07-03T23:12:37.537608+00:00,125.1,50,bid,FlawlessFlatbreads,DiligentDonuts,6299525
2026-07-03T23:12:37.587274,2026-07-03T23:12:37.598927+00:00,125.1,43,bid,CostlyCorianders,DiligentDonuts,6299526
2026-07-03T23:12:39.170542,2026-07-03T23:12:39.182082+00:00,125.1,48,bid,CostlyCorianders,EarnestEspressos,6299547
2026-07-03T23:12:39.225448,2026-07-03T23:12:39.236912+00:00,125.0,43,ask,DiligentDonuts,CostlyCorianders,6299548
2026-07-03T23:12:39.475150,2026-07-03T23:12:39.483472+00:00,125.0,12,ask,DiligentDonuts,Xuanyu Liu,6299551
2026-07-03T23:12:39.636929,2026-07-03T23:12:39.648476+00:00,125.1,50,bid,FlawlessFlatbreads,EarnestEspressos,6299554
2026-07-03T23:12:40.368601,2026-07-03T23:12:40.380537+00:00,125.0,45,ask,DiligentDonuts,CostlyCorianders,6299562
2026-07-03T23:12:40.368601,2026-07-03T23:12:40.380537+00:00,124.6,2,ask,EarnestEspressos,CostlyCorianders,6299563
2026-07-03T23:12:41.362220,2026-07-03T23:12:41.371532+00:00,125.0,44,ask,EarnestEspressos,CostlyCorianders,6299582
2026-07-03T23:12:43.898119,2026-07-03T23:12:43.909775+00:00,125.1,50,ask,EarnestEspressos,FlawlessFlatbreads,6299615
2026-07-03T23:12:45.029660,2026-07-03T23:12:45.036682+00:00,125.5,42,bid,CostlyCorianders,DiligentDonuts,6299641
2026-07-03T23:12:45.304769,2026-07-03T23:12:45.316364+00:00,125.1,100,ask,EarnestEspressos,DiligentDonuts,6299647
2026-07-03T23:12:46.845899,2026-07-03T23:12:46.854038+00:00,125.0,35,bid,Xuanyu Liu,EarnestEspressos,6299675
2026-07-03T23:12:48.058543,2026-07-03T23:12:48.070251+00:00,125.0,50,bid,FlawlessFlatbreads,EarnestEspressos,6299701
2026-07-03T23:12:48.415806,2026-07-03T23:12:48.427187+00:00,125.0,65,bid,DiligentDonuts,EarnestEspressos,6299704
2026-07-03T23:12:48.511087,2026-07-03T23:12:48.522208+00:00,125.3,12,ask,DiligentDonuts,Xuanyu Liu,6299709
2026-07-03T23:12:48.859432,2026-07-03T23:12:48.867157+00:00,125.3,11,ask,DiligentDonuts,Xuanyu Liu,6299720
2026-07-03T23:12:50.347401,2026-07-03T23:12:50.355300+00:00,125.3,12,ask,DiligentDonuts,Xuanyu Liu,6299747
2026-07-03T23:12:51.861053,2026-07-03T23:12:51.869803+00:00,125.1,45,ask,EarnestEspressos,CostlyCorianders,6299762
2026-07-03T23:12:52.270227,2026-07-03T23:12:52.281592+00:00,125.3,50,bid,FlawlessFlatbreads,DiligentDonuts,6299771
2026-07-03T23:12:52.404450,2026-07-03T23:12:52.415985+00:00,125.3,42,bid,CostlyCorianders,DiligentDonuts,6299774
2026-07-03T23:12:54.102021,2026-07-03T23:12:54.113771+00:00,125.3,8,bid,CostlyCorianders,DiligentDonuts,6299796
2026-07-03T23:12:54.102021,2026-07-03T23:12:54.113771+00:00,125.5,36,bid,CostlyCorianders,EarnestEspressos,6299797
2026-07-03T23:12:54.742618,2026-07-03T23:12:54.753883+00:00,125.5,100,bid,DiligentDonuts,EarnestEspressos,6299814
2026-07-03T23:12:56.481532,2026-07-03T23:12:56.493110+00:00,126.0,50,bid,FlawlessFlatbreads,DiligentDonuts,6299835
2026-07-03T23:12:58.640272,2026-07-03T23:12:58.651869+00:00,125.6,50,ask,EarnestEspressos,FlawlessFlatbreads,6299853
2026-07-03T23:13:00.747233,2026-07-03T23:13:00.754150+00:00,125.4,50,ask,EarnestEspressos,FlawlessFlatbreads,6299879
2026-07-03T23:13:02.593363,2026-07-03T23:13:02.606178+00:00,125.3,47,ask,DiligentDonuts,CostlyCorianders,6299904
2026-07-03T23:13:02.853552,2026-07-03T23:13:02.865154+00:00,125.4,50,ask,EarnestEspressos,FlawlessFlatbreads,6299909
2026-07-03T23:13:03.669719,2026-07-03T23:13:03.681176+00:00,125.8,45,bid,CostlyCorianders,DiligentDonuts,6299926
2026-07-03T23:13:04.706629,2026-07-03T23:13:04.718156+00:00,125.9,42,bid,CostlyCorianders,EarnestEspressos,6299935
2026-07-03T23:13:04.961012,2026-07-03T23:13:04.972781+00:00,125.5,50,ask,DiligentDonuts,FlawlessFlatbreads,6299937
2026-07-03T23:13:05.208307,2026-07-03T23:13:05.219793+00:00,125.5,48,ask,DiligentDonuts,CostlyCorianders,6299943
2026-07-03T23:13:06.307891,2026-07-03T23:13:06.319056+00:00,125.5,2,ask,DiligentDonuts,CostlyCorianders,6299958
2026-07-03T23:13:06.307891,2026-07-03T23:13:06.319056+00:00,125.5,47,ask,EarnestEspressos,CostlyCorianders,6299959
2026-07-03T23:13:07.067594,2026-07-03T23:13:07.079101+00:00,125.5,50,ask,EarnestEspressos,FlawlessFlatbreads,6299967
2026-07-03T23:13:08.990627,2026-07-03T23:13:08.998582+00:00,125.6,12,bid,Xuanyu Liu,EarnestEspressos,6299990
2026-07-03T23:13:09.175347,2026-07-03T23:13:09.186755+00:00,125.2,50,ask,DiligentDonuts,FlawlessFlatbreads,6299994
2026-07-03T23:13:09.941721,2026-07-03T23:13:09.953053+00:00,125.6,43,bid,CostlyCorianders,EarnestEspressos,6300006
2026-07-03T23:13:10.913103,2026-07-03T23:13:10.929265+00:00,125.5,23,bid,Xuanyu Liu,DiligentDonuts,6300021
2026-07-03T23:13:11.283107,2026-07-03T23:13:11.294728+00:00,125.1,50,ask,EarnestEspressos,FlawlessFlatbreads,6300025
2026-07-03T23:13:12.478512,2026-07-03T23:13:12.487885+00:00,125.5,11,bid,Xuanyu Liu,DiligentDonuts,6300040
2026-07-03T23:13:13.340108,2026-07-03T23:13:13.347421+00:00,125.5,50,bid,FlawlessFlatbreads,DiligentDonuts,6300053
2026-07-03T23:13:15.100734,2026-07-03T23:13:15.109492+00:00,125.5,11,ask,DiligentDonuts,Xuanyu Liu,6300088
2026-07-03T23:13:15.307927,2026-07-03T23:13:15.319448+00:00,125.5,89,ask,DiligentDonuts,EarnestEspressos,6300095
2026-07-03T23:13:17.159079,2026-07-03T23:13:17.168746+00:00,125.5,45,bid,CostlyCorianders,EarnestEspressos,6300116
2026-07-03T23:13:17.550507,2026-07-03T23:13:17.561510+00:00,125.5,16,bid,FlawlessFlatbreads,EarnestEspressos,6300119
2026-07-03T23:13:17.550507,2026-07-03T23:13:17.561510+00:00,125.7,34,bid,FlawlessFlatbreads,DiligentDonuts,6300120
2026-07-03T23:13:18.432272,2026-07-03T23:13:18.440436+00:00,125.6,23,ask,EarnestEspressos,Xuanyu Liu,6300131
2026-07-03T23:13:19.710918,2026-07-03T23:13:19.719176+00:00,125.6,50,ask,EarnestEspressos,FlawlessFlatbreads,6300142
2026-07-03T23:13:20.105346,2026-07-03T23:13:20.117307+00:00,125.6,77,ask,EarnestEspressos,DiligentDonuts,6300149
2026-07-03T23:13:21.766299,2026-07-03T23:13:21.778054+00:00,125.4,50,bid,FlawlessFlatbreads,EarnestEspressos,6300165
2026-07-03T23:13:22.933360,2026-07-03T23:13:22.942806+00:00,125.0,42,ask,DiligentDonuts,CostlyCorianders,6300181
2026-07-03T23:13:23.875030,2026-07-03T23:13:23.883058+00:00,125.1,50,bid,FlawlessFlatbreads,DiligentDonuts,6300198
2026-07-03T23:13:24.049094,2026-07-03T23:13:24.057069+00:00,125.1,46,bid,CostlyCorianders,DiligentDonuts,6300205
2026-07-03T23:13:24.103770,2026-07-03T23:13:24.114438+00:00,124.9,40,ask,EarnestEspressos,CostlyCorianders,6300208
2026-07-03T23:13:24.247016,2026-07-03T23:13:24.255741+00:00,125.1,4,bid,Xuanyu Liu,DiligentDonuts,6300210
2026-07-03T23:13:25.324157,2026-07-03T23:13:25.335741+00:00,125.2,49,bid,CostlyCorianders,EarnestEspressos,6300223
2026-07-03T23:13:25.980429,2026-07-03T23:13:25.987943+00:00,125.2,50,bid,FlawlessFlatbreads,EarnestEspressos,6300236
2026-07-03T23:13:28.095014,2026-07-03T23:13:28.106650+00:00,125.4,50,bid,FlawlessFlatbreads,EarnestEspressos,6300261
2026-07-03T23:13:30.201040,2026-07-03T23:13:30.210958+00:00,125.4,50,bid,FlawlessFlatbreads,EarnestEspressos,6300287
2026-07-03T23:13:30.317774,2026-07-03T23:13:30.331477+00:00,125.1,46,ask,DiligentDonuts,CostlyCorianders,6300293
2026-07-03T23:13:31.521979,2026-07-03T23:13:31.530506+00:00,125.3,4,ask,EarnestEspressos,Xuanyu Liu,6300318
2026-07-03T23:13:31.866024,2026-07-03T23:13:31.877566+00:00,125.3,42,ask,EarnestEspressos,CostlyCorianders,6300323
2026-07-03T23:13:32.336763,2026-07-03T23:13:32.348273+00:00,125.6,50,bid,FlawlessFlatbreads,DiligentDonuts,6300328
2026-07-03T23:13:32.975975,2026-07-03T23:13:32.987537+00:00,125.6,47,bid,CostlyCorianders,DiligentDonuts,6300339
2026-07-03T23:13:33.933376,2026-07-03T23:13:33.942272+00:00,125.3,12,ask,EarnestEspressos,Xuanyu Liu,6300360
2026-07-03T23:13:34.499248,2026-07-03T23:13:34.508488+00:00,125.1,50,ask,DiligentDonuts,FlawlessFlatbreads,6300368
2026-07-03T23:13:40.356768,2026-07-03T23:13:40.368390+00:00,125.0,45,ask,DiligentDonuts,CostlyCorianders,6300456
2026-07-03T23:13:40.760621,2026-07-03T23:13:40.772158+00:00,125.4,50,bid,FlawlessFlatbreads,EarnestEspressos,6300464
2026-07-03T23:13:42.918261,2026-07-03T23:13:42.929732+00:00,124.9,50,ask,EarnestEspressos,FlawlessFlatbreads,6300493
2026-07-03T23:13:45.025534,2026-07-03T23:13:45.034022+00:00,124.9,50,ask,DiligentDonuts,FlawlessFlatbreads,6300526
2026-07-03T23:13:46.923157,2026-07-03T23:13:46.932191+00:00,125.0,44,bid,CostlyCorianders,DiligentDonuts,6300548
2026-07-03T23:13:49.239521,2026-07-03T23:13:49.251062+00:00,124.9,50,ask,EarnestEspressos,FlawlessFlatbreads,6300582
2026-07-03T23:13:50.898621,2026-07-03T23:13:50.908603+00:00,125.2,12,bid,Xuanyu Liu,DiligentDonuts,6300602
2026-07-03T23:13:51.346597,2026-07-03T23:13:51.358109+00:00,124.7,50,ask,DiligentDonuts,FlawlessFlatbreads,6300610
2026-07-03T23:13:51.479755,2026-07-03T23:13:51.489169+00:00,125.2,42,bid,CostlyCorianders,DiligentDonuts,6300614
2026-07-03T23:13:51.759494,2026-07-03T23:13:51.768740+00:00,125.2,11,bid,Xuanyu Liu,EarnestEspressos,6300623
2026-07-03T23:13:51.967293,2026-07-03T23:13:51.978973+00:00,125.2,40,bid,CostlyCorianders,EarnestEspressos,6300626
2026-07-03T23:13:52.021690,2026-07-03T23:13:52.033486+00:00,125.0,41,ask,DiligentDonuts,CostlyCorianders,6300627
2026-07-03T23:13:53.111806,2026-07-03T23:13:53.123310+00:00,125.0,46,ask,DiligentDonuts,CostlyCorianders,6300643
2026-07-03T23:13:53.401378,2026-07-03T23:13:53.412912+00:00,125.5,50,bid,FlawlessFlatbreads,DiligentDonuts,6300647
2026-07-03T23:13:53.654827,2026-07-03T23:13:53.666466+00:00,125.5,43,bid,CostlyCorianders,DiligentDonuts,6300652
2026-07-03T23:13:55.561158,2026-07-03T23:13:55.572693+00:00,125.2,50,ask,EarnestEspressos,FlawlessFlatbreads,6300689
2026-07-03T23:13:59.721801,2026-07-03T23:13:59.733373+00:00,125.3,50,bid,FlawlessFlatbreads,EarnestEspressos,6300735
2026-07-03T23:13:59.938913,2026-07-03T23:13:59.950310+00:00,125.0,44,ask,DiligentDonuts,CostlyCorianders,6300740
2026-07-03T23:14:01.831770,2026-07-03T23:14:01.841103+00:00,125.3,50,bid,FlawlessFlatbreads,EarnestEspressos,6300765
2026-07-03T23:14:02.438317,2026-07-03T23:14:02.449753+00:00,125.3,45,bid,CostlyCorianders,EarnestEspressos,6300774
2026-07-03T23:14:02.719461,2026-07-03T23:14:02.727077+00:00,125.5,100,bid,EarnestEspressos,DiligentDonuts,6300783
2026-07-03T23:14:02.785655,2026-07-03T23:14:02.793726+00:00,125.6,34,ask,EarnestEspressos,Xuanyu Liu,6300785
2026-07-03T23:14:03.902795,2026-07-03T23:14:03.911630+00:00,125.6,16,ask,EarnestEspressos,CostlyCorianders,6300800
2026-07-03T23:14:03.902795,2026-07-03T23:14:03.911630+00:00,125.0,24,ask,DiligentDonuts,CostlyCorianders,6300801
2026-07-03T23:14:03.938847,2026-07-03T23:14:03.950428+00:00,126.1,50,bid,FlawlessFlatbreads,EarnestEspressos,6300802
2026-07-03T23:14:06.046538,2026-07-03T23:14:06.058057+00:00,125.8,50,bid,FlawlessFlatbreads,DiligentDonuts,6300832
2026-07-03T23:14:08.152843,2026-07-03T23:14:08.158592+00:00,125.9,50,bid,FlawlessFlatbreads,EarnestEspressos,6300867
2026-07-03T23:14:10.068687,2026-07-03T23:14:10.080228+00:00,125.7,48,ask,DiligentDonuts,CostlyCorianders,6300900
2026-07-03T23:14:10.259475,2026-07-03T23:14:10.269076+00:00,126.1,50,bid,FlawlessFlatbreads,EarnestEspressos,6300904
2026-07-03T23:14:12.416128,2026-07-03T23:14:12.427499+00:00,125.8,50,ask,EarnestEspressos,FlawlessFlatbreads,6300932
2026-07-03T23:14:12.770664,2026-07-03T23:14:12.778785+00:00,125.8,3,ask,EarnestEspressos,Xuanyu Liu,6300941
2026-07-03T23:14:13.859604,2026-07-03T23:14:13.869005+00:00,125.8,97,ask,EarnestEspressos,DiligentDonuts,6300953
2026-07-03T23:14:14.472161,2026-07-03T23:14:14.479607+00:00,125.8,3,bid,FlawlessFlatbreads,DiligentDonuts,6300963
2026-07-03T23:14:15.288083,2026-07-03T23:14:15.299563+00:00,126.3,40,bid,CostlyCorianders,EarnestEspressos,6300971
2026-07-03T23:14:15.804612,2026-07-03T23:14:15.816066+00:00,125.9,43,bid,CostlyCorianders,EarnestEspressos,6300987
