timestamp,recv_time,price,volume,aggressor_side,buyer,seller,trade_id
2026-07-15T02:00:00.433527,2026-07-15T02:00:00.410572+00:00,74.5,50,ask,EarnestEspressos,FlawlessFlatbreads,4006614
2026-07-15T02:00:01.168586,2026-07-15T02:00:01.181191+00:00,74.7,12,bid,Sze-Yong Ng,Zhangyue Shen,4006632
2026-07-15T02:00:01.168586,2026-07-15T02:00:01.181191+00:00,74.7,49,bid,Sze-Yong Ng,DiligentDonuts,4006633
2026-07-15T02:00:01.174066,2026-07-15T02:00:01.181191+00:00,74.7,51,bid,Peter Chen,DiligentDonuts,4006634
2026-07-15T02:00:01.174066,2026-07-15T02:00:01.181191+00:00,74.7,5,bid,Peter Chen,Sebastian Baldwin,4006635
2026-07-15T02:00:01.196801,2026-07-15T02:00:01.202901+00:00,74.8,7,bid,Gourab Sharma,Andy Garg,4006637
2026-07-15T02:00:01.211402,2026-07-15T02:00:01.213871+00:00,74.8,14,bid,Gourab Sharma,Andy Garg,4006640
2026-07-15T02:00:01.224747,2026-07-15T02:00:01.235998+00:00,74.8,19,bid,Gourab Sharma,Andy Garg,4006643
2026-07-15T02:00:01.461659,2026-07-15T02:00:01.465271+00:00,74.8,10,ask,Lam Anh Pham,CostlyCorianders,4006653
2026-07-15T02:00:01.461659,2026-07-15T02:00:01.476094+00:00,74.7,34,ask,Andy Garg,CostlyCorianders,4006654
2026-07-15T02:00:02.444639,2026-07-15T02:00:02.449864+00:00,74.8,4,ask,Gourab Sharma,Peter Chen,4006676
2026-07-15T02:00:02.519250,2026-07-15T02:00:02.531444+00:00,74.7,12,ask,Zhangyue Shen,Sze-Yong Ng,4006680
2026-07-15T02:00:02.543319,2026-07-15T02:00:02.552638+00:00,74.6,5,ask,Sebastian Baldwin,FlawlessFlatbreads,4006681
2026-07-15T02:00:02.543319,2026-07-15T02:00:02.552638+00:00,74.6,10,ask,Lam Anh Pham,FlawlessFlatbreads,4006682
2026-07-15T02:00:02.543319,2026-07-15T02:00:02.552638+00:00,74.6,35,ask,Andy Garg,FlawlessFlatbreads,4006683
2026-07-15T02:00:03.603197,2026-07-15T02:00:03.611062+00:00,74.5,12,ask,Zhangyue Shen,CostlyCorianders,4006699
2026-07-15T02:00:03.603197,2026-07-15T02:00:03.611062+00:00,74.5,5,ask,Sebastian Baldwin,CostlyCorianders,4006700
2026-07-15T02:00:03.756436,2026-07-15T02:00:03.759857+00:00,74.7,40,bid,Peter Chen,Andy Garg,4006708
2026-07-15T02:00:04.654838,2026-07-15T02:00:04.652042+00:00,74.6,50,ask,DiligentDonuts,FlawlessFlatbreads,4006719
2026-07-15T02:00:06.762377,2026-07-15T02:00:06.771379+00:00,74.8,5,ask,Sebastian Baldwin,FlawlessFlatbreads,4006749
2026-07-15T02:00:06.762377,2026-07-15T02:00:06.771379+00:00,74.7,12,ask,Zhangyue Shen,FlawlessFlatbreads,4006750
2026-07-15T02:00:06.762377,2026-07-15T02:00:06.771379+00:00,74.7,33,ask,EarnestEspressos,FlawlessFlatbreads,4006751
2026-07-15T02:00:08.872956,2026-07-15T02:00:08.880843+00:00,74.7,50,ask,EarnestEspressos,FlawlessFlatbreads,4006791
2026-07-15T02:00:10.933776,2026-07-15T02:00:10.941919+00:00,74.8,60,bid,Peter Chen,EarnestEspressos,4006830
2026-07-15T02:00:10.973175,2026-07-15T02:00:10.985281+00:00,74.8,44,bid,CostlyCorianders,EarnestEspressos,4006832
2026-07-15T02:00:10.984679,2026-07-15T02:00:10.996259+00:00,74.7,5,ask,Sebastian Baldwin,FlawlessFlatbreads,4006833
2026-07-15T02:00:10.984679,2026-07-15T02:00:10.996259+00:00,74.7,45,ask,DiligentDonuts,FlawlessFlatbreads,4006834
2026-07-15T02:00:10.997293,2026-07-15T02:00:11.007263+00:00,74.8,20,bid,Peter Chen,EarnestEspressos,4006836
2026-07-15T02:00:11.054930,2026-07-15T02:00:11.062093+00:00,74.7,3,ask,DiligentDonuts,Sebastian Baldwin,4006837
2026-07-15T02:00:11.136825,2026-07-15T02:00:11.138918+00:00,74.8,5,bid,Peter Chen,EarnestEspressos,4006842
2026-07-15T02:00:11.652803,2026-07-15T02:00:11.663736+00:00,74.8,5,bid,Andy Garg,EarnestEspressos,4006852
2026-07-15T02:00:12.085297,2026-07-15T02:00:12.088677+00:00,74.8,5,bid,EarnestEspressos,Sebastian Baldwin,4006859
2026-07-15T02:00:12.553203,2026-07-15T02:00:12.570549+00:00,74.8,5,bid,Sebastian Baldwin,EarnestEspressos,4006863
2026-07-15T02:00:13.041822,2026-07-15T02:00:13.045435+00:00,75.2,50,bid,FlawlessFlatbreads,DiligentDonuts,4006877
2026-07-15T02:00:14.273594,2026-07-15T02:00:14.284094+00:00,75.0,64,ask,DiligentDonuts,Peter Chen,4006898
2026-07-15T02:00:14.273767,2026-07-15T02:00:14.284094+00:00,75.0,3,ask,DiligentDonuts,Xuanyu Liu,4006899
2026-07-15T02:00:14.288815,2026-07-15T02:00:14.295327+00:00,75.0,33,ask,DiligentDonuts,Andy Garg,4006902
2026-07-15T02:00:14.288815,2026-07-15T02:00:14.295327+00:00,75.0,5,ask,Sebastian Baldwin,Andy Garg,4006903
2026-07-15T02:00:14.437834,2026-07-15T02:00:14.443041+00:00,74.9,49,ask,EarnestEspressos,Sze-Yong Ng,4006906
2026-07-15T02:00:14.719576,2026-07-15T02:00:14.726316+00:00,74.9,1,ask,EarnestEspressos,Lam Anh Pham,4006913
2026-07-15T02:00:15.165386,2026-07-15T02:00:15.173619+00:00,74.9,3,ask,EarnestEspressos,Sebastian Baldwin,4006921
2026-07-15T02:00:15.578216,2026-07-15T02:00:15.583001+00:00,75.0,3,bid,Andy Garg,Zhangyue Shen,4006934
2026-07-15T02:00:15.771212,2026-07-15T02:00:15.778809+00:00,75.0,3,bid,Xuanyu Liu,Lam Anh Pham,4006937
2026-07-15T02:00:15.902233,2026-07-15T02:00:15.908349+00:00,75.0,3,bid,Andy Garg,Sebastian Baldwin,4006940
2026-07-15T02:00:17.263632,2026-07-15T02:00:17.267929+00:00,75.1,12,bid,FlawlessFlatbreads,Zhangyue Shen,4006953
2026-07-15T02:00:17.263632,2026-07-15T02:00:17.267929+00:00,75.1,5,bid,FlawlessFlatbreads,Sebastian Baldwin,4006954
2026-07-15T02:00:17.263632,2026-07-15T02:00:17.278998+00:00,75.2,33,bid,FlawlessFlatbreads,DiligentDonuts,4006955
2026-07-15T02:00:17.305527,2026-07-15T02:00:17.312172+00:00,75.2,1,bid,Lam Anh Pham,DiligentDonuts,4006959
2026-07-15T02:00:18.240194,2026-07-15T02:00:18.249227+00:00,75.2,3,bid,Sebastian Baldwin,DiligentDonuts,4006975
2026-07-15T02:00:19.426034,2026-07-15T02:00:19.428503+00:00,75.0,10,ask,Lam Anh Pham,FlawlessFlatbreads,4006991
2026-07-15T02:00:19.426034,2026-07-15T02:00:19.439530+00:00,75.0,5,ask,Sebastian Baldwin,FlawlessFlatbreads,4006992
2026-07-15T02:00:19.426034,2026-07-15T02:00:19.439530+00:00,74.9,35,ask,Andy Garg,FlawlessFlatbreads,4006993
2026-07-15T02:00:20.730194,2026-07-15T02:00:20.740632+00:00,74.9,45,ask,EarnestEspressos,CostlyCorianders,4007007
2026-07-15T02:00:21.540075,2026-07-15T02:00:21.544981+00:00,74.9,50,ask,EarnestEspressos,FlawlessFlatbreads,4007019
2026-07-15T02:00:22.092278,2026-07-15T02:00:22.096607+00:00,74.9,5,ask,Sebastian Baldwin,EarnestEspressos,4007024
2026-07-15T02:00:22.098410,2026-07-15T02:00:22.107696+00:00,74.9,64,bid,Peter Chen,EarnestEspressos,4007025
2026-07-15T02:00:22.201044,2026-07-15T02:00:22.206679+00:00,74.9,38,bid,Sze-Yong Ng,EarnestEspressos,4007028
2026-07-15T02:00:22.382998,2026-07-15T02:00:22.391280+00:00,74.9,5,bid,Sebastian Baldwin,EarnestEspressos,4007032
2026-07-15T02:00:23.068937,2026-07-15T02:00:23.072655+00:00,74.9,25,bid,Dinh Nguyen,EarnestEspressos,4007041
2026-07-15T02:00:23.419871,2026-07-15T02:00:23.430709+00:00,74.9,5,bid,Sebastian Baldwin,EarnestEspressos,4007045
2026-07-15T02:00:23.501276,2026-07-15T02:00:23.507723+00:00,74.9,6,bid,Andy Garg,EarnestEspressos,4007052
2026-07-15T02:00:25.204636,2026-07-15T02:00:25.207465+00:00,74.9,5,bid,EarnestEspressos,Sebastian Baldwin,4007083
2026-07-15T02:00:25.699195,2026-07-15T02:00:25.709708+00:00,75.1,12,bid,FlawlessFlatbreads,Zhangyue Shen,4007091
2026-07-15T02:00:25.699195,2026-07-15T02:00:25.709708+00:00,75.1,5,bid,FlawlessFlatbreads,Sebastian Baldwin,4007092
2026-07-15T02:00:25.699195,2026-07-15T02:00:25.709708+00:00,75.2,33,bid,FlawlessFlatbreads,DiligentDonuts,4007093
2026-07-15T02:00:27.433443,2026-07-15T02:00:27.441201+00:00,75.0,20,ask,EarnestEspressos,Andy Garg,4007131
2026-07-15T02:00:27.870061,2026-07-15T02:00:27.881922+00:00,75.0,50,ask,EarnestEspressos,FlawlessFlatbreads,4007134
2026-07-15T02:00:29.977803,2026-07-15T02:00:29.985786+00:00,74.8,50,ask,EarnestEspressos,FlawlessFlatbreads,4007166
2026-07-15T02:00:30.041723,2026-07-15T02:00:30.050153+00:00,75.2,12,bid,CostlyCorianders,Zhangyue Shen,4007168
2026-07-15T02:00:30.041723,2026-07-15T02:00:30.050153+00:00,75.2,10,bid,CostlyCorianders,Lam Anh Pham,4007169
2026-07-15T02:00:30.041723,2026-07-15T02:00:30.050153+00:00,75.2,5,bid,CostlyCorianders,Sebastian Baldwin,4007170
2026-07-15T02:00:30.041723,2026-07-15T02:00:30.050153+00:00,75.3,22,bid,CostlyCorianders,EarnestEspressos,4007171
2026-07-15T02:00:31.138865,2026-07-15T02:00:31.145776+00:00,75.0,10,ask,Lam Anh Pham,CostlyCorianders,4007186
2026-07-15T02:00:31.138865,2026-07-15T02:00:31.145776+00:00,75.0,12,ask,Zhangyue Shen,CostlyCorianders,4007187
2026-07-15T02:00:31.138865,2026-07-15T02:00:31.145776+00:00,75.0,5,ask,Sebastian Baldwin,CostlyCorianders,4007188
2026-07-15T02:00:31.138865,2026-07-15T02:00:31.156517+00:00,74.8,17,ask,EarnestEspressos,CostlyCorianders,4007189
2026-07-15T02:00:31.585207,2026-07-15T02:00:31.589530+00:00,74.8,100,ask,DiligentDonuts,EarnestEspressos,4007204
2026-07-15T02:00:31.585207,2026-07-15T02:00:31.600561+00:00,74.8,12,ask,Zhangyue Shen,EarnestEspressos,4007205
2026-07-15T02:00:32.110449,2026-07-15T02:00:32.119935+00:00,74.6,10,ask,Lam Anh Pham,FlawlessFlatbreads,4007215
2026-07-15T02:00:32.110449,2026-07-15T02:00:32.119935+00:00,74.6,5,ask,Sebastian Baldwin,FlawlessFlatbreads,4007216
2026-07-15T02:00:32.110449,2026-07-15T02:00:32.119935+00:00,74.6,12,ask,Zhangyue Shen,FlawlessFlatbreads,4007217
2026-07-15T02:00:32.110449,2026-07-15T02:00:32.119935+00:00,74.5,23,ask,Andy Garg,FlawlessFlatbreads,4007218
2026-07-15T02:00:33.670493,2026-07-15T02:00:33.679141+00:00,74.8,38,bid,CostlyCorianders,EarnestEspressos,4007235
2026-07-15T02:00:33.670493,2026-07-15T02:00:33.679141+00:00,74.8,8,bid,CostlyCorianders,DiligentDonuts,4007236
2026-07-15T02:00:34.221593,2026-07-15T02:00:34.224595+00:00,74.7,5,ask,Sebastian Baldwin,FlawlessFlatbreads,4007245
2026-07-15T02:00:34.221593,2026-07-15T02:00:34.235625+00:00,74.6,11,ask,Zhangyue Shen,FlawlessFlatbreads,4007246
2026-07-15T02:00:34.221593,2026-07-15T02:00:34.235625+00:00,74.6,10,ask,Lam Anh Pham,FlawlessFlatbreads,4007247
2026-07-15T02:00:34.221593,2026-07-15T02:00:34.235625+00:00,74.4,24,ask,Andy Garg,FlawlessFlatbreads,4007248
2026-07-15T02:00:34.696052,2026-07-15T02:00:34.708142+00:00,74.8,92,bid,EarnestEspressos,DiligentDonuts,4007257
2026-07-15T02:00:34.696052,2026-07-15T02:00:34.708142+00:00,74.8,5,bid,EarnestEspressos,Sebastian Baldwin,4007258
2026-07-15T02:00:34.696052,2026-07-15T02:00:34.708142+00:00,74.9,40,bid,EarnestEspressos,Andy Garg,4007259
2026-07-15T02:00:34.696052,2026-07-15T02:00:34.708142+00:00,74.9,11,bid,EarnestEspressos,Zhangyue Shen,4007260
2026-07-15T02:00:34.745455,2026-07-15T02:00:34.752193+00:00,74.9,2,ask,EarnestEspressos,Sebastian Baldwin,4007262
2026-07-15T02:00:36.286167,2026-07-15T02:00:36.297537+00:00,74.8,12,bid,FlawlessFlatbreads,Zhangyue Shen,4007291
2026-07-15T02:00:36.286167,2026-07-15T02:00:36.297537+00:00,74.8,5,bid,FlawlessFlatbreads,Sebastian Baldwin,4007292
2026-07-15T02:00:36.286167,2026-07-15T02:00:36.297537+00:00,74.9,33,bid,FlawlessFlatbreads,Andy Garg,4007293
2026-07-15T02:00:36.374372,2026-07-15T02:00:36.385869+00:00,74.5,42,ask,DiligentDonuts,CostlyCorianders,4007297
2026-07-15T02:00:38.398603,2026-07-15T02:00:38.401537+00:00,74.7,50,bid,FlawlessFlatbreads,EarnestEspressos,4007327
2026-07-15T02:00:40.392489,2026-07-15T02:00:40.396385+00:00,74.7,12,bid,Zhangyue Shen,EarnestEspressos,4007348
2026-07-15T02:00:40.520447,2026-07-15T02:00:40.525301+00:00,74.7,50,bid,FlawlessFlatbreads,EarnestEspressos,4007354
2026-07-15T02:00:40.949601,2026-07-15T02:00:40.955943+00:00,74.7,5,bid,Sebastian Baldwin,EarnestEspressos,4007368
2026-07-15T02:00:41.025528,2026-07-15T02:00:41.032958+00:00,74.7,5,bid,EarnestEspressos,Sebastian Baldwin,4007370
2026-07-15T02:00:41.127778,2026-07-15T02:00:41.143743+00:00,74.8,45,ask,EarnestEspressos,CostlyCorianders,4007371
2026-07-15T02:00:41.743343,2026-07-15T02:00:41.752956+00:00,75.0,10,bid,CostlyCorianders,Lam Anh Pham,4007378
2026-07-15T02:00:41.743343,2026-07-15T02:00:41.752956+00:00,75.0,12,bid,CostlyCorianders,Zhangyue Shen,4007379
2026-07-15T02:00:41.743343,2026-07-15T02:00:41.752956+00:00,75.0,18,bid,CostlyCorianders,DiligentDonuts,4007380
2026-07-15T02:00:42.629147,2026-07-15T02:00:42.638338+00:00,75.0,50,bid,FlawlessFlatbreads,DiligentDonuts,4007393
2026-07-15T02:00:44.736482,2026-07-15T02:00:44.748036+00:00,74.9,12,bid,FlawlessFlatbreads,Zhangyue Shen,4007413
2026-07-15T02:00:44.736482,2026-07-15T02:00:44.748036+00:00,74.9,5,bid,FlawlessFlatbreads,Sebastian Baldwin,4007414
2026-07-15T02:00:44.736482,2026-07-15T02:00:44.748036+00:00,75.0,32,bid,FlawlessFlatbreads,DiligentDonuts,4007415
2026-07-15T02:00:44.736482,2026-07-15T02:00:44.748036+00:00,75.0,1,bid,FlawlessFlatbreads,Lam Anh Pham,4007416
2026-07-15T02:00:45.663361,2026-07-15T02:00:45.671367+00:00,75.0,9,bid,CostlyCorianders,Lam Anh Pham,4007430
2026-07-15T02:00:45.663361,2026-07-15T02:00:45.671367+00:00,75.0,5,bid,CostlyCorianders,Sebastian Baldwin,4007431
2026-07-15T02:00:45.663361,2026-07-15T02:00:45.671367+00:00,75.1,27,bid,CostlyCorianders,Andy Garg,4007432
2026-07-15T02:00:46.635492,2026-07-15T02:00:46.645641+00:00,74.8,10,ask,Lam Anh Pham,CostlyCorianders,4007451
2026-07-15T02:00:46.635492,2026-07-15T02:00:46.645641+00:00,74.7,32,ask,DiligentDonuts,CostlyCorianders,4007452
2026-07-15T02:00:46.849039,2026-07-15T02:00:46.851448+00:00,75.0,12,bid,FlawlessFlatbreads,Zhangyue Shen,4007458
2026-07-15T02:00:46.849039,2026-07-15T02:00:46.862308+00:00,75.0,5,bid,FlawlessFlatbreads,Sebastian Baldwin,4007459
2026-07-15T02:00:46.849039,2026-07-15T02:00:46.862308+00:00,75.1,33,bid,FlawlessFlatbreads,EarnestEspressos,4007460
2026-07-15T02:00:48.868530,2026-07-15T02:00:48.878969+00:00,74.9,10,bid,CostlyCorianders,Lam Anh Pham,4007486
2026-07-15T02:00:48.868530,2026-07-15T02:00:48.878969+00:00,75.0,5,bid,CostlyCorianders,Sebastian Baldwin,4007487
2026-07-15T02:00:48.868530,2026-07-15T02:00:48.878969+00:00,75.0,30,bid,CostlyCorianders,Andy Garg,4007488
2026-07-15T02:00:48.985876,2026-07-15T02:00:48.989659+00:00,75.2,50,bid,FlawlessFlatbreads,EarnestEspressos,4007490
2026-07-15T02:00:50.334457,2026-07-15T02:00:50.341211+00:00,74.7,12,ask,Zhangyue Shen,CostlyCorianders,4007516
2026-07-15T02:00:50.334457,2026-07-15T02:00:50.341211+00:00,74.7,30,ask,EarnestEspressos,CostlyCorianders,4007517
2026-07-15T02:00:50.891106,2026-07-15T02:00:50.900805+00:00,75.0,5,bid,CostlyCorianders,Sebastian Baldwin,4007522
2026-07-15T02:00:50.891106,2026-07-15T02:00:50.900805+00:00,75.1,10,bid,CostlyCorianders,Lam Anh Pham,4007523
2026-07-15T02:00:50.891106,2026-07-15T02:00:50.900805+00:00,75.2,29,bid,CostlyCorianders,DiligentDonuts,4007524
2026-07-15T02:00:50.950277,2026-07-15T02:00:50.954326+00:00,74.9,47,ask,EarnestEspressos,CostlyCorianders,4007526
2026-07-15T02:00:50.979603,2026-07-15T02:00:50.986837+00:00,74.9,38,ask,EarnestEspressos,Sze-Yong Ng,4007527
2026-07-15T02:00:51.588383,2026-07-15T02:00:51.591409+00:00,75.2,12,bid,CostlyCorianders,Zhangyue Shen,4007543
2026-07-15T02:00:51.588383,2026-07-15T02:00:51.602128+00:00,75.2,5,bid,CostlyCorianders,Sebastian Baldwin,4007544
2026-07-15T02:00:51.588383,2026-07-15T02:00:51.602128+00:00,75.2,10,bid,CostlyCorianders,Lam Anh Pham,4007545
2026-07-15T02:00:51.588383,2026-07-15T02:00:51.602128+00:00,75.3,17,bid,CostlyCorianders,Andy Garg,4007546
2026-07-15T02:00:53.739029,2026-07-15T02:00:53.741050+00:00,74.9,49,ask,DiligentDonuts,CostlyCorianders,4007572
2026-07-15T02:00:59.587737,2026-07-15T02:00:59.599388+00:00,74.8,40,ask,Andy Garg,FlawlessFlatbreads,4007648
2026-07-15T02:00:59.587737,2026-07-15T02:00:59.599388+00:00,74.8,10,ask,Lam Anh Pham,FlawlessFlatbreads,4007649
2026-07-15T02:01:00.259832,2026-07-15T02:01:00.264182+00:00,74.8,3,ask,Zhangyue Shen,Xuanyu Liu,4007666
2026-07-15T02:01:00.326817,2026-07-15T02:01:00.329493+00:00,74.8,42,ask,DiligentDonuts,Sze-Yong Ng,4007668
2026-07-15T02:01:00.354697,2026-07-15T02:01:00.362354+00:00,74.8,1,ask,DiligentDonuts,Lam Anh Pham,4007671
2026-07-15T02:01:00.380596,2026-07-15T02:01:00.384183+00:00,74.8,3,ask,DiligentDonuts,Andy Garg,4007672
2026-07-15T02:01:00.513159,2026-07-15T02:01:00.515700+00:00,74.8,54,ask,DiligentDonuts,Gourab Sharma,4007675
2026-07-15T02:01:00.513159,2026-07-15T02:01:00.526792+00:00,74.8,5,ask,Sebastian Baldwin,Gourab Sharma,4007676
2026-07-15T02:01:00.554221,2026-07-15T02:01:00.559642+00:00,74.6,3,ask,Zhangyue Shen,Sebastian Baldwin,4007678
2026-07-15T02:01:00.703599,2026-07-15T02:01:00.712586+00:00,74.6,9,ask,Zhangyue Shen,DiligentDonuts,4007683
2026-07-15T02:01:00.703599,2026-07-15T02:01:00.712586+00:00,74.6,5,ask,Sebastian Baldwin,DiligentDonuts,4007684
2026-07-15T02:01:01.558671,2026-07-15T02:01:01.563086+00:00,74.6,3,bid,Xuanyu Liu,DiligentDonuts,4007699
2026-07-15T02:01:01.585233,2026-07-15T02:01:01.596612+00:00,74.6,5,bid,Sebastian Baldwin,DiligentDonuts,4007701
2026-07-15T02:01:01.626213,2026-07-15T02:01:01.629802+00:00,74.6,40,bid,Andy Garg,DiligentDonuts,4007703
2026-07-15T02:01:01.697004,2026-07-15T02:01:01.712555+00:00,74.5,50,ask,EarnestEspressos,FlawlessFlatbreads,4007706
2026-07-15T02:01:01.750674,2026-07-15T02:01:01.756426+00:00,74.6,38,bid,Sze-Yong Ng,DiligentDonuts,4007710
2026-07-15T02:01:01.750674,2026-07-15T02:01:01.756426+00:00,74.6,5,bid,Sze-Yong Ng,Sebastian Baldwin,4007711
2026-07-15T02:01:03.803098,2026-07-15T02:01:03.816173+00:00,74.5,30,ask,Gourab Sharma,FlawlessFlatbreads,4007736
2026-07-15T02:01:03.803098,2026-07-15T02:01:03.816173+00:00,74.5,20,ask,Andy Garg,FlawlessFlatbreads,4007737
2026-07-15T02:01:03.884838,2026-07-15T02:01:03.892447+00:00,74.7,2,bid,Yinxuan Li,Gourab Sharma,4007740
2026-07-15T02:01:05.499355,2026-07-15T02:01:05.502605+00:00,74.7,28,bid,Sze-Yong Ng,Gourab Sharma,4007772
2026-07-15T02:01:05.499355,2026-07-15T02:01:05.513521+00:00,74.7,9,bid,Sze-Yong Ng,EarnestEspressos,4007773
2026-07-15T02:01:05.528562,2026-07-15T02:01:05.535123+00:00,74.7,18,bid,Gourab Sharma,EarnestEspressos,4007775
2026-07-15T02:01:05.544640,2026-07-15T02:01:05.556974+00:00,74.7,16,bid,Gourab Sharma,EarnestEspressos,4007778
2026-07-15T02:01:05.557248,2026-07-15T02:01:05.567921+00:00,74.7,25,bid,Gourab Sharma,EarnestEspressos,4007781
2026-07-15T02:01:05.683552,2026-07-15T02:01:05.686325+00:00,74.7,5,bid,Sebastian Baldwin,EarnestEspressos,4007788
2026-07-15T02:01:05.912504,2026-07-15T02:01:05.923780+00:00,74.5,12,ask,Zhangyue Shen,FlawlessFlatbreads,4007790
2026-07-15T02:01:05.912504,2026-07-15T02:01:05.923780+00:00,74.5,38,ask,DiligentDonuts,FlawlessFlatbreads,4007791
2026-07-15T02:01:06.824173,2026-07-15T02:01:06.840277+00:00,74.6,10,ask,Lam Anh Pham,Peter Chen,4007818
2026-07-15T02:01:06.824173,2026-07-15T02:01:06.840277+00:00,74.6,90,ask,EarnestEspressos,Peter Chen,4007819
2026-07-15T02:01:06.829139,2026-07-15T02:01:06.840277+00:00,74.6,3,ask,EarnestEspressos,Xuanyu Liu,4007820
2026-07-15T02:01:06.886814,2026-07-15T02:01:06.894657+00:00,74.6,57,ask,EarnestEspressos,Peter Chen,4007823
2026-07-15T02:01:06.886814,2026-07-15T02:01:06.894657+00:00,74.6,5,ask,Sebastian Baldwin,Peter Chen,4007824
2026-07-15T02:01:08.021976,2026-07-15T02:01:08.032797+00:00,74.3,12,ask,Zhangyue Shen,FlawlessFlatbreads,4007839
2026-07-15T02:01:08.021976,2026-07-15T02:01:08.032797+00:00,74.3,5,ask,Sebastian Baldwin,FlawlessFlatbreads,4007840
2026-07-15T02:01:08.021976,2026-07-15T02:01:08.032797+00:00,74.2,10,ask,Lam Anh Pham,FlawlessFlatbreads,4007841
2026-07-15T02:01:08.021976,2026-07-15T02:01:08.032797+00:00,74.1,23,ask,Andy Garg,FlawlessFlatbreads,4007842
2026-07-15T02:01:08.132138,2026-07-15T02:01:08.136562+00:00,74.5,6,bid,Xuanyu Liu,Andy Garg,4007849
2026-07-15T02:01:08.150203,2026-07-15T02:01:08.158352+00:00,74.5,34,bid,Peter Chen,Andy Garg,4007851
2026-07-15T02:01:08.170568,2026-07-15T02:01:08.179920+00:00,74.6,23,bid,Sze-Yong Ng,DiligentDonuts,4007853
2026-07-15T02:01:08.209479,2026-07-15T02:01:08.223295+00:00,74.6,44,bid,Peter Chen,DiligentDonuts,4007856
2026-07-15T02:01:08.215450,2026-07-15T02:01:08.223295+00:00,74.6,33,bid,Andy Garg,DiligentDonuts,4007857
2026-07-15T02:01:08.215450,2026-07-15T02:01:08.223295+00:00,74.6,5,bid,Andy Garg,Sebastian Baldwin,4007858
2026-07-15T02:01:08.342880,2026-07-15T02:01:08.347253+00:00,74.8,5,bid,Andy Garg,Zhangyue Shen,4007862
2026-07-15T02:01:09.444903,2026-07-15T02:01:09.449139+00:00,74.6,6,ask,Lam Anh Pham,Xuanyu Liu,4007893
2026-07-15T02:01:09.457474,2026-07-15T02:01:09.460335+00:00,74.6,4,ask,Lam Anh Pham,Andy Garg,4007894
2026-07-15T02:01:09.457474,2026-07-15T02:01:09.471455+00:00,74.6,5,ask,Sebastian Baldwin,Andy Garg,4007895
2026-07-15T02:01:09.590219,2026-07-15T02:01:09.605800+00:00,74.5,3,bid,Xuanyu Liu,EarnestEspressos,4007900
2026-07-15T02:01:09.980373,2026-07-15T02:01:09.989721+00:00,74.5,11,bid,Zhangyue Shen,EarnestEspressos,4007908
2026-07-15T02:01:10.137350,2026-07-15T02:01:10.141793+00:00,74.4,5,ask,Sebastian Baldwin,FlawlessFlatbreads,4007910
2026-07-15T02:01:10.137350,2026-07-15T02:01:10.141793+00:00,74.4,10,ask,Lam Anh Pham,FlawlessFlatbreads,4007911
2026-07-15T02:01:10.137350,2026-07-15T02:01:10.152825+00:00,74.2,35,ask,Andy Garg,FlawlessFlatbreads,4007912
2026-07-15T02:01:10.146024,2026-07-15T02:01:10.152825+00:00,74.5,100,bid,DiligentDonuts,EarnestEspressos,4007913
2026-07-15T02:01:10.798253,2026-07-15T02:01:10.805323+00:00,74.5,36,bid,Peter Chen,EarnestEspressos,4007926
2026-07-15T02:01:10.798253,2026-07-15T02:01:10.805323+00:00,74.5,5,bid,Peter Chen,Sebastian Baldwin,4007927
2026-07-15T02:01:10.840125,2026-07-15T02:01:10.849200+00:00,74.6,5,bid,Peter Chen,Zhangyue Shen,4007930
2026-07-15T02:01:10.864083,2026-07-15T02:01:10.871176+00:00,74.6,5,bid,Peter Chen,Sebastian Baldwin,4007933
2026-07-15T02:01:10.929447,2026-07-15T02:01:10.935813+00:00,74.6,5,bid,Sebastian Baldwin,Zhangyue Shen,4007937
2026-07-15T02:01:12.247778,2026-07-15T02:01:12.252911+00:00,74.5,5,ask,Sebastian Baldwin,FlawlessFlatbreads,4007958
2026-07-15T02:01:12.247778,2026-07-15T02:01:12.252911+00:00,74.4,9,ask,Zhangyue Shen,FlawlessFlatbreads,4007959
2026-07-15T02:01:12.247778,2026-07-15T02:01:12.252911+00:00,74.4,10,ask,Lam Anh Pham,FlawlessFlatbreads,4007960
2026-07-15T02:01:14.306728,2026-07-15T02:01:14.319520+00:00,74.7,11,bid,FlawlessFlatbreads,Zhangyue Shen,4007991
2026-07-15T02:01:14.306728,2026-07-15T02:01:14.319520+00:00,74.7,39,bid,FlawlessFlatbreads,DiligentDonuts,4007992
2026-07-15T02:01:14.967622,2026-07-15T02:01:14.970138+00:00,74.7,3,bid,Sebastian Baldwin,DiligentDonuts,4008002
2026-07-15T02:01:16.468247,2026-07-15T02:01:16.471142+00:00,74.6,5,ask,Sebastian Baldwin,FlawlessFlatbreads,4008022
2026-07-15T02:01:16.468247,2026-07-15T02:01:16.481923+00:00,74.5,12,ask,Zhangyue Shen,FlawlessFlatbreads,4008023
2026-07-15T02:01:16.468247,2026-07-15T02:01:16.481923+00:00,74.5,33,ask,EarnestEspressos,FlawlessFlatbreads,4008024
2026-07-15T02:01:16.912867,2026-07-15T02:01:16.924153+00:00,74.7,5,bid,CostlyCorianders,Sebastian Baldwin,4008031
2026-07-15T02:01:16.912867,2026-07-15T02:01:16.924153+00:00,74.7,35,bid,CostlyCorianders,Andy Garg,4008032
2026-07-15T02:01:18.522213,2026-07-15T02:01:18.524783+00:00,74.8,12,bid,CostlyCorianders,Zhangyue Shen,4008056
2026-07-15T02:01:18.522213,2026-07-15T02:01:18.535812+00:00,74.8,5,bid,CostlyCorianders,Sebastian Baldwin,4008057
2026-07-15T02:01:18.522213,2026-07-15T02:01:18.535812+00:00,74.9,28,bid,CostlyCorianders,DiligentDonuts,4008058
2026-07-15T02:01:18.582249,2026-07-15T02:01:18.590576+00:00,74.5,50,ask,EarnestEspressos,FlawlessFlatbreads,4008059
2026-07-15T02:01:19.030765,2026-07-15T02:01:19.033183+00:00,74.8,10,ask,Lam Anh Pham,EarnestEspressos,4008066
2026-07-15T02:01:19.039406,2026-07-15T02:01:19.043962+00:00,74.6,40,ask,Andy Garg,CostlyCorianders,4008067
2026-07-15T02:01:19.039406,2026-07-15T02:01:19.043962+00:00,74.6,4,ask,Zhangyue Shen,CostlyCorianders,4008068
2026-07-15T02:01:19.052331,2026-07-15T02:01:19.054752+00:00,74.8,17,bid,Peter Chen,EarnestEspressos,4008069
2026-07-15T02:01:19.106520,2026-07-15T02:01:19.108945+00:00,74.8,5,bid,Sebastian Baldwin,EarnestEspressos,4008076
2026-07-15T02:01:19.111024,2026-07-15T02:01:19.119753+00:00,74.8,3,bid,Sebastian Baldwin,EarnestEspressos,4008077
2026-07-15T02:01:19.114231,2026-07-15T02:01:19.119753+00:00,74.8,16,bid,Peter Chen,EarnestEspressos,4008078
2026-07-15T02:01:19.117716,2026-07-15T02:01:19.130533+00:00,74.8,25,bid,Yinxuan Li,EarnestEspressos,4008079
2026-07-15T02:01:19.641951,2026-07-15T02:01:19.650752+00:00,74.8,74,bid,DiligentDonuts,EarnestEspressos,4008090
2026-07-15T02:01:19.641951,2026-07-15T02:01:19.650752+00:00,74.8,5,bid,DiligentDonuts,Sebastian Baldwin,4008091
2026-07-15T02:01:20.689260,2026-07-15T02:01:20.698925+00:00,74.8,21,ask,DiligentDonuts,FlawlessFlatbreads,4008100
2026-07-15T02:01:20.689260,2026-07-15T02:01:20.698925+00:00,74.8,5,ask,Sebastian Baldwin,FlawlessFlatbreads,4008101
2026-07-15T02:01:20.689260,2026-07-15T02:01:20.698925+00:00,74.6,8,ask,Zhangyue Shen,FlawlessFlatbreads,4008102
2026-07-15T02:01:20.689260,2026-07-15T02:01:20.698925+00:00,74.6,10,ask,Lam Anh Pham,FlawlessFlatbreads,4008103
2026-07-15T02:01:20.689260,2026-07-15T02:01:20.709793+00:00,74.4,1,ask,Andy Garg,FlawlessFlatbreads,4008104
2026-07-15T02:01:20.689260,2026-07-15T02:01:20.709793+00:00,74.3,5,ask,EarnestEspressos,FlawlessFlatbreads,4008105
2026-07-15T02:01:22.300030,2026-07-15T02:01:22.312631+00:00,74.7,42,ask,EarnestEspressos,CostlyCorianders,4008122
2026-07-15T02:01:22.803542,2026-07-15T02:01:22.810932+00:00,74.7,50,ask,EarnestEspressos,FlawlessFlatbreads,4008130
2026-07-15T02:01:24.381520,2026-07-15T02:01:24.387015+00:00,75.0,1,bid,Lam Anh Pham,Zhangyue Shen,4008147
2026-07-15T02:01:24.384531,2026-07-15T02:01:24.387015+00:00,74.8,1,ask,Sebastian Baldwin,Andy Garg,4008148
2026-07-15T02:01:24.858640,2026-07-15T02:01:24.861375+00:00,75.0,11,bid,FlawlessFlatbreads,Zhangyue Shen,4008152
2026-07-15T02:01:24.858640,2026-07-15T02:01:24.872399+00:00,75.0,39,bid,FlawlessFlatbreads,DiligentDonuts,4008153
2026-07-15T02:01:25.275455,2026-07-15T02:01:25.284957+00:00,75.0,3,bid,Sebastian Baldwin,DiligentDonuts,4008165
2026-07-15T02:01:25.411215,2026-07-15T02:01:25.416964+00:00,75.0,49,bid,CostlyCorianders,DiligentDonuts,4008171
2026-07-15T02:01:26.580912,2026-07-15T02:01:26.586441+00:00,75.0,40,bid,FlawlessFlatbreads,Andy Garg,4008182
2026-07-15T02:01:26.580912,2026-07-15T02:01:26.586441+00:00,75.0,4,bid,CostlyCorianders,Sebastian Baldwin,4008183
2026-07-15T02:01:26.968791,2026-07-15T02:01:26.981108+00:00,75.0,1,bid,FlawlessFlatbreads,Sebastian Baldwin,4008190
2026-07-15T02:01:26.968791,2026-07-15T02:01:26.981108+00:00,75.0,40,bid,CostlyCorianders,Andy Garg,4008191
2026-07-15T02:01:26.968791,2026-07-15T02:01:26.981108+00:00,75.0,9,bid,FlawlessFlatbreads,Lam Anh Pham,4008192
2026-07-15T02:01:27.192615,2026-07-15T02:01:27.200346+00:00,74.8,41,ask,DiligentDonuts,CostlyCorianders,4008197
2026-07-15T02:01:28.360830,2026-07-15T02:01:28.366073+00:00,74.8,41,ask,DiligentDonuts,CostlyCorianders,4008216
2026-07-15T02:01:29.077017,2026-07-15T02:01:29.080564+00:00,75.1,5,bid,FlawlessFlatbreads,Sebastian Baldwin,4008224
2026-07-15T02:01:29.077017,2026-07-15T02:01:29.091680+00:00,75.1,5,bid,FlawlessFlatbreads,Yinxuan Li,4008225
2026-07-15T02:01:29.077017,2026-07-15T02:01:29.091680+00:00,75.1,40,bid,FlawlessFlatbreads,EarnestEspressos,4008226
2026-07-15T02:01:31.192333,2026-07-15T02:01:31.197802+00:00,75.1,50,bid,FlawlessFlatbreads,EarnestEspressos,4008255
2026-07-15T02:01:31.808321,2026-07-15T02:01:31.817069+00:00,75.0,61,ask,EarnestEspressos,Sze-Yong Ng,4008267
2026-07-15T02:01:31.974656,2026-07-15T02:01:31.981382+00:00,75.0,1,ask,EarnestEspressos,Lam Anh Pham,4008273
2026-07-15T02:01:33.301506,2026-07-15T02:01:33.310462+00:00,75.1,12,bid,FlawlessFlatbreads,Zhangyue Shen,4008290
2026-07-15T02:01:33.301506,2026-07-15T02:01:33.310462+00:00,75.1,38,bid,FlawlessFlatbreads,DiligentDonuts,4008291
2026-07-15T02:01:34.562431,2026-07-15T02:01:34.574214+00:00,75.1,3,bid,Sebastian Baldwin,DiligentDonuts,4008312
2026-07-15T02:01:35.192924,2026-07-15T02:01:35.198425+00:00,75.1,48,bid,CostlyCorianders,DiligentDonuts,4008318
2026-07-15T02:01:35.414570,2026-07-15T02:01:35.426617+00:00,75.1,5,bid,FlawlessFlatbreads,Sebastian Baldwin,4008325
2026-07-15T02:01:35.414570,2026-07-15T02:01:35.426617+00:00,75.2,12,bid,FlawlessFlatbreads,Zhangyue Shen,4008326
2026-07-15T02:01:35.414570,2026-07-15T02:01:35.426617+00:00,75.3,10,bid,FlawlessFlatbreads,Lam Anh Pham,4008327
2026-07-15T02:01:35.414570,2026-07-15T02:01:35.426617+00:00,75.3,23,bid,FlawlessFlatbreads,EarnestEspressos,4008328
2026-07-15T02:01:36.894292,2026-07-15T02:01:36.905168+00:00,75.0,49,ask,DiligentDonuts,CostlyCorianders,4008352
2026-07-15T02:01:37.507203,2026-07-15T02:01:37.512086+00:00,75.1,10,bid,CostlyCorianders,Lam Anh Pham,4008362
2026-07-15T02:01:37.507203,2026-07-15T02:01:37.512086+00:00,75.1,5,bid,CostlyCorianders,Sebastian Baldwin,4008363
2026-07-15T02:01:37.507203,2026-07-15T02:01:37.512086+00:00,75.2,34,bid,CostlyCorianders,Andy Garg,4008364
2026-07-15T02:01:37.525817,2026-07-15T02:01:37.534186+00:00,75.2,6,bid,FlawlessFlatbreads,Andy Garg,4008366
2026-07-15T02:01:37.525817,2026-07-15T02:01:37.534186+00:00,75.3,44,bid,FlawlessFlatbreads,EarnestEspressos,4008367
2026-07-15T02:01:37.586839,2026-07-15T02:01:37.589551+00:00,75.0,1,ask,DiligentDonuts,Lam Anh Pham,4008370
2026-07-15T02:01:38.902828,2026-07-15T02:01:38.912555+00:00,75.3,12,bid,CostlyCorianders,Zhangyue Shen,4008392
2026-07-15T02:01:38.902828,2026-07-15T02:01:38.912555+00:00,75.3,5,bid,CostlyCorianders,Sebastian Baldwin,4008393
2026-07-15T02:01:41.737928,2026-07-15T02:01:41.748414+00:00,75.4,10,bid,FlawlessFlatbreads,Lam Anh Pham,4008438
2026-07-15T02:01:41.737928,2026-07-15T02:01:41.748414+00:00,75.4,40,bid,FlawlessFlatbreads,DiligentDonuts,4008439
2026-07-15T02:01:43.846103,2026-07-15T02:01:43.855989+00:00,75.4,12,bid,FlawlessFlatbreads,Zhangyue Shen,4008463
2026-07-15T02:01:43.846103,2026-07-15T02:01:43.855989+00:00,75.4,5,bid,FlawlessFlatbreads,Sebastian Baldwin,4008464
2026-07-15T02:01:43.846103,2026-07-15T02:01:43.855989+00:00,75.5,33,bid,FlawlessFlatbreads,DiligentDonuts,4008465
2026-07-15T02:01:43.891345,2026-07-15T02:01:43.899871+00:00,75.1,45,ask,EarnestEspressos,CostlyCorianders,4008468
2026-07-15T02:01:44.917814,2026-07-15T02:01:44.922147+00:00,75.1,3,ask,Sebastian Baldwin,Xuanyu Liu,4008482
2026-07-15T02:01:45.038386,2026-07-15T02:01:45.043018+00:00,75.0,12,ask,Zhangyue Shen,CostlyCorianders,4008484
2026-07-15T02:01:45.038386,2026-07-15T02:01:45.054071+00:00,75.0,5,ask,Sebastian Baldwin,CostlyCorianders,4008485
2026-07-15T02:01:45.038386,2026-07-15T02:01:45.054071+00:00,74.9,31,ask,EarnestEspressos,CostlyCorianders,4008486
2026-07-15T02:01:45.515613,2026-07-15T02:01:45.523625+00:00,75.2,5,bid,CostlyCorianders,Yinxuan Li,4008495
2026-07-15T02:01:45.515613,2026-07-15T02:01:45.523625+00:00,75.2,5,bid,CostlyCorianders,Sebastian Baldwin,4008496
2026-07-15T02:01:45.515613,2026-07-15T02:01:45.523625+00:00,75.2,10,bid,CostlyCorianders,Lam Anh Pham,4008497
2026-07-15T02:01:45.515613,2026-07-15T02:01:45.534680+00:00,75.2,12,bid,CostlyCorianders,Zhangyue Shen,4008498
2026-07-15T02:01:45.515613,2026-07-15T02:01:45.534680+00:00,75.3,13,bid,CostlyCorianders,Andy Garg,4008499
2026-07-15T02:01:46.012068,2026-07-15T02:01:46.014805+00:00,74.9,50,ask,EarnestEspressos,FlawlessFlatbreads,4008507
2026-07-15T02:01:47.531180,2026-07-15T02:01:47.539680+00:00,74.9,100,ask,DiligentDonuts,EarnestEspressos,4008523
2026-07-15T02:01:47.531180,2026-07-15T02:01:47.539680+00:00,74.9,12,ask,Zhangyue Shen,EarnestEspressos,4008524
2026-07-15T02:01:47.531180,2026-07-15T02:01:47.539680+00:00,74.9,5,ask,Sebastian Baldwin,EarnestEspressos,4008525
2026-07-15T02:01:47.553376,2026-07-15T02:01:47.561314+00:00,74.9,33,bid,CostlyCorianders,EarnestEspressos,4008526
2026-07-15T02:01:47.553376,2026-07-15T02:01:47.561314+00:00,75.1,7,bid,CostlyCorianders,Lam Anh Pham,4008527
2026-07-15T02:01:48.069416,2026-07-15T02:01:48.077476+00:00,75.0,10,bid,FlawlessFlatbreads,Lam Anh Pham,4008536
2026-07-15T02:01:48.069416,2026-07-15T02:01:48.077476+00:00,75.0,5,bid,FlawlessFlatbreads,Sebastian Baldwin,4008537
2026-07-15T02:01:48.069416,2026-07-15T02:01:48.077476+00:00,75.1,12,bid,FlawlessFlatbreads,Zhangyue Shen,4008538
2026-07-15T02:01:48.069416,2026-07-15T02:01:48.077476+00:00,75.2,23,bid,FlawlessFlatbreads,Andy Garg,4008539
2026-07-15T02:01:50.232307,2026-07-15T02:01:50.239307+00:00,74.8,40,ask,Andy Garg,FlawlessFlatbreads,4008578
2026-07-15T02:01:50.232307,2026-07-15T02:01:50.239307+00:00,74.8,5,ask,Sebastian Baldwin,FlawlessFlatbreads,4008579
2026-07-15T02:01:50.232307,2026-07-15T02:01:50.239307+00:00,74.7,5,ask,Zhangyue Shen,FlawlessFlatbreads,4008580
2026-07-15T02:01:51.073813,2026-07-15T02:01:51.080588+00:00,74.9,3,ask,EarnestEspressos,Sebastian Baldwin,4008590
2026-07-15T02:01:52.344908,2026-07-15T02:01:52.355282+00:00,74.9,50,ask,EarnestEspressos,FlawlessFlatbreads,4008606
2026-07-15T02:01:52.786132,2026-07-15T02:01:52.790854+00:00,75.0,3,bid,Xuanyu Liu,DiligentDonuts,4008614
2026-07-15T02:01:52.824902,2026-07-15T02:01:52.834233+00:00,75.0,1,bid,Lam Anh Pham,DiligentDonuts,4008617
2026-07-15T02:01:52.848733,2026-07-15T02:01:52.855791+00:00,75.0,40,bid,Andy Garg,DiligentDonuts,4008618
2026-07-15T02:01:52.857710,2026-07-15T02:01:52.866683+00:00,75.0,40,bid,Andy Garg,DiligentDonuts,4008619
2026-07-15T02:01:52.877458,2026-07-15T02:01:52.888198+00:00,75.0,16,bid,Sze-Yong Ng,DiligentDonuts,4008621
2026-07-15T02:01:52.877458,2026-07-15T02:01:52.888198+00:00,75.0,5,bid,Sze-Yong Ng,Sebastian Baldwin,4008622
2026-07-15T02:01:52.993132,2026-07-15T02:01:52.995189+00:00,75.3,12,bid,Andy Garg,Zhangyue Shen,4008628
2026-07-15T02:01:53.323075,2026-07-15T02:01:53.330011+00:00,75.3,40,bid,CostlyCorianders,Andy Garg,4008642
2026-07-15T02:01:53.323075,2026-07-15T02:01:53.330011+00:00,75.3,4,bid,CostlyCorianders,Sebastian Baldwin,4008643
2026-07-15T02:01:54.304706,2026-07-15T02:01:54.307548+00:00,75.1,41,ask,EarnestEspressos,CostlyCorianders,4008657
2026-07-15T02:01:54.451362,2026-07-15T02:01:54.460272+00:00,75.1,50,ask,EarnestEspressos,FlawlessFlatbreads,4008661
2026-07-15T02:01:56.046593,2026-07-15T02:01:56.059319+00:00,75.1,44,ask,EarnestEspressos,CostlyCorianders,4008683
2026-07-15T02:01:56.557923,2026-07-15T02:01:56.562296+00:00,75.1,15,ask,EarnestEspressos,FlawlessFlatbreads,4008690
2026-07-15T02:01:56.557923,2026-07-15T02:01:56.562296+00:00,75.1,35,ask,DiligentDonuts,FlawlessFlatbreads,4008691
2026-07-15T02:01:57.041610,2026-07-15T02:01:57.044290+00:00,75.1,65,ask,DiligentDonuts,EarnestEspressos,4008698
2026-07-15T02:01:57.041610,2026-07-15T02:01:57.055109+00:00,75.1,5,ask,Sebastian Baldwin,EarnestEspressos,4008699
2026-07-15T02:01:57.041610,2026-07-15T02:01:57.055109+00:00,75.0,10,ask,Lam Anh Pham,EarnestEspressos,4008700
2026-07-15T02:01:57.041610,2026-07-15T02:01:57.055109+00:00,75.0,12,ask,Zhangyue Shen,EarnestEspressos,4008701
2026-07-15T02:01:57.161100,2026-07-15T02:01:57.163893+00:00,74.9,40,bid,Sze-Yong Ng,EarnestEspressos,4008705
2026-07-15T02:01:57.283010,2026-07-15T02:01:57.291233+00:00,74.9,10,bid,Sebastian Baldwin,EarnestEspressos,4008708
2026-07-15T02:01:57.362448,2026-07-15T02:01:57.366226+00:00,74.9,1,bid,Lam Anh Pham,EarnestEspressos,4008712
2026-07-15T02:01:57.418572,2026-07-15T02:01:57.430868+00:00,74.9,7,bid,Zhangyue Shen,EarnestEspressos,4008716
2026-07-15T02:01:57.418572,2026-07-15T02:01:57.430868+00:00,74.9,3,bid,Zhangyue Shen,Sebastian Baldwin,4008717
2026-07-15T02:01:58.125579,2026-07-15T02:01:58.132581+00:00,74.9,2,bid,Andy Garg,Sebastian Baldwin,4008732
2026-07-15T02:01:58.619430,2026-07-15T02:01:58.624677+00:00,75.3,50,bid,FlawlessFlatbreads,DiligentDonuts,4008744
2026-07-15T02:01:59.083426,2026-07-15T02:01:59.093892+00:00,75.0,10,ask,Lam Anh Pham,CostlyCorianders,4008754
2026-07-15T02:01:59.083426,2026-07-15T02:01:59.093892+00:00,74.9,10,ask,Zhangyue Shen,CostlyCorianders,4008755
2026-07-15T02:02:00.729638,2026-07-15T02:02:00.732751+00:00,75.1,5,bid,FlawlessFlatbreads,Sebastian Baldwin,4008784
2026-07-15T02:02:00.729638,2026-07-15T02:02:00.743739+00:00,75.2,10,bid,FlawlessFlatbreads,Zhangyue Shen,4008785
2026-07-15T02:02:00.729638,2026-07-15T02:02:00.743739+00:00,75.2,10,bid,FlawlessFlatbreads,Lam Anh Pham,4008786
2026-07-15T02:02:00.729638,2026-07-15T02:02:00.743739+00:00,75.3,25,bid,FlawlessFlatbreads,DiligentDonuts,4008787
2026-07-15T02:02:02.907029,2026-07-15T02:02:02.917669+00:00,75.1,50,ask,DiligentDonuts,FlawlessFlatbreads,4008817
2026-07-15T02:02:03.540792,2026-07-15T02:02:03.543704+00:00,75.3,11,bid,CostlyCorianders,Zhangyue Shen,4008826
2026-07-15T02:02:03.540792,2026-07-15T02:02:03.554664+00:00,75.3,31,bid,CostlyCorianders,Andy Garg,4008827
2026-07-15T02:02:04.202298,2026-07-15T02:02:04.214531+00:00,75.1,5,ask,Sebastian Baldwin,CostlyCorianders,4008836
2026-07-15T02:02:04.202298,2026-07-15T02:02:04.214531+00:00,75.0,10,ask,Lam Anh Pham,CostlyCorianders,4008837
2026-07-15T02:02:04.202298,2026-07-15T02:02:04.214531+00:00,75.0,11,ask,Zhangyue Shen,CostlyCorianders,4008838
2026-07-15T02:02:04.202298,2026-07-15T02:02:04.214531+00:00,75.0,20,ask,EarnestEspressos,CostlyCorianders,4008839
2026-07-15T02:02:05.013019,2026-07-15T02:02:05.020654+00:00,75.0,50,ask,EarnestEspressos,FlawlessFlatbreads,4008856
2026-07-15T02:02:06.565412,2026-07-15T02:02:06.567942+00:00,75.1,41,bid,CostlyCorianders,EarnestEspressos,4008883
2026-07-15T02:02:07.077629,2026-07-15T02:02:07.093558+00:00,75.1,50,bid,FlawlessFlatbreads,EarnestEspressos,4008893
2026-07-15T02:02:08.569074,2026-07-15T02:02:08.572969+00:00,75.0,10,ask,Lam Anh Pham,CostlyCorianders,4008908
2026-07-15T02:02:08.569074,2026-07-15T02:02:08.583651+00:00,75.0,5,ask,Sebastian Baldwin,CostlyCorianders,4008909
2026-07-15T02:02:08.569074,2026-07-15T02:02:08.583651+00:00,74.9,12,ask,Zhangyue Shen,CostlyCorianders,4008910
2026-07-15T02:02:08.569074,2026-07-15T02:02:08.583651+00:00,74.9,18,ask,Andy Garg,CostlyCorianders,4008911
2026-07-15T02:02:09.185642,2026-07-15T02:02:09.190453+00:00,75.1,50,bid,FlawlessFlatbreads,EarnestEspressos,4008924
2026-07-15T02:02:09.644891,2026-07-15T02:02:09.648442+00:00,75.1,5,bid,EarnestEspressos,Sebastian Baldwin,4008932
2026-07-15T02:02:09.644891,2026-07-15T02:02:09.665033+00:00,75.3,5,bid,EarnestEspressos,Yinxuan Li,4008933
2026-07-15T02:02:09.644891,2026-07-15T02:02:09.665033+00:00,75.3,12,bid,EarnestEspressos,Zhangyue Shen,4008934
2026-07-15T02:02:09.644891,2026-07-15T02:02:09.665033+00:00,75.3,100,bid,EarnestEspressos,DiligentDonuts,4008935
2026-07-15T02:02:09.644891,2026-07-15T02:02:09.665033+00:00,75.3,10,bid,EarnestEspressos,Lam Anh Pham,4008936
2026-07-15T02:02:09.660266,2026-07-15T02:02:09.665033+00:00,75.3,3,ask,EarnestEspressos,Xuanyu Liu,4008938
2026-07-15T02:02:09.663740,2026-07-15T02:02:09.675998+00:00,75.3,5,ask,Sebastian Baldwin,Peter Chen,4008939
2026-07-15T02:02:09.674076,2026-07-15T02:02:09.675998+00:00,75.3,10,ask,EarnestEspressos,Peter Chen,4008941
2026-07-15T02:02:09.732762,2026-07-15T02:02:09.741070+00:00,75.3,5,ask,EarnestEspressos,Sebastian Baldwin,4008944
2026-07-15T02:02:10.319713,2026-07-15T02:02:10.328013+00:00,75.2,61,ask,DiligentDonuts,Sze-Yong Ng,4008957
2026-07-15T02:02:10.538312,2026-07-15T02:02:10.549949+00:00,75.2,1,ask,DiligentDonuts,Lam Anh Pham,4008959
2026-07-15T02:02:11.321450,2026-07-15T02:02:11.333597+00:00,75.4,10,bid,FlawlessFlatbreads,Lam Anh Pham,4008969
2026-07-15T02:02:11.321450,2026-07-15T02:02:11.333597+00:00,75.4,5,bid,FlawlessFlatbreads,Sebastian Baldwin,4008970
2026-07-15T02:02:11.321450,2026-07-15T02:02:11.333597+00:00,75.4,12,bid,FlawlessFlatbreads,Zhangyue Shen,4008971
2026-07-15T02:02:11.321450,2026-07-15T02:02:11.333597+00:00,75.5,23,bid,FlawlessFlatbreads,Andy Garg,4008972
2026-07-15T02:02:13.436262,2026-07-15T02:02:13.441149+00:00,75.3,50,bid,FlawlessFlatbreads,EarnestEspressos,4008992
2026-07-15T02:02:13.733799,2026-07-15T02:02:13.740434+00:00,75.3,43,bid,CostlyCorianders,EarnestEspressos,4009001
2026-07-15T02:02:14.794116,2026-07-15T02:02:14.806517+00:00,75.3,44,bid,CostlyCorianders,EarnestEspressos,4009009
2026-07-15T02:02:15.564037,2026-07-15T02:02:15.575616+00:00,75.3,13,bid,FlawlessFlatbreads,EarnestEspressos,4009020
2026-07-15T02:02:15.564037,2026-07-15T02:02:15.575616+00:00,75.3,5,bid,FlawlessFlatbreads,Sebastian Baldwin,4009021
2026-07-15T02:02:15.564037,2026-07-15T02:02:15.575616+00:00,75.4,10,bid,FlawlessFlatbreads,Lam Anh Pham,4009022
2026-07-15T02:02:15.564037,2026-07-15T02:02:15.575616+00:00,75.5,22,bid,FlawlessFlatbreads,Andy Garg,4009023
2026-07-15T02:02:15.848682,2026-07-15T02:02:15.851924+00:00,75.1,46,ask,DiligentDonuts,CostlyCorianders,4009026
2026-07-15T02:02:15.984240,2026-07-15T02:02:15.990302+00:00,75.4,42,ask,EarnestEspressos,Sze-Yong Ng,4009030
2026-07-15T02:02:16.005881,2026-07-15T02:02:16.011705+00:00,75.4,51,ask,EarnestEspressos,Peter Chen,4009032
2026-07-15T02:02:16.064806,2026-07-15T02:02:16.076098+00:00,75.4,51,ask,EarnestEspressos,Peter Chen,4009034
2026-07-15T02:02:16.123956,2026-07-15T02:02:16.130741+00:00,75.4,6,ask,EarnestEspressos,Peter Chen,4009037
2026-07-15T02:02:17.676188,2026-07-15T02:02:17.684401+00:00,75.6,12,bid,FlawlessFlatbreads,Zhangyue Shen,4009055
2026-07-15T02:02:17.676188,2026-07-15T02:02:17.684401+00:00,75.6,38,bid,FlawlessFlatbreads,DiligentDonuts,4009056
2026-07-15T02:02:19.466739,2026-07-15T02:02:19.471359+00:00,75.3,5,ask,Sebastian Baldwin,CostlyCorianders,4009076
2026-07-15T02:02:19.466739,2026-07-15T02:02:19.471359+00:00,75.2,35,ask,Andy Garg,CostlyCorianders,4009077
2026-07-15T02:02:19.786691,2026-07-15T02:02:19.793572+00:00,75.4,50,bid,FlawlessFlatbreads,EarnestEspressos,4009081
2026-07-15T02:02:19.988155,2026-07-15T02:02:19.998078+00:00,75.4,45,bid,CostlyCorianders,EarnestEspressos,4009085
2026-07-15T02:02:20.528115,2026-07-15T02:02:20.530444+00:00,75.4,41,bid,CostlyCorianders,EarnestEspressos,4009094
2026-07-15T02:02:21.045471,2026-07-15T02:02:21.052695+00:00,75.2,3,ask,Zhangyue Shen,Sebastian Baldwin,4009103
2026-07-15T02:02:21.893549,2026-07-15T02:02:21.903737+00:00,75.4,14,bid,FlawlessFlatbreads,EarnestEspressos,4009109
2026-07-15T02:02:21.893549,2026-07-15T02:02:21.903737+00:00,75.4,36,bid,FlawlessFlatbreads,Andy Garg,4009110
2026-07-15T02:02:22.314692,2026-07-15T02:02:22.326632+00:00,75.4,10,bid,EarnestEspressos,Lam Anh Pham,4009122
2026-07-15T02:02:22.314692,2026-07-15T02:02:22.326632+00:00,75.4,5,bid,EarnestEspressos,Sebastian Baldwin,4009123
2026-07-15T02:02:22.345355,2026-07-15T02:02:22.348028+00:00,75.4,65,ask,EarnestEspressos,Peter Chen,4009124
2026-07-15T02:02:22.407178,2026-07-15T02:02:22.419610+00:00,75.4,10,ask,EarnestEspressos,Peter Chen,4009129
2026-07-15T02:02:22.698673,2026-07-15T02:02:22.711464+00:00,75.4,45,ask,EarnestEspressos,CostlyCorianders,4009132
2026-07-15T02:02:22.890172,2026-07-15T02:02:22.896444+00:00,75.4,15,ask,EarnestEspressos,Gourab Sharma,4009136
2026-07-15T02:02:23.636560,2026-07-15T02:02:23.646895+00:00,75.2,9,ask,Zhangyue Shen,CostlyCorianders,4009153
2026-07-15T02:02:23.636560,2026-07-15T02:02:23.646895+00:00,75.2,5,ask,Sebastian Baldwin,CostlyCorianders,4009154
2026-07-15T02:02:23.636560,2026-07-15T02:02:23.646895+00:00,75.1,28,ask,DiligentDonuts,CostlyCorianders,4009155
2026-07-15T02:02:24.024442,2026-07-15T02:02:24.032563+00:00,75.3,15,bid,FlawlessFlatbreads,Gourab Sharma,4009162
2026-07-15T02:02:24.024442,2026-07-15T02:02:24.032563+00:00,75.4,10,bid,FlawlessFlatbreads,Lam Anh Pham,4009163
2026-07-15T02:02:24.024442,2026-07-15T02:02:24.032563+00:00,75.5,12,bid,FlawlessFlatbreads,Zhangyue Shen,4009164
2026-07-15T02:02:24.024442,2026-07-15T02:02:24.032563+00:00,75.5,5,bid,FlawlessFlatbreads,Sebastian Baldwin,4009165
2026-07-15T02:02:24.024442,2026-07-15T02:02:24.032563+00:00,75.6,8,bid,FlawlessFlatbreads,Andy Garg,4009166
2026-07-15T02:02:25.646683,2026-07-15T02:02:25.651557+00:00,75.3,6,bid,Xuanyu Liu,EarnestEspressos,4009210
2026-07-15T02:02:25.669860,2026-07-15T02:02:25.673061+00:00,75.3,116,bid,Sze-Yong Ng,EarnestEspressos,4009213
2026-07-15T02:02:25.680557,2026-07-15T02:02:25.690111+00:00,75.3,28,bid,Peter Chen,EarnestEspressos,4009215
2026-07-15T02:02:25.736184,2026-07-15T02:02:25.743695+00:00,75.4,5,bid,Peter Chen,Yinxuan Li,4009217
2026-07-15T02:02:25.736184,2026-07-15T02:02:25.743695+00:00,75.4,5,bid,Peter Chen,Sebastian Baldwin,4009218
2026-07-15T02:02:26.137506,2026-07-15T02:02:26.149628+00:00,75.6,12,bid,FlawlessFlatbreads,Zhangyue Shen,4009227
2026-07-15T02:02:26.137506,2026-07-15T02:02:26.149628+00:00,75.7,10,bid,FlawlessFlatbreads,Lam Anh Pham,4009228
2026-07-15T02:02:26.137506,2026-07-15T02:02:26.149628+00:00,76.0,28,bid,FlawlessFlatbreads,Andy Garg,4009229
2026-07-15T02:02:26.797075,2026-07-15T02:02:26.801491+00:00,75.4,2,ask,Zhangyue Shen,Dinh Nguyen,4009243
2026-07-15T02:02:26.958273,2026-07-15T02:02:26.962822+00:00,75.4,6,ask,Zhangyue Shen,Xuanyu Liu,4009246
2026-07-15T02:02:26.989337,2026-07-15T02:02:26.996246+00:00,75.3,10,ask,Lam Anh Pham,Sze-Yong Ng,4009251
2026-07-15T02:02:27.078150,2026-07-15T02:02:27.085125+00:00,75.2,3,ask,DiligentDonuts,Andy Garg,4009254
2026-07-15T02:02:27.803089,2026-07-15T02:02:27.815043+00:00,75.6,1,bid,Lam Anh Pham,Sebastian Baldwin,4009272
2026-07-15T02:02:28.052068,2026-07-15T02:02:28.061479+00:00,75.4,2,ask,Zhangyue Shen,Dinh Nguyen,4009273
2026-07-15T02:02:28.197103,2026-07-15T02:02:28.201269+00:00,75.4,3,ask,Zhangyue Shen,Sebastian Baldwin,4009274
2026-07-15T02:02:28.271976,2026-07-15T02:02:28.276839+00:00,75.7,50,bid,EarnestEspressos,DiligentDonuts,4009275
2026-07-15T02:02:28.481595,2026-07-15T02:02:28.484192+00:00,75.5,3,ask,Andy Garg,Sze-Yong Ng,4009282
2026-07-15T02:02:28.637603,2026-07-15T02:02:28.643578+00:00,75.7,50,bid,FlawlessFlatbreads,DiligentDonuts,4009284
2026-07-15T02:02:28.637603,2026-07-15T02:02:28.643578+00:00,75.7,5,bid,EarnestEspressos,Sebastian Baldwin,4009285
2026-07-15T02:02:28.637603,2026-07-15T02:02:28.654229+00:00,75.7,12,bid,EarnestEspressos,Zhangyue Shen,4009286
2026-07-15T02:02:28.647814,2026-07-15T02:02:28.654229+00:00,75.7,12,ask,EarnestEspressos,Peter Chen,4009287
2026-07-15T02:02:28.657685,2026-07-15T02:02:28.664893+00:00,75.7,50,ask,EarnestEspressos,Gourab Sharma,4009289
2026-07-15T02:02:28.672776,2026-07-15T02:02:28.675556+00:00,75.7,21,ask,EarnestEspressos,Sze-Yong Ng,4009290
2026-07-15T02:02:29.088373,2026-07-15T02:02:29.096615+00:00,75.8,10,bid,CostlyCorianders,Lam Anh Pham,4009299
2026-07-15T02:02:29.088373,2026-07-15T02:02:29.096615+00:00,76.0,29,bid,CostlyCorianders,Andy Garg,4009300
2026-07-15T02:02:29.088373,2026-07-15T02:02:29.096615+00:00,76.2,9,bid,CostlyCorianders,EarnestEspressos,4009301
2026-07-15T02:02:29.287719,2026-07-15T02:02:29.299005+00:00,75.6,40,ask,DiligentDonuts,Sze-Yong Ng,4009309
2026-07-15T02:02:29.408987,2026-07-15T02:02:29.418934+00:00,75.6,1,ask,DiligentDonuts,Lam Anh Pham,4009314
2026-07-15T02:02:29.607255,2026-07-15T02:02:29.611862+00:00,75.6,11,ask,DiligentDonuts,Xuanyu Liu,4009322
2026-07-15T02:02:29.610283,2026-07-15T02:02:29.623000+00:00,75.6,28,ask,DiligentDonuts,Peter Chen,4009323
2026-07-15T02:02:29.697056,2026-07-15T02:02:29.709542+00:00,75.6,20,ask,DiligentDonuts,Gourab Sharma,4009326
2026-07-15T02:02:29.890952,2026-07-15T02:02:29.902168+00:00,75.5,5,ask,Sebastian Baldwin,Sze-Yong Ng,4009331
2026-07-15T02:02:30.257123,2026-07-15T02:02:30.268799+00:00,75.5,10,bid,CostlyCorianders,Lam Anh Pham,4009340
2026-07-15T02:02:30.257123,2026-07-15T02:02:30.268799+00:00,75.5,5,bid,CostlyCorianders,Sebastian Baldwin,4009341
2026-07-15T02:02:30.257123,2026-07-15T02:02:30.268799+00:00,75.6,9,bid,CostlyCorianders,Zhangyue Shen,4009342
2026-07-15T02:02:30.383774,2026-07-15T02:02:30.392551+00:00,75.9,5,bid,FlawlessFlatbreads,Zhangyue Shen,4009345
2026-07-15T02:02:30.383774,2026-07-15T02:02:30.392551+00:00,76.0,3,bid,FlawlessFlatbreads,Andy Garg,4009346
2026-07-15T02:02:30.383774,2026-07-15T02:02:30.392551+00:00,76.1,42,bid,FlawlessFlatbreads,DiligentDonuts,4009347
2026-07-15T02:02:30.720608,2026-07-15T02:02:30.725222+00:00,75.4,11,bid,Xuanyu Liu,Gourab Sharma,4009354
2026-07-15T02:02:30.822188,2026-07-15T02:02:30.835254+00:00,75.3,40,ask,Andy Garg,CostlyCorianders,4009357
2026-07-15T02:02:30.822188,2026-07-15T02:02:30.835254+00:00,75.3,5,ask,Sebastian Baldwin,CostlyCorianders,4009358
2026-07-15T02:02:31.298939,2026-07-15T02:02:31.302855+00:00,75.3,3,ask,Zhangyue Shen,Sebastian Baldwin,4009370
2026-07-15T02:02:31.813931,2026-07-15T02:02:31.820842+00:00,75.3,2,ask,Zhangyue Shen,Dinh Nguyen,4009374
2026-07-15T02:02:31.856595,2026-07-15T02:02:31.863972+00:00,75.3,3,ask,Zhangyue Shen,EarnestEspressos,4009375
2026-07-15T02:02:31.856595,2026-07-15T02:02:31.863972+00:00,75.3,5,ask,Sebastian Baldwin,EarnestEspressos,4009376
2026-07-15T02:02:32.241211,2026-07-15T02:02:32.245756+00:00,75.3,3,bid,Xuanyu Liu,EarnestEspressos,4009384
2026-07-15T02:02:32.251055,2026-07-15T02:02:32.256688+00:00,75.3,5,bid,Sze-Yong Ng,EarnestEspressos,4009385
2026-07-15T02:02:32.496693,2026-07-15T02:02:32.514892+00:00,75.3,50,bid,FlawlessFlatbreads,EarnestEspressos,4009395
2026-07-15T02:02:32.901905,2026-07-15T02:02:32.914046+00:00,75.2,30,ask,Gourab Sharma,CostlyCorianders,4009401
2026-07-15T02:02:32.901905,2026-07-15T02:02:32.914046+00:00,75.2,11,ask,Andy Garg,CostlyCorianders,4009402
2026-07-15T02:02:33.815607,2026-07-15T02:02:33.820236+00:00,75.3,49,bid,CostlyCorianders,EarnestEspressos,4009421
2026-07-15T02:02:34.479382,2026-07-15T02:02:34.484415+00:00,75.3,8,bid,Zhangyue Shen,EarnestEspressos,4009430
2026-07-15T02:02:34.603074,2026-07-15T02:02:34.614233+00:00,75.3,27,bid,FlawlessFlatbreads,EarnestEspressos,4009434
2026-07-15T02:02:34.603074,2026-07-15T02:02:34.614233+00:00,75.3,5,bid,FlawlessFlatbreads,Sebastian Baldwin,4009435
2026-07-15T02:02:34.603074,2026-07-15T02:02:34.614233+00:00,75.4,18,bid,FlawlessFlatbreads,Gourab Sharma,4009436
2026-07-15T02:02:34.786700,2026-07-15T02:02:34.798219+00:00,75.2,29,ask,Andy Garg,CostlyCorianders,4009442
2026-07-15T02:02:34.786700,2026-07-15T02:02:34.798219+00:00,75.2,18,ask,DiligentDonuts,CostlyCorianders,4009443
2026-07-15T02:02:34.985814,2026-07-15T02:02:35.000563+00:00,75.4,1,bid,EarnestEspressos,Gourab Sharma,4009450
2026-07-15T02:02:34.996417,2026-07-15T02:02:35.000563+00:00,75.4,3,ask,EarnestEspressos,Xuanyu Liu,4009452
2026-07-15T02:02:35.003880,2026-07-15T02:02:35.011422+00:00,75.4,10,ask,EarnestEspressos,Lam Anh Pham,4009453
2026-07-15T02:02:35.008234,2026-07-15T02:02:35.011422+00:00,75.4,28,ask,EarnestEspressos,Gourab Sharma,4009454
2026-07-15T02:02:35.075584,2026-07-15T02:02:35.086231+00:00,75.4,42,ask,EarnestEspressos,Sze-Yong Ng,4009456
2026-07-15T02:02:35.416659,2026-07-15T02:02:35.429371+00:00,75.4,5,ask,EarnestEspressos,Sebastian Baldwin,4009463
2026-07-15T02:02:35.549767,2026-07-15T02:02:35.559628+00:00,75.4,2,ask,EarnestEspressos,Lam Anh Pham,4009467
2026-07-15T02:02:35.584076,2026-07-15T02:02:35.592108+00:00,75.4,25,ask,EarnestEspressos,Dinh Nguyen,4009471
2026-07-15T02:02:36.099861,2026-07-15T02:02:36.106933+00:00,75.4,2,ask,EarnestEspressos,Dinh Nguyen,4009476
2026-07-15T02:02:36.382159,2026-07-15T02:02:36.389419+00:00,75.4,30,ask,EarnestEspressos,Gourab Sharma,4009483
2026-07-15T02:02:36.437862,2026-07-15T02:02:36.442825+00:00,75.5,5,bid,CostlyCorianders,Sebastian Baldwin,4009484
2026-07-15T02:02:36.437862,2026-07-15T02:02:36.442825+00:00,75.5,10,bid,CostlyCorianders,Lam Anh Pham,4009485
2026-07-15T02:02:36.437862,2026-07-15T02:02:36.453772+00:00,75.5,28,bid,CostlyCorianders,DiligentDonuts,4009486
2026-07-15T02:02:36.737293,2026-07-15T02:02:36.745829+00:00,75.5,50,bid,FlawlessFlatbreads,DiligentDonuts,4009492
2026-07-15T02:02:37.337882,2026-07-15T02:02:37.345881+00:00,75.5,22,bid,CostlyCorianders,DiligentDonuts,4009498
2026-07-15T02:02:37.337882,2026-07-15T02:02:37.345881+00:00,75.5,5,bid,CostlyCorianders,Sebastian Baldwin,4009499
2026-07-15T02:02:37.337882,2026-07-15T02:02:37.345881+00:00,75.6,9,bid,CostlyCorianders,Zhangyue Shen,4009500
2026-07-15T02:02:37.337882,2026-07-15T02:02:37.345881+00:00,75.6,8,bid,CostlyCorianders,Andy Garg,4009501
2026-07-15T02:02:37.351089,2026-07-15T02:02:37.356975+00:00,75.4,2,ask,EarnestEspressos,Dinh Nguyen,4009503
2026-07-15T02:02:38.759238,2026-07-15T02:02:38.766782+00:00,75.4,100,bid,DiligentDonuts,EarnestEspressos,4009520
2026-07-15T02:02:38.810808,2026-07-15T02:02:38.815184+00:00,75.4,3,bid,Xuanyu Liu,EarnestEspressos,4009525
2026-07-15T02:02:38.827646,2026-07-15T02:02:38.836740+00:00,75.4,42,bid,Sze-Yong Ng,EarnestEspressos,4009526
2026-07-15T02:02:38.844401,2026-07-15T02:02:38.847722+00:00,75.4,5,bid,FlawlessFlatbreads,EarnestEspressos,4009527
2026-07-15T02:02:38.844401,2026-07-15T02:02:38.858569+00:00,75.4,5,bid,FlawlessFlatbreads,Sebastian Baldwin,4009528
2026-07-15T02:02:38.844401,2026-07-15T02:02:38.858569+00:00,75.5,7,bid,FlawlessFlatbreads,Zhangyue Shen,4009529
2026-07-15T02:02:38.844401,2026-07-15T02:02:38.858569+00:00,75.7,33,bid,FlawlessFlatbreads,Andy Garg,4009530
2026-07-15T02:02:40.955960,2026-07-15T02:02:40.958741+00:00,75.5,10,bid,FlawlessFlatbreads,Lam Anh Pham,4009566
2026-07-15T02:02:40.955960,2026-07-15T02:02:40.969697+00:00,75.6,5,bid,FlawlessFlatbreads,Sebastian Baldwin,4009567
2026-07-15T02:02:40.955960,2026-07-15T02:02:40.969697+00:00,75.7,35,bid,FlawlessFlatbreads,Andy Garg,4009568
2026-07-15T02:02:41.315948,2026-07-15T02:02:41.320432+00:00,75.5,3,ask,EarnestEspressos,Xuanyu Liu,4009574
2026-07-15T02:02:41.355213,2026-07-15T02:02:41.363363+00:00,75.5,42,ask,EarnestEspressos,Sze-Yong Ng,4009576
2026-07-15T02:02:41.445266,2026-07-15T02:02:41.450216+00:00,75.5,30,ask,EarnestEspressos,Gourab Sharma,4009580
2026-07-15T02:02:42.680456,2026-07-15T02:02:42.689121+00:00,75.5,5,ask,EarnestEspressos,Sebastian Baldwin,4009596
2026-07-15T02:02:42.753619,2026-07-15T02:02:42.757889+00:00,75.5,21,ask,EarnestEspressos,Xuanyu Liu,4009603
2026-07-15T02:02:42.795667,2026-07-15T02:02:42.801035+00:00,75.5,32,ask,EarnestEspressos,Sze-Yong Ng,4009604
2026-07-15T02:02:43.028092,2026-07-15T02:02:43.033428+00:00,75.5,17,ask,EarnestEspressos,Dinh Nguyen,4009609
2026-07-15T02:02:43.028092,2026-07-15T02:02:43.033428+00:00,75.5,5,ask,Sebastian Baldwin,Dinh Nguyen,4009610
2026-07-15T02:02:43.514510,2026-07-15T02:02:43.516622+00:00,75.2,12,ask,DiligentDonuts,Gourab Sharma,4009618
2026-07-15T02:02:43.551396,2026-07-15T02:02:43.559679+00:00,75.2,2,ask,DiligentDonuts,Dinh Nguyen,4009619
2026-07-15T02:02:44.074636,2026-07-15T02:02:44.090558+00:00,75.4,10,bid,Xuanyu Liu,Lam Anh Pham,4009638
2026-07-15T02:02:44.529647,2026-07-15T02:02:44.535456+00:00,75.3,11,bid,Xuanyu Liu,EarnestEspressos,4009643
2026-07-15T02:02:44.627888,2026-07-15T02:02:44.633144+00:00,75.3,13,bid,Sze-Yong Ng,EarnestEspressos,4009646
2026-07-15T02:02:45.396764,2026-07-15T02:02:45.400980+00:00,75.3,3,bid,Xuanyu Liu,EarnestEspressos,4009659
2026-07-15T02:02:45.399409,2026-07-15T02:02:45.412091+00:00,75.3,12,bid,Peter Chen,EarnestEspressos,4009660
2026-07-15T02:02:45.420814,2026-07-15T02:02:45.423157+00:00,75.3,40,bid,Andy Garg,EarnestEspressos,4009664
2026-07-15T02:02:45.423876,2026-07-15T02:02:45.434424+00:00,75.3,35,bid,Gourab Sharma,EarnestEspressos,4009665
2026-07-15T02:02:45.431402,2026-07-15T02:02:45.434424+00:00,75.3,36,bid,Andy Garg,EarnestEspressos,4009667
2026-07-15T02:02:45.431402,2026-07-15T02:02:45.445450+00:00,75.3,4,bid,Andy Garg,Sebastian Baldwin,4009668
2026-07-15T02:02:45.441603,2026-07-15T02:02:45.445450+00:00,75.3,1,bid,Gourab Sharma,Sebastian Baldwin,4009670
2026-07-15T02:02:45.455462,2026-07-15T02:02:45.467203+00:00,75.4,5,bid,Sze-Yong Ng,Yinxuan Li,4009673
2026-07-15T02:02:45.569822,2026-07-15T02:02:45.573464+00:00,75.5,40,bid,Andy Garg,DiligentDonuts,4009677
2026-07-15T02:02:46.701623,2026-07-15T02:02:46.703888+00:00,75.2,12,ask,Zhangyue Shen,CostlyCorianders,4009696
2026-07-15T02:02:46.701623,2026-07-15T02:02:46.714481+00:00,75.2,10,ask,Lam Anh Pham,CostlyCorianders,4009697
2026-07-15T02:02:46.701623,2026-07-15T02:02:46.714481+00:00,75.2,5,ask,Sebastian Baldwin,CostlyCorianders,4009698
2026-07-15T02:02:46.701623,2026-07-15T02:02:46.714481+00:00,75.1,13,ask,Andy Garg,CostlyCorianders,4009699
2026-07-15T02:02:47.285818,2026-07-15T02:02:47.290220+00:00,75.3,40,bid,FlawlessFlatbreads,Andy Garg,4009708
2026-07-15T02:02:47.285818,2026-07-15T02:02:47.290220+00:00,75.4,10,bid,FlawlessFlatbreads,Lam Anh Pham,4009709
2026-07-15T02:02:47.662503,2026-07-15T02:02:47.675337+00:00,75.3,48,ask,EarnestEspressos,CostlyCorianders,4009715
2026-07-15T02:02:48.031769,2026-07-15T02:02:48.039451+00:00,75.4,10,bid,Gourab Sharma,Zhangyue Shen,4009728
2026-07-15T02:02:48.031769,2026-07-15T02:02:48.039451+00:00,75.4,5,bid,Gourab Sharma,Sebastian Baldwin,4009729
2026-07-15T02:02:48.082220,2026-07-15T02:02:48.092659+00:00,75.5,56,bid,Sze-Yong Ng,DiligentDonuts,4009732
2026-07-15T02:02:48.532683,2026-07-15T02:02:48.542872+00:00,75.6,30,ask,DiligentDonuts,Gourab Sharma,4009747
2026-07-15T02:02:49.349406,2026-07-15T02:02:49.352697+00:00,75.6,3,ask,DiligentDonuts,Xuanyu Liu,4009762
2026-07-15T02:02:49.364722,2026-07-15T02:02:49.374326+00:00,75.6,12,ask,DiligentDonuts,Peter Chen,4009763
2026-07-15T02:02:49.379622,2026-07-15T02:02:49.385197+00:00,75.6,42,ask,DiligentDonuts,Sze-Yong Ng,4009765
2026-07-15T02:02:49.392729,2026-07-15T02:02:49.396125+00:00,75.6,13,ask,DiligentDonuts,Andy Garg,4009766
2026-07-15T02:02:49.392729,2026-07-15T02:02:49.407023+00:00,75.6,5,ask,Sebastian Baldwin,Andy Garg,4009767
2026-07-15T02:02:49.398142,2026-07-15T02:02:49.407023+00:00,75.7,2,bid,FlawlessFlatbreads,Zhangyue Shen,4009768
2026-07-15T02:02:49.398142,2026-07-15T02:02:49.407023+00:00,75.7,5,bid,FlawlessFlatbreads,Sebastian Baldwin,4009769
2026-07-15T02:02:49.398142,2026-07-15T02:02:49.407023+00:00,75.8,43,bid,FlawlessFlatbreads,EarnestEspressos,4009770
2026-07-15T02:02:50.255340,2026-07-15T02:02:50.264730+00:00,75.6,10,bid,CostlyCorianders,Lam Anh Pham,4009783
2026-07-15T02:02:50.255340,2026-07-15T02:02:50.264730+00:00,75.6,5,bid,CostlyCorianders,Sebastian Baldwin,4009784
2026-07-15T02:02:50.255340,2026-07-15T02:02:50.264730+00:00,75.7,30,bid,CostlyCorianders,Andy Garg,4009785
2026-07-15T02:02:50.826858,2026-07-15T02:02:50.835723+00:00,75.6,5,ask,EarnestEspressos,Gourab Sharma,4009791
2026-07-15T02:02:52.017264,2026-07-15T02:02:52.026349+00:00,75.6,16,ask,EarnestEspressos,Gourab Sharma,4009820
2026-07-15T02:02:52.562427,2026-07-15T02:02:52.564858+00:00,75.6,45,ask,EarnestEspressos,CostlyCorianders,4009834
2026-07-15T02:02:52.891138,2026-07-15T02:02:52.895061+00:00,75.6,25,ask,EarnestEspressos,Dinh Nguyen,4009837
2026-07-15T02:02:52.983291,2026-07-15T02:02:52.991582+00:00,75.6,5,ask,EarnestEspressos,Sebastian Baldwin,4009838
2026-07-15T02:02:53.110828,2026-07-15T02:02:53.115825+00:00,75.6,11,ask,EarnestEspressos,Xuanyu Liu,4009841
2026-07-15T02:02:53.242961,2026-07-15T02:02:53.250339+00:00,75.6,19,ask,EarnestEspressos,Sze-Yong Ng,4009847
2026-07-15T02:02:53.662615,2026-07-15T02:02:53.675253+00:00,75.6,24,ask,EarnestEspressos,FlawlessFlatbreads,4009856
2026-07-15T02:02:53.662615,2026-07-15T02:02:53.675253+00:00,75.6,5,ask,Sebastian Baldwin,FlawlessFlatbreads,4009857
2026-07-15T02:02:53.662615,2026-07-15T02:02:53.675253+00:00,75.4,12,ask,Zhangyue Shen,FlawlessFlatbreads,4009858
2026-07-15T02:02:53.662615,2026-07-15T02:02:53.675253+00:00,75.4,9,ask,Lam Anh Pham,FlawlessFlatbreads,4009859
2026-07-15T02:02:54.036513,2026-07-15T02:02:54.040867+00:00,75.6,11,bid,Xuanyu Liu,EarnestEspressos,4009866
2026-07-15T02:02:55.773887,2026-07-15T02:02:55.781079+00:00,75.3,50,ask,DiligentDonuts,FlawlessFlatbreads,4009896
2026-07-15T02:02:56.548912,2026-07-15T02:02:56.560396+00:00,75.4,5,bid,CostlyCorianders,Sebastian Baldwin,4009909
2026-07-15T02:02:56.548912,2026-07-15T02:02:56.560396+00:00,75.5,10,bid,CostlyCorianders,Lam Anh Pham,4009910
2026-07-15T02:02:56.548912,2026-07-15T02:02:56.560396+00:00,75.6,26,bid,CostlyCorianders,EarnestEspressos,4009911
2026-07-15T02:02:57.033337,2026-07-15T02:02:57.038033+00:00,75.6,45,bid,CostlyCorianders,EarnestEspressos,4009918
2026-07-15T02:02:57.639773,2026-07-15T02:02:57.644390+00:00,75.3,44,ask,DiligentDonuts,CostlyCorianders,4009924
2026-07-15T02:02:57.782186,2026-07-15T02:02:57.786878+00:00,75.3,5,ask,Sebastian Baldwin,DiligentDonuts,4009926
2026-07-15T02:02:57.782186,2026-07-15T02:02:57.786878+00:00,75.2,95,ask,EarnestEspressos,DiligentDonuts,4009927
2026-07-15T02:02:59.061816,2026-07-15T02:02:59.068008+00:00,75.2,46,ask,EarnestEspressos,CostlyCorianders,4009952
2026-07-15T02:02:59.994261,2026-07-15T02:02:59.997154+00:00,75.2,9,ask,EarnestEspressos,FlawlessFlatbreads,4009962
2026-07-15T02:02:59.994261,2026-07-15T02:03:00.007731+00:00,75.2,5,ask,Sebastian Baldwin,FlawlessFlatbreads,4009963
2026-07-15T02:02:59.994261,2026-07-15T02:03:00.007731+00:00,75.1,12,ask,Zhangyue Shen,FlawlessFlatbreads,4009964
2026-07-15T02:03:00.364048,2026-07-15T02:03:00.368016+00:00,75.0,10,ask,Lam Anh Pham,EarnestEspressos,4009974
2026-07-15T02:03:00.364048,2026-07-15T02:03:00.368016+00:00,75.0,40,ask,Andy Garg,EarnestEspressos,4009975
2026-07-15T02:03:00.364048,2026-07-15T02:03:00.390309+00:00,75.0,5,ask,Sebastian Baldwin,EarnestEspressos,4009976
2026-07-15T02:03:00.385687,2026-07-15T02:03:00.390309+00:00,75.0,3,bid,Xuanyu Liu,EarnestEspressos,4009978
2026-07-15T02:03:00.390987,2026-07-15T02:03:00.401078+00:00,75.0,22,bid,Peter Chen,EarnestEspressos,4009979
2026-07-15T02:03:00.451671,2026-07-15T02:03:00.454061+00:00,75.0,22,bid,Peter Chen,EarnestEspressos,4009982
2026-07-15T02:03:00.503104,2026-07-15T02:03:00.507441+00:00,75.0,2,bid,Lam Anh Pham,EarnestEspressos,4009986
2026-07-15T02:03:00.511722,2026-07-15T02:03:00.518117+00:00,75.0,22,bid,Peter Chen,EarnestEspressos,4009987
2026-07-15T02:03:00.515359,2026-07-15T02:03:00.518117+00:00,75.0,24,bid,Sze-Yong Ng,EarnestEspressos,4009988
2026-07-15T02:03:02.659635,2026-07-15T02:03:02.663314+00:00,75.4,12,bid,CostlyCorianders,Zhangyue Shen,4010014
2026-07-15T02:03:02.659635,2026-07-15T02:03:02.673929+00:00,75.4,36,bid,CostlyCorianders,DiligentDonuts,4010015
2026-07-15T02:03:03.160811,2026-07-15T02:03:03.172426+00:00,75.0,5,ask,Sebastian Baldwin,CostlyCorianders,4010023
2026-07-15T02:03:03.160811,2026-07-15T02:03:03.172426+00:00,75.0,10,ask,Lam Anh Pham,CostlyCorianders,4010024
2026-07-15T02:03:03.160811,2026-07-15T02:03:03.172426+00:00,74.9,33,ask,DiligentDonuts,CostlyCorianders,4010025
2026-07-15T02:03:04.214261,2026-07-15T02:03:04.219063+00:00,75.2,12,ask,Zhangyue Shen,FlawlessFlatbreads,4010036
2026-07-15T02:03:04.214261,2026-07-15T02:03:04.219063+00:00,75.1,38,ask,Andy Garg,FlawlessFlatbreads,4010037
2026-07-15T02:03:06.272742,2026-07-15T02:03:06.282968+00:00,75.5,50,bid,FlawlessFlatbreads,EarnestEspressos,4010075
2026-07-15T02:03:06.643758,2026-07-15T02:03:06.652313+00:00,75.5,5,bid,EarnestEspressos,Sebastian Baldwin,4010079
2026-07-15T02:03:06.643758,2026-07-15T02:03:06.652313+00:00,75.5,5,bid,EarnestEspressos,Yinxuan Li,4010080
2026-07-15T02:03:08.436358,2026-07-15T02:03:08.443046+00:00,75.5,50,ask,EarnestEspressos,FlawlessFlatbreads,4010104
2026-07-15T02:03:09.123639,2026-07-15T02:03:09.130975+00:00,75.6,37,bid,Sze-Yong Ng,Andy Garg,4010111
2026-07-15T02:03:10.543156,2026-07-15T02:03:10.552179+00:00,75.5,12,ask,Zhangyue Shen,FlawlessFlatbreads,4010140
2026-07-15T02:03:10.543156,2026-07-15T02:03:10.552179+00:00,75.5,38,ask,EarnestEspressos,FlawlessFlatbreads,4010141
2026-07-15T02:03:12.653868,2026-07-15T02:03:12.665445+00:00,75.5,50,ask,EarnestEspressos,FlawlessFlatbreads,4010179
2026-07-15T02:03:13.031393,2026-07-15T02:03:13.035994+00:00,75.5,5,ask,Sebastian Baldwin,EarnestEspressos,4010186
2026-07-15T02:03:14.544036,2026-07-15T02:03:14.553717+00:00,75.5,41,bid,CostlyCorianders,EarnestEspressos,4010205
2026-07-15T02:03:14.710510,2026-07-15T02:03:14.722579+00:00,75.5,50,bid,FlawlessFlatbreads,EarnestEspressos,4010207
2026-07-15T02:03:15.591319,2026-07-15T02:03:15.598190+00:00,75.4,10,ask,Lam Anh Pham,CostlyCorianders,4010214
2026-07-15T02:03:15.591319,2026-07-15T02:03:15.598190+00:00,75.4,5,ask,Sebastian Baldwin,CostlyCorianders,4010215
2026-07-15T02:03:16.818086,2026-07-15T02:03:16.827374+00:00,75.7,12,bid,FlawlessFlatbreads,Zhangyue Shen,4010234
2026-07-15T02:03:16.818086,2026-07-15T02:03:16.827374+00:00,75.7,5,bid,FlawlessFlatbreads,Sebastian Baldwin,4010235
2026-07-15T02:03:16.818086,2026-07-15T02:03:16.827374+00:00,75.8,33,bid,FlawlessFlatbreads,Andy Garg,4010236
2026-07-15T02:03:18.929312,2026-07-15T02:03:18.932017+00:00,75.8,50,bid,FlawlessFlatbreads,DiligentDonuts,4010271
2026-07-15T02:03:19.648052,2026-07-15T02:03:19.657315+00:00,75.8,49,bid,CostlyCorianders,DiligentDonuts,4010281
2026-07-15T02:03:21.036314,2026-07-15T02:03:21.049103+00:00,75.8,5,bid,FlawlessFlatbreads,Sebastian Baldwin,4010307
2026-07-15T02:03:21.036314,2026-07-15T02:03:21.049103+00:00,75.9,12,bid,FlawlessFlatbreads,Zhangyue Shen,4010308
2026-07-15T02:03:21.036314,2026-07-15T02:03:21.049103+00:00,76.0,33,bid,FlawlessFlatbreads,EarnestEspressos,4010309
2026-07-15T02:03:22.188773,2026-07-15T02:03:22.193529+00:00,75.7,3,ask,DiligentDonuts,Xuanyu Liu,4010328
2026-07-15T02:03:22.213535,2026-07-15T02:03:22.216042+00:00,75.7,53,ask,DiligentDonuts,Peter Chen,4010329
2026-07-15T02:03:22.255401,2026-07-15T02:03:22.260138+00:00,75.7,42,ask,DiligentDonuts,Sze-Yong Ng,4010331
2026-07-15T02:03:22.271098,2026-07-15T02:03:22.282170+00:00,75.7,2,ask,DiligentDonuts,Peter Chen,4010332
2026-07-15T02:03:22.271098,2026-07-15T02:03:22.282170+00:00,75.7,5,ask,Sebastian Baldwin,Peter Chen,4010333
2026-07-15T02:03:23.202706,2026-07-15T02:03:23.214005+00:00,75.5,12,ask,Zhangyue Shen,FlawlessFlatbreads,4010347
2026-07-15T02:03:23.202706,2026-07-15T02:03:23.214005+00:00,75.5,38,ask,EarnestEspressos,FlawlessFlatbreads,4010348
2026-07-15T02:03:23.225251,2026-07-15T02:03:23.235301+00:00,75.7,10,bid,CostlyCorianders,Lam Anh Pham,4010349
2026-07-15T02:03:23.225251,2026-07-15T02:03:23.235301+00:00,75.7,5,bid,CostlyCorianders,Sebastian Baldwin,4010350
2026-07-15T02:03:25.260149,2026-07-15T02:03:25.270697+00:00,75.8,12,bid,FlawlessFlatbreads,Zhangyue Shen,4010390
2026-07-15T02:03:25.260149,2026-07-15T02:03:25.270697+00:00,75.8,38,bid,FlawlessFlatbreads,DiligentDonuts,4010391
2026-07-15T02:03:26.442688,2026-07-15T02:03:26.454356+00:00,75.6,40,ask,Andy Garg,CostlyCorianders,4010413
2026-07-15T02:03:26.442688,2026-07-15T02:03:26.454356+00:00,75.6,7,ask,DiligentDonuts,CostlyCorianders,4010414
2026-07-15T02:03:26.998854,2026-07-15T02:03:27.002671+00:00,75.6,42,ask,DiligentDonuts,CostlyCorianders,4010421
2026-07-15T02:03:27.370224,2026-07-15T02:03:27.373263+00:00,75.8,5,bid,FlawlessFlatbreads,Yinxuan Li,4010425
2026-07-15T02:03:27.370224,2026-07-15T02:03:27.383971+00:00,75.8,5,bid,FlawlessFlatbreads,Sebastian Baldwin,4010426
2026-07-15T02:03:27.370224,2026-07-15T02:03:27.383971+00:00,75.9,12,bid,FlawlessFlatbreads,Zhangyue Shen,4010427
2026-07-15T02:03:27.370224,2026-07-15T02:03:27.383971+00:00,76.0,28,bid,FlawlessFlatbreads,EarnestEspressos,4010428
2026-07-15T02:03:29.487063,2026-07-15T02:03:29.496192+00:00,76.0,10,bid,FlawlessFlatbreads,Lam Anh Pham,4010457
2026-07-15T02:03:29.487063,2026-07-15T02:03:29.496192+00:00,76.0,40,bid,FlawlessFlatbreads,Andy Garg,4010458
2026-07-15T02:03:30.645489,2026-07-15T02:03:30.657352+00:00,75.8,6,ask,EarnestEspressos,Peter Chen,4010483
2026-07-15T02:03:30.951465,2026-07-15T02:03:30.963524+00:00,75.8,5,ask,EarnestEspressos,Sebastian Baldwin,4010488
2026-07-15T02:03:31.626265,2026-07-15T02:03:31.631684+00:00,75.8,25,ask,EarnestEspressos,Dinh Nguyen,4010494
2026-07-15T02:03:31.648172,2026-07-15T02:03:31.652802+00:00,75.8,50,ask,EarnestEspressos,FlawlessFlatbreads,4010495
2026-07-15T02:03:33.771412,2026-07-15T02:03:33.774565+00:00,75.6,12,ask,Zhangyue Shen,FlawlessFlatbreads,4010538
2026-07-15T02:03:33.771412,2026-07-15T02:03:33.785181+00:00,75.6,5,ask,Sebastian Baldwin,FlawlessFlatbreads,4010539
2026-07-15T02:03:33.771412,2026-07-15T02:03:33.785181+00:00,75.5,33,ask,Andy Garg,FlawlessFlatbreads,4010540
2026-07-15T02:03:35.882104,2026-07-15T02:03:35.886464+00:00,75.4,12,ask,Zhangyue Shen,FlawlessFlatbreads,4010572
2026-07-15T02:03:35.882104,2026-07-15T02:03:35.897262+00:00,75.4,5,ask,Sebastian Baldwin,FlawlessFlatbreads,4010573
2026-07-15T02:03:35.882104,2026-07-15T02:03:35.897262+00:00,75.4,10,ask,Lam Anh Pham,FlawlessFlatbreads,4010574
2026-07-15T02:03:35.882104,2026-07-15T02:03:35.897262+00:00,75.3,23,ask,Andy Garg,FlawlessFlatbreads,4010575
2026-07-15T02:03:36.233242,2026-07-15T02:03:36.237594+00:00,75.6,40,bid,CostlyCorianders,EarnestEspressos,4010583
2026-07-15T02:03:36.692971,2026-07-15T02:03:36.696362+00:00,75.6,42,bid,Sze-Yong Ng,EarnestEspressos,4010592
2026-07-15T02:03:37.916459,2026-07-15T02:03:37.921770+00:00,75.6,61,bid,Sze-Yong Ng,EarnestEspressos,4010608
2026-07-15T02:03:37.925468,2026-07-15T02:03:37.932831+00:00,75.6,7,bid,Peter Chen,EarnestEspressos,4010610
2026-07-15T02:03:37.925468,2026-07-15T02:03:37.932831+00:00,75.6,5,bid,Peter Chen,Sebastian Baldwin,4010611
2026-07-15T02:03:37.937198,2026-07-15T02:03:37.943946+00:00,75.7,12,bid,Andy Garg,Zhangyue Shen,4010612
2026-07-15T02:03:37.994056,2026-07-15T02:03:37.998126+00:00,75.4,5,ask,Sebastian Baldwin,FlawlessFlatbreads,4010614
2026-07-15T02:03:37.994056,2026-07-15T02:03:37.998126+00:00,75.3,45,ask,DiligentDonuts,FlawlessFlatbreads,4010615
2026-07-15T02:03:38.281281,2026-07-15T02:03:38.283703+00:00,75.8,10,bid,EarnestEspressos,Lam Anh Pham,4010616
2026-07-15T02:03:38.281281,2026-07-15T02:03:38.294243+00:00,75.8,100,bid,EarnestEspressos,DiligentDonuts,4010617
2026-07-15T02:03:38.281281,2026-07-15T02:03:38.294243+00:00,75.8,40,bid,EarnestEspressos,Andy Garg,4010618
2026-07-15T02:03:40.103046,2026-07-15T02:03:40.108106+00:00,75.5,50,ask,DiligentDonuts,FlawlessFlatbreads,4010647
2026-07-15T02:03:41.349108,2026-07-15T02:03:41.361778+00:00,75.8,40,bid,CostlyCorianders,Andy Garg,4010673
2026-07-15T02:03:41.349108,2026-07-15T02:03:41.361778+00:00,75.8,9,bid,CostlyCorianders,Lam Anh Pham,4010674
2026-07-15T02:03:41.406399,2026-07-15T02:03:41.414796+00:00,75.5,43,ask,DiligentDonuts,CostlyCorianders,4010675
2026-07-15T02:03:41.870604,2026-07-15T02:03:41.881847+00:00,75.5,7,ask,DiligentDonuts,CostlyCorianders,4010687
2026-07-15T02:03:41.870604,2026-07-15T02:03:41.881847+00:00,75.5,12,ask,Zhangyue Shen,CostlyCorianders,4010688
2026-07-15T02:03:41.870604,2026-07-15T02:03:41.881847+00:00,75.5,5,ask,Sebastian Baldwin,CostlyCorianders,4010689
2026-07-15T02:03:41.870604,2026-07-15T02:03:41.881847+00:00,75.4,10,ask,Lam Anh Pham,CostlyCorianders,4010690
2026-07-15T02:03:42.213339,2026-07-15T02:03:42.221733+00:00,75.4,40,ask,Andy Garg,FlawlessFlatbreads,4010705
2026-07-15T02:03:42.213339,2026-07-15T02:03:42.221733+00:00,75.3,10,ask,Zhangyue Shen,FlawlessFlatbreads,4010706
2026-07-15T02:03:42.833146,2026-07-15T02:03:42.845243+00:00,75.7,1,bid,Lam Anh Pham,EarnestEspressos,4010715
2026-07-15T02:03:43.183308,2026-07-15T02:03:43.185431+00:00,75.4,10,ask,Lam Anh Pham,Sze-Yong Ng,4010722
2026-07-15T02:03:43.267835,2026-07-15T02:03:43.271154+00:00,75.3,3,ask,Zhangyue Shen,Sebastian Baldwin,4010724
2026-07-15T02:03:44.297220,2026-07-15T02:03:44.308348+00:00,75.3,3,ask,Zhangyue Shen,Sebastian Baldwin,4010733
2026-07-15T02:03:44.321434,2026-07-15T02:03:44.329508+00:00,75.3,6,ask,Zhangyue Shen,FlawlessFlatbreads,4010734
2026-07-15T02:03:44.321434,2026-07-15T02:03:44.329508+00:00,75.3,5,ask,Sebastian Baldwin,FlawlessFlatbreads,4010735
2026-07-15T02:03:44.321434,2026-07-15T02:03:44.329508+00:00,75.2,39,ask,EarnestEspressos,FlawlessFlatbreads,4010736
2026-07-15T02:03:44.498562,2026-07-15T02:03:44.510070+00:00,75.5,10,bid,CostlyCorianders,Lam Anh Pham,4010739
2026-07-15T02:03:44.498562,2026-07-15T02:03:44.510070+00:00,75.5,5,bid,CostlyCorianders,Sebastian Baldwin,4010740
2026-07-15T02:03:44.498562,2026-07-15T02:03:44.510070+00:00,75.6,12,bid,CostlyCorianders,Zhangyue Shen,4010741
2026-07-15T02:03:44.498562,2026-07-15T02:03:44.510070+00:00,75.6,19,bid,CostlyCorianders,Andy Garg,4010742
2026-07-15T02:03:44.672169,2026-07-15T02:03:44.678501+00:00,75.4,3,bid,Xuanyu Liu,EarnestEspressos,4010747
2026-07-15T02:03:45.092225,2026-07-15T02:03:45.103323+00:00,75.4,41,bid,CostlyCorianders,EarnestEspressos,4010756
2026-07-15T02:03:45.319788,2026-07-15T02:03:45.330038+00:00,75.4,3,bid,Sebastian Baldwin,EarnestEspressos,4010759
2026-07-15T02:03:46.439370,2026-07-15T02:03:46.441836+00:00,75.3,40,ask,Andy Garg,FlawlessFlatbreads,4010775
2026-07-15T02:03:46.439370,2026-07-15T02:03:46.452784+00:00,75.3,5,ask,Sebastian Baldwin,FlawlessFlatbreads,4010776
2026-07-15T02:03:46.439370,2026-07-15T02:03:46.452784+00:00,75.2,5,ask,Lam Anh Pham,FlawlessFlatbreads,4010777
2026-07-15T02:03:48.548156,2026-07-15T02:03:48.555154+00:00,75.2,5,ask,Sebastian Baldwin,FlawlessFlatbreads,4010816
2026-07-15T02:03:48.548156,2026-07-15T02:03:48.555154+00:00,75.1,45,ask,EarnestEspressos,FlawlessFlatbreads,4010817
2026-07-15T02:03:50.658087,2026-07-15T02:03:50.666473+00:00,75.1,50,ask,EarnestEspressos,FlawlessFlatbreads,4010839
2026-07-15T02:03:50.995846,2026-07-15T02:03:51.001718+00:00,75.1,12,ask,Zhangyue Shen,EarnestEspressos,4010844
2026-07-15T02:03:50.995846,2026-07-15T02:03:51.001718+00:00,75.1,5,ask,Sebastian Baldwin,EarnestEspressos,4010845
2026-07-15T02:03:50.995846,2026-07-15T02:03:51.001718+00:00,75.0,100,ask,DiligentDonuts,EarnestEspressos,4010846
2026-07-15T02:03:50.995846,2026-07-15T02:03:51.012822+00:00,75.0,10,ask,Lam Anh Pham,EarnestEspressos,4010847
2026-07-15T02:03:51.010054,2026-07-15T02:03:51.012822+00:00,75.0,23,bid,Peter Chen,EarnestEspressos,4010848
2026-07-15T02:03:51.141909,2026-07-15T02:03:51.155175+00:00,75.4,5,bid,Andy Garg,Sebastian Baldwin,4010855
2026-07-15T02:03:51.592893,2026-07-15T02:03:51.605088+00:00,75.1,10,ask,Lam Anh Pham,DiligentDonuts,4010866
2026-07-15T02:03:51.620492,2026-07-15T02:03:51.627213+00:00,75.1,90,bid,Peter Chen,DiligentDonuts,4010867
2026-07-15T02:03:52.764920,2026-07-15T02:03:52.775683+00:00,75.1,11,ask,Zhangyue Shen,FlawlessFlatbreads,4010887
2026-07-15T02:03:52.764920,2026-07-15T02:03:52.775683+00:00,75.1,5,ask,Sebastian Baldwin,FlawlessFlatbreads,4010888
2026-07-15T02:03:52.764920,2026-07-15T02:03:52.775683+00:00,75.0,10,ask,Lam Anh Pham,FlawlessFlatbreads,4010889
2026-07-15T02:03:52.764920,2026-07-15T02:03:52.775683+00:00,74.9,24,ask,Andy Garg,FlawlessFlatbreads,4010890
2026-07-15T02:03:54.878752,2026-07-15T02:03:54.891119+00:00,75.0,50,ask,EarnestEspressos,FlawlessFlatbreads,4010929
2026-07-15T02:03:56.406817,2026-07-15T02:03:56.409435+00:00,75.0,20,ask,EarnestEspressos,Andy Garg,4010960
2026-07-15T02:03:56.984803,2026-07-15T02:03:56.995985+00:00,75.0,50,ask,EarnestEspressos,FlawlessFlatbreads,4010972
2026-07-15T02:03:57.389271,2026-07-15T02:03:57.394766+00:00,75.1,31,bid,Peter Chen,EarnestEspressos,4010974
2026-07-15T02:03:57.449081,2026-07-15T02:03:57.458820+00:00,75.1,31,bid,Peter Chen,EarnestEspressos,4010976
2026-07-15T02:03:57.510051,2026-07-15T02:03:57.511988+00:00,75.1,13,bid,Peter Chen,EarnestEspressos,4010979
2026-07-15T02:03:57.644933,2026-07-15T02:03:57.651268+00:00,75.1,75,bid,Gourab Sharma,EarnestEspressos,4010982
2026-07-15T02:03:57.663877,2026-07-15T02:03:57.672686+00:00,75.2,30,bid,Gourab Sharma,DiligentDonuts,4010986
2026-07-15T02:03:58.166222,2026-07-15T02:03:58.179160+00:00,75.2,2,bid,Dinh Nguyen,Sebastian Baldwin,4010999
2026-07-15T02:03:58.841322,2026-07-15T02:03:58.851443+00:00,75.1,12,ask,Zhangyue Shen,CostlyCorianders,4011011
2026-07-15T02:03:58.841322,2026-07-15T02:03:58.851443+00:00,75.1,5,ask,Sebastian Baldwin,CostlyCorianders,4011012
2026-07-15T02:03:58.841322,2026-07-15T02:03:58.851443+00:00,75.0,10,ask,Lam Anh Pham,CostlyCorianders,4011013
2026-07-15T02:03:58.841322,2026-07-15T02:03:58.851443+00:00,75.0,18,ask,Andy Garg,CostlyCorianders,4011014
2026-07-15T02:03:59.104228,2026-07-15T02:03:59.112643+00:00,75.0,12,ask,Zhangyue Shen,FlawlessFlatbreads,4011019
2026-07-15T02:03:59.104228,2026-07-15T02:03:59.112643+00:00,74.9,38,ask,DiligentDonuts,FlawlessFlatbreads,4011020
2026-07-15T02:03:59.194237,2026-07-15T02:03:59.201305+00:00,75.3,1,bid,Lam Anh Pham,Gourab Sharma,4011028
2026-07-15T02:03:59.968901,2026-07-15T02:03:59.978667+00:00,74.9,46,ask,DiligentDonuts,CostlyCorianders,4011042
2026-07-15T02:04:00.597618,2026-07-15T02:04:00.608673+00:00,75.2,51,ask,EarnestEspressos,Sze-Yong Ng,4011061
2026-07-15T02:04:00.605245,2026-07-15T02:04:00.608673+00:00,75.3,29,bid,CostlyCorianders,Gourab Sharma,4011062
2026-07-15T02:04:00.605245,2026-07-15T02:04:00.619693+00:00,75.3,12,bid,CostlyCorianders,Zhangyue Shen,4011063
2026-07-15T02:04:00.605245,2026-07-15T02:04:00.619693+00:00,75.3,5,bid,CostlyCorianders,Sebastian Baldwin,4011064
2026-07-15T02:04:00.605245,2026-07-15T02:04:00.619693+00:00,75.3,1,bid,CostlyCorianders,Andy Garg,4011065
2026-07-15T02:04:00.772977,2026-07-15T02:04:00.783983+00:00,75.2,3,ask,EarnestEspressos,Sebastian Baldwin,4011071
2026-07-15T02:04:01.078689,2026-07-15T02:04:01.086527+00:00,75.2,96,ask,EarnestEspressos,DiligentDonuts,4011072
2026-07-15T02:04:01.078689,2026-07-15T02:04:01.086527+00:00,75.2,4,ask,Sebastian Baldwin,DiligentDonuts,4011073
2026-07-15T02:04:01.211972,2026-07-15T02:04:01.216249+00:00,75.2,1,ask,Sebastian Baldwin,FlawlessFlatbreads,4011075
2026-07-15T02:04:01.211972,2026-07-15T02:04:01.227167+00:00,74.8,40,ask,Andy Garg,FlawlessFlatbreads,4011076
2026-07-15T02:04:01.211972,2026-07-15T02:04:01.227167+00:00,74.6,9,ask,DiligentDonuts,FlawlessFlatbreads,4011077
2026-07-15T02:04:01.542859,2026-07-15T02:04:01.553466+00:00,74.8,12,ask,Zhangyue Shen,CostlyCorianders,4011082
2026-07-15T02:04:03.099217,2026-07-15T02:04:03.113525+00:00,75.2,2,bid,Dinh Nguyen,Gourab Sharma,4011120
2026-07-15T02:04:03.322214,2026-07-15T02:04:03.330714+00:00,75.1,30,ask,Gourab Sharma,FlawlessFlatbreads,4011126
2026-07-15T02:04:03.322214,2026-07-15T02:04:03.330714+00:00,75.1,5,ask,Sebastian Baldwin,FlawlessFlatbreads,4011127
2026-07-15T02:04:03.322214,2026-07-15T02:04:03.330714+00:00,75.1,12,ask,Zhangyue Shen,FlawlessFlatbreads,4011128
2026-07-15T02:04:03.322214,2026-07-15T02:04:03.330714+00:00,74.8,3,ask,Andy Garg,FlawlessFlatbreads,4011129
2026-07-15T02:04:03.647654,2026-07-15T02:04:03.657989+00:00,75.2,28,bid,CostlyCorianders,Gourab Sharma,4011134
2026-07-15T02:04:03.647654,2026-07-15T02:04:03.657989+00:00,75.2,5,bid,CostlyCorianders,Sebastian Baldwin,4011135
2026-07-15T02:04:03.647654,2026-07-15T02:04:03.657989+00:00,75.3,7,bid,CostlyCorianders,Andy Garg,4011136
2026-07-15T02:04:04.334222,2026-07-15T02:04:04.338631+00:00,75.1,2,bid,Dinh Nguyen,Andy Garg,4011149
2026-07-15T02:04:04.677066,2026-07-15T02:04:04.685496+00:00,75.1,38,bid,CostlyCorianders,Andy Garg,4011156
2026-07-15T02:04:04.731407,2026-07-15T02:04:04.740580+00:00,74.9,49,ask,DiligentDonuts,CostlyCorianders,4011158
2026-07-15T02:04:05.359769,2026-07-15T02:04:05.370832+00:00,75.2,40,bid,CostlyCorianders,EarnestEspressos,4011177
2026-07-15T02:04:05.435018,2026-07-15T02:04:05.446930+00:00,74.9,50,ask,DiligentDonuts,FlawlessFlatbreads,4011180
2026-07-15T02:04:06.917507,2026-07-15T02:04:06.926613+00:00,75.1,3,bid,Sebastian Baldwin,EarnestEspressos,4011204
2026-07-15T02:04:07.565971,2026-07-15T02:04:07.570082+00:00,75.0,10,ask,Lam Anh Pham,FlawlessFlatbreads,4011219
2026-07-15T02:04:07.565971,2026-07-15T02:04:07.580973+00:00,74.9,10,ask,Zhangyue Shen,FlawlessFlatbreads,4011220
2026-07-15T02:04:07.565971,2026-07-15T02:04:07.580973+00:00,74.9,5,ask,Sebastian Baldwin,FlawlessFlatbreads,4011221
2026-07-15T02:04:07.565971,2026-07-15T02:04:07.580973+00:00,74.8,25,ask,Andy Garg,FlawlessFlatbreads,4011222
2026-07-15T02:04:08.055172,2026-07-15T02:04:08.063706+00:00,75.1,2,bid,Dinh Nguyen,EarnestEspressos,4011229
2026-07-15T02:04:08.891071,2026-07-15T02:04:08.896404+00:00,74.9,10,ask,Lam Anh Pham,CostlyCorianders,4011246
2026-07-15T02:04:08.891071,2026-07-15T02:04:08.896404+00:00,74.8,5,ask,Sebastian Baldwin,CostlyCorianders,4011247
2026-07-15T02:04:08.891071,2026-07-15T02:04:08.907052+00:00,74.8,30,ask,Gourab Sharma,CostlyCorianders,4011248
2026-07-15T02:04:08.891071,2026-07-15T02:04:08.907052+00:00,74.8,2,ask,Zhangyue Shen,CostlyCorianders,4011249
2026-07-15T02:04:09.286202,2026-07-15T02:04:09.291717+00:00,75.0,2,bid,Dinh Nguyen,Gourab Sharma,4011253
2026-07-15T02:04:09.421614,2026-07-15T02:04:09.431557+00:00,75.0,5,bid,Gourab Sharma,Sebastian Baldwin,4011258
2026-07-15T02:04:09.444588,2026-07-15T02:04:09.453124+00:00,75.1,13,bid,Gourab Sharma,EarnestEspressos,4011261
2026-07-15T02:04:09.518545,2026-07-15T02:04:09.528538+00:00,75.1,38,bid,Sze-Yong Ng,EarnestEspressos,4011264
2026-07-15T02:04:09.678081,2026-07-15T02:04:09.680404+00:00,74.9,37,ask,Andy Garg,FlawlessFlatbreads,4011268
2026-07-15T02:04:09.678081,2026-07-15T02:04:09.691313+00:00,74.9,12,ask,Zhangyue Shen,FlawlessFlatbreads,4011269
2026-07-15T02:04:09.678081,2026-07-15T02:04:09.691313+00:00,74.8,1,ask,Sebastian Baldwin,FlawlessFlatbreads,4011270
2026-07-15T02:04:09.808250,2026-07-15T02:04:09.810819+00:00,75.1,25,bid,Yinxuan Li,EarnestEspressos,4011275
2026-07-15T02:04:09.944582,2026-07-15T02:04:09.950747+00:00,75.1,100,bid,EarnestEspressos,DiligentDonuts,4011278
2026-07-15T02:04:10.511332,2026-07-15T02:04:10.519803+00:00,75.2,2,bid,Dinh Nguyen,Yinxuan Li,4011284
2026-07-15T02:04:10.730954,2026-07-15T02:04:10.738316+00:00,75.1,38,ask,EarnestEspressos,Sze-Yong Ng,4011288
2026-07-15T02:04:10.736876,2026-07-15T02:04:10.749454+00:00,75.1,12,ask,EarnestEspressos,Andy Garg,4011289
2026-07-15T02:04:10.736876,2026-07-15T02:04:10.749454+00:00,75.1,5,ask,Sebastian Baldwin,Andy Garg,4011290
2026-07-15T02:04:10.920081,2026-07-15T02:04:10.924630+00:00,75.1,40,bid,CostlyCorianders,Andy Garg,4011294
2026-07-15T02:04:10.920081,2026-07-15T02:04:10.924630+00:00,75.1,9,bid,CostlyCorianders,Zhangyue Shen,4011295
2026-07-15T02:04:11.810023,2026-07-15T02:04:11.822629+00:00,75.0,50,ask,DiligentDonuts,FlawlessFlatbreads,4011308
2026-07-15T02:04:12.035856,2026-07-15T02:04:12.039451+00:00,75.1,3,bid,Sze-Yong Ng,Zhangyue Shen,4011313
2026-07-15T02:04:12.035856,2026-07-15T02:04:12.039451+00:00,75.1,5,bid,Sze-Yong Ng,Sebastian Baldwin,4011314
2026-07-15T02:04:12.953198,2026-07-15T02:04:12.958117+00:00,75.2,1,bid,Dinh Nguyen,Yinxuan Li,4011332
2026-07-15T02:04:13.164431,2026-07-15T02:04:13.174904+00:00,75.0,50,ask,DiligentDonuts,EarnestEspressos,4011339
2026-07-15T02:04:13.164431,2026-07-15T02:04:13.174904+00:00,75.0,10,ask,Lam Anh Pham,EarnestEspressos,4011340
2026-07-15T02:04:13.164431,2026-07-15T02:04:13.174904+00:00,75.0,12,ask,Zhangyue Shen,EarnestEspressos,4011341
2026-07-15T02:04:13.164431,2026-07-15T02:04:13.174904+00:00,75.0,5,ask,Sebastian Baldwin,EarnestEspressos,4011342
2026-07-15T02:04:13.192608,2026-07-15T02:04:13.196560+00:00,75.0,27,bid,Gourab Sharma,EarnestEspressos,4011343
2026-07-15T02:04:13.208560,2026-07-15T02:04:13.218276+00:00,75.0,10,bid,Yiu  Chan,EarnestEspressos,4011346
2026-07-15T02:04:13.266647,2026-07-15T02:04:13.272571+00:00,75.0,36,bid,Sze-Yong Ng,EarnestEspressos,4011347
2026-07-15T02:04:13.917817,2026-07-15T02:04:13.926579+00:00,74.8,40,ask,Andy Garg,FlawlessFlatbreads,4011360
2026-07-15T02:04:13.917817,2026-07-15T02:04:13.926579+00:00,74.7,10,ask,Zhangyue Shen,FlawlessFlatbreads,4011361
2026-07-15T02:04:13.988592,2026-07-15T02:04:13.991473+00:00,75.1,30,bid,Gourab Sharma,DiligentDonuts,4011364
2026-07-15T02:04:14.316102,2026-07-15T02:04:14.327534+00:00,74.8,3,ask,Zhangyue Shen,CostlyCorianders,4011368
2026-07-15T02:04:14.316102,2026-07-15T02:04:14.327534+00:00,74.7,5,ask,Sebastian Baldwin,CostlyCorianders,4011369
2026-07-15T02:04:14.316102,2026-07-15T02:04:14.327534+00:00,74.6,40,ask,DiligentDonuts,CostlyCorianders,4011370
2026-07-15T02:04:16.051913,2026-07-15T02:04:16.064586+00:00,74.8,10,ask,Lam Anh Pham,FlawlessFlatbreads,4011400
2026-07-15T02:04:16.051913,2026-07-15T02:04:16.064586+00:00,74.8,5,ask,Sebastian Baldwin,FlawlessFlatbreads,4011401
2026-07-15T02:04:16.051913,2026-07-15T02:04:16.064586+00:00,74.6,35,ask,DiligentDonuts,FlawlessFlatbreads,4011402
2026-07-15T02:04:16.456383,2026-07-15T02:04:16.458764+00:00,75.0,43,ask,EarnestEspressos,CostlyCorianders,4011407
2026-07-15T02:04:16.883563,2026-07-15T02:04:16.892126+00:00,75.0,100,ask,EarnestEspressos,DiligentDonuts,4011415
2026-07-15T02:04:18.161317,2026-07-15T02:04:18.172697+00:00,75.0,7,ask,EarnestEspressos,FlawlessFlatbreads,4011437
2026-07-15T02:04:18.161317,2026-07-15T02:04:18.172697+00:00,75.0,10,ask,Lam Anh Pham,FlawlessFlatbreads,4011438
2026-07-15T02:04:18.161317,2026-07-15T02:04:18.172697+00:00,75.0,5,ask,Sebastian Baldwin,FlawlessFlatbreads,4011439
2026-07-15T02:04:18.161317,2026-07-15T02:04:18.172697+00:00,74.7,17,ask,Andy Garg,FlawlessFlatbreads,4011440
2026-07-15T02:04:18.161317,2026-07-15T02:04:18.172697+00:00,74.4,11,ask,DiligentDonuts,FlawlessFlatbreads,4011441
2026-07-15T02:04:18.992968,2026-07-15T02:04:19.001797+00:00,75.1,5,bid,CostlyCorianders,Sebastian Baldwin,4011459
2026-07-15T02:04:18.992968,2026-07-15T02:04:19.001797+00:00,75.1,12,bid,CostlyCorianders,Zhangyue Shen,4011460
2026-07-15T02:04:18.992968,2026-07-15T02:04:19.001797+00:00,75.1,31,bid,CostlyCorianders,Andy Garg,4011461
2026-07-15T02:04:19.493773,2026-07-15T02:04:19.502988+00:00,75.0,22,ask,Gourab Sharma,EarnestEspressos,4011469
2026-07-15T02:04:19.493773,2026-07-15T02:04:19.502988+00:00,75.0,5,ask,Sebastian Baldwin,EarnestEspressos,4011470
2026-07-15T02:04:19.493773,2026-07-15T02:04:19.502988+00:00,74.8,10,ask,Lam Anh Pham,EarnestEspressos,4011471
2026-07-15T02:04:19.505878,2026-07-15T02:04:19.513994+00:00,74.8,17,bid,Sze-Yong Ng,EarnestEspressos,4011472
2026-07-15T02:04:19.908251,2026-07-15T02:04:19.914374+00:00,74.8,3,bid,Xuanyu Liu,EarnestEspressos,4011481
2026-07-15T02:04:19.918769,2026-07-15T02:04:19.925444+00:00,74.8,5,bid,Andy Garg,EarnestEspressos,4011482
2026-07-15T02:04:20.035090,2026-07-15T02:04:20.044538+00:00,74.8,10,bid,Yiu  Chan,EarnestEspressos,4011488
2026-07-15T02:04:20.037865,2026-07-15T02:04:20.044538+00:00,74.8,25,bid,Dinh Nguyen,EarnestEspressos,4011489
2026-07-15T02:04:20.050124,2026-07-15T02:04:20.055250+00:00,74.8,13,bid,Sze-Yong Ng,EarnestEspressos,4011490
2026-07-15T02:04:20.276733,2026-07-15T02:04:20.282217+00:00,74.7,10,ask,Lam Anh Pham,FlawlessFlatbreads,4011497
2026-07-15T02:04:20.276733,2026-07-15T02:04:20.282217+00:00,74.7,26,ask,Andy Garg,FlawlessFlatbreads,4011498
2026-07-15T02:04:20.276733,2026-07-15T02:04:20.282217+00:00,74.7,14,ask,DiligentDonuts,FlawlessFlatbreads,4011499
2026-07-15T02:04:20.295121,2026-07-15T02:04:20.303683+00:00,74.8,10,bid,Sebastian Baldwin,EarnestEspressos,4011501
2026-07-15T02:04:20.297923,2026-07-15T02:04:20.303683+00:00,74.8,25,bid,Yinxuan Li,EarnestEspressos,4011502
2026-07-15T02:04:20.324094,2026-07-15T02:04:20.335910+00:00,74.8,3,bid,Zhangyue Shen,Sebastian Baldwin,4011504
2026-07-15T02:04:20.583490,2026-07-15T02:04:20.594611+00:00,74.8,2,bid,Zhangyue Shen,EarnestEspressos,4011509
2026-07-15T02:04:20.583490,2026-07-15T02:04:20.594611+00:00,74.8,1,bid,Zhangyue Shen,Sebastian Baldwin,4011510
2026-07-15T02:04:20.869637,2026-07-15T02:04:20.875703+00:00,74.8,3,bid,Zhangyue Shen,EarnestEspressos,4011513
2026-07-15T02:04:21.248638,2026-07-15T02:04:21.251157+00:00,74.7,30,ask,DiligentDonuts,Yiu  Chan,4011523
2026-07-15T02:04:21.419745,2026-07-15T02:04:21.423840+00:00,75.0,40,bid,CostlyCorianders,Andy Garg,4011524
2026-07-15T02:04:21.419745,2026-07-15T02:04:21.434766+00:00,75.0,2,bid,CostlyCorianders,Sebastian Baldwin,4011525
2026-07-15T02:04:22.553329,2026-07-15T02:04:22.557638+00:00,74.8,3,ask,Lam Anh Pham,Xuanyu Liu,4011546
2026-07-15T02:04:23.613199,2026-07-15T02:04:23.617725+00:00,74.8,7,ask,Lam Anh Pham,CostlyCorianders,4011557
2026-07-15T02:04:23.613199,2026-07-15T02:04:23.617725+00:00,74.8,37,ask,EarnestEspressos,CostlyCorianders,4011558
2026-07-15T02:04:23.865737,2026-07-15T02:04:23.878194+00:00,74.9,10,bid,Yiu  Chan,DiligentDonuts,4011566
2026-07-15T02:04:24.138592,2026-07-15T02:04:24.148384+00:00,74.9,44,bid,CostlyCorianders,DiligentDonuts,4011571
2026-07-15T02:04:24.413359,2026-07-15T02:04:24.415758+00:00,74.9,5,bid,Sebastian Baldwin,DiligentDonuts,4011573
2026-07-15T02:04:24.439186,2026-07-15T02:04:24.448210+00:00,74.9,41,bid,FlawlessFlatbreads,DiligentDonuts,4011574
2026-07-15T02:04:24.439186,2026-07-15T02:04:24.448210+00:00,75.0,9,bid,FlawlessFlatbreads,Zhangyue Shen,4011575
2026-07-15T02:04:25.040174,2026-07-15T02:04:25.052737+00:00,75.0,2,bid,Dinh Nguyen,Zhangyue Shen,4011585
2026-07-15T02:04:25.285759,2026-07-15T02:04:25.291116+00:00,74.9,10,ask,Lam Anh Pham,Sze-Yong Ng,4011594
2026-07-15T02:04:27.529268,2026-07-15T02:04:27.540494+00:00,74.9,2,bid,Dinh Nguyen,Zhangyue Shen,4011612
2026-07-15T02:04:28.679931,2026-07-15T02:04:28.684421+00:00,74.9,10,bid,FlawlessFlatbreads,Zhangyue Shen,4011630
2026-07-15T02:04:28.679931,2026-07-15T02:04:28.684421+00:00,74.9,5,bid,FlawlessFlatbreads,Sebastian Baldwin,4011631
2026-07-15T02:04:28.679931,2026-07-15T02:04:28.695467+00:00,75.1,35,bid,FlawlessFlatbreads,Andy Garg,4011632
2026-07-15T02:04:28.786177,2026-07-15T02:04:28.796016+00:00,75.1,2,bid,Dinh Nguyen,Lam Anh Pham,4011636
2026-07-15T02:04:29.725156,2026-07-15T02:04:29.734223+00:00,74.8,10,ask,Lam Anh Pham,CostlyCorianders,4011649
2026-07-15T02:04:29.725156,2026-07-15T02:04:29.734223+00:00,74.8,5,ask,Sebastian Baldwin,CostlyCorianders,4011650
2026-07-15T02:04:29.725156,2026-07-15T02:04:29.734223+00:00,74.7,12,ask,Zhangyue Shen,CostlyCorianders,4011651
2026-07-15T02:04:29.725156,2026-07-15T02:04:29.734223+00:00,74.7,13,ask,EarnestEspressos,CostlyCorianders,4011652
2026-07-15T02:04:30.338865,2026-07-15T02:04:30.343585+00:00,75.1,12,bid,CostlyCorianders,Zhangyue Shen,4011662
2026-07-15T02:04:30.338865,2026-07-15T02:04:30.343585+00:00,75.1,5,bid,CostlyCorianders,Sebastian Baldwin,4011663
2026-07-15T02:04:30.811664,2026-07-15T02:04:30.816137+00:00,75.2,2,bid,FlawlessFlatbreads,Yinxuan Li,4011675
2026-07-15T02:04:30.811664,2026-07-15T02:04:30.827237+00:00,75.2,48,bid,FlawlessFlatbreads,EarnestEspressos,4011676
2026-07-15T02:04:34.455201,2026-07-15T02:04:34.463916+00:00,75.0,3,ask,EarnestEspressos,Sze-Yong Ng,4011725
2026-07-15T02:04:34.477024,2026-07-15T02:04:34.486045+00:00,75.0,40,ask,EarnestEspressos,CostlyCorianders,4011726
2026-07-15T02:04:35.032763,2026-07-15T02:04:35.041895+00:00,75.1,12,bid,FlawlessFlatbreads,Zhangyue Shen,4011737
2026-07-15T02:04:35.032763,2026-07-15T02:04:35.041895+00:00,75.2,5,bid,FlawlessFlatbreads,Sebastian Baldwin,4011738
2026-07-15T02:04:35.032763,2026-07-15T02:04:35.041895+00:00,75.3,10,bid,FlawlessFlatbreads,Lam Anh Pham,4011739
2026-07-15T02:04:35.032763,2026-07-15T02:04:35.041895+00:00,75.3,23,bid,FlawlessFlatbreads,Andy Garg,4011740
2026-07-15T02:04:37.143418,2026-07-15T02:04:37.154334+00:00,75.3,50,bid,FlawlessFlatbreads,EarnestEspressos,4011771
2026-07-15T02:04:37.557971,2026-07-15T02:04:37.566421+00:00,75.0,40,ask,Andy Garg,CostlyCorianders,4011776
2026-07-15T02:04:37.557971,2026-07-15T02:04:37.566421+00:00,75.0,6,ask,Lam Anh Pham,CostlyCorianders,4011777
2026-07-15T02:04:41.440003,2026-07-15T02:04:41.445095+00:00,75.2,50,ask,EarnestEspressos,FlawlessFlatbreads,4011828
2026-07-15T02:04:42.972560,2026-07-15T02:04:42.977112+00:00,75.3,3,bid,Sebastian Baldwin,Zhangyue Shen,4011844
2026-07-15T02:04:43.495279,2026-07-15T02:04:43.501328+00:00,75.3,9,bid,FlawlessFlatbreads,Zhangyue Shen,4011852
2026-07-15T02:04:43.495279,2026-07-15T02:04:43.501328+00:00,75.3,5,bid,FlawlessFlatbreads,Sebastian Baldwin,4011853
2026-07-15T02:04:43.495279,2026-07-15T02:04:43.501328+00:00,75.5,36,bid,FlawlessFlatbreads,EarnestEspressos,4011854
2026-07-15T02:04:44.836833,2026-07-15T02:04:44.841101+00:00,75.3,3,ask,EarnestEspressos,Xuanyu Liu,4011877
2026-07-15T02:04:44.855232,2026-07-15T02:04:44.863189+00:00,75.3,28,ask,EarnestEspressos,Peter Chen,4011878
2026-07-15T02:04:44.913749,2026-07-15T02:04:44.917517+00:00,75.3,28,ask,EarnestEspressos,Peter Chen,4011881
2026-07-15T02:04:44.920356,2026-07-15T02:04:44.928749+00:00,75.3,40,ask,EarnestEspressos,Andy Garg,4011883
2026-07-15T02:04:44.945329,2026-07-15T02:04:44.950906+00:00,75.3,2,ask,EarnestEspressos,Lam Anh Pham,4011885
2026-07-15T02:04:44.947975,2026-07-15T02:04:44.950906+00:00,75.3,49,ask,EarnestEspressos,Sze-Yong Ng,4011886
2026-07-15T02:04:45.206039,2026-07-15T02:04:45.210421+00:00,75.4,40,bid,CostlyCorianders,Andy Garg,4011895
2026-07-15T02:04:45.206039,2026-07-15T02:04:45.210421+00:00,75.4,5,bid,FlawlessFlatbreads,Sebastian Baldwin,4011896
2026-07-15T02:04:45.606917,2026-07-15T02:04:45.618438+00:00,75.4,5,bid,CostlyCorianders,Lam Anh Pham,4011902
2026-07-15T02:04:45.606917,2026-07-15T02:04:45.618438+00:00,75.4,45,bid,FlawlessFlatbreads,DiligentDonuts,4011903
2026-07-15T02:04:46.145739,2026-07-15T02:04:46.150376+00:00,75.4,3,bid,Xuanyu Liu,DiligentDonuts,4011916
2026-07-15T02:04:46.749268,2026-07-15T02:04:46.754311+00:00,75.3,40,ask,Andy Garg,CostlyCorianders,4011929
2026-07-15T02:04:47.074635,2026-07-15T02:04:47.083667+00:00,75.4,3,bid,Sebastian Baldwin,DiligentDonuts,4011934
2026-07-15T02:04:47.741916,2026-07-15T02:04:47.749088+00:00,75.4,49,bid,FlawlessFlatbreads,DiligentDonuts,4011945
2026-07-15T02:04:47.741916,2026-07-15T02:04:47.749088+00:00,75.4,1,bid,FlawlessFlatbreads,Sebastian Baldwin,4011946
2026-07-15T02:04:47.963901,2026-07-15T02:04:47.975854+00:00,75.2,10,ask,Lam Anh Pham,EarnestEspressos,4011947
2026-07-15T02:04:47.963901,2026-07-15T02:04:47.975854+00:00,75.2,40,ask,Andy Garg,EarnestEspressos,4011948
2026-07-15T02:04:47.963901,2026-07-15T02:04:47.975854+00:00,75.2,12,ask,Zhangyue Shen,EarnestEspressos,4011949
2026-07-15T02:04:47.963901,2026-07-15T02:04:47.975854+00:00,75.2,5,ask,Sebastian Baldwin,EarnestEspressos,4011950
2026-07-15T02:04:47.977096,2026-07-15T02:04:47.987023+00:00,75.2,56,bid,Peter Chen,EarnestEspressos,4011951
2026-07-15T02:04:47.980559,2026-07-15T02:04:47.987023+00:00,75.2,27,bid,Sze-Yong Ng,EarnestEspressos,4011952
2026-07-15T02:04:48.486403,2026-07-15T02:04:48.490689+00:00,75.5,12,bid,DiligentDonuts,Zhangyue Shen,4011963
2026-07-15T02:04:48.486403,2026-07-15T02:04:48.490689+00:00,75.5,5,bid,DiligentDonuts,Sebastian Baldwin,4011964
2026-07-15T02:04:48.578794,2026-07-15T02:04:48.586906+00:00,75.5,39,ask,DiligentDonuts,Sze-Yong Ng,4011965
2026-07-15T02:04:48.740253,2026-07-15T02:04:48.748630+00:00,75.5,25,ask,DiligentDonuts,Peter Chen,4011974
2026-07-15T02:04:48.743857,2026-07-15T02:04:48.748630+00:00,75.5,3,ask,DiligentDonuts,Xuanyu Liu,4011975
2026-07-15T02:04:48.775787,2026-07-15T02:04:48.781272+00:00,75.5,16,ask,DiligentDonuts,Sze-Yong Ng,4011982
2026-07-15T02:04:48.868255,2026-07-15T02:04:48.879092+00:00,75.6,10,bid,CostlyCorianders,Lam Anh Pham,4011986
2026-07-15T02:04:48.868255,2026-07-15T02:04:48.879092+00:00,75.6,36,bid,CostlyCorianders,Andy Garg,4011987
2026-07-15T02:04:49.902349,2026-07-15T02:04:49.906114+00:00,75.4,10,ask,Lam Anh Pham,FlawlessFlatbreads,4012006
2026-07-15T02:04:49.902349,2026-07-15T02:04:49.916774+00:00,75.4,5,ask,Sebastian Baldwin,FlawlessFlatbreads,4012007
2026-07-15T02:04:51.152524,2026-07-15T02:04:51.154387+00:00,75.4,1,bid,Lam Anh Pham,Zhangyue Shen,4012026
2026-07-15T02:04:51.323334,2026-07-15T02:04:51.326294+00:00,75.4,11,bid,CostlyCorianders,Zhangyue Shen,4012031
2026-07-15T02:04:51.323334,2026-07-15T02:04:51.336946+00:00,75.4,5,bid,CostlyCorianders,Sebastian Baldwin,4012032
2026-07-15T02:04:51.323334,2026-07-15T02:04:51.336946+00:00,75.5,10,bid,CostlyCorianders,Lam Anh Pham,4012033
2026-07-15T02:04:51.323334,2026-07-15T02:04:51.336946+00:00,75.6,18,bid,CostlyCorianders,Andy Garg,4012034
2026-07-15T02:04:51.382383,2026-07-15T02:04:51.390475+00:00,75.2,43,ask,EarnestEspressos,CostlyCorianders,4012035
2026-07-15T02:04:52.011986,2026-07-15T02:04:52.019943+00:00,75.2,50,ask,EarnestEspressos,FlawlessFlatbreads,4012043
2026-07-15T02:04:52.332782,2026-07-15T02:04:52.334826+00:00,75.2,43,ask,EarnestEspressos,CostlyCorianders,4012053
2026-07-15T02:04:52.934799,2026-07-15T02:04:52.937745+00:00,75.4,10,bid,CostlyCorianders,Lam Anh Pham,4012065
2026-07-15T02:04:52.934799,2026-07-15T02:04:52.948368+00:00,75.4,5,bid,CostlyCorianders,Sebastian Baldwin,4012066
2026-07-15T02:04:52.934799,2026-07-15T02:04:52.948368+00:00,75.4,12,bid,CostlyCorianders,Zhangyue Shen,4012067
2026-07-15T02:04:52.934799,2026-07-15T02:04:52.948368+00:00,75.4,16,bid,CostlyCorianders,Andy Garg,4012068
2026-07-15T02:04:53.187248,2026-07-15T02:04:53.195194+00:00,75.2,1,ask,EarnestEspressos,Lam Anh Pham,4012074
2026-07-15T02:04:53.455533,2026-07-15T02:04:53.466431+00:00,75.2,13,ask,EarnestEspressos,CostlyCorianders,4012075
2026-07-15T02:04:53.455533,2026-07-15T02:04:53.466431+00:00,75.2,5,ask,Sebastian Baldwin,CostlyCorianders,4012076
2026-07-15T02:04:53.455533,2026-07-15T02:04:53.466431+00:00,75.0,31,ask,DiligentDonuts,CostlyCorianders,4012077
2026-07-15T02:04:54.299410,2026-07-15T02:04:54.302068+00:00,75.0,69,ask,DiligentDonuts,EarnestEspressos,4012094
2026-07-15T02:04:54.299410,2026-07-15T02:04:54.318531+00:00,75.0,10,ask,Lam Anh Pham,EarnestEspressos,4012095
2026-07-15T02:04:54.299410,2026-07-15T02:04:54.318531+00:00,75.0,12,ask,Zhangyue Shen,EarnestEspressos,4012096
2026-07-15T02:04:54.299410,2026-07-15T02:04:54.318531+00:00,75.0,40,ask,Andy Garg,EarnestEspressos,4012097
2026-07-15T02:04:54.314232,2026-07-15T02:04:54.318531+00:00,74.9,3,bid,Xuanyu Liu,EarnestEspressos,4012098
2026-07-15T02:04:54.319955,2026-07-15T02:04:54.329647+00:00,74.9,16,bid,Peter Chen,EarnestEspressos,4012099
2026-07-15T02:04:54.931354,2026-07-15T02:04:54.933438+00:00,75.1,16,bid,Sze-Yong Ng,DiligentDonuts,4012107
2026-07-15T02:04:56.226859,2026-07-15T02:04:56.229895+00:00,75.0,11,ask,Zhangyue Shen,FlawlessFlatbreads,4012126
2026-07-15T02:04:56.226859,2026-07-15T02:04:56.240775+00:00,75.0,10,ask,Lam Anh Pham,FlawlessFlatbreads,4012127
2026-07-15T02:04:56.226859,2026-07-15T02:04:56.240775+00:00,75.0,5,ask,Sebastian Baldwin,FlawlessFlatbreads,4012128
2026-07-15T02:04:56.226859,2026-07-15T02:04:56.240775+00:00,74.9,24,ask,Andy Garg,FlawlessFlatbreads,4012129
2026-07-15T02:04:58.340545,2026-07-15T02:04:58.347182+00:00,75.0,50,ask,EarnestEspressos,FlawlessFlatbreads,4012160
2026-07-15T02:04:59.089616,2026-07-15T02:04:59.100940+00:00,75.1,6,bid,Peter Chen,DiligentDonuts,4012179
2026-07-15T02:04:59.144748,2026-07-15T02:04:59.155626+00:00,75.1,38,bid,Sze-Yong Ng,DiligentDonuts,4012183
2026-07-15T02:04:59.495937,2026-07-15T02:04:59.499549+00:00,75.1,5,bid,Sebastian Baldwin,DiligentDonuts,4012191
2026-07-15T02:05:00.008219,2026-07-15T02:05:00.014545+00:00,75.1,25,bid,Dinh Nguyen,DiligentDonuts,4012201
2026-07-15T02:05:00.239194,2026-07-15T02:05:00.250311+00:00,75.1,13,bid,Yinxuan Li,DiligentDonuts,4012205
2026-07-15T02:05:00.396080,2026-07-15T02:05:00.398474+00:00,75.1,13,bid,FlawlessFlatbreads,DiligentDonuts,4012206
2026-07-15T02:05:00.396080,2026-07-15T02:05:00.409050+00:00,75.1,5,bid,FlawlessFlatbreads,Sebastian Baldwin,4012207
2026-07-15T02:05:01.551375,2026-07-15T02:05:01.557027+00:00,75.4,3,bid,Sebastian Baldwin,EarnestEspressos,4012230
2026-07-15T02:05:02.043469,2026-07-15T02:05:02.046744+00:00,75.2,10,ask,Lam Anh Pham,Sze-Yong Ng,4012239
2026-07-15T02:05:02.043469,2026-07-15T02:05:02.057475+00:00,75.2,28,ask,DiligentDonuts,Sze-Yong Ng,4012240
2026-07-15T02:05:02.143031,2026-07-15T02:05:02.153593+00:00,75.3,40,bid,CostlyCorianders,Andy Garg,4012244
2026-07-15T02:05:02.143031,2026-07-15T02:05:02.153593+00:00,75.4,7,bid,CostlyCorianders,EarnestEspressos,4012245
2026-07-15T02:05:02.568906,2026-07-15T02:05:02.575758+00:00,75.2,50,ask,DiligentDonuts,FlawlessFlatbreads,4012253
2026-07-15T02:05:02.748665,2026-07-15T02:05:02.752637+00:00,75.2,22,ask,DiligentDonuts,CostlyCorianders,4012258
2026-07-15T02:05:02.748665,2026-07-15T02:05:02.752637+00:00,75.2,5,ask,Sebastian Baldwin,CostlyCorianders,4012259
2026-07-15T02:05:02.748665,2026-07-15T02:05:02.763505+00:00,75.0,3,ask,Lam Anh Pham,CostlyCorianders,4012260
2026-07-15T02:05:02.748665,2026-07-15T02:05:02.763505+00:00,75.0,10,ask,Zhangyue Shen,CostlyCorianders,4012261
2026-07-15T02:05:04.626578,2026-07-15T02:05:04.634499+00:00,75.1,50,bid,FlawlessFlatbreads,DiligentDonuts,4012292
2026-07-15T02:05:04.714910,2026-07-15T02:05:04.721774+00:00,75.1,43,bid,CostlyCorianders,DiligentDonuts,4012295
2026-07-15T02:05:05.893066,2026-07-15T02:05:05.905244+00:00,75.1,7,bid,Sze-Yong Ng,DiligentDonuts,4012313
2026-07-15T02:05:05.893066,2026-07-15T02:05:05.905244+00:00,75.1,5,bid,Sze-Yong Ng,Sebastian Baldwin,4012314
2026-07-15T02:05:06.734483,2026-07-15T02:05:06.738492+00:00,75.3,12,bid,FlawlessFlatbreads,Zhangyue Shen,4012331
2026-07-15T02:05:06.734483,2026-07-15T02:05:06.738492+00:00,75.4,38,bid,FlawlessFlatbreads,EarnestEspressos,4012332
