timestamp,recv_time,price,volume,aggressor_side,buyer,seller,trade_id
2026-07-06T00:00:01.022217,2026-07-06T00:00:01.033172+00:00,169.5,12,ask,EarnestEspressos,Xuanyu Liu,8901260
2026-07-06T00:00:01.899798,2026-07-06T00:00:01.907808+00:00,169.5,50,ask,EarnestEspressos,FlawlessFlatbreads,8901270
2026-07-06T00:00:02.211366,2026-07-06T00:00:02.221534+00:00,169.5,11,ask,EarnestEspressos,Xuanyu Liu,8901276
2026-07-06T00:00:03.412460,2026-07-06T00:00:03.421188+00:00,169.5,11,ask,EarnestEspressos,Xuanyu Liu,8901292
2026-07-06T00:00:04.007842,2026-07-06T00:00:04.019764+00:00,169.5,50,ask,DiligentDonuts,FlawlessFlatbreads,8901299
2026-07-06T00:00:04.100213,2026-07-06T00:00:04.112094+00:00,169.5,50,ask,DiligentDonuts,EarnestEspressos,8901302
2026-07-06T00:00:06.116324,2026-07-06T00:00:06.128349+00:00,169.0,50,ask,EarnestEspressos,FlawlessFlatbreads,8901323
2026-07-06T00:00:08.236131,2026-07-06T00:00:08.248131+00:00,169.0,50,ask,EarnestEspressos,FlawlessFlatbreads,8901356
2026-07-06T00:00:10.344379,2026-07-06T00:00:10.358560+00:00,169.0,50,ask,DiligentDonuts,FlawlessFlatbreads,8901378
2026-07-06T00:00:12.090505,2026-07-06T00:00:12.098799+00:00,169.4,22,bid,Xuanyu Liu,EarnestEspressos,8901402
2026-07-06T00:00:12.453626,2026-07-06T00:00:12.465487+00:00,168.9,50,ask,EarnestEspressos,FlawlessFlatbreads,8901409
2026-07-06T00:00:12.613427,2026-07-06T00:00:12.625142+00:00,169.4,46,bid,CostlyCorianders,EarnestEspressos,8901411
2026-07-06T00:00:14.560565,2026-07-06T00:00:14.572300+00:00,168.9,50,ask,EarnestEspressos,FlawlessFlatbreads,8901439
2026-07-06T00:00:16.676203,2026-07-06T00:00:16.684375+00:00,168.9,50,ask,DiligentDonuts,FlawlessFlatbreads,8901472
2026-07-06T00:00:18.782099,2026-07-06T00:00:18.792780+00:00,168.7,50,ask,EarnestEspressos,FlawlessFlatbreads,8901497
2026-07-06T00:00:19.692289,2026-07-06T00:00:19.706147+00:00,169.2,12,bid,Xuanyu Liu,EarnestEspressos,8901507
2026-07-06T00:00:20.388551,2026-07-06T00:00:20.400092+00:00,168.7,40,ask,EarnestEspressos,CostlyCorianders,8901518
2026-07-06T00:00:20.903257,2026-07-06T00:00:20.913198+00:00,168.7,50,ask,EarnestEspressos,FlawlessFlatbreads,8901528
2026-07-06T00:00:21.288960,2026-07-06T00:00:21.297105+00:00,169.2,11,bid,Xuanyu Liu,EarnestEspressos,8901532
2026-07-06T00:00:21.987191,2026-07-06T00:00:21.993976+00:00,168.7,47,ask,EarnestEspressos,CostlyCorianders,8901540
2026-07-06T00:00:23.009327,2026-07-06T00:00:23.021370+00:00,168.7,50,ask,DiligentDonuts,EarnestEspressos,8901556
2026-07-06T00:00:23.078809,2026-07-06T00:00:23.088714+00:00,168.7,50,ask,DiligentDonuts,FlawlessFlatbreads,8901559
2026-07-06T00:00:23.089945,2026-07-06T00:00:23.099626+00:00,168.6,26,bid,CostlyCorianders,EarnestEspressos,8901560
2026-07-06T00:00:23.153632,2026-07-06T00:00:23.165612+00:00,168.6,48,bid,CostlyCorianders,EarnestEspressos,8901563
2026-07-06T00:00:23.716303,2026-07-06T00:00:23.727787+00:00,168.6,26,bid,Xuanyu Liu,EarnestEspressos,8901568
2026-07-06T00:00:23.716303,2026-07-06T00:00:23.727787+00:00,169.0,18,bid,CostlyCorianders,DiligentDonuts,8901569
2026-07-06T00:00:24.248338,2026-07-06T00:00:24.260155+00:00,168.5,41,ask,DiligentDonuts,CostlyCorianders,8901582
2026-07-06T00:00:25.139949,2026-07-06T00:00:25.158599+00:00,168.5,50,ask,DiligentDonuts,FlawlessFlatbreads,8901588
2026-07-06T00:00:26.691044,2026-07-06T00:00:26.700432+00:00,168.8,100,ask,EarnestEspressos,DiligentDonuts,8901609
2026-07-06T00:00:27.195072,2026-07-06T00:00:27.207274+00:00,169.3,50,bid,FlawlessFlatbreads,EarnestEspressos,8901616
2026-07-06T00:00:29.449255,2026-07-06T00:00:29.463838+00:00,168.7,45,ask,EarnestEspressos,CostlyCorianders,8901646
2026-07-06T00:00:31.412723,2026-07-06T00:00:31.424498+00:00,169.2,50,bid,FlawlessFlatbreads,EarnestEspressos,8901674
2026-07-06T00:00:33.254097,2026-07-06T00:00:33.266022+00:00,169.0,40,bid,CostlyCorianders,EarnestEspressos,8901690
2026-07-06T00:00:33.571748,2026-07-06T00:00:33.583791+00:00,168.6,50,ask,DiligentDonuts,FlawlessFlatbreads,8901696
2026-07-06T00:00:36.798290,2026-07-06T00:00:36.810418+00:00,168.9,49,ask,EarnestEspressos,CostlyCorianders,8901733
2026-07-06T00:00:37.734486,2026-07-06T00:00:37.739428+00:00,169.0,50,bid,FlawlessFlatbreads,DiligentDonuts,8901749
2026-07-06T00:00:39.841214,2026-07-06T00:00:39.858613+00:00,169.0,50,bid,FlawlessFlatbreads,EarnestEspressos,8901775
2026-07-06T00:00:42.004520,2026-07-06T00:00:42.014151+00:00,168.8,50,ask,EarnestEspressos,FlawlessFlatbreads,8901797
2026-07-06T00:00:43.655480,2026-07-06T00:00:43.664186+00:00,169.2,46,bid,CostlyCorianders,DiligentDonuts,8901813
2026-07-06T00:00:44.111926,2026-07-06T00:00:44.123670+00:00,168.8,50,ask,EarnestEspressos,FlawlessFlatbreads,8901821
2026-07-06T00:00:44.296132,2026-07-06T00:00:44.304777+00:00,169.2,40,bid,CostlyCorianders,DiligentDonuts,8901824
2026-07-06T00:00:45.608537,2026-07-06T00:00:45.620557+00:00,168.9,100,bid,DiligentDonuts,EarnestEspressos,8901833
2026-07-06T00:00:45.800593,2026-07-06T00:00:45.812612+00:00,168.9,43,bid,CostlyCorianders,EarnestEspressos,8901837
2026-07-06T00:00:46.219916,2026-07-06T00:00:46.231569+00:00,168.4,50,ask,EarnestEspressos,FlawlessFlatbreads,8901842
2026-07-06T00:00:46.365768,2026-07-06T00:00:46.377347+00:00,168.4,41,ask,EarnestEspressos,CostlyCorianders,8901848
2026-07-06T00:00:50.255664,2026-07-06T00:00:50.267534+00:00,168.9,41,ask,EarnestEspressos,CostlyCorianders,8901898
2026-07-06T00:00:51.407389,2026-07-06T00:00:51.418144+00:00,168.9,40,ask,EarnestEspressos,CostlyCorianders,8901909
2026-07-06T00:00:51.557116,2026-07-06T00:00:51.563796+00:00,168.9,100,ask,DiligentDonuts,EarnestEspressos,8901914
2026-07-06T00:00:52.484737,2026-07-06T00:00:52.496781+00:00,168.7,50,bid,FlawlessFlatbreads,EarnestEspressos,8901927
2026-07-06T00:00:52.972725,2026-07-06T00:00:52.980449+00:00,169.0,40,bid,CostlyCorianders,DiligentDonuts,8901935
2026-07-06T00:00:54.592556,2026-07-06T00:00:54.600913+00:00,169.0,50,bid,FlawlessFlatbreads,DiligentDonuts,8901956
2026-07-06T00:00:54.668063,2026-07-06T00:00:54.675753+00:00,169.0,10,bid,EarnestEspressos,DiligentDonuts,8901959
2026-07-06T00:00:55.459749,2026-07-06T00:00:55.468718+00:00,169.0,3,ask,EarnestEspressos,Xuanyu Liu,8901971
2026-07-06T00:00:56.700409,2026-07-06T00:00:56.712099+00:00,169.3,50,bid,FlawlessFlatbreads,DiligentDonuts,8901984
2026-07-06T00:00:56.709855,2026-07-06T00:00:56.717573+00:00,169.0,41,ask,EarnestEspressos,CostlyCorianders,8901985
2026-07-06T00:00:58.726070,2026-07-06T00:00:58.738057+00:00,169.1,48,bid,CostlyCorianders,EarnestEspressos,8902008
2026-07-06T00:00:58.820558,2026-07-06T00:00:58.832564+00:00,169.1,50,bid,FlawlessFlatbreads,EarnestEspressos,8902012
2026-07-06T00:01:00.751395,2026-07-06T00:01:00.754244+00:00,168.8,44,ask,DiligentDonuts,CostlyCorianders,8902041
2026-07-06T00:01:00.927197,2026-07-06T00:01:00.938709+00:00,169.1,50,bid,FlawlessFlatbreads,EarnestEspressos,8902043
2026-07-06T00:01:00.999653,2026-07-06T00:01:01.007362+00:00,169.0,11,ask,EarnestEspressos,Xuanyu Liu,8902044
2026-07-06T00:01:01.481835,2026-07-06T00:01:01.490397+00:00,169.0,100,ask,EarnestEspressos,DiligentDonuts,8902053
2026-07-06T00:01:01.843466,2026-07-06T00:01:01.855149+00:00,169.5,48,bid,CostlyCorianders,EarnestEspressos,8902060
2026-07-06T00:01:03.083985,2026-07-06T00:01:03.095720+00:00,169.0,39,ask,EarnestEspressos,FlawlessFlatbreads,8902077
2026-07-06T00:01:05.139643,2026-07-06T00:01:05.144572+00:00,169.6,50,bid,FlawlessFlatbreads,EarnestEspressos,8902111
2026-07-06T00:01:07.594497,2026-07-06T00:01:07.603162+00:00,169.2,12,ask,DiligentDonuts,Xuanyu Liu,8902149
2026-07-06T00:01:08.284213,2026-07-06T00:01:08.296204+00:00,169.0,48,ask,EarnestEspressos,CostlyCorianders,8902157
2026-07-06T00:01:09.360900,2026-07-06T00:01:09.369182+00:00,169.4,50,bid,FlawlessFlatbreads,DiligentDonuts,8902170
2026-07-06T00:01:09.969999,2026-07-06T00:01:09.981729+00:00,169.4,47,bid,CostlyCorianders,DiligentDonuts,8902181
2026-07-06T00:01:10.575523,2026-07-06T00:01:10.584044+00:00,168.9,43,ask,DiligentDonuts,CostlyCorianders,8902190
2026-07-06T00:01:11.518552,2026-07-06T00:01:11.563631+00:00,169.2,50,ask,DiligentDonuts,FlawlessFlatbreads,8902206
2026-07-06T00:01:11.547681,2026-07-06T00:01:11.563631+00:00,169.2,49,ask,DiligentDonuts,CostlyCorianders,8902207
2026-07-06T00:01:13.647008,2026-07-06T00:01:13.658587+00:00,169.2,1,ask,DiligentDonuts,FlawlessFlatbreads,8902243
2026-07-06T00:01:14.315089,2026-07-06T00:01:14.326685+00:00,169.2,49,bid,CostlyCorianders,EarnestEspressos,8902249
2026-07-06T00:01:15.753661,2026-07-06T00:01:15.763642+00:00,168.9,50,ask,DiligentDonuts,FlawlessFlatbreads,8902270
2026-07-06T00:01:17.482350,2026-07-06T00:01:17.494000+00:00,169.0,47,ask,EarnestEspressos,CostlyCorianders,8902296
2026-07-06T00:01:18.608826,2026-07-06T00:01:18.620514+00:00,169.1,41,bid,CostlyCorianders,DiligentDonuts,8902316
2026-07-06T00:01:19.967412,2026-07-06T00:01:19.979201+00:00,168.6,50,ask,DiligentDonuts,FlawlessFlatbreads,8902333
2026-07-06T00:01:21.703054,2026-07-06T00:01:21.711850+00:00,169.1,12,bid,Xuanyu Liu,EarnestEspressos,8902352
2026-07-06T00:01:22.076380,2026-07-06T00:01:22.086247+00:00,168.6,50,ask,EarnestEspressos,FlawlessFlatbreads,8902357
2026-07-06T00:01:23.583258,2026-07-06T00:01:23.594921+00:00,169.1,46,bid,CostlyCorianders,EarnestEspressos,8902379
2026-07-06T00:01:24.093276,2026-07-06T00:01:24.100960+00:00,168.7,41,ask,DiligentDonuts,CostlyCorianders,8902382
2026-07-06T00:01:24.182726,2026-07-06T00:01:24.194309+00:00,168.7,50,ask,DiligentDonuts,FlawlessFlatbreads,8902384
2026-07-06T00:01:24.546365,2026-07-06T00:01:24.555429+00:00,169.1,11,bid,Xuanyu Liu,EarnestEspressos,8902394
2026-07-06T00:01:26.815687,2026-07-06T00:01:26.824844+00:00,168.8,3,bid,Xuanyu Liu,DiligentDonuts,8902415
2026-07-06T00:01:28.413547,2026-07-06T00:01:28.425207+00:00,168.7,50,ask,EarnestEspressos,FlawlessFlatbreads,8902440
2026-07-06T00:01:30.525352,2026-07-06T00:01:30.546524+00:00,168.5,50,ask,EarnestEspressos,FlawlessFlatbreads,8902459
2026-07-06T00:01:31.936928,2026-07-06T00:01:31.947442+00:00,168.8,47,bid,CostlyCorianders,DiligentDonuts,8902470
2026-07-06T00:01:32.637933,2026-07-06T00:01:32.649083+00:00,168.4,50,ask,EarnestEspressos,FlawlessFlatbreads,8902483
2026-07-06T00:01:33.895311,2026-07-06T00:01:33.906946+00:00,168.9,45,bid,CostlyCorianders,EarnestEspressos,8902494
2026-07-06T00:01:34.744335,2026-07-06T00:01:34.758627+00:00,168.5,50,ask,DiligentDonuts,FlawlessFlatbreads,8902501
2026-07-06T00:01:36.854572,2026-07-06T00:01:36.857327+00:00,168.4,50,ask,DiligentDonuts,FlawlessFlatbreads,8902539
2026-07-06T00:01:37.987452,2026-07-06T00:01:37.999307+00:00,168.4,42,ask,DiligentDonuts,CostlyCorianders,8902559
2026-07-06T00:01:38.771806,2026-07-06T00:01:38.781083+00:00,168.8,3,bid,Xuanyu Liu,EarnestEspressos,8902572
2026-07-06T00:01:38.961501,2026-07-06T00:01:38.973674+00:00,168.4,8,ask,DiligentDonuts,FlawlessFlatbreads,8902574
2026-07-06T00:01:41.072670,2026-07-06T00:01:41.080864+00:00,168.6,50,ask,EarnestEspressos,FlawlessFlatbreads,8902600
2026-07-06T00:01:43.181054,2026-07-06T00:01:43.192914+00:00,168.3,50,ask,EarnestEspressos,FlawlessFlatbreads,8902627
2026-07-06T00:01:43.293273,2026-07-06T00:01:43.300842+00:00,168.8,43,bid,CostlyCorianders,EarnestEspressos,8902629
2026-07-06T00:01:44.686991,2026-07-06T00:01:44.698846+00:00,168.8,43,bid,CostlyCorianders,EarnestEspressos,8902657
2026-07-06T00:01:45.237239,2026-07-06T00:01:45.248458+00:00,168.8,50,bid,FlawlessFlatbreads,EarnestEspressos,8902664
2026-07-06T00:01:47.396320,2026-07-06T00:01:47.408391+00:00,168.6,50,ask,EarnestEspressos,FlawlessFlatbreads,8902697
2026-07-06T00:01:48.901034,2026-07-06T00:01:48.910128+00:00,168.4,41,ask,EarnestEspressos,CostlyCorianders,8902715
2026-07-06T00:01:49.322672,2026-07-06T00:01:49.335379+00:00,168.6,11,bid,Xuanyu Liu,DiligentDonuts,8902721
2026-07-06T00:01:49.505366,2026-07-06T00:01:49.517044+00:00,168.4,50,ask,EarnestEspressos,FlawlessFlatbreads,8902723
2026-07-06T00:01:49.960896,2026-07-06T00:01:49.972597+00:00,168.4,46,ask,EarnestEspressos,CostlyCorianders,8902731
2026-07-06T00:01:51.125393,2026-07-06T00:01:51.134839+00:00,168.6,12,bid,Xuanyu Liu,DiligentDonuts,8902746
2026-07-06T00:01:51.614777,2026-07-06T00:01:51.626556+00:00,168.1,50,ask,DiligentDonuts,FlawlessFlatbreads,8902755
2026-07-06T00:01:51.690583,2026-07-06T00:01:51.701762+00:00,168.4,23,bid,Xuanyu Liu,EarnestEspressos,8902757
2026-07-06T00:01:52.670724,2026-07-06T00:01:52.682732+00:00,168.4,46,bid,CostlyCorianders,EarnestEspressos,8902773
2026-07-06T00:01:53.193617,2026-07-06T00:01:53.202190+00:00,168.4,22,bid,Xuanyu Liu,EarnestEspressos,8902786
2026-07-06T00:01:53.232394,2026-07-06T00:01:53.244354+00:00,168.4,45,bid,CostlyCorianders,EarnestEspressos,8902788
2026-07-06T00:01:54.801451,2026-07-06T00:01:54.812641+00:00,168.7,64,bid,EarnestEspressos,DiligentDonuts,8902811
2026-07-06T00:01:54.877501,2026-07-06T00:01:54.887627+00:00,168.8,34,ask,EarnestEspressos,Xuanyu Liu,8902813
2026-07-06T00:01:55.832144,2026-07-06T00:01:55.843728+00:00,168.8,50,ask,EarnestEspressos,FlawlessFlatbreads,8902827
2026-07-06T00:01:56.140069,2026-07-06T00:01:56.147342+00:00,168.8,2,ask,EarnestEspressos,CostlyCorianders,8902838
2026-07-06T00:01:56.140069,2026-07-06T00:01:56.152572+00:00,168.7,42,ask,DiligentDonuts,CostlyCorianders,8902839
2026-07-06T00:01:57.939833,2026-07-06T00:01:57.958610+00:00,168.7,50,ask,DiligentDonuts,FlawlessFlatbreads,8902858
2026-07-06T00:01:58.022306,2026-07-06T00:01:58.034201+00:00,168.7,8,ask,DiligentDonuts,EarnestEspressos,8902860
2026-07-06T00:01:58.035296,2026-07-06T00:01:58.046274+00:00,168.6,12,bid,Xuanyu Liu,EarnestEspressos,8902861
2026-07-06T00:01:58.220175,2026-07-06T00:01:58.231794+00:00,168.6,41,bid,CostlyCorianders,EarnestEspressos,8902866
2026-07-06T00:01:59.383240,2026-07-06T00:01:59.394667+00:00,168.4,49,ask,DiligentDonuts,CostlyCorianders,8902874
2026-07-06T00:02:00.049325,2026-07-06T00:02:00.058867+00:00,168.4,50,ask,DiligentDonuts,FlawlessFlatbreads,8902888
2026-07-06T00:02:00.794622,2026-07-06T00:02:00.804872+00:00,168.6,22,bid,Xuanyu Liu,EarnestEspressos,8902898
2026-07-06T00:02:02.090937,2026-07-06T00:02:02.101076+00:00,168.8,11,ask,EarnestEspressos,Xuanyu Liu,8902921
2026-07-06T00:02:02.155863,2026-07-06T00:02:02.167858+00:00,168.8,50,ask,EarnestEspressos,FlawlessFlatbreads,8902923
2026-07-06T00:02:02.420073,2026-07-06T00:02:02.431750+00:00,168.8,47,ask,EarnestEspressos,CostlyCorianders,8902930
2026-07-06T00:02:03.937592,2026-07-06T00:02:03.949583+00:00,168.9,40,bid,CostlyCorianders,DiligentDonuts,8902950
2026-07-06T00:02:04.263891,2026-07-06T00:02:04.275450+00:00,168.4,50,ask,DiligentDonuts,FlawlessFlatbreads,8902951
2026-07-06T00:02:04.437484,2026-07-06T00:02:04.447096+00:00,168.6,23,bid,Xuanyu Liu,EarnestEspressos,8902954
2026-07-06T00:02:05.039341,2026-07-06T00:02:05.049267+00:00,168.6,11,bid,Xuanyu Liu,EarnestEspressos,8902967
2026-07-06T00:02:06.310853,2026-07-06T00:02:06.318734+00:00,168.6,6,bid,Xuanyu Liu,EarnestEspressos,8902984
2026-07-06T00:02:06.371716,2026-07-06T00:02:06.383439+00:00,168.4,50,ask,DiligentDonuts,FlawlessFlatbreads,8902987
2026-07-06T00:02:06.696499,2026-07-06T00:02:06.708245+00:00,168.6,48,bid,CostlyCorianders,EarnestEspressos,8902990
2026-07-06T00:02:07.477723,2026-07-06T00:02:07.490270+00:00,168.9,100,bid,EarnestEspressos,DiligentDonuts,8903005
2026-07-06T00:02:07.544824,2026-07-06T00:02:07.555364+00:00,169.0,6,ask,EarnestEspressos,Xuanyu Liu,8903011
2026-07-06T00:02:07.622618,2026-07-06T00:02:07.631987+00:00,169.0,34,ask,EarnestEspressos,Xuanyu Liu,8903016
2026-07-06T00:02:08.477634,2026-07-06T00:02:08.489415+00:00,169.0,10,ask,EarnestEspressos,FlawlessFlatbreads,8903025
2026-07-06T00:02:08.477634,2026-07-06T00:02:08.489415+00:00,168.6,40,ask,DiligentDonuts,FlawlessFlatbreads,8903026
2026-07-06T00:02:08.917342,2026-07-06T00:02:08.936519+00:00,168.6,41,ask,DiligentDonuts,CostlyCorianders,8903032
2026-07-06T00:02:10.362965,2026-07-06T00:02:10.370867+00:00,169.1,48,bid,CostlyCorianders,DiligentDonuts,8903053
2026-07-06T00:02:10.705602,2026-07-06T00:02:10.714556+00:00,168.9,23,bid,Xuanyu Liu,EarnestEspressos,8903060
2026-07-06T00:02:10.930336,2026-07-06T00:02:10.941976+00:00,168.9,49,bid,CostlyCorianders,EarnestEspressos,8903064
2026-07-06T00:02:11.519378,2026-07-06T00:02:11.563640+00:00,168.7,43,ask,DiligentDonuts,CostlyCorianders,8903068
2026-07-06T00:02:12.298830,2026-07-06T00:02:12.317048+00:00,168.9,17,bid,Xuanyu Liu,EarnestEspressos,8903082
2026-07-06T00:02:12.640305,2026-07-06T00:02:12.646694+00:00,168.9,50,bid,FlawlessFlatbreads,EarnestEspressos,8903086
2026-07-06T00:02:13.081893,2026-07-06T00:02:13.093974+00:00,168.9,11,bid,CostlyCorianders,EarnestEspressos,8903090
2026-07-06T00:02:13.081893,2026-07-06T00:02:13.093974+00:00,169.2,38,bid,CostlyCorianders,DiligentDonuts,8903091
2026-07-06T00:02:13.652020,2026-07-06T00:02:13.656378+00:00,168.7,48,ask,DiligentDonuts,CostlyCorianders,8903095
2026-07-06T00:02:13.801646,2026-07-06T00:02:13.813583+00:00,169.2,62,bid,EarnestEspressos,DiligentDonuts,8903096
2026-07-06T00:02:13.871079,2026-07-06T00:02:13.880665+00:00,169.2,17,ask,EarnestEspressos,Xuanyu Liu,8903097
2026-07-06T00:02:14.744396,2026-07-06T00:02:14.764118+00:00,169.4,46,bid,CostlyCorianders,DiligentDonuts,8903109
2026-07-06T00:02:14.750587,2026-07-06T00:02:14.764118+00:00,169.4,50,bid,FlawlessFlatbreads,DiligentDonuts,8903110
2026-07-06T00:02:16.860204,2026-07-06T00:02:16.871962+00:00,169.4,4,bid,FlawlessFlatbreads,DiligentDonuts,8903133
2026-07-06T00:02:16.860204,2026-07-06T00:02:16.871962+00:00,169.7,46,bid,FlawlessFlatbreads,EarnestEspressos,8903134
2026-07-06T00:02:20.814565,2026-07-06T00:02:20.822362+00:00,169.5,45,ask,DiligentDonuts,CostlyCorianders,8903180
2026-07-06T00:02:21.073380,2026-07-06T00:02:21.080467+00:00,169.9,50,bid,FlawlessFlatbreads,EarnestEspressos,8903181
2026-07-06T00:02:22.376169,2026-07-06T00:02:22.388175+00:00,169.5,48,ask,DiligentDonuts,CostlyCorianders,8903197
2026-07-06T00:02:23.208301,2026-07-06T00:02:23.219065+00:00,169.9,50,bid,FlawlessFlatbreads,EarnestEspressos,8903212
2026-07-06T00:02:23.246289,2026-07-06T00:02:23.252711+00:00,169.9,47,bid,CostlyCorianders,EarnestEspressos,8903213
2026-07-06T00:02:23.300741,2026-07-06T00:02:23.312603+00:00,169.5,7,ask,DiligentDonuts,CostlyCorianders,8903214
2026-07-06T00:02:23.312497,2026-07-06T00:02:23.324066+00:00,170.0,100,bid,EarnestEspressos,DiligentDonuts,8903215
2026-07-06T00:02:23.376989,2026-07-06T00:02:23.385861+00:00,170.0,50,ask,EarnestEspressos,Xuanyu Liu,8903216
2026-07-06T00:02:24.792056,2026-07-06T00:02:24.801219+00:00,169.5,46,ask,DiligentDonuts,CostlyCorianders,8903233
2026-07-06T00:02:25.314776,2026-07-06T00:02:25.326832+00:00,170.0,50,bid,FlawlessFlatbreads,DiligentDonuts,8903239
2026-07-06T00:02:25.896328,2026-07-06T00:02:25.907826+00:00,170.0,42,bid,CostlyCorianders,DiligentDonuts,8903243
2026-07-06T00:02:26.453165,2026-07-06T00:02:26.464884+00:00,169.5,46,ask,DiligentDonuts,CostlyCorianders,8903256
2026-07-06T00:02:27.422612,2026-07-06T00:02:27.434433+00:00,169.7,50,bid,FlawlessFlatbreads,EarnestEspressos,8903265
2026-07-06T00:02:28.081828,2026-07-06T00:02:28.093580+00:00,169.4,41,ask,DiligentDonuts,CostlyCorianders,8903272
2026-07-06T00:02:28.658127,2026-07-06T00:02:28.668828+00:00,169.7,42,bid,CostlyCorianders,EarnestEspressos,8903282
2026-07-06T00:02:29.531801,2026-07-06T00:02:29.543606+00:00,169.7,50,bid,FlawlessFlatbreads,EarnestEspressos,8903291
2026-07-06T00:02:30.065401,2026-07-06T00:02:30.077271+00:00,169.7,100,ask,EarnestEspressos,DiligentDonuts,8903297
2026-07-06T00:02:31.700056,2026-07-06T00:02:31.711590+00:00,169.7,50,ask,EarnestEspressos,FlawlessFlatbreads,8903315
2026-07-06T00:02:33.756160,2026-07-06T00:02:33.768021+00:00,169.6,50,bid,FlawlessFlatbreads,EarnestEspressos,8903337
2026-07-06T00:02:34.392901,2026-07-06T00:02:34.404607+00:00,169.5,47,ask,DiligentDonuts,CostlyCorianders,8903346
2026-07-06T00:02:35.557881,2026-07-06T00:02:35.569399+00:00,169.6,48,bid,CostlyCorianders,EarnestEspressos,8903360
2026-07-06T00:02:35.863145,2026-07-06T00:02:35.874807+00:00,169.6,50,bid,FlawlessFlatbreads,EarnestEspressos,8903363
2026-07-06T00:02:36.520611,2026-07-06T00:02:36.529969+00:00,169.7,19,ask,EarnestEspressos,Xuanyu Liu,8903374
2026-07-06T00:02:37.974955,2026-07-06T00:02:37.981673+00:00,169.9,50,bid,FlawlessFlatbreads,DiligentDonuts,8903391
2026-07-06T00:02:38.627603,2026-07-06T00:02:38.639448+00:00,169.7,44,ask,EarnestEspressos,CostlyCorianders,8903398
2026-07-06T00:02:40.080676,2026-07-06T00:02:40.092260+00:00,169.8,50,bid,FlawlessFlatbreads,EarnestEspressos,8903414
2026-07-06T00:02:41.022244,2026-07-06T00:02:41.034205+00:00,169.8,49,bid,CostlyCorianders,EarnestEspressos,8903431
2026-07-06T00:02:44.341742,2026-07-06T00:02:44.353309+00:00,169.7,50,ask,EarnestEspressos,FlawlessFlatbreads,8903484
2026-07-06T00:02:48.501696,2026-07-06T00:02:48.513586+00:00,169.9,50,bid,FlawlessFlatbreads,DiligentDonuts,8903540
2026-07-06T00:02:50.612560,2026-07-06T00:02:50.624042+00:00,170.0,50,bid,FlawlessFlatbreads,EarnestEspressos,8903573
2026-07-06T00:02:51.088568,2026-07-06T00:02:51.096225+00:00,169.5,40,ask,EarnestEspressos,CostlyCorianders,8903580
2026-07-06T00:02:51.711812,2026-07-06T00:02:51.718790+00:00,170.0,40,bid,CostlyCorianders,EarnestEspressos,8903581
2026-07-06T00:02:54.694572,2026-07-06T00:02:54.715305+00:00,169.6,14,ask,EarnestEspressos,Xuanyu Liu,8903627
2026-07-06T00:02:54.875186,2026-07-06T00:02:54.886810+00:00,169.6,50,ask,EarnestEspressos,FlawlessFlatbreads,8903633
2026-07-06T00:02:56.184797,2026-07-06T00:02:56.193183+00:00,169.6,3,bid,Xuanyu Liu,EarnestEspressos,8903651
2026-07-06T00:02:56.981266,2026-07-06T00:02:56.992977+00:00,169.2,50,ask,DiligentDonuts,FlawlessFlatbreads,8903670
2026-07-06T00:02:58.938871,2026-07-06T00:02:58.948735+00:00,169.3,43,bid,CostlyCorianders,DiligentDonuts,8903691
2026-07-06T00:02:59.088806,2026-07-06T00:02:59.100773+00:00,169.0,50,ask,EarnestEspressos,FlawlessFlatbreads,8903694
2026-07-06T00:03:00.786630,2026-07-06T00:03:00.798351+00:00,169.0,44,ask,EarnestEspressos,CostlyCorianders,8903716
2026-07-06T00:03:01.360809,2026-07-06T00:03:01.375062+00:00,168.9,11,bid,Xuanyu Liu,EarnestEspressos,8903721
2026-07-06T00:03:01.906590,2026-07-06T00:03:01.915775+00:00,168.7,44,ask,DiligentDonuts,CostlyCorianders,8903727
2026-07-06T00:03:03.300730,2026-07-06T00:03:03.312509+00:00,168.7,50,ask,DiligentDonuts,FlawlessFlatbreads,8903742
2026-07-06T00:03:05.358201,2026-07-06T00:03:05.369998+00:00,168.9,50,bid,FlawlessFlatbreads,EarnestEspressos,8903767
2026-07-06T00:03:07.522641,2026-07-06T00:03:07.530214+00:00,168.5,50,ask,DiligentDonuts,FlawlessFlatbreads,8903807
2026-07-06T00:03:08.065497,2026-07-06T00:03:08.074509+00:00,168.6,12,bid,Xuanyu Liu,DiligentDonuts,8903816
2026-07-06T00:03:08.694280,2026-07-06T00:03:08.704109+00:00,168.6,11,bid,Xuanyu Liu,DiligentDonuts,8903824
2026-07-06T00:03:08.897635,2026-07-06T00:03:08.909535+00:00,168.6,46,bid,CostlyCorianders,DiligentDonuts,8903828
2026-07-06T00:03:09.577761,2026-07-06T00:03:09.589561+00:00,168.6,31,bid,FlawlessFlatbreads,DiligentDonuts,8903832
2026-07-06T00:03:09.577761,2026-07-06T00:03:09.589561+00:00,168.9,19,bid,FlawlessFlatbreads,EarnestEspressos,8903833
2026-07-06T00:03:11.665996,2026-07-06T00:03:11.674265+00:00,168.7,11,ask,DiligentDonuts,Xuanyu Liu,8903861
2026-07-06T00:03:11.689492,2026-07-06T00:03:11.701390+00:00,169.1,50,bid,FlawlessFlatbreads,EarnestEspressos,8903863
2026-07-06T00:03:13.217481,2026-07-06T00:03:13.227464+00:00,168.7,12,ask,DiligentDonuts,Xuanyu Liu,8903879
2026-07-06T00:03:13.399740,2026-07-06T00:03:13.411372+00:00,168.7,42,ask,DiligentDonuts,CostlyCorianders,8903882
2026-07-06T00:03:13.798918,2026-07-06T00:03:13.808474+00:00,169.1,50,bid,FlawlessFlatbreads,EarnestEspressos,8903887
2026-07-06T00:03:13.949895,2026-07-06T00:03:13.958319+00:00,168.8,11,ask,EarnestEspressos,Xuanyu Liu,8903889
2026-07-06T00:03:14.383185,2026-07-06T00:03:14.395194+00:00,168.8,100,ask,EarnestEspressos,DiligentDonuts,8903893
2026-07-06T00:03:15.955323,2026-07-06T00:03:15.957092+00:00,168.8,39,ask,EarnestEspressos,FlawlessFlatbreads,8903916
2026-07-06T00:03:15.955323,2026-07-06T00:03:15.968889+00:00,168.1,11,ask,DiligentDonuts,FlawlessFlatbreads,8903917
2026-07-06T00:03:18.063908,2026-07-06T00:03:18.075523+00:00,168.2,50,ask,EarnestEspressos,FlawlessFlatbreads,8903942
2026-07-06T00:03:20.342028,2026-07-06T00:03:20.351841+00:00,168.3,11,bid,Xuanyu Liu,EarnestEspressos,8903973
2026-07-06T00:03:20.816898,2026-07-06T00:03:20.825231+00:00,168.3,23,bid,Xuanyu Liu,EarnestEspressos,8903979
2026-07-06T00:03:22.243888,2026-07-06T00:03:22.252712+00:00,168.3,50,bid,FlawlessFlatbreads,EarnestEspressos,8904002
2026-07-06T00:03:23.248779,2026-07-06T00:03:23.257729+00:00,168.3,12,bid,Xuanyu Liu,EarnestEspressos,8904013
2026-07-06T00:03:24.076964,2026-07-06T00:03:24.089747+00:00,168.7,45,bid,CostlyCorianders,DiligentDonuts,8904021
2026-07-06T00:03:25.074051,2026-07-06T00:03:25.083199+00:00,168.7,47,bid,CostlyCorianders,DiligentDonuts,8904036
2026-07-06T00:03:26.984377,2026-07-06T00:03:26.996460+00:00,168.7,100,bid,DiligentDonuts,EarnestEspressos,8904056
2026-07-06T00:03:28.624698,2026-07-06T00:03:28.633525+00:00,168.2,50,ask,EarnestEspressos,FlawlessFlatbreads,8904074
2026-07-06T00:03:29.221655,2026-07-06T00:03:29.233177+00:00,168.2,48,ask,EarnestEspressos,CostlyCorianders,8904087
2026-07-06T00:03:29.763942,2026-07-06T00:03:29.773365+00:00,168.1,46,ask,EarnestEspressos,CostlyCorianders,8904093
2026-07-06T00:03:30.732717,2026-07-06T00:03:30.746854+00:00,168.4,50,ask,DiligentDonuts,FlawlessFlatbreads,8904105
2026-07-06T00:03:34.741489,2026-07-06T00:03:34.749489+00:00,168.6,43,bid,CostlyCorianders,EarnestEspressos,8904158
2026-07-06T00:03:36.323336,2026-07-06T00:03:36.330035+00:00,168.3,43,ask,DiligentDonuts,CostlyCorianders,8904182
2026-07-06T00:03:39.128185,2026-07-06T00:03:39.140298+00:00,168.7,50,bid,FlawlessFlatbreads,EarnestEspressos,8904224
2026-07-06T00:03:41.236094,2026-07-06T00:03:41.242621+00:00,168.5,50,bid,FlawlessFlatbreads,DiligentDonuts,8904249
2026-07-06T00:03:41.961941,2026-07-06T00:03:41.968674+00:00,168.5,40,bid,CostlyCorianders,DiligentDonuts,8904257
2026-07-06T00:03:43.344403,2026-07-06T00:03:43.350925+00:00,168.6,50,bid,FlawlessFlatbreads,EarnestEspressos,8904277
2026-07-06T00:03:44.688734,2026-07-06T00:03:44.697676+00:00,168.2,12,ask,DiligentDonuts,Xuanyu Liu,8904299
2026-07-06T00:03:45.450094,2026-07-06T00:03:45.463598+00:00,168.6,50,bid,FlawlessFlatbreads,EarnestEspressos,8904306
2026-07-06T00:03:45.591768,2026-07-06T00:03:45.600958+00:00,168.4,23,ask,EarnestEspressos,Xuanyu Liu,8904307
2026-07-06T00:03:46.040245,2026-07-06T00:03:46.051859+00:00,168.5,44,bid,CostlyCorianders,DiligentDonuts,8904317
2026-07-06T00:03:46.692335,2026-07-06T00:03:46.700304+00:00,168.4,49,ask,EarnestEspressos,CostlyCorianders,8904321
2026-07-06T00:03:47.558558,2026-07-06T00:03:47.570181+00:00,168.5,50,bid,FlawlessFlatbreads,DiligentDonuts,8904332
2026-07-06T00:03:49.716049,2026-07-06T00:03:49.727612+00:00,168.5,50,ask,DiligentDonuts,FlawlessFlatbreads,8904350
2026-07-06T00:03:50.278316,2026-07-06T00:03:50.285419+00:00,168.5,45,ask,DiligentDonuts,CostlyCorianders,8904360
2026-07-06T00:03:50.807927,2026-07-06T00:03:50.819750+00:00,168.8,43,bid,CostlyCorianders,EarnestEspressos,8904365
2026-07-06T00:03:51.373872,2026-07-06T00:03:51.385937+00:00,168.5,5,ask,DiligentDonuts,CostlyCorianders,8904371
2026-07-06T00:03:51.373872,2026-07-06T00:03:51.385937+00:00,168.3,39,ask,EarnestEspressos,CostlyCorianders,8904372
2026-07-06T00:03:53.083151,2026-07-06T00:03:53.094806+00:00,168.6,46,bid,CostlyCorianders,DiligentDonuts,8904391
2026-07-06T00:03:53.750459,2026-07-06T00:03:53.758608+00:00,168.6,46,bid,CostlyCorianders,DiligentDonuts,8904398
2026-07-06T00:03:53.880566,2026-07-06T00:03:53.890493+00:00,168.6,8,bid,Xuanyu Liu,DiligentDonuts,8904402
2026-07-06T00:03:54.310687,2026-07-06T00:03:54.317956+00:00,168.3,40,ask,EarnestEspressos,CostlyCorianders,8904408
2026-07-06T00:03:54.866222,2026-07-06T00:03:54.877830+00:00,168.3,47,ask,EarnestEspressos,CostlyCorianders,8904413
2026-07-06T00:03:55.986321,2026-07-06T00:03:55.993592+00:00,168.7,50,bid,FlawlessFlatbreads,EarnestEspressos,8904419
2026-07-06T00:03:56.500604,2026-07-06T00:03:56.514644+00:00,168.6,42,ask,DiligentDonuts,CostlyCorianders,8904425
2026-07-06T00:03:56.506814,2026-07-06T00:03:56.514644+00:00,168.6,8,ask,DiligentDonuts,Xuanyu Liu,8904426
2026-07-06T00:04:00.196731,2026-07-06T00:04:00.205483+00:00,168.7,50,bid,FlawlessFlatbreads,EarnestEspressos,8904466
2026-07-06T00:04:01.460732,2026-07-06T00:04:01.467994+00:00,168.8,41,bid,CostlyCorianders,DiligentDonuts,8904487
2026-07-06T00:04:02.303093,2026-07-06T00:04:02.314708+00:00,168.9,50,bid,FlawlessFlatbreads,EarnestEspressos,8904498
2026-07-06T00:04:04.416623,2026-07-06T00:04:04.426588+00:00,168.9,50,bid,FlawlessFlatbreads,EarnestEspressos,8904520
2026-07-06T00:04:04.578852,2026-07-06T00:04:04.588998+00:00,168.5,11,ask,EarnestEspressos,Xuanyu Liu,8904522
2026-07-06T00:04:05.639515,2026-07-06T00:04:05.647997+00:00,168.5,3,ask,EarnestEspressos,Xuanyu Liu,8904536
2026-07-06T00:04:07.266602,2026-07-06T00:04:07.278569+00:00,168.7,41,bid,CostlyCorianders,DiligentDonuts,8904562
2026-07-06T00:04:11.147510,2026-07-06T00:04:11.159341+00:00,168.4,43,ask,EarnestEspressos,CostlyCorianders,8904620
2026-07-06T00:04:12.618832,2026-07-06T00:04:12.631052+00:00,168.7,42,bid,CostlyCorianders,DiligentDonuts,8904632
2026-07-06T00:04:12.892161,2026-07-06T00:04:12.902560+00:00,168.4,50,ask,EarnestEspressos,FlawlessFlatbreads,8904637
2026-07-06T00:04:14.291016,2026-07-06T00:04:14.299128+00:00,168.5,41,bid,CostlyCorianders,EarnestEspressos,8904648
2026-07-06T00:04:14.998632,2026-07-06T00:04:15.010454+00:00,168.4,50,ask,DiligentDonuts,FlawlessFlatbreads,8904659
2026-07-06T00:04:16.337075,2026-07-06T00:04:16.344445+00:00,168.4,42,ask,DiligentDonuts,CostlyCorianders,8904674
2026-07-06T00:04:17.106126,2026-07-06T00:04:17.117922+00:00,168.4,8,ask,DiligentDonuts,FlawlessFlatbreads,8904682
2026-07-06T00:04:17.106126,2026-07-06T00:04:17.117922+00:00,168.0,42,ask,EarnestEspressos,FlawlessFlatbreads,8904683
2026-07-06T00:04:17.237975,2026-07-06T00:04:17.249906+00:00,168.2,46,ask,EarnestEspressos,CostlyCorianders,8904685
2026-07-06T00:04:17.756267,2026-07-06T00:04:17.758237+00:00,168.7,48,bid,CostlyCorianders,EarnestEspressos,8904695
2026-07-06T00:04:19.120806,2026-07-06T00:04:19.132511+00:00,168.2,41,ask,EarnestEspressos,CostlyCorianders,8904707
2026-07-06T00:04:21.348884,2026-07-06T00:04:21.358618+00:00,167.9,50,ask,DiligentDonuts,FlawlessFlatbreads,8904742
2026-07-06T00:04:23.455626,2026-07-06T00:04:23.465027+00:00,167.9,50,ask,DiligentDonuts,FlawlessFlatbreads,8904768
2026-07-06T00:04:24.033581,2026-07-06T00:04:24.044364+00:00,168.1,3,bid,Xuanyu Liu,DiligentDonuts,8904776
2026-07-06T00:04:25.381308,2026-07-06T00:04:25.390144+00:00,168.1,11,bid,Xuanyu Liu,DiligentDonuts,8904796
2026-07-06T00:04:25.563193,2026-07-06T00:04:25.571961+00:00,167.7,50,ask,EarnestEspressos,FlawlessFlatbreads,8904801
2026-07-06T00:04:27.669951,2026-07-06T00:04:27.681443+00:00,167.5,50,ask,DiligentDonuts,FlawlessFlatbreads,8904826
2026-07-06T00:04:29.038480,2026-07-06T00:04:29.047667+00:00,167.9,46,bid,CostlyCorianders,EarnestEspressos,8904845
2026-07-06T00:04:29.804831,2026-07-06T00:04:29.815125+00:00,167.5,50,ask,DiligentDonuts,FlawlessFlatbreads,8904860
2026-07-06T00:04:30.359532,2026-07-06T00:04:30.368277+00:00,167.6,12,bid,Xuanyu Liu,DiligentDonuts,8904861
2026-07-06T00:04:31.472478,2026-07-06T00:04:31.484136+00:00,167.4,44,ask,EarnestEspressos,CostlyCorianders,8904873
2026-07-06T00:04:33.111433,2026-07-06T00:04:33.121400+00:00,167.6,46,bid,CostlyCorianders,DiligentDonuts,8904887
2026-07-06T00:04:34.167040,2026-07-06T00:04:34.176260+00:00,167.2,41,ask,EarnestEspressos,CostlyCorianders,8904896
2026-07-06T00:04:35.904157,2026-07-06T00:04:35.915707+00:00,167.7,44,bid,CostlyCorianders,EarnestEspressos,8904918
2026-07-06T00:04:36.067271,2026-07-06T00:04:36.079013+00:00,167.7,50,bid,FlawlessFlatbreads,EarnestEspressos,8904919
2026-07-06T00:04:36.511651,2026-07-06T00:04:36.523443+00:00,167.7,49,bid,CostlyCorianders,DiligentDonuts,8904926
2026-07-06T00:04:38.175262,2026-07-06T00:04:38.186816+00:00,167.7,50,bid,FlawlessFlatbreads,EarnestEspressos,8904938
2026-07-06T00:04:40.283496,2026-07-06T00:04:40.295502+00:00,167.7,50,bid,FlawlessFlatbreads,DiligentDonuts,8904961
2026-07-06T00:04:42.187716,2026-07-06T00:04:42.196844+00:00,167.4,43,ask,EarnestEspressos,CostlyCorianders,8904980
2026-07-06T00:04:42.391116,2026-07-06T00:04:42.402758+00:00,167.7,50,bid,FlawlessFlatbreads,DiligentDonuts,8904985
2026-07-06T00:04:42.756856,2026-07-06T00:04:42.768588+00:00,167.4,42,ask,EarnestEspressos,CostlyCorianders,8904988
2026-07-06T00:04:44.518372,2026-07-06T00:04:44.530413+00:00,167.9,50,bid,FlawlessFlatbreads,EarnestEspressos,8905009
2026-07-06T00:04:46.371018,2026-07-06T00:04:46.378706+00:00,167.8,12,ask,DiligentDonuts,Xuanyu Liu,8905035
2026-07-06T00:04:46.627075,2026-07-06T00:04:46.638711+00:00,168.1,50,bid,FlawlessFlatbreads,EarnestEspressos,8905039
2026-07-06T00:04:48.369773,2026-07-06T00:04:48.381586+00:00,168.1,45,bid,CostlyCorianders,EarnestEspressos,8905057
2026-07-06T00:04:48.758818,2026-07-06T00:04:48.770373+00:00,168.1,50,bid,FlawlessFlatbreads,EarnestEspressos,8905060
2026-07-06T00:04:48.861800,2026-07-06T00:04:48.880564+00:00,168.2,14,ask,EarnestEspressos,Xuanyu Liu,8905062
2026-07-06T00:04:52.609087,2026-07-06T00:04:52.618938+00:00,168.2,47,ask,EarnestEspressos,CostlyCorianders,8905112
2026-07-06T00:04:53.027056,2026-07-06T00:04:53.033797+00:00,168.2,50,ask,EarnestEspressos,FlawlessFlatbreads,8905123
2026-07-06T00:04:55.082800,2026-07-06T00:04:55.094573+00:00,168.3,50,bid,FlawlessFlatbreads,DiligentDonuts,8905145
2026-07-06T00:04:55.511244,2026-07-06T00:04:55.523225+00:00,168.3,40,bid,CostlyCorianders,DiligentDonuts,8905150
2026-07-06T00:04:57.188875,2026-07-06T00:04:57.200525+00:00,168.4,50,bid,FlawlessFlatbreads,EarnestEspressos,8905166
2026-07-06T00:04:59.293723,2026-07-06T00:04:59.305570+00:00,168.6,50,bid,FlawlessFlatbreads,EarnestEspressos,8905194
2026-07-06T00:05:01.409713,2026-07-06T00:05:01.421267+00:00,168.6,50,bid,FlawlessFlatbreads,EarnestEspressos,8905218
2026-07-06T00:05:01.988193,2026-07-06T00:05:01.997858+00:00,168.2,47,ask,EarnestEspressos,CostlyCorianders,8905231
2026-07-06T00:05:03.516956,2026-07-06T00:05:03.528487+00:00,168.6,50,bid,FlawlessFlatbreads,DiligentDonuts,8905248
2026-07-06T00:05:04.122149,2026-07-06T00:05:04.134037+00:00,168.2,40,ask,EarnestEspressos,CostlyCorianders,8905260
2026-07-06T00:05:05.623833,2026-07-06T00:05:05.635711+00:00,168.8,50,bid,FlawlessFlatbreads,EarnestEspressos,8905289
2026-07-06T00:05:07.730712,2026-07-06T00:05:07.742437+00:00,168.8,50,bid,FlawlessFlatbreads,EarnestEspressos,8905319
2026-07-06T00:05:08.670326,2026-07-06T00:05:08.678834+00:00,168.7,14,ask,EarnestEspressos,Xuanyu Liu,8905330
2026-07-06T00:05:10.401781,2026-07-06T00:05:10.413561+00:00,169.0,42,bid,CostlyCorianders,DiligentDonuts,8905365
2026-07-06T00:05:11.993531,2026-07-06T00:05:12.003053+00:00,168.9,50,ask,EarnestEspressos,FlawlessFlatbreads,8905389
2026-07-06T00:05:14.048193,2026-07-06T00:05:14.058629+00:00,169.3,50,bid,FlawlessFlatbreads,DiligentDonuts,8905415
2026-07-06T00:05:15.215333,2026-07-06T00:05:15.222992+00:00,169.2,12,ask,DiligentDonuts,Xuanyu Liu,8905430
2026-07-06T00:05:15.668338,2026-07-06T00:05:15.677506+00:00,169.2,46,ask,DiligentDonuts,CostlyCorianders,8905434
2026-07-06T00:05:15.859630,2026-07-06T00:05:15.868182+00:00,169.2,11,ask,DiligentDonuts,Xuanyu Liu,8905441
2026-07-06T00:05:16.274482,2026-07-06T00:05:16.286354+00:00,169.2,31,ask,DiligentDonuts,CostlyCorianders,8905449
2026-07-06T00:05:16.274482,2026-07-06T00:05:16.286354+00:00,168.9,13,ask,EarnestEspressos,CostlyCorianders,8905450
2026-07-06T00:05:17.595120,2026-07-06T00:05:17.605725+00:00,169.3,11,bid,Xuanyu Liu,EarnestEspressos,8905469
2026-07-06T00:05:18.258892,2026-07-06T00:05:18.270891+00:00,169.3,50,bid,FlawlessFlatbreads,EarnestEspressos,8905487
2026-07-06T00:05:18.795145,2026-07-06T00:05:18.803198+00:00,169.3,12,bid,Xuanyu Liu,EarnestEspressos,8905491
2026-07-06T00:05:20.367401,2026-07-06T00:05:20.378955+00:00,169.3,50,bid,FlawlessFlatbreads,EarnestEspressos,8905516
2026-07-06T00:05:20.482539,2026-07-06T00:05:20.494349+00:00,169.4,100,bid,EarnestEspressos,DiligentDonuts,8905519
2026-07-06T00:05:20.549690,2026-07-06T00:05:20.558323+00:00,169.4,12,ask,EarnestEspressos,Xuanyu Liu,8905521
2026-07-06T00:05:21.735361,2026-07-06T00:05:21.747039+00:00,169.7,46,bid,CostlyCorianders,DiligentDonuts,8905535
2026-07-06T00:05:21.753594,2026-07-06T00:05:21.764986+00:00,169.4,11,ask,EarnestEspressos,Xuanyu Liu,8905536
2026-07-06T00:05:22.472733,2026-07-06T00:05:22.484832+00:00,169.7,50,bid,FlawlessFlatbreads,DiligentDonuts,8905550
2026-07-06T00:05:24.100442,2026-07-06T00:05:24.112313+00:00,169.3,100,bid,DiligentDonuts,EarnestEspressos,8905566
2026-07-06T00:05:24.370018,2026-07-06T00:05:24.377959+00:00,169.3,11,bid,Xuanyu Liu,EarnestEspressos,8905572
2026-07-06T00:05:24.581593,2026-07-06T00:05:24.591575+00:00,169.3,39,bid,FlawlessFlatbreads,EarnestEspressos,8905576
2026-07-06T00:05:24.581593,2026-07-06T00:05:24.591575+00:00,170.0,11,bid,FlawlessFlatbreads,DiligentDonuts,8905577
2026-07-06T00:05:26.688297,2026-07-06T00:05:26.695624+00:00,170.0,50,bid,FlawlessFlatbreads,DiligentDonuts,8905604
2026-07-06T00:05:26.993876,2026-07-06T00:05:27.002941+00:00,169.3,11,ask,EarnestEspressos,Xuanyu Liu,8905605
2026-07-06T00:05:28.299487,2026-07-06T00:05:28.307408+00:00,169.3,12,ask,EarnestEspressos,Xuanyu Liu,8905620
2026-07-06T00:05:28.845447,2026-07-06T00:05:28.858594+00:00,169.3,50,ask,EarnestEspressos,FlawlessFlatbreads,8905627
2026-07-06T00:05:30.903805,2026-07-06T00:05:30.912074+00:00,169.8,50,bid,FlawlessFlatbreads,EarnestEspressos,8905643
2026-07-06T00:05:32.158214,2026-07-06T00:05:32.169045+00:00,169.8,40,bid,CostlyCorianders,EarnestEspressos,8905657
2026-07-06T00:05:37.221368,2026-07-06T00:05:37.230644+00:00,170.1,50,bid,FlawlessFlatbreads,DiligentDonuts,8905717
2026-07-06T00:05:37.426590,2026-07-06T00:05:37.438272+00:00,169.8,47,ask,EarnestEspressos,CostlyCorianders,8905720
2026-07-06T00:05:37.464964,2026-07-06T00:05:37.473495+00:00,169.8,22,ask,EarnestEspressos,Xuanyu Liu,8905721
2026-07-06T00:05:37.626339,2026-07-06T00:05:37.633663+00:00,169.8,12,ask,EarnestEspressos,Xuanyu Liu,8905727
2026-07-06T00:05:39.513844,2026-07-06T00:05:39.535222+00:00,169.6,100,ask,DiligentDonuts,EarnestEspressos,8905748
2026-07-06T00:05:39.526670,2026-07-06T00:05:39.535222+00:00,169.6,12,bid,Xuanyu Liu,EarnestEspressos,8905749
2026-07-06T00:05:39.680282,2026-07-06T00:05:39.692207+00:00,169.1,41,ask,EarnestEspressos,CostlyCorianders,8905751
2026-07-06T00:05:41.201569,2026-07-06T00:05:41.208974+00:00,169.6,38,bid,CostlyCorianders,EarnestEspressos,8905764
2026-07-06T00:05:41.201569,2026-07-06T00:05:41.214529+00:00,169.7,11,bid,CostlyCorianders,DiligentDonuts,8905765
2026-07-06T00:05:41.747237,2026-07-06T00:05:41.754382+00:00,169.2,45,ask,DiligentDonuts,CostlyCorianders,8905783
2026-07-06T00:05:43.159249,2026-07-06T00:05:43.170883+00:00,169.5,100,ask,EarnestEspressos,DiligentDonuts,8905805
2026-07-06T00:05:43.604904,2026-07-06T00:05:43.619462+00:00,169.5,50,ask,EarnestEspressos,FlawlessFlatbreads,8905809
2026-07-06T00:05:43.773170,2026-07-06T00:05:43.784785+00:00,170.0,40,bid,CostlyCorianders,EarnestEspressos,8905817
2026-07-06T00:05:45.659443,2026-07-06T00:05:45.671318+00:00,170.0,50,bid,FlawlessFlatbreads,EarnestEspressos,8905837
2026-07-06T00:05:46.010900,2026-07-06T00:05:46.021152+00:00,169.3,42,ask,EarnestEspressos,CostlyCorianders,8905841
2026-07-06T00:05:46.497380,2026-07-06T00:05:46.509144+00:00,169.8,41,bid,CostlyCorianders,EarnestEspressos,8905843
2026-07-06T00:05:47.768137,2026-07-06T00:05:47.780031+00:00,169.8,50,bid,FlawlessFlatbreads,EarnestEspressos,8905862
2026-07-06T00:05:47.877389,2026-07-06T00:05:47.916733+00:00,169.8,11,bid,Xuanyu Liu,EarnestEspressos,8905866
2026-07-06T00:05:48.264925,2026-07-06T00:05:48.275888+00:00,169.8,41,bid,CostlyCorianders,EarnestEspressos,8905875
2026-07-06T00:05:48.952612,2026-07-06T00:05:48.964436+00:00,169.9,100,bid,EarnestEspressos,DiligentDonuts,8905883
2026-07-06T00:05:49.244756,2026-07-06T00:05:49.253351+00:00,170.0,11,ask,DiligentDonuts,FlawlessFlatbreads,8905888
2026-07-06T00:05:49.931190,2026-07-06T00:05:49.942869+00:00,170.0,39,ask,EarnestEspressos,FlawlessFlatbreads,8905895
2026-07-06T00:05:49.931190,2026-07-06T00:05:49.942869+00:00,170.0,11,ask,EarnestEspressos,Xuanyu Liu,8905896
2026-07-06T00:05:52.038901,2026-07-06T00:05:52.050743+00:00,170.0,50,ask,DiligentDonuts,FlawlessFlatbreads,8905934
2026-07-06T00:05:54.147274,2026-07-06T00:05:54.158555+00:00,169.9,50,ask,DiligentDonuts,FlawlessFlatbreads,8905964
2026-07-06T00:05:54.218198,2026-07-06T00:05:54.226903+00:00,169.9,45,ask,DiligentDonuts,CostlyCorianders,8905968
2026-07-06T00:05:54.522371,2026-07-06T00:05:54.533078+00:00,170.1,11,bid,Xuanyu Liu,EarnestEspressos,8905975
2026-07-06T00:05:54.534260,2026-07-06T00:05:54.542221+00:00,170.1,11,bid,Xuanyu Liu,EarnestEspressos,8905977
2026-07-06T00:05:56.254860,2026-07-06T00:05:56.256702+00:00,170.0,50,ask,EarnestEspressos,FlawlessFlatbreads,8906001
2026-07-06T00:05:57.908101,2026-07-06T00:05:57.919767+00:00,170.0,47,ask,EarnestEspressos,CostlyCorianders,8906021
2026-07-06T00:05:58.362295,2026-07-06T00:05:58.373890+00:00,170.0,50,ask,EarnestEspressos,FlawlessFlatbreads,8906034
2026-07-06T00:05:58.488622,2026-07-06T00:05:58.509703+00:00,169.9,100,ask,DiligentDonuts,EarnestEspressos,8906038
2026-07-06T00:05:58.501578,2026-07-06T00:05:58.509703+00:00,169.9,23,bid,Xuanyu Liu,EarnestEspressos,8906039
2026-07-06T00:05:59.759972,2026-07-06T00:05:59.769309+00:00,169.9,23,bid,Xuanyu Liu,EarnestEspressos,8906059
2026-07-06T00:06:00.358537,2026-07-06T00:06:00.368837+00:00,169.9,4,bid,CostlyCorianders,EarnestEspressos,8906070
2026-07-06T00:06:00.358537,2026-07-06T00:06:00.368837+00:00,170.1,38,bid,CostlyCorianders,DiligentDonuts,8906071
2026-07-06T00:06:00.469576,2026-07-06T00:06:00.481362+00:00,169.6,50,ask,DiligentDonuts,FlawlessFlatbreads,8906072
2026-07-06T00:06:00.951576,2026-07-06T00:06:00.958080+00:00,170.1,49,bid,CostlyCorianders,DiligentDonuts,8906083
2026-07-06T00:06:01.599238,2026-07-06T00:06:01.607043+00:00,170.1,13,bid,EarnestEspressos,DiligentDonuts,8906087
2026-07-06T00:06:01.665849,2026-07-06T00:06:01.676556+00:00,170.1,11,ask,EarnestEspressos,Xuanyu Liu,8906088
2026-07-06T00:06:01.826426,2026-07-06T00:06:01.835189+00:00,170.1,12,ask,EarnestEspressos,Xuanyu Liu,8906092
2026-07-06T00:06:02.577910,2026-07-06T00:06:02.590013+00:00,170.1,50,ask,EarnestEspressos,FlawlessFlatbreads,8906109
2026-07-06T00:06:04.689664,2026-07-06T00:06:04.699702+00:00,170.1,50,ask,EarnestEspressos,FlawlessFlatbreads,8906130
2026-07-06T00:06:06.316870,2026-07-06T00:06:06.325171+00:00,169.9,12,bid,Xuanyu Liu,EarnestEspressos,8906156
2026-07-06T00:06:06.795902,2026-07-06T00:06:06.808250+00:00,169.8,50,ask,DiligentDonuts,FlawlessFlatbreads,8906160
2026-07-06T00:06:07.084068,2026-07-06T00:06:07.096021+00:00,169.8,40,ask,DiligentDonuts,CostlyCorianders,8906165
2026-07-06T00:06:07.567981,2026-07-06T00:06:07.575494+00:00,169.8,10,ask,DiligentDonuts,CostlyCorianders,8906174
2026-07-06T00:06:07.631811,2026-07-06T00:06:07.641300+00:00,169.9,11,bid,Xuanyu Liu,EarnestEspressos,8906179
2026-07-06T00:06:08.903771,2026-07-06T00:06:08.911947+00:00,169.7,50,ask,EarnestEspressos,FlawlessFlatbreads,8906196
2026-07-06T00:06:11.011337,2026-07-06T00:06:11.018309+00:00,169.7,50,ask,EarnestEspressos,FlawlessFlatbreads,8906225
2026-07-06T00:06:11.161013,2026-07-06T00:06:11.169411+00:00,169.9,3,bid,Xuanyu Liu,EarnestEspressos,8906228
2026-07-06T00:06:13.117416,2026-07-06T00:06:13.128897+00:00,169.7,50,ask,DiligentDonuts,FlawlessFlatbreads,8906255
2026-07-06T00:06:14.302596,2026-07-06T00:06:14.314127+00:00,169.7,50,ask,DiligentDonuts,EarnestEspressos,8906276
2026-07-06T00:06:15.225907,2026-07-06T00:06:15.235220+00:00,169.1,50,ask,EarnestEspressos,FlawlessFlatbreads,8906283
2026-07-06T00:06:17.332271,2026-07-06T00:06:17.343858+00:00,169.1,50,ask,EarnestEspressos,FlawlessFlatbreads,8906310
2026-07-06T00:06:18.805326,2026-07-06T00:06:18.814750+00:00,169.6,3,bid,Xuanyu Liu,EarnestEspressos,8906328
2026-07-06T00:06:19.441546,2026-07-06T00:06:19.448050+00:00,169.3,50,ask,DiligentDonuts,FlawlessFlatbreads,8906336
2026-07-06T00:06:21.548666,2026-07-06T00:06:21.560479+00:00,169.2,50,ask,EarnestEspressos,FlawlessFlatbreads,8906361
2026-07-06T00:06:22.333801,2026-07-06T00:06:22.345513+00:00,169.7,48,bid,CostlyCorianders,EarnestEspressos,8906370
2026-07-06T00:06:24.937456,2026-07-06T00:06:24.949145+00:00,169.7,47,bid,CostlyCorianders,EarnestEspressos,8906395
2026-07-06T00:06:25.556246,2026-07-06T00:06:25.558548+00:00,169.7,49,bid,CostlyCorianders,EarnestEspressos,8906400
2026-07-06T00:06:25.771579,2026-07-06T00:06:25.781820+00:00,169.3,50,ask,DiligentDonuts,FlawlessFlatbreads,8906404
2026-07-06T00:06:27.477464,2026-07-06T00:06:27.485406+00:00,169.5,100,ask,EarnestEspressos,DiligentDonuts,8906426
2026-07-06T00:06:27.885793,2026-07-06T00:06:27.897827+00:00,169.5,50,ask,EarnestEspressos,FlawlessFlatbreads,8906432
2026-07-06T00:06:29.941615,2026-07-06T00:06:29.951612+00:00,170.0,50,bid,FlawlessFlatbreads,EarnestEspressos,8906447
2026-07-06T00:06:32.054983,2026-07-06T00:06:32.064510+00:00,169.8,50,bid,FlawlessFlatbreads,EarnestEspressos,8906476
2026-07-06T00:06:34.168939,2026-07-06T00:06:34.175675+00:00,169.9,50,bid,FlawlessFlatbreads,EarnestEspressos,8906515
2026-07-06T00:06:36.300484,2026-07-06T00:06:36.308706+00:00,169.9,50,bid,FlawlessFlatbreads,EarnestEspressos,8906542
2026-07-06T00:06:36.432894,2026-07-06T00:06:36.444360+00:00,170.0,100,bid,EarnestEspressos,DiligentDonuts,8906550
2026-07-06T00:06:36.541419,2026-07-06T00:06:36.551480+00:00,170.0,3,ask,EarnestEspressos,Xuanyu Liu,8906551
2026-07-06T00:06:37.856953,2026-07-06T00:06:37.865680+00:00,170.0,3,ask,EarnestEspressos,Xuanyu Liu,8906572
2026-07-06T00:06:38.458104,2026-07-06T00:06:38.470021+00:00,170.0,44,ask,EarnestEspressos,FlawlessFlatbreads,8906579
2026-07-06T00:06:39.656565,2026-07-06T00:06:39.664995+00:00,169.8,3,bid,Xuanyu Liu,EarnestEspressos,8906595
2026-07-06T00:06:40.132843,2026-07-06T00:06:40.144468+00:00,169.8,100,bid,DiligentDonuts,EarnestEspressos,8906602
2026-07-06T00:06:40.470564,2026-07-06T00:06:40.478700+00:00,169.8,3,bid,Xuanyu Liu,EarnestEspressos,8906607
2026-07-06T00:06:42.624472,2026-07-06T00:06:42.634721+00:00,169.8,44,bid,FlawlessFlatbreads,EarnestEspressos,8906632
2026-07-06T00:06:42.624472,2026-07-06T00:06:42.634721+00:00,170.3,6,bid,FlawlessFlatbreads,DiligentDonuts,8906633
2026-07-06T00:06:43.017267,2026-07-06T00:06:43.025834+00:00,169.9,3,ask,EarnestEspressos,Xuanyu Liu,8906643
2026-07-06T00:06:44.785134,2026-07-06T00:06:44.796557+00:00,169.9,50,ask,EarnestEspressos,FlawlessFlatbreads,8906668
2026-07-06T00:06:46.891305,2026-07-06T00:06:46.902960+00:00,169.8,50,ask,EarnestEspressos,FlawlessFlatbreads,8906683
2026-07-06T00:06:49.009667,2026-07-06T00:06:49.018974+00:00,169.8,50,ask,EarnestEspressos,FlawlessFlatbreads,8906712
2026-07-06T00:06:50.604154,2026-07-06T00:06:50.616297+00:00,169.7,43,ask,DiligentDonuts,CostlyCorianders,8906726
2026-07-06T00:06:51.065974,2026-07-06T00:06:51.073576+00:00,169.9,50,bid,FlawlessFlatbreads,EarnestEspressos,8906735
2026-07-06T00:06:53.173300,2026-07-06T00:06:53.184938+00:00,169.9,50,bid,FlawlessFlatbreads,EarnestEspressos,8906768
2026-07-06T00:06:53.383818,2026-07-06T00:06:53.395646+00:00,169.5,43,ask,DiligentDonuts,CostlyCorianders,8906777
2026-07-06T00:06:55.332424,2026-07-06T00:06:55.344203+00:00,169.5,50,ask,DiligentDonuts,FlawlessFlatbreads,8906802
2026-07-06T00:06:55.481500,2026-07-06T00:06:55.493187+00:00,170.0,45,bid,CostlyCorianders,DiligentDonuts,8906806
2026-07-06T00:06:56.057576,2026-07-06T00:06:56.066420+00:00,169.6,40,ask,EarnestEspressos,CostlyCorianders,8906813
2026-07-06T00:06:56.547296,2026-07-06T00:06:56.563981+00:00,169.7,46,bid,CostlyCorianders,DiligentDonuts,8906818
2026-07-06T00:06:56.602582,2026-07-06T00:06:56.614330+00:00,169.6,49,ask,EarnestEspressos,CostlyCorianders,8906819
2026-07-06T00:06:57.441379,2026-07-06T00:06:57.452835+00:00,169.6,50,ask,EarnestEspressos,FlawlessFlatbreads,8906829
2026-07-06T00:06:57.630226,2026-07-06T00:06:57.642136+00:00,169.6,11,ask,EarnestEspressos,CostlyCorianders,8906832
2026-07-06T00:06:57.630226,2026-07-06T00:06:57.642136+00:00,169.2,32,ask,DiligentDonuts,CostlyCorianders,8906833
2026-07-06T00:06:58.625963,2026-07-06T00:06:58.636065+00:00,169.3,14,bid,Xuanyu Liu,EarnestEspressos,8906846
2026-07-06T00:06:58.727168,2026-07-06T00:06:58.740742+00:00,169.3,46,bid,CostlyCorianders,EarnestEspressos,8906851
2026-07-06T00:06:59.320823,2026-07-06T00:06:59.329569+00:00,169.3,12,bid,Xuanyu Liu,EarnestEspressos,8906857
2026-07-06T00:06:59.548769,2026-07-06T00:06:59.555207+00:00,169.1,50,ask,DiligentDonuts,FlawlessFlatbreads,8906861
2026-07-06T00:07:01.500519,2026-07-06T00:07:01.509890+00:00,169.3,23,bid,Xuanyu Liu,EarnestEspressos,8906899
2026-07-06T00:07:02.407576,2026-07-06T00:07:02.416005+00:00,169.5,12,ask,EarnestEspressos,Xuanyu Liu,8906912
2026-07-06T00:07:03.757944,2026-07-06T00:07:03.769941+00:00,169.5,50,ask,EarnestEspressos,FlawlessFlatbreads,8906928
2026-07-06T00:07:04.166917,2026-07-06T00:07:04.179746+00:00,169.7,44,bid,CostlyCorianders,DiligentDonuts,8906934
2026-07-06T00:07:05.812953,2026-07-06T00:07:05.824494+00:00,169.6,50,bid,FlawlessFlatbreads,EarnestEspressos,8906955
2026-07-06T00:07:06.209136,2026-07-06T00:07:06.220735+00:00,169.6,40,bid,CostlyCorianders,EarnestEspressos,8906961
2026-07-06T00:07:06.263777,2026-07-06T00:07:06.275929+00:00,169.3,47,ask,DiligentDonuts,CostlyCorianders,8906962
2026-07-06T00:07:07.920036,2026-07-06T00:07:07.929209+00:00,169.6,50,bid,FlawlessFlatbreads,EarnestEspressos,8906981
2026-07-06T00:07:07.924803,2026-07-06T00:07:07.934240+00:00,169.3,44,ask,DiligentDonuts,CostlyCorianders,8906982
2026-07-06T00:07:08.060056,2026-07-06T00:07:08.071085+00:00,169.8,100,bid,EarnestEspressos,DiligentDonuts,8906984
2026-07-06T00:07:08.125283,2026-07-06T00:07:08.135206+00:00,169.9,23,ask,EarnestEspressos,Xuanyu Liu,8906986
2026-07-06T00:07:08.459674,2026-07-06T00:07:08.468559+00:00,169.9,14,ask,EarnestEspressos,Xuanyu Liu,8906993
2026-07-06T00:07:08.654747,2026-07-06T00:07:08.666452+00:00,169.9,13,ask,EarnestEspressos,DiligentDonuts,8906997
2026-07-06T00:07:10.028766,2026-07-06T00:07:10.040511+00:00,169.8,50,bid,FlawlessFlatbreads,DiligentDonuts,8907017
2026-07-06T00:07:11.360132,2026-07-06T00:07:11.369626+00:00,169.6,3,bid,Xuanyu Liu,EarnestEspressos,8907033
2026-07-06T00:07:12.020933,2026-07-06T00:07:12.031002+00:00,169.6,11,bid,Xuanyu Liu,EarnestEspressos,8907040
2026-07-06T00:07:12.135486,2026-07-06T00:07:12.141859+00:00,169.6,50,bid,FlawlessFlatbreads,EarnestEspressos,8907046
2026-07-06T00:07:12.948981,2026-07-06T00:07:12.960931+00:00,169.6,49,bid,CostlyCorianders,EarnestEspressos,8907055
2026-07-06T00:07:13.472131,2026-07-06T00:07:13.483761+00:00,169.5,46,ask,DiligentDonuts,CostlyCorianders,8907061
2026-07-06T00:07:13.955987,2026-07-06T00:07:13.967602+00:00,169.5,45,ask,DiligentDonuts,CostlyCorianders,8907067
2026-07-06T00:07:14.294452,2026-07-06T00:07:14.302821+00:00,169.5,9,ask,DiligentDonuts,FlawlessFlatbreads,8907074
2026-07-06T00:07:14.294452,2026-07-06T00:07:14.308043+00:00,169.1,41,ask,EarnestEspressos,FlawlessFlatbreads,8907075
2026-07-06T00:07:15.663863,2026-07-06T00:07:15.675794+00:00,169.5,42,bid,CostlyCorianders,DiligentDonuts,8907095
2026-07-06T00:07:15.955728,2026-07-06T00:07:15.965151+00:00,169.5,12,bid,Xuanyu Liu,DiligentDonuts,8907102
2026-07-06T00:07:18.512222,2026-07-06T00:07:18.523985+00:00,169.4,50,ask,EarnestEspressos,FlawlessFlatbreads,8907133
2026-07-06T00:07:20.618699,2026-07-06T00:07:20.630602+00:00,169.4,50,ask,EarnestEspressos,FlawlessFlatbreads,8907156
2026-07-06T00:07:20.765006,2026-07-06T00:07:20.776713+00:00,169.4,100,ask,DiligentDonuts,EarnestEspressos,8907158
2026-07-06T00:07:21.685897,2026-07-06T00:07:21.695213+00:00,169.3,11,bid,Xuanyu Liu,EarnestEspressos,8907168
2026-07-06T00:07:22.727500,2026-07-06T00:07:22.739224+00:00,168.9,50,ask,DiligentDonuts,FlawlessFlatbreads,8907179
2026-07-06T00:07:23.874453,2026-07-06T00:07:23.886152+00:00,169.4,100,bid,EarnestEspressos,DiligentDonuts,8907191
2026-07-06T00:07:24.835173,2026-07-06T00:07:24.842136+00:00,169.5,50,ask,EarnestEspressos,FlawlessFlatbreads,8907204
2026-07-06T00:07:25.274826,2026-07-06T00:07:25.286576+00:00,169.7,43,bid,CostlyCorianders,DiligentDonuts,8907206
2026-07-06T00:07:26.942303,2026-07-06T00:07:26.953996+00:00,169.2,50,ask,DiligentDonuts,FlawlessFlatbreads,8907226
2026-07-06T00:07:29.050195,2026-07-06T00:07:29.059675+00:00,169.2,50,ask,DiligentDonuts,FlawlessFlatbreads,8907260
2026-07-06T00:07:29.336026,2026-07-06T00:07:29.347564+00:00,169.4,41,bid,CostlyCorianders,EarnestEspressos,8907264
2026-07-06T00:07:31.156785,2026-07-06T00:07:31.164120+00:00,169.0,50,ask,EarnestEspressos,FlawlessFlatbreads,8907279
2026-07-06T00:07:33.262499,2026-07-06T00:07:33.274129+00:00,169.0,50,ask,EarnestEspressos,FlawlessFlatbreads,8907306
2026-07-06T00:07:33.424128,2026-07-06T00:07:33.446254+00:00,169.0,100,ask,DiligentDonuts,EarnestEspressos,8907309
2026-07-06T00:07:33.436926,2026-07-06T00:07:33.446254+00:00,169.0,23,bid,Xuanyu Liu,EarnestEspressos,8907310
2026-07-06T00:07:35.042054,2026-07-06T00:07:35.058552+00:00,169.0,27,bid,CostlyCorianders,EarnestEspressos,8907328
2026-07-06T00:07:35.042054,2026-07-06T00:07:35.058552+00:00,169.1,19,bid,CostlyCorianders,DiligentDonuts,8907329
2026-07-06T00:07:36.532231,2026-07-06T00:07:36.543722+00:00,169.1,81,bid,EarnestEspressos,DiligentDonuts,8907356
2026-07-06T00:07:37.257683,2026-07-06T00:07:37.269480+00:00,169.1,41,ask,EarnestEspressos,CostlyCorianders,8907363
2026-07-06T00:07:37.484963,2026-07-06T00:07:37.494841+00:00,169.1,28,ask,EarnestEspressos,FlawlessFlatbreads,8907372
2026-07-06T00:07:37.484963,2026-07-06T00:07:37.494841+00:00,168.9,22,ask,DiligentDonuts,FlawlessFlatbreads,8907373
2026-07-06T00:07:38.722765,2026-07-06T00:07:38.734309+00:00,168.9,42,ask,DiligentDonuts,CostlyCorianders,8907389
2026-07-06T00:07:39.322677,2026-07-06T00:07:39.334301+00:00,169.4,47,bid,CostlyCorianders,DiligentDonuts,8907397
2026-07-06T00:07:39.592621,2026-07-06T00:07:39.604297+00:00,168.9,36,ask,DiligentDonuts,FlawlessFlatbreads,8907399
2026-07-06T00:07:39.913563,2026-07-06T00:07:39.925578+00:00,168.5,40,ask,EarnestEspressos,CostlyCorianders,8907407
2026-07-06T00:07:40.877151,2026-07-06T00:07:40.885690+00:00,169.0,11,bid,Xuanyu Liu,EarnestEspressos,8907421
2026-07-06T00:07:41.430298,2026-07-06T00:07:41.441988+00:00,169.0,49,bid,CostlyCorianders,EarnestEspressos,8907425
2026-07-06T00:07:41.648702,2026-07-06T00:07:41.655342+00:00,169.0,50,bid,FlawlessFlatbreads,EarnestEspressos,8907428
2026-07-06T00:07:43.614665,2026-07-06T00:07:43.626481+00:00,168.9,44,ask,EarnestEspressos,CostlyCorianders,8907450
2026-07-06T00:07:45.862767,2026-07-06T00:07:45.874374+00:00,169.4,50,bid,FlawlessFlatbreads,EarnestEspressos,8907474
2026-07-06T00:07:47.417806,2026-07-06T00:07:47.428462+00:00,169.2,42,ask,EarnestEspressos,CostlyCorianders,8907506
2026-07-06T00:07:47.990192,2026-07-06T00:07:47.993300+00:00,169.5,50,bid,FlawlessFlatbreads,DiligentDonuts,8907510
2026-07-06T00:07:50.097546,2026-07-06T00:07:50.109132+00:00,169.4,50,bid,FlawlessFlatbreads,EarnestEspressos,8907534
2026-07-06T00:07:52.205401,2026-07-06T00:07:52.217415+00:00,169.4,50,bid,FlawlessFlatbreads,EarnestEspressos,8907556
2026-07-06T00:07:53.086070,2026-07-06T00:07:53.095479+00:00,169.8,41,bid,CostlyCorianders,DiligentDonuts,8907562
2026-07-06T00:07:53.636469,2026-07-06T00:07:53.648422+00:00,169.4,41,ask,EarnestEspressos,CostlyCorianders,8907568
2026-07-06T00:07:54.312238,2026-07-06T00:07:54.322924+00:00,169.8,50,bid,FlawlessFlatbreads,DiligentDonuts,8907581
2026-07-06T00:07:56.473735,2026-07-06T00:07:56.479506+00:00,169.5,50,ask,DiligentDonuts,FlawlessFlatbreads,8907611
2026-07-06T00:07:57.207732,2026-07-06T00:07:57.219336+00:00,169.7,43,bid,CostlyCorianders,EarnestEspressos,8907620
2026-07-06T00:07:58.579219,2026-07-06T00:07:58.590892+00:00,169.5,50,ask,DiligentDonuts,FlawlessFlatbreads,8907639
2026-07-06T00:07:58.914091,2026-07-06T00:07:58.926152+00:00,170.0,46,bid,CostlyCorianders,DiligentDonuts,8907646
2026-07-06T00:07:59.877513,2026-07-06T00:07:59.889208+00:00,169.5,43,ask,EarnestEspressos,CostlyCorianders,8907655
2026-07-06T00:08:02.792992,2026-07-06T00:08:02.796553+00:00,169.6,50,ask,DiligentDonuts,FlawlessFlatbreads,8907691
2026-07-06T00:08:03.941445,2026-07-06T00:08:03.958571+00:00,169.9,49,bid,CostlyCorianders,EarnestEspressos,8907708
2026-07-06T00:08:04.899975,2026-07-06T00:08:04.911573+00:00,169.6,50,ask,DiligentDonuts,FlawlessFlatbreads,8907724
2026-07-06T00:08:06.954559,2026-07-06T00:08:06.958590+00:00,169.9,50,bid,FlawlessFlatbreads,DiligentDonuts,8907743
2026-07-06T00:08:09.059967,2026-07-06T00:08:09.071963+00:00,170.2,50,bid,FlawlessFlatbreads,DiligentDonuts,8907767
2026-07-06T00:08:11.167264,2026-07-06T00:08:11.175633+00:00,170.2,50,bid,FlawlessFlatbreads,DiligentDonuts,8907790
2026-07-06T00:08:11.460136,2026-07-06T00:08:11.470219+00:00,169.9,11,ask,EarnestEspressos,Xuanyu Liu,8907794
2026-07-06T00:08:11.469200,2026-07-06T00:08:11.483171+00:00,169.9,44,ask,EarnestEspressos,CostlyCorianders,8907796
2026-07-06T00:08:13.273984,2026-07-06T00:08:13.286029+00:00,170.4,50,bid,FlawlessFlatbreads,EarnestEspressos,8907827
2026-07-06T00:08:13.626114,2026-07-06T00:08:13.635785+00:00,169.9,11,ask,EarnestEspressos,Xuanyu Liu,8907830
2026-07-06T00:08:15.384435,2026-07-06T00:08:15.396360+00:00,170.1,50,bid,FlawlessFlatbreads,EarnestEspressos,8907849
2026-07-06T00:08:17.544031,2026-07-06T00:08:17.554706+00:00,169.8,50,ask,DiligentDonuts,FlawlessFlatbreads,8907878
2026-07-06T00:08:21.755394,2026-07-06T00:08:21.767159+00:00,169.8,50,ask,EarnestEspressos,FlawlessFlatbreads,8907939
2026-07-06T00:08:23.794485,2026-07-06T00:08:23.802699+00:00,169.8,41,ask,EarnestEspressos,CostlyCorianders,8907966
2026-07-06T00:08:23.811521,2026-07-06T00:08:23.823080+00:00,170.1,50,bid,FlawlessFlatbreads,DiligentDonuts,8907967
2026-07-06T00:08:25.220398,2026-07-06T00:08:25.227908+00:00,170.2,44,bid,CostlyCorianders,EarnestEspressos,8907987
2026-07-06T00:08:25.927264,2026-07-06T00:08:25.934354+00:00,170.2,50,bid,FlawlessFlatbreads,EarnestEspressos,8908005
2026-07-06T00:08:27.966659,2026-07-06T00:08:27.978223+00:00,169.9,45,ask,EarnestEspressos,CostlyCorianders,8908028
2026-07-06T00:08:28.020365,2026-07-06T00:08:28.028568+00:00,169.9,12,ask,EarnestEspressos,Xuanyu Liu,8908031
2026-07-06T00:08:28.448420,2026-07-06T00:08:28.458644+00:00,169.9,47,ask,EarnestEspressos,CostlyCorianders,8908039
2026-07-06T00:08:29.010826,2026-07-06T00:08:29.022481+00:00,170.3,47,bid,CostlyCorianders,DiligentDonuts,8908047
2026-07-06T00:08:29.642750,2026-07-06T00:08:29.654605+00:00,170.3,40,bid,CostlyCorianders,DiligentDonuts,8908059
2026-07-06T00:08:29.696673,2026-07-06T00:08:29.708171+00:00,169.9,44,ask,EarnestEspressos,CostlyCorianders,8908060
2026-07-06T00:08:30.193562,2026-07-06T00:08:30.202773+00:00,169.9,2,ask,EarnestEspressos,FlawlessFlatbreads,8908068
2026-07-06T00:08:30.193562,2026-07-06T00:08:30.202773+00:00,169.8,48,ask,DiligentDonuts,FlawlessFlatbreads,8908069
2026-07-06T00:08:30.355332,2026-07-06T00:08:30.368109+00:00,169.8,52,ask,DiligentDonuts,EarnestEspressos,8908071
2026-07-06T00:08:30.359505,2026-07-06T00:08:30.368109+00:00,169.6,12,bid,Xuanyu Liu,EarnestEspressos,8908072
2026-07-06T00:08:31.928684,2026-07-06T00:08:31.940965+00:00,169.6,45,bid,CostlyCorianders,EarnestEspressos,8908093
2026-07-06T00:08:34.356646,2026-07-06T00:08:34.354647+00:00,169.8,50,bid,FlawlessFlatbreads,DiligentDonuts,8908119
2026-07-06T00:08:34.684375,2026-07-06T00:08:34.696055+00:00,169.4,43,ask,EarnestEspressos,CostlyCorianders,8908125
2026-07-06T00:08:36.172622,2026-07-06T00:08:36.181343+00:00,169.8,49,bid,CostlyCorianders,DiligentDonuts,8908147
2026-07-06T00:08:36.465072,2026-07-06T00:08:36.477055+00:00,169.9,49,bid,FlawlessFlatbreads,EarnestEspressos,8908154
2026-07-06T00:08:37.608989,2026-07-06T00:08:37.619782+00:00,169.7,40,ask,DiligentDonuts,CostlyCorianders,8908170
2026-07-06T00:08:38.212287,2026-07-06T00:08:38.220159+00:00,169.7,49,ask,DiligentDonuts,CostlyCorianders,8908180
2026-07-06T00:08:38.631042,2026-07-06T00:08:38.640891+00:00,169.7,11,ask,DiligentDonuts,FlawlessFlatbreads,8908189
2026-07-06T00:08:38.631042,2026-07-06T00:08:38.640891+00:00,169.5,39,ask,EarnestEspressos,FlawlessFlatbreads,8908190
2026-07-06T00:08:42.848270,2026-07-06T00:08:42.858828+00:00,169.3,50,ask,EarnestEspressos,FlawlessFlatbreads,8908249
2026-07-06T00:08:44.954991,2026-07-06T00:08:44.966944+00:00,169.6,50,ask,DiligentDonuts,FlawlessFlatbreads,8908275
2026-07-06T00:08:46.081038,2026-07-06T00:08:46.090888+00:00,170.1,45,bid,CostlyCorianders,DiligentDonuts,8908283
2026-07-06T00:08:47.010365,2026-07-06T00:08:47.017562+00:00,170.0,50,bid,FlawlessFlatbreads,EarnestEspressos,8908300
2026-07-06T00:08:49.133574,2026-07-06T00:08:49.143208+00:00,170.0,50,bid,FlawlessFlatbreads,EarnestEspressos,8908324
2026-07-06T00:08:51.241618,2026-07-06T00:08:51.263610+00:00,170.4,50,bid,FlawlessFlatbreads,DiligentDonuts,8908342
2026-07-06T00:08:51.324493,2026-07-06T00:08:51.332545+00:00,170.1,40,ask,EarnestEspressos,CostlyCorianders,8908345
2026-07-06T00:08:52.507188,2026-07-06T00:08:52.516070+00:00,170.4,44,bid,CostlyCorianders,DiligentDonuts,8908361
2026-07-06T00:08:53.346121,2026-07-06T00:08:53.358577+00:00,170.3,50,bid,FlawlessFlatbreads,EarnestEspressos,8908373
2026-07-06T00:08:54.063945,2026-07-06T00:08:54.075225+00:00,170.3,41,bid,CostlyCorianders,EarnestEspressos,8908379
2026-07-06T00:08:55.006048,2026-07-06T00:08:55.013596+00:00,170.1,47,ask,DiligentDonuts,CostlyCorianders,8908394
2026-07-06T00:08:55.629282,2026-07-06T00:08:55.639213+00:00,170.3,12,ask,EarnestEspressos,Xuanyu Liu,8908407
2026-07-06T00:08:55.994268,2026-07-06T00:08:56.006118+00:00,170.3,47,ask,EarnestEspressos,CostlyCorianders,8908409
2026-07-06T00:08:57.607282,2026-07-06T00:08:57.618916+00:00,170.3,50,ask,EarnestEspressos,FlawlessFlatbreads,8908423
2026-07-06T00:08:58.620051,2026-07-06T00:08:58.631589+00:00,170.6,48,bid,CostlyCorianders,DiligentDonuts,8908439
2026-07-06T00:08:59.087324,2026-07-06T00:08:59.099333+00:00,170.1,48,ask,DiligentDonuts,CostlyCorianders,8908444
2026-07-06T00:08:59.663845,2026-07-06T00:08:59.671861+00:00,170.3,50,bid,FlawlessFlatbreads,EarnestEspressos,8908449
2026-07-06T00:09:01.769496,2026-07-06T00:09:01.781284+00:00,170.3,50,bid,FlawlessFlatbreads,EarnestEspressos,8908481
2026-07-06T00:09:02.534261,2026-07-06T00:09:02.546009+00:00,170.9,47,bid,CostlyCorianders,EarnestEspressos,8908492
2026-07-06T00:09:03.876574,2026-07-06T00:09:03.888143+00:00,170.7,50,bid,FlawlessFlatbreads,DiligentDonuts,8908509
2026-07-06T00:09:05.859500,2026-07-06T00:09:05.867782+00:00,170.6,23,ask,EarnestEspressos,Xuanyu Liu,8908532
2026-07-06T00:09:05.983196,2026-07-06T00:09:05.995040+00:00,170.9,50,bid,FlawlessFlatbreads,DiligentDonuts,8908536
2026-07-06T00:09:07.029712,2026-07-06T00:09:07.040196+00:00,170.9,40,bid,CostlyCorianders,DiligentDonuts,8908546
2026-07-06T00:09:07.359555,2026-07-06T00:09:07.367717+00:00,170.6,11,ask,EarnestEspressos,Xuanyu Liu,8908552
2026-07-06T00:09:08.090757,2026-07-06T00:09:08.102760+00:00,170.9,10,bid,FlawlessFlatbreads,DiligentDonuts,8908566
2026-07-06T00:09:08.090757,2026-07-06T00:09:08.102760+00:00,171.1,40,bid,FlawlessFlatbreads,EarnestEspressos,8908567
2026-07-06T00:09:10.199824,2026-07-06T00:09:10.211422+00:00,171.0,50,bid,FlawlessFlatbreads,EarnestEspressos,8908591
2026-07-06T00:09:11.465263,2026-07-06T00:09:11.474473+00:00,171.0,3,ask,EarnestEspressos,Xuanyu Liu,8908605
2026-07-06T00:09:12.306844,2026-07-06T00:09:12.318746+00:00,171.3,50,bid,FlawlessFlatbreads,DiligentDonuts,8908619
2026-07-06T00:09:14.415318,2026-07-06T00:09:14.427286+00:00,171.3,50,bid,FlawlessFlatbreads,DiligentDonuts,8908643
2026-07-06T00:09:16.523262,2026-07-06T00:09:16.535460+00:00,171.5,50,bid,FlawlessFlatbreads,EarnestEspressos,8908672
2026-07-06T00:09:17.018665,2026-07-06T00:09:17.027806+00:00,171.2,41,ask,DiligentDonuts,CostlyCorianders,8908684
2026-07-06T00:09:18.681886,2026-07-06T00:09:18.701630+00:00,171.5,50,ask,DiligentDonuts,FlawlessFlatbreads,8908707
2026-07-06T00:09:20.788177,2026-07-06T00:09:20.799863+00:00,171.5,50,ask,DiligentDonuts,FlawlessFlatbreads,8908737
2026-07-06T00:09:22.895621,2026-07-06T00:09:22.907583+00:00,171.5,50,ask,EarnestEspressos,FlawlessFlatbreads,8908755
2026-07-06T00:09:25.003014,2026-07-06T00:09:25.013024+00:00,171.4,50,ask,EarnestEspressos,FlawlessFlatbreads,8908778
2026-07-06T00:09:25.159301,2026-07-06T00:09:25.168241+00:00,171.4,49,ask,EarnestEspressos,CostlyCorianders,8908782
2026-07-06T00:09:27.110595,2026-07-06T00:09:27.122491+00:00,171.4,50,ask,EarnestEspressos,FlawlessFlatbreads,8908806
2026-07-06T00:09:28.228856,2026-07-06T00:09:28.232262+00:00,171.7,43,bid,CostlyCorianders,EarnestEspressos,8908819
2026-07-06T00:09:28.810114,2026-07-06T00:09:28.820090+00:00,171.5,40,ask,DiligentDonuts,CostlyCorianders,8908826
2026-07-06T00:09:29.218650,2026-07-06T00:09:29.230482+00:00,171.5,50,ask,DiligentDonuts,FlawlessFlatbreads,8908835
2026-07-06T00:09:31.326012,2026-07-06T00:09:31.337996+00:00,171.2,50,ask,EarnestEspressos,FlawlessFlatbreads,8908870
2026-07-06T00:09:32.452626,2026-07-06T00:09:32.460718+00:00,171.6,3,bid,Xuanyu Liu,DiligentDonuts,8908891
2026-07-06T00:09:33.661053,2026-07-06T00:09:33.669158+00:00,171.6,11,bid,Xuanyu Liu,DiligentDonuts,8908907
2026-07-06T00:09:35.549040,2026-07-06T00:09:35.552348+00:00,171.4,50,ask,DiligentDonuts,FlawlessFlatbreads,8908930
2026-07-06T00:09:36.202768,2026-07-06T00:09:36.212139+00:00,171.6,49,bid,CostlyCorianders,EarnestEspressos,8908945
2026-07-06T00:09:36.795561,2026-07-06T00:09:36.807017+00:00,171.4,45,ask,DiligentDonuts,CostlyCorianders,8908948
2026-07-06T00:09:37.749147,2026-07-06T00:09:37.751672+00:00,171.5,49,bid,CostlyCorianders,DiligentDonuts,8908959
2026-07-06T00:09:37.902105,2026-07-06T00:09:37.910844+00:00,171.5,12,bid,Xuanyu Liu,DiligentDonuts,8908964
2026-07-06T00:09:38.896395,2026-07-06T00:09:38.904911+00:00,171.5,11,bid,Xuanyu Liu,DiligentDonuts,8908979
2026-07-06T00:09:39.102872,2026-07-06T00:09:39.114390+00:00,171.5,12,bid,Xuanyu Liu,DiligentDonuts,8908982
2026-07-06T00:09:39.708040,2026-07-06T00:09:39.717647+00:00,171.5,16,bid,FlawlessFlatbreads,DiligentDonuts,8908991
2026-07-06T00:09:39.708040,2026-07-06T00:09:39.717647+00:00,171.8,34,bid,FlawlessFlatbreads,EarnestEspressos,8908992
2026-07-06T00:09:39.989178,2026-07-06T00:09:39.998782+00:00,171.8,12,ask,EarnestEspressos,Xuanyu Liu,8908998
2026-07-06T00:09:40.211336,2026-07-06T00:09:40.220735+00:00,171.8,11,ask,EarnestEspressos,Xuanyu Liu,8909005
2026-07-06T00:09:41.051749,2026-07-06T00:09:41.058594+00:00,172.0,42,bid,CostlyCorianders,DiligentDonuts,8909017
2026-07-06T00:09:41.669630,2026-07-06T00:09:41.681394+00:00,171.8,42,ask,EarnestEspressos,CostlyCorianders,8909026
2026-07-06T00:09:41.815459,2026-07-06T00:09:41.827420+00:00,172.0,50,bid,FlawlessFlatbreads,DiligentDonuts,8909027
2026-07-06T00:09:42.713308,2026-07-06T00:09:42.725301+00:00,171.8,48,ask,EarnestEspressos,CostlyCorianders,8909035
2026-07-06T00:09:43.586789,2026-07-06T00:09:43.598640+00:00,171.9,100,bid,DiligentDonuts,EarnestEspressos,8909050
2026-07-06T00:09:43.947973,2026-07-06T00:09:43.958591+00:00,171.9,50,bid,FlawlessFlatbreads,EarnestEspressos,8909054
2026-07-06T00:09:46.053924,2026-07-06T00:09:46.065652+00:00,172.5,50,bid,FlawlessFlatbreads,DiligentDonuts,8909074
2026-07-06T00:09:46.259534,2026-07-06T00:09:46.268369+00:00,172.0,12,ask,EarnestEspressos,Xuanyu Liu,8909077
2026-07-06T00:09:46.367897,2026-07-06T00:09:46.379305+00:00,172.5,47,bid,CostlyCorianders,DiligentDonuts,8909080
2026-07-06T00:09:48.162305,2026-07-06T00:09:48.174126+00:00,172.4,50,bid,FlawlessFlatbreads,DiligentDonuts,8909104
2026-07-06T00:09:49.929511,2026-07-06T00:09:49.939609+00:00,172.1,11,ask,DiligentDonuts,Xuanyu Liu,8909120
2026-07-06T00:09:50.001373,2026-07-06T00:09:50.010000+00:00,172.1,3,ask,DiligentDonuts,Xuanyu Liu,8909124
2026-07-06T00:09:50.278243,2026-07-06T00:09:50.287937+00:00,172.5,50,bid,FlawlessFlatbreads,EarnestEspressos,8909129
2026-07-06T00:09:52.413376,2026-07-06T00:09:52.420593+00:00,172.5,50,bid,FlawlessFlatbreads,EarnestEspressos,8909155
2026-07-06T00:09:53.731433,2026-07-06T00:09:53.743014+00:00,172.1,45,ask,EarnestEspressos,CostlyCorianders,8909166
2026-07-06T00:09:54.377558,2026-07-06T00:09:54.389306+00:00,172.1,41,ask,EarnestEspressos,CostlyCorianders,8909180
2026-07-06T00:09:54.571730,2026-07-06T00:09:54.579675+00:00,172.1,50,ask,EarnestEspressos,FlawlessFlatbreads,8909183
2026-07-06T00:09:54.659504,2026-07-06T00:09:54.669096+00:00,172.1,3,ask,EarnestEspressos,Xuanyu Liu,8909185
2026-07-06T00:09:55.782633,2026-07-06T00:09:55.791251+00:00,171.9,100,ask,DiligentDonuts,EarnestEspressos,8909204
2026-07-06T00:09:55.792464,2026-07-06T00:09:55.801169+00:00,171.8,3,bid,Xuanyu Liu,EarnestEspressos,8909205
2026-07-06T00:09:56.969459,2026-07-06T00:09:56.981039+00:00,171.8,40,bid,CostlyCorianders,EarnestEspressos,8909218
2026-07-06T00:09:58.891382,2026-07-06T00:09:58.903190+00:00,171.8,100,bid,EarnestEspressos,DiligentDonuts,8909246
2026-07-06T00:10:00.901431,2026-07-06T00:10:00.915472+00:00,172.0,50,ask,EarnestEspressos,FlawlessFlatbreads,8909277
2026-07-06T00:10:02.583540,2026-07-06T00:10:02.595412+00:00,171.9,49,ask,DiligentDonuts,CostlyCorianders,8909300
2026-07-06T00:10:03.008330,2026-07-06T00:10:03.016595+00:00,171.9,50,ask,DiligentDonuts,FlawlessFlatbreads,8909311
2026-07-06T00:10:05.116810,2026-07-06T00:10:05.127689+00:00,171.9,1,ask,DiligentDonuts,FlawlessFlatbreads,8909332
2026-07-06T00:10:05.116810,2026-07-06T00:10:05.127689+00:00,171.6,49,ask,EarnestEspressos,FlawlessFlatbreads,8909333
2026-07-06T00:10:05.467042,2026-07-06T00:10:05.474168+00:00,171.8,48,bid,CostlyCorianders,EarnestEspressos,8909337
2026-07-06T00:10:06.445895,2026-07-06T00:10:06.454787+00:00,171.8,3,bid,Xuanyu Liu,EarnestEspressos,8909342
2026-07-06T00:10:07.225940,2026-07-06T00:10:07.237800+00:00,171.5,50,ask,DiligentDonuts,FlawlessFlatbreads,8909350
2026-07-06T00:10:09.333471,2026-07-06T00:10:09.343832+00:00,171.6,50,ask,EarnestEspressos,FlawlessFlatbreads,8909376
2026-07-06T00:10:11.440541,2026-07-06T00:10:11.463675+00:00,171.6,50,ask,EarnestEspressos,FlawlessFlatbreads,8909400
2026-07-06T00:10:11.604542,2026-07-06T00:10:11.614249+00:00,171.6,11,bid,Xuanyu Liu,EarnestEspressos,8909401
2026-07-06T00:10:12.040986,2026-07-06T00:10:12.058808+00:00,171.6,42,bid,CostlyCorianders,EarnestEspressos,8909406
2026-07-06T00:10:12.980548,2026-07-06T00:10:12.989630+00:00,171.6,12,bid,Xuanyu Liu,EarnestEspressos,8909429
2026-07-06T00:10:13.496706,2026-07-06T00:10:13.508650+00:00,171.6,50,bid,FlawlessFlatbreads,EarnestEspressos,8909439
2026-07-06T00:10:14.241574,2026-07-06T00:10:14.251535+00:00,171.6,35,bid,CostlyCorianders,EarnestEspressos,8909456
2026-07-06T00:10:14.241574,2026-07-06T00:10:14.251535+00:00,171.8,14,bid,CostlyCorianders,DiligentDonuts,8909457
2026-07-06T00:10:14.697676,2026-07-06T00:10:14.709424+00:00,171.8,86,bid,EarnestEspressos,DiligentDonuts,8909459
2026-07-06T00:10:14.759466,2026-07-06T00:10:14.768789+00:00,171.8,12,ask,EarnestEspressos,Xuanyu Liu,8909460
2026-07-06T00:10:15.426296,2026-07-06T00:10:15.434295+00:00,171.8,11,ask,EarnestEspressos,Xuanyu Liu,8909469
2026-07-06T00:10:15.653000,2026-07-06T00:10:15.658590+00:00,171.8,41,ask,EarnestEspressos,FlawlessFlatbreads,8909473
2026-07-06T00:10:15.653000,2026-07-06T00:10:15.658590+00:00,171.7,9,ask,DiligentDonuts,FlawlessFlatbreads,8909474
2026-07-06T00:10:15.742485,2026-07-06T00:10:15.753992+00:00,171.7,41,ask,DiligentDonuts,CostlyCorianders,8909477
2026-07-06T00:10:17.756495,2026-07-06T00:10:17.758547+00:00,171.7,44,ask,DiligentDonuts,CostlyCorianders,8909493
2026-07-06T00:10:17.759959,2026-07-06T00:10:17.769298+00:00,171.7,6,ask,DiligentDonuts,FlawlessFlatbreads,8909494
2026-07-06T00:10:17.928533,2026-07-06T00:10:17.937492+00:00,171.7,11,bid,Xuanyu Liu,EarnestEspressos,8909497
2026-07-06T00:10:21.919885,2026-07-06T00:10:21.928840+00:00,171.7,50,bid,FlawlessFlatbreads,EarnestEspressos,8909528
2026-07-06T00:10:24.027211,2026-07-06T00:10:24.039074+00:00,171.7,50,bid,FlawlessFlatbreads,EarnestEspressos,8909549
2026-07-06T00:10:25.938652,2026-07-06T00:10:25.950313+00:00,171.7,40,bid,CostlyCorianders,DiligentDonuts,8909577
2026-07-06T00:10:26.135873,2026-07-06T00:10:26.147615+00:00,171.7,50,bid,FlawlessFlatbreads,DiligentDonuts,8909579
2026-07-06T00:10:26.571485,2026-07-06T00:10:26.582957+00:00,171.7,10,bid,CostlyCorianders,DiligentDonuts,8909584
2026-07-06T00:10:26.571485,2026-07-06T00:10:26.582957+00:00,171.9,30,bid,CostlyCorianders,EarnestEspressos,8909585
2026-07-06T00:10:28.241140,2026-07-06T00:10:28.252410+00:00,172.2,50,bid,FlawlessFlatbreads,EarnestEspressos,8909612
2026-07-06T00:10:29.207903,2026-07-06T00:10:29.219727+00:00,171.7,41,ask,EarnestEspressos,CostlyCorianders,8909622
2026-07-06T00:10:30.346619,2026-07-06T00:10:30.358541+00:00,172.2,50,bid,FlawlessFlatbreads,EarnestEspressos,8909637
2026-07-06T00:10:30.543572,2026-07-06T00:10:30.552005+00:00,172.0,11,ask,EarnestEspressos,Xuanyu Liu,8909641
2026-07-06T00:10:31.334886,2026-07-06T00:10:31.344780+00:00,172.0,3,ask,EarnestEspressos,Xuanyu Liu,8909655
2026-07-06T00:10:32.503523,2026-07-06T00:10:32.515414+00:00,172.0,50,ask,EarnestEspressos,FlawlessFlatbreads,8909669
2026-07-06T00:10:34.610604,2026-07-06T00:10:34.622362+00:00,171.7,50,ask,DiligentDonuts,FlawlessFlatbreads,8909701
2026-07-06T00:10:36.739901,2026-07-06T00:10:36.751851+00:00,171.7,50,ask,DiligentDonuts,FlawlessFlatbreads,8909723
2026-07-06T00:10:37.861788,2026-07-06T00:10:37.868969+00:00,171.7,48,ask,EarnestEspressos,CostlyCorianders,8909738
2026-07-06T00:10:38.846701,2026-07-06T00:10:38.858575+00:00,171.7,50,ask,EarnestEspressos,FlawlessFlatbreads,8909751
2026-07-06T00:10:40.091247,2026-07-06T00:10:40.099775+00:00,171.6,3,bid,Xuanyu Liu,EarnestEspressos,8909763
2026-07-06T00:10:40.952057,2026-07-06T00:10:40.963951+00:00,171.1,50,ask,EarnestEspressos,FlawlessFlatbreads,8909777
2026-07-06T00:10:41.998120,2026-07-06T00:10:42.006405+00:00,171.6,47,bid,CostlyCorianders,EarnestEspressos,8909795
2026-07-06T00:10:43.059910,2026-07-06T00:10:43.071480+00:00,171.1,50,ask,EarnestEspressos,FlawlessFlatbreads,8909804
2026-07-06T00:10:43.127022,2026-07-06T00:10:43.136283+00:00,171.6,11,bid,Xuanyu Liu,EarnestEspressos,8909807
2026-07-06T00:10:45.167778,2026-07-06T00:10:45.177708+00:00,171.3,50,ask,DiligentDonuts,FlawlessFlatbreads,8909836
2026-07-06T00:10:45.750371,2026-07-06T00:10:45.760038+00:00,171.6,12,bid,Xuanyu Liu,EarnestEspressos,8909843
2026-07-06T00:10:47.274330,2026-07-06T00:10:47.285817+00:00,171.3,50,ask,DiligentDonuts,FlawlessFlatbreads,8909858
2026-07-06T00:10:49.405206,2026-07-06T00:10:49.417020+00:00,171.3,50,ask,DiligentDonuts,FlawlessFlatbreads,8909887
2026-07-06T00:10:49.588866,2026-07-06T00:10:49.600579+00:00,171.8,48,bid,CostlyCorianders,DiligentDonuts,8909890
2026-07-06T00:10:51.461086,2026-07-06T00:10:51.472774+00:00,171.7,50,bid,FlawlessFlatbreads,EarnestEspressos,8909904
2026-07-06T00:10:55.715627,2026-07-06T00:10:55.727043+00:00,171.6,50,bid,FlawlessFlatbreads,DiligentDonuts,8909945
2026-07-06T00:10:57.821166,2026-07-06T00:10:57.829189+00:00,171.7,50,bid,FlawlessFlatbreads,DiligentDonuts,8909982
2026-07-06T00:10:59.926802,2026-07-06T00:10:59.937069+00:00,171.8,50,bid,FlawlessFlatbreads,DiligentDonuts,8910008
2026-07-06T00:11:02.033082,2026-07-06T00:11:02.044690+00:00,171.8,50,bid,FlawlessFlatbreads,DiligentDonuts,8910025
2026-07-06T00:11:02.410086,2026-07-06T00:11:02.421839+00:00,171.3,42,ask,DiligentDonuts,CostlyCorianders,8910030
2026-07-06T00:11:03.368432,2026-07-06T00:11:03.379911+00:00,171.4,43,ask,DiligentDonuts,CostlyCorianders,8910040
2026-07-06T00:11:04.023274,2026-07-06T00:11:04.035324+00:00,171.8,45,bid,CostlyCorianders,EarnestEspressos,8910053
2026-07-06T00:11:04.141878,2026-07-06T00:11:04.158660+00:00,171.8,50,bid,FlawlessFlatbreads,EarnestEspressos,8910054
2026-07-06T00:11:04.574071,2026-07-06T00:11:04.585116+00:00,171.8,48,bid,CostlyCorianders,EarnestEspressos,8910059
2026-07-06T00:11:04.628098,2026-07-06T00:11:04.639995+00:00,171.4,46,ask,DiligentDonuts,CostlyCorianders,8910061
2026-07-06T00:11:05.354742,2026-07-06T00:11:05.356436+00:00,171.9,100,bid,EarnestEspressos,DiligentDonuts,8910074
2026-07-06T00:11:05.423359,2026-07-06T00:11:05.431985+00:00,171.9,26,ask,EarnestEspressos,Xuanyu Liu,8910076
2026-07-06T00:11:06.184741,2026-07-06T00:11:06.196635+00:00,171.9,24,ask,EarnestEspressos,CostlyCorianders,8910086
2026-07-06T00:11:06.184741,2026-07-06T00:11:06.196635+00:00,171.5,21,ask,DiligentDonuts,CostlyCorianders,8910087
2026-07-06T00:11:08.209114,2026-07-06T00:11:08.217970+00:00,172.0,3,bid,Xuanyu Liu,DiligentDonuts,8910109
2026-07-06T00:11:10.536824,2026-07-06T00:11:10.545496+00:00,171.7,50,ask,DiligentDonuts,FlawlessFlatbreads,8910134
2026-07-06T00:11:12.643191,2026-07-06T00:11:12.655003+00:00,171.7,50,ask,EarnestEspressos,FlawlessFlatbreads,8910159
2026-07-06T00:11:13.763631,2026-07-06T00:11:13.775226+00:00,172.1,42,bid,CostlyCorianders,DiligentDonuts,8910177
2026-07-06T00:11:14.750094,2026-07-06T00:11:14.756593+00:00,171.7,50,ask,EarnestEspressos,FlawlessFlatbreads,8910185
2026-07-06T00:11:14.908995,2026-07-06T00:11:14.918299+00:00,171.8,34,bid,Xuanyu Liu,EarnestEspressos,8910189
2026-07-06T00:11:15.324144,2026-07-06T00:11:15.331527+00:00,171.8,100,bid,DiligentDonuts,EarnestEspressos,8910193
2026-07-06T00:11:17.014904,2026-07-06T00:11:17.026205+00:00,171.8,16,bid,CostlyCorianders,EarnestEspressos,8910220
2026-07-06T00:11:18.914823,2026-07-06T00:11:18.924126+00:00,171.9,50,bid,FlawlessFlatbreads,DiligentDonuts,8910241
2026-07-06T00:11:20.183786,2026-07-06T00:11:20.194484+00:00,171.8,40,ask,EarnestEspressos,CostlyCorianders,8910257
2026-07-06T00:11:21.072068,2026-07-06T00:11:21.084085+00:00,171.8,50,ask,EarnestEspressos,FlawlessFlatbreads,8910271
2026-07-06T00:11:22.277632,2026-07-06T00:11:22.289421+00:00,172.0,43,bid,CostlyCorianders,EarnestEspressos,8910279
2026-07-06T00:11:23.185729,2026-07-06T00:11:23.193125+00:00,171.7,50,ask,DiligentDonuts,FlawlessFlatbreads,8910289
2026-07-06T00:11:25.292355,2026-07-06T00:11:25.301325+00:00,171.7,50,ask,EarnestEspressos,FlawlessFlatbreads,8910326
2026-07-06T00:11:26.624920,2026-07-06T00:11:26.636425+00:00,171.7,48,ask,EarnestEspressos,CostlyCorianders,8910342
2026-07-06T00:11:27.400262,2026-07-06T00:11:27.409575+00:00,171.7,50,ask,EarnestEspressos,FlawlessFlatbreads,8910352
2026-07-06T00:11:27.547341,2026-07-06T00:11:27.558538+00:00,171.5,100,ask,DiligentDonuts,EarnestEspressos,8910358
2026-07-06T00:11:27.559627,2026-07-06T00:11:27.568373+00:00,171.4,23,bid,Xuanyu Liu,EarnestEspressos,8910359
2026-07-06T00:11:27.759800,2026-07-06T00:11:27.769160+00:00,171.4,11,bid,Xuanyu Liu,EarnestEspressos,8910370
2026-07-06T00:11:29.506458,2026-07-06T00:11:29.518405+00:00,171.2,50,ask,DiligentDonuts,FlawlessFlatbreads,8910389
2026-07-06T00:11:31.238848,2026-07-06T00:11:31.248095+00:00,171.4,100,ask,EarnestEspressos,DiligentDonuts,8910413
2026-07-06T00:11:31.294084,2026-07-06T00:11:31.301481+00:00,171.9,48,bid,CostlyCorianders,EarnestEspressos,8910414
2026-07-06T00:11:31.613494,2026-07-06T00:11:31.625436+00:00,171.4,50,ask,EarnestEspressos,FlawlessFlatbreads,8910421
2026-07-06T00:11:35.772474,2026-07-06T00:11:35.782665+00:00,171.4,50,bid,FlawlessFlatbreads,EarnestEspressos,8910471
2026-07-06T00:11:37.626474,2026-07-06T00:11:37.635899+00:00,171.3,41,ask,EarnestEspressos,CostlyCorianders,8910495
2026-07-06T00:11:37.929039,2026-07-06T00:11:37.935486+00:00,171.3,50,ask,EarnestEspressos,FlawlessFlatbreads,8910503
2026-07-06T00:11:39.214185,2026-07-06T00:11:39.226018+00:00,171.7,42,bid,CostlyCorianders,DiligentDonuts,8910517
2026-07-06T00:11:39.843606,2026-07-06T00:11:39.858596+00:00,171.7,40,bid,CostlyCorianders,DiligentDonuts,8910536
2026-07-06T00:11:40.035545,2026-07-06T00:11:40.047120+00:00,171.3,50,ask,EarnestEspressos,FlawlessFlatbreads,8910537
2026-07-06T00:11:40.204426,2026-07-06T00:11:40.212874+00:00,171.3,12,bid,Xuanyu Liu,EarnestEspressos,8910538
2026-07-06T00:11:40.676208,2026-07-06T00:11:40.689501+00:00,171.3,100,bid,DiligentDonuts,EarnestEspressos,8910544
2026-07-06T00:11:42.142690,2026-07-06T00:11:42.156335+00:00,170.8,50,ask,EarnestEspressos,FlawlessFlatbreads,8910573
2026-07-06T00:11:42.813412,2026-07-06T00:11:42.825069+00:00,170.8,40,ask,EarnestEspressos,CostlyCorianders,8910586
2026-07-06T00:11:43.840453,2026-07-06T00:11:43.848923+00:00,171.2,100,bid,DiligentDonuts,EarnestEspressos,8910597
2026-07-06T00:11:44.249188,2026-07-06T00:11:44.255695+00:00,170.7,50,ask,EarnestEspressos,FlawlessFlatbreads,8910605
2026-07-06T00:11:44.550539,2026-07-06T00:11:44.560653+00:00,171.2,11,bid,Xuanyu Liu,EarnestEspressos,8910612
2026-07-06T00:11:45.291317,2026-07-06T00:11:45.303509+00:00,171.2,39,bid,CostlyCorianders,EarnestEspressos,8910622
2026-07-06T00:11:45.291317,2026-07-06T00:11:45.303509+00:00,171.7,4,bid,CostlyCorianders,DiligentDonuts,8910623
2026-07-06T00:11:47.596138,2026-07-06T00:11:47.607717+00:00,171.3,49,ask,EarnestEspressos,CostlyCorianders,8910653
2026-07-06T00:11:48.409390,2026-07-06T00:11:48.421113+00:00,171.5,50,bid,FlawlessFlatbreads,DiligentDonuts,8910667
2026-07-06T00:11:50.515918,2026-07-06T00:11:50.527791+00:00,171.6,50,bid,FlawlessFlatbreads,EarnestEspressos,8910689
2026-07-06T00:11:52.642844,2026-07-06T00:11:52.652632+00:00,171.6,50,bid,FlawlessFlatbreads,EarnestEspressos,8910713
2026-07-06T00:11:52.799676,2026-07-06T00:11:52.808679+00:00,171.6,11,ask,EarnestEspressos,Xuanyu Liu,8910715
2026-07-06T00:11:53.035412,2026-07-06T00:11:53.045391+00:00,171.7,49,bid,CostlyCorianders,DiligentDonuts,8910719
2026-07-06T00:11:53.682444,2026-07-06T00:11:53.694268+00:00,171.6,46,ask,EarnestEspressos,CostlyCorianders,8910726
2026-07-06T00:11:53.967103,2026-07-06T00:11:53.977574+00:00,171.6,12,ask,EarnestEspressos,Xuanyu Liu,8910734
2026-07-06T00:11:54.587095,2026-07-06T00:11:54.599291+00:00,171.9,41,bid,CostlyCorianders,DiligentDonuts,8910741
2026-07-06T00:11:54.752665,2026-07-06T00:11:54.750921+00:00,171.9,50,bid,FlawlessFlatbreads,DiligentDonuts,8910743
2026-07-06T00:11:55.275213,2026-07-06T00:11:55.284140+00:00,171.6,11,ask,EarnestEspressos,Xuanyu Liu,8910749
2026-07-06T00:11:56.858575,2026-07-06T00:11:56.870500+00:00,171.6,50,bid,FlawlessFlatbreads,EarnestEspressos,8910768
2026-07-06T00:11:58.375700,2026-07-06T00:11:58.387379+00:00,171.5,43,ask,DiligentDonuts,CostlyCorianders,8910786
2026-07-06T00:11:58.969165,2026-07-06T00:11:58.980003+00:00,171.6,50,bid,FlawlessFlatbreads,EarnestEspressos,8910797
2026-07-06T00:11:58.994109,2026-07-06T00:11:59.006048+00:00,171.5,44,ask,DiligentDonuts,CostlyCorianders,8910798
2026-07-06T00:12:00.990221,2026-07-06T00:12:01.001558+00:00,171.9,40,bid,CostlyCorianders,DiligentDonuts,8910830
2026-07-06T00:12:01.094702,2026-07-06T00:12:01.106242+00:00,171.9,50,bid,FlawlessFlatbreads,DiligentDonuts,8910832
2026-07-06T00:12:01.640304,2026-07-06T00:12:01.658575+00:00,171.9,10,bid,CostlyCorianders,DiligentDonuts,8910838
2026-07-06T00:12:01.640304,2026-07-06T00:12:01.658575+00:00,172.0,33,bid,CostlyCorianders,EarnestEspressos,8910839
2026-07-06T00:12:03.203843,2026-07-06T00:12:03.211136+00:00,172.0,50,bid,FlawlessFlatbreads,DiligentDonuts,8910853
2026-07-06T00:12:03.271551,2026-07-06T00:12:03.283401+00:00,171.6,44,ask,EarnestEspressos,CostlyCorianders,8910854
2026-07-06T00:12:03.887752,2026-07-06T00:12:03.897908+00:00,171.6,41,ask,EarnestEspressos,CostlyCorianders,8910859
2026-07-06T00:12:03.939350,2026-07-06T00:12:03.946760+00:00,171.6,11,ask,EarnestEspressos,Xuanyu Liu,8910861
2026-07-06T00:12:04.418416,2026-07-06T00:12:04.426133+00:00,172.0,43,bid,CostlyCorianders,DiligentDonuts,8910868
2026-07-06T00:12:05.982931,2026-07-06T00:12:05.994537+00:00,171.6,100,bid,DiligentDonuts,EarnestEspressos,8910892
2026-07-06T00:12:07.466989,2026-07-06T00:12:07.474410+00:00,171.1,50,ask,EarnestEspressos,FlawlessFlatbreads,8910916
2026-07-06T00:12:07.824734,2026-07-06T00:12:07.836610+00:00,171.6,44,bid,CostlyCorianders,EarnestEspressos,8910919
2026-07-06T00:12:08.799387,2026-07-06T00:12:08.808652+00:00,171.5,12,ask,EarnestEspressos,Xuanyu Liu,8910936
2026-07-06T00:12:09.574144,2026-07-06T00:12:09.585760+00:00,171.5,50,ask,EarnestEspressos,FlawlessFlatbreads,8910951
2026-07-06T00:12:10.473225,2026-07-06T00:12:10.480333+00:00,171.5,44,ask,EarnestEspressos,CostlyCorianders,8910962
2026-07-06T00:12:10.961544,2026-07-06T00:12:10.971291+00:00,171.7,46,bid,CostlyCorianders,DiligentDonuts,8910966
2026-07-06T00:12:11.021991,2026-07-06T00:12:11.030509+00:00,171.5,43,ask,EarnestEspressos,CostlyCorianders,8910970
2026-07-06T00:12:11.031703,2026-07-06T00:12:11.039783+00:00,171.5,1,ask,EarnestEspressos,Xuanyu Liu,8910971
2026-07-06T00:12:11.507152,2026-07-06T00:12:11.569091+00:00,171.2,45,ask,DiligentDonuts,CostlyCorianders,8910977
2026-07-06T00:12:11.823977,2026-07-06T00:12:11.835832+00:00,171.2,55,ask,DiligentDonuts,EarnestEspressos,8910982
2026-07-06T00:12:11.837098,2026-07-06T00:12:11.847431+00:00,171.2,13,bid,Xuanyu Liu,EarnestEspressos,8910983
2026-07-06T00:12:12.101670,2026-07-06T00:12:12.114384+00:00,171.2,43,bid,CostlyCorianders,EarnestEspressos,8910990
2026-07-06T00:12:13.033203,2026-07-06T00:12:13.045213+00:00,171.2,39,bid,CostlyCorianders,EarnestEspressos,8911003
2026-07-06T00:12:13.033203,2026-07-06T00:12:13.045213+00:00,171.5,1,bid,CostlyCorianders,DiligentDonuts,8911004
2026-07-06T00:12:13.788097,2026-07-06T00:12:13.799867+00:00,171.0,50,ask,DiligentDonuts,FlawlessFlatbreads,8911011
2026-07-06T00:12:15.524494,2026-07-06T00:12:15.536492+00:00,171.3,100,ask,EarnestEspressos,DiligentDonuts,8911030
2026-07-06T00:12:15.897328,2026-07-06T00:12:15.907365+00:00,171.3,50,ask,EarnestEspressos,FlawlessFlatbreads,8911032
2026-07-06T00:12:17.296432,2026-07-06T00:12:17.304084+00:00,170.8,43,ask,DiligentDonuts,CostlyCorianders,8911056
2026-07-06T00:12:18.003052,2026-07-06T00:12:18.009997+00:00,170.8,50,ask,DiligentDonuts,FlawlessFlatbreads,8911065
2026-07-06T00:12:18.481533,2026-07-06T00:12:18.489547+00:00,171.1,11,bid,Xuanyu Liu,EarnestEspressos,8911078
2026-07-06T00:12:18.895772,2026-07-06T00:12:18.904228+00:00,171.1,23,bid,Xuanyu Liu,EarnestEspressos,8911083
2026-07-06T00:12:20.110410,2026-07-06T00:12:20.122429+00:00,170.9,50,ask,DiligentDonuts,FlawlessFlatbreads,8911102
2026-07-06T00:12:21.691195,2026-07-06T00:12:21.702923+00:00,171.4,40,bid,CostlyCorianders,DiligentDonuts,8911118
2026-07-06T00:12:22.167030,2026-07-06T00:12:22.178466+00:00,171.4,50,bid,FlawlessFlatbreads,DiligentDonuts,8911125
2026-07-06T00:12:22.205426,2026-07-06T00:12:22.216950+00:00,171.0,45,ask,EarnestEspressos,CostlyCorianders,8911127
2026-07-06T00:12:22.845904,2026-07-06T00:12:22.854069+00:00,171.0,12,ask,EarnestEspressos,Xuanyu Liu,8911137
2026-07-06T00:12:23.640034,2026-07-06T00:12:23.651708+00:00,171.0,41,ask,EarnestEspressos,CostlyCorianders,8911147
2026-07-06T00:12:24.323604,2026-07-06T00:12:24.335461+00:00,171.0,50,ask,EarnestEspressos,FlawlessFlatbreads,8911159
2026-07-06T00:12:24.476022,2026-07-06T00:12:24.487709+00:00,170.9,100,ask,DiligentDonuts,EarnestEspressos,8911161
2026-07-06T00:12:24.488960,2026-07-06T00:12:24.498378+00:00,170.6,29,bid,Xuanyu Liu,EarnestEspressos,8911162
2026-07-06T00:12:24.961282,2026-07-06T00:12:24.970477+00:00,170.6,21,bid,DiligentDonuts,EarnestEspressos,8911166
2026-07-06T00:12:25.302912,2026-07-06T00:12:25.314659+00:00,171.1,41,bid,CostlyCorianders,DiligentDonuts,8911174
2026-07-06T00:12:25.773697,2026-07-06T00:12:25.785628+00:00,171.1,46,bid,CostlyCorianders,DiligentDonuts,8911181
2026-07-06T00:12:26.295819,2026-07-06T00:12:26.307461+00:00,171.1,13,bid,CostlyCorianders,DiligentDonuts,8911189
2026-07-06T00:12:26.430809,2026-07-06T00:12:26.442303+00:00,170.6,50,ask,DiligentDonuts,FlawlessFlatbreads,8911197
2026-07-06T00:12:27.864814,2026-07-06T00:12:27.876557+00:00,170.9,40,ask,EarnestEspressos,CostlyCorianders,8911221
2026-07-06T00:12:28.098307,2026-07-06T00:12:28.109135+00:00,170.9,6,ask,EarnestEspressos,Xuanyu Liu,8911230
2026-07-06T00:12:28.164879,2026-07-06T00:12:28.172969+00:00,170.9,23,ask,EarnestEspressos,Xuanyu Liu,8911234
2026-07-06T00:12:28.536182,2026-07-06T00:12:28.547963+00:00,170.9,50,ask,EarnestEspressos,FlawlessFlatbreads,8911241
2026-07-06T00:12:30.804225,2026-07-06T00:12:30.829085+00:00,170.8,100,ask,DiligentDonuts,EarnestEspressos,8911269
2026-07-06T00:12:30.817240,2026-07-06T00:12:30.829085+00:00,170.7,12,bid,Xuanyu Liu,EarnestEspressos,8911271
2026-07-06T00:12:32.748322,2026-07-06T00:12:32.755827+00:00,170.3,50,ask,DiligentDonuts,FlawlessFlatbreads,8911293
2026-07-06T00:12:34.517510,2026-07-06T00:12:34.529335+00:00,170.4,100,ask,EarnestEspressos,DiligentDonuts,8911310
2026-07-06T00:12:34.803220,2026-07-06T00:12:34.812980+00:00,170.9,50,bid,FlawlessFlatbreads,EarnestEspressos,8911314
2026-07-06T00:12:36.908938,2026-07-06T00:12:36.920388+00:00,170.9,50,bid,FlawlessFlatbreads,EarnestEspressos,8911345
2026-07-06T00:12:37.723906,2026-07-06T00:12:37.734507+00:00,170.9,41,bid,CostlyCorianders,DiligentDonuts,8911353
2026-07-06T00:12:39.015653,2026-07-06T00:12:39.027406+00:00,170.9,50,bid,FlawlessFlatbreads,DiligentDonuts,8911371
2026-07-06T00:12:39.951576,2026-07-06T00:12:39.958571+00:00,170.5,42,ask,EarnestEspressos,CostlyCorianders,8911382
2026-07-06T00:12:41.124350,2026-07-06T00:12:41.133176+00:00,170.9,50,bid,FlawlessFlatbreads,EarnestEspressos,8911400
2026-07-06T00:12:41.591825,2026-07-06T00:12:41.603669+00:00,170.7,47,ask,DiligentDonuts,CostlyCorianders,8911407
2026-07-06T00:12:42.811701,2026-07-06T00:12:42.819818+00:00,170.9,47,bid,CostlyCorianders,EarnestEspressos,8911417
2026-07-06T00:12:43.230138,2026-07-06T00:12:43.238439+00:00,170.9,50,bid,FlawlessFlatbreads,EarnestEspressos,8911423
2026-07-06T00:12:43.426089,2026-07-06T00:12:43.440688+00:00,170.9,23,ask,EarnestEspressos,Xuanyu Liu,8911425
2026-07-06T00:12:44.013520,2026-07-06T00:12:44.021071+00:00,170.9,100,ask,EarnestEspressos,DiligentDonuts,8911436
2026-07-06T00:12:45.125518,2026-07-06T00:12:45.153548+00:00,170.9,11,ask,EarnestEspressos,Xuanyu Liu,8911452
2026-07-06T00:12:45.336196,2026-07-06T00:12:45.347899+00:00,171.4,50,bid,FlawlessFlatbreads,EarnestEspressos,8911454
2026-07-06T00:12:45.929674,2026-07-06T00:12:45.941743+00:00,170.9,16,ask,EarnestEspressos,CostlyCorianders,8911458
2026-07-06T00:12:45.929674,2026-07-06T00:12:45.941743+00:00,170.4,28,ask,DiligentDonuts,CostlyCorianders,8911459
2026-07-06T00:12:49.598888,2026-07-06T00:12:49.610503+00:00,170.6,50,ask,DiligentDonuts,FlawlessFlatbreads,8911496
2026-07-06T00:12:49.964863,2026-07-06T00:12:49.974271+00:00,171.1,43,bid,CostlyCorianders,DiligentDonuts,8911502
2026-07-06T00:12:51.709745,2026-07-06T00:12:51.721263+00:00,170.7,50,ask,EarnestEspressos,FlawlessFlatbreads,8911528
2026-07-06T00:12:55.895297,2026-07-06T00:12:55.904752+00:00,170.9,50,bid,FlawlessFlatbreads,EarnestEspressos,8911572
2026-07-06T00:12:56.166752,2026-07-06T00:12:56.178361+00:00,170.9,44,bid,CostlyCorianders,EarnestEspressos,8911580
2026-07-06T00:12:56.221284,2026-07-06T00:12:56.233323+00:00,170.7,46,ask,DiligentDonuts,CostlyCorianders,8911582
2026-07-06T00:12:58.001743,2026-07-06T00:12:58.013819+00:00,170.9,50,bid,FlawlessFlatbreads,EarnestEspressos,8911609
2026-07-06T00:12:58.789597,2026-07-06T00:12:58.801312+00:00,170.9,49,bid,CostlyCorianders,EarnestEspressos,8911619
2026-07-06T00:12:59.236561,2026-07-06T00:12:59.248124+00:00,170.9,100,bid,EarnestEspressos,DiligentDonuts,8911625
2026-07-06T00:13:00.732230,2026-07-06T00:13:00.744085+00:00,170.9,42,ask,EarnestEspressos,CostlyCorianders,8911641
2026-07-06T00:13:02.264126,2026-07-06T00:13:02.276004+00:00,170.9,8,ask,EarnestEspressos,FlawlessFlatbreads,8911663
2026-07-06T00:13:02.264126,2026-07-06T00:13:02.276004+00:00,170.9,42,ask,DiligentDonuts,FlawlessFlatbreads,8911664
2026-07-06T00:13:02.451513,2026-07-06T00:13:02.458074+00:00,170.9,58,ask,DiligentDonuts,EarnestEspressos,8911665
2026-07-06T00:13:06.425089,2026-07-06T00:13:06.436788+00:00,170.8,50,bid,FlawlessFlatbreads,DiligentDonuts,8911702
2026-07-06T00:13:08.602374,2026-07-06T00:13:08.610349+00:00,170.7,50,ask,EarnestEspressos,FlawlessFlatbreads,8911728
2026-07-06T00:13:10.408009,2026-07-06T00:13:10.419280+00:00,170.3,41,ask,DiligentDonuts,CostlyCorianders,8911755
2026-07-06T00:13:10.714373,2026-07-06T00:13:10.721552+00:00,170.3,50,ask,DiligentDonuts,FlawlessFlatbreads,8911761
2026-07-06T00:13:12.829231,2026-07-06T00:13:12.836547+00:00,170.2,50,ask,EarnestEspressos,FlawlessFlatbreads,8911791
2026-07-06T00:13:12.983856,2026-07-06T00:13:12.992612+00:00,170.5,11,bid,Xuanyu Liu,DiligentDonuts,8911794
2026-07-06T00:13:14.199967,2026-07-06T00:13:14.210999+00:00,170.5,46,bid,CostlyCorianders,DiligentDonuts,8911813
2026-07-06T00:13:14.935517,2026-07-06T00:13:14.943134+00:00,170.2,50,ask,EarnestEspressos,FlawlessFlatbreads,8911825
2026-07-06T00:13:15.112629,2026-07-06T00:13:15.122081+00:00,170.3,23,bid,Xuanyu Liu,EarnestEspressos,8911827
2026-07-06T00:13:15.416186,2026-07-06T00:13:15.421900+00:00,170.3,11,bid,Xuanyu Liu,EarnestEspressos,8911838
2026-07-06T00:13:16.723267,2026-07-06T00:13:16.727024+00:00,170.2,11,ask,DiligentDonuts,Xuanyu Liu,8911852
2026-07-06T00:13:17.048349,2026-07-06T00:13:17.058559+00:00,170.2,50,ask,DiligentDonuts,FlawlessFlatbreads,8911860
2026-07-06T00:13:19.155677,2026-07-06T00:13:19.164344+00:00,169.9,50,ask,DiligentDonuts,FlawlessFlatbreads,8911888
2026-07-06T00:13:21.262189,2026-07-06T00:13:21.273871+00:00,169.9,50,ask,DiligentDonuts,FlawlessFlatbreads,8911914
2026-07-06T00:13:21.988027,2026-07-06T00:13:21.996328+00:00,169.9,11,bid,Xuanyu Liu,DiligentDonuts,8911929
2026-07-06T00:13:21.997294,2026-07-06T00:13:22.004659+00:00,169.9,6,bid,Xuanyu Liu,DiligentDonuts,8911931
2026-07-06T00:13:25.168661,2026-07-06T00:13:25.175847+00:00,170.2,44,bid,CostlyCorianders,DiligentDonuts,8911968
2026-07-06T00:13:25.423367,2026-07-06T00:13:25.432593+00:00,170.2,50,bid,FlawlessFlatbreads,DiligentDonuts,8911971
2026-07-06T00:13:26.873931,2026-07-06T00:13:26.885864+00:00,170.2,6,bid,CostlyCorianders,DiligentDonuts,8911990
2026-07-06T00:13:26.873931,2026-07-06T00:13:26.885864+00:00,170.3,34,bid,CostlyCorianders,EarnestEspressos,8911991
2026-07-06T00:13:27.543037,2026-07-06T00:13:27.558495+00:00,170.3,50,bid,FlawlessFlatbreads,EarnestEspressos,8912000
2026-07-06T00:13:29.649996,2026-07-06T00:13:29.658554+00:00,170.7,50,bid,FlawlessFlatbreads,DiligentDonuts,8912024
2026-07-06T00:13:29.723907,2026-07-06T00:13:29.735030+00:00,170.4,41,ask,EarnestEspressos,CostlyCorianders,8912029
2026-07-06T00:13:31.759153,2026-07-06T00:13:31.770883+00:00,170.8,50,bid,FlawlessFlatbreads,EarnestEspressos,8912048
2026-07-06T00:13:32.475238,2026-07-06T00:13:32.483296+00:00,170.4,17,ask,DiligentDonuts,Xuanyu Liu,8912060
2026-07-06T00:13:32.962420,2026-07-06T00:13:32.974340+00:00,170.4,43,ask,DiligentDonuts,CostlyCorianders,8912064
2026-07-06T00:13:33.869972,2026-07-06T00:13:33.881649+00:00,170.8,50,bid,FlawlessFlatbreads,EarnestEspressos,8912071
2026-07-06T00:13:34.059564,2026-07-06T00:13:34.068448+00:00,170.5,12,ask,EarnestEspressos,Xuanyu Liu,8912073
2026-07-06T00:13:34.592191,2026-07-06T00:13:34.602888+00:00,170.5,44,ask,EarnestEspressos,CostlyCorianders,8912077
2026-07-06T00:13:35.599255,2026-07-06T00:13:35.611130+00:00,170.6,40,bid,CostlyCorianders,DiligentDonuts,8912091
2026-07-06T00:13:35.977582,2026-07-06T00:13:35.984381+00:00,170.6,50,bid,FlawlessFlatbreads,DiligentDonuts,8912095
2026-07-06T00:13:36.160148,2026-07-06T00:13:36.172007+00:00,170.5,49,ask,EarnestEspressos,CostlyCorianders,8912096
2026-07-06T00:13:38.136384,2026-07-06T00:13:38.148207+00:00,170.1,50,ask,DiligentDonuts,FlawlessFlatbreads,8912120
2026-07-06T00:13:40.191433,2026-07-06T00:13:40.200045+00:00,170.5,50,bid,FlawlessFlatbreads,EarnestEspressos,8912144
2026-07-06T00:13:40.731662,2026-07-06T00:13:40.743969+00:00,170.6,49,bid,CostlyCorianders,DiligentDonuts,8912149
2026-07-06T00:13:42.299045,2026-07-06T00:13:42.306683+00:00,170.6,50,bid,FlawlessFlatbreads,EarnestEspressos,8912165
2026-07-06T00:13:43.772361,2026-07-06T00:13:43.784156+00:00,170.6,43,ask,EarnestEspressos,CostlyCorianders,8912183
2026-07-06T00:13:44.406168,2026-07-06T00:13:44.417711+00:00,170.9,50,bid,FlawlessFlatbreads,DiligentDonuts,8912190
2026-07-06T00:13:46.516194,2026-07-06T00:13:46.523001+00:00,170.9,50,bid,FlawlessFlatbreads,DiligentDonuts,8912214
2026-07-06T00:13:47.237170,2026-07-06T00:13:47.247238+00:00,170.9,100,bid,DiligentDonuts,EarnestEspressos,8912228
2026-07-06T00:13:48.622802,2026-07-06T00:13:48.634413+00:00,170.9,50,bid,FlawlessFlatbreads,EarnestEspressos,8912245
2026-07-06T00:13:49.265752,2026-07-06T00:13:49.277447+00:00,171.5,43,bid,CostlyCorianders,DiligentDonuts,8912249
2026-07-06T00:13:49.869490,2026-07-06T00:13:49.878830+00:00,171.2,45,ask,EarnestEspressos,Xuanyu Liu,8912258
2026-07-06T00:13:49.907905,2026-07-06T00:13:49.919831+00:00,171.2,48,ask,EarnestEspressos,CostlyCorianders,8912260
2026-07-06T00:13:50.730202,2026-07-06T00:13:50.741911+00:00,171.3,50,bid,FlawlessFlatbreads,DiligentDonuts,8912274
2026-07-06T00:13:52.847078,2026-07-06T00:13:52.858637+00:00,171.3,50,bid,FlawlessFlatbreads,DiligentDonuts,8912293
2026-07-06T00:13:53.748906,2026-07-06T00:13:53.758597+00:00,171.5,43,bid,CostlyCorianders,EarnestEspressos,8912311
2026-07-06T00:13:54.897065,2026-07-06T00:13:54.908039+00:00,171.0,40,ask,EarnestEspressos,CostlyCorianders,8912331
2026-07-06T00:13:54.955010,2026-07-06T00:13:54.961954+00:00,171.5,50,bid,FlawlessFlatbreads,EarnestEspressos,8912332
2026-07-06T00:13:57.391304,2026-07-06T00:13:57.400294+00:00,171.7,48,bid,CostlyCorianders,EarnestEspressos,8912363
2026-07-06T00:13:59.223178,2026-07-06T00:13:59.234828+00:00,171.2,50,ask,EarnestEspressos,FlawlessFlatbreads,8912386
2026-07-06T00:14:01.281428,2026-07-06T00:14:01.295998+00:00,171.8,50,bid,FlawlessFlatbreads,EarnestEspressos,8912412
2026-07-06T00:14:02.531735,2026-07-06T00:14:02.545394+00:00,171.5,12,ask,EarnestEspressos,Xuanyu Liu,8912422
2026-07-06T00:14:02.699784,2026-07-06T00:14:02.709129+00:00,171.5,11,ask,EarnestEspressos,Xuanyu Liu,8912428
2026-07-06T00:14:03.387877,2026-07-06T00:14:03.399333+00:00,171.7,50,bid,FlawlessFlatbreads,DiligentDonuts,8912437
2026-07-06T00:14:05.495863,2026-07-06T00:14:05.507447+00:00,171.7,50,bid,FlawlessFlatbreads,DiligentDonuts,8912459
2026-07-06T00:14:09.774358,2026-07-06T00:14:09.785820+00:00,171.4,50,ask,DiligentDonuts,FlawlessFlatbreads,8912513
2026-07-06T00:14:11.838311,2026-07-06T00:14:11.869211+00:00,171.4,47,ask,DiligentDonuts,CostlyCorianders,8912545
2026-07-06T00:14:12.405515,2026-07-06T00:14:12.417477+00:00,171.9,44,bid,CostlyCorianders,DiligentDonuts,8912550
2026-07-06T00:14:13.446875,2026-07-06T00:14:13.458587+00:00,171.6,49,ask,DiligentDonuts,CostlyCorianders,8912559
2026-07-06T00:14:14.510519,2026-07-06T00:14:14.517042+00:00,171.6,42,ask,DiligentDonuts,CostlyCorianders,8912573
2026-07-06T00:14:16.037925,2026-07-06T00:14:16.049549+00:00,171.9,50,bid,FlawlessFlatbreads,DiligentDonuts,8912597
2026-07-06T00:14:18.195870,2026-07-06T00:14:18.207455+00:00,171.6,50,ask,EarnestEspressos,FlawlessFlatbreads,8912625
2026-07-06T00:14:20.303381,2026-07-06T00:14:20.315397+00:00,171.5,50,ask,DiligentDonuts,FlawlessFlatbreads,8912650
2026-07-06T00:14:22.422494,2026-07-06T00:14:22.434349+00:00,171.6,50,ask,EarnestEspressos,FlawlessFlatbreads,8912680
2026-07-06T00:14:24.529759,2026-07-06T00:14:24.541485+00:00,171.6,50,ask,EarnestEspressos,FlawlessFlatbreads,8912701
2026-07-06T00:14:24.567405,2026-07-06T00:14:24.575441+00:00,172.1,40,bid,CostlyCorianders,EarnestEspressos,8912704
2026-07-06T00:14:25.670133,2026-07-06T00:14:25.677644+00:00,171.7,48,bid,CostlyCorianders,EarnestEspressos,8912720
2026-07-06T00:14:26.636395,2026-07-06T00:14:26.648280+00:00,171.2,50,ask,EarnestEspressos,FlawlessFlatbreads,8912732
