timestamp,recv_time,price,volume,aggressor_side,buyer,seller,trade_id
2026-07-08T16:00:00.963783,2026-07-08T16:00:00.972846+00:00,153.2,3,ask,,,12410770
2026-07-08T16:00:02.064373,2026-07-08T16:00:02.076474+00:00,153.3,50,bid,,,12410786
2026-07-08T16:00:04.169540,2026-07-08T16:00:04.179530+00:00,153.4,50,bid,,,12410808
2026-07-08T16:00:05.362399,2026-07-08T16:00:05.374344+00:00,153.4,49,bid,,,12410822
2026-07-08T16:00:06.276778,2026-07-08T16:00:06.284957+00:00,153.4,1,bid,,,12410839
2026-07-08T16:00:06.276778,2026-07-08T16:00:06.290396+00:00,153.5,8,bid,,,12410840
2026-07-08T16:00:06.276778,2026-07-08T16:00:06.290396+00:00,153.7,41,bid,,,12410841
2026-07-08T16:00:10.573871,2026-07-08T16:00:10.583301+00:00,153.6,50,ask,,,12410907
2026-07-08T16:00:10.915942,2026-07-08T16:00:10.930273+00:00,153.6,3,ask,,,12410913
2026-07-08T16:00:12.681678,2026-07-08T16:00:12.691527+00:00,153.6,50,ask,,,12410943
2026-07-08T16:00:12.833614,2026-07-08T16:00:12.845447+00:00,153.6,46,ask,,,12410948
2026-07-08T16:00:13.656523,2026-07-08T16:00:13.664066+00:00,153.4,8,ask,,,12410962
2026-07-08T16:00:13.656523,2026-07-08T16:00:13.669088+00:00,153.3,100,ask,,,12410963
2026-07-08T16:00:13.670352,2026-07-08T16:00:13.678954+00:00,153.3,3,bid,,,12410964
2026-07-08T16:00:14.863960,2026-07-08T16:00:14.874417+00:00,153.3,39,bid,,,12410989
2026-07-08T16:00:16.786763,2026-07-08T16:00:16.798533+00:00,153.5,100,bid,,,12411017
2026-07-08T16:00:16.786763,2026-07-08T16:00:16.798533+00:00,153.5,8,bid,,,12411018
2026-07-08T16:00:16.896913,2026-07-08T16:00:16.908958+00:00,153.6,42,ask,,,12411020
2026-07-08T16:00:16.896913,2026-07-08T16:00:16.908958+00:00,153.0,8,ask,,,12411021
2026-07-08T16:00:18.200815,2026-07-08T16:00:18.212663+00:00,153.3,8,ask,,,12411045
2026-07-08T16:00:18.200815,2026-07-08T16:00:18.212663+00:00,153.0,39,ask,,,12411046
2026-07-08T16:00:21.112000,2026-07-08T16:00:21.123862+00:00,153.3,50,ask,,,12411088
2026-07-08T16:00:21.628523,2026-07-08T16:00:21.640497+00:00,153.3,48,ask,,,12411094
2026-07-08T16:00:22.177673,2026-07-08T16:00:22.185071+00:00,153.3,2,ask,,,12411098
2026-07-08T16:00:22.750930,2026-07-08T16:00:22.758558+00:00,153.4,47,bid,,,12411104
2026-07-08T16:00:23.168461,2026-07-08T16:00:23.180249+00:00,153.6,50,bid,,,12411109
2026-07-08T16:00:25.326085,2026-07-08T16:00:25.337885+00:00,153.2,50,ask,,,12411158
2026-07-08T16:00:26.645411,2026-07-08T16:00:26.655068+00:00,153.2,49,ask,,,12411177
2026-07-08T16:00:27.434480,2026-07-08T16:00:27.446172+00:00,153.2,50,ask,,,12411191
2026-07-08T16:00:27.724002,2026-07-08T16:00:27.731776+00:00,153.5,43,bid,,,12411201
2026-07-08T16:00:27.777269,2026-07-08T16:00:27.785359+00:00,153.2,1,ask,,,12411205
2026-07-08T16:00:29.544126,2026-07-08T16:00:29.552184+00:00,153.1,50,ask,,,12411216
2026-07-08T16:00:29.812138,2026-07-08T16:00:29.814888+00:00,153.1,49,ask,,,12411219
2026-07-08T16:00:30.932824,2026-07-08T16:00:30.943752+00:00,153.3,40,bid,,,12411241
2026-07-08T16:00:31.559565,2026-07-08T16:00:31.571160+00:00,153.1,40,ask,,,12411254
2026-07-08T16:00:32.698025,2026-07-08T16:00:32.708814+00:00,153.2,8,ask,,,12411269
2026-07-08T16:00:32.698025,2026-07-08T16:00:32.708814+00:00,153.1,100,ask,,,12411270
2026-07-08T16:00:32.710254,2026-07-08T16:00:32.719321+00:00,153.0,3,bid,,,12411271
2026-07-08T16:00:32.791005,2026-07-08T16:00:32.799632+00:00,152.9,8,bid,,,12411275
2026-07-08T16:00:33.319658,2026-07-08T16:00:33.328088+00:00,153.0,3,bid,,,12411282
2026-07-08T16:00:33.703927,2026-07-08T16:00:33.716284+00:00,153.0,36,bid,,,12411289
2026-07-08T16:00:33.703927,2026-07-08T16:00:33.716284+00:00,153.0,8,bid,,,12411290
2026-07-08T16:00:35.810638,2026-07-08T16:00:35.822806+00:00,153.1,42,bid,,,12411326
2026-07-08T16:00:35.815444,2026-07-08T16:00:35.822806+00:00,153.1,58,bid,,,12411327
2026-07-08T16:00:35.815444,2026-07-08T16:00:35.828016+00:00,153.1,8,bid,,,12411328
2026-07-08T16:00:37.259792,2026-07-08T16:00:37.271562+00:00,153.2,8,ask,,,12411347
2026-07-08T16:00:37.938661,2026-07-08T16:00:37.948448+00:00,153.6,50,bid,,,12411362
2026-07-08T16:00:39.453250,2026-07-08T16:00:39.464979+00:00,153.1,41,ask,,,12411381
2026-07-08T16:00:40.047840,2026-07-08T16:00:40.060223+00:00,153.4,50,bid,,,12411389
2026-07-08T16:00:40.058633,2026-07-08T16:00:40.065765+00:00,153.4,49,bid,,,12411390
2026-07-08T16:00:41.324270,2026-07-08T16:00:41.332792+00:00,153.2,3,ask,,,12411409
2026-07-08T16:00:41.793793,2026-07-08T16:00:41.812816+00:00,153.2,48,ask,,,12411414
2026-07-08T16:00:42.206853,2026-07-08T16:00:42.219922+00:00,153.2,49,ask,,,12411424
2026-07-08T16:00:42.206853,2026-07-08T16:00:42.219922+00:00,153.2,1,ask,,,12411425
2026-07-08T16:00:43.438288,2026-07-08T16:00:43.450558+00:00,153.4,42,bid,,,12411438
2026-07-08T16:00:44.315446,2026-07-08T16:00:44.325917+00:00,152.9,50,ask,,,12411454
2026-07-08T16:00:46.975399,2026-07-08T16:00:46.987031+00:00,153.5,48,bid,,,12411509
2026-07-08T16:00:48.455836,2026-07-08T16:00:48.456426+00:00,153.0,47,ask,,,12411521
2026-07-08T16:00:48.527124,2026-07-08T16:00:48.538084+00:00,153.1,50,ask,,,12411522
2026-07-08T16:00:49.113159,2026-07-08T16:00:49.119911+00:00,153.1,3,ask,,,12411535
2026-07-08T16:00:50.635082,2026-07-08T16:00:50.643662+00:00,153.1,50,ask,,,12411563
2026-07-08T16:00:50.854161,2026-07-08T16:00:50.861849+00:00,153.2,8,ask,,,12411567
2026-07-08T16:00:50.854161,2026-07-08T16:00:50.866866+00:00,153.1,47,ask,,,12411568
2026-07-08T16:00:51.695899,2026-07-08T16:00:51.706371+00:00,152.8,14,bid,,,12411580
2026-07-08T16:00:52.141982,2026-07-08T16:00:52.158598+00:00,152.8,41,bid,,,12411588
2026-07-08T16:00:52.196197,2026-07-08T16:00:52.204617+00:00,152.6,49,ask,,,12411589
2026-07-08T16:00:52.742207,2026-07-08T16:00:52.750329+00:00,152.6,50,ask,,,12411601
2026-07-08T16:00:56.965111,2026-07-08T16:00:56.972865+00:00,152.4,50,ask,,,12411660
2026-07-08T16:00:57.189806,2026-07-08T16:00:57.199303+00:00,152.4,12,bid,,,12411670
2026-07-08T16:00:57.580747,2026-07-08T16:00:57.589108+00:00,152.4,11,bid,,,12411674
2026-07-08T16:00:59.072539,2026-07-08T16:00:59.081859+00:00,152.3,50,ask,,,12411697
2026-07-08T16:01:00.946461,2026-07-08T16:01:00.955357+00:00,152.4,23,bid,,,12411720
2026-07-08T16:01:01.183449,2026-07-08T16:01:01.209688+00:00,152.3,50,ask,,,12411728
2026-07-08T16:01:03.293395,2026-07-08T16:01:03.303807+00:00,152.3,50,ask,,,12411766
2026-07-08T16:01:05.405459,2026-07-08T16:01:05.416176+00:00,152.2,50,ask,,,12411790
2026-07-08T16:01:07.518357,2026-07-08T16:01:07.528894+00:00,152.1,8,ask,,,12411819
2026-07-08T16:01:07.518357,2026-07-08T16:01:07.528894+00:00,152.0,42,ask,,,12411820
2026-07-08T16:01:09.627789,2026-07-08T16:01:09.646692+00:00,152.3,11,bid,,,12411848
2026-07-08T16:01:09.627959,2026-07-08T16:01:09.646692+00:00,152.0,50,ask,,,12411849
2026-07-08T16:01:11.298235,2026-07-08T16:01:11.310085+00:00,152.4,40,bid,,,12411878
2026-07-08T16:01:11.734002,2026-07-08T16:01:11.746148+00:00,152.1,8,ask,,,12411887
2026-07-08T16:01:12.834603,2026-07-08T16:01:12.843762+00:00,152.4,12,bid,,,12411903
2026-07-08T16:01:13.349010,2026-07-08T16:01:13.358576+00:00,152.5,40,bid,,,12411911
2026-07-08T16:01:14.521331,2026-07-08T16:01:14.532157+00:00,152.3,42,ask,,,12411921
2026-07-08T16:01:15.454241,2026-07-08T16:01:15.465796+00:00,152.8,46,bid,,,12411932
2026-07-08T16:01:15.895323,2026-07-08T16:01:15.905142+00:00,152.8,50,bid,,,12411938
2026-07-08T16:01:16.959749,2026-07-08T16:01:16.973925+00:00,152.4,12,ask,,,12411958
2026-07-08T16:01:18.002460,2026-07-08T16:01:18.014023+00:00,152.6,50,bid,,,12411969
2026-07-08T16:01:18.960158,2026-07-08T16:01:18.968503+00:00,152.6,42,bid,,,12411986
2026-07-08T16:01:19.996185,2026-07-08T16:01:20.007431+00:00,152.3,49,ask,,,12411998
2026-07-08T16:01:20.591007,2026-07-08T16:01:20.609599+00:00,152.6,11,ask,,,12412008
2026-07-08T16:01:22.212931,2026-07-08T16:01:22.221223+00:00,152.8,50,bid,,,12412043
2026-07-08T16:01:24.105959,2026-07-08T16:01:24.117538+00:00,152.6,43,ask,,,12412075
2026-07-08T16:01:24.323585,2026-07-08T16:01:24.330536+00:00,152.8,50,bid,,,12412083
2026-07-08T16:01:26.277009,2026-07-08T16:01:26.288032+00:00,152.6,42,ask,,,12412112
2026-07-08T16:01:26.430485,2026-07-08T16:01:26.442527+00:00,153.0,50,bid,,,12412113
2026-07-08T16:01:28.537188,2026-07-08T16:01:28.546833+00:00,152.7,50,bid,,,12412151
2026-07-08T16:01:29.318799,2026-07-08T16:01:29.328609+00:00,152.7,44,bid,,,12412155
2026-07-08T16:01:29.880893,2026-07-08T16:01:29.889828+00:00,152.7,8,ask,,,12412162
2026-07-08T16:01:29.890853,2026-07-08T16:01:29.900132+00:00,152.6,3,ask,,,12412164
2026-07-08T16:01:30.306481,2026-07-08T16:01:30.316031+00:00,152.6,42,ask,,,12412171
2026-07-08T16:01:30.643813,2026-07-08T16:01:30.653572+00:00,152.9,8,bid,,,12412175
2026-07-08T16:01:30.643813,2026-07-08T16:01:30.653572+00:00,153.1,42,bid,,,12412176
2026-07-08T16:01:31.501545,2026-07-08T16:01:31.510714+00:00,152.7,8,ask,,,12412188
2026-07-08T16:01:32.751548,2026-07-08T16:01:32.758535+00:00,152.9,50,bid,,,12412203
2026-07-08T16:01:34.909991,2026-07-08T16:01:34.919390+00:00,152.4,50,ask,,,12412229
2026-07-08T16:01:35.332488,2026-07-08T16:01:35.344506+00:00,152.7,8,bid,,,12412236
2026-07-08T16:01:35.332488,2026-07-08T16:01:35.344506+00:00,152.8,34,bid,,,12412237
2026-07-08T16:01:36.544642,2026-07-08T16:01:36.554616+00:00,152.3,40,ask,,,12412258
2026-07-08T16:01:37.016194,2026-07-08T16:01:37.027988+00:00,152.3,50,ask,,,12412265
2026-07-08T16:01:38.336696,2026-07-08T16:01:38.347575+00:00,152.7,8,bid,,,12412285
2026-07-08T16:01:38.336696,2026-07-08T16:01:38.347575+00:00,152.8,36,bid,,,12412286
2026-07-08T16:01:39.124764,2026-07-08T16:01:39.132349+00:00,152.4,50,ask,,,12412293
2026-07-08T16:01:39.238003,2026-07-08T16:01:39.249684+00:00,152.5,45,bid,,,12412295
2026-07-08T16:01:41.234307,2026-07-08T16:01:41.245960+00:00,152.4,50,ask,,,12412324
2026-07-08T16:01:41.267381,2026-07-08T16:01:41.276115+00:00,152.4,40,ask,,,12412329
2026-07-08T16:01:41.782252,2026-07-08T16:01:41.794869+00:00,152.4,10,ask,,,12412337
2026-07-08T16:01:41.782252,2026-07-08T16:01:41.794869+00:00,152.3,8,ask,,,12412338
2026-07-08T16:01:41.782252,2026-07-08T16:01:41.794869+00:00,152.2,29,ask,,,12412339
2026-07-08T16:01:42.362384,2026-07-08T16:01:42.372488+00:00,152.3,8,bid,,,12412350
2026-07-08T16:01:43.342511,2026-07-08T16:01:43.354249+00:00,152.2,50,ask,,,12412365
2026-07-08T16:01:44.295261,2026-07-08T16:01:44.306105+00:00,152.2,12,ask,,,12412377
2026-07-08T16:01:45.607235,2026-07-08T16:01:45.615966+00:00,152.0,23,bid,,,12412409
2026-07-08T16:01:46.587639,2026-07-08T16:01:46.599380+00:00,152.0,44,bid,,,12412424
2026-07-08T16:01:46.921561,2026-07-08T16:01:46.931294+00:00,152.0,23,bid,,,12412428
2026-07-08T16:01:47.553669,2026-07-08T16:01:47.557479+00:00,151.6,50,ask,,,12412436
2026-07-08T16:01:49.009124,2026-07-08T16:01:49.018154+00:00,152.1,46,bid,,,12412469
2026-07-08T16:01:49.062450,2026-07-08T16:01:49.073426+00:00,152.0,43,ask,,,12412470
2026-07-08T16:01:49.589823,2026-07-08T16:01:49.600321+00:00,152.1,49,bid,,,12412478
2026-07-08T16:01:49.616286,2026-07-08T16:01:49.626255+00:00,152.1,5,bid,,,12412479
2026-07-08T16:01:49.616286,2026-07-08T16:01:49.626255+00:00,152.3,8,bid,,,12412480
2026-07-08T16:01:49.659449,2026-07-08T16:01:49.668917+00:00,152.0,12,ask,,,12412483
2026-07-08T16:01:50.657108,2026-07-08T16:01:50.668993+00:00,152.0,43,ask,,,12412495
2026-07-08T16:01:51.214323,2026-07-08T16:01:51.223193+00:00,152.5,40,bid,,,12412512
2026-07-08T16:01:51.775794,2026-07-08T16:01:51.784487+00:00,152.1,50,ask,,,12412527
2026-07-08T16:01:52.087257,2026-07-08T16:01:52.100648+00:00,152.1,11,ask,,,12412536
2026-07-08T16:01:53.885027,2026-07-08T16:01:53.895477+00:00,152.1,39,ask,,,12412556
2026-07-08T16:01:53.885027,2026-07-08T16:01:53.895477+00:00,152.0,8,ask,,,12412557
2026-07-08T16:01:55.717246,2026-07-08T16:01:55.733225+00:00,151.6,46,ask,,,12412583
2026-07-08T16:01:55.942287,2026-07-08T16:01:55.949143+00:00,152.0,50,bid,,,12412584
2026-07-08T16:01:58.050096,2026-07-08T16:01:58.056618+00:00,152.1,50,bid,,,12412617
2026-07-08T16:02:00.066170,2026-07-08T16:02:00.077852+00:00,151.7,42,ask,,,12412662
2026-07-08T16:02:00.157202,2026-07-08T16:02:00.168900+00:00,152.2,50,bid,,,12412665
2026-07-08T16:02:02.270236,2026-07-08T16:02:02.281303+00:00,152.1,50,bid,,,12412700
2026-07-08T16:02:03.851648,2026-07-08T16:02:03.858333+00:00,152.1,49,bid,,,12412729
2026-07-08T16:02:04.387129,2026-07-08T16:02:04.400350+00:00,152.0,8,bid,,,12412742
2026-07-08T16:02:04.444881,2026-07-08T16:02:04.456495+00:00,151.6,45,ask,,,12412745
2026-07-08T16:02:07.638477,2026-07-08T16:02:07.645368+00:00,151.9,8,bid,,,12412787
2026-07-08T16:02:07.638477,2026-07-08T16:02:07.648464+00:00,152.0,100,bid,,,12412788
2026-07-08T16:02:08.504781,2026-07-08T16:02:08.519558+00:00,152.4,8,bid,,,12412804
2026-07-08T16:02:08.504781,2026-07-08T16:02:08.519558+00:00,152.5,39,bid,,,12412805
2026-07-08T16:02:08.597909,2026-07-08T16:02:08.606335+00:00,152.5,50,bid,,,12412806
2026-07-08T16:02:09.594194,2026-07-08T16:02:09.610169+00:00,152.1,8,ask,,,12412826
2026-07-08T16:02:10.704411,2026-07-08T16:02:10.713416+00:00,152.3,50,bid,,,12412846
2026-07-08T16:02:12.811699,2026-07-08T16:02:12.823804+00:00,152.3,50,bid,,,12412882
2026-07-08T16:02:13.090517,2026-07-08T16:02:13.098896+00:00,152.0,3,ask,,,12412884
2026-07-08T16:02:13.234553,2026-07-08T16:02:13.242788+00:00,152.0,12,ask,,,12412891
2026-07-08T16:02:14.693114,2026-07-08T16:02:14.704170+00:00,152.0,42,ask,,,12412911
2026-07-08T16:02:14.919631,2026-07-08T16:02:14.928605+00:00,152.4,50,bid,,,12412918
2026-07-08T16:02:16.243504,2026-07-08T16:02:16.258569+00:00,151.9,48,ask,,,12412939
2026-07-08T16:02:17.026553,2026-07-08T16:02:17.038709+00:00,152.3,50,bid,,,12412947
2026-07-08T16:02:19.136724,2026-07-08T16:02:19.144742+00:00,152.3,50,bid,,,12412974
2026-07-08T16:02:20.864422,2026-07-08T16:02:20.874483+00:00,152.3,46,bid,,,12413013
2026-07-08T16:02:21.052384,2026-07-08T16:02:21.061922+00:00,152.0,11,ask,,,12413020
2026-07-08T16:02:21.243982,2026-07-08T16:02:21.258558+00:00,152.3,50,bid,,,12413025
2026-07-08T16:02:21.923313,2026-07-08T16:02:21.933862+00:00,152.3,43,bid,,,12413039
2026-07-08T16:02:22.975924,2026-07-08T16:02:22.984901+00:00,152.3,11,bid,,,12413062
2026-07-08T16:02:23.352818,2026-07-08T16:02:23.364793+00:00,152.6,8,bid,,,12413069
2026-07-08T16:02:23.352818,2026-07-08T16:02:23.364793+00:00,152.7,42,bid,,,12413070
2026-07-08T16:02:23.448329,2026-07-08T16:02:23.468869+00:00,152.6,8,bid,,,12413074
2026-07-08T16:02:23.459474,2026-07-08T16:02:23.468869+00:00,152.6,23,ask,,,12413075
2026-07-08T16:02:23.686611,2026-07-08T16:02:23.696301+00:00,152.6,3,ask,,,12413087
2026-07-08T16:02:25.512239,2026-07-08T16:02:25.524158+00:00,152.6,50,ask,,,12413117
2026-07-08T16:02:29.671157,2026-07-08T16:02:29.679963+00:00,152.6,50,bid,,,12413203
2026-07-08T16:02:31.174467,2026-07-08T16:02:31.186135+00:00,152.2,42,ask,,,12413234
2026-07-08T16:02:31.693767,2026-07-08T16:02:31.705836+00:00,152.2,44,ask,,,12413241
2026-07-08T16:02:31.828634,2026-07-08T16:02:31.840797+00:00,152.2,50,ask,,,12413242
2026-07-08T16:02:33.012205,2026-07-08T16:02:33.020577+00:00,152.1,3,bid,,,12413260
2026-07-08T16:02:33.886709,2026-07-08T16:02:33.898361+00:00,152.1,50,bid,,,12413281
2026-07-08T16:02:35.992681,2026-07-08T16:02:35.999570+00:00,152.1,50,bid,,,12413312
2026-07-08T16:02:36.122434,2026-07-08T16:02:36.129527+00:00,152.4,8,bid,,,12413315
2026-07-08T16:02:36.122434,2026-07-08T16:02:36.134689+00:00,152.5,41,bid,,,12413316
2026-07-08T16:02:39.249258,2026-07-08T16:02:39.258578+00:00,152.1,45,ask,,,12413353
2026-07-08T16:02:39.883416,2026-07-08T16:02:39.895048+00:00,152.4,43,bid,,,12413359
2026-07-08T16:02:40.263145,2026-07-08T16:02:40.274990+00:00,152.1,50,ask,,,12413365
2026-07-08T16:02:40.512249,2026-07-08T16:02:40.520910+00:00,152.1,5,ask,,,12413373
2026-07-08T16:02:40.512249,2026-07-08T16:02:40.520910+00:00,152.0,8,ask,,,12413374
2026-07-08T16:02:40.512249,2026-07-08T16:02:40.526368+00:00,151.9,31,ask,,,12413375
2026-07-08T16:02:42.370532,2026-07-08T16:02:42.382168+00:00,151.9,50,ask,,,12413402
2026-07-08T16:02:44.026901,2026-07-08T16:02:44.064243+00:00,152.2,48,bid,,,12413438
2026-07-08T16:02:44.477558,2026-07-08T16:02:44.489441+00:00,151.8,8,ask,,,12413445
2026-07-08T16:02:44.477558,2026-07-08T16:02:44.489441+00:00,151.7,42,ask,,,12413446
2026-07-08T16:02:46.526108,2026-07-08T16:02:46.533316+00:00,151.6,41,ask,,,12413468
2026-07-08T16:02:46.535645,2026-07-08T16:02:46.543546+00:00,152.0,50,bid,,,12413469
2026-07-08T16:02:50.538292,2026-07-08T16:02:50.546692+00:00,152.0,45,bid,,,12413532
2026-07-08T16:02:50.815138,2026-07-08T16:02:50.829578+00:00,151.8,50,ask,,,12413541
2026-07-08T16:02:52.150835,2026-07-08T16:02:52.158590+00:00,151.5,8,ask,,,12413558
2026-07-08T16:02:52.150835,2026-07-08T16:02:52.158590+00:00,151.4,35,ask,,,12413559
2026-07-08T16:02:52.652947,2026-07-08T16:02:52.656636+00:00,151.8,8,bid,,,12413566
2026-07-08T16:02:52.652947,2026-07-08T16:02:52.656636+00:00,151.9,35,bid,,,12413567
2026-07-08T16:02:52.871064,2026-07-08T16:02:52.883302+00:00,151.8,8,bid,,,12413568
2026-07-08T16:02:52.871064,2026-07-08T16:02:52.883302+00:00,151.9,42,bid,,,12413569
2026-07-08T16:02:53.194797,2026-07-08T16:02:53.205429+00:00,151.8,8,bid,,,12413571
2026-07-08T16:02:53.194797,2026-07-08T16:02:53.205429+00:00,151.9,23,bid,,,12413572
2026-07-08T16:02:53.194797,2026-07-08T16:02:53.205429+00:00,151.9,16,bid,,,12413573
2026-07-08T16:02:55.002795,2026-07-08T16:02:55.018180+00:00,151.9,50,bid,,,12413596
2026-07-08T16:02:55.159458,2026-07-08T16:02:55.169088+00:00,151.7,3,ask,,,12413604
2026-07-08T16:02:57.117876,2026-07-08T16:02:57.129877+00:00,152.1,50,bid,,,12413629
2026-07-08T16:02:59.229022,2026-07-08T16:02:59.235963+00:00,152.2,50,bid,,,12413672
2026-07-08T16:02:59.952088,2026-07-08T16:02:59.963857+00:00,151.8,8,ask,,,12413681
2026-07-08T16:02:59.952088,2026-07-08T16:02:59.963857+00:00,151.7,34,ask,,,12413682
2026-07-08T16:03:00.958626,2026-07-08T16:03:00.970495+00:00,151.8,42,ask,,,12413691
2026-07-08T16:03:03.000297,2026-07-08T16:03:03.011867+00:00,151.8,47,ask,,,12413737
2026-07-08T16:03:03.515069,2026-07-08T16:03:03.524427+00:00,151.8,11,ask,,,12413749
2026-07-08T16:03:03.515069,2026-07-08T16:03:03.524427+00:00,151.7,8,ask,,,12413750
2026-07-08T16:03:03.515069,2026-07-08T16:03:03.529640+00:00,151.6,31,ask,,,12413751
2026-07-08T16:03:05.574334,2026-07-08T16:03:05.581830+00:00,151.7,47,bid,,,12413782
2026-07-08T16:03:05.574584,2026-07-08T16:03:05.587230+00:00,151.7,50,bid,,,12413783
2026-07-08T16:03:06.207986,2026-07-08T16:03:06.220073+00:00,151.5,45,ask,,,12413794
2026-07-08T16:03:06.859928,2026-07-08T16:03:06.871661+00:00,151.8,8,bid,,,12413799
2026-07-08T16:03:07.702418,2026-07-08T16:03:07.711772+00:00,152.0,50,bid,,,12413813
2026-07-08T16:03:09.809631,2026-07-08T16:03:09.816963+00:00,151.9,50,bid,,,12413849
2026-07-08T16:03:10.434294,2026-07-08T16:03:10.446030+00:00,151.9,43,bid,,,12413857
2026-07-08T16:03:11.971836,2026-07-08T16:03:11.982995+00:00,151.8,50,ask,,,12413888
2026-07-08T16:03:12.549858,2026-07-08T16:03:12.555067+00:00,152.2,45,bid,,,12413894
2026-07-08T16:03:14.082889,2026-07-08T16:03:14.095250+00:00,151.9,50,ask,,,12413921
2026-07-08T16:03:15.782405,2026-07-08T16:03:15.793551+00:00,151.9,44,ask,,,12413944
2026-07-08T16:03:16.193650,2026-07-08T16:03:16.206197+00:00,151.9,6,ask,,,12413952
2026-07-08T16:03:16.193650,2026-07-08T16:03:16.206197+00:00,151.9,8,ask,,,12413953
2026-07-08T16:03:16.193650,2026-07-08T16:03:16.206197+00:00,151.7,36,ask,,,12413954
2026-07-08T16:03:16.771483,2026-07-08T16:03:16.779425+00:00,151.7,48,ask,,,12413961
2026-07-08T16:03:18.255423,2026-07-08T16:03:18.258679+00:00,151.7,41,bid,,,12413984
2026-07-08T16:03:18.302670,2026-07-08T16:03:18.314556+00:00,151.4,50,ask,,,12413986
2026-07-08T16:03:20.418862,2026-07-08T16:03:20.435198+00:00,151.2,50,ask,,,12414025
2026-07-08T16:03:22.524784,2026-07-08T16:03:22.536533+00:00,151.4,50,ask,,,12414065
2026-07-08T16:03:22.744575,2026-07-08T16:03:22.768542+00:00,151.4,54,ask,,,12414072
2026-07-08T16:03:22.744575,2026-07-08T16:03:22.768542+00:00,151.3,8,ask,,,12414073
2026-07-08T16:03:22.759450,2026-07-08T16:03:22.768542+00:00,151.1,14,bid,,,12414074
2026-07-08T16:03:22.933813,2026-07-08T16:03:22.942605+00:00,151.1,12,bid,,,12414080
2026-07-08T16:03:24.665655,2026-07-08T16:03:24.674179+00:00,150.6,50,ask,,,12414106
2026-07-08T16:03:25.130521,2026-07-08T16:03:25.139031+00:00,151.1,12,bid,,,12414123
2026-07-08T16:03:25.130521,2026-07-08T16:03:25.139031+00:00,151.1,32,bid,,,12414124
2026-07-08T16:03:25.348168,2026-07-08T16:03:25.357195+00:00,151.1,11,bid,,,12414128
2026-07-08T16:03:25.861218,2026-07-08T16:03:25.874264+00:00,151.1,100,bid,,,12414133
2026-07-08T16:03:26.761260,2026-07-08T16:03:26.771415+00:00,151.2,11,ask,,,12414158
2026-07-08T16:03:26.764981,2026-07-08T16:03:26.771415+00:00,151.7,42,bid,,,12414159
2026-07-08T16:03:26.773503,2026-07-08T16:03:26.786658+00:00,151.2,50,ask,,,12414161
2026-07-08T16:03:28.756109,2026-07-08T16:03:28.763695+00:00,151.2,47,ask,,,12414194
2026-07-08T16:03:28.890406,2026-07-08T16:03:28.906618+00:00,151.2,42,ask,,,12414196
2026-07-08T16:03:28.890406,2026-07-08T16:03:28.906618+00:00,151.0,8,ask,,,12414197
2026-07-08T16:03:30.999478,2026-07-08T16:03:31.011141+00:00,150.9,50,ask,,,12414227
2026-07-08T16:03:33.112423,2026-07-08T16:03:33.124537+00:00,150.9,50,ask,,,12414249
2026-07-08T16:03:34.754905,2026-07-08T16:03:34.757168+00:00,151.1,41,bid,,,12414276
2026-07-08T16:03:35.222698,2026-07-08T16:03:35.234579+00:00,150.9,50,ask,,,12414284
2026-07-08T16:03:36.804739,2026-07-08T16:03:36.813192+00:00,150.6,43,ask,,,12414305
2026-07-08T16:03:38.595467,2026-07-08T16:03:38.606510+00:00,150.8,8,bid,,,12414331
2026-07-08T16:03:39.781461,2026-07-08T16:03:39.793693+00:00,150.8,15,bid,,,12414351
2026-07-08T16:03:39.987585,2026-07-08T16:03:39.997405+00:00,150.8,48,bid,,,12414356
2026-07-08T16:03:41.487352,2026-07-08T16:03:41.499011+00:00,150.8,29,bid,,,12414380
2026-07-08T16:03:41.487352,2026-07-08T16:03:41.499011+00:00,150.8,21,bid,,,12414381
2026-07-08T16:03:41.685660,2026-07-08T16:03:41.697522+00:00,150.8,100,bid,,,12414385
2026-07-08T16:03:42.387203,2026-07-08T16:03:42.399099+00:00,150.4,8,ask,,,12414399
2026-07-08T16:03:42.387203,2026-07-08T16:03:42.399099+00:00,150.3,41,ask,,,12414400
2026-07-08T16:03:43.594763,2026-07-08T16:03:43.606551+00:00,150.8,8,bid,,,12414415
2026-07-08T16:03:43.594763,2026-07-08T16:03:43.606551+00:00,150.9,42,bid,,,12414416
2026-07-08T16:03:44.918374,2026-07-08T16:03:44.930278+00:00,150.6,48,bid,,,12414439
2026-07-08T16:03:45.703425,2026-07-08T16:03:45.713537+00:00,150.6,50,bid,,,12414449
2026-07-08T16:03:45.753675,2026-07-08T16:03:45.755489+00:00,150.5,8,bid,,,12414451
2026-07-08T16:03:45.753675,2026-07-08T16:03:45.755489+00:00,150.6,2,bid,,,12414452
2026-07-08T16:03:46.066325,2026-07-08T16:03:46.075813+00:00,150.7,8,ask,,,12414461
2026-07-08T16:03:46.323227,2026-07-08T16:03:46.332705+00:00,150.6,15,ask,,,12414469
2026-07-08T16:03:46.398790,2026-07-08T16:03:46.417394+00:00,150.7,8,ask,,,12414473
2026-07-08T16:03:47.035696,2026-07-08T16:03:47.046725+00:00,150.6,44,ask,,,12414480
2026-07-08T16:03:47.811225,2026-07-08T16:03:47.823278+00:00,151.0,8,bid,,,12414490
2026-07-08T16:03:47.811225,2026-07-08T16:03:47.823278+00:00,151.1,42,bid,,,12414491
2026-07-08T16:03:49.774406,2026-07-08T16:03:49.783643+00:00,150.7,49,bid,,,12414522
2026-07-08T16:03:49.921085,2026-07-08T16:03:49.931127+00:00,150.7,50,bid,,,12414525
2026-07-08T16:03:50.257256,2026-07-08T16:03:50.268695+00:00,150.4,40,ask,,,12414534
2026-07-08T16:03:52.015219,2026-07-08T16:03:52.023946+00:00,150.9,46,bid,,,12414573
2026-07-08T16:03:52.029254,2026-07-08T16:03:52.040906+00:00,150.9,50,bid,,,12414574
2026-07-08T16:03:54.135037,2026-07-08T16:03:54.144263+00:00,151.0,50,bid,,,12414609
2026-07-08T16:03:54.249205,2026-07-08T16:03:54.256322+00:00,150.7,48,ask,,,12414613
2026-07-08T16:03:54.386577,2026-07-08T16:03:54.395163+00:00,150.8,4,ask,,,12414616
2026-07-08T16:03:56.241355,2026-07-08T16:03:56.260776+00:00,151.0,50,bid,,,12414639
2026-07-08T16:03:56.731608,2026-07-08T16:03:56.739786+00:00,150.8,46,ask,,,12414645
2026-07-08T16:03:57.814010,2026-07-08T16:03:57.821283+00:00,151.0,49,bid,,,12414663
2026-07-08T16:03:58.423241,2026-07-08T16:03:58.434832+00:00,151.1,100,bid,,,12414678
2026-07-08T16:03:58.423241,2026-07-08T16:03:58.434832+00:00,151.1,8,bid,,,12414679
2026-07-08T16:03:59.373687,2026-07-08T16:03:59.385398+00:00,151.1,42,ask,,,12414693
2026-07-08T16:03:59.373687,2026-07-08T16:03:59.385398+00:00,151.0,5,ask,,,12414694
2026-07-08T16:03:59.503136,2026-07-08T16:03:59.511492+00:00,151.0,3,ask,,,12414698
2026-07-08T16:04:00.503211,2026-07-08T16:04:00.512183+00:00,150.8,8,ask,,,12414709
2026-07-08T16:04:00.503211,2026-07-08T16:04:00.512183+00:00,150.6,42,ask,,,12414710
2026-07-08T16:04:01.922388,2026-07-08T16:04:01.934258+00:00,150.9,44,bid,,,12414728
2026-07-08T16:04:02.618597,2026-07-08T16:04:02.627920+00:00,150.7,50,ask,,,12414745
2026-07-08T16:04:02.890831,2026-07-08T16:04:02.899580+00:00,150.9,3,bid,,,12414747
2026-07-08T16:04:04.675360,2026-07-08T16:04:04.687109+00:00,150.9,50,bid,,,12414779
2026-07-08T16:04:08.086929,2026-07-08T16:04:08.098458+00:00,151.0,46,ask,,,12414828
2026-07-08T16:04:08.942980,2026-07-08T16:04:08.951962+00:00,151.0,50,ask,,,12414847
2026-07-08T16:04:10.997699,2026-07-08T16:04:11.005658+00:00,151.4,8,bid,,,12414871
2026-07-08T16:04:10.997699,2026-07-08T16:04:11.010655+00:00,151.5,42,bid,,,12414872
2026-07-08T16:04:13.107821,2026-07-08T16:04:13.116094+00:00,151.4,50,bid,,,12414896
2026-07-08T16:04:15.214615,2026-07-08T16:04:15.221327+00:00,151.5,50,bid,,,12414931
2026-07-08T16:04:17.320329,2026-07-08T16:04:17.330066+00:00,151.7,8,bid,,,12414960
2026-07-08T16:04:17.320329,2026-07-08T16:04:17.330066+00:00,151.8,42,bid,,,12414961
2026-07-08T16:04:18.601733,2026-07-08T16:04:18.610882+00:00,151.3,11,ask,,,12414983
2026-07-08T16:04:18.892047,2026-07-08T16:04:18.902467+00:00,151.4,3,ask,,,12414994
2026-07-08T16:04:19.428102,2026-07-08T16:04:19.439779+00:00,151.7,8,bid,,,12415000
2026-07-08T16:04:19.428102,2026-07-08T16:04:19.439779+00:00,151.8,42,bid,,,12415001
2026-07-08T16:04:21.598135,2026-07-08T16:04:21.606684+00:00,151.4,50,ask,,,12415023
2026-07-08T16:04:22.295978,2026-07-08T16:04:22.303632+00:00,151.7,47,bid,,,12415041
2026-07-08T16:04:22.948310,2026-07-08T16:04:22.955111+00:00,151.4,8,ask,,,12415051
2026-07-08T16:04:22.948310,2026-07-08T16:04:22.955111+00:00,151.3,37,ask,,,12415052
2026-07-08T16:04:23.704075,2026-07-08T16:04:23.715462+00:00,151.3,50,ask,,,12415068
2026-07-08T16:04:24.955780,2026-07-08T16:04:24.965295+00:00,151.8,47,bid,,,12415093
2026-07-08T16:04:25.840372,2026-07-08T16:04:25.848636+00:00,151.5,50,ask,,,12415113
2026-07-08T16:04:26.015968,2026-07-08T16:04:26.024833+00:00,151.8,8,bid,,,12415115
2026-07-08T16:04:26.015968,2026-07-08T16:04:26.024833+00:00,152.0,41,bid,,,12415116
2026-07-08T16:04:27.946886,2026-07-08T16:04:27.958550+00:00,151.6,50,ask,,,12415136
2026-07-08T16:04:29.102280,2026-07-08T16:04:29.112339+00:00,151.7,3,ask,,,12415149
2026-07-08T16:04:29.182279,2026-07-08T16:04:29.188981+00:00,151.7,5,ask,,,12415152
2026-07-08T16:04:29.182279,2026-07-08T16:04:29.194226+00:00,151.6,95,ask,,,12415153
2026-07-08T16:04:30.060541,2026-07-08T16:04:30.066938+00:00,151.7,8,ask,,,12415160
2026-07-08T16:04:30.133998,2026-07-08T16:04:30.143840+00:00,151.3,3,bid,,,12415161
2026-07-08T16:04:30.610266,2026-07-08T16:04:30.621804+00:00,151.0,42,ask,,,12415170
2026-07-08T16:04:30.700857,2026-07-08T16:04:30.709795+00:00,151.3,14,bid,,,12415172
2026-07-08T16:04:32.116515,2026-07-08T16:04:32.123359+00:00,151.3,50,bid,,,12415202
2026-07-08T16:04:32.322861,2026-07-08T16:04:32.330537+00:00,151.3,47,bid,,,12415206
2026-07-08T16:04:32.798334,2026-07-08T16:04:32.806862+00:00,151.2,48,ask,,,12415210
2026-07-08T16:04:33.364304,2026-07-08T16:04:33.375917+00:00,151.7,40,bid,,,12415214
2026-07-08T16:04:34.302239,2026-07-08T16:04:34.313795+00:00,151.3,50,ask,,,12415221
2026-07-08T16:04:34.341390,2026-07-08T16:04:34.350599+00:00,151.3,11,ask,,,12415223
2026-07-08T16:04:36.411780,2026-07-08T16:04:36.423490+00:00,151.2,50,ask,,,12415252
2026-07-08T16:04:38.550314,2026-07-08T16:04:38.557256+00:00,151.2,50,ask,,,12415275
2026-07-08T16:04:38.575441,2026-07-08T16:04:38.583960+00:00,151.1,3,ask,,,12415278
2026-07-08T16:04:38.672569,2026-07-08T16:04:38.681932+00:00,151.1,100,ask,,,12415283
2026-07-08T16:04:39.623592,2026-07-08T16:04:39.633127+00:00,151.0,14,bid,,,12415297
2026-07-08T16:04:40.214692,2026-07-08T16:04:40.226428+00:00,150.6,41,ask,,,12415304
2026-07-08T16:04:40.655978,2026-07-08T16:04:40.667877+00:00,150.6,50,ask,,,12415310
2026-07-08T16:04:41.755638,2026-07-08T16:04:41.764866+00:00,151.0,44,bid,,,12415327
2026-07-08T16:04:42.767758,2026-07-08T16:04:42.779705+00:00,150.6,50,ask,,,12415337
2026-07-08T16:04:43.713537,2026-07-08T16:04:43.721336+00:00,150.6,42,ask,,,12415359
2026-07-08T16:04:44.875700,2026-07-08T16:04:44.887560+00:00,150.6,8,ask,,,12415374
2026-07-08T16:04:44.875700,2026-07-08T16:04:44.887560+00:00,150.6,42,ask,,,12415375
2026-07-08T16:04:45.001269,2026-07-08T16:04:45.011194+00:00,150.6,100,ask,,,12415377
2026-07-08T16:04:45.946751,2026-07-08T16:04:45.955534+00:00,150.3,35,bid,,,12415387
2026-07-08T16:04:46.989236,2026-07-08T16:04:47.015090+00:00,150.1,50,ask,,,12415402
2026-07-08T16:04:49.098674,2026-07-08T16:04:49.107567+00:00,150.1,50,ask,,,12415436
2026-07-08T16:04:50.130933,2026-07-08T16:04:50.140028+00:00,150.3,42,bid,,,12415451
2026-07-08T16:04:50.706616,2026-07-08T16:04:50.714549+00:00,150.1,8,ask,,,12415464
2026-07-08T16:04:51.206644,2026-07-08T16:04:51.217708+00:00,150.1,42,ask,,,12415475
2026-07-08T16:04:51.206644,2026-07-08T16:04:51.222982+00:00,149.9,8,ask,,,12415476
2026-07-08T16:04:51.753233,2026-07-08T16:04:51.764735+00:00,150.2,47,bid,,,12415482
2026-07-08T16:04:52.242837,2026-07-08T16:04:52.252526+00:00,149.8,47,ask,,,12415494
2026-07-08T16:04:53.313477,2026-07-08T16:04:53.322263+00:00,149.8,50,ask,,,12415510
2026-07-08T16:04:55.418738,2026-07-08T16:04:55.430190+00:00,149.8,8,ask,,,12415532
2026-07-08T16:04:55.418738,2026-07-08T16:04:55.430190+00:00,149.7,42,ask,,,12415533
2026-07-08T16:04:55.454500,2026-07-08T16:04:55.463159+00:00,149.8,19,bid,,,12415534
2026-07-08T16:04:55.977843,2026-07-08T16:04:55.987392+00:00,149.8,42,bid,,,12415548
2026-07-08T16:04:57.528454,2026-07-08T16:04:57.535672+00:00,149.7,50,ask,,,12415568
2026-07-08T16:04:58.970980,2026-07-08T16:04:58.982599+00:00,149.9,42,bid,,,12415604
2026-07-08T16:04:59.635077,2026-07-08T16:04:59.646639+00:00,149.5,50,ask,,,12415613
2026-07-08T16:04:59.954084,2026-07-08T16:04:59.954310+00:00,149.5,42,ask,,,12415620
2026-07-08T16:05:00.543571,2026-07-08T16:05:00.558592+00:00,149.9,49,bid,,,12415623
2026-07-08T16:05:01.691724,2026-07-08T16:05:01.703471+00:00,150.2,8,bid,,,12415640
2026-07-08T16:05:01.691724,2026-07-08T16:05:01.703471+00:00,150.3,42,bid,,,12415641
2026-07-08T16:05:01.762393,2026-07-08T16:05:01.785694+00:00,149.8,100,ask,,,12415644
2026-07-08T16:05:01.775243,2026-07-08T16:05:01.785694+00:00,149.8,11,bid,,,12415645
2026-07-08T16:05:03.803524,2026-07-08T16:05:03.814023+00:00,149.8,39,bid,,,12415677
2026-07-08T16:05:03.803524,2026-07-08T16:05:03.814023+00:00,149.8,8,bid,,,12415678
2026-07-08T16:05:07.580676,2026-07-08T16:05:07.589548+00:00,149.8,11,ask,,,12415742
2026-07-08T16:05:08.022164,2026-07-08T16:05:08.033907+00:00,149.9,50,bid,,,12415746
2026-07-08T16:05:09.829583,2026-07-08T16:05:09.834847+00:00,149.6,43,ask,,,12415780
2026-07-08T16:05:10.170908,2026-07-08T16:05:10.179685+00:00,149.6,8,ask,,,12415795
2026-07-08T16:05:10.419587,2026-07-08T16:05:10.432046+00:00,149.6,3,ask,,,12415801
2026-07-08T16:05:12.441437,2026-07-08T16:05:12.453016+00:00,149.5,43,bid,,,12415824
2026-07-08T16:05:13.879751,2026-07-08T16:05:13.889248+00:00,149.3,43,ask,,,12415848
2026-07-08T16:05:14.397932,2026-07-08T16:05:14.409355+00:00,149.3,50,ask,,,12415853
2026-07-08T16:05:16.509756,2026-07-08T16:05:16.517966+00:00,149.3,7,ask,,,12415888
2026-07-08T16:05:16.509756,2026-07-08T16:05:16.517966+00:00,149.3,43,ask,,,12415889
2026-07-08T16:05:16.976941,2026-07-08T16:05:16.986528+00:00,149.5,22,bid,,,12415902
2026-07-08T16:05:18.617595,2026-07-08T16:05:18.629043+00:00,149.3,50,ask,,,12415936
2026-07-08T16:05:20.727585,2026-07-08T16:05:20.740055+00:00,149.3,8,ask,,,12415969
2026-07-08T16:05:20.727585,2026-07-08T16:05:20.740055+00:00,149.2,42,ask,,,12415970
2026-07-08T16:05:22.838884,2026-07-08T16:05:22.850393+00:00,149.2,50,ask,,,12416011
2026-07-08T16:05:22.985541,2026-07-08T16:05:22.995114+00:00,149.4,12,bid,,,12416013
2026-07-08T16:05:23.590510,2026-07-08T16:05:23.603062+00:00,149.4,11,bid,,,12416028
2026-07-08T16:05:24.957781,2026-07-08T16:05:24.969391+00:00,149.2,50,ask,,,12416045
2026-07-08T16:05:24.981977,2026-07-08T16:05:24.993607+00:00,149.4,40,bid,,,12416046
2026-07-08T16:05:27.613975,2026-07-08T16:05:27.625739+00:00,149.0,48,ask,,,12416084
2026-07-08T16:05:28.183887,2026-07-08T16:05:28.195727+00:00,149.1,8,ask,,,12416099
2026-07-08T16:05:28.183887,2026-07-08T16:05:28.195727+00:00,149.0,39,ask,,,12416100
2026-07-08T16:05:29.122629,2026-07-08T16:05:29.132793+00:00,149.3,50,bid,,,12416119
2026-07-08T16:05:29.182457,2026-07-08T16:05:29.193944+00:00,149.3,40,bid,,,12416121
2026-07-08T16:05:29.226437,2026-07-08T16:05:29.235471+00:00,149.2,6,bid,,,12416123
2026-07-08T16:05:29.235810,2026-07-08T16:05:29.250734+00:00,149.2,2,bid,,,12416125
2026-07-08T16:05:30.194730,2026-07-08T16:05:30.205534+00:00,149.3,8,ask,,,12416133
2026-07-08T16:05:30.585961,2026-07-08T16:05:30.594847+00:00,149.3,6,ask,,,12416139
2026-07-08T16:05:31.235707,2026-07-08T16:05:31.242558+00:00,149.4,50,bid,,,12416153
2026-07-08T16:05:31.260278,2026-07-08T16:05:31.271914+00:00,149.3,48,ask,,,12416155
2026-07-08T16:05:32.634121,2026-07-08T16:05:32.645894+00:00,149.4,43,bid,,,12416186
2026-07-08T16:05:33.342353,2026-07-08T16:05:33.354133+00:00,149.4,50,bid,,,12416198
2026-07-08T16:05:35.450158,2026-07-08T16:05:35.456957+00:00,149.3,8,bid,,,12416229
2026-07-08T16:05:35.450158,2026-07-08T16:05:35.456957+00:00,149.4,7,bid,,,12416230
2026-07-08T16:05:35.450158,2026-07-08T16:05:35.456957+00:00,149.4,35,bid,,,12416231
2026-07-08T16:05:36.271385,2026-07-08T16:05:36.282953+00:00,149.1,44,ask,,,12416241
2026-07-08T16:05:37.559108,2026-07-08T16:05:37.570751+00:00,149.4,50,bid,,,12416262
2026-07-08T16:05:38.250704,2026-07-08T16:05:38.250477+00:00,149.4,41,bid,,,12416266
2026-07-08T16:05:39.675363,2026-07-08T16:05:39.690164+00:00,149.5,8,bid,,,12416286
2026-07-08T16:05:39.691529,2026-07-08T16:05:39.702428+00:00,149.5,23,ask,,,12416287
2026-07-08T16:05:39.729525,2026-07-08T16:05:39.738969+00:00,149.5,50,ask,,,12416292
2026-07-08T16:05:41.836439,2026-07-08T16:05:41.847978+00:00,149.5,50,ask,,,12416315
2026-07-08T16:05:42.282134,2026-07-08T16:05:42.290739+00:00,149.6,46,bid,,,12416331
2026-07-08T16:05:42.806593,2026-07-08T16:05:42.814775+00:00,149.4,8,ask,,,12416334
2026-07-08T16:05:42.806593,2026-07-08T16:05:42.814775+00:00,149.1,34,ask,,,12416335
2026-07-08T16:05:43.362617,2026-07-08T16:05:43.373951+00:00,149.4,48,bid,,,12416344
2026-07-08T16:05:43.893019,2026-07-08T16:05:43.904924+00:00,149.4,50,bid,,,12416351
2026-07-08T16:05:45.999240,2026-07-08T16:05:46.011314+00:00,149.5,8,bid,,,12416388
2026-07-08T16:05:45.999240,2026-07-08T16:05:46.011314+00:00,149.6,42,bid,,,12416389
2026-07-08T16:05:46.718237,2026-07-08T16:05:46.730016+00:00,149.1,43,ask,,,12416404
2026-07-08T16:05:48.109950,2026-07-08T16:05:48.121521+00:00,149.5,50,bid,,,12416419
2026-07-08T16:05:48.706605,2026-07-08T16:05:48.715546+00:00,149.3,48,bid,,,12416427
2026-07-08T16:05:49.836154,2026-07-08T16:05:49.845791+00:00,149.2,44,ask,,,12416453
2026-07-08T16:05:50.217978,2026-07-08T16:05:50.224310+00:00,149.3,50,bid,,,12416457
2026-07-08T16:05:52.392056,2026-07-08T16:05:52.400616+00:00,149.2,8,ask,,,12416491
2026-07-08T16:05:56.123701,2026-07-08T16:05:56.135563+00:00,149.1,8,ask,,,12416559
2026-07-08T16:05:56.123701,2026-07-08T16:05:56.135563+00:00,149.0,32,ask,,,12416560
2026-07-08T16:05:56.639812,2026-07-08T16:05:56.650716+00:00,149.1,8,ask,,,12416564
2026-07-08T16:05:56.639812,2026-07-08T16:05:56.650716+00:00,149.0,42,ask,,,12416565
2026-07-08T16:05:56.661501,2026-07-08T16:05:56.669971+00:00,149.4,8,bid,,,12416567
2026-07-08T16:05:56.661501,2026-07-08T16:05:56.675533+00:00,149.5,35,bid,,,12416568
2026-07-08T16:05:58.749892,2026-07-08T16:05:58.756494+00:00,149.1,8,ask,,,12416595
2026-07-08T16:05:59.129352,2026-07-08T16:05:59.137698+00:00,149.1,8,ask,,,12416600
2026-07-08T16:05:59.450148,2026-07-08T16:05:59.458951+00:00,149.1,3,ask,,,12416602
2026-07-08T16:06:02.966010,2026-07-08T16:06:02.975167+00:00,149.1,8,ask,,,12416660
2026-07-08T16:06:02.966010,2026-07-08T16:06:02.975167+00:00,149.0,42,ask,,,12416661
2026-07-08T16:06:03.812753,2026-07-08T16:06:03.825311+00:00,149.1,3,ask,,,12416670
2026-07-08T16:06:03.812753,2026-07-08T16:06:03.825311+00:00,149.0,39,ask,,,12416671
2026-07-08T16:06:04.309170,2026-07-08T16:06:04.322601+00:00,149.3,8,bid,,,12416680
2026-07-08T16:06:04.309170,2026-07-08T16:06:04.322601+00:00,149.4,33,bid,,,12416681
2026-07-08T16:06:05.099492,2026-07-08T16:06:05.109102+00:00,149.0,8,ask,,,12416689
2026-07-08T16:06:05.099492,2026-07-08T16:06:05.109102+00:00,148.9,42,ask,,,12416690
2026-07-08T16:06:05.331555,2026-07-08T16:06:05.342522+00:00,148.9,49,ask,,,12416695
2026-07-08T16:06:06.965801,2026-07-08T16:06:06.979340+00:00,149.1,44,bid,,,12416718
2026-07-08T16:06:06.971315,2026-07-08T16:06:06.979340+00:00,149.1,23,bid,,,12416719
2026-07-08T16:06:07.157604,2026-07-08T16:06:07.169040+00:00,149.1,50,bid,,,12416723
2026-07-08T16:06:08.159248,2026-07-08T16:06:08.169035+00:00,149.2,8,bid,,,12416744
2026-07-08T16:06:08.287073,2026-07-08T16:06:08.295714+00:00,149.2,12,ask,,,12416748
2026-07-08T16:06:09.263562,2026-07-08T16:06:09.271890+00:00,149.4,8,bid,,,12416762
2026-07-08T16:06:09.263562,2026-07-08T16:06:09.271890+00:00,149.5,42,bid,,,12416763
2026-07-08T16:06:10.342027,2026-07-08T16:06:10.351198+00:00,149.2,47,ask,,,12416780
2026-07-08T16:06:13.477759,2026-07-08T16:06:13.490509+00:00,149.3,8,bid,,,12416817
2026-07-08T16:06:13.477759,2026-07-08T16:06:13.490509+00:00,149.4,42,bid,,,12416818
2026-07-08T16:06:13.921392,2026-07-08T16:06:13.928716+00:00,149.4,43,bid,,,12416830
2026-07-08T16:06:13.976399,2026-07-08T16:06:13.987883+00:00,149.1,40,ask,,,12416831
2026-07-08T16:06:15.903399,2026-07-08T16:06:15.912830+00:00,149.4,8,bid,,,12416869
2026-07-08T16:06:15.903399,2026-07-08T16:06:15.912830+00:00,149.5,34,bid,,,12416870
2026-07-08T16:06:17.700715,2026-07-08T16:06:17.711055+00:00,149.4,50,bid,,,12416900
2026-07-08T16:06:19.808315,2026-07-08T16:06:19.818993+00:00,149.4,50,bid,,,12416927
2026-07-08T16:06:20.260496,2026-07-08T16:06:20.279610+00:00,149.3,22,ask,,,12416933
2026-07-08T16:06:20.434631,2026-07-08T16:06:20.445041+00:00,149.3,44,ask,,,12416939
2026-07-08T16:06:21.530790,2026-07-08T16:06:21.538911+00:00,149.3,8,ask,,,12416966
2026-07-08T16:06:21.859592,2026-07-08T16:06:21.868471+00:00,149.3,8,ask,,,12416970
2026-07-08T16:06:21.916049,2026-07-08T16:06:21.927704+00:00,149.6,50,bid,,,12416974
2026-07-08T16:06:24.041658,2026-07-08T16:06:24.050976+00:00,149.3,19,ask,,,12417002
2026-07-08T16:06:25.359565,2026-07-08T16:06:25.370410+00:00,149.3,11,ask,,,12417028
2026-07-08T16:06:26.004333,2026-07-08T16:06:26.013169+00:00,149.4,44,bid,,,12417036
2026-07-08T16:06:26.126863,2026-07-08T16:06:26.134576+00:00,149.4,50,bid,,,12417041
2026-07-08T16:06:26.283389,2026-07-08T16:06:26.294975+00:00,149.3,100,ask,,,12417046
2026-07-08T16:06:26.446923,2026-07-08T16:06:26.455365+00:00,149.4,3,ask,,,12417048
2026-07-08T16:06:27.198477,2026-07-08T16:06:27.217587+00:00,149.4,8,ask,,,12417060
2026-07-08T16:06:27.208599,2026-07-08T16:06:27.217587+00:00,148.9,37,bid,,,12417061
2026-07-08T16:06:28.287400,2026-07-08T16:06:28.298820+00:00,148.8,50,ask,,,12417081
2026-07-08T16:06:29.394864,2026-07-08T16:06:29.402759+00:00,148.9,100,bid,,,12417096
2026-07-08T16:06:30.309494,2026-07-08T16:06:30.321097+00:00,148.9,8,bid,,,12417109
2026-07-08T16:06:32.448005,2026-07-08T16:06:32.456306+00:00,149.4,50,bid,,,12417134
2026-07-08T16:06:33.359624,2026-07-08T16:06:33.371585+00:00,148.9,49,ask,,,12417153
2026-07-08T16:06:34.553874,2026-07-08T16:06:34.558562+00:00,149.1,50,bid,,,12417162
2026-07-08T16:06:34.924077,2026-07-08T16:06:34.935734+00:00,149.1,44,bid,,,12417168
2026-07-08T16:06:35.554979,2026-07-08T16:06:35.566614+00:00,148.8,44,ask,,,12417173
2026-07-08T16:06:36.023236,2026-07-08T16:06:36.033137+00:00,149.3,44,bid,,,12417184
2026-07-08T16:06:36.717016,2026-07-08T16:06:36.724434+00:00,148.9,50,ask,,,12417194
2026-07-08T16:06:38.568545,2026-07-08T16:06:38.579269+00:00,148.9,46,ask,,,12417222
2026-07-08T16:06:38.773326,2026-07-08T16:06:38.786010+00:00,149.4,50,bid,,,12417225
2026-07-08T16:06:39.554893,2026-07-08T16:06:39.557790+00:00,149.4,48,bid,,,12417242
2026-07-08T16:06:39.825299,2026-07-08T16:06:39.835653+00:00,149.2,23,ask,,,12417249
2026-07-08T16:06:40.937293,2026-07-08T16:06:40.948851+00:00,149.2,50,ask,,,12417272
2026-07-08T16:06:42.591522,2026-07-08T16:06:42.601916+00:00,149.2,47,ask,,,12417314
2026-07-08T16:06:43.045530,2026-07-08T16:06:43.058568+00:00,149.0,8,ask,,,12417319
2026-07-08T16:06:43.045530,2026-07-08T16:06:43.058568+00:00,148.9,42,ask,,,12417320
2026-07-08T16:06:43.189161,2026-07-08T16:06:43.195777+00:00,148.9,49,ask,,,12417327
2026-07-08T16:06:44.485604,2026-07-08T16:06:44.504020+00:00,149.1,23,bid,,,12417340
2026-07-08T16:06:44.661815,2026-07-08T16:06:44.673681+00:00,149.1,41,bid,,,12417346
2026-07-08T16:06:45.245486,2026-07-08T16:06:45.255491+00:00,149.1,44,bid,,,12417358
2026-07-08T16:06:46.132153,2026-07-08T16:06:46.139813+00:00,149.2,8,bid,,,12417367
2026-07-08T16:06:46.132153,2026-07-08T16:06:46.145015+00:00,149.3,100,bid,,,12417368
2026-07-08T16:06:49.320011,2026-07-08T16:06:49.327816+00:00,149.6,50,bid,,,12417421
2026-07-08T16:06:49.764271,2026-07-08T16:06:49.775667+00:00,149.1,45,ask,,,12417428
2026-07-08T16:06:51.427534,2026-07-08T16:06:51.439508+00:00,149.5,50,bid,,,12417449
2026-07-08T16:06:52.868077,2026-07-08T16:06:52.878403+00:00,149.7,44,bid,,,12417479
2026-07-08T16:06:52.910711,2026-07-08T16:06:52.923257+00:00,149.4,11,ask,,,12417482
2026-07-08T16:06:53.560916,2026-07-08T16:06:53.575964+00:00,149.7,50,bid,,,12417489
2026-07-08T16:06:54.564229,2026-07-08T16:06:54.576027+00:00,149.4,48,ask,,,12417515
2026-07-08T16:06:55.637149,2026-07-08T16:06:55.649214+00:00,149.5,100,bid,,,12417537
2026-07-08T16:06:55.637149,2026-07-08T16:06:55.649214+00:00,149.5,8,bid,,,12417538
2026-07-08T16:06:55.704858,2026-07-08T16:06:55.715520+00:00,149.6,12,ask,,,12417541
2026-07-08T16:06:57.852258,2026-07-08T16:06:57.863933+00:00,149.6,30,ask,,,12417570
2026-07-08T16:06:57.852258,2026-07-08T16:06:57.863933+00:00,149.6,8,ask,,,12417571
2026-07-08T16:06:58.309061,2026-07-08T16:06:58.316349+00:00,150.0,40,bid,,,12417574
2026-07-08T16:06:58.855361,2026-07-08T16:06:58.867094+00:00,149.5,100,ask,,,12417589
2026-07-08T16:06:58.855361,2026-07-08T16:06:58.867094+00:00,149.5,8,ask,,,12417590
2026-07-08T16:06:59.440876,2026-07-08T16:06:59.449398+00:00,149.0,47,ask,,,12417602
2026-07-08T16:07:00.771017,2026-07-08T16:07:00.779714+00:00,149.5,12,bid,,,12417624
2026-07-08T16:07:02.019350,2026-07-08T16:07:02.034514+00:00,149.8,50,bid,,,12417639
2026-07-08T16:07:02.352220,2026-07-08T16:07:02.358083+00:00,149.8,47,bid,,,12417644
2026-07-08T16:07:03.401246,2026-07-08T16:07:03.410298+00:00,149.5,12,ask,,,12417669
2026-07-08T16:07:06.231884,2026-07-08T16:07:06.243714+00:00,149.7,50,bid,,,12417708
2026-07-08T16:07:08.338990,2026-07-08T16:07:08.348505+00:00,149.9,8,bid,,,12417739
2026-07-08T16:07:08.338990,2026-07-08T16:07:08.348505+00:00,150.1,42,bid,,,12417740
2026-07-08T16:07:10.447237,2026-07-08T16:07:10.452230+00:00,149.9,50,bid,,,12417776
2026-07-08T16:07:10.483473,2026-07-08T16:07:10.494895+00:00,149.5,8,ask,,,12417777
2026-07-08T16:07:10.483473,2026-07-08T16:07:10.494895+00:00,149.4,37,ask,,,12417778
2026-07-08T16:07:11.271214,2026-07-08T16:07:11.280434+00:00,149.7,11,ask,,,12417788
2026-07-08T16:07:11.521307,2026-07-08T16:07:11.529965+00:00,150.0,41,bid,,,12417793
2026-07-08T16:07:12.125234,2026-07-08T16:07:12.136091+00:00,149.7,43,ask,,,12417802
2026-07-08T16:07:12.577439,2026-07-08T16:07:12.586236+00:00,150.0,50,bid,,,12417807
2026-07-08T16:07:14.619611,2026-07-08T16:07:14.628100+00:00,149.8,100,bid,,,12417834
2026-07-08T16:07:14.619611,2026-07-08T16:07:14.628100+00:00,149.8,8,bid,,,12417835
2026-07-08T16:07:14.688752,2026-07-08T16:07:14.698201+00:00,149.9,3,ask,,,12417836
2026-07-08T16:07:14.735501,2026-07-08T16:07:14.747137+00:00,149.9,39,ask,,,12417840
2026-07-08T16:07:14.735501,2026-07-08T16:07:14.747137+00:00,149.4,8,ask,,,12417841
2026-07-08T16:07:14.735501,2026-07-08T16:07:14.747137+00:00,149.3,3,ask,,,12417842
2026-07-08T16:07:15.750902,2026-07-08T16:07:15.758597+00:00,150.0,8,bid,,,12417856
2026-07-08T16:07:16.327936,2026-07-08T16:07:16.339779+00:00,150.0,8,bid,,,12417861
2026-07-08T16:07:16.845330,2026-07-08T16:07:16.857084+00:00,149.7,8,ask,,,12417869
2026-07-08T16:07:16.957019,2026-07-08T16:07:16.968716+00:00,149.9,44,ask,,,12417872
2026-07-08T16:07:17.841672,2026-07-08T16:07:17.849571+00:00,149.9,56,ask,,,12417886
2026-07-08T16:07:17.841672,2026-07-08T16:07:17.854618+00:00,149.9,8,ask,,,12417887
2026-07-08T16:07:18.942984,2026-07-08T16:07:18.954441+00:00,149.8,8,bid,,,12417893
2026-07-08T16:07:18.942984,2026-07-08T16:07:18.954441+00:00,149.9,39,bid,,,12417894
2026-07-08T16:07:18.952496,2026-07-08T16:07:18.954441+00:00,149.4,50,ask,,,12417895
2026-07-08T16:07:21.060095,2026-07-08T16:07:21.071564+00:00,149.5,50,ask,,,12417936
2026-07-08T16:07:22.372968,2026-07-08T16:07:22.382992+00:00,149.5,41,ask,,,12417953
2026-07-08T16:07:22.890373,2026-07-08T16:07:22.901953+00:00,149.7,49,bid,,,12417960
2026-07-08T16:07:23.120042,2026-07-08T16:07:23.127187+00:00,149.7,50,bid,,,12417963
2026-07-08T16:07:24.115367,2026-07-08T16:07:24.125320+00:00,149.5,100,bid,,,12417976
2026-07-08T16:07:24.115367,2026-07-08T16:07:24.125320+00:00,149.6,8,bid,,,12417977
2026-07-08T16:07:25.227166,2026-07-08T16:07:25.234826+00:00,150.2,50,bid,,,12417998
2026-07-08T16:07:25.977566,2026-07-08T16:07:25.987191+00:00,149.7,42,ask,,,12418005
2026-07-08T16:07:25.977566,2026-07-08T16:07:25.987191+00:00,149.7,6,ask,,,12418006
2026-07-08T16:07:27.333917,2026-07-08T16:07:27.342437+00:00,149.7,50,bid,,,12418023
2026-07-08T16:07:27.618175,2026-07-08T16:07:27.627238+00:00,149.2,47,ask,,,12418031
2026-07-08T16:07:28.524099,2026-07-08T16:07:28.535451+00:00,149.7,40,bid,,,12418043
2026-07-08T16:07:29.441870,2026-07-08T16:07:29.453704+00:00,149.7,10,bid,,,12418053
2026-07-08T16:07:29.441870,2026-07-08T16:07:29.453704+00:00,149.7,40,bid,,,12418054
2026-07-08T16:07:31.548210,2026-07-08T16:07:31.554592+00:00,149.7,50,bid,,,12418084
2026-07-08T16:07:31.714244,2026-07-08T16:07:31.726289+00:00,149.7,45,bid,,,12418086
2026-07-08T16:07:32.761287,2026-07-08T16:07:32.772973+00:00,149.5,45,ask,,,12418103
2026-07-08T16:07:33.656863,2026-07-08T16:07:33.668482+00:00,149.9,8,bid,,,12418124
2026-07-08T16:07:33.656863,2026-07-08T16:07:33.668482+00:00,150.0,42,bid,,,12418125
2026-07-08T16:07:33.873390,2026-07-08T16:07:33.884991+00:00,149.7,44,bid,,,12418127
2026-07-08T16:07:34.448592,2026-07-08T16:07:34.454523+00:00,149.5,43,ask,,,12418134
2026-07-08T16:07:35.399065,2026-07-08T16:07:35.410417+00:00,149.7,45,bid,,,12418153
2026-07-08T16:07:35.766594,2026-07-08T16:07:35.774776+00:00,149.7,50,bid,,,12418157
2026-07-08T16:07:36.797494,2026-07-08T16:07:36.809254+00:00,149.8,8,bid,,,12418169
2026-07-08T16:07:36.810577,2026-07-08T16:07:36.820984+00:00,149.9,14,ask,,,12418170
2026-07-08T16:07:37.874645,2026-07-08T16:07:37.886235+00:00,150.0,50,bid,,,12418183
2026-07-08T16:07:39.055822,2026-07-08T16:07:39.064674+00:00,150.0,8,ask,,,12418215
2026-07-08T16:07:39.397791,2026-07-08T16:07:39.409292+00:00,149.9,44,ask,,,12418219
2026-07-08T16:07:40.034573,2026-07-08T16:07:40.046179+00:00,149.7,50,ask,,,12418233
2026-07-08T16:07:42.143861,2026-07-08T16:07:42.150983+00:00,149.7,50,ask,,,12418275
2026-07-08T16:07:43.185397,2026-07-08T16:07:43.194621+00:00,149.9,19,bid,,,12418297
2026-07-08T16:07:44.255149,2026-07-08T16:07:44.243321+00:00,149.8,50,ask,,,12418311
2026-07-08T16:07:45.604748,2026-07-08T16:07:45.616295+00:00,149.9,42,bid,,,12418329
2026-07-08T16:07:46.153238,2026-07-08T16:07:46.163703+00:00,149.6,43,ask,,,12418334
2026-07-08T16:07:46.362334,2026-07-08T16:07:46.374186+00:00,149.6,50,ask,,,12418338
2026-07-08T16:07:48.471276,2026-07-08T16:07:48.482756+00:00,149.6,50,ask,,,12418368
2026-07-08T16:07:49.049891,2026-07-08T16:07:49.055667+00:00,150.0,47,bid,,,12418376
2026-07-08T16:07:50.581382,2026-07-08T16:07:50.593115+00:00,149.6,50,ask,,,12418398
2026-07-08T16:07:51.130733,2026-07-08T16:07:51.138489+00:00,149.6,46,ask,,,12418407
2026-07-08T16:07:52.660999,2026-07-08T16:07:52.672647+00:00,149.6,100,ask,,,12418423
2026-07-08T16:07:52.660999,2026-07-08T16:07:52.672647+00:00,149.6,8,ask,,,12418424
2026-07-08T16:07:52.673939,2026-07-08T16:07:52.682532+00:00,149.6,3,bid,,,12418425
2026-07-08T16:07:52.689442,2026-07-08T16:07:52.697825+00:00,149.1,50,ask,,,12418429
2026-07-08T16:07:53.155717,2026-07-08T16:07:53.153991+00:00,149.6,39,bid,,,12418443
2026-07-08T16:07:53.155717,2026-07-08T16:07:53.169185+00:00,150.1,3,bid,,,12418444
2026-07-08T16:07:53.703700,2026-07-08T16:07:53.715488+00:00,149.8,8,bid,,,12418446
2026-07-08T16:07:54.168442,2026-07-08T16:07:54.178292+00:00,149.3,8,ask,,,12418451
2026-07-08T16:07:54.168442,2026-07-08T16:07:54.178292+00:00,149.1,37,ask,,,12418452
2026-07-08T16:07:55.593653,2026-07-08T16:07:55.604908+00:00,149.7,47,bid,,,12418476
2026-07-08T16:07:56.198391,2026-07-08T16:07:56.205780+00:00,149.2,46,ask,,,12418482
2026-07-08T16:08:02.521119,2026-07-08T16:08:02.529385+00:00,149.1,40,bid,,,12418572
2026-07-08T16:08:03.247622,2026-07-08T16:08:03.263773+00:00,148.6,50,ask,,,12418579
2026-07-08T16:08:04.212821,2026-07-08T16:08:04.224357+00:00,148.6,43,ask,,,12418597
2026-07-08T16:08:05.101787,2026-07-08T16:08:05.110493+00:00,148.8,3,bid,,,12418610
2026-07-08T16:08:05.352798,2026-07-08T16:08:05.364619+00:00,148.6,50,ask,,,12418614
2026-07-08T16:08:07.410303,2026-07-08T16:08:07.421894+00:00,148.8,50,bid,,,12418649
2026-07-08T16:08:07.750982,2026-07-08T16:08:07.752865+00:00,148.9,46,bid,,,12418651
2026-07-08T16:08:09.572984,2026-07-08T16:08:09.584070+00:00,148.4,50,ask,,,12418686
2026-07-08T16:08:10.879914,2026-07-08T16:08:10.891472+00:00,148.7,8,bid,,,12418712
2026-07-08T16:08:10.879914,2026-07-08T16:08:10.891472+00:00,148.8,41,bid,,,12418713
2026-07-08T16:08:11.690197,2026-07-08T16:08:11.698403+00:00,148.5,50,ask,,,12418722
2026-07-08T16:08:13.747983,2026-07-08T16:08:13.758562+00:00,148.9,50,bid,,,12418750
2026-07-08T16:08:15.758506,2026-07-08T16:08:15.766671+00:00,148.6,43,ask,,,12418778
2026-07-08T16:08:15.859170,2026-07-08T16:08:15.870537+00:00,149.0,50,bid,,,12418784
2026-07-08T16:08:16.285810,2026-07-08T16:08:16.297439+00:00,148.6,44,ask,,,12418789
2026-07-08T16:08:17.988528,2026-07-08T16:08:18.000533+00:00,148.8,50,bid,,,12418812
2026-07-08T16:08:19.883514,2026-07-08T16:08:19.892637+00:00,148.5,43,ask,,,12418845
2026-07-08T16:08:20.165206,2026-07-08T16:08:20.174689+00:00,148.5,50,ask,,,12418850
2026-07-08T16:08:21.916878,2026-07-08T16:08:21.928391+00:00,148.6,40,bid,,,12418878
2026-07-08T16:08:22.039659,2026-07-08T16:08:22.048292+00:00,148.6,11,bid,,,12418880
2026-07-08T16:08:22.271458,2026-07-08T16:08:22.281335+00:00,148.3,50,ask,,,12418888
2026-07-08T16:08:22.461323,2026-07-08T16:08:22.470292+00:00,148.6,40,bid,,,12418891
2026-07-08T16:08:23.609833,2026-07-08T16:08:23.621573+00:00,148.1,45,ask,,,12418905
2026-07-08T16:08:24.172972,2026-07-08T16:08:24.184473+00:00,148.5,44,bid,,,12418913
2026-07-08T16:08:24.406660,2026-07-08T16:08:24.413283+00:00,148.1,50,ask,,,12418915
2026-07-08T16:08:26.512925,2026-07-08T16:08:26.524611+00:00,148.1,50,ask,,,12418941
2026-07-08T16:08:27.374331,2026-07-08T16:08:27.385148+00:00,148.5,8,bid,,,12418959
2026-07-08T16:08:27.374331,2026-07-08T16:08:27.385148+00:00,148.6,33,bid,,,12418960
2026-07-08T16:08:28.622043,2026-07-08T16:08:28.633535+00:00,148.1,50,ask,,,12418980
2026-07-08T16:08:28.697512,2026-07-08T16:08:28.706621+00:00,148.3,12,bid,,,12418985
2026-07-08T16:08:29.024532,2026-07-08T16:08:29.036790+00:00,148.1,42,ask,,,12418991
2026-07-08T16:08:32.353387,2026-07-08T16:08:32.360726+00:00,148.1,8,ask,,,12419039
2026-07-08T16:08:32.838517,2026-07-08T16:08:32.850241+00:00,148.1,8,ask,,,12419041
2026-07-08T16:08:32.838517,2026-07-08T16:08:32.850241+00:00,147.9,42,ask,,,12419042
2026-07-08T16:08:33.374515,2026-07-08T16:08:33.386329+00:00,148.3,8,bid,,,12419049
2026-07-08T16:08:33.374515,2026-07-08T16:08:33.386329+00:00,148.4,38,bid,,,12419050
2026-07-08T16:08:33.914441,2026-07-08T16:08:33.923646+00:00,148.3,47,bid,,,12419063
2026-07-08T16:08:34.939101,2026-07-08T16:08:34.950964+00:00,148.0,8,ask,,,12419082
2026-07-08T16:08:34.939101,2026-07-08T16:08:34.950964+00:00,147.9,36,ask,,,12419083
2026-07-08T16:08:34.946946,2026-07-08T16:08:34.958587+00:00,147.9,50,ask,,,12419084
2026-07-08T16:08:35.357497,2026-07-08T16:08:35.365580+00:00,148.2,8,bid,,,12419090
2026-07-08T16:08:35.560437,2026-07-08T16:08:35.570383+00:00,148.3,46,bid,,,12419095
2026-07-08T16:08:36.044902,2026-07-08T16:08:36.055309+00:00,148.2,3,bid,,,12419104
2026-07-08T16:08:36.590503,2026-07-08T16:08:36.599251+00:00,148.2,12,bid,,,12419116
2026-07-08T16:08:36.959280,2026-07-08T16:08:36.971266+00:00,148.2,85,bid,,,12419119
2026-07-08T16:08:36.959280,2026-07-08T16:08:36.971266+00:00,148.2,8,bid,,,12419120
2026-07-08T16:08:37.028722,2026-07-08T16:08:37.038224+00:00,148.4,12,ask,,,12419121
2026-07-08T16:08:37.170006,2026-07-08T16:08:37.179582+00:00,148.5,8,ask,,,12419126
2026-07-08T16:08:39.107950,2026-07-08T16:08:39.116932+00:00,148.9,50,bid,,,12419154
2026-07-08T16:08:41.215440,2026-07-08T16:08:41.227053+00:00,148.6,50,bid,,,12419186
2026-07-08T16:08:43.376759,2026-07-08T16:08:43.386895+00:00,148.4,50,ask,,,12419226
2026-07-08T16:08:44.223736,2026-07-08T16:08:44.264015+00:00,148.4,41,ask,,,12419242
2026-07-08T16:08:45.432560,2026-07-08T16:08:45.444093+00:00,148.6,50,bid,,,12419269
2026-07-08T16:08:47.541289,2026-07-08T16:08:47.553116+00:00,148.5,50,bid,,,12419305
2026-07-08T16:08:49.648589,2026-07-08T16:08:49.658583+00:00,148.6,50,bid,,,12419333
2026-07-08T16:08:53.863758,2026-07-08T16:08:53.871399+00:00,149.0,50,bid,,,12419408
2026-07-08T16:08:55.970697,2026-07-08T16:08:55.982150+00:00,149.0,8,bid,,,12419442
2026-07-08T16:08:55.970697,2026-07-08T16:08:55.982150+00:00,149.2,42,bid,,,12419443
2026-07-08T16:08:57.586709,2026-07-08T16:08:57.594969+00:00,148.7,3,ask,,,12419473
2026-07-08T16:08:58.628613,2026-07-08T16:08:58.640132+00:00,148.7,48,ask,,,12419495
2026-07-08T16:08:59.150780,2026-07-08T16:08:59.159720+00:00,148.8,8,ask,,,12419511
2026-07-08T16:09:00.212859,2026-07-08T16:09:00.221808+00:00,148.7,4,ask,,,12419525
2026-07-08T16:09:00.225656,2026-07-08T16:09:00.237421+00:00,148.7,47,ask,,,12419527
2026-07-08T16:09:00.238344,2026-07-08T16:09:00.249933+00:00,148.7,1,ask,,,12419528
2026-07-08T16:09:00.238344,2026-07-08T16:09:00.249933+00:00,148.7,8,ask,,,12419529
2026-07-08T16:09:00.238344,2026-07-08T16:09:00.249933+00:00,148.5,41,ask,,,12419530
2026-07-08T16:09:02.031239,2026-07-08T16:09:02.042810+00:00,148.8,47,bid,,,12419562
2026-07-08T16:09:02.523271,2026-07-08T16:09:02.537351+00:00,148.3,47,ask,,,12419575
2026-07-08T16:09:03.406501,2026-07-08T16:09:03.415374+00:00,148.7,8,bid,,,12419593
2026-07-08T16:09:03.735828,2026-07-08T16:09:03.743476+00:00,148.7,4,bid,,,12419602
2026-07-08T16:09:04.402635,2026-07-08T16:09:04.417310+00:00,148.7,50,bid,,,12419620
2026-07-08T16:09:05.532878,2026-07-08T16:09:05.543398+00:00,148.9,44,bid,,,12419636
2026-07-08T16:09:06.087609,2026-07-08T16:09:06.099469+00:00,148.9,48,bid,,,12419646
2026-07-08T16:09:06.509293,2026-07-08T16:09:06.521057+00:00,148.9,8,bid,,,12419655
2026-07-08T16:09:06.509293,2026-07-08T16:09:06.521057+00:00,148.9,8,bid,,,12419656
2026-07-08T16:09:06.509293,2026-07-08T16:09:06.521057+00:00,149.1,34,bid,,,12419657
2026-07-08T16:09:06.574629,2026-07-08T16:09:06.586652+00:00,148.6,42,ask,,,12419659
2026-07-08T16:09:08.074794,2026-07-08T16:09:08.083138+00:00,149.0,26,ask,,,12419680
2026-07-08T16:09:08.625179,2026-07-08T16:09:08.632319+00:00,149.3,8,bid,,,12419691
2026-07-08T16:09:08.625179,2026-07-08T16:09:08.637493+00:00,149.5,42,bid,,,12419692
2026-07-08T16:09:10.760862,2026-07-08T16:09:10.772687+00:00,148.8,8,ask,,,12419723
2026-07-08T16:09:10.760862,2026-07-08T16:09:10.772687+00:00,148.6,33,ask,,,12419724
2026-07-08T16:09:12.910107,2026-07-08T16:09:12.921730+00:00,148.8,50,ask,,,12419767
2026-07-08T16:09:14.060493,2026-07-08T16:09:14.076103+00:00,149.1,3,bid,,,12419788
2026-07-08T16:09:14.475133,2026-07-08T16:09:14.486980+00:00,149.1,45,bid,,,12419797
2026-07-08T16:09:15.016604,2026-07-08T16:09:15.028676+00:00,148.9,50,ask,,,12419807
2026-07-08T16:09:15.582815,2026-07-08T16:09:15.592196+00:00,149.3,8,bid,,,12419820
2026-07-08T16:09:16.082145,2026-07-08T16:09:16.093360+00:00,148.9,44,ask,,,12419829
2026-07-08T16:09:17.071792,2026-07-08T16:09:17.083803+00:00,149.4,50,bid,,,12419842
2026-07-08T16:09:19.243400,2026-07-08T16:09:19.258583+00:00,149.0,50,ask,,,12419871
2026-07-08T16:09:21.214158,2026-07-08T16:09:21.225050+00:00,149.2,11,bid,,,12419902
2026-07-08T16:09:21.262976,2026-07-08T16:09:21.274977+00:00,149.2,89,bid,,,12419905
2026-07-08T16:09:21.262976,2026-07-08T16:09:21.274977+00:00,149.2,8,bid,,,12419906
2026-07-08T16:09:23.394056,2026-07-08T16:09:23.405538+00:00,149.3,8,ask,,,12419942
2026-07-08T16:09:23.394056,2026-07-08T16:09:23.405538+00:00,149.2,33,ask,,,12419943
2026-07-08T16:09:23.434338,2026-07-08T16:09:23.446002+00:00,149.6,8,bid,,,12419944
2026-07-08T16:09:23.434338,2026-07-08T16:09:23.446002+00:00,149.7,42,bid,,,12419945
2026-07-08T16:09:25.576014,2026-07-08T16:09:25.584527+00:00,149.4,50,bid,,,12419969
2026-07-08T16:09:26.319332,2026-07-08T16:09:26.326962+00:00,149.4,45,bid,,,12419987
2026-07-08T16:09:26.788965,2026-07-08T16:09:26.800420+00:00,149.4,46,bid,,,12419999
2026-07-08T16:09:26.843934,2026-07-08T16:09:26.855387+00:00,149.2,43,ask,,,12420001
2026-07-08T16:09:27.602891,2026-07-08T16:09:27.609560+00:00,149.5,8,bid,,,12420013
2026-07-08T16:09:27.615645,2026-07-08T16:09:27.624811+00:00,149.5,11,ask,,,12420014
2026-07-08T16:09:29.089904,2026-07-08T16:09:29.104958+00:00,149.5,3,ask,,,12420041
2026-07-08T16:09:29.815209,2026-07-08T16:09:29.831687+00:00,149.9,8,bid,,,12420049
2026-07-08T16:09:29.815209,2026-07-08T16:09:29.831687+00:00,150.0,42,bid,,,12420050
2026-07-08T16:09:29.828526,2026-07-08T16:09:29.836979+00:00,149.6,8,ask,,,12420051
2026-07-08T16:09:29.828526,2026-07-08T16:09:29.842216+00:00,149.5,92,ask,,,12420052
2026-07-08T16:09:31.400258,2026-07-08T16:09:31.411914+00:00,149.5,43,bid,,,12420087
2026-07-08T16:09:31.929553,2026-07-08T16:09:31.940938+00:00,149.5,50,bid,,,12420096
2026-07-08T16:09:34.059415,2026-07-08T16:09:34.068703+00:00,149.9,50,bid,,,12420123
2026-07-08T16:09:35.182227,2026-07-08T16:09:35.193707+00:00,149.4,46,ask,,,12420148
2026-07-08T16:09:36.169490,2026-07-08T16:09:36.179420+00:00,149.9,50,bid,,,12420160
2026-07-08T16:09:38.336905,2026-07-08T16:09:38.352892+00:00,149.6,50,ask,,,12420191
2026-07-08T16:09:39.336442,2026-07-08T16:09:39.348055+00:00,149.6,100,ask,,,12420203
2026-07-08T16:09:40.348471,2026-07-08T16:09:40.356000+00:00,149.5,40,bid,,,12420211
2026-07-08T16:09:40.394217,2026-07-08T16:09:40.403122+00:00,149.5,50,bid,,,12420213
2026-07-08T16:09:41.441547,2026-07-08T16:09:41.449466+00:00,149.1,42,ask,,,12420225
2026-07-08T16:09:43.913925,2026-07-08T16:09:43.924690+00:00,149.4,49,ask,,,12420263
2026-07-08T16:09:44.688177,2026-07-08T16:09:44.696852+00:00,149.4,50,ask,,,12420271
2026-07-08T16:09:45.001830,2026-07-08T16:09:45.010907+00:00,149.7,47,bid,,,12420274
2026-07-08T16:09:46.686029,2026-07-08T16:09:46.696982+00:00,149.6,45,ask,,,12420302
2026-07-08T16:09:46.795890,2026-07-08T16:09:46.805663+00:00,149.6,50,ask,,,12420307
2026-07-08T16:09:47.761860,2026-07-08T16:09:47.768959+00:00,149.8,47,bid,,,12420324
2026-07-08T16:09:48.905996,2026-07-08T16:09:48.916197+00:00,149.6,50,ask,,,12420350
2026-07-08T16:09:50.463757,2026-07-08T16:09:50.470317+00:00,149.6,48,bid,,,12420371
2026-07-08T16:09:51.008860,2026-07-08T16:09:51.019256+00:00,149.3,45,ask,,,12420377
2026-07-08T16:09:51.016598,2026-07-08T16:09:51.024486+00:00,149.3,50,ask,,,12420379
2026-07-08T16:09:51.480853,2026-07-08T16:09:51.490419+00:00,149.6,14,bid,,,12420391
2026-07-08T16:09:53.121156,2026-07-08T16:09:53.132675+00:00,149.6,50,ask,,,12420425
2026-07-08T16:09:53.660898,2026-07-08T16:09:53.672667+00:00,149.6,41,ask,,,12420433
2026-07-08T16:09:55.177834,2026-07-08T16:09:55.185121+00:00,150.0,8,bid,,,12420463
2026-07-08T16:09:55.177834,2026-07-08T16:09:55.190394+00:00,150.1,42,bid,,,12420464
2026-07-08T16:09:56.723042,2026-07-08T16:09:56.730585+00:00,150.0,42,bid,,,12420491
2026-07-08T16:09:57.353714,2026-07-08T16:09:57.363765+00:00,149.6,50,ask,,,12420503
2026-07-08T16:09:59.178164,2026-07-08T16:09:59.184796+00:00,149.7,8,ask,,,12420535
2026-07-08T16:09:59.178164,2026-07-08T16:09:59.190028+00:00,149.6,40,ask,,,12420536
2026-07-08T16:09:59.410517,2026-07-08T16:09:59.422074+00:00,149.8,50,bid,,,12420539
2026-07-08T16:10:01.548964,2026-07-08T16:10:01.560682+00:00,149.8,50,bid,,,12420580
2026-07-08T16:10:01.656895,2026-07-08T16:10:01.668523+00:00,149.8,43,bid,,,12420583
2026-07-08T16:10:02.394373,2026-07-08T16:10:02.405865+00:00,149.8,8,bid,,,12420594
2026-07-08T16:10:02.407658,2026-07-08T16:10:02.415892+00:00,149.8,11,ask,,,12420595
2026-07-08T16:10:03.800275,2026-07-08T16:10:03.811745+00:00,149.8,3,ask,,,12420615
2026-07-08T16:10:05.235126,2026-07-08T16:10:05.246627+00:00,149.8,47,ask,,,12420637
2026-07-08T16:10:06.256461,2026-07-08T16:10:06.265283+00:00,149.9,48,bid,,,12420644
2026-07-08T16:10:07.968296,2026-07-08T16:10:07.979161+00:00,149.6,8,ask,,,12420673
2026-07-08T16:10:07.968296,2026-07-08T16:10:07.984352+00:00,149.5,42,ask,,,12420674
2026-07-08T16:10:08.431034,2026-07-08T16:10:08.442786+00:00,149.6,8,ask,,,12420682
2026-07-08T16:10:08.431034,2026-07-08T16:10:08.442786+00:00,149.5,34,ask,,,12420683
2026-07-08T16:10:09.464591,2026-07-08T16:10:09.476118+00:00,149.7,45,bid,,,12420707
2026-07-08T16:10:10.077882,2026-07-08T16:10:10.089654+00:00,149.5,50,ask,,,12420718
2026-07-08T16:10:12.212712,2026-07-08T16:10:12.222503+00:00,149.4,8,ask,,,12420748
2026-07-08T16:10:12.212712,2026-07-08T16:10:12.222503+00:00,149.3,42,ask,,,12420749
2026-07-08T16:10:12.846236,2026-07-08T16:10:12.854817+00:00,149.7,8,bid,,,12420763
2026-07-08T16:10:12.846236,2026-07-08T16:10:12.854817+00:00,149.8,40,bid,,,12420764
2026-07-08T16:10:14.320740,2026-07-08T16:10:14.330230+00:00,149.4,8,ask,,,12420791
2026-07-08T16:10:14.320740,2026-07-08T16:10:14.330230+00:00,149.3,42,ask,,,12420792
2026-07-08T16:10:15.893218,2026-07-08T16:10:15.902442+00:00,149.7,3,bid,,,12420824
2026-07-08T16:10:16.457744,2026-07-08T16:10:16.469619+00:00,149.4,8,ask,,,12420834
2026-07-08T16:10:16.457744,2026-07-08T16:10:16.469619+00:00,149.3,42,ask,,,12420835
2026-07-08T16:10:16.458042,2026-07-08T16:10:16.469619+00:00,149.7,46,bid,,,12420836
2026-07-08T16:10:17.323442,2026-07-08T16:10:17.333741+00:00,149.6,8,bid,,,12420849
2026-07-08T16:10:18.566717,2026-07-08T16:10:18.578424+00:00,149.5,50,ask,,,12420870
2026-07-08T16:10:19.530897,2026-07-08T16:10:19.538447+00:00,149.8,3,bid,,,12420888
2026-07-08T16:10:20.679005,2026-07-08T16:10:20.690356+00:00,149.7,8,ask,,,12420902
2026-07-08T16:10:20.679005,2026-07-08T16:10:20.690356+00:00,149.6,42,ask,,,12420903
2026-07-08T16:10:22.735958,2026-07-08T16:10:22.744575+00:00,150.0,8,bid,,,12420930
2026-07-08T16:10:22.735958,2026-07-08T16:10:22.749747+00:00,150.1,42,bid,,,12420931
2026-07-08T16:10:23.274855,2026-07-08T16:10:23.284652+00:00,149.6,40,ask,,,12420943
2026-07-08T16:10:23.808102,2026-07-08T16:10:23.815761+00:00,149.6,48,ask,,,12420958
2026-07-08T16:10:24.445989,2026-07-08T16:10:24.457724+00:00,149.8,49,bid,,,12420963
2026-07-08T16:10:25.031217,2026-07-08T16:10:25.041636+00:00,149.7,40,bid,,,12420970
2026-07-08T16:10:27.011251,2026-07-08T16:10:27.022715+00:00,149.3,40,ask,,,12420997
2026-07-08T16:10:28.695097,2026-07-08T16:10:28.706811+00:00,149.4,8,ask,,,12421024
2026-07-08T16:10:28.695097,2026-07-08T16:10:28.706811+00:00,149.3,36,ask,,,12421025
2026-07-08T16:10:29.101883,2026-07-08T16:10:29.111502+00:00,149.3,24,ask,,,12421031
2026-07-08T16:10:29.101883,2026-07-08T16:10:29.111502+00:00,149.3,26,ask,,,12421032
2026-07-08T16:10:29.544092,2026-07-08T16:10:29.553374+00:00,149.8,12,bid,,,12421048
2026-07-08T16:10:31.208650,2026-07-08T16:10:31.220566+00:00,149.6,8,ask,,,12421069
2026-07-08T16:10:31.208650,2026-07-08T16:10:31.220566+00:00,149.5,42,ask,,,12421070
2026-07-08T16:10:33.317400,2026-07-08T16:10:33.329029+00:00,149.6,8,ask,,,12421099
2026-07-08T16:10:33.317400,2026-07-08T16:10:33.329029+00:00,149.5,42,ask,,,12421100
2026-07-08T16:10:34.786551,2026-07-08T16:10:34.795708+00:00,149.7,8,bid,,,12421121
2026-07-08T16:10:34.796798,2026-07-08T16:10:34.805867+00:00,149.8,3,bid,,,12421123
2026-07-08T16:10:35.335201,2026-07-08T16:10:35.343851+00:00,149.8,42,bid,,,12421130
2026-07-08T16:10:35.374255,2026-07-08T16:10:35.385547+00:00,149.8,50,bid,,,12421133
2026-07-08T16:10:37.750539,2026-07-08T16:10:37.763924+00:00,149.6,43,ask,,,12421168
2026-07-08T16:10:38.639967,2026-07-08T16:10:38.649268+00:00,149.8,43,bid,,,12421181
2026-07-08T16:10:39.592160,2026-07-08T16:10:39.603961+00:00,149.8,50,bid,,,12421200
2026-07-08T16:10:41.403887,2026-07-08T16:10:41.411330+00:00,149.9,42,bid,,,12421226
2026-07-08T16:10:42.804662,2026-07-08T16:10:42.816489+00:00,149.8,8,ask,,,12421256
2026-07-08T16:10:42.804662,2026-07-08T16:10:42.816489+00:00,149.7,32,ask,,,12421257
2026-07-08T16:10:45.418757,2026-07-08T16:10:45.427049+00:00,149.7,42,ask,,,12421291
2026-07-08T16:10:49.246866,2026-07-08T16:10:49.255734+00:00,149.7,8,ask,,,12421343
2026-07-08T16:10:52.179594,2026-07-08T16:10:52.190249+00:00,149.4,100,ask,,,12421387
2026-07-08T16:10:52.280913,2026-07-08T16:10:52.290906+00:00,149.4,50,ask,,,12421390
2026-07-08T16:10:52.386050,2026-07-08T16:10:52.397879+00:00,149.4,8,ask,,,12421392
2026-07-08T16:10:52.926575,2026-07-08T16:10:52.938325+00:00,149.5,8,bid,,,12421399
2026-07-08T16:10:52.926575,2026-07-08T16:10:52.938325+00:00,149.9,40,bid,,,12421400
2026-07-08T16:10:53.172727,2026-07-08T16:10:53.186399+00:00,149.3,8,bid,,,12421403
2026-07-08T16:10:54.118006,2026-07-08T16:10:54.129897+00:00,149.3,44,bid,,,12421420
2026-07-08T16:10:54.172546,2026-07-08T16:10:54.184172+00:00,148.9,44,ask,,,12421421
2026-07-08T16:10:54.337026,2026-07-08T16:10:54.348449+00:00,149.3,50,bid,,,12421422
2026-07-08T16:10:55.224188,2026-07-08T16:10:55.238059+00:00,148.9,41,ask,,,12421435
2026-07-08T16:10:57.296113,2026-07-08T16:10:57.303374+00:00,149.4,45,bid,,,12421470
2026-07-08T16:10:58.380274,2026-07-08T16:10:58.391997+00:00,149.4,48,bid,,,12421475
2026-07-08T16:10:58.598073,2026-07-08T16:10:58.609963+00:00,149.3,50,ask,,,12421479
2026-07-08T16:11:00.117139,2026-07-08T16:11:00.128925+00:00,149.3,43,ask,,,12421487
2026-07-08T16:11:00.736691,2026-07-08T16:11:00.749424+00:00,149.3,7,ask,,,12421495
2026-07-08T16:11:00.736691,2026-07-08T16:11:00.749424+00:00,149.3,43,ask,,,12421496
2026-07-08T16:11:02.793385,2026-07-08T16:11:02.804759+00:00,149.5,50,bid,,,12421526
2026-07-08T16:11:04.173867,2026-07-08T16:11:04.183493+00:00,149.1,46,ask,,,12421554
2026-07-08T16:11:05.367243,2026-07-08T16:11:05.378796+00:00,149.3,46,bid,,,12421584
2026-07-08T16:11:07.031311,2026-07-08T16:11:07.048881+00:00,149.3,50,bid,,,12421613
2026-07-08T16:11:07.894843,2026-07-08T16:11:07.905194+00:00,148.8,42,ask,,,12421628
2026-07-08T16:11:09.137446,2026-07-08T16:11:09.144382+00:00,149.4,50,bid,,,12421638
2026-07-08T16:11:09.414399,2026-07-08T16:11:09.426194+00:00,149.4,45,bid,,,12421647
2026-07-08T16:11:10.053640,2026-07-08T16:11:10.060577+00:00,148.9,47,ask,,,12421660
2026-07-08T16:11:11.244007,2026-07-08T16:11:11.263836+00:00,149.3,8,bid,,,12421699
2026-07-08T16:11:11.244007,2026-07-08T16:11:11.263836+00:00,149.4,42,bid,,,12421700
2026-07-08T16:11:12.624006,2026-07-08T16:11:12.631889+00:00,149.3,8,bid,,,12421719
2026-07-08T16:11:12.624006,2026-07-08T16:11:12.631889+00:00,149.4,37,bid,,,12421720
2026-07-08T16:11:13.378218,2026-07-08T16:11:13.390654+00:00,149.3,8,bid,,,12421731
2026-07-08T16:11:13.378218,2026-07-08T16:11:13.390654+00:00,149.4,42,bid,,,12421732
2026-07-08T16:11:13.683114,2026-07-08T16:11:13.690444+00:00,149.1,8,ask,,,12421742
2026-07-08T16:11:13.683114,2026-07-08T16:11:13.695714+00:00,149.0,36,ask,,,12421743
2026-07-08T16:11:14.780281,2026-07-08T16:11:14.789284+00:00,149.2,8,bid,,,12421765
2026-07-08T16:11:14.780281,2026-07-08T16:11:14.789284+00:00,149.3,33,bid,,,12421766
2026-07-08T16:11:15.483853,2026-07-08T16:11:15.492081+00:00,149.0,11,ask,,,12421776
2026-07-08T16:11:15.491020,2026-07-08T16:11:15.507563+00:00,149.3,50,bid,,,12421778
2026-07-08T16:11:16.574911,2026-07-08T16:11:16.596485+00:00,149.0,47,ask,,,12421786
2026-07-08T16:11:17.597998,2026-07-08T16:11:17.608617+00:00,149.3,8,bid,,,12421804
2026-07-08T16:11:17.597998,2026-07-08T16:11:17.608617+00:00,149.4,42,bid,,,12421805
2026-07-08T16:11:17.859560,2026-07-08T16:11:17.869127+00:00,149.1,8,ask,,,12421814
2026-07-08T16:11:18.101910,2026-07-08T16:11:18.109990+00:00,149.3,8,bid,,,12421817
2026-07-08T16:11:18.101910,2026-07-08T16:11:18.109990+00:00,149.4,34,bid,,,12421818
2026-07-08T16:11:19.605746,2026-07-08T16:11:19.617542+00:00,149.1,8,ask,,,12421829
2026-07-08T16:11:19.605746,2026-07-08T16:11:19.617542+00:00,149.0,34,ask,,,12421830
2026-07-08T16:11:19.757195,2026-07-08T16:11:19.764265+00:00,149.0,50,ask,,,12421833
2026-07-08T16:11:20.586131,2026-07-08T16:11:20.597599+00:00,149.3,8,bid,,,12421842
2026-07-08T16:11:20.601346,2026-07-08T16:11:20.612576+00:00,149.3,4,ask,,,12421843
2026-07-08T16:11:20.744452,2026-07-08T16:11:20.752732+00:00,149.3,11,ask,,,12421849
2026-07-08T16:11:21.345175,2026-07-08T16:11:21.354061+00:00,149.3,3,ask,,,12421867
2026-07-08T16:11:21.577326,2026-07-08T16:11:21.598433+00:00,149.3,74,ask,,,12421878
2026-07-08T16:11:21.577326,2026-07-08T16:11:21.598433+00:00,149.2,8,ask,,,12421879
2026-07-08T16:11:21.590090,2026-07-08T16:11:21.598433+00:00,148.9,14,bid,,,12421880
2026-07-08T16:11:21.812934,2026-07-08T16:11:21.824432+00:00,148.9,50,bid,,,12421883
2026-07-08T16:11:22.060368,2026-07-08T16:11:22.071901+00:00,148.9,4,bid,,,12421890
2026-07-08T16:11:22.060368,2026-07-08T16:11:22.071901+00:00,148.9,8,bid,,,12421891
2026-07-08T16:11:23.920678,2026-07-08T16:11:23.932149+00:00,149.2,50,bid,,,12421915
2026-07-08T16:11:24.687288,2026-07-08T16:11:24.707181+00:00,149.1,8,bid,,,12421927
2026-07-08T16:11:24.697368,2026-07-08T16:11:24.707181+00:00,149.1,23,ask,,,12421929
2026-07-08T16:11:24.947507,2026-07-08T16:11:24.956795+00:00,149.2,8,bid,,,12421937
2026-07-08T16:11:25.587025,2026-07-08T16:11:25.596771+00:00,149.2,42,bid,,,12421950
2026-07-08T16:11:26.028475,2026-07-08T16:11:26.038042+00:00,149.5,8,bid,,,12421963
2026-07-08T16:11:26.028475,2026-07-08T16:11:26.038042+00:00,149.6,42,bid,,,12421964
2026-07-08T16:11:27.028132,2026-07-08T16:11:27.040327+00:00,149.2,8,ask,,,12421983
2026-07-08T16:11:27.028132,2026-07-08T16:11:27.040327+00:00,149.2,39,ask,,,12421984
2026-07-08T16:11:28.096099,2026-07-08T16:11:28.108013+00:00,149.3,47,ask,,,12421994
2026-07-08T16:11:28.144555,2026-07-08T16:11:28.158584+00:00,149.7,50,bid,,,12421995
2026-07-08T16:11:28.718481,2026-07-08T16:11:28.729799+00:00,149.7,45,bid,,,12422001
2026-07-08T16:11:29.805563,2026-07-08T16:11:29.816808+00:00,149.3,45,ask,,,12422014
2026-07-08T16:11:30.075568,2026-07-08T16:11:30.084489+00:00,149.4,8,ask,,,12422020
2026-07-08T16:11:31.069432,2026-07-08T16:11:31.080123+00:00,149.4,92,ask,,,12422038
2026-07-08T16:11:31.069432,2026-07-08T16:11:31.080123+00:00,149.4,8,ask,,,12422039
2026-07-08T16:11:34.514259,2026-07-08T16:11:34.521220+00:00,149.2,50,ask,,,12422084
2026-07-08T16:11:38.726069,2026-07-08T16:11:38.734974+00:00,148.9,50,ask,,,12422150
2026-07-08T16:11:40.781328,2026-07-08T16:11:40.793183+00:00,149.5,50,bid,,,12422177
2026-07-08T16:11:45.043218,2026-07-08T16:11:45.058648+00:00,148.9,50,ask,,,12422241
2026-07-08T16:11:45.751312,2026-07-08T16:11:45.757537+00:00,149.3,40,bid,,,12422252
2026-07-08T16:11:47.402835,2026-07-08T16:11:47.414369+00:00,148.9,43,ask,,,12422283
2026-07-08T16:11:49.252603,2026-07-08T16:11:49.263890+00:00,148.9,50,ask,,,12422326
2026-07-08T16:11:51.307090,2026-07-08T16:11:51.318700+00:00,149.0,50,bid,,,12422349
2026-07-08T16:11:55.544908,2026-07-08T16:11:55.558576+00:00,149.2,46,bid,,,12422423
2026-07-08T16:11:55.762569,2026-07-08T16:11:55.775216+00:00,148.9,3,ask,,,12422428
2026-07-08T16:11:56.582103,2026-07-08T16:11:56.593846+00:00,149.0,46,bid,,,12422451
2026-07-08T16:11:57.672309,2026-07-08T16:11:57.679375+00:00,148.7,50,ask,,,12422478
2026-07-08T16:11:59.778542,2026-07-08T16:11:59.789063+00:00,148.7,50,ask,,,12422510
2026-07-08T16:12:01.887418,2026-07-08T16:12:01.898963+00:00,148.8,8,ask,,,12422550
2026-07-08T16:12:01.887418,2026-07-08T16:12:01.898963+00:00,148.7,42,ask,,,12422551
2026-07-08T16:12:02.532972,2026-07-08T16:12:02.543492+00:00,148.7,44,ask,,,12422558
2026-07-08T16:12:02.700348,2026-07-08T16:12:02.708370+00:00,148.7,8,ask,,,12422561
2026-07-08T16:12:02.709701,2026-07-08T16:12:02.718332+00:00,148.7,3,bid,,,12422562
2026-07-08T16:12:03.998123,2026-07-08T16:12:04.008992+00:00,148.5,50,ask,,,12422585
2026-07-08T16:12:06.072195,2026-07-08T16:12:06.080170+00:00,148.6,8,bid,,,12422619
2026-07-08T16:12:06.072195,2026-07-08T16:12:06.080170+00:00,148.7,39,bid,,,12422620
2026-07-08T16:12:06.124683,2026-07-08T16:12:06.133718+00:00,148.3,50,ask,,,12422621
2026-07-08T16:12:07.100425,2026-07-08T16:12:07.111919+00:00,148.3,42,ask,,,12422639
2026-07-08T16:12:08.217412,2026-07-08T16:12:08.226282+00:00,148.5,42,bid,,,12422668
2026-07-08T16:12:08.230895,2026-07-08T16:12:08.242385+00:00,148.3,8,ask,,,12422669
2026-07-08T16:12:08.230895,2026-07-08T16:12:08.242385+00:00,148.2,42,ask,,,12422670
2026-07-08T16:12:09.233525,2026-07-08T16:12:09.245299+00:00,148.5,47,bid,,,12422681
2026-07-08T16:12:09.361216,2026-07-08T16:12:09.372802+00:00,148.5,11,bid,,,12422684
2026-07-08T16:12:10.347905,2026-07-08T16:12:10.355314+00:00,148.1,50,ask,,,12422705
2026-07-08T16:12:14.537624,2026-07-08T16:12:14.545082+00:00,148.4,50,bid,,,12422778
2026-07-08T16:12:15.659381,2026-07-08T16:12:15.670956+00:00,148.2,49,ask,,,12422800
2026-07-08T16:12:17.984341,2026-07-08T16:12:17.996314+00:00,148.2,8,bid,,,12422836
2026-07-08T16:12:17.984341,2026-07-08T16:12:17.996314+00:00,148.3,41,bid,,,12422837
2026-07-08T16:12:18.746545,2026-07-08T16:12:18.758582+00:00,148.2,8,bid,,,12422844
2026-07-08T16:12:18.746545,2026-07-08T16:12:18.758582+00:00,148.3,42,bid,,,12422845
2026-07-08T16:12:20.249879,2026-07-08T16:12:20.258868+00:00,148.2,8,bid,,,12422869
2026-07-08T16:12:20.574327,2026-07-08T16:12:20.607896+00:00,148.2,4,bid,,,12422878
2026-07-08T16:12:20.609162,2026-07-08T16:12:20.617198+00:00,148.2,4,bid,,,12422880
2026-07-08T16:12:20.906403,2026-07-08T16:12:20.914382+00:00,148.2,50,ask,,,12422888
2026-07-08T16:12:21.067761,2026-07-08T16:12:21.079655+00:00,148.2,41,ask,,,12422890
2026-07-08T16:12:21.893723,2026-07-08T16:12:21.902040+00:00,148.2,4,ask,,,12422901
2026-07-08T16:12:22.961475,2026-07-08T16:12:22.969231+00:00,148.4,50,bid,,,12422911
2026-07-08T16:12:25.123722,2026-07-08T16:12:25.131267+00:00,148.2,50,ask,,,12422953
2026-07-08T16:12:25.157201,2026-07-08T16:12:25.165407+00:00,148.2,49,ask,,,12422954
2026-07-08T16:12:25.642932,2026-07-08T16:12:25.658610+00:00,148.2,43,ask,,,12422959
2026-07-08T16:12:28.019288,2026-07-08T16:12:28.026941+00:00,148.2,8,ask,,,12423003
2026-07-08T16:12:28.028458,2026-07-08T16:12:28.038403+00:00,148.2,11,bid,,,12423004
2026-07-08T16:12:28.643709,2026-07-08T16:12:28.658604+00:00,148.2,49,bid,,,12423015
2026-07-08T16:12:29.030363,2026-07-08T16:12:29.039526+00:00,148.2,23,bid,,,12423030
2026-07-08T16:12:31.426406,2026-07-08T16:12:31.434642+00:00,148.6,50,bid,,,12423058
2026-07-08T16:12:31.623711,2026-07-08T16:12:31.650003+00:00,148.6,44,bid,,,12423063
2026-07-08T16:12:33.380147,2026-07-08T16:12:33.390771+00:00,148.6,100,bid,,,12423088
2026-07-08T16:12:33.535296,2026-07-08T16:12:33.546847+00:00,148.6,50,bid,,,12423093
2026-07-08T16:12:34.290900,2026-07-08T16:12:34.318755+00:00,148.9,8,bid,,,12423107
2026-07-08T16:12:34.310507,2026-07-08T16:12:34.318755+00:00,149.1,57,ask,,,12423109
2026-07-08T16:12:34.424086,2026-07-08T16:12:34.430647+00:00,149.1,49,ask,,,12423114
2026-07-08T16:12:34.986021,2026-07-08T16:12:34.993629+00:00,149.1,36,ask,,,12423117
2026-07-08T16:12:35.529160,2026-07-08T16:12:35.540983+00:00,149.3,48,bid,,,12423123
2026-07-08T16:12:35.643604,2026-07-08T16:12:35.651684+00:00,149.3,50,bid,,,12423125
2026-07-08T16:12:37.195760,2026-07-08T16:12:37.204541+00:00,149.2,47,bid,,,12423159
2026-07-08T16:12:37.751917,2026-07-08T16:12:37.763787+00:00,148.9,50,bid,,,12423166
2026-07-08T16:12:39.859471,2026-07-08T16:12:39.871224+00:00,148.9,50,bid,,,12423200
2026-07-08T16:12:41.967357,2026-07-08T16:12:41.979119+00:00,149.1,50,bid,,,12423239
2026-07-08T16:12:44.127298,2026-07-08T16:12:44.169643+00:00,148.9,50,ask,,,12423273
2026-07-08T16:12:46.242708,2026-07-08T16:12:46.254143+00:00,148.8,50,ask,,,12423311
2026-07-08T16:12:47.105523,2026-07-08T16:12:47.117527+00:00,148.7,8,ask,,,12423321
2026-07-08T16:12:47.105523,2026-07-08T16:12:47.117527+00:00,148.6,36,ask,,,12423322
2026-07-08T16:12:47.594249,2026-07-08T16:12:47.606023+00:00,148.6,47,ask,,,12423333
2026-07-08T16:12:48.349790,2026-07-08T16:12:48.352149+00:00,148.6,17,ask,,,12423345
2026-07-08T16:12:48.349790,2026-07-08T16:12:48.352149+00:00,148.6,33,ask,,,12423346
2026-07-08T16:12:49.173678,2026-07-08T16:12:49.185235+00:00,149.1,43,bid,,,12423362
2026-07-08T16:12:50.140080,2026-07-08T16:12:50.158549+00:00,148.7,44,ask,,,12423379
2026-07-08T16:12:50.458601,2026-07-08T16:12:50.469995+00:00,148.7,50,ask,,,12423381
2026-07-08T16:12:50.791240,2026-07-08T16:12:50.802786+00:00,149.0,47,bid,,,12423382
2026-07-08T16:12:51.338060,2026-07-08T16:12:51.349763+00:00,149.0,43,bid,,,12423390
2026-07-08T16:12:52.567867,2026-07-08T16:12:52.576302+00:00,148.7,50,ask,,,12423414
2026-07-08T16:12:53.349290,2026-07-08T16:12:53.371746+00:00,148.7,100,ask,,,12423423
2026-07-08T16:12:53.349290,2026-07-08T16:12:53.371746+00:00,148.7,8,ask,,,12423424
2026-07-08T16:12:53.362184,2026-07-08T16:12:53.371746+00:00,148.6,34,bid,,,12423425
2026-07-08T16:12:53.600258,2026-07-08T16:12:53.612209+00:00,148.6,8,bid,,,12423430
2026-07-08T16:12:53.600258,2026-07-08T16:12:53.612209+00:00,148.7,8,bid,,,12423431
2026-07-08T16:12:54.690248,2026-07-08T16:12:54.697480+00:00,148.4,8,ask,,,12423454
2026-07-08T16:12:54.690248,2026-07-08T16:12:54.702747+00:00,148.1,42,ask,,,12423455
2026-07-08T16:12:56.746256,2026-07-08T16:12:56.755105+00:00,149.1,50,bid,,,12423488
2026-07-08T16:12:58.851694,2026-07-08T16:12:58.858916+00:00,149.1,50,bid,,,12423518
2026-07-08T16:13:00.957826,2026-07-08T16:13:00.969484+00:00,149.2,50,bid,,,12423553
2026-07-08T16:13:01.925930,2026-07-08T16:13:01.951380+00:00,148.9,11,ask,,,12423566
2026-07-08T16:13:05.224657,2026-07-08T16:13:05.231673+00:00,149.0,50,ask,,,12423620
2026-07-08T16:13:07.331974,2026-07-08T16:13:07.343405+00:00,149.0,50,ask,,,12423661
2026-07-08T16:13:09.439899,2026-07-08T16:13:09.451023+00:00,148.8,50,ask,,,12423699
2026-07-08T16:13:11.409277,2026-07-08T16:13:11.421114+00:00,148.8,49,ask,,,12423729
2026-07-08T16:13:11.952209,2026-07-08T16:13:11.963957+00:00,149.0,43,bid,,,12423737
2026-07-08T16:13:13.599218,2026-07-08T16:13:13.606216+00:00,148.9,50,bid,,,12423759
2026-07-08T16:13:15.707511,2026-07-08T16:13:15.721816+00:00,149.1,50,bid,,,12423785
2026-07-08T16:13:16.525531,2026-07-08T16:13:16.532312+00:00,148.7,42,ask,,,12423794
2026-07-08T16:13:17.819088,2026-07-08T16:13:17.830934+00:00,148.9,50,bid,,,12423813
2026-07-08T16:13:19.925957,2026-07-08T16:13:19.935604+00:00,148.9,50,bid,,,12423844
2026-07-08T16:13:23.150104,2026-07-08T16:13:23.160441+00:00,148.8,8,ask,,,12423904
2026-07-08T16:13:24.141881,2026-07-08T16:13:24.149321+00:00,149.0,8,bid,,,12423913
2026-07-08T16:13:24.141881,2026-07-08T16:13:24.158563+00:00,149.1,42,bid,,,12423914
2026-07-08T16:13:24.811801,2026-07-08T16:13:24.820752+00:00,148.7,4,ask,,,12423931
2026-07-08T16:13:25.740393,2026-07-08T16:13:25.749035+00:00,148.6,49,ask,,,12423940
2026-07-08T16:13:26.263034,2026-07-08T16:13:26.274634+00:00,148.9,8,bid,,,12423953
2026-07-08T16:13:26.263034,2026-07-08T16:13:26.274634+00:00,149.0,42,bid,,,12423954
2026-07-08T16:13:26.729535,2026-07-08T16:13:26.751527+00:00,149.0,43,bid,,,12423963
2026-07-08T16:13:28.094710,2026-07-08T16:13:28.102289+00:00,148.8,8,bid,,,12423983
2026-07-08T16:13:28.103467,2026-07-08T16:13:28.111509+00:00,148.8,11,ask,,,12423984
2026-07-08T16:13:28.283724,2026-07-08T16:13:28.293682+00:00,148.8,3,ask,,,12423988
2026-07-08T16:13:30.393846,2026-07-08T16:13:30.400938+00:00,148.9,8,ask,,,12424021
2026-07-08T16:13:30.393846,2026-07-08T16:13:30.406330+00:00,148.8,92,ask,,,12424022
2026-07-08T16:13:30.478117,2026-07-08T16:13:30.489751+00:00,149.2,8,bid,,,12424023
2026-07-08T16:13:30.478117,2026-07-08T16:13:30.489751+00:00,149.3,42,bid,,,12424024
2026-07-08T16:13:30.973367,2026-07-08T16:13:30.983103+00:00,148.9,8,ask,,,12424030
2026-07-08T16:13:30.999733,2026-07-08T16:13:31.008667+00:00,149.0,8,ask,,,12424032
2026-07-08T16:13:31.319622,2026-07-08T16:13:31.329708+00:00,148.6,16,bid,,,12424036
2026-07-08T16:13:32.414118,2026-07-08T16:13:32.426295+00:00,148.2,43,ask,,,12424054
2026-07-08T16:13:32.585864,2026-07-08T16:13:32.597501+00:00,148.6,50,bid,,,12424055
2026-07-08T16:13:33.872990,2026-07-08T16:13:33.885088+00:00,148.6,48,bid,,,12424071
2026-07-08T16:13:36.826236,2026-07-08T16:13:36.835251+00:00,148.8,50,bid,,,12424126
2026-07-08T16:13:38.983620,2026-07-08T16:13:38.990064+00:00,148.7,50,ask,,,12424162
2026-07-08T16:13:41.735250,2026-07-08T16:13:41.750080+00:00,148.8,46,bid,,,12424199
2026-07-08T16:13:42.193031,2026-07-08T16:13:42.204473+00:00,148.7,46,ask,,,12424207
2026-07-08T16:13:42.653924,2026-07-08T16:13:42.665624+00:00,148.8,44,bid,,,12424211
2026-07-08T16:13:42.709217,2026-07-08T16:13:42.719276+00:00,148.7,44,ask,,,12424216
2026-07-08T16:13:43.239269,2026-07-08T16:13:43.245880+00:00,148.8,40,bid,,,12424232
2026-07-08T16:13:43.914951,2026-07-08T16:13:43.922512+00:00,148.8,8,bid,,,12424240
2026-07-08T16:13:43.914951,2026-07-08T16:13:43.927857+00:00,148.9,100,bid,,,12424241
2026-07-08T16:13:47.404011,2026-07-08T16:13:47.413179+00:00,148.9,50,ask,,,12424287
2026-07-08T16:13:49.511340,2026-07-08T16:13:49.522172+00:00,148.7,50,ask,,,12424321
2026-07-08T16:13:51.619337,2026-07-08T16:13:51.628479+00:00,148.8,50,ask,,,12424351
2026-07-08T16:13:53.728410,2026-07-08T16:13:53.740077+00:00,148.7,50,ask,,,12424383
2026-07-08T16:13:54.332707,2026-07-08T16:13:54.344148+00:00,148.8,45,bid,,,12424390
2026-07-08T16:13:55.838793,2026-07-08T16:13:55.870112+00:00,148.6,50,ask,,,12424419
2026-07-08T16:13:55.856189,2026-07-08T16:13:55.870112+00:00,148.8,3,bid,,,12424420
2026-07-08T16:13:56.928872,2026-07-08T16:13:56.940266+00:00,148.6,45,ask,,,12424437
2026-07-08T16:13:59.998050,2026-07-08T16:14:00.009901+00:00,148.8,50,bid,,,12424483
2026-07-08T16:14:00.625939,2026-07-08T16:14:00.637727+00:00,148.8,42,bid,,,12424493
2026-07-08T16:14:02.158224,2026-07-08T16:14:02.169827+00:00,148.6,50,ask,,,12424511
2026-07-08T16:14:02.801419,2026-07-08T16:14:02.812852+00:00,148.6,43,ask,,,12424524
2026-07-08T16:14:04.265569,2026-07-08T16:14:04.275645+00:00,148.5,50,ask,,,12424546
2026-07-08T16:14:06.270110,2026-07-08T16:14:06.281472+00:00,148.6,48,bid,,,12424571
2026-07-08T16:14:06.334088,2026-07-08T16:14:06.341741+00:00,148.6,23,bid,,,12424574
2026-07-08T16:14:06.378077,2026-07-08T16:14:06.386698+00:00,148.3,50,ask,,,12424577
2026-07-08T16:14:08.431953,2026-07-08T16:14:08.443856+00:00,148.6,50,bid,,,12424624
2026-07-08T16:14:09.220755,2026-07-08T16:14:09.232555+00:00,148.6,8,bid,,,12424630
2026-07-08T16:14:09.733200,2026-07-08T16:14:09.745648+00:00,148.6,12,ask,,,12424640
2026-07-08T16:14:10.538617,2026-07-08T16:14:10.550340+00:00,148.7,50,bid,,,12424649
2026-07-08T16:14:11.285304,2026-07-08T16:14:11.292325+00:00,148.6,44,ask,,,12424660
2026-07-08T16:14:11.902815,2026-07-08T16:14:11.914664+00:00,148.6,41,ask,,,12424670
2026-07-08T16:14:12.437876,2026-07-08T16:14:12.449505+00:00,148.6,8,ask,,,12424681
2026-07-08T16:14:12.449114,2026-07-08T16:14:12.460453+00:00,148.6,42,bid,,,12424682
2026-07-08T16:14:12.697070,2026-07-08T16:14:12.706892+00:00,148.3,50,ask,,,12424685
2026-07-08T16:14:14.602582,2026-07-08T16:14:14.614261+00:00,148.3,8,ask,,,12424705
2026-07-08T16:14:14.602582,2026-07-08T16:14:14.614261+00:00,148.1,39,ask,,,12424706
2026-07-08T16:14:14.803613,2026-07-08T16:14:14.814547+00:00,148.1,50,ask,,,12424711
2026-07-08T16:14:16.860556,2026-07-08T16:14:16.874270+00:00,148.4,50,bid,,,12424743
2026-07-08T16:14:18.971792,2026-07-08T16:14:18.982647+00:00,148.4,8,bid,,,12424784
2026-07-08T16:14:18.971792,2026-07-08T16:14:18.982647+00:00,148.5,42,bid,,,12424785
2026-07-08T16:14:19.918860,2026-07-08T16:14:19.938011+00:00,148.5,49,bid,,,12424799
2026-07-08T16:14:21.133201,2026-07-08T16:14:21.144241+00:00,148.2,50,ask,,,12424815
2026-07-08T16:14:21.546582,2026-07-08T16:14:21.558551+00:00,148.5,41,bid,,,12424823
2026-07-08T16:14:23.241090,2026-07-08T16:14:23.251813+00:00,148.3,8,ask,,,12424850
2026-07-08T16:14:23.241090,2026-07-08T16:14:23.251813+00:00,148.2,42,ask,,,12424851
2026-07-08T16:14:23.793278,2026-07-08T16:14:23.804915+00:00,148.3,8,ask,,,12424860
2026-07-08T16:14:23.793278,2026-07-08T16:14:23.804915+00:00,148.2,8,ask,,,12424861
2026-07-08T16:14:23.793278,2026-07-08T16:14:23.804915+00:00,148.2,27,ask,,,12424862
2026-07-08T16:14:24.397676,2026-07-08T16:14:24.409267+00:00,148.2,41,ask,,,12424869
2026-07-08T16:14:27.171482,2026-07-08T16:14:27.180731+00:00,148.4,12,bid,,,12424916
2026-07-08T16:14:27.302657,2026-07-08T16:14:27.310481+00:00,148.4,100,bid,,,12424920
2026-07-08T16:14:27.409484,2026-07-08T16:14:27.419206+00:00,148.4,11,bid,,,12424923
2026-07-08T16:14:27.470548,2026-07-08T16:14:27.482269+00:00,148.0,8,ask,,,12424926
2026-07-08T16:14:27.470548,2026-07-08T16:14:27.482269+00:00,147.9,42,ask,,,12424927
2026-07-08T16:14:27.569946,2026-07-08T16:14:27.581678+00:00,148.4,27,bid,,,12424930
2026-07-08T16:14:27.569946,2026-07-08T16:14:27.581678+00:00,148.4,8,bid,,,12424931
2026-07-08T16:14:27.569946,2026-07-08T16:14:27.581678+00:00,148.9,7,bid,,,12424932
2026-07-08T16:14:28.246876,2026-07-08T16:14:28.258488+00:00,148.6,8,bid,,,12424946
2026-07-08T16:14:28.259807,2026-07-08T16:14:28.270084+00:00,148.7,11,ask,,,12424947
2026-07-08T16:14:28.746031,2026-07-08T16:14:28.754854+00:00,148.9,41,bid,,,12424950
2026-07-08T16:14:29.581356,2026-07-08T16:14:29.589921+00:00,148.7,50,ask,,,12424965
2026-07-08T16:14:30.946210,2026-07-08T16:14:30.963816+00:00,148.7,43,ask,,,12424986
2026-07-08T16:14:31.595213,2026-07-08T16:14:31.606817+00:00,148.7,44,bid,,,12424991
2026-07-08T16:14:33.793566,2026-07-08T16:14:33.803093+00:00,148.2,50,ask,,,12425013
2026-07-08T16:14:33.905108,2026-07-08T16:14:33.913624+00:00,148.2,44,ask,,,12425019
2026-07-08T16:14:34.483773,2026-07-08T16:14:34.495275+00:00,148.6,41,bid,,,12425036
2026-07-08T16:14:35.030719,2026-07-08T16:14:35.040609+00:00,148.6,11,bid,,,12425044
2026-07-08T16:14:35.120459,2026-07-08T16:14:35.127711+00:00,148.6,42,bid,,,12425050
2026-07-08T16:14:35.900648,2026-07-08T16:14:35.911133+00:00,148.2,8,ask,,,12425067
2026-07-08T16:14:35.900648,2026-07-08T16:14:35.911133+00:00,148.1,42,ask,,,12425068
2026-07-08T16:14:36.241692,2026-07-08T16:14:36.254937+00:00,148.6,6,bid,,,12425074
2026-07-08T16:14:36.241692,2026-07-08T16:14:36.254937+00:00,148.6,6,bid,,,12425075
2026-07-08T16:14:36.307645,2026-07-08T16:14:36.316913+00:00,148.6,8,bid,,,12425077
2026-07-08T16:14:36.394562,2026-07-08T16:14:36.403755+00:00,148.2,8,ask,,,12425080
2026-07-08T16:14:36.394562,2026-07-08T16:14:36.403755+00:00,148.1,35,ask,,,12425081
2026-07-08T16:14:38.013996,2026-07-08T16:14:38.022841+00:00,148.4,50,ask,,,12425107
2026-07-08T16:14:39.282542,2026-07-08T16:14:39.290608+00:00,148.8,44,bid,,,12425124
2026-07-08T16:14:40.120660,2026-07-08T16:14:40.128872+00:00,148.4,50,ask,,,12425133
2026-07-08T16:14:41.282598,2026-07-08T16:14:41.292180+00:00,148.9,8,bid,,,12425155
2026-07-08T16:14:42.227105,2026-07-08T16:14:42.239067+00:00,148.5,8,ask,,,12425166
2026-07-08T16:14:42.227105,2026-07-08T16:14:42.239067+00:00,148.4,42,ask,,,12425167
2026-07-08T16:14:44.286608,2026-07-08T16:14:44.298150+00:00,148.9,50,bid,,,12425189
2026-07-08T16:14:44.412484,2026-07-08T16:14:44.420949+00:00,148.7,48,ask,,,12425194
2026-07-08T16:14:45.065005,2026-07-08T16:14:45.074882+00:00,148.7,44,ask,,,12425208
2026-07-08T16:14:46.394256,2026-07-08T16:14:46.405927+00:00,149.0,8,bid,,,12425233
2026-07-08T16:14:46.394256,2026-07-08T16:14:46.405927+00:00,149.0,42,bid,,,12425234
2026-07-08T16:14:47.554867,2026-07-08T16:14:47.558592+00:00,149.0,46,bid,,,12425253
2026-07-08T16:14:48.504462,2026-07-08T16:14:48.516141+00:00,148.9,8,bid,,,12425266
2026-07-08T16:14:48.504462,2026-07-08T16:14:48.516141+00:00,149.0,12,bid,,,12425267
2026-07-08T16:14:48.504462,2026-07-08T16:14:48.516141+00:00,149.0,30,bid,,,12425268
2026-07-08T16:14:48.583458,2026-07-08T16:14:48.595295+00:00,149.0,45,bid,,,12425269
2026-07-08T16:14:50.429029,2026-07-08T16:14:50.438339+00:00,148.9,43,ask,,,12425298
2026-07-08T16:14:50.616952,2026-07-08T16:14:50.628678+00:00,149.3,50,bid,,,12425299
2026-07-08T16:14:52.049106,2026-07-08T16:14:52.058592+00:00,148.9,47,ask,,,12425324
2026-07-08T16:14:52.724296,2026-07-08T16:14:52.732945+00:00,149.0,50,bid,,,12425337
2026-07-08T16:14:53.568197,2026-07-08T16:14:53.574694+00:00,149.0,50,bid,,,12425357
2026-07-08T16:14:53.580857,2026-07-08T16:14:53.589972+00:00,149.0,5,ask,,,12425358
2026-07-08T16:14:53.643965,2026-07-08T16:14:53.655991+00:00,149.0,40,ask,,,12425360
2026-07-08T16:14:53.831042,2026-07-08T16:14:53.839264+00:00,149.1,8,ask,,,12425365
2026-07-08T16:14:54.164852,2026-07-08T16:14:54.174123+00:00,149.1,3,ask,,,12425369
2026-07-08T16:14:54.835188,2026-07-08T16:14:54.842737+00:00,149.4,8,bid,,,12425374
2026-07-08T16:14:54.835188,2026-07-08T16:14:54.848179+00:00,149.5,42,bid,,,12425375
2026-07-08T16:14:55.003440,2026-07-08T16:14:55.024520+00:00,149.1,8,ask,,,12425384
2026-07-08T16:14:55.057780,2026-07-08T16:14:55.072268+00:00,149.0,4,ask,,,12425389
2026-07-08T16:14:55.130218,2026-07-08T16:14:55.137087+00:00,149.4,8,bid,,,12425390
2026-07-08T16:14:55.130218,2026-07-08T16:14:55.142110+00:00,149.5,35,bid,,,12425391
2026-07-08T16:14:56.947458,2026-07-08T16:14:56.958461+00:00,149.3,8,bid,,,12425416
2026-07-08T16:14:56.947458,2026-07-08T16:14:56.958461+00:00,149.3,42,bid,,,12425417
2026-07-08T16:14:57.761852,2026-07-08T16:14:57.773478+00:00,149.3,44,bid,,,12425430
2026-07-08T16:14:58.776373,2026-07-08T16:14:58.785927+00:00,149.0,8,ask,,,12425443
2026-07-08T16:14:58.776373,2026-07-08T16:14:58.785927+00:00,148.9,36,ask,,,12425444
2026-07-08T16:14:59.055037,2026-07-08T16:14:59.057350+00:00,149.2,50,bid,,,12425450
2026-07-08T16:15:00.639422,2026-07-08T16:15:00.651368+00:00,149.2,49,bid,,,12425488
2026-07-08T16:15:00.720249,2026-07-08T16:15:00.727892+00:00,149.2,1,bid,,,12425490
2026-07-08T16:15:01.215898,2026-07-08T16:15:01.225729+00:00,149.0,50,ask,,,12425494
2026-07-08T16:15:03.060632,2026-07-08T16:15:03.072182+00:00,148.8,49,ask,,,12425528
2026-07-08T16:15:03.322312,2026-07-08T16:15:03.334293+00:00,148.8,50,ask,,,12425533
2026-07-08T16:15:04.699217,2026-07-08T16:15:04.711863+00:00,149.2,8,bid,,,12425548
2026-07-08T16:15:04.699217,2026-07-08T16:15:04.711863+00:00,149.3,32,bid,,,12425549
2026-07-08T16:15:06.718042,2026-07-08T16:15:06.729806+00:00,148.9,40,ask,,,12425581
2026-07-08T16:15:07.322641,2026-07-08T16:15:07.334472+00:00,149.1,40,bid,,,12425591
2026-07-08T16:15:07.483646,2026-07-08T16:15:07.493212+00:00,149.1,50,bid,,,12425595
2026-07-08T16:15:09.591753,2026-07-08T16:15:09.599183+00:00,149.3,50,bid,,,12425641
2026-07-08T16:15:11.697705,2026-07-08T16:15:11.709946+00:00,149.3,42,bid,,,12425674
2026-07-08T16:15:11.800772,2026-07-08T16:15:11.812705+00:00,148.9,8,ask,,,12425675
2026-07-08T16:15:11.800772,2026-07-08T16:15:11.812705+00:00,148.9,35,ask,,,12425676
2026-07-08T16:15:13.433594,2026-07-08T16:15:13.445775+00:00,149.3,8,bid,,,12425707
2026-07-08T16:15:13.433594,2026-07-08T16:15:13.445775+00:00,149.4,35,bid,,,12425708
2026-07-08T16:15:13.805913,2026-07-08T16:15:13.816208+00:00,149.4,50,bid,,,12425715
2026-07-08T16:15:14.406988,2026-07-08T16:15:14.415603+00:00,149.1,8,ask,,,12425724
2026-07-08T16:15:14.406988,2026-07-08T16:15:14.415603+00:00,149.0,36,ask,,,12425725
2026-07-08T16:15:15.965679,2026-07-08T16:15:15.977162+00:00,149.1,50,ask,,,12425753
2026-07-08T16:15:16.383480,2026-07-08T16:15:16.392435+00:00,149.5,42,bid,,,12425762
2026-07-08T16:15:16.437997,2026-07-08T16:15:16.450007+00:00,149.1,48,ask,,,12425763
2026-07-08T16:15:18.042828,2026-07-08T16:15:18.054211+00:00,149.4,44,bid,,,12425787
2026-07-08T16:15:18.073294,2026-07-08T16:15:18.081740+00:00,149.1,8,ask,,,12425788
2026-07-08T16:15:18.073294,2026-07-08T16:15:18.081740+00:00,149.0,42,ask,,,12425789
2026-07-08T16:15:19.935971,2026-07-08T16:15:19.947362+00:00,149.0,48,ask,,,12425825
2026-07-08T16:15:20.180984,2026-07-08T16:15:20.192707+00:00,149.1,8,ask,,,12425835
2026-07-08T16:15:22.320106,2026-07-08T16:15:22.328606+00:00,149.2,8,ask,,,12425869
2026-07-08T16:15:22.320106,2026-07-08T16:15:22.328606+00:00,149.1,42,ask,,,12425870
2026-07-08T16:15:24.376734,2026-07-08T16:15:24.388618+00:00,149.3,8,bid,,,12425898
2026-07-08T16:15:24.376734,2026-07-08T16:15:24.388618+00:00,149.4,42,bid,,,12425899
2026-07-08T16:15:24.579942,2026-07-08T16:15:24.592759+00:00,149.1,40,ask,,,12425904
2026-07-08T16:15:26.519111,2026-07-08T16:15:26.528021+00:00,149.5,8,bid,,,12425942
2026-07-08T16:15:26.519111,2026-07-08T16:15:26.533274+00:00,149.6,42,bid,,,12425943
2026-07-08T16:15:27.876582,2026-07-08T16:15:27.885186+00:00,149.3,8,ask,,,12425968
2026-07-08T16:15:28.635207,2026-07-08T16:15:28.647058+00:00,149.4,8,bid,,,12425984
2026-07-08T16:15:28.635207,2026-07-08T16:15:28.647058+00:00,149.5,42,bid,,,12425985
2026-07-08T16:15:29.622184,2026-07-08T16:15:29.634152+00:00,149.4,8,bid,,,12425998
2026-07-08T16:15:29.622184,2026-07-08T16:15:29.634152+00:00,149.5,37,bid,,,12425999
2026-07-08T16:15:30.796902,2026-07-08T16:15:30.807487+00:00,149.1,8,ask,,,12426022
2026-07-08T16:15:30.796902,2026-07-08T16:15:30.807487+00:00,149.0,42,ask,,,12426023
2026-07-08T16:15:32.590070,2026-07-08T16:15:32.600178+00:00,149.5,44,bid,,,12426052
2026-07-08T16:15:32.907068,2026-07-08T16:15:32.915415+00:00,149.2,50,ask,,,12426056
2026-07-08T16:15:33.906219,2026-07-08T16:15:33.914417+00:00,149.3,3,ask,,,12426082
2026-07-08T16:15:37.089596,2026-07-08T16:15:37.100295+00:00,149.4,8,bid,,,12426137
2026-07-08T16:15:37.089596,2026-07-08T16:15:37.100295+00:00,149.5,42,bid,,,12426138
2026-07-08T16:15:39.249447,2026-07-08T16:15:39.258594+00:00,149.3,8,ask,,,12426172
2026-07-08T16:15:39.249447,2026-07-08T16:15:39.258594+00:00,149.2,42,ask,,,12426173
2026-07-08T16:15:41.357459,2026-07-08T16:15:41.369245+00:00,149.3,8,ask,,,12426213
2026-07-08T16:15:43.240753,2026-07-08T16:15:43.248244+00:00,149.2,47,ask,,,12426241
2026-07-08T16:15:43.489346,2026-07-08T16:15:43.503465+00:00,149.2,50,ask,,,12426244
2026-07-08T16:15:43.629702,2026-07-08T16:15:43.641830+00:00,149.4,8,bid,,,12426249
2026-07-08T16:15:44.277414,2026-07-08T16:15:44.284224+00:00,149.2,8,ask,,,12426264
2026-07-08T16:15:44.277580,2026-07-08T16:15:44.289504+00:00,149.2,43,bid,,,12426265
2026-07-08T16:15:45.158541,2026-07-08T16:15:45.170598+00:00,149.0,44,ask,,,12426275
2026-07-08T16:15:45.594986,2026-07-08T16:15:45.604349+00:00,149.0,50,ask,,,12426282
2026-07-08T16:15:46.430909,2026-07-08T16:15:46.439447+00:00,149.1,3,bid,,,12426299
2026-07-08T16:15:47.705441,2026-07-08T16:15:47.716167+00:00,149.1,50,ask,,,12426324
2026-07-08T16:15:49.760232,2026-07-08T16:15:49.768983+00:00,149.2,50,bid,,,12426360
2026-07-08T16:15:49.779430,2026-07-08T16:15:49.787041+00:00,149.1,42,ask,,,12426362
2026-07-08T16:15:50.775724,2026-07-08T16:15:50.787384+00:00,149.1,47,bid,,,12426374
2026-07-08T16:15:51.866630,2026-07-08T16:15:51.878077+00:00,149.1,50,bid,,,12426401
2026-07-08T16:15:54.797547,2026-07-08T16:15:54.809120+00:00,149.3,45,bid,,,12426433
2026-07-08T16:15:56.010977,2026-07-08T16:15:56.022869+00:00,149.0,43,ask,,,12426455
2026-07-08T16:15:56.595482,2026-07-08T16:15:56.606588+00:00,149.0,45,ask,,,12426463
2026-07-08T16:15:58.181127,2026-07-08T16:15:58.187744+00:00,149.5,50,bid,,,12426497
2026-07-08T16:15:59.276338,2026-07-08T16:15:59.287846+00:00,149.4,42,bid,,,12426521
2026-07-08T16:16:00.288829,2026-07-08T16:16:00.300508+00:00,149.4,50,bid,,,12426530
2026-07-08T16:16:02.319645,2026-07-08T16:16:02.327441+00:00,149.2,43,ask,,,12426555
2026-07-08T16:16:02.449310,2026-07-08T16:16:02.454658+00:00,149.2,50,ask,,,12426558
2026-07-08T16:16:04.555677,2026-07-08T16:16:04.558589+00:00,149.2,7,ask,,,12426583
2026-07-08T16:16:04.555677,2026-07-08T16:16:04.569109+00:00,149.1,8,ask,,,12426584
2026-07-08T16:16:04.555677,2026-07-08T16:16:04.569109+00:00,149.0,35,ask,,,12426585
2026-07-08T16:16:06.670170,2026-07-08T16:16:06.677032+00:00,149.2,50,ask,,,12426609
2026-07-08T16:16:08.778179,2026-07-08T16:16:08.789033+00:00,149.3,50,ask,,,12426643
2026-07-08T16:16:10.885461,2026-07-08T16:16:10.897000+00:00,149.3,50,ask,,,12426673
2026-07-08T16:16:11.320953,2026-07-08T16:16:11.332405+00:00,149.5,8,bid,,,12426679
2026-07-08T16:16:11.320953,2026-07-08T16:16:11.332405+00:00,149.6,32,bid,,,12426680
2026-07-08T16:16:12.992240,2026-07-08T16:16:13.003956+00:00,149.0,8,ask,,,12426714
2026-07-08T16:16:12.992240,2026-07-08T16:16:13.003956+00:00,148.9,42,ask,,,12426715
2026-07-08T16:16:13.806284,2026-07-08T16:16:13.839606+00:00,149.3,8,bid,,,12426731
2026-07-08T16:16:13.900445,2026-07-08T16:16:13.910371+00:00,149.3,4,bid,,,12426733
2026-07-08T16:16:14.980538,2026-07-08T16:16:14.989986+00:00,149.2,11,bid,,,12426751
2026-07-08T16:16:15.050880,2026-07-08T16:16:15.067474+00:00,149.2,50,bid,,,12426754
2026-07-08T16:16:15.123063,2026-07-08T16:16:15.131593+00:00,149.2,11,bid,,,12426756
2026-07-08T16:16:15.843881,2026-07-08T16:16:15.858608+00:00,149.2,28,bid,,,12426772
2026-07-08T16:16:15.850214,2026-07-08T16:16:15.858608+00:00,149.2,8,ask,,,12426773
2026-07-08T16:16:17.168483,2026-07-08T16:16:17.176198+00:00,149.7,50,bid,,,12426783
2026-07-08T16:16:18.853477,2026-07-08T16:16:18.858598+00:00,149.7,48,bid,,,12426809
2026-07-08T16:16:19.014766,2026-07-08T16:16:19.023328+00:00,149.5,11,ask,,,12426812
2026-07-08T16:16:21.033240,2026-07-08T16:16:21.044160+00:00,149.5,41,ask,,,12426844
2026-07-08T16:16:21.387441,2026-07-08T16:16:21.395011+00:00,149.7,50,bid,,,12426853
2026-07-08T16:16:23.494063,2026-07-08T16:16:23.505806+00:00,149.7,50,bid,,,12426879
2026-07-08T16:16:24.990902,2026-07-08T16:16:25.002594+00:00,149.8,48,ask,,,12426904
2026-07-08T16:16:25.601213,2026-07-08T16:16:25.612735+00:00,150.2,50,bid,,,12426910
2026-07-08T16:16:26.125030,2026-07-08T16:16:26.135996+00:00,150.2,45,bid,,,12426927
2026-07-08T16:16:26.966070,2026-07-08T16:16:26.975510+00:00,149.8,11,ask,,,12426942
2026-07-08T16:16:27.186467,2026-07-08T16:16:27.194624+00:00,149.8,41,ask,,,12426944
2026-07-08T16:16:27.186467,2026-07-08T16:16:27.194624+00:00,149.7,3,ask,,,12426945
2026-07-08T16:16:27.712982,2026-07-08T16:16:27.722991+00:00,149.9,50,bid,,,12426951
2026-07-08T16:16:28.509551,2026-07-08T16:16:28.521042+00:00,149.9,50,bid,,,12426966
2026-07-08T16:16:28.522341,2026-07-08T16:16:28.536105+00:00,149.9,12,ask,,,12426967
2026-07-08T16:16:30.142013,2026-07-08T16:16:30.152623+00:00,149.9,11,ask,,,12426987
2026-07-08T16:16:31.939480,2026-07-08T16:16:31.952713+00:00,150.0,50,bid,,,12427003
2026-07-08T16:16:34.046103,2026-07-08T16:16:34.052474+00:00,150.0,50,bid,,,12427036
2026-07-08T16:16:34.796795,2026-07-08T16:16:34.807424+00:00,150.1,8,bid,,,12427049
2026-07-08T16:16:34.796795,2026-07-08T16:16:34.807424+00:00,150.2,32,bid,,,12427050
