timestamp,recv_time,price,volume,aggressor_side,buyer,seller,trade_id
2026-07-06T19:21:33.995298,2026-07-06T19:21:33.924059+00:00,157.5,4,bid,,,9872811
2026-07-06T19:21:34.211056,2026-07-06T19:21:34.219464+00:00,157.0,50,ask,,,9872813
2026-07-06T19:21:36.053482,2026-07-06T19:21:36.063606+00:00,157.6,49,ask,,,9872842
2026-07-06T19:21:36.317087,2026-07-06T19:21:36.328439+00:00,157.6,50,ask,,,9872847
2026-07-06T19:21:38.422985,2026-07-06T19:21:38.429570+00:00,157.6,50,ask,,,9872871
2026-07-06T19:21:38.693049,2026-07-06T19:21:38.744948+00:00,157.4,100,ask,,,9872875
2026-07-06T19:21:38.723648,2026-07-06T19:21:38.744948+00:00,157.3,49,bid,,,9872876
2026-07-06T19:21:38.735826,2026-07-06T19:21:38.744948+00:00,157.3,1,bid,,,9872877
2026-07-06T19:21:39.310611,2026-07-06T19:21:39.322206+00:00,156.8,43,ask,,,9872883
2026-07-06T19:21:42.632070,2026-07-06T19:21:42.641667+00:00,157.2,50,ask,,,9872922
2026-07-06T19:21:44.018587,2026-07-06T19:21:44.030217+00:00,157.5,42,bid,,,9872940
2026-07-06T19:21:44.792958,2026-07-06T19:21:44.803577+00:00,157.5,10,bid,,,9872945
2026-07-06T19:21:46.793079,2026-07-06T19:21:46.804506+00:00,157.7,50,bid,,,9872968
2026-07-06T19:21:47.466449,2026-07-06T19:21:47.480892+00:00,157.4,11,ask,,,9872984
2026-07-06T19:21:48.320776,2026-07-06T19:21:48.332488+00:00,157.1,41,ask,,,9872995
2026-07-06T19:21:48.901759,2026-07-06T19:21:48.913649+00:00,157.6,50,bid,,,9873004
2026-07-06T19:21:49.908571,2026-07-06T19:21:49.919341+00:00,157.6,48,bid,,,9873020
2026-07-06T19:21:51.857979,2026-07-06T19:21:51.869307+00:00,157.2,46,ask,,,9873052
2026-07-06T19:21:53.125972,2026-07-06T19:21:53.126663+00:00,157.7,50,bid,,,9873069
2026-07-06T19:21:55.235627,2026-07-06T19:21:55.268710+00:00,157.6,50,bid,,,9873092
2026-07-06T19:21:57.350640,2026-07-06T19:21:57.358584+00:00,157.6,50,bid,,,9873125
2026-07-06T19:21:57.671593,2026-07-06T19:21:57.679949+00:00,157.6,12,ask,,,9873133
2026-07-06T19:21:58.526479,2026-07-06T19:21:58.534641+00:00,157.6,43,ask,,,9873145
2026-07-06T19:21:59.472201,2026-07-06T19:21:59.483904+00:00,157.8,50,bid,,,9873157
2026-07-06T19:22:00.067123,2026-07-06T19:22:00.074447+00:00,157.8,47,bid,,,9873163
2026-07-06T19:22:00.525819,2026-07-06T19:22:00.537445+00:00,157.8,3,bid,,,9873173
2026-07-06T19:22:01.042257,2026-07-06T19:22:01.058574+00:00,157.6,40,ask,,,9873182
2026-07-06T19:22:01.631813,2026-07-06T19:22:01.658578+00:00,157.6,50,ask,,,9873188
2026-07-06T19:22:03.687093,2026-07-06T19:22:03.688487+00:00,157.9,50,bid,,,9873208
2026-07-06T19:22:05.793566,2026-07-06T19:22:05.804207+00:00,157.8,50,bid,,,9873231
2026-07-06T19:22:07.899122,2026-07-06T19:22:07.910573+00:00,158.0,50,bid,,,9873255
2026-07-06T19:22:08.813391,2026-07-06T19:22:08.864509+00:00,157.6,40,ask,,,9873271
2026-07-06T19:22:09.790679,2026-07-06T19:22:09.810482+00:00,157.6,11,ask,,,9873281
2026-07-06T19:22:10.016963,2026-07-06T19:22:10.058823+00:00,158.0,50,bid,,,9873288
2026-07-06T19:22:10.164832,2026-07-06T19:22:10.175430+00:00,157.7,11,ask,,,9873289
2026-07-06T19:22:11.117167,2026-07-06T19:22:11.125680+00:00,157.7,12,ask,,,9873312
2026-07-06T19:22:12.125028,2026-07-06T19:22:12.136618+00:00,157.8,50,bid,,,9873323
2026-07-06T19:22:12.776921,2026-07-06T19:22:12.783255+00:00,157.7,40,ask,,,9873329
2026-07-06T19:22:12.818513,2026-07-06T19:22:12.827466+00:00,157.7,11,ask,,,9873331
2026-07-06T19:22:14.231901,2026-07-06T19:22:14.268785+00:00,157.7,50,bid,,,9873352
2026-07-06T19:22:15.719769,2026-07-06T19:22:15.731422+00:00,157.7,41,bid,,,9873374
2026-07-06T19:22:16.326480,2026-07-06T19:22:16.337971+00:00,157.7,9,bid,,,9873383
2026-07-06T19:22:16.326480,2026-07-06T19:22:16.337971+00:00,157.7,36,bid,,,9873384
2026-07-06T19:22:16.389842,2026-07-06T19:22:16.401230+00:00,157.3,50,ask,,,9873385
2026-07-06T19:22:17.920994,2026-07-06T19:22:17.932643+00:00,157.3,45,ask,,,9873411
2026-07-06T19:22:18.956935,2026-07-06T19:22:18.968712+00:00,157.6,8,bid,,,9873423
2026-07-06T19:22:18.956935,2026-07-06T19:22:18.968712+00:00,157.8,35,bid,,,9873424
2026-07-06T19:22:20.601404,2026-07-06T19:22:20.612961+00:00,157.2,50,ask,,,9873448
2026-07-06T19:22:22.706302,2026-07-06T19:22:22.717925+00:00,157.7,45,bid,,,9873472
2026-07-06T19:22:22.709582,2026-07-06T19:22:22.717925+00:00,157.2,50,ask,,,9873473
2026-07-06T19:22:23.653298,2026-07-06T19:22:23.663606+00:00,157.3,44,ask,,,9873485
2026-07-06T19:22:24.141863,2026-07-06T19:22:24.169194+00:00,157.3,48,ask,,,9873492
2026-07-06T19:22:24.763693,2026-07-06T19:22:24.769114+00:00,157.6,50,bid,,,9873501
2026-07-06T19:22:25.914638,2026-07-06T19:22:25.923704+00:00,157.5,8,bid,,,9873514
2026-07-06T19:22:25.914638,2026-07-06T19:22:25.923704+00:00,157.6,33,bid,,,9873515
2026-07-06T19:22:26.883465,2026-07-06T19:22:26.890743+00:00,157.2,50,bid,,,9873531
2026-07-06T19:22:27.415451,2026-07-06T19:22:27.426832+00:00,157.2,49,bid,,,9873538
2026-07-06T19:22:28.989578,2026-07-06T19:22:29.058675+00:00,157.2,50,bid,,,9873551
2026-07-06T19:22:29.295110,2026-07-06T19:22:29.304936+00:00,157.3,8,bid,,,9873558
2026-07-06T19:22:29.845267,2026-07-06T19:22:29.864166+00:00,157.3,47,ask,,,9873567
2026-07-06T19:22:29.892609,2026-07-06T19:22:29.900922+00:00,157.3,12,ask,,,9873569
2026-07-06T19:22:30.806145,2026-07-06T19:22:30.817593+00:00,157.4,8,bid,,,9873577
2026-07-06T19:22:31.096516,2026-07-06T19:22:31.104594+00:00,157.5,8,bid,,,9873587
2026-07-06T19:22:31.096516,2026-07-06T19:22:31.104594+00:00,157.6,42,bid,,,9873588
2026-07-06T19:22:33.256248,2026-07-06T19:22:33.263779+00:00,157.2,50,ask,,,9873616
2026-07-06T19:22:34.057357,2026-07-06T19:22:34.063699+00:00,157.4,8,bid,,,9873624
2026-07-06T19:22:34.057357,2026-07-06T19:22:34.069581+00:00,157.5,34,bid,,,9873625
2026-07-06T19:22:35.363660,2026-07-06T19:22:35.375070+00:00,157.2,50,ask,,,9873641
2026-07-06T19:22:37.351726,2026-07-06T19:22:37.363641+00:00,157.3,8,ask,,,9873669
2026-07-06T19:22:37.351726,2026-07-06T19:22:37.363641+00:00,157.2,35,ask,,,9873670
2026-07-06T19:22:37.468333,2026-07-06T19:22:37.479830+00:00,157.2,50,ask,,,9873671
2026-07-06T19:22:39.525280,2026-07-06T19:22:39.537073+00:00,157.3,50,bid,,,9873695
2026-07-06T19:22:39.564788,2026-07-06T19:22:39.573972+00:00,157.3,12,bid,,,9873696
2026-07-06T19:22:41.633141,2026-07-06T19:22:41.658596+00:00,157.3,50,bid,,,9873726
2026-07-06T19:22:42.421987,2026-07-06T19:22:42.433505+00:00,157.4,48,ask,,,9873733
2026-07-06T19:22:43.741703,2026-07-06T19:22:43.763612+00:00,157.6,50,bid,,,9873753
2026-07-06T19:22:48.007080,2026-07-06T19:22:48.014314+00:00,157.3,8,ask,,,9873803
2026-07-06T19:22:48.007080,2026-07-06T19:22:48.019538+00:00,157.2,42,ask,,,9873804
2026-07-06T19:22:48.419973,2026-07-06T19:22:48.431825+00:00,157.6,8,bid,,,9873811
2026-07-06T19:22:48.419973,2026-07-06T19:22:48.431825+00:00,157.7,35,bid,,,9873812
2026-07-06T19:22:50.113989,2026-07-06T19:22:50.078475+00:00,157.3,8,ask,,,9873843
2026-07-06T19:22:50.113989,2026-07-06T19:22:50.078475+00:00,157.2,42,ask,,,9873844
2026-07-06T19:22:50.256741,2026-07-06T19:22:50.264312+00:00,157.7,47,bid,,,9873845
2026-07-06T19:22:52.222942,2026-07-06T19:22:52.258616+00:00,157.3,50,ask,,,9873867
2026-07-06T19:22:54.329741,2026-07-06T19:22:54.363918+00:00,157.3,50,ask,,,9873902
2026-07-06T19:22:54.499961,2026-07-06T19:22:54.506148+00:00,157.3,11,bid,,,9873904
2026-07-06T19:22:56.405303,2026-07-06T19:22:56.415242+00:00,157.2,11,ask,,,9873929
2026-07-06T19:22:57.657074,2026-07-06T19:22:57.659002+00:00,157.2,100,ask,,,9873951
2026-07-06T19:22:57.808797,2026-07-06T19:22:57.859024+00:00,156.9,8,ask,,,9873956
2026-07-06T19:22:57.860364,2026-07-06T19:22:57.869006+00:00,156.9,11,bid,,,9873958
2026-07-06T19:22:58.506524,2026-07-06T19:22:58.512941+00:00,156.9,50,bid,,,9873968
2026-07-06T19:23:00.128706,2026-07-06T19:23:00.137261+00:00,156.9,12,bid,,,9873988
2026-07-06T19:23:00.614455,2026-07-06T19:23:00.626030+00:00,156.9,50,bid,,,9873994
2026-07-06T19:23:00.671480,2026-07-06T19:23:00.679795+00:00,156.9,19,bid,,,9873996
2026-07-06T19:23:00.932521,2026-07-06T19:23:00.944365+00:00,157.1,12,ask,,,9874003
2026-07-06T19:23:01.136633,2026-07-06T19:23:01.163658+00:00,157.1,42,ask,,,9874006
2026-07-06T19:23:02.241036,2026-07-06T19:23:02.258596+00:00,157.1,49,ask,,,9874024
2026-07-06T19:23:02.359754,2026-07-06T19:23:02.372495+00:00,157.1,11,ask,,,9874027
2026-07-06T19:23:02.727911,2026-07-06T19:23:02.769195+00:00,157.3,8,bid,,,9874029
2026-07-06T19:23:02.727911,2026-07-06T19:23:02.769195+00:00,157.5,42,bid,,,9874030
2026-07-06T19:23:03.371099,2026-07-06T19:23:03.383094+00:00,157.1,36,ask,,,9874041
2026-07-06T19:23:03.371099,2026-07-06T19:23:03.383094+00:00,157.0,7,ask,,,9874042
2026-07-06T19:23:04.134601,2026-07-06T19:23:04.168697+00:00,157.2,100,ask,,,9874057
2026-07-06T19:23:04.134601,2026-07-06T19:23:04.168697+00:00,157.1,8,ask,,,9874058
2026-07-06T19:23:04.170127,2026-07-06T19:23:04.180115+00:00,157.0,11,bid,,,9874060
2026-07-06T19:23:04.330299,2026-07-06T19:23:04.363662+00:00,157.0,31,bid,,,9874064
2026-07-06T19:23:04.330299,2026-07-06T19:23:04.363662+00:00,157.4,8,bid,,,9874065
2026-07-06T19:23:04.330299,2026-07-06T19:23:04.363662+00:00,157.7,8,bid,,,9874066
2026-07-06T19:23:04.866668,2026-07-06T19:23:04.874477+00:00,157.6,8,bid,,,9874075
2026-07-06T19:23:04.866668,2026-07-06T19:23:04.879716+00:00,157.7,42,bid,,,9874076
2026-07-06T19:23:06.976300,2026-07-06T19:23:06.987663+00:00,157.7,50,bid,,,9874098
2026-07-06T19:23:07.306050,2026-07-06T19:23:07.316422+00:00,157.2,11,ask,,,9874103
2026-07-06T19:23:07.556702,2026-07-06T19:23:07.558551+00:00,157.6,8,bid,,,9874107
2026-07-06T19:23:07.612781,2026-07-06T19:23:07.624500+00:00,157.2,42,ask,,,9874109
2026-07-06T19:23:08.612310,2026-07-06T19:23:08.620799+00:00,157.2,12,ask,,,9874118
2026-07-06T19:23:09.108648,2026-07-06T19:23:09.163955+00:00,157.7,50,bid,,,9874124
2026-07-06T19:23:09.168855,2026-07-06T19:23:09.180443+00:00,157.7,46,bid,,,9874126
2026-07-06T19:23:10.253901,2026-07-06T19:23:10.258598+00:00,157.2,48,ask,,,9874144
2026-07-06T19:23:10.779024,2026-07-06T19:23:10.790427+00:00,157.4,46,bid,,,9874150
2026-07-06T19:23:11.215168,2026-07-06T19:23:11.226629+00:00,157.4,50,bid,,,9874155
2026-07-06T19:23:11.548703,2026-07-06T19:23:11.562987+00:00,157.2,11,ask,,,9874165
2026-07-06T19:23:11.731755,2026-07-06T19:23:11.743149+00:00,157.3,8,bid,,,9874170
2026-07-06T19:23:13.323393,2026-07-06T19:23:13.364463+00:00,157.4,50,bid,,,9874191
2026-07-06T19:23:13.586097,2026-07-06T19:23:13.595074+00:00,157.4,3,ask,,,9874195
2026-07-06T19:23:13.909910,2026-07-06T19:23:13.921261+00:00,157.4,8,ask,,,9874203
2026-07-06T19:23:14.941371,2026-07-06T19:23:14.947626+00:00,157.4,8,ask,,,9874225
2026-07-06T19:23:15.977057,2026-07-06T19:23:15.986622+00:00,157.4,8,ask,,,9874239
2026-07-06T19:23:16.510507,2026-07-06T19:23:16.517660+00:00,157.4,8,ask,,,9874249
2026-07-06T19:23:16.639169,2026-07-06T19:23:16.648075+00:00,157.4,100,ask,,,9874255
2026-07-06T19:23:16.803093,2026-07-06T19:23:16.811905+00:00,157.2,3,bid,,,9874258
2026-07-06T19:23:17.157462,2026-07-06T19:23:17.168840+00:00,157.2,46,bid,,,9874262
2026-07-06T19:23:17.587502,2026-07-06T19:23:17.595194+00:00,156.9,8,ask,,,9874266
2026-07-06T19:23:17.587502,2026-07-06T19:23:17.600182+00:00,156.9,42,ask,,,9874267
2026-07-06T19:23:18.840766,2026-07-06T19:23:18.849131+00:00,156.9,47,ask,,,9874290
2026-07-06T19:23:19.850911,2026-07-06T19:23:19.863597+00:00,157.3,8,bid,,,9874296
2026-07-06T19:23:20.907312,2026-07-06T19:23:20.914855+00:00,157.0,44,ask,,,9874307
2026-07-06T19:23:21.750052,2026-07-06T19:23:21.758608+00:00,157.4,50,bid,,,9874319
2026-07-06T19:23:21.947728,2026-07-06T19:23:21.956007+00:00,157.4,42,bid,,,9874325
2026-07-06T19:23:23.041585,2026-07-06T19:23:23.058626+00:00,156.7,8,ask,,,9874342
2026-07-06T19:23:23.041585,2026-07-06T19:23:23.058626+00:00,156.7,35,ask,,,9874343
2026-07-06T19:23:23.065871,2026-07-06T19:23:23.074229+00:00,157.1,8,bid,,,9874345
2026-07-06T19:23:23.075598,2026-07-06T19:23:23.084094+00:00,157.1,3,ask,,,9874348
2026-07-06T19:23:23.639833,2026-07-06T19:23:23.663644+00:00,157.2,49,bid,,,9874357
2026-07-06T19:23:23.694055,2026-07-06T19:23:23.702720+00:00,157.1,44,ask,,,9874360
2026-07-06T19:23:23.858946,2026-07-06T19:23:23.870266+00:00,157.2,50,bid,,,9874361
2026-07-06T19:23:24.324296,2026-07-06T19:23:24.335656+00:00,157.2,1,bid,,,9874369
2026-07-06T19:23:24.330596,2026-07-06T19:23:24.340914+00:00,157.1,3,ask,,,9874370
2026-07-06T19:23:24.609493,2026-07-06T19:23:24.619028+00:00,157.1,3,ask,,,9874375
2026-07-06T19:23:24.880680,2026-07-06T19:23:24.891393+00:00,157.4,8,bid,,,9874379
2026-07-06T19:23:24.904749,2026-07-06T19:23:24.912544+00:00,157.1,3,ask,,,9874382
2026-07-06T19:23:25.164657,2026-07-06T19:23:25.176059+00:00,157.1,3,ask,,,9874385
2026-07-06T19:23:25.434801,2026-07-06T19:23:25.442320+00:00,157.1,3,ask,,,9874390
2026-07-06T19:23:25.708627,2026-07-06T19:23:25.720340+00:00,157.1,3,ask,,,9874396
2026-07-06T19:23:25.969889,2026-07-06T19:23:25.981202+00:00,157.1,3,ask,,,9874400
2026-07-06T19:23:26.018203,2026-07-06T19:23:26.027754+00:00,157.1,50,ask,,,9874403
2026-07-06T19:23:26.923226,2026-07-06T19:23:26.935080+00:00,156.7,43,ask,,,9874410
2026-07-06T19:23:28.123996,2026-07-06T19:23:28.135628+00:00,156.7,50,ask,,,9874429
2026-07-06T19:23:30.205436,2026-07-06T19:23:30.216881+00:00,157.0,46,bid,,,9874451
2026-07-06T19:23:30.230850,2026-07-06T19:23:30.242923+00:00,156.6,8,ask,,,9874452
2026-07-06T19:23:30.230850,2026-07-06T19:23:30.242923+00:00,156.5,42,ask,,,9874453
2026-07-06T19:23:31.231975,2026-07-06T19:23:31.243706+00:00,156.5,43,ask,,,9874472
2026-07-06T19:23:32.341317,2026-07-06T19:23:32.353042+00:00,156.5,15,ask,,,9874482
2026-07-06T19:23:32.341317,2026-07-06T19:23:32.353042+00:00,156.5,35,ask,,,9874483
2026-07-06T19:23:32.465866,2026-07-06T19:23:32.475707+00:00,156.9,3,bid,,,9874486
2026-07-06T19:23:34.451186,2026-07-06T19:23:34.388451+00:00,156.5,50,ask,,,9874510
2026-07-06T19:23:35.789108,2026-07-06T19:23:35.805726+00:00,156.8,11,bid,,,9874524
2026-07-06T19:23:36.329505,2026-07-06T19:23:36.341002+00:00,156.8,46,bid,,,9874534
2026-07-06T19:23:36.556554,2026-07-06T19:23:36.568291+00:00,156.4,50,ask,,,9874537
2026-07-06T19:23:38.672512,2026-07-06T19:23:38.683857+00:00,156.4,50,ask,,,9874559
2026-07-06T19:23:39.328012,2026-07-06T19:23:39.339421+00:00,156.8,46,bid,,,9874567
2026-07-06T19:23:39.933646,2026-07-06T19:23:39.945384+00:00,156.8,46,bid,,,9874575
2026-07-06T19:23:40.730543,2026-07-06T19:23:40.742201+00:00,156.8,8,bid,,,9874586
2026-07-06T19:23:40.730543,2026-07-06T19:23:40.742201+00:00,157.0,42,bid,,,9874587
2026-07-06T19:23:41.675220,2026-07-06T19:23:41.683689+00:00,156.7,8,ask,,,9874596
2026-07-06T19:23:41.675220,2026-07-06T19:23:41.683689+00:00,156.6,39,ask,,,9874597
2026-07-06T19:23:42.891033,2026-07-06T19:23:42.901618+00:00,156.8,8,ask,,,9874620
2026-07-06T19:23:42.891033,2026-07-06T19:23:42.901618+00:00,156.7,42,ask,,,9874621
2026-07-06T19:23:44.948930,2026-07-06T19:23:44.955083+00:00,157.1,50,bid,,,9874639
2026-07-06T19:23:45.628069,2026-07-06T19:23:45.639776+00:00,156.9,46,bid,,,9874646
2026-07-06T19:23:45.698627,2026-07-06T19:23:45.707124+00:00,156.9,12,bid,,,9874648
2026-07-06T19:23:47.107296,2026-07-06T19:23:47.119018+00:00,156.8,8,ask,,,9874667
2026-07-06T19:23:47.107296,2026-07-06T19:23:47.119018+00:00,156.7,42,ask,,,9874668
2026-07-06T19:23:49.165091,2026-07-06T19:23:49.176749+00:00,157.2,8,bid,,,9874704
2026-07-06T19:23:49.165091,2026-07-06T19:23:49.176749+00:00,157.2,42,bid,,,9874705
2026-07-06T19:23:51.274558,2026-07-06T19:23:51.286172+00:00,157.2,50,bid,,,9874729
2026-07-06T19:23:53.435808,2026-07-06T19:23:53.444337+00:00,156.9,50,ask,,,9874763
2026-07-06T19:23:53.691836,2026-07-06T19:23:53.703683+00:00,156.9,43,ask,,,9874766
2026-07-06T19:23:55.413354,2026-07-06T19:23:55.423635+00:00,156.8,8,ask,,,9874788
2026-07-06T19:23:55.413354,2026-07-06T19:23:55.423635+00:00,156.7,40,ask,,,9874789
2026-07-06T19:23:55.491776,2026-07-06T19:23:55.500350+00:00,157.1,8,bid,,,9874792
2026-07-06T19:23:55.491776,2026-07-06T19:23:55.500350+00:00,157.2,42,bid,,,9874793
2026-07-06T19:23:57.597962,2026-07-06T19:23:57.612604+00:00,157.2,50,bid,,,9874820
2026-07-06T19:23:59.665444,2026-07-06T19:23:59.677171+00:00,157.4,49,bid,,,9874841
2026-07-06T19:23:59.706268,2026-07-06T19:23:59.713084+00:00,157.4,50,bid,,,9874842
2026-07-06T19:23:59.720212,2026-07-06T19:23:59.731713+00:00,157.0,8,ask,,,9874843
2026-07-06T19:23:59.720212,2026-07-06T19:23:59.731713+00:00,156.9,37,ask,,,9874844
2026-07-06T19:24:01.484818,2026-07-06T19:24:01.496502+00:00,157.4,8,bid,,,9874871
2026-07-06T19:24:01.484818,2026-07-06T19:24:01.496502+00:00,157.5,38,bid,,,9874872
2026-07-06T19:24:01.813036,2026-07-06T19:24:01.821677+00:00,157.5,50,bid,,,9874878
2026-07-06T19:24:03.616301,2026-07-06T19:24:03.623481+00:00,157.2,44,ask,,,9874900
2026-07-06T19:24:03.972248,2026-07-06T19:24:03.983961+00:00,157.2,50,ask,,,9874905
2026-07-06T19:24:04.218484,2026-07-06T19:24:04.226627+00:00,157.4,8,bid,,,9874914
2026-07-06T19:24:04.218484,2026-07-06T19:24:04.226627+00:00,157.4,100,bid,,,9874915
2026-07-06T19:24:04.288189,2026-07-06T19:24:04.304991+00:00,157.4,12,ask,,,9874917
2026-07-06T19:24:05.524581,2026-07-06T19:24:05.537999+00:00,157.4,11,ask,,,9874936
2026-07-06T19:24:05.575811,2026-07-06T19:24:05.584741+00:00,157.4,19,ask,,,9874938
2026-07-06T19:24:05.575811,2026-07-06T19:24:05.584741+00:00,156.9,23,ask,,,9874939
2026-07-06T19:24:06.087390,2026-07-06T19:24:06.096206+00:00,157.2,8,ask,,,9874946
2026-07-06T19:24:06.230585,2026-07-06T19:24:06.258543+00:00,157.6,8,bid,,,9874949
2026-07-06T19:24:06.230585,2026-07-06T19:24:06.258543+00:00,157.9,33,bid,,,9874950
2026-07-06T19:24:06.794608,2026-07-06T19:24:06.805883+00:00,157.8,8,bid,,,9874965
2026-07-06T19:24:08.142522,2026-07-06T19:24:08.153074+00:00,157.5,8,bid,,,9874986
2026-07-06T19:24:08.142522,2026-07-06T19:24:08.153074+00:00,157.6,42,bid,,,9874987
2026-07-06T19:24:12.432037,2026-07-06T19:24:12.443741+00:00,157.1,8,ask,,,9875048
2026-07-06T19:24:12.432037,2026-07-06T19:24:12.443741+00:00,157.1,42,ask,,,9875049
2026-07-06T19:24:12.492831,2026-07-06T19:24:12.500802+00:00,157.3,8,bid,,,9875051
2026-07-06T19:24:12.546410,2026-07-06T19:24:12.558593+00:00,157.1,43,ask,,,9875053
2026-07-06T19:24:13.107133,2026-07-06T19:24:13.114079+00:00,157.1,15,ask,,,9875062
2026-07-06T19:24:13.107133,2026-07-06T19:24:13.119506+00:00,157.0,34,ask,,,9875063
2026-07-06T19:24:14.569818,2026-07-06T19:24:14.588904+00:00,156.9,8,ask,,,9875083
2026-07-06T19:24:14.569818,2026-07-06T19:24:14.588904+00:00,156.6,42,ask,,,9875084
2026-07-06T19:24:17.454704,2026-07-06T19:24:17.463724+00:00,157.0,43,bid,,,9875109
2026-07-06T19:24:18.655165,2026-07-06T19:24:18.658535+00:00,157.0,41,bid,,,9875126
2026-07-06T19:24:18.781869,2026-07-06T19:24:18.789903+00:00,156.7,8,ask,,,9875134
2026-07-06T19:24:18.781869,2026-07-06T19:24:18.789903+00:00,156.6,42,ask,,,9875135
2026-07-06T19:24:20.098161,2026-07-06T19:24:20.107188+00:00,156.9,11,bid,,,9875156
2026-07-06T19:24:20.838450,2026-07-06T19:24:20.858594+00:00,156.9,50,bid,,,9875165
2026-07-06T19:24:21.093575,2026-07-06T19:24:21.105020+00:00,156.9,41,bid,,,9875168
2026-07-06T19:24:22.116395,2026-07-06T19:24:22.127712+00:00,156.7,43,ask,,,9875181
2026-07-06T19:24:22.751882,2026-07-06T19:24:22.758223+00:00,156.7,48,ask,,,9875189
2026-07-06T19:24:24.846581,2026-07-06T19:24:24.858539+00:00,156.8,46,bid,,,9875216
2026-07-06T19:24:25.059805,2026-07-06T19:24:25.069601+00:00,156.8,50,bid,,,9875218
2026-07-06T19:24:25.830767,2026-07-06T19:24:25.838161+00:00,156.7,47,ask,,,9875228
2026-07-06T19:24:26.098635,2026-07-06T19:24:26.108651+00:00,156.8,4,bid,,,9875234
2026-07-06T19:24:27.168566,2026-07-06T19:24:27.175923+00:00,157.1,8,bid,,,9875247
2026-07-06T19:24:27.168566,2026-07-06T19:24:27.181264+00:00,157.1,42,bid,,,9875248
2026-07-06T19:24:27.867748,2026-07-06T19:24:27.874403+00:00,157.1,45,bid,,,9875259
2026-07-06T19:24:30.314118,2026-07-06T19:24:30.322665+00:00,156.9,15,ask,,,9875300
2026-07-06T19:24:30.806242,2026-07-06T19:24:30.818055+00:00,157.1,8,bid,,,9875309
2026-07-06T19:24:31.363737,2026-07-06T19:24:31.373934+00:00,156.9,41,ask,,,9875320
2026-07-06T19:24:31.819485,2026-07-06T19:24:31.830960+00:00,157.2,49,bid,,,9875328
2026-07-06T19:24:33.829196,2026-07-06T19:24:33.838828+00:00,156.6,43,ask,,,9875347
2026-07-06T19:24:35.639719,2026-07-06T19:24:35.647742+00:00,156.7,8,ask,,,9875371
2026-07-06T19:24:35.639719,2026-07-06T19:24:35.652954+00:00,156.5,42,ask,,,9875372
2026-07-06T19:24:36.873302,2026-07-06T19:24:36.882096+00:00,156.9,11,bid,,,9875388
2026-07-06T19:24:39.033842,2026-07-06T19:24:39.045726+00:00,157.1,8,bid,,,9875425
2026-07-06T19:24:39.033842,2026-07-06T19:24:39.045726+00:00,157.2,40,bid,,,9875426
2026-07-06T19:24:40.135503,2026-07-06T19:24:40.145375+00:00,157.1,48,bid,,,9875443
2026-07-06T19:24:44.059769,2026-07-06T19:24:44.071578+00:00,156.9,8,ask,,,9875491
2026-07-06T19:24:44.059769,2026-07-06T19:24:44.071578+00:00,156.8,42,ask,,,9875492
2026-07-06T19:24:46.169116,2026-07-06T19:24:46.180683+00:00,156.9,50,ask,,,9875532
2026-07-06T19:24:48.065137,2026-07-06T19:24:48.072633+00:00,156.9,45,ask,,,9875554
2026-07-06T19:24:48.613395,2026-07-06T19:24:48.624890+00:00,156.8,8,ask,,,9875562
2026-07-06T19:24:48.667669,2026-07-06T19:24:48.679158+00:00,156.8,47,bid,,,9875563
2026-07-06T19:24:48.723357,2026-07-06T19:24:48.735092+00:00,156.7,8,ask,,,9875565
2026-07-06T19:24:48.723357,2026-07-06T19:24:48.735092+00:00,156.6,39,ask,,,9875566
2026-07-06T19:24:49.276152,2026-07-06T19:24:49.292800+00:00,156.8,47,bid,,,9875576
2026-07-06T19:24:50.326609,2026-07-06T19:24:50.335983+00:00,156.8,12,bid,,,9875590
2026-07-06T19:24:50.334949,2026-07-06T19:24:50.356301+00:00,156.8,36,bid,,,9875592
2026-07-06T19:24:50.334949,2026-07-06T19:24:50.356301+00:00,157.0,8,bid,,,9875593
2026-07-06T19:24:50.334949,2026-07-06T19:24:50.356301+00:00,157.1,6,bid,,,9875594
2026-07-06T19:24:50.387697,2026-07-06T19:24:50.399314+00:00,156.6,43,ask,,,9875595
2026-07-06T19:24:51.336473,2026-07-06T19:24:51.344150+00:00,156.6,18,ask,,,9875616
2026-07-06T19:24:51.336473,2026-07-06T19:24:51.358728+00:00,156.3,31,ask,,,9875617
2026-07-06T19:24:51.727272,2026-07-06T19:24:51.735710+00:00,156.8,100,bid,,,9875627
2026-07-06T19:24:52.357430,2026-07-06T19:24:52.368978+00:00,157.1,8,bid,,,9875638
2026-07-06T19:24:52.357430,2026-07-06T19:24:52.368978+00:00,157.3,37,bid,,,9875639
2026-07-06T19:24:52.443468,2026-07-06T19:24:52.454968+00:00,157.3,50,bid,,,9875641
2026-07-06T19:24:52.976878,2026-07-06T19:24:52.986374+00:00,156.8,45,ask,,,9875655
2026-07-06T19:24:53.959927,2026-07-06T19:24:53.969048+00:00,156.8,5,ask,,,9875669
2026-07-06T19:24:54.551386,2026-07-06T19:24:54.546351+00:00,157.2,8,bid,,,9875675
2026-07-06T19:24:54.551386,2026-07-06T19:24:54.546351+00:00,157.3,42,bid,,,9875676
2026-07-06T19:24:54.691475,2026-07-06T19:24:54.702773+00:00,156.7,8,ask,,,9875681
2026-07-06T19:24:55.166925,2026-07-06T19:24:55.179509+00:00,157.0,46,bid,,,9875694
2026-07-06T19:24:55.297368,2026-07-06T19:24:55.305853+00:00,156.7,8,ask,,,9875697
2026-07-06T19:24:56.395662,2026-07-06T19:24:56.402232+00:00,156.6,46,ask,,,9875711
2026-07-06T19:24:56.682217,2026-07-06T19:24:56.693796+00:00,156.9,8,bid,,,9875715
2026-07-06T19:24:56.682217,2026-07-06T19:24:56.693796+00:00,157.0,42,bid,,,9875716
2026-07-06T19:24:58.020795,2026-07-06T19:24:58.032168+00:00,156.5,46,ask,,,9875730
2026-07-06T19:24:58.801972,2026-07-06T19:24:58.810221+00:00,156.7,50,bid,,,9875739
2026-07-06T19:25:00.854250,2026-07-06T19:25:00.865972+00:00,156.7,46,bid,,,9875761
2026-07-06T19:25:00.907807,2026-07-06T19:25:00.919432+00:00,156.7,50,bid,,,9875762
2026-07-06T19:25:01.210705,2026-07-06T19:25:01.221395+00:00,156.7,8,bid,,,9875764
2026-07-06T19:25:01.223320,2026-07-06T19:25:01.233044+00:00,156.8,13,ask,,,9875766
2026-07-06T19:25:01.487000,2026-07-06T19:25:01.498803+00:00,156.8,44,ask,,,9875772
2026-07-06T19:25:01.987881,2026-07-06T19:25:01.999506+00:00,156.9,42,bid,,,9875780
2026-07-06T19:25:02.463451,2026-07-06T19:25:02.474635+00:00,156.9,40,bid,,,9875788
2026-07-06T19:25:03.017038,2026-07-06T19:25:03.028574+00:00,156.9,18,bid,,,9875792
2026-07-06T19:25:03.017038,2026-07-06T19:25:03.028574+00:00,157.3,32,bid,,,9875793
2026-07-06T19:25:04.560011,2026-07-06T19:25:04.571557+00:00,156.8,46,ask,,,9875811
2026-07-06T19:25:05.127531,2026-07-06T19:25:05.129222+00:00,157.1,3,bid,,,9875818
2026-07-06T19:25:05.127531,2026-07-06T19:25:05.129222+00:00,157.3,47,bid,,,9875819
2026-07-06T19:25:07.235166,2026-07-06T19:25:07.246983+00:00,157.3,50,bid,,,9875853
2026-07-06T19:25:07.701910,2026-07-06T19:25:07.713604+00:00,157.1,45,bid,,,9875861
2026-07-06T19:25:07.783237,2026-07-06T19:25:07.793513+00:00,156.8,42,ask,,,9875863
2026-07-06T19:25:08.790829,2026-07-06T19:25:08.799401+00:00,157.1,48,bid,,,9875877
2026-07-06T19:25:09.344895,2026-07-06T19:25:09.353269+00:00,157.1,50,bid,,,9875886
2026-07-06T19:25:10.480539,2026-07-06T19:25:10.492186+00:00,156.6,46,ask,,,9875895
2026-07-06T19:25:10.759606,2026-07-06T19:25:10.769574+00:00,157.0,3,ask,,,9875901
2026-07-06T19:25:11.452223,2026-07-06T19:25:11.464050+00:00,157.2,50,bid,,,9875904
2026-07-06T19:25:12.943818,2026-07-06T19:25:12.958554+00:00,157.0,40,ask,,,9875921
2026-07-06T19:25:15.427389,2026-07-06T19:25:15.438805+00:00,157.3,49,bid,,,9875958
2026-07-06T19:25:17.080561,2026-07-06T19:25:17.089402+00:00,156.9,40,ask,,,9875981
2026-07-06T19:25:17.838830,2026-07-06T19:25:17.847434+00:00,156.9,50,ask,,,9875995
2026-07-06T19:25:19.947628,2026-07-06T19:25:19.963825+00:00,156.9,10,ask,,,9876013
2026-07-06T19:25:19.947628,2026-07-06T19:25:19.963825+00:00,156.8,40,ask,,,9876014
2026-07-06T19:25:22.004206,2026-07-06T19:25:22.005985+00:00,157.3,50,bid,,,9876041
2026-07-06T19:25:24.109885,2026-07-06T19:25:24.118275+00:00,157.4,50,bid,,,9876072
2026-07-06T19:25:26.215993,2026-07-06T19:25:26.227319+00:00,157.4,50,bid,,,9876105
2026-07-06T19:25:26.332909,2026-07-06T19:25:26.364102+00:00,157.4,50,bid,,,9876108
2026-07-06T19:25:26.565513,2026-07-06T19:25:26.575510+00:00,157.8,23,ask,,,9876110
2026-07-06T19:25:26.760402,2026-07-06T19:25:26.770180+00:00,157.8,11,ask,,,9876118
2026-07-06T19:25:27.411078,2026-07-06T19:25:27.422494+00:00,157.9,46,bid,,,9876124
2026-07-06T19:25:27.830434,2026-07-06T19:25:27.838842+00:00,157.8,12,ask,,,9876129
2026-07-06T19:25:28.066063,2026-07-06T19:25:28.074935+00:00,157.8,41,ask,,,9876136
2026-07-06T19:25:28.397152,2026-07-06T19:25:28.408599+00:00,157.8,50,ask,,,9876139
2026-07-06T19:25:29.243254,2026-07-06T19:25:29.263863+00:00,157.8,13,ask,,,9876158
2026-07-06T19:25:29.243254,2026-07-06T19:25:29.263863+00:00,157.4,27,ask,,,9876159
2026-07-06T19:25:29.732775,2026-07-06T19:25:29.741533+00:00,157.7,12,bid,,,9876168
2026-07-06T19:25:30.504040,2026-07-06T19:25:30.515424+00:00,157.3,50,ask,,,9876177
2026-07-06T19:25:32.637125,2026-07-06T19:25:32.658819+00:00,157.2,50,ask,,,9876204
2026-07-06T19:25:32.725885,2026-07-06T19:25:32.734430+00:00,157.5,11,bid,,,9876205
2026-07-06T19:25:32.887582,2026-07-06T19:25:32.895469+00:00,157.4,12,bid,,,9876210
2026-07-06T19:25:33.056922,2026-07-06T19:25:33.065166+00:00,157.4,42,bid,,,9876214
2026-07-06T19:25:34.644326,2026-07-06T19:25:34.653311+00:00,157.4,14,bid,,,9876233
2026-07-06T19:25:34.744404,2026-07-06T19:25:34.756014+00:00,157.0,8,ask,,,9876236
2026-07-06T19:25:34.744404,2026-07-06T19:25:34.756014+00:00,157.0,42,ask,,,9876237
2026-07-06T19:25:35.986837,2026-07-06T19:25:36.010340+00:00,157.3,8,bid,,,9876253
2026-07-06T19:25:36.001862,2026-07-06T19:25:36.010340+00:00,157.4,14,ask,,,9876254
2026-07-06T19:25:36.678433,2026-07-06T19:25:36.689895+00:00,157.4,40,ask,,,9876270
2026-07-06T19:25:36.879732,2026-07-06T19:25:36.891508+00:00,157.4,50,ask,,,9876275
2026-07-06T19:25:38.934975,2026-07-06T19:25:38.946513+00:00,157.6,50,bid,,,9876307
2026-07-06T19:25:39.240649,2026-07-06T19:25:39.251245+00:00,157.4,11,bid,,,9876310
2026-07-06T19:25:41.046685,2026-07-06T19:25:41.058580+00:00,157.4,50,bid,,,9876341
2026-07-06T19:25:41.208349,2026-07-06T19:25:41.218040+00:00,157.4,3,bid,,,9876348
2026-07-06T19:25:42.159314,2026-07-06T19:25:42.170911+00:00,157.4,48,bid,,,9876356
2026-07-06T19:25:42.163857,2026-07-06T19:25:42.170911+00:00,157.4,38,bid,,,9876357
2026-07-06T19:25:43.203980,2026-07-06T19:25:43.215401+00:00,157.7,50,ask,,,9876366
2026-07-06T19:25:43.763085,2026-07-06T19:25:43.774505+00:00,157.9,47,bid,,,9876379
2026-07-06T19:25:43.844604,2026-07-06T19:25:43.855265+00:00,157.7,3,ask,,,9876382
2026-07-06T19:25:44.359183,2026-07-06T19:25:44.369499+00:00,157.7,43,ask,,,9876389
2026-07-06T19:25:45.311956,2026-07-06T19:25:45.323615+00:00,157.7,50,ask,,,9876403
2026-07-06T19:25:45.322941,2026-07-06T19:25:45.333951+00:00,157.7,4,ask,,,9876405
2026-07-06T19:25:47.421287,2026-07-06T19:25:47.463638+00:00,157.3,50,ask,,,9876427
2026-07-06T19:25:48.699979,2026-07-06T19:25:48.709984+00:00,157.4,3,bid,,,9876445
2026-07-06T19:25:49.545262,2026-07-06T19:25:49.552886+00:00,157.1,8,ask,,,9876458
2026-07-06T19:25:49.545262,2026-07-06T19:25:49.558115+00:00,157.1,42,ask,,,9876459
2026-07-06T19:25:51.652469,2026-07-06T19:25:51.660279+00:00,157.1,8,ask,,,9876486
2026-07-06T19:25:51.652469,2026-07-06T19:25:51.660279+00:00,156.9,42,ask,,,9876487
2026-07-06T19:25:53.762794,2026-07-06T19:25:53.784306+00:00,157.1,50,ask,,,9876508
2026-07-06T19:25:54.368879,2026-07-06T19:25:54.382068+00:00,157.3,14,bid,,,9876517
2026-07-06T19:25:55.670076,2026-07-06T19:25:55.675854+00:00,157.3,8,ask,,,9876532
2026-07-06T19:25:55.873210,2026-07-06T19:25:55.882508+00:00,157.2,50,ask,,,9876534
2026-07-06T19:26:00.085381,2026-07-06T19:26:00.097169+00:00,157.2,50,ask,,,9876592
2026-07-06T19:26:02.220951,2026-07-06T19:26:02.225342+00:00,157.7,8,bid,,,9876613
2026-07-06T19:26:02.766707,2026-07-06T19:26:02.778153+00:00,157.7,48,bid,,,9876620
2026-07-06T19:26:04.243762,2026-07-06T19:26:04.263608+00:00,157.7,44,bid,,,9876635
2026-07-06T19:26:04.243762,2026-07-06T19:26:04.263608+00:00,157.7,6,bid,,,9876636
2026-07-06T19:26:04.305068,2026-07-06T19:26:04.316520+00:00,157.4,8,ask,,,9876637
2026-07-06T19:26:05.762296,2026-07-06T19:26:05.771224+00:00,157.8,47,bid,,,9876660
2026-07-06T19:26:06.403626,2026-07-06T19:26:06.414965+00:00,157.6,50,ask,,,9876670
2026-07-06T19:26:08.509519,2026-07-06T19:26:08.515837+00:00,157.7,50,ask,,,9876700
2026-07-06T19:26:10.204234,2026-07-06T19:26:10.211770+00:00,157.7,43,ask,,,9876719
2026-07-06T19:26:10.617903,2026-07-06T19:26:10.629607+00:00,157.7,50,ask,,,9876723
2026-07-06T19:26:10.829331,2026-07-06T19:26:10.837559+00:00,157.8,100,ask,,,9876726
2026-07-06T19:26:10.829331,2026-07-06T19:26:10.837559+00:00,157.7,8,ask,,,9876727
2026-07-06T19:26:10.843929,2026-07-06T19:26:10.851999+00:00,157.7,23,bid,,,9876728
2026-07-06T19:26:11.415576,2026-07-06T19:26:11.424996+00:00,157.7,12,bid,,,9876735
2026-07-06T19:26:12.721537,2026-07-06T19:26:12.737401+00:00,157.7,7,bid,,,9876757
2026-07-06T19:26:12.728778,2026-07-06T19:26:12.737401+00:00,157.4,8,ask,,,9876758
2026-07-06T19:26:12.728778,2026-07-06T19:26:12.737401+00:00,157.2,42,ask,,,9876759
2026-07-06T19:26:14.040797,2026-07-06T19:26:14.063206+00:00,157.9,7,ask,,,9876782
2026-07-06T19:26:14.835947,2026-07-06T19:26:14.842277+00:00,157.9,50,ask,,,9876790
2026-07-06T19:26:15.001990,2026-07-06T19:26:15.013455+00:00,158.2,40,bid,,,9876795
2026-07-06T19:26:17.731801,2026-07-06T19:26:17.739760+00:00,158.0,49,bid,,,9876825
2026-07-06T19:26:17.785886,2026-07-06T19:26:17.793370+00:00,157.8,8,ask,,,9876826
2026-07-06T19:26:17.785886,2026-07-06T19:26:17.798394+00:00,157.7,33,ask,,,9876827
2026-07-06T19:26:18.295556,2026-07-06T19:26:18.307015+00:00,158.0,48,bid,,,9876835
2026-07-06T19:26:19.048921,2026-07-06T19:26:19.058557+00:00,157.7,50,ask,,,9876844
2026-07-06T19:26:21.105866,2026-07-06T19:26:21.112290+00:00,158.0,50,bid,,,9876868
2026-07-06T19:26:21.347082,2026-07-06T19:26:21.353429+00:00,157.9,44,ask,,,9876871
2026-07-06T19:26:23.211884,2026-07-06T19:26:23.223518+00:00,158.0,50,bid,,,9876888
2026-07-06T19:26:25.373153,2026-07-06T19:26:25.384530+00:00,157.9,8,ask,,,9876916
2026-07-06T19:26:25.373153,2026-07-06T19:26:25.384530+00:00,157.9,42,ask,,,9876917
2026-07-06T19:26:27.200710,2026-07-06T19:26:27.209889+00:00,157.9,12,ask,,,9876943
2026-07-06T19:26:29.588265,2026-07-06T19:26:29.598124+00:00,157.9,50,ask,,,9876973
2026-07-06T19:26:32.524861,2026-07-06T19:26:32.536279+00:00,158.0,40,bid,,,9877016
2026-07-06T19:26:32.542907,2026-07-06T19:26:32.558546+00:00,158.0,8,bid,,,9877017
2026-07-06T19:26:33.748645,2026-07-06T19:26:33.755770+00:00,158.3,50,bid,,,9877033
2026-07-06T19:26:35.907273,2026-07-06T19:26:35.918632+00:00,157.9,50,ask,,,9877054
2026-07-06T19:26:37.604592,2026-07-06T19:26:37.614810+00:00,157.9,8,ask,,,9877082
2026-07-06T19:26:37.604592,2026-07-06T19:26:37.614810+00:00,157.8,35,ask,,,9877083
2026-07-06T19:26:40.128109,2026-07-06T19:26:40.139568+00:00,157.8,50,ask,,,9877108
2026-07-06T19:26:40.735828,2026-07-06T19:26:40.758550+00:00,158.1,40,bid,,,9877123
2026-07-06T19:26:41.329817,2026-07-06T19:26:41.341141+00:00,157.8,45,ask,,,9877132
2026-07-06T19:26:42.374353,2026-07-06T19:26:42.385809+00:00,157.7,8,ask,,,9877148
2026-07-06T19:26:42.374353,2026-07-06T19:26:42.385809+00:00,157.7,40,ask,,,9877149
2026-07-06T19:26:44.296310,2026-07-06T19:26:44.307774+00:00,158.2,50,bid,,,9877176
2026-07-06T19:26:44.757128,2026-07-06T19:26:44.768428+00:00,158.2,43,bid,,,9877180
2026-07-06T19:26:46.404056,2026-07-06T19:26:46.415478+00:00,158.2,8,bid,,,9877203
2026-07-06T19:26:46.404056,2026-07-06T19:26:46.415478+00:00,158.2,42,bid,,,9877204
2026-07-06T19:26:46.904135,2026-07-06T19:26:46.915689+00:00,158.2,48,bid,,,9877211
2026-07-06T19:26:48.181650,2026-07-06T19:26:48.193435+00:00,158.0,43,ask,,,9877220
2026-07-06T19:26:48.513174,2026-07-06T19:26:48.524730+00:00,158.2,10,bid,,,9877229
2026-07-06T19:26:48.513174,2026-07-06T19:26:48.524730+00:00,158.4,8,bid,,,9877230
2026-07-06T19:26:48.513174,2026-07-06T19:26:48.524730+00:00,158.5,32,bid,,,9877231
2026-07-06T19:26:50.622092,2026-07-06T19:26:50.633480+00:00,158.5,50,bid,,,9877247
2026-07-06T19:26:51.766564,2026-07-06T19:26:51.773228+00:00,158.1,8,ask,,,9877260
2026-07-06T19:26:51.766564,2026-07-06T19:26:51.773228+00:00,158.0,34,ask,,,9877261
2026-07-06T19:26:52.736072,2026-07-06T19:26:52.747602+00:00,158.6,50,bid,,,9877276
2026-07-06T19:26:54.843823,2026-07-06T19:26:54.855316+00:00,158.6,50,bid,,,9877310
2026-07-06T19:26:54.950058,2026-07-06T19:26:54.958592+00:00,158.6,50,bid,,,9877312
2026-07-06T19:26:54.950058,2026-07-06T19:26:54.958592+00:00,158.6,8,bid,,,9877313
2026-07-06T19:26:55.009611,2026-07-06T19:26:55.018368+00:00,158.6,42,ask,,,9877315
2026-07-06T19:26:55.131583,2026-07-06T19:26:55.141642+00:00,159.0,23,ask,,,9877316
2026-07-06T19:26:55.169465,2026-07-06T19:26:55.179590+00:00,159.0,8,ask,,,9877318
2026-07-06T19:26:55.608655,2026-07-06T19:26:55.620166+00:00,159.1,41,bid,,,9877324
2026-07-06T19:26:56.075383,2026-07-06T19:26:56.085492+00:00,159.0,11,ask,,,9877329
2026-07-06T19:26:56.228617,2026-07-06T19:26:56.258833+00:00,159.1,41,bid,,,9877332
2026-07-06T19:26:56.951977,2026-07-06T19:26:56.958606+00:00,159.1,18,bid,,,9877341
2026-07-06T19:26:56.951977,2026-07-06T19:26:56.958606+00:00,159.5,32,bid,,,9877342
2026-07-06T19:26:57.184891,2026-07-06T19:26:57.196711+00:00,159.0,3,ask,,,9877346
2026-07-06T19:26:58.344751,2026-07-06T19:26:58.356204+00:00,159.2,45,ask,,,9877368
2026-07-06T19:26:59.062478,2026-07-06T19:26:59.074250+00:00,159.3,7,bid,,,9877376
2026-07-06T19:26:59.062478,2026-07-06T19:26:59.074250+00:00,159.3,43,bid,,,9877377
2026-07-06T19:26:59.488826,2026-07-06T19:26:59.497996+00:00,159.3,42,bid,,,9877389
2026-07-06T19:26:59.761456,2026-07-06T19:26:59.769893+00:00,159.2,8,ask,,,9877392
2026-07-06T19:27:00.082939,2026-07-06T19:27:00.090875+00:00,159.2,43,ask,,,9877395
2026-07-06T19:27:01.224766,2026-07-06T19:27:01.236447+00:00,159.2,50,ask,,,9877409
2026-07-06T19:27:01.503896,2026-07-06T19:27:01.511178+00:00,159.1,100,ask,,,9877416
2026-07-06T19:27:03.280159,2026-07-06T19:27:03.286402+00:00,159.1,50,bid,,,9877437
2026-07-06T19:27:03.488513,2026-07-06T19:27:03.497811+00:00,159.1,8,bid,,,9877441
2026-07-06T19:27:04.612886,2026-07-06T19:27:04.624647+00:00,159.3,8,bid,,,9877463
2026-07-06T19:27:04.625822,2026-07-06T19:27:04.633727+00:00,159.3,8,ask,,,9877464
2026-07-06T19:27:05.440152,2026-07-06T19:27:05.451527+00:00,159.3,50,ask,,,9877477
2026-07-06T19:27:06.406594,2026-07-06T19:27:06.416356+00:00,159.3,3,ask,,,9877491
2026-07-06T19:27:06.619431,2026-07-06T19:27:06.631167+00:00,159.3,3,ask,,,9877495
2026-07-06T19:27:06.631719,2026-07-06T19:27:06.641565+00:00,159.3,8,ask,,,9877496
2026-07-06T19:27:06.895107,2026-07-06T19:27:06.901947+00:00,159.3,3,ask,,,9877505
2026-07-06T19:27:07.155828,2026-07-06T19:27:07.167459+00:00,159.3,3,ask,,,9877511
2026-07-06T19:27:07.419650,2026-07-06T19:27:07.428932+00:00,159.3,3,ask,,,9877517
2026-07-06T19:27:07.553716,2026-07-06T19:27:07.555557+00:00,159.3,50,ask,,,9877520
2026-07-06T19:27:07.673429,2026-07-06T19:27:07.685599+00:00,159.3,11,ask,,,9877523
2026-07-06T19:27:07.875998,2026-07-06T19:27:07.885565+00:00,158.8,37,bid,,,9877528
2026-07-06T19:27:08.049002,2026-07-06T19:27:08.069369+00:00,158.8,40,bid,,,9877535
2026-07-06T19:27:08.703268,2026-07-06T19:27:08.710100+00:00,158.5,44,ask,,,9877549
2026-07-06T19:27:09.660960,2026-07-06T19:27:09.672374+00:00,158.5,50,ask,,,9877556
2026-07-06T19:27:09.730509,2026-07-06T19:27:09.742181+00:00,158.8,43,bid,,,9877558
2026-07-06T19:27:10.196239,2026-07-06T19:27:10.207996+00:00,158.8,30,bid,,,9877563
2026-07-06T19:27:10.196239,2026-07-06T19:27:10.207996+00:00,158.8,8,bid,,,9877564
2026-07-06T19:27:10.946464,2026-07-06T19:27:10.952921+00:00,158.7,100,bid,,,9877568
2026-07-06T19:27:11.015570,2026-07-06T19:27:11.025763+00:00,158.9,34,ask,,,9877569
2026-07-06T19:27:11.769408,2026-07-06T19:27:11.781184+00:00,158.9,16,ask,,,9877575
2026-07-06T19:27:11.769408,2026-07-06T19:27:11.781184+00:00,158.5,7,ask,,,9877576
2026-07-06T19:27:11.769408,2026-07-06T19:27:11.781184+00:00,158.2,27,ask,,,9877577
2026-07-06T19:27:13.882886,2026-07-06T19:27:13.891789+00:00,158.3,6,ask,,,9877611
2026-07-06T19:27:13.882886,2026-07-06T19:27:13.891789+00:00,158.2,44,ask,,,9877612
2026-07-06T19:27:14.457700,2026-07-06T19:27:14.464247+00:00,158.3,8,ask,,,9877618
2026-07-06T19:27:14.457700,2026-07-06T19:27:14.469238+00:00,158.2,33,ask,,,9877619
2026-07-06T19:27:15.526525,2026-07-06T19:27:15.534140+00:00,158.2,41,ask,,,9877633
2026-07-06T19:27:15.990718,2026-07-06T19:27:16.000124+00:00,158.2,26,ask,,,9877643
2026-07-06T19:27:15.990718,2026-07-06T19:27:16.000124+00:00,158.2,24,ask,,,9877644
2026-07-06T19:27:17.173747,2026-07-06T19:27:17.183548+00:00,158.4,23,bid,,,9877655
2026-07-06T19:27:18.100549,2026-07-06T19:27:18.112022+00:00,158.2,8,ask,,,9877671
2026-07-06T19:27:18.100549,2026-07-06T19:27:18.112022+00:00,158.0,42,ask,,,9877672
2026-07-06T19:27:18.886382,2026-07-06T19:27:18.897882+00:00,158.4,46,bid,,,9877687
2026-07-06T19:27:19.910820,2026-07-06T19:27:19.922638+00:00,158.4,31,bid,,,9877702
2026-07-06T19:27:19.910820,2026-07-06T19:27:19.922638+00:00,158.5,14,bid,,,9877703
2026-07-06T19:27:20.212416,2026-07-06T19:27:20.221955+00:00,158.2,8,ask,,,9877708
2026-07-06T19:27:20.212416,2026-07-06T19:27:20.221955+00:00,158.0,42,ask,,,9877709
2026-07-06T19:27:20.450645,2026-07-06T19:27:20.458618+00:00,158.2,40,ask,,,9877717
2026-07-06T19:27:21.561032,2026-07-06T19:27:21.569422+00:00,158.3,41,bid,,,9877724
2026-07-06T19:27:22.320828,2026-07-06T19:27:22.332441+00:00,158.2,50,ask,,,9877736
2026-07-06T19:27:23.485238,2026-07-06T19:27:23.568868+00:00,158.2,8,ask,,,9877743
2026-07-06T19:27:23.559968,2026-07-06T19:27:23.568868+00:00,158.2,11,bid,,,9877744
2026-07-06T19:27:24.428236,2026-07-06T19:27:24.439943+00:00,157.9,8,ask,,,9877757
2026-07-06T19:27:24.428236,2026-07-06T19:27:24.439943+00:00,157.8,42,ask,,,9877758
2026-07-06T19:27:25.299521,2026-07-06T19:27:25.310902+00:00,157.9,8,ask,,,9877773
2026-07-06T19:27:25.299521,2026-07-06T19:27:25.310902+00:00,157.8,41,ask,,,9877774
2026-07-06T19:27:26.541528,2026-07-06T19:27:26.568700+00:00,157.9,8,ask,,,9877793
2026-07-06T19:27:26.541528,2026-07-06T19:27:26.568700+00:00,157.8,42,ask,,,9877794
2026-07-06T19:27:26.824295,2026-07-06T19:27:26.874810+00:00,157.8,100,ask,,,9877797
2026-07-06T19:27:26.864810,2026-07-06T19:27:26.874810+00:00,157.8,46,bid,,,9877798
2026-07-06T19:27:27.291879,2026-07-06T19:27:27.303413+00:00,157.8,3,bid,,,9877806
2026-07-06T19:27:28.651547,2026-07-06T19:27:28.663588+00:00,157.4,8,ask,,,9877821
2026-07-06T19:27:28.651547,2026-07-06T19:27:28.663588+00:00,157.3,42,ask,,,9877822
2026-07-06T19:27:29.836162,2026-07-06T19:27:29.860199+00:00,157.8,1,bid,,,9877840
2026-07-06T19:27:29.836162,2026-07-06T19:27:29.860199+00:00,157.8,2,bid,,,9877841
2026-07-06T19:27:30.761693,2026-07-06T19:27:30.773601+00:00,157.7,8,ask,,,9877846
2026-07-06T19:27:30.761693,2026-07-06T19:27:30.773601+00:00,157.6,42,ask,,,9877847
2026-07-06T19:27:31.512605,2026-07-06T19:27:31.524230+00:00,157.6,43,ask,,,9877861
2026-07-06T19:27:32.869823,2026-07-06T19:27:32.879575+00:00,157.7,8,ask,,,9877889
2026-07-06T19:27:32.869823,2026-07-06T19:27:32.879575+00:00,157.6,42,ask,,,9877890
2026-07-06T19:27:33.145266,2026-07-06T19:27:33.163681+00:00,157.7,8,ask,,,9877897
2026-07-06T19:27:33.157348,2026-07-06T19:27:33.163681+00:00,157.7,3,bid,,,9877898
2026-07-06T19:27:33.165064,2026-07-06T19:27:33.174075+00:00,157.7,11,bid,,,9877899
2026-07-06T19:27:33.430591,2026-07-06T19:27:33.437049+00:00,157.7,3,bid,,,9877904
2026-07-06T19:27:33.440620,2026-07-06T19:27:33.468689+00:00,157.7,8,bid,,,9877905
2026-07-06T19:27:34.878305,2026-07-06T19:27:34.891296+00:00,157.7,6,bid,,,9877920
2026-07-06T19:27:34.992259,2026-07-06T19:27:35.003998+00:00,157.5,50,ask,,,9877924
2026-07-06T19:27:37.099434,2026-07-06T19:27:37.111071+00:00,157.5,50,ask,,,9877950
2026-07-06T19:27:39.205797,2026-07-06T19:27:39.213030+00:00,157.5,50,ask,,,9877984
2026-07-06T19:27:41.359591,2026-07-06T19:27:41.368835+00:00,157.8,48,bid,,,9878005
2026-07-06T19:27:45.470340,2026-07-06T19:27:45.482230+00:00,157.9,50,bid,,,9878058
2026-07-06T19:27:46.633225,2026-07-06T19:27:46.658604+00:00,158.0,44,bid,,,9878081
2026-07-06T19:27:47.526232,2026-07-06T19:27:47.564477+00:00,157.5,48,ask,,,9878093
2026-07-06T19:27:53.910481,2026-07-06T19:27:53.922181+00:00,158.0,50,bid,,,9878179
2026-07-06T19:27:56.017285,2026-07-06T19:27:56.063679+00:00,158.0,50,bid,,,9878203
2026-07-06T19:27:56.112684,2026-07-06T19:27:56.163834+00:00,158.0,41,bid,,,9878206
2026-07-06T19:27:57.716473,2026-07-06T19:27:57.727879+00:00,157.7,47,ask,,,9878230
2026-07-06T19:27:58.125576,2026-07-06T19:27:58.128474+00:00,158.0,9,bid,,,9878233
2026-07-06T19:27:58.125576,2026-07-06T19:27:58.128474+00:00,158.2,41,bid,,,9878234
2026-07-06T19:28:00.235480,2026-07-06T19:28:00.263642+00:00,158.2,50,bid,,,9878261
2026-07-06T19:28:01.542827,2026-07-06T19:28:01.554263+00:00,158.4,42,bid,,,9878270
2026-07-06T19:28:01.614082,2026-07-06T19:28:01.624836+00:00,158.0,6,ask,,,9878271
2026-07-06T19:28:02.369672,2026-07-06T19:28:02.381086+00:00,158.4,50,bid,,,9878274
2026-07-06T19:28:06.139728,2026-07-06T19:28:06.159017+00:00,158.3,44,bid,,,9878318
2026-07-06T19:28:06.632749,2026-07-06T19:28:06.644119+00:00,158.0,50,ask,,,9878324
2026-07-06T19:28:07.776794,2026-07-06T19:28:07.788204+00:00,158.3,100,bid,,,9878342
2026-07-06T19:28:07.909695,2026-07-06T19:28:07.921114+00:00,158.7,8,bid,,,9878347
2026-07-06T19:28:07.909695,2026-07-06T19:28:07.921114+00:00,158.8,100,bid,,,9878348
2026-07-06T19:28:07.975218,2026-07-06T19:28:07.984797+00:00,158.8,42,ask,,,9878350
2026-07-06T19:28:12.256576,2026-07-06T19:28:12.263037+00:00,158.3,5,ask,,,9878412
2026-07-06T19:28:12.256576,2026-07-06T19:28:12.263037+00:00,158.2,36,ask,,,9878413
2026-07-06T19:28:12.963200,2026-07-06T19:28:12.967246+00:00,158.2,50,ask,,,9878419
2026-07-06T19:28:14.806852,2026-07-06T19:28:14.818083+00:00,158.1,43,ask,,,9878445
2026-07-06T19:28:14.959552,2026-07-06T19:28:14.967815+00:00,158.4,8,bid,,,9878446
2026-07-06T19:28:15.286047,2026-07-06T19:28:15.297836+00:00,158.4,41,bid,,,9878451
2026-07-06T19:28:17.123221,2026-07-06T19:28:17.132925+00:00,158.4,50,bid,,,9878476
2026-07-06T19:28:17.505960,2026-07-06T19:28:17.516889+00:00,158.2,44,ask,,,9878481
2026-07-06T19:28:18.663673,2026-07-06T19:28:18.675239+00:00,158.5,40,bid,,,9878494
2026-07-06T19:28:19.204707,2026-07-06T19:28:19.206696+00:00,158.2,47,ask,,,9878507
2026-07-06T19:28:19.229334,2026-07-06T19:28:19.228496+00:00,158.5,50,bid,,,9878508
2026-07-06T19:28:20.430404,2026-07-06T19:28:20.441679+00:00,158.5,48,bid,,,9878519
2026-07-06T19:28:20.564192,2026-07-06T19:28:20.574213+00:00,158.5,100,bid,,,9878524
2026-07-06T19:28:21.006847,2026-07-06T19:28:20.994642+00:00,158.6,41,ask,,,9878528
2026-07-06T19:28:21.338986,2026-07-06T19:28:21.363673+00:00,158.7,8,bid,,,9878532
2026-07-06T19:28:21.338986,2026-07-06T19:28:21.363673+00:00,159.1,42,bid,,,9878533
2026-07-06T19:28:23.448411,2026-07-06T19:28:23.475439+00:00,158.9,8,bid,,,9878560
2026-07-06T19:28:23.448411,2026-07-06T19:28:23.475439+00:00,159.1,42,bid,,,9878561
2026-07-06T19:28:23.465516,2026-07-06T19:28:23.475439+00:00,158.6,9,ask,,,9878562
2026-07-06T19:28:24.260388,2026-07-06T19:28:24.266629+00:00,158.7,45,bid,,,9878570
2026-07-06T19:28:25.556078,2026-07-06T19:28:25.567487+00:00,158.7,50,bid,,,9878584
2026-07-06T19:28:27.478271,2026-07-06T19:28:27.486073+00:00,158.4,49,ask,,,9878594
2026-07-06T19:28:28.044339,2026-07-06T19:28:28.055800+00:00,158.6,8,bid,,,9878601
2026-07-06T19:28:28.044339,2026-07-06T19:28:28.055800+00:00,158.6,40,bid,,,9878602
2026-07-06T19:28:29.260273,2026-07-06T19:28:29.271272+00:00,158.4,2,ask,,,9878612
2026-07-06T19:28:29.815981,2026-07-06T19:28:29.827568+00:00,158.4,49,ask,,,9878621
2026-07-06T19:28:29.815981,2026-07-06T19:28:29.827568+00:00,158.2,1,ask,,,9878622
2026-07-06T19:28:30.607428,2026-07-06T19:28:30.616938+00:00,158.1,8,ask,,,9878633
2026-07-06T19:28:30.607428,2026-07-06T19:28:30.616938+00:00,158.1,36,ask,,,9878634
2026-07-06T19:28:31.928259,2026-07-06T19:28:31.958598+00:00,158.1,50,ask,,,9878649
2026-07-06T19:28:33.031459,2026-07-06T19:28:33.068700+00:00,158.4,8,bid,,,9878668
2026-07-06T19:28:33.031459,2026-07-06T19:28:33.068700+00:00,158.5,33,bid,,,9878669
2026-07-06T19:28:34.034132,2026-07-06T19:28:34.045717+00:00,158.2,8,ask,,,9878680
2026-07-06T19:28:34.034132,2026-07-06T19:28:34.045717+00:00,158.0,42,ask,,,9878681
2026-07-06T19:28:34.108169,2026-07-06T19:28:34.119891+00:00,158.0,41,ask,,,9878682
2026-07-06T19:28:36.095763,2026-07-06T19:28:36.158603+00:00,158.5,50,bid,,,9878707
2026-07-06T19:28:36.939162,2026-07-06T19:28:36.963938+00:00,158.2,8,ask,,,9878723
2026-07-06T19:28:36.939162,2026-07-06T19:28:36.963938+00:00,158.1,36,ask,,,9878724
2026-07-06T19:28:38.254748,2026-07-06T19:28:38.266084+00:00,158.1,50,ask,,,9878739
2026-07-06T19:28:40.848457,2026-07-06T19:28:40.863986+00:00,158.4,40,bid,,,9878777
2026-07-06T19:28:42.404958,2026-07-06T19:28:42.411758+00:00,158.4,45,bid,,,9878806
2026-07-06T19:28:42.412822,2026-07-06T19:28:42.463636+00:00,158.4,15,bid,,,9878807
2026-07-06T19:28:42.412822,2026-07-06T19:28:42.463636+00:00,158.4,35,bid,,,9878808
2026-07-06T19:28:42.995661,2026-07-06T19:28:43.007162+00:00,158.2,49,ask,,,9878820
2026-07-06T19:28:43.558448,2026-07-06T19:28:43.570232+00:00,158.5,48,bid,,,9878824
2026-07-06T19:28:44.520267,2026-07-06T19:28:44.530472+00:00,158.5,50,bid,,,9878838
2026-07-06T19:28:45.589525,2026-07-06T19:28:45.577393+00:00,158.2,41,ask,,,9878853
2026-07-06T19:28:46.280893,2026-07-06T19:28:46.363623+00:00,158.3,12,ask,,,9878866
2026-07-06T19:28:46.497452,2026-07-06T19:28:46.478459+00:00,158.4,42,bid,,,9878871
2026-07-06T19:28:46.629795,2026-07-06T19:28:46.668751+00:00,158.4,50,bid,,,9878874
2026-07-06T19:28:47.618207,2026-07-06T19:28:47.669631+00:00,158.3,48,ask,,,9878882
2026-07-06T19:28:48.232043,2026-07-06T19:28:48.263652+00:00,158.3,48,ask,,,9878889
2026-07-06T19:28:48.749417,2026-07-06T19:28:48.765413+00:00,158.4,8,bid,,,9878901
2026-07-06T19:28:48.749417,2026-07-06T19:28:48.765413+00:00,158.4,8,bid,,,9878902
2026-07-06T19:28:48.749417,2026-07-06T19:28:48.765413+00:00,158.8,34,bid,,,9878903
2026-07-06T19:28:49.190940,2026-07-06T19:28:49.202740+00:00,158.3,44,bid,,,9878913
2026-07-06T19:28:50.862064,2026-07-06T19:28:50.870626+00:00,158.3,50,bid,,,9878939
2026-07-06T19:28:51.980452,2026-07-06T19:28:51.986895+00:00,158.3,45,bid,,,9878954
2026-07-06T19:28:52.196642,2026-07-06T19:28:52.202904+00:00,158.5,100,bid,,,9878956
2026-07-06T19:28:52.260065,2026-07-06T19:28:52.271114+00:00,158.5,11,ask,,,9878957
2026-07-06T19:28:52.996636,2026-07-06T19:28:53.003363+00:00,159.0,50,bid,,,9878969
2026-07-06T19:28:54.204022,2026-07-06T19:28:54.215859+00:00,158.5,12,ask,,,9878986
2026-07-06T19:28:54.244184,2026-07-06T19:28:54.268714+00:00,158.5,3,ask,,,9878991
2026-07-06T19:28:54.812801,2026-07-06T19:28:54.823766+00:00,158.5,11,ask,,,9878994
2026-07-06T19:28:55.018337,2026-07-06T19:28:55.030124+00:00,158.5,3,ask,,,9878999
2026-07-06T19:28:55.107935,2026-07-06T19:28:55.119458+00:00,158.7,8,bid,,,9879001
2026-07-06T19:28:55.107935,2026-07-06T19:28:55.119458+00:00,159.0,42,bid,,,9879002
2026-07-06T19:28:55.298402,2026-07-06T19:28:55.308737+00:00,158.5,10,ask,,,9879011
2026-07-06T19:28:55.474248,2026-07-06T19:28:55.483924+00:00,158.2,34,bid,,,9879018
2026-07-06T19:28:56.656052,2026-07-06T19:28:56.664143+00:00,157.7,46,ask,,,9879035
2026-07-06T19:28:57.242336,2026-07-06T19:28:57.263998+00:00,158.1,8,bid,,,9879042
2026-07-06T19:28:57.242336,2026-07-06T19:28:57.263998+00:00,158.2,42,bid,,,9879043
2026-07-06T19:28:59.351802,2026-07-06T19:28:59.364037+00:00,158.3,8,bid,,,9879072
2026-07-06T19:28:59.351802,2026-07-06T19:28:59.364037+00:00,158.4,42,bid,,,9879073
2026-07-06T19:28:59.739954,2026-07-06T19:28:59.746213+00:00,158.4,49,bid,,,9879082
2026-07-06T19:29:01.459488,2026-07-06T19:29:01.469142+00:00,158.4,50,bid,,,9879108
2026-07-06T19:29:01.693124,2026-07-06T19:29:01.704340+00:00,158.4,37,ask,,,9879117
2026-07-06T19:29:01.992445,2026-07-06T19:29:02.058689+00:00,158.4,40,ask,,,9879122
2026-07-06T19:29:02.380661,2026-07-06T19:29:02.378503+00:00,158.4,8,ask,,,9879127
2026-07-06T19:29:03.566319,2026-07-06T19:29:03.575180+00:00,158.5,50,bid,,,9879142
2026-07-06T19:29:03.967010,2026-07-06T19:29:03.978332+00:00,158.4,44,ask,,,9879150
2026-07-06T19:29:04.972730,2026-07-06T19:29:04.993621+00:00,158.0,45,ask,,,9879159
2026-07-06T19:29:05.673115,2026-07-06T19:29:05.684565+00:00,158.2,8,bid,,,9879166
2026-07-06T19:29:05.673115,2026-07-06T19:29:05.684565+00:00,158.3,42,bid,,,9879167
2026-07-06T19:29:07.782780,2026-07-06T19:29:07.794205+00:00,158.3,50,bid,,,9879191
2026-07-06T19:29:09.770121,2026-07-06T19:29:09.781467+00:00,158.4,46,bid,,,9879217
2026-07-06T19:29:09.899098,2026-07-06T19:29:09.909420+00:00,158.4,50,bid,,,9879219
2026-07-06T19:29:10.323833,2026-07-06T19:29:10.335229+00:00,158.2,47,ask,,,9879227
2026-07-06T19:29:11.056190,2026-07-06T19:29:11.058600+00:00,158.3,8,bid,,,9879233
2026-07-06T19:29:11.772765,2026-07-06T19:29:11.779623+00:00,158.4,8,ask,,,9879244
2026-07-06T19:29:12.018720,2026-07-06T19:29:12.030083+00:00,158.6,50,bid,,,9879248
2026-07-06T19:29:12.304099,2026-07-06T19:29:12.315217+00:00,158.4,8,ask,,,9879253
2026-07-06T19:29:13.089649,2026-07-06T19:29:13.158727+00:00,158.4,8,ask,,,9879259
2026-07-06T19:29:13.634733,2026-07-06T19:29:13.658652+00:00,158.4,8,ask,,,9879270
2026-07-06T19:29:14.126067,2026-07-06T19:29:14.132542+00:00,158.5,8,bid,,,9879275
2026-07-06T19:29:14.126067,2026-07-06T19:29:14.132542+00:00,158.6,42,bid,,,9879276
2026-07-06T19:29:14.424877,2026-07-06T19:29:14.436158+00:00,158.7,3,ask,,,9879281
2026-07-06T19:29:14.693696,2026-07-06T19:29:14.705315+00:00,158.7,3,ask,,,9879290
2026-07-06T19:29:16.235292,2026-07-06T19:29:16.258646+00:00,158.8,8,bid,,,9879312
2026-07-06T19:29:16.235292,2026-07-06T19:29:16.258646+00:00,158.9,42,bid,,,9879313
2026-07-06T19:29:17.502534,2026-07-06T19:29:17.558690+00:00,159.1,42,bid,,,9879329
2026-07-06T19:29:18.112864,2026-07-06T19:29:18.114305+00:00,158.7,46,ask,,,9879334
2026-07-06T19:29:18.343356,2026-07-06T19:29:18.338480+00:00,159.1,50,bid,,,9879336
2026-07-06T19:29:18.684589,2026-07-06T19:29:18.696427+00:00,159.1,8,bid,,,9879353
2026-07-06T19:29:18.684589,2026-07-06T19:29:18.696427+00:00,159.2,38,bid,,,9879354
2026-07-06T19:29:19.167520,2026-07-06T19:29:19.179008+00:00,158.7,40,ask,,,9879360
2026-07-06T19:29:20.471730,2026-07-06T19:29:20.483278+00:00,159.2,50,bid,,,9879368
2026-07-06T19:29:20.548507,2026-07-06T19:29:20.564109+00:00,159.2,45,bid,,,9879369
2026-07-06T19:29:22.414371,2026-07-06T19:29:22.426059+00:00,158.7,48,ask,,,9879392
2026-07-06T19:29:22.578382,2026-07-06T19:29:22.589858+00:00,159.2,50,bid,,,9879396
2026-07-06T19:29:23.517961,2026-07-06T19:29:23.529344+00:00,158.7,46,ask,,,9879408
2026-07-06T19:29:24.686584,2026-07-06T19:29:24.698288+00:00,159.1,50,bid,,,9879430
2026-07-06T19:29:26.799493,2026-07-06T19:29:26.811166+00:00,159.1,50,bid,,,9879450
2026-07-06T19:29:26.894444,2026-07-06T19:29:26.908691+00:00,159.0,3,ask,,,9879451
2026-07-06T19:29:26.951664,2026-07-06T19:29:26.960782+00:00,159.0,11,ask,,,9879455
2026-07-06T19:29:28.779410,2026-07-06T19:29:28.788804+00:00,159.0,12,ask,,,9879473
2026-07-06T19:29:28.905820,2026-07-06T19:29:28.912768+00:00,159.4,50,bid,,,9879476
2026-07-06T19:29:31.013267,2026-07-06T19:29:31.064109+00:00,159.4,50,bid,,,9879500
2026-07-06T19:29:35.275986,2026-07-06T19:29:35.285710+00:00,159.1,50,ask,,,9879541
2026-07-06T19:29:37.383259,2026-07-06T19:29:37.394930+00:00,159.0,50,ask,,,9879559
2026-07-06T19:29:39.489802,2026-07-06T19:29:39.495991+00:00,159.0,50,ask,,,9879592
2026-07-06T19:29:39.593707,2026-07-06T19:29:39.597505+00:00,159.5,41,bid,,,9879599
2026-07-06T19:29:41.595351,2026-07-06T19:29:41.607009+00:00,159.0,50,ask,,,9879625
2026-07-06T19:29:41.936896,2026-07-06T19:29:41.963690+00:00,159.0,42,ask,,,9879629
2026-07-06T19:29:42.928685,2026-07-06T19:29:42.963698+00:00,158.8,42,bid,,,9879642
2026-07-06T19:29:43.702373,2026-07-06T19:29:43.759094+00:00,158.5,50,ask,,,9879646
2026-07-06T19:29:44.682524,2026-07-06T19:29:44.758548+00:00,158.8,41,bid,,,9879659
2026-07-06T19:29:45.808905,2026-07-06T19:29:45.817867+00:00,158.3,50,ask,,,9879671
2026-07-06T19:29:45.826551,2026-07-06T19:29:45.838062+00:00,158.3,49,ask,,,9879672
2026-07-06T19:29:47.916703,2026-07-06T19:29:47.926355+00:00,158.1,50,ask,,,9879703
2026-07-06T19:29:48.516563,2026-07-06T19:29:48.527948+00:00,158.6,48,bid,,,9879707
2026-07-06T19:29:49.139769,2026-07-06T19:29:49.164105+00:00,158.5,46,bid,,,9879726
2026-07-06T19:29:50.025093,2026-07-06T19:29:50.031692+00:00,158.0,50,ask,,,9879736
2026-07-06T19:29:52.134215,2026-07-06T19:29:52.141211+00:00,158.0,50,ask,,,9879765
2026-07-06T19:29:52.359699,2026-07-06T19:29:52.368056+00:00,158.1,12,bid,,,9879766
2026-07-06T19:29:52.587879,2026-07-06T19:29:52.599234+00:00,157.8,47,ask,,,9879771
2026-07-06T19:29:53.008843,2026-07-06T19:29:53.018626+00:00,158.1,11,bid,,,9879775
2026-07-06T19:29:53.148075,2026-07-06T19:29:53.158542+00:00,158.1,47,bid,,,9879777
2026-07-06T19:29:54.240244,2026-07-06T19:29:54.246598+00:00,157.8,4,ask,,,9879794
2026-07-06T19:29:54.240244,2026-07-06T19:29:54.246598+00:00,157.6,46,ask,,,9879795
2026-07-06T19:29:54.374879,2026-07-06T19:29:54.382646+00:00,158.1,44,bid,,,9879798
2026-07-06T19:29:55.614169,2026-07-06T19:29:55.625628+00:00,157.9,48,ask,,,9879814
2026-07-06T19:29:56.349277,2026-07-06T19:29:56.363717+00:00,157.9,50,ask,,,9879826
2026-07-06T19:29:58.390652,2026-07-06T19:29:58.399979+00:00,157.9,43,ask,,,9879855
2026-07-06T19:29:58.456786,2026-07-06T19:29:58.463677+00:00,157.9,9,ask,,,9879858
2026-07-06T19:29:58.456786,2026-07-06T19:29:58.468875+00:00,157.6,41,ask,,,9879859
2026-07-06T19:29:58.586966,2026-07-06T19:29:58.596147+00:00,158.0,3,bid,,,9879860
2026-07-06T19:29:59.642862,2026-07-06T19:29:59.658596+00:00,157.8,43,bid,,,9879877
2026-07-06T19:30:00.566866,2026-07-06T19:30:00.578255+00:00,157.5,50,ask,,,9879887
2026-07-06T19:30:02.673009,2026-07-06T19:30:02.685242+00:00,157.5,8,ask,,,9879912
2026-07-06T19:30:02.673009,2026-07-06T19:30:02.685242+00:00,157.4,42,ask,,,9879913
2026-07-06T19:30:03.226351,2026-07-06T19:30:03.235320+00:00,157.7,41,bid,,,9879921
2026-07-06T19:30:03.764604,2026-07-06T19:30:03.771187+00:00,157.7,49,bid,,,9879928
2026-07-06T19:30:04.246649,2026-07-06T19:30:04.264008+00:00,157.4,48,ask,,,9879934
2026-07-06T19:30:04.782423,2026-07-06T19:30:04.794166+00:00,157.4,50,ask,,,9879941
2026-07-06T19:30:04.991595,2026-07-06T19:30:05.000940+00:00,157.4,100,ask,,,9879943
2026-07-06T19:30:05.007133,2026-07-06T19:30:05.016072+00:00,157.2,14,bid,,,9879945
2026-07-06T19:30:07.509185,2026-07-06T19:30:07.525720+00:00,157.2,12,bid,,,9879987
2026-07-06T19:30:08.494029,2026-07-06T19:30:08.505410+00:00,157.1,8,ask,,,9880001
2026-07-06T19:30:08.494029,2026-07-06T19:30:08.505410+00:00,157.0,37,ask,,,9880002
2026-07-06T19:30:08.965739,2026-07-06T19:30:08.968433+00:00,157.3,50,bid,,,9880008
2026-07-06T19:30:10.507568,2026-07-06T19:30:10.516528+00:00,157.3,45,bid,,,9880033
2026-07-06T19:30:10.987705,2026-07-06T19:30:10.994952+00:00,157.3,5,bid,,,9880038
2026-07-06T19:30:10.987705,2026-07-06T19:30:11.000573+00:00,157.5,37,bid,,,9880039
2026-07-06T19:30:13.230341,2026-07-06T19:30:13.242154+00:00,157.3,50,ask,,,9880065
2026-07-06T19:30:15.336956,2026-07-06T19:30:15.343865+00:00,157.3,8,ask,,,9880096
2026-07-06T19:30:15.336956,2026-07-06T19:30:15.358715+00:00,157.2,42,ask,,,9880097
2026-07-06T19:30:17.196381,2026-07-06T19:30:17.205804+00:00,157.3,8,ask,,,9880125
2026-07-06T19:30:17.214461,2026-07-06T19:30:17.221074+00:00,157.2,46,ask,,,9880127
2026-07-06T19:30:17.446688,2026-07-06T19:30:17.458902+00:00,157.2,50,ask,,,9880130
2026-07-06T19:30:17.657938,2026-07-06T19:30:17.683829+00:00,157.0,100,ask,,,9880131
2026-07-06T19:30:17.672019,2026-07-06T19:30:17.683829+00:00,157.0,19,bid,,,9880133
2026-07-06T19:30:19.575656,2026-07-06T19:30:19.584682+00:00,156.8,8,ask,,,9880160
2026-07-06T19:30:19.575656,2026-07-06T19:30:19.584682+00:00,156.5,42,ask,,,9880161
2026-07-06T19:30:21.454388,2026-07-06T19:30:21.450177+00:00,157.0,44,bid,,,9880188
2026-07-06T19:30:21.633722,2026-07-06T19:30:21.645232+00:00,157.0,50,bid,,,9880196
2026-07-06T19:30:22.035254,2026-07-06T19:30:22.064164+00:00,156.7,8,ask,,,9880203
2026-07-06T19:30:22.035254,2026-07-06T19:30:22.064164+00:00,156.6,36,ask,,,9880204
2026-07-06T19:30:23.034966,2026-07-06T19:30:23.063681+00:00,157.0,6,bid,,,9880222
2026-07-06T19:30:23.034966,2026-07-06T19:30:23.063681+00:00,157.1,40,bid,,,9880223
2026-07-06T19:30:25.704989,2026-07-06T19:30:25.714484+00:00,156.9,8,ask,,,9880253
2026-07-06T19:30:27.284673,2026-07-06T19:30:27.294278+00:00,156.8,15,ask,,,9880285
2026-07-06T19:30:28.025924,2026-07-06T19:30:28.037723+00:00,156.8,50,ask,,,9880293
2026-07-06T19:30:28.619474,2026-07-06T19:30:28.631393+00:00,156.8,35,ask,,,9880307
2026-07-06T19:30:28.619474,2026-07-06T19:30:28.631393+00:00,156.8,8,ask,,,9880308
2026-07-06T19:30:28.619474,2026-07-06T19:30:28.631393+00:00,156.6,2,ask,,,9880309
2026-07-06T19:30:30.135217,2026-07-06T19:30:30.147046+00:00,156.6,50,ask,,,9880329
2026-07-06T19:30:32.242803,2026-07-06T19:30:32.263714+00:00,156.5,8,ask,,,9880361
2026-07-06T19:30:32.242803,2026-07-06T19:30:32.263714+00:00,156.4,42,ask,,,9880362
2026-07-06T19:30:33.865192,2026-07-06T19:30:33.876088+00:00,156.6,12,bid,,,9880388
2026-07-06T19:30:34.351366,2026-07-06T19:30:34.363678+00:00,156.5,8,ask,,,9880392
2026-07-06T19:30:34.351366,2026-07-06T19:30:34.363678+00:00,156.1,42,ask,,,9880393
2026-07-06T19:30:34.826984,2026-07-06T19:30:34.833472+00:00,156.6,40,bid,,,9880406
2026-07-06T19:30:35.173927,2026-07-06T19:30:35.181795+00:00,156.6,11,bid,,,9880412
2026-07-06T19:30:36.459912,2026-07-06T19:30:36.471518+00:00,156.3,8,ask,,,9880431
2026-07-06T19:30:36.459912,2026-07-06T19:30:36.471518+00:00,156.1,42,ask,,,9880432
2026-07-06T19:30:36.711061,2026-07-06T19:30:36.719884+00:00,156.3,12,bid,,,9880436
2026-07-06T19:30:36.916754,2026-07-06T19:30:36.928195+00:00,156.3,49,bid,,,9880439
2026-07-06T19:30:38.568552,2026-07-06T19:30:38.579902+00:00,156.2,8,ask,,,9880463
2026-07-06T19:30:38.568552,2026-07-06T19:30:38.579902+00:00,156.1,42,ask,,,9880464
2026-07-06T19:30:38.596124,2026-07-06T19:30:38.607923+00:00,156.3,47,bid,,,9880465
2026-07-06T19:30:39.811559,2026-07-06T19:30:39.823044+00:00,156.2,100,bid,,,9880475
2026-07-06T19:30:40.567919,2026-07-06T19:30:40.574253+00:00,156.3,8,ask,,,9880486
2026-07-06T19:30:40.567919,2026-07-06T19:30:40.574253+00:00,156.2,35,ask,,,9880487
2026-07-06T19:30:40.676058,2026-07-06T19:30:40.682585+00:00,156.2,15,ask,,,9880488
2026-07-06T19:30:41.704933,2026-07-06T19:30:41.763665+00:00,155.8,8,ask,,,9880497
2026-07-06T19:30:43.027340,2026-07-06T19:30:43.038487+00:00,156.2,8,ask,,,9880513
2026-07-06T19:30:43.027340,2026-07-06T19:30:43.038487+00:00,156.1,100,ask,,,9880514
2026-07-06T19:30:43.060297,2026-07-06T19:30:43.071224+00:00,156.1,11,bid,,,9880516
2026-07-06T19:30:43.072374,2026-07-06T19:30:43.081889+00:00,156.1,23,bid,,,9880518
2026-07-06T19:30:44.834275,2026-07-06T19:30:44.863669+00:00,156.1,8,bid,,,9880546
2026-07-06T19:30:46.139825,2026-07-06T19:30:46.163690+00:00,156.1,100,bid,,,9880558
2026-07-06T19:30:46.164995,2026-07-06T19:30:46.175379+00:00,156.1,12,ask,,,9880559
2026-07-06T19:30:46.310133,2026-07-06T19:30:46.319064+00:00,156.2,3,ask,,,9880561
2026-07-06T19:30:46.940049,2026-07-06T19:30:46.964113+00:00,156.6,50,bid,,,9880574
2026-07-06T19:30:48.106229,2026-07-06T19:30:48.158703+00:00,156.1,38,ask,,,9880589
2026-07-06T19:30:49.051831,2026-07-06T19:30:49.059276+00:00,156.6,50,bid,,,9880601
2026-07-06T19:30:50.677857,2026-07-06T19:30:50.689284+00:00,156.2,43,bid,,,9880623
2026-07-06T19:30:51.158891,2026-07-06T19:30:51.169292+00:00,156.2,50,bid,,,9880628
2026-07-06T19:30:51.741486,2026-07-06T19:30:51.747783+00:00,155.8,47,ask,,,9880641
2026-07-06T19:30:52.464314,2026-07-06T19:30:52.475840+00:00,156.4,100,bid,,,9880653
2026-07-06T19:30:52.477135,2026-07-06T19:30:52.486801+00:00,156.4,19,ask,,,9880654
2026-07-06T19:30:52.808503,2026-07-06T19:30:52.816551+00:00,156.7,8,bid,,,9880658
2026-07-06T19:30:52.808503,2026-07-06T19:30:52.821563+00:00,156.9,34,bid,,,9880659
2026-07-06T19:30:53.270834,2026-07-06T19:30:53.281758+00:00,156.9,50,bid,,,9880666
2026-07-06T19:30:53.559519,2026-07-06T19:30:53.568889+00:00,156.4,12,ask,,,9880674
2026-07-06T19:30:55.377224,2026-07-06T19:30:55.388725+00:00,156.9,50,bid,,,9880700
2026-07-06T19:30:56.914100,2026-07-06T19:30:56.924740+00:00,156.8,49,bid,,,9880725
2026-07-06T19:30:57.485643,2026-07-06T19:30:57.492702+00:00,156.8,50,bid,,,9880730
2026-07-06T19:30:58.804656,2026-07-06T19:30:58.813082+00:00,156.7,11,ask,,,9880752
2026-07-06T19:30:59.592498,2026-07-06T19:30:59.604319+00:00,156.9,8,bid,,,9880767
2026-07-06T19:30:59.592498,2026-07-06T19:30:59.604319+00:00,157.1,42,bid,,,9880768
2026-07-06T19:31:00.040570,2026-07-06T19:31:00.063690+00:00,156.7,47,ask,,,9880772
2026-07-06T19:31:00.790925,2026-07-06T19:31:00.799003+00:00,156.7,12,ask,,,9880781
2026-07-06T19:31:01.433663,2026-07-06T19:31:01.443135+00:00,156.7,14,ask,,,9880795
2026-07-06T19:31:01.699401,2026-07-06T19:31:01.711161+00:00,157.1,50,bid,,,9880798
2026-07-06T19:31:01.848336,2026-07-06T19:31:01.858621+00:00,156.6,100,ask,,,9880799
2026-07-06T19:31:02.059231,2026-07-06T19:31:02.070786+00:00,156.5,8,ask,,,9880802
2026-07-06T19:31:02.059231,2026-07-06T19:31:02.070786+00:00,156.1,38,ask,,,9880803
2026-07-06T19:31:04.414600,2026-07-06T19:31:04.423534+00:00,156.6,3,bid,,,9880827
2026-07-06T19:31:04.650206,2026-07-06T19:31:04.663685+00:00,156.6,45,bid,,,9880829
2026-07-06T19:31:04.957933,2026-07-06T19:31:04.969674+00:00,156.6,100,bid,,,9880837
2026-07-06T19:31:05.130486,2026-07-06T19:31:05.137425+00:00,156.7,8,bid,,,9880840
2026-07-06T19:31:05.137951,2026-07-06T19:31:05.148016+00:00,156.8,45,ask,,,9880841
2026-07-06T19:31:06.057171,2026-07-06T19:31:06.065194+00:00,156.9,8,bid,,,9880857
2026-07-06T19:31:06.057171,2026-07-06T19:31:06.070212+00:00,157.1,33,bid,,,9880858
2026-07-06T19:31:07.183237,2026-07-06T19:31:07.263684+00:00,156.8,48,ask,,,9880869
2026-07-06T19:31:08.020209,2026-07-06T19:31:08.030438+00:00,157.0,8,bid,,,9880884
2026-07-06T19:31:08.020209,2026-07-06T19:31:08.030438+00:00,157.1,42,bid,,,9880885
2026-07-06T19:31:08.174146,2026-07-06T19:31:08.185818+00:00,157.3,47,bid,,,9880888
2026-07-06T19:31:09.080067,2026-07-06T19:31:09.091823+00:00,156.7,42,ask,,,9880902
2026-07-06T19:31:12.284431,2026-07-06T19:31:12.296034+00:00,156.5,8,ask,,,9880946
2026-07-06T19:31:12.284431,2026-07-06T19:31:12.296034+00:00,156.5,42,ask,,,9880947
2026-07-06T19:31:12.765369,2026-07-06T19:31:12.771711+00:00,156.9,8,bid,,,9880955
2026-07-06T19:31:12.765369,2026-07-06T19:31:12.771711+00:00,157.0,33,bid,,,9880956
2026-07-06T19:31:14.340070,2026-07-06T19:31:14.363721+00:00,157.0,50,bid,,,9880969
2026-07-06T19:31:16.447923,2026-07-06T19:31:16.454254+00:00,156.7,50,bid,,,9880994
2026-07-06T19:31:17.137724,2026-07-06T19:31:17.150328+00:00,156.5,3,ask,,,9881008
2026-07-06T19:31:18.560202,2026-07-06T19:31:18.568923+00:00,156.6,8,bid,,,9881029
2026-07-06T19:31:18.560202,2026-07-06T19:31:18.568923+00:00,156.6,42,bid,,,9881030
2026-07-06T19:31:19.813704,2026-07-06T19:31:19.824932+00:00,156.3,8,ask,,,9881044
2026-07-06T19:31:19.813704,2026-07-06T19:31:19.824932+00:00,156.1,39,ask,,,9881045
2026-07-06T19:31:20.338004,2026-07-06T19:31:20.363699+00:00,156.6,48,bid,,,9881054
2026-07-06T19:31:20.393981,2026-07-06T19:31:20.405868+00:00,156.1,42,ask,,,9881055
2026-07-06T19:31:20.669595,2026-07-06T19:31:20.676591+00:00,156.6,10,bid,,,9881058
2026-07-06T19:31:20.669595,2026-07-06T19:31:20.681803+00:00,156.6,40,bid,,,9881059
2026-07-06T19:31:20.905645,2026-07-06T19:31:20.916999+00:00,156.3,43,ask,,,9881067
2026-07-06T19:31:22.785718,2026-07-06T19:31:22.797569+00:00,156.5,8,bid,,,9881092
2026-07-06T19:31:22.785718,2026-07-06T19:31:22.797569+00:00,156.8,42,bid,,,9881093
2026-07-06T19:31:24.895494,2026-07-06T19:31:24.906962+00:00,156.7,8,bid,,,9881130
2026-07-06T19:31:24.895494,2026-07-06T19:31:24.906962+00:00,156.8,42,bid,,,9881131
2026-07-06T19:31:27.023469,2026-07-06T19:31:27.034992+00:00,156.7,8,bid,,,9881156
2026-07-06T19:31:27.023469,2026-07-06T19:31:27.034992+00:00,156.8,42,bid,,,9881157
2026-07-06T19:31:27.766419,2026-07-06T19:31:27.778232+00:00,156.6,42,ask,,,9881165
2026-07-06T19:31:28.867466,2026-07-06T19:31:28.877028+00:00,156.9,8,bid,,,9881183
2026-07-06T19:31:28.867466,2026-07-06T19:31:28.877028+00:00,156.9,36,bid,,,9881184
2026-07-06T19:31:29.131559,2026-07-06T19:31:29.158639+00:00,156.8,8,bid,,,9881188
2026-07-06T19:31:29.131559,2026-07-06T19:31:29.158639+00:00,156.9,42,bid,,,9881189
2026-07-06T19:31:31.322960,2026-07-06T19:31:31.334345+00:00,156.5,50,ask,,,9881223
2026-07-06T19:31:32.870130,2026-07-06T19:31:32.880158+00:00,156.5,14,ask,,,9881236
2026-07-06T19:31:33.275633,2026-07-06T19:31:33.284378+00:00,156.6,8,bid,,,9881242
2026-07-06T19:31:33.434502,2026-07-06T19:31:33.464341+00:00,156.5,50,ask,,,9881247
2026-07-06T19:31:33.485455,2026-07-06T19:31:33.493978+00:00,156.5,36,ask,,,9881249
2026-07-06T19:31:33.668397,2026-07-06T19:31:33.690355+00:00,156.2,11,bid,,,9881259
2026-07-06T19:31:33.841735,2026-07-06T19:31:33.858603+00:00,156.2,42,bid,,,9881266
2026-07-06T19:31:35.271192,2026-07-06T19:31:35.279770+00:00,156.2,3,bid,,,9881279
2026-07-06T19:31:35.453565,2026-07-06T19:31:35.463656+00:00,156.0,43,ask,,,9881282
2026-07-06T19:31:35.542661,2026-07-06T19:31:35.554090+00:00,156.0,50,ask,,,9881283
2026-07-06T19:31:37.308637,2026-07-06T19:31:37.320184+00:00,156.1,8,ask,,,9881312
2026-07-06T19:31:39.458825,2026-07-06T19:31:39.559243+00:00,156.4,44,bid,,,9881342
2026-07-06T19:31:39.702598,2026-07-06T19:31:39.759471+00:00,156.4,50,bid,,,9881347
2026-07-06T19:31:40.094151,2026-07-06T19:31:40.263616+00:00,156.3,40,ask,,,9881351
2026-07-06T19:31:41.097183,2026-07-06T19:31:41.163706+00:00,156.5,8,bid,,,9881364
2026-07-06T19:31:41.097183,2026-07-06T19:31:41.163706+00:00,156.7,40,bid,,,9881365
2026-07-06T19:31:41.817281,2026-07-06T19:31:41.864097+00:00,156.6,8,bid,,,9881370
2026-07-06T19:31:41.817281,2026-07-06T19:31:41.864097+00:00,156.7,42,bid,,,9881371
2026-07-06T19:31:42.165522,2026-07-06T19:31:42.176974+00:00,156.3,41,ask,,,9881379
2026-07-06T19:31:43.253345,2026-07-06T19:31:43.363564+00:00,156.6,45,bid,,,9881391
2026-07-06T19:31:43.366431,2026-07-06T19:31:43.464602+00:00,156.5,3,ask,,,9881393
2026-07-06T19:31:43.976722,2026-07-06T19:31:43.988131+00:00,156.5,50,ask,,,9881398
2026-07-06T19:31:44.394482,2026-07-06T19:31:44.464261+00:00,156.5,47,ask,,,9881405
2026-07-06T19:31:44.649007,2026-07-06T19:31:44.659866+00:00,156.5,8,ask,,,9881408
2026-07-06T19:31:44.975200,2026-07-06T19:31:45.065008+00:00,156.6,45,bid,,,9881416
2026-07-06T19:31:45.570714,2026-07-06T19:31:45.659826+00:00,156.6,3,bid,,,9881426
2026-07-06T19:31:46.083427,2026-07-06T19:31:46.163702+00:00,156.5,42,ask,,,9881429
2026-07-06T19:31:46.083427,2026-07-06T19:31:46.163702+00:00,156.5,8,ask,,,9881430
2026-07-06T19:31:46.557485,2026-07-06T19:31:46.569546+00:00,156.6,48,ask,,,9881437
2026-07-06T19:31:47.653486,2026-07-06T19:31:47.664256+00:00,156.6,44,ask,,,9881453
2026-07-06T19:31:48.192251,2026-07-06T19:31:48.204303+00:00,156.6,8,ask,,,9881460
2026-07-06T19:31:48.192251,2026-07-06T19:31:48.204303+00:00,156.2,42,ask,,,9881461
2026-07-06T19:31:49.550945,2026-07-06T19:31:49.563658+00:00,156.6,46,bid,,,9881473
2026-07-06T19:31:50.305231,2026-07-06T19:31:50.314375+00:00,156.5,8,ask,,,9881483
2026-07-06T19:31:50.305231,2026-07-06T19:31:50.314375+00:00,156.4,42,ask,,,9881484
2026-07-06T19:31:52.413563,2026-07-06T19:31:52.458671+00:00,156.1,50,ask,,,9881525
2026-07-06T19:31:54.521747,2026-07-06T19:31:54.569153+00:00,156.3,8,ask,,,9881546
2026-07-06T19:31:54.521747,2026-07-06T19:31:54.569153+00:00,156.2,42,ask,,,9881547
2026-07-06T19:31:54.754354,2026-07-06T19:31:54.715942+00:00,156.5,49,bid,,,9881556
2026-07-06T19:31:55.240440,2026-07-06T19:31:55.263722+00:00,156.2,47,ask,,,9881563
2026-07-06T19:31:56.470610,2026-07-06T19:31:56.481337+00:00,156.3,3,bid,,,9881576
2026-07-06T19:31:56.631424,2026-07-06T19:31:56.664037+00:00,156.2,8,ask,,,9881578
2026-07-06T19:31:56.631424,2026-07-06T19:31:56.664037+00:00,156.0,42,ask,,,9881579
2026-07-06T19:31:56.647228,2026-07-06T19:31:56.664037+00:00,156.3,47,bid,,,9881580
2026-07-06T19:31:57.878814,2026-07-06T19:31:57.880421+00:00,156.2,8,ask,,,9881593
2026-07-06T19:31:57.878814,2026-07-06T19:31:57.886439+00:00,156.0,39,ask,,,9881594
2026-07-06T19:31:58.436915,2026-07-06T19:31:58.464091+00:00,156.3,49,bid,,,9881602
2026-07-06T19:31:58.689478,2026-07-06T19:31:58.697572+00:00,156.3,1,bid,,,9881609
2026-07-06T19:31:58.689478,2026-07-06T19:31:58.697572+00:00,156.5,49,bid,,,9881610
2026-07-06T19:31:59.119056,2026-07-06T19:31:59.126606+00:00,156.2,8,ask,,,9881615
2026-07-06T19:31:59.119056,2026-07-06T19:31:59.128504+00:00,156.2,36,ask,,,9881616
2026-07-06T19:32:00.797350,2026-07-06T19:32:00.864057+00:00,156.5,50,bid,,,9881635
2026-07-06T19:32:01.773846,2026-07-06T19:32:01.783554+00:00,156.5,11,bid,,,9881654
2026-07-06T19:32:01.952524,2026-07-06T19:32:01.969580+00:00,156.5,8,bid,,,9881659
2026-07-06T19:32:02.305919,2026-07-06T19:32:02.317496+00:00,156.8,8,bid,,,9881663
2026-07-06T19:32:02.305919,2026-07-06T19:32:02.317496+00:00,156.9,40,bid,,,9881664
2026-07-06T19:32:02.956451,2026-07-06T19:32:02.968613+00:00,156.6,50,ask,,,9881672
2026-07-06T19:32:02.974496,2026-07-06T19:32:02.985990+00:00,156.6,42,ask,,,9881673
2026-07-06T19:32:04.315889,2026-07-06T19:32:04.326748+00:00,156.6,11,ask,,,9881692
2026-07-06T19:32:04.892427,2026-07-06T19:32:04.898667+00:00,156.9,47,bid,,,9881699
2026-07-06T19:32:05.013597,2026-07-06T19:32:05.063678+00:00,156.9,13,bid,,,9881702
2026-07-06T19:32:05.278572,2026-07-06T19:32:05.290158+00:00,156.7,100,ask,,,9881709
2026-07-06T19:32:08.420655,2026-07-06T19:32:08.463682+00:00,156.6,40,ask,,,9881754
2026-07-06T19:32:09.223263,2026-07-06T19:32:09.225313+00:00,156.8,8,bid,,,9881765
2026-07-06T19:32:09.223263,2026-07-06T19:32:09.225313+00:00,156.9,42,bid,,,9881766
2026-07-06T19:32:09.986549,2026-07-06T19:32:09.998453+00:00,156.6,44,ask,,,9881775
2026-07-06T19:32:12.069727,2026-07-06T19:32:12.081172+00:00,156.6,46,bid,,,9881807
2026-07-06T19:32:13.485999,2026-07-06T19:32:13.494166+00:00,156.4,8,ask,,,9881829
2026-07-06T19:32:14.181420,2026-07-06T19:32:14.193358+00:00,156.6,45,bid,,,9881836
2026-07-06T19:32:15.591822,2026-07-06T19:32:15.603533+00:00,156.3,50,ask,,,9881852
2026-07-06T19:32:17.653358,2026-07-06T19:32:17.664507+00:00,156.7,50,bid,,,9881869
2026-07-06T19:32:19.758142,2026-07-06T19:32:19.768945+00:00,156.8,8,bid,,,9881891
2026-07-06T19:32:19.758142,2026-07-06T19:32:19.768945+00:00,156.9,42,bid,,,9881892
2026-07-06T19:32:21.890407,2026-07-06T19:32:21.905770+00:00,157.0,50,bid,,,9881921
2026-07-06T19:32:22.719243,2026-07-06T19:32:22.727731+00:00,156.5,3,ask,,,9881936
2026-07-06T19:32:24.002163,2026-07-06T19:32:24.011736+00:00,156.9,8,bid,,,9881959
2026-07-06T19:32:24.002163,2026-07-06T19:32:24.011736+00:00,157.0,42,bid,,,9881960
2026-07-06T19:32:24.441110,2026-07-06T19:32:24.463682+00:00,156.5,40,ask,,,9881964
2026-07-06T19:32:25.522378,2026-07-06T19:32:25.521993+00:00,156.5,48,ask,,,9881975
2026-07-06T19:32:26.119938,2026-07-06T19:32:26.129691+00:00,156.8,8,bid,,,9881979
2026-07-06T19:32:26.119938,2026-07-06T19:32:26.129691+00:00,156.9,42,bid,,,9881980
2026-07-06T19:32:26.660959,2026-07-06T19:32:26.668980+00:00,156.9,41,bid,,,9881990
2026-07-06T19:32:26.723479,2026-07-06T19:32:26.769126+00:00,156.5,12,ask,,,9881992
2026-07-06T19:32:27.381095,2026-07-06T19:32:27.390117+00:00,156.5,100,bid,,,9882004
2026-07-06T19:32:27.754350,2026-07-06T19:32:27.763681+00:00,156.9,8,bid,,,9882009
2026-07-06T19:32:28.228285,2026-07-06T19:32:28.264116+00:00,157.0,8,bid,,,9882013
2026-07-06T19:32:28.228285,2026-07-06T19:32:28.264116+00:00,157.1,42,bid,,,9882014
2026-07-06T19:32:30.339383,2026-07-06T19:32:30.363870+00:00,157.1,50,bid,,,9882036
2026-07-06T19:32:30.570094,2026-07-06T19:32:30.579336+00:00,156.7,3,ask,,,9882040
2026-07-06T19:32:30.822949,2026-07-06T19:32:30.863629+00:00,156.8,8,bid,,,9882043
2026-07-06T19:32:31.880437,2026-07-06T19:32:31.889771+00:00,156.7,11,ask,,,9882058
2026-07-06T19:32:32.445767,2026-07-06T19:32:32.469146+00:00,156.8,8,bid,,,9882062
2026-07-06T19:32:32.445767,2026-07-06T19:32:32.469146+00:00,156.9,42,bid,,,9882063
2026-07-06T19:32:34.536157,2026-07-06T19:32:34.563677+00:00,156.8,8,bid,,,9882086
2026-07-06T19:32:34.602444,2026-07-06T19:32:34.613930+00:00,156.6,45,ask,,,9882089
2026-07-06T19:32:36.716938,2026-07-06T19:32:36.728287+00:00,156.6,50,ask,,,9882114
2026-07-06T19:32:36.724536,2026-07-06T19:32:36.728287+00:00,156.6,48,ask,,,9882115
2026-07-06T19:32:36.940605,2026-07-06T19:32:36.958626+00:00,156.5,100,ask,,,9882117
2026-07-06T19:32:36.970012,2026-07-06T19:32:36.979537+00:00,156.5,14,bid,,,9882119
2026-07-06T19:32:37.798647,2026-07-06T19:32:37.802349+00:00,156.5,36,bid,,,9882128
2026-07-06T19:32:37.798647,2026-07-06T19:32:37.802349+00:00,156.6,6,bid,,,9882129
2026-07-06T19:32:38.784300,2026-07-06T19:32:38.792144+00:00,156.6,2,bid,,,9882144
2026-07-06T19:32:38.784300,2026-07-06T19:32:38.797368+00:00,157.0,41,bid,,,9882145
2026-07-06T19:32:38.828498,2026-07-06T19:32:38.837512+00:00,156.3,8,ask,,,9882146
2026-07-06T19:32:38.828498,2026-07-06T19:32:38.837512+00:00,156.0,42,ask,,,9882147
2026-07-06T19:32:39.432033,2026-07-06T19:32:39.464165+00:00,156.2,8,ask,,,9882159
2026-07-06T19:32:39.432033,2026-07-06T19:32:39.464165+00:00,156.0,34,ask,,,9882160
2026-07-06T19:32:40.068357,2026-07-06T19:32:40.079872+00:00,156.7,8,bid,,,9882168
2026-07-06T19:32:40.068357,2026-07-06T19:32:40.079872+00:00,156.7,39,bid,,,9882169
2026-07-06T19:32:40.935826,2026-07-06T19:32:40.947286+00:00,156.2,50,ask,,,9882185
2026-07-06T19:32:41.363172,2026-07-06T19:32:41.374856+00:00,156.2,40,ask,,,9882190
2026-07-06T19:32:43.079103,2026-07-06T19:32:43.089889+00:00,156.2,8,ask,,,9882210
2026-07-06T19:32:43.079103,2026-07-06T19:32:43.089889+00:00,156.1,42,ask,,,9882211
2026-07-06T19:32:45.189493,2026-07-06T19:32:45.200962+00:00,156.2,8,ask,,,9882239
2026-07-06T19:32:45.189493,2026-07-06T19:32:45.200962+00:00,156.1,42,ask,,,9882240
2026-07-06T19:32:47.320215,2026-07-06T19:32:47.358593+00:00,156.1,8,ask,,,9882268
2026-07-06T19:32:47.320215,2026-07-06T19:32:47.358593+00:00,156.0,42,ask,,,9882269
2026-07-06T19:32:49.427877,2026-07-06T19:32:49.458854+00:00,156.0,50,ask,,,9882307
2026-07-06T19:32:51.006644,2026-07-06T19:32:51.018375+00:00,156.3,48,bid,,,9882319
2026-07-06T19:32:51.537864,2026-07-06T19:32:51.563638+00:00,156.0,8,ask,,,9882326
2026-07-06T19:32:51.537864,2026-07-06T19:32:51.563638+00:00,155.8,42,ask,,,9882327
2026-07-06T19:32:53.507170,2026-07-06T19:32:53.513465+00:00,156.2,45,bid,,,9882355
2026-07-06T19:32:53.646647,2026-07-06T19:32:53.663672+00:00,155.8,50,ask,,,9882356
2026-07-06T19:32:55.274521,2026-07-06T19:32:55.280839+00:00,155.8,40,ask,,,9882380
2026-07-06T19:32:55.731726,2026-07-06T19:32:55.795378+00:00,155.8,8,ask,,,9882383
2026-07-06T19:32:55.785752,2026-07-06T19:32:55.795378+00:00,155.8,3,bid,,,9882385
2026-07-06T19:32:56.352375,2026-07-06T19:32:56.363669+00:00,155.7,47,ask,,,9882388
2026-07-06T19:32:56.790347,2026-07-06T19:32:56.801924+00:00,155.8,11,bid,,,9882398
2026-07-06T19:32:58.752908,2026-07-06T19:32:58.763690+00:00,155.8,8,bid,,,9882416
2026-07-06T19:32:59.028152,2026-07-06T19:32:59.036409+00:00,155.9,47,bid,,,9882423
2026-07-06T19:32:59.681582,2026-07-06T19:32:59.689596+00:00,155.9,46,bid,,,9882435
2026-07-06T19:32:59.736942,2026-07-06T19:32:59.764054+00:00,155.6,47,ask,,,9882436
2026-07-06T19:32:59.912214,2026-07-06T19:32:59.924063+00:00,155.9,7,bid,,,9882437
2026-07-06T19:32:59.912214,2026-07-06T19:32:59.924063+00:00,156.1,43,bid,,,9882438
2026-07-06T19:33:00.347214,2026-07-06T19:33:00.358600+00:00,156.1,45,bid,,,9882449
2026-07-06T19:33:01.280546,2026-07-06T19:33:01.289919+00:00,155.6,40,ask,,,9882454
2026-07-06T19:33:01.917222,2026-07-06T19:33:01.925880+00:00,156.1,41,bid,,,9882459
2026-07-06T19:33:02.022285,2026-07-06T19:33:02.030941+00:00,156.1,21,bid,,,9882460
2026-07-06T19:33:02.022285,2026-07-06T19:33:02.030941+00:00,156.2,8,bid,,,9882461
2026-07-06T19:33:04.338691,2026-07-06T19:33:04.349093+00:00,155.9,8,ask,,,9882492
2026-07-06T19:33:05.516873,2026-07-06T19:33:05.558600+00:00,155.7,44,ask,,,9882503
2026-07-06T19:33:06.235142,2026-07-06T19:33:06.263952+00:00,156.1,50,bid,,,9882512
2026-07-06T19:33:07.087328,2026-07-06T19:33:07.097598+00:00,156.1,44,bid,,,9882527
2026-07-06T19:33:07.970142,2026-07-06T19:33:07.978527+00:00,155.8,3,ask,,,9882536
2026-07-06T19:33:08.345076,2026-07-06T19:33:08.368748+00:00,156.1,8,bid,,,9882542
2026-07-06T19:33:08.345076,2026-07-06T19:33:08.368748+00:00,156.2,42,bid,,,9882543
2026-07-06T19:33:08.733315,2026-07-06T19:33:08.725173+00:00,155.8,5,ask,,,9882546
2026-07-06T19:33:08.733315,2026-07-06T19:33:08.725173+00:00,155.8,42,ask,,,9882547
2026-07-06T19:33:09.879469,2026-07-06T19:33:09.899727+00:00,156.1,44,bid,,,9882557
2026-07-06T19:33:10.453675,2026-07-06T19:33:10.469149+00:00,156.1,50,bid,,,9882562
2026-07-06T19:33:11.605266,2026-07-06T19:33:11.613847+00:00,155.8,3,ask,,,9882580
2026-07-06T19:33:12.560368,2026-07-06T19:33:12.569070+00:00,156.3,50,bid,,,9882590
2026-07-06T19:33:13.491295,2026-07-06T19:33:13.497663+00:00,155.9,40,ask,,,9882607
2026-07-06T19:33:14.669095,2026-07-06T19:33:14.675725+00:00,156.4,50,bid,,,9882616
2026-07-06T19:33:16.828601,2026-07-06T19:33:16.864123+00:00,155.9,50,ask,,,9882644
2026-07-06T19:33:17.660635,2026-07-06T19:33:17.669017+00:00,155.9,3,ask,,,9882656
2026-07-06T19:33:18.935445,2026-07-06T19:33:18.946558+00:00,155.8,50,ask,,,9882673
2026-07-06T19:33:21.044469,2026-07-06T19:33:21.058571+00:00,155.8,50,ask,,,9882691
2026-07-06T19:33:21.265474,2026-07-06T19:33:21.290572+00:00,155.6,8,ask,,,9882696
2026-07-06T19:33:21.276080,2026-07-06T19:33:21.290572+00:00,155.6,3,bid,,,9882698
2026-07-06T19:33:23.152603,2026-07-06T19:33:23.163980+00:00,155.5,50,ask,,,9882727
2026-07-06T19:33:25.259129,2026-07-06T19:33:25.268878+00:00,155.5,8,ask,,,9882759
2026-07-06T19:33:25.259129,2026-07-06T19:33:25.268878+00:00,155.3,42,ask,,,9882760
2026-07-06T19:33:25.783998,2026-07-06T19:33:25.793865+00:00,155.6,46,bid,,,9882773
2026-07-06T19:33:25.837887,2026-07-06T19:33:25.844948+00:00,155.3,40,ask,,,9882775
2026-07-06T19:33:27.366009,2026-07-06T19:33:27.377676+00:00,155.2,8,ask,,,9882785
2026-07-06T19:33:27.366009,2026-07-06T19:33:27.377676+00:00,155.1,42,ask,,,9882786
2026-07-06T19:33:28.429848,2026-07-06T19:33:28.441537+00:00,155.6,41,bid,,,9882809
2026-07-06T19:33:29.949239,2026-07-06T19:33:29.969219+00:00,155.3,8,ask,,,9882834
2026-07-06T19:33:29.949239,2026-07-06T19:33:29.969219+00:00,155.2,33,ask,,,9882835
2026-07-06T19:33:30.977465,2026-07-06T19:33:30.986949+00:00,155.3,3,bid,,,9882850
2026-07-06T19:33:31.050056,2026-07-06T19:33:31.061385+00:00,155.3,41,bid,,,9882853
2026-07-06T19:33:31.104636,2026-07-06T19:33:31.116178+00:00,155.1,49,ask,,,9882854
2026-07-06T19:33:31.578198,2026-07-06T19:33:31.584367+00:00,155.1,50,ask,,,9882857
2026-07-06T19:33:32.790129,2026-07-06T19:33:32.791484+00:00,155.1,1,ask,,,9882879
2026-07-06T19:33:33.685418,2026-07-06T19:33:33.696884+00:00,154.9,8,ask,,,9882883
2026-07-06T19:33:33.685418,2026-07-06T19:33:33.696884+00:00,154.9,42,ask,,,9882884
2026-07-06T19:33:34.870845,2026-07-06T19:33:34.881477+00:00,155.3,3,ask,,,9882899
2026-07-06T19:33:35.480462,2026-07-06T19:33:35.487496+00:00,155.4,46,bid,,,9882910
2026-07-06T19:33:35.821586,2026-07-06T19:33:35.831002+00:00,155.2,50,ask,,,9882918
2026-07-06T19:33:35.982147,2026-07-06T19:33:35.993619+00:00,155.2,43,ask,,,9882920
2026-07-06T19:33:37.113083,2026-07-06T19:33:37.124650+00:00,155.2,8,ask,,,9882938
2026-07-06T19:33:37.490651,2026-07-06T19:33:37.499097+00:00,155.2,14,bid,,,9882942
2026-07-06T19:33:37.930906,2026-07-06T19:33:37.963641+00:00,154.9,8,ask,,,9882945
2026-07-06T19:33:37.930906,2026-07-06T19:33:37.963641+00:00,154.8,42,ask,,,9882946
2026-07-06T19:33:39.586243,2026-07-06T19:33:39.597789+00:00,155.2,47,bid,,,9882975
2026-07-06T19:33:40.039296,2026-07-06T19:33:40.058549+00:00,154.7,50,ask,,,9882981
2026-07-06T19:33:40.230847,2026-07-06T19:33:40.242264+00:00,154.7,2,ask,,,9882985
2026-07-06T19:33:40.230847,2026-07-06T19:33:40.242264+00:00,154.6,45,ask,,,9882986
2026-07-06T19:33:42.147791,2026-07-06T19:33:42.158567+00:00,154.6,50,ask,,,9883008
2026-07-06T19:33:43.204128,2026-07-06T19:33:43.213172+00:00,154.8,23,bid,,,9883023
2026-07-06T19:33:44.269500,2026-07-06T19:33:44.278455+00:00,154.7,50,ask,,,9883039
2026-07-06T19:33:48.428631,2026-07-06T19:33:48.430766+00:00,154.9,50,bid,,,9883093
2026-07-06T19:33:49.661630,2026-07-06T19:33:49.670434+00:00,154.8,12,bid,,,9883123
2026-07-06T19:33:49.740642,2026-07-06T19:33:49.748453+00:00,154.8,88,bid,,,9883127
2026-07-06T19:33:50.030200,2026-07-06T19:33:50.041522+00:00,155.5,46,bid,,,9883132
2026-07-06T19:33:50.534319,2026-07-06T19:33:50.545670+00:00,155.5,50,bid,,,9883145
2026-07-06T19:33:52.639891,2026-07-06T19:33:52.651261+00:00,155.5,50,bid,,,9883167
2026-07-06T19:33:53.210545,2026-07-06T19:33:53.220534+00:00,155.0,12,ask,,,9883181
2026-07-06T19:33:54.477153,2026-07-06T19:33:54.489206+00:00,155.0,45,ask,,,9883193
2026-07-06T19:33:54.746985,2026-07-06T19:33:54.758562+00:00,155.4,50,bid,,,9883204
2026-07-06T19:33:56.853325,2026-07-06T19:33:56.865107+00:00,155.6,50,bid,,,9883231
2026-07-06T19:33:57.791009,2026-07-06T19:33:57.802517+00:00,155.1,40,ask,,,9883245
2026-07-06T19:33:58.972617,2026-07-06T19:33:58.981236+00:00,155.6,8,bid,,,9883252
2026-07-06T19:33:58.972617,2026-07-06T19:33:58.986244+00:00,155.6,42,bid,,,9883253
2026-07-06T19:33:59.244125,2026-07-06T19:33:59.256482+00:00,155.3,23,ask,,,9883256
2026-07-06T19:34:01.081112,2026-07-06T19:34:01.092396+00:00,155.4,50,bid,,,9883285
2026-07-06T19:34:01.824171,2026-07-06T19:34:01.836269+00:00,155.4,8,bid,,,9883287
2026-07-06T19:34:01.852003,2026-07-06T19:34:01.858601+00:00,155.4,42,bid,,,9883290
2026-07-06T19:34:01.852003,2026-07-06T19:34:01.858601+00:00,155.7,7,bid,,,9883291
2026-07-06T19:34:03.187775,2026-07-06T19:34:03.199275+00:00,155.7,1,bid,,,9883309
2026-07-06T19:34:05.293911,2026-07-06T19:34:05.305420+00:00,155.8,50,bid,,,9883331
2026-07-06T19:34:05.567346,2026-07-06T19:34:05.576885+00:00,155.5,11,ask,,,9883335
2026-07-06T19:34:06.349762,2026-07-06T19:34:06.364534+00:00,155.5,3,ask,,,9883346
2026-07-06T19:34:07.400369,2026-07-06T19:34:07.406870+00:00,155.7,8,bid,,,9883364
2026-07-06T19:34:09.559408,2026-07-06T19:34:09.570972+00:00,155.3,8,ask,,,9883385
2026-07-06T19:34:09.559408,2026-07-06T19:34:09.570972+00:00,155.3,42,ask,,,9883386
2026-07-06T19:34:10.253851,2026-07-06T19:34:10.265548+00:00,155.3,49,ask,,,9883396
2026-07-06T19:34:11.315487,2026-07-06T19:34:11.325503+00:00,155.3,42,ask,,,9883409
2026-07-06T19:34:11.948590,2026-07-06T19:34:11.959035+00:00,155.3,3,bid,,,9883420
2026-07-06T19:34:13.270448,2026-07-06T19:34:13.279550+00:00,155.3,11,bid,,,9883443
2026-07-06T19:34:13.770096,2026-07-06T19:34:13.781758+00:00,155.2,50,ask,,,9883449
2026-07-06T19:34:14.531743,2026-07-06T19:34:14.540059+00:00,155.3,41,bid,,,9883462
2026-07-06T19:34:15.876315,2026-07-06T19:34:15.887657+00:00,155.1,50,ask,,,9883474
2026-07-06T19:34:20.035600,2026-07-06T19:34:20.047076+00:00,155.4,50,bid,,,9883531
2026-07-06T19:34:20.788447,2026-07-06T19:34:20.799278+00:00,155.4,12,bid,,,9883547
2026-07-06T19:34:24.301422,2026-07-06T19:34:24.309228+00:00,155.6,8,ask,,,9883595
2026-07-06T19:34:24.301422,2026-07-06T19:34:24.314213+00:00,155.5,42,ask,,,9883596
2026-07-06T19:34:26.888289,2026-07-06T19:34:26.896225+00:00,156.0,49,bid,,,9883637
2026-07-06T19:34:28.472042,2026-07-06T19:34:28.483400+00:00,155.6,49,ask,,,9883659
2026-07-06T19:34:28.515893,2026-07-06T19:34:28.527332+00:00,155.6,50,ask,,,9883661
2026-07-06T19:34:31.487281,2026-07-06T19:34:31.496253+00:00,155.6,47,bid,,,9883685
2026-07-06T19:34:32.730271,2026-07-06T19:34:32.741870+00:00,155.4,50,ask,,,9883707
2026-07-06T19:34:33.784635,2026-07-06T19:34:33.791405+00:00,155.9,8,bid,,,9883718
2026-07-06T19:34:33.784635,2026-07-06T19:34:33.791405+00:00,155.9,39,bid,,,9883719
2026-07-06T19:34:33.840972,2026-07-06T19:34:33.848698+00:00,155.4,47,ask,,,9883721
2026-07-06T19:34:36.534631,2026-07-06T19:34:36.546285+00:00,155.4,8,ask,,,9883755
2026-07-06T19:34:36.534631,2026-07-06T19:34:36.546285+00:00,155.3,37,ask,,,9883756
2026-07-06T19:34:36.890244,2026-07-06T19:34:36.901630+00:00,155.7,50,bid,,,9883760
2026-07-06T19:34:43.212402,2026-07-06T19:34:43.223810+00:00,155.9,50,bid,,,9883858
2026-07-06T19:34:43.885173,2026-07-06T19:34:43.896795+00:00,156.0,45,bid,,,9883863
2026-07-06T19:34:45.344905,2026-07-06T19:34:45.363863+00:00,156.0,50,bid,,,9883883
2026-07-06T19:34:45.948871,2026-07-06T19:34:45.957102+00:00,155.5,47,ask,,,9883888
2026-07-06T19:34:47.503040,2026-07-06T19:34:47.509975+00:00,155.8,50,ask,,,9883910
2026-07-06T19:34:49.559014,2026-07-06T19:34:49.570666+00:00,156.1,8,bid,,,9883934
2026-07-06T19:34:49.559014,2026-07-06T19:34:49.570666+00:00,156.1,42,bid,,,9883935
2026-07-06T19:34:50.731683,2026-07-06T19:34:50.743227+00:00,156.1,41,bid,,,9883953
2026-07-06T19:34:51.199239,2026-07-06T19:34:51.211108+00:00,155.7,48,ask,,,9883957
2026-07-06T19:34:51.668856,2026-07-06T19:34:51.680522+00:00,156.1,50,bid,,,9883963
2026-07-06T19:34:53.404771,2026-07-06T19:34:53.416593+00:00,156.2,8,bid,,,9883989
2026-07-06T19:34:53.404771,2026-07-06T19:34:53.416593+00:00,156.2,40,bid,,,9883990
2026-07-06T19:34:53.569914,2026-07-06T19:34:53.579941+00:00,156.0,12,ask,,,9883993
2026-07-06T19:34:53.777864,2026-07-06T19:34:53.789568+00:00,156.2,50,bid,,,9883996
2026-07-06T19:34:55.379938,2026-07-06T19:34:55.391279+00:00,156.2,41,bid,,,9884014
2026-07-06T19:34:55.887881,2026-07-06T19:34:55.895087+00:00,156.2,19,bid,,,9884025
2026-07-06T19:34:57.076435,2026-07-06T19:34:57.087811+00:00,156.2,44,ask,,,9884038
2026-07-06T19:34:57.512300,2026-07-06T19:34:57.520789+00:00,156.2,11,ask,,,9884043
2026-07-06T19:34:58.056132,2026-07-06T19:34:58.058573+00:00,156.2,50,ask,,,9884048
2026-07-06T19:34:58.114829,2026-07-06T19:34:58.123208+00:00,156.2,41,ask,,,9884053
2026-07-06T19:34:58.612465,2026-07-06T19:34:58.623889+00:00,156.4,45,bid,,,9884061
2026-07-06T19:35:00.123222,2026-07-06T19:35:00.131176+00:00,156.3,50,bid,,,9884084
2026-07-06T19:35:01.570397,2026-07-06T19:35:01.578828+00:00,156.2,47,ask,,,9884103
2026-07-06T19:35:02.302356,2026-07-06T19:35:02.311093+00:00,156.0,8,ask,,,9884108
2026-07-06T19:35:02.302356,2026-07-06T19:35:02.311093+00:00,156.0,42,ask,,,9884109
2026-07-06T19:35:02.645197,2026-07-06T19:35:02.658585+00:00,156.3,8,bid,,,9884122
2026-07-06T19:35:02.645197,2026-07-06T19:35:02.658585+00:00,156.5,39,bid,,,9884123
2026-07-06T19:35:06.537779,2026-07-06T19:35:06.548067+00:00,156.1,50,ask,,,9884180
2026-07-06T19:35:08.208895,2026-07-06T19:35:08.220941+00:00,156.4,8,bid,,,9884199
2026-07-06T19:35:08.208895,2026-07-06T19:35:08.220941+00:00,156.4,39,bid,,,9884200
2026-07-06T19:35:08.643942,2026-07-06T19:35:08.658593+00:00,156.0,8,ask,,,9884207
2026-07-06T19:35:08.643942,2026-07-06T19:35:08.658593+00:00,155.9,42,ask,,,9884208
2026-07-06T19:35:11.517241,2026-07-06T19:35:11.526565+00:00,156.0,44,ask,,,9884258
2026-07-06T19:35:12.749056,2026-07-06T19:35:12.758562+00:00,155.9,45,ask,,,9884268
2026-07-06T19:35:12.822050,2026-07-06T19:35:12.833807+00:00,156.4,50,bid,,,9884274
2026-07-06T19:35:13.206319,2026-07-06T19:35:13.217680+00:00,156.4,47,bid,,,9884278
2026-07-06T19:35:13.740247,2026-07-06T19:35:13.746529+00:00,156.4,3,bid,,,9884288
2026-07-06T19:35:14.982509,2026-07-06T19:35:14.992598+00:00,155.7,50,ask,,,9884309
2026-07-06T19:35:15.771917,2026-07-06T19:35:15.783491+00:00,156.2,49,bid,,,9884318
2026-07-06T19:35:16.312236,2026-07-06T19:35:16.323631+00:00,156.2,45,bid,,,9884327
2026-07-06T19:35:17.096009,2026-07-06T19:35:17.106484+00:00,155.8,8,ask,,,9884340
2026-07-06T19:35:17.096009,2026-07-06T19:35:17.106484+00:00,155.7,42,ask,,,9884341
2026-07-06T19:35:18.405213,2026-07-06T19:35:18.417036+00:00,155.8,45,ask,,,9884362
2026-07-06T19:35:18.986795,2026-07-06T19:35:18.998699+00:00,155.8,48,ask,,,9884367
2026-07-06T19:35:19.152341,2026-07-06T19:35:19.158812+00:00,156.2,8,bid,,,9884369
2026-07-06T19:35:19.152341,2026-07-06T19:35:19.158812+00:00,156.2,42,bid,,,9884370
2026-07-06T19:35:21.261583,2026-07-06T19:35:21.272912+00:00,156.2,50,bid,,,9884407
2026-07-06T19:35:21.416090,2026-07-06T19:35:21.427826+00:00,155.9,100,bid,,,9884414
2026-07-06T19:35:23.368220,2026-07-06T19:35:23.379468+00:00,156.5,50,bid,,,9884438
2026-07-06T19:35:24.894196,2026-07-06T19:35:24.900620+00:00,156.4,42,bid,,,9884459
2026-07-06T19:35:25.476354,2026-07-06T19:35:25.484631+00:00,156.4,50,bid,,,9884461
2026-07-06T19:35:27.466454,2026-07-06T19:35:27.473771+00:00,156.0,48,ask,,,9884494
2026-07-06T19:35:27.633887,2026-07-06T19:35:27.640488+00:00,156.1,50,ask,,,9884495
2026-07-06T19:35:27.942520,2026-07-06T19:35:27.958608+00:00,156.2,41,bid,,,9884504
2026-07-06T19:35:28.495207,2026-07-06T19:35:28.503086+00:00,156.2,42,bid,,,9884511
2026-07-06T19:35:29.069917,2026-07-06T19:35:29.078787+00:00,156.1,3,ask,,,9884514
2026-07-06T19:35:29.077553,2026-07-06T19:35:29.093985+00:00,156.1,47,ask,,,9884516
2026-07-06T19:35:29.077553,2026-07-06T19:35:29.093985+00:00,156.0,2,ask,,,9884517
2026-07-06T19:35:29.740171,2026-07-06T19:35:29.758765+00:00,155.8,8,ask,,,9884522
2026-07-06T19:35:29.740171,2026-07-06T19:35:29.758765+00:00,155.7,42,ask,,,9884523
2026-07-06T19:35:31.586096,2026-07-06T19:35:31.597895+00:00,156.2,8,bid,,,9884557
2026-07-06T19:35:31.586096,2026-07-06T19:35:31.597895+00:00,156.3,34,bid,,,9884558
2026-07-06T19:35:31.848565,2026-07-06T19:35:31.858598+00:00,155.8,50,ask,,,9884561
2026-07-06T19:35:33.904668,2026-07-06T19:35:33.914189+00:00,156.2,8,bid,,,9884599
2026-07-06T19:35:34.742365,2026-07-06T19:35:34.753843+00:00,155.8,8,ask,,,9884606
2026-07-06T19:35:34.742365,2026-07-06T19:35:34.753843+00:00,155.8,35,ask,,,9884607
2026-07-06T19:35:35.262326,2026-07-06T19:35:35.274055+00:00,155.8,40,ask,,,9884621
2026-07-06T19:35:36.013803,2026-07-06T19:35:36.025301+00:00,156.1,8,bid,,,9884632
2026-07-06T19:35:36.013803,2026-07-06T19:35:36.025301+00:00,156.2,42,bid,,,9884633
2026-07-06T19:35:37.297252,2026-07-06T19:35:37.306490+00:00,155.7,3,bid,,,9884654
2026-07-06T19:35:38.122742,2026-07-06T19:35:38.134221+00:00,155.7,50,bid,,,9884669
2026-07-06T19:35:42.344012,2026-07-06T19:35:42.352464+00:00,155.9,8,bid,,,9884719
2026-07-06T19:35:42.344012,2026-07-06T19:35:42.352464+00:00,156.0,42,bid,,,9884720
2026-07-06T19:35:44.450300,2026-07-06T19:35:44.458560+00:00,156.1,8,bid,,,9884742
2026-07-06T19:35:44.450300,2026-07-06T19:35:44.458560+00:00,156.2,42,bid,,,9884743
2026-07-06T19:35:46.610297,2026-07-06T19:35:46.617712+00:00,155.8,50,ask,,,9884772
2026-07-06T19:35:47.098373,2026-07-06T19:35:47.107833+00:00,155.8,3,ask,,,9884782
2026-07-06T19:35:50.772597,2026-07-06T19:35:50.784235+00:00,155.9,8,bid,,,9884823
2026-07-06T19:35:50.772597,2026-07-06T19:35:50.784235+00:00,156.1,42,bid,,,9884824
2026-07-06T19:35:53.929807,2026-07-06T19:35:53.941504+00:00,155.9,8,bid,,,9884866
2026-07-06T19:35:53.929807,2026-07-06T19:35:53.941504+00:00,156.0,32,bid,,,9884867
2026-07-06T19:35:54.553422,2026-07-06T19:35:54.564865+00:00,156.0,43,bid,,,9884874
2026-07-06T19:35:55.037079,2026-07-06T19:35:55.048557+00:00,155.7,50,ask,,,9884883
2026-07-06T19:35:57.144644,2026-07-06T19:35:57.163641+00:00,155.9,50,ask,,,9884905
2026-07-06T19:35:59.253546,2026-07-06T19:35:59.265198+00:00,155.9,50,ask,,,9884929
2026-07-06T19:36:01.360013,2026-07-06T19:36:01.366985+00:00,155.7,8,ask,,,9884961
2026-07-06T19:36:01.360013,2026-07-06T19:36:01.372117+00:00,155.6,42,ask,,,9884962
2026-07-06T19:36:03.494840,2026-07-06T19:36:03.506663+00:00,155.6,8,ask,,,9884986
2026-07-06T19:36:03.494840,2026-07-06T19:36:03.506663+00:00,155.4,42,ask,,,9884987
2026-07-06T19:36:03.558741,2026-07-06T19:36:03.565482+00:00,155.4,49,ask,,,9884989
2026-07-06T19:36:05.082858,2026-07-06T19:36:05.089601+00:00,155.8,8,bid,,,9885016
2026-07-06T19:36:05.082858,2026-07-06T19:36:05.095107+00:00,155.9,36,bid,,,9885017
2026-07-06T19:36:05.552215,2026-07-06T19:36:05.563636+00:00,155.9,50,bid,,,9885031
2026-07-06T19:36:05.690702,2026-07-06T19:36:05.702527+00:00,155.4,8,ask,,,9885032
2026-07-06T19:36:05.690702,2026-07-06T19:36:05.702527+00:00,155.0,40,ask,,,9885033
2026-07-06T19:36:07.738366,2026-07-06T19:36:07.749798+00:00,155.4,50,ask,,,9885056
2026-07-06T19:36:08.748399,2026-07-06T19:36:08.759833+00:00,155.4,100,ask,,,9885071
2026-07-06T19:36:08.913288,2026-07-06T19:36:08.923469+00:00,155.4,8,ask,,,9885076
2026-07-06T19:36:08.924676,2026-07-06T19:36:08.934474+00:00,155.2,3,bid,,,9885077
2026-07-06T19:36:09.519477,2026-07-06T19:36:09.528653+00:00,155.2,11,bid,,,9885089
2026-07-06T19:36:09.795733,2026-07-06T19:36:09.802047+00:00,155.2,50,bid,,,9885093
2026-07-06T19:36:10.144353,2026-07-06T19:36:10.158583+00:00,155.0,8,ask,,,9885097
2026-07-06T19:36:10.144353,2026-07-06T19:36:10.158583+00:00,154.9,41,ask,,,9885098
2026-07-06T19:36:10.654813,2026-07-06T19:36:10.666425+00:00,155.1,8,ask,,,9885103
2026-07-06T19:36:11.958925,2026-07-06T19:36:11.970607+00:00,155.0,8,ask,,,9885119
2026-07-06T19:36:11.958925,2026-07-06T19:36:11.970607+00:00,155.0,42,ask,,,9885120
2026-07-06T19:36:12.716411,2026-07-06T19:36:12.727891+00:00,155.0,42,ask,,,9885138
2026-07-06T19:36:14.069464,2026-07-06T19:36:14.077463+00:00,155.0,16,ask,,,9885155
2026-07-06T19:36:14.069464,2026-07-06T19:36:14.082944+00:00,154.9,34,ask,,,9885156
2026-07-06T19:36:16.210429,2026-07-06T19:36:16.221893+00:00,155.0,6,ask,,,9885185
2026-07-06T19:36:16.210429,2026-07-06T19:36:16.221893+00:00,154.7,44,ask,,,9885186
2026-07-06T19:36:18.331489,2026-07-06T19:36:18.339931+00:00,154.6,50,ask,,,9885212
2026-07-06T19:36:20.411758,2026-07-06T19:36:20.423414+00:00,155.0,45,bid,,,9885236
2026-07-06T19:36:20.442867,2026-07-06T19:36:20.463696+00:00,154.6,50,ask,,,9885237
2026-07-06T19:36:21.409223,2026-07-06T19:36:21.423022+00:00,154.7,23,bid,,,9885247
2026-07-06T19:36:21.512019,2026-07-06T19:36:21.521339+00:00,154.7,12,bid,,,9885251
2026-07-06T19:36:21.898285,2026-07-06T19:36:21.910065+00:00,154.7,40,bid,,,9885257
2026-07-06T19:36:22.394860,2026-07-06T19:36:22.406321+00:00,154.7,25,bid,,,9885263
2026-07-06T19:36:22.394860,2026-07-06T19:36:22.406321+00:00,155.1,24,bid,,,9885264
2026-07-06T19:36:22.918934,2026-07-06T19:36:22.930171+00:00,154.6,40,ask,,,9885272
2026-07-06T19:36:24.613668,2026-07-06T19:36:24.620052+00:00,155.1,50,bid,,,9885301
2026-07-06T19:36:25.460874,2026-07-06T19:36:25.469572+00:00,155.0,12,ask,,,9885313
2026-07-06T19:36:25.773985,2026-07-06T19:36:25.785513+00:00,155.0,46,ask,,,9885315
2026-07-06T19:36:26.719521,2026-07-06T19:36:26.731393+00:00,155.2,50,bid,,,9885326
2026-07-06T19:36:27.052412,2026-07-06T19:36:27.060402+00:00,155.0,11,ask,,,9885330
2026-07-06T19:36:27.432144,2026-07-06T19:36:27.443659+00:00,155.2,43,bid,,,9885337
2026-07-06T19:36:30.982651,2026-07-06T19:36:30.994221+00:00,155.0,50,ask,,,9885381
2026-07-06T19:36:31.609144,2026-07-06T19:36:31.616034+00:00,155.0,42,ask,,,9885394
2026-07-06T19:36:33.113069,2026-07-06T19:36:33.119802+00:00,155.0,8,ask,,,9885404
2026-07-06T19:36:33.113069,2026-07-06T19:36:33.125203+00:00,154.7,42,ask,,,9885405
2026-07-06T19:36:33.274818,2026-07-06T19:36:33.282173+00:00,155.2,43,bid,,,9885412
2026-07-06T19:36:34.330297,2026-07-06T19:36:34.337689+00:00,155.0,45,bid,,,9885420
2026-07-06T19:36:34.383947,2026-07-06T19:36:34.390176+00:00,154.5,45,ask,,,9885424
2026-07-06T19:36:35.220180,2026-07-06T19:36:35.231776+00:00,154.5,50,ask,,,9885430
2026-07-06T19:36:36.043876,2026-07-06T19:36:36.058567+00:00,155.0,49,bid,,,9885448
2026-07-06T19:36:36.600723,2026-07-06T19:36:36.612545+00:00,154.5,5,ask,,,9885452
2026-07-06T19:36:36.600723,2026-07-06T19:36:36.612545+00:00,154.5,38,ask,,,9885453
2026-07-06T19:36:37.349322,2026-07-06T19:36:37.358610+00:00,154.4,50,ask,,,9885463
2026-07-06T19:36:38.559285,2026-07-06T19:36:38.570981+00:00,154.6,11,bid,,,9885487
2026-07-06T19:36:38.587566,2026-07-06T19:36:38.596559+00:00,154.6,12,bid,,,9885491
2026-07-06T19:36:38.725583,2026-07-06T19:36:38.737129+00:00,154.6,43,bid,,,9885493
2026-07-06T19:36:39.238269,2026-07-06T19:36:39.249585+00:00,154.6,40,bid,,,9885502
2026-07-06T19:36:39.403680,2026-07-06T19:36:39.415339+00:00,154.6,44,bid,,,9885504
2026-07-06T19:36:39.403680,2026-07-06T19:36:39.415339+00:00,154.9,6,bid,,,9885505
2026-07-06T19:36:40.485110,2026-07-06T19:36:40.496666+00:00,154.7,100,bid,,,9885520
2026-07-06T19:36:40.498700,2026-07-06T19:36:40.509353+00:00,154.8,23,ask,,,9885521
2026-07-06T19:36:43.621170,2026-07-06T19:36:43.627754+00:00,155.0,50,bid,,,9885559
2026-07-06T19:36:44.618536,2026-07-06T19:36:44.631482+00:00,154.5,46,ask,,,9885571
2026-07-06T19:36:45.731794,2026-07-06T19:36:45.743158+00:00,154.8,50,bid,,,9885587
2026-07-06T19:36:46.060221,2026-07-06T19:36:46.071577+00:00,154.5,40,ask,,,9885593
2026-07-06T19:36:47.840958,2026-07-06T19:36:47.852471+00:00,155.0,50,bid,,,9885612
2026-07-06T19:36:48.009983,2026-07-06T19:36:48.021381+00:00,155.0,46,bid,,,9885618
2026-07-06T19:36:49.946399,2026-07-06T19:36:49.955128+00:00,155.1,8,bid,,,9885637
2026-07-06T19:36:49.946399,2026-07-06T19:36:49.955128+00:00,155.1,42,bid,,,9885638
