timestamp,recv_time,price,volume,aggressor_side,buyer,seller,trade_id
2026-07-05T09:00:01.240458,2026-07-05T09:00:01.252326+00:00,141.4,49,ask,EarnestEspressos,CostlyCorianders,8115206
2026-07-05T09:00:01.822692,2026-07-05T09:00:01.815386+00:00,141.4,50,ask,EarnestEspressos,FlawlessFlatbreads,8115212
2026-07-05T09:00:03.784335,2026-07-05T09:00:03.793860+00:00,141.4,100,ask,DiligentDonuts,EarnestEspressos,8115237
2026-07-05T09:00:03.830230,2026-07-05T09:00:03.837364+00:00,141.4,44,bid,CostlyCorianders,EarnestEspressos,8115238
2026-07-05T09:00:03.929257,2026-07-05T09:00:03.941821+00:00,140.9,50,ask,EarnestEspressos,FlawlessFlatbreads,8115239
2026-07-05T09:00:05.478994,2026-07-05T09:00:05.490760+00:00,141.4,6,bid,CostlyCorianders,EarnestEspressos,8115255
2026-07-05T09:00:05.478994,2026-07-05T09:00:05.490760+00:00,141.9,39,bid,CostlyCorianders,DiligentDonuts,8115256
2026-07-05T09:00:06.039054,2026-07-05T09:00:06.045988+00:00,141.1,50,ask,DiligentDonuts,FlawlessFlatbreads,8115259
2026-07-05T09:00:07.542829,2026-07-05T09:00:07.555161+00:00,141.6,42,bid,CostlyCorianders,DiligentDonuts,8115285
2026-07-05T09:00:08.097720,2026-07-05T09:00:08.109747+00:00,141.6,50,bid,FlawlessFlatbreads,DiligentDonuts,8115294
2026-07-05T09:00:11.281115,2026-07-05T09:00:11.293196+00:00,141.5,48,ask,EarnestEspressos,CostlyCorianders,8115327
2026-07-05T09:00:11.890498,2026-07-05T09:00:11.900778+00:00,141.5,12,ask,EarnestEspressos,Xuanyu Liu,8115340
2026-07-05T09:00:12.363308,2026-07-05T09:00:12.375343+00:00,141.5,50,ask,EarnestEspressos,FlawlessFlatbreads,8115347
2026-07-05T09:00:12.955176,2026-07-05T09:00:12.967430+00:00,141.5,40,ask,EarnestEspressos,CostlyCorianders,8115350
2026-07-05T09:00:12.955176,2026-07-05T09:00:12.967430+00:00,141.1,3,ask,DiligentDonuts,CostlyCorianders,8115351
2026-07-05T09:00:13.382402,2026-07-05T09:00:13.393372+00:00,141.1,97,ask,DiligentDonuts,EarnestEspressos,8115360
2026-07-05T09:00:13.394614,2026-07-05T09:00:13.408065+00:00,141.1,12,bid,Xuanyu Liu,EarnestEspressos,8115361
2026-07-05T09:00:16.523947,2026-07-05T09:00:16.535951+00:00,141.1,50,bid,FlawlessFlatbreads,DiligentDonuts,8115401
2026-07-05T09:00:17.133932,2026-07-05T09:00:17.142656+00:00,141.1,11,bid,Xuanyu Liu,DiligentDonuts,8115406
2026-07-05T09:00:20.742990,2026-07-05T09:00:20.763617+00:00,141.4,50,bid,FlawlessFlatbreads,EarnestEspressos,8115454
2026-07-05T09:00:21.123925,2026-07-05T09:00:21.136454+00:00,141.4,41,bid,CostlyCorianders,DiligentDonuts,8115458
2026-07-05T09:00:22.850698,2026-07-05T09:00:22.858599+00:00,141.5,50,bid,FlawlessFlatbreads,DiligentDonuts,8115481
2026-07-05T09:00:23.926412,2026-07-05T09:00:23.938777+00:00,141.2,42,ask,EarnestEspressos,CostlyCorianders,8115500
2026-07-05T09:00:24.996794,2026-07-05T09:00:25.006440+00:00,141.6,34,ask,DiligentDonuts,Xuanyu Liu,8115522
2026-07-05T09:00:25.044782,2026-07-05T09:00:25.056496+00:00,141.7,49,bid,CostlyCorianders,EarnestEspressos,8115524
2026-07-05T09:00:25.591048,2026-07-05T09:00:25.610852+00:00,141.6,48,ask,DiligentDonuts,CostlyCorianders,8115531
2026-07-05T09:00:26.311525,2026-07-05T09:00:26.321434+00:00,141.6,18,ask,DiligentDonuts,Xuanyu Liu,8115542
2026-07-05T09:00:26.960059,2026-07-05T09:00:26.971991+00:00,141.8,50,bid,FlawlessFlatbreads,EarnestEspressos,8115551
2026-07-05T09:00:28.160027,2026-07-05T09:00:28.172401+00:00,141.7,41,bid,CostlyCorianders,DiligentDonuts,8115571
2026-07-05T09:00:28.861833,2026-07-05T09:00:28.874482+00:00,141.3,45,ask,EarnestEspressos,CostlyCorianders,8115579
2026-07-05T09:00:29.068173,2026-07-05T09:00:29.077745+00:00,141.7,50,bid,FlawlessFlatbreads,DiligentDonuts,8115580
2026-07-05T09:00:31.173791,2026-07-05T09:00:31.181286+00:00,141.9,50,bid,FlawlessFlatbreads,EarnestEspressos,8115616
2026-07-05T09:00:33.280027,2026-07-05T09:00:33.288086+00:00,141.9,50,bid,FlawlessFlatbreads,DiligentDonuts,8115646
2026-07-05T09:00:33.405180,2026-07-05T09:00:33.412377+00:00,141.6,40,ask,EarnestEspressos,CostlyCorianders,8115649
2026-07-05T09:00:37.497249,2026-07-05T09:00:37.506609+00:00,142.3,46,bid,CostlyCorianders,EarnestEspressos,8115710
2026-07-05T09:00:37.500631,2026-07-05T09:00:37.511621+00:00,142.3,50,bid,FlawlessFlatbreads,EarnestEspressos,8115711
2026-07-05T09:00:37.694841,2026-07-05T09:00:37.705300+00:00,141.8,5,ask,EarnestEspressos,Xuanyu Liu,8115716
2026-07-05T09:00:38.622845,2026-07-05T09:00:38.634999+00:00,142.0,43,bid,CostlyCorianders,DiligentDonuts,8115729
2026-07-05T09:00:38.660754,2026-07-05T09:00:38.672909+00:00,142.0,57,bid,EarnestEspressos,DiligentDonuts,8115731
2026-07-05T09:00:38.729986,2026-07-05T09:00:38.747323+00:00,142.1,3,ask,EarnestEspressos,Xuanyu Liu,8115732
2026-07-05T09:00:39.408537,2026-07-05T09:00:39.418499+00:00,142.1,3,ask,EarnestEspressos,Xuanyu Liu,8115748
2026-07-05T09:00:39.664227,2026-07-05T09:00:39.673613+00:00,142.1,50,ask,EarnestEspressos,FlawlessFlatbreads,8115752
2026-07-05T09:00:41.719498,2026-07-05T09:00:41.731524+00:00,142.2,50,bid,FlawlessFlatbreads,DiligentDonuts,8115790
2026-07-05T09:00:43.321115,2026-07-05T09:00:43.331027+00:00,141.9,3,bid,Xuanyu Liu,EarnestEspressos,8115807
2026-07-05T09:00:43.455423,2026-07-05T09:00:43.467524+00:00,141.7,45,ask,DiligentDonuts,CostlyCorianders,8115810
2026-07-05T09:00:43.807898,2026-07-05T09:00:43.819904+00:00,141.9,100,bid,DiligentDonuts,EarnestEspressos,8115814
2026-07-05T09:00:43.878281,2026-07-05T09:00:43.889911+00:00,141.4,50,ask,EarnestEspressos,FlawlessFlatbreads,8115816
2026-07-05T09:00:45.985731,2026-07-05T09:00:45.993734+00:00,141.8,50,ask,EarnestEspressos,FlawlessFlatbreads,8115854
2026-07-05T09:00:48.092605,2026-07-05T09:00:48.104499+00:00,141.8,50,ask,EarnestEspressos,FlawlessFlatbreads,8115877
2026-07-05T09:00:48.767779,2026-07-05T09:00:48.775618+00:00,141.6,44,ask,DiligentDonuts,CostlyCorianders,8115893
2026-07-05T09:00:49.369571,2026-07-05T09:00:49.378362+00:00,141.8,45,bid,CostlyCorianders,EarnestEspressos,8115906
2026-07-05T09:00:49.923665,2026-07-05T09:00:49.933256+00:00,141.8,3,bid,Xuanyu Liu,EarnestEspressos,8115916
2026-07-05T09:00:50.151753,2026-07-05T09:00:50.163894+00:00,141.8,50,bid,FlawlessFlatbreads,EarnestEspressos,8115918
2026-07-05T09:00:51.151922,2026-07-05T09:00:51.164614+00:00,141.6,46,ask,DiligentDonuts,CostlyCorianders,8115930
2026-07-05T09:00:52.311366,2026-07-05T09:00:52.324171+00:00,141.8,50,ask,EarnestEspressos,FlawlessFlatbreads,8115946
2026-07-05T09:00:53.351490,2026-07-05T09:00:53.368926+00:00,141.8,100,ask,EarnestEspressos,DiligentDonuts,8115966
2026-07-05T09:00:53.985971,2026-07-05T09:00:53.997637+00:00,142.3,40,bid,CostlyCorianders,EarnestEspressos,8115976
2026-07-05T09:00:54.420291,2026-07-05T09:00:54.432720+00:00,141.3,50,ask,DiligentDonuts,FlawlessFlatbreads,8115979
2026-07-05T09:00:55.780270,2026-07-05T09:00:55.791754+00:00,141.8,46,bid,CostlyCorianders,EarnestEspressos,8115998
2026-07-05T09:00:56.478578,2026-07-05T09:00:56.490628+00:00,141.8,50,bid,FlawlessFlatbreads,EarnestEspressos,8116008
2026-07-05T09:00:58.635838,2026-07-05T09:00:58.644887+00:00,141.8,50,ask,EarnestEspressos,FlawlessFlatbreads,8116040
2026-07-05T09:00:58.718687,2026-07-05T09:00:58.730668+00:00,141.8,43,ask,EarnestEspressos,CostlyCorianders,8116041
2026-07-05T09:01:00.268037,2026-07-05T09:01:00.275041+00:00,141.8,45,ask,EarnestEspressos,CostlyCorianders,8116069
2026-07-05T09:01:00.742277,2026-07-05T09:01:00.764155+00:00,141.8,12,ask,EarnestEspressos,FlawlessFlatbreads,8116075
2026-07-05T09:01:00.742277,2026-07-05T09:01:00.764155+00:00,141.6,38,ask,DiligentDonuts,FlawlessFlatbreads,8116076
2026-07-05T09:01:00.887109,2026-07-05T09:01:00.897757+00:00,141.7,11,bid,Xuanyu Liu,EarnestEspressos,8116078
2026-07-05T09:01:02.750707,2026-07-05T09:01:02.758580+00:00,141.7,46,bid,CostlyCorianders,EarnestEspressos,8116108
2026-07-05T09:01:02.851527,2026-07-05T09:01:02.858607+00:00,141.5,50,ask,DiligentDonuts,FlawlessFlatbreads,8116109
2026-07-05T09:01:04.401551,2026-07-05T09:01:04.413772+00:00,141.9,40,bid,CostlyCorianders,EarnestEspressos,8116128
2026-07-05T09:01:04.458706,2026-07-05T09:01:04.476244+00:00,141.5,49,ask,DiligentDonuts,CostlyCorianders,8116130
2026-07-05T09:01:04.960147,2026-07-05T09:01:04.971933+00:00,141.5,1,ask,DiligentDonuts,FlawlessFlatbreads,8116141
2026-07-05T09:01:04.960147,2026-07-05T09:01:04.971933+00:00,141.4,49,ask,EarnestEspressos,FlawlessFlatbreads,8116142
2026-07-05T09:01:07.070438,2026-07-05T09:01:07.079893+00:00,141.4,50,ask,EarnestEspressos,FlawlessFlatbreads,8116169
2026-07-05T09:01:09.200374,2026-07-05T09:01:09.212964+00:00,141.3,50,ask,EarnestEspressos,FlawlessFlatbreads,8116204
2026-07-05T09:01:10.374815,2026-07-05T09:01:10.384313+00:00,141.7,12,bid,Xuanyu Liu,EarnestEspressos,8116225
2026-07-05T09:01:10.480843,2026-07-05T09:01:10.490206+00:00,141.7,47,bid,CostlyCorianders,EarnestEspressos,8116228
2026-07-05T09:01:11.308824,2026-07-05T09:01:11.320699+00:00,141.3,50,ask,DiligentDonuts,FlawlessFlatbreads,8116233
2026-07-05T09:01:11.513597,2026-07-05T09:01:11.564197+00:00,141.7,43,bid,CostlyCorianders,EarnestEspressos,8116236
2026-07-05T09:01:12.380744,2026-07-05T09:01:12.390056+00:00,141.6,11,bid,Xuanyu Liu,DiligentDonuts,8116258
2026-07-05T09:01:13.445323,2026-07-05T09:01:13.458580+00:00,141.1,50,ask,DiligentDonuts,FlawlessFlatbreads,8116270
2026-07-05T09:01:13.520665,2026-07-05T09:01:13.529977+00:00,141.6,12,bid,Xuanyu Liu,DiligentDonuts,8116274
2026-07-05T09:01:15.142996,2026-07-05T09:01:15.158593+00:00,141.5,41,ask,EarnestEspressos,CostlyCorianders,8116289
2026-07-05T09:01:15.538935,2026-07-05T09:01:15.550195+00:00,141.5,100,ask,EarnestEspressos,DiligentDonuts,8116298
2026-07-05T09:01:15.553627,2026-07-05T09:01:15.565592+00:00,141.5,9,ask,EarnestEspressos,FlawlessFlatbreads,8116299
2026-07-05T09:01:15.553627,2026-07-05T09:01:15.565592+00:00,141.0,41,ask,DiligentDonuts,FlawlessFlatbreads,8116300
2026-07-05T09:01:15.799766,2026-07-05T09:01:15.810767+00:00,142.0,47,bid,CostlyCorianders,EarnestEspressos,8116303
2026-07-05T09:01:16.422902,2026-07-05T09:01:16.434892+00:00,141.0,43,ask,DiligentDonuts,CostlyCorianders,8116310
2026-07-05T09:01:17.035889,2026-07-05T09:01:17.047898+00:00,141.4,40,ask,EarnestEspressos,CostlyCorianders,8116323
2026-07-05T09:01:17.646120,2026-07-05T09:01:17.656912+00:00,141.9,46,bid,CostlyCorianders,EarnestEspressos,8116335
2026-07-05T09:01:18.337234,2026-07-05T09:01:18.349703+00:00,141.9,45,bid,CostlyCorianders,EarnestEspressos,8116347
2026-07-05T09:01:22.079538,2026-07-05T09:01:22.091648+00:00,141.7,44,ask,EarnestEspressos,CostlyCorianders,8116403
2026-07-05T09:01:22.639213,2026-07-05T09:01:22.652011+00:00,141.9,44,bid,CostlyCorianders,DiligentDonuts,8116415
2026-07-05T09:01:22.697024,2026-07-05T09:01:22.709113+00:00,141.7,49,ask,EarnestEspressos,CostlyCorianders,8116418
2026-07-05T09:01:23.019404,2026-07-05T09:01:23.031321+00:00,141.6,11,bid,Xuanyu Liu,EarnestEspressos,8116423
2026-07-05T09:01:24.021912,2026-07-05T09:01:24.029181+00:00,141.4,50,ask,DiligentDonuts,FlawlessFlatbreads,8116446
2026-07-05T09:01:24.295883,2026-07-05T09:01:24.306423+00:00,141.6,11,bid,Xuanyu Liu,EarnestEspressos,8116448
2026-07-05T09:01:25.750755,2026-07-05T09:01:25.758576+00:00,141.6,40,bid,CostlyCorianders,EarnestEspressos,8116471
2026-07-05T09:01:25.806436,2026-07-05T09:01:25.818127+00:00,141.3,44,ask,DiligentDonuts,CostlyCorianders,8116473
2026-07-05T09:01:28.206933,2026-07-05T09:01:28.220148+00:00,141.7,50,bid,FlawlessFlatbreads,DiligentDonuts,8116517
2026-07-05T09:01:28.210592,2026-07-05T09:01:28.220148+00:00,141.7,12,bid,Xuanyu Liu,DiligentDonuts,8116518
2026-07-05T09:01:29.280980,2026-07-05T09:01:29.293368+00:00,141.7,38,bid,EarnestEspressos,DiligentDonuts,8116533
2026-07-05T09:01:30.173082,2026-07-05T09:01:30.185054+00:00,142.2,40,bid,CostlyCorianders,EarnestEspressos,8116546
2026-07-05T09:01:30.342063,2026-07-05T09:01:30.353977+00:00,142.2,50,bid,FlawlessFlatbreads,EarnestEspressos,8116549
2026-07-05T09:01:32.502843,2026-07-05T09:01:32.512579+00:00,141.8,50,ask,EarnestEspressos,FlawlessFlatbreads,8116585
2026-07-05T09:01:34.609540,2026-07-05T09:01:34.621255+00:00,141.8,50,ask,EarnestEspressos,FlawlessFlatbreads,8116615
2026-07-05T09:01:34.710725,2026-07-05T09:01:34.723055+00:00,142.2,47,bid,CostlyCorianders,DiligentDonuts,8116617
2026-07-05T09:01:35.720057,2026-07-05T09:01:35.728119+00:00,141.8,43,bid,CostlyCorianders,EarnestEspressos,8116633
2026-07-05T09:01:36.666104,2026-07-05T09:01:36.678492+00:00,141.8,50,bid,FlawlessFlatbreads,EarnestEspressos,8116653
2026-07-05T09:01:37.657300,2026-07-05T09:01:37.669312+00:00,141.8,57,bid,DiligentDonuts,EarnestEspressos,8116668
2026-07-05T09:01:38.442758,2026-07-05T09:01:38.452216+00:00,142.0,12,ask,DiligentDonuts,Xuanyu Liu,8116683
2026-07-05T09:01:38.859422,2026-07-05T09:01:38.869086+00:00,142.0,31,ask,DiligentDonuts,FlawlessFlatbreads,8116689
2026-07-05T09:01:38.859422,2026-07-05T09:01:38.869086+00:00,141.9,19,ask,EarnestEspressos,FlawlessFlatbreads,8116690
2026-07-05T09:01:40.916651,2026-07-05T09:01:40.923435+00:00,142.0,50,bid,FlawlessFlatbreads,DiligentDonuts,8116722
2026-07-05T09:01:41.059539,2026-07-05T09:01:41.068913+00:00,141.9,11,ask,EarnestEspressos,Xuanyu Liu,8116724
2026-07-05T09:01:41.967296,2026-07-05T09:01:41.979783+00:00,142.0,50,bid,EarnestEspressos,DiligentDonuts,8116742
2026-07-05T09:01:43.045629,2026-07-05T09:01:43.054956+00:00,142.7,50,bid,FlawlessFlatbreads,EarnestEspressos,8116761
2026-07-05T09:01:44.552332,2026-07-05T09:01:44.558558+00:00,142.2,48,ask,EarnestEspressos,CostlyCorianders,8116782
2026-07-05T09:01:45.153450,2026-07-05T09:01:45.163941+00:00,142.5,50,bid,FlawlessFlatbreads,DiligentDonuts,8116792
2026-07-05T09:01:45.519992,2026-07-05T09:01:45.530842+00:00,142.0,47,ask,DiligentDonuts,CostlyCorianders,8116794
2026-07-05T09:01:46.064444,2026-07-05T09:01:46.075592+00:00,142.3,48,bid,CostlyCorianders,EarnestEspressos,8116802
2026-07-05T09:01:47.266118,2026-07-05T09:01:47.274204+00:00,142.3,50,bid,FlawlessFlatbreads,EarnestEspressos,8116820
2026-07-05T09:01:49.238981,2026-07-05T09:01:49.248901+00:00,142.4,49,ask,EarnestEspressos,CostlyCorianders,8116849
2026-07-05T09:01:51.514338,2026-07-05T09:01:51.525798+00:00,142.8,50,bid,FlawlessFlatbreads,DiligentDonuts,8116881
2026-07-05T09:01:53.323004,2026-07-05T09:01:53.334100+00:00,142.8,40,bid,CostlyCorianders,DiligentDonuts,8116912
2026-07-05T09:01:53.485767,2026-07-05T09:01:53.494321+00:00,142.7,11,ask,DiligentDonuts,Xuanyu Liu,8116916
2026-07-05T09:01:53.626921,2026-07-05T09:01:53.638830+00:00,142.8,50,bid,FlawlessFlatbreads,EarnestEspressos,8116924
2026-07-05T09:01:55.722957,2026-07-05T09:01:55.750584+00:00,142.7,40,ask,DiligentDonuts,CostlyCorianders,8116955
2026-07-05T09:01:55.770789,2026-07-05T09:01:55.781758+00:00,143.2,50,bid,FlawlessFlatbreads,DiligentDonuts,8116956
2026-07-05T09:01:56.788749,2026-07-05T09:01:56.796658+00:00,142.8,46,ask,DiligentDonuts,CostlyCorianders,8116976
2026-07-05T09:01:57.885421,2026-07-05T09:01:57.896546+00:00,143.3,50,bid,FlawlessFlatbreads,DiligentDonuts,8116992
2026-07-05T09:01:59.381392,2026-07-05T09:01:59.391182+00:00,142.8,44,ask,DiligentDonuts,CostlyCorianders,8117025
2026-07-05T09:01:59.559500,2026-07-05T09:01:59.569205+00:00,142.8,10,ask,DiligentDonuts,Xuanyu Liu,8117029
2026-07-05T09:02:00.009502,2026-07-05T09:02:00.020105+00:00,143.0,50,bid,FlawlessFlatbreads,DiligentDonuts,8117034
2026-07-05T09:02:01.989563,2026-07-05T09:02:01.998396+00:00,143.0,47,bid,CostlyCorianders,DiligentDonuts,8117064
2026-07-05T09:02:02.117930,2026-07-05T09:02:02.129790+00:00,143.0,3,bid,FlawlessFlatbreads,DiligentDonuts,8117066
2026-07-05T09:02:02.117930,2026-07-05T09:02:02.129790+00:00,143.1,47,bid,FlawlessFlatbreads,EarnestEspressos,8117067
2026-07-05T09:02:02.446141,2026-07-05T09:02:02.458557+00:00,143.1,40,bid,CostlyCorianders,EarnestEspressos,8117073
2026-07-05T09:02:02.981716,2026-07-05T09:02:02.991894+00:00,143.0,2,ask,DiligentDonuts,Xuanyu Liu,8117080
2026-07-05T09:02:03.201363,2026-07-05T09:02:03.210753+00:00,143.0,23,ask,DiligentDonuts,Xuanyu Liu,8117085
2026-07-05T09:02:04.282141,2026-07-05T09:02:04.294586+00:00,143.2,50,ask,EarnestEspressos,FlawlessFlatbreads,8117101
2026-07-05T09:02:06.389531,2026-07-05T09:02:06.401615+00:00,143.2,50,ask,EarnestEspressos,FlawlessFlatbreads,8117134
2026-07-05T09:02:06.798299,2026-07-05T09:02:06.807051+00:00,143.2,41,ask,EarnestEspressos,CostlyCorianders,8117138
2026-07-05T09:02:07.292999,2026-07-05T09:02:07.300418+00:00,143.0,46,ask,DiligentDonuts,CostlyCorianders,8117145
2026-07-05T09:02:07.391548,2026-07-05T09:02:07.399714+00:00,143.0,54,ask,DiligentDonuts,EarnestEspressos,8117146
2026-07-05T09:02:07.406057,2026-07-05T09:02:07.415947+00:00,143.0,12,bid,Xuanyu Liu,EarnestEspressos,8117147
2026-07-05T09:02:08.498859,2026-07-05T09:02:08.510634+00:00,142.5,50,ask,EarnestEspressos,FlawlessFlatbreads,8117170
2026-07-05T09:02:08.608729,2026-07-05T09:02:08.623095+00:00,143.0,11,bid,Xuanyu Liu,EarnestEspressos,8117172
2026-07-05T09:02:12.662257,2026-07-05T09:02:12.674158+00:00,143.1,46,bid,CostlyCorianders,DiligentDonuts,8117226
2026-07-05T09:02:12.728327,2026-07-05T09:02:12.740037+00:00,142.7,50,ask,EarnestEspressos,FlawlessFlatbreads,8117228
2026-07-05T09:02:13.756556,2026-07-05T09:02:13.768165+00:00,142.8,47,bid,CostlyCorianders,EarnestEspressos,8117240
2026-07-05T09:02:14.835330,2026-07-05T09:02:14.847775+00:00,142.6,50,ask,DiligentDonuts,FlawlessFlatbreads,8117256
2026-07-05T09:02:16.246241,2026-07-05T09:02:16.263621+00:00,142.8,46,bid,CostlyCorianders,EarnestEspressos,8117277
2026-07-05T09:02:16.943103,2026-07-05T09:02:16.952515+00:00,142.7,50,ask,EarnestEspressos,FlawlessFlatbreads,8117287
2026-07-05T09:02:18.321589,2026-07-05T09:02:18.334315+00:00,142.7,44,ask,EarnestEspressos,CostlyCorianders,8117310
2026-07-05T09:02:20.418122,2026-07-05T09:02:20.427606+00:00,142.7,12,bid,Xuanyu Liu,EarnestEspressos,8117341
2026-07-05T09:02:21.100958,2026-07-05T09:02:21.112915+00:00,142.7,50,bid,FlawlessFlatbreads,EarnestEspressos,8117350
2026-07-05T09:02:21.209967,2026-07-05T09:02:21.217321+00:00,142.6,41,ask,DiligentDonuts,CostlyCorianders,8117358
2026-07-05T09:02:23.208105,2026-07-05T09:02:23.220398+00:00,142.8,50,bid,FlawlessFlatbreads,DiligentDonuts,8117398
2026-07-05T09:02:24.447232,2026-07-05T09:02:24.458603+00:00,142.8,47,bid,CostlyCorianders,DiligentDonuts,8117416
2026-07-05T09:02:25.053565,2026-07-05T09:02:25.058586+00:00,142.5,40,ask,EarnestEspressos,CostlyCorianders,8117422
2026-07-05T09:02:25.369277,2026-07-05T09:02:25.381199+00:00,142.6,50,ask,DiligentDonuts,FlawlessFlatbreads,8117428
2026-07-05T09:02:27.425493,2026-07-05T09:02:27.437140+00:00,142.9,50,bid,FlawlessFlatbreads,EarnestEspressos,8117451
2026-07-05T09:02:27.788147,2026-07-05T09:02:27.800082+00:00,142.9,44,bid,CostlyCorianders,EarnestEspressos,8117461
2026-07-05T09:02:27.854627,2026-07-05T09:02:27.869803+00:00,142.6,48,ask,DiligentDonuts,CostlyCorianders,8117463
2026-07-05T09:02:28.942710,2026-07-05T09:02:28.954561+00:00,142.8,43,bid,CostlyCorianders,DiligentDonuts,8117481
2026-07-05T09:02:29.587044,2026-07-05T09:02:29.594824+00:00,142.7,50,ask,EarnestEspressos,FlawlessFlatbreads,8117490
2026-07-05T09:02:30.024734,2026-07-05T09:02:30.036489+00:00,142.8,42,bid,CostlyCorianders,DiligentDonuts,8117497
2026-07-05T09:02:31.697934,2026-07-05T09:02:31.710117+00:00,142.7,50,ask,EarnestEspressos,FlawlessFlatbreads,8117530
2026-07-05T09:02:32.701278,2026-07-05T09:02:32.709348+00:00,142.5,49,ask,DiligentDonuts,CostlyCorianders,8117542
2026-07-05T09:02:33.807629,2026-07-05T09:02:33.819383+00:00,142.5,50,ask,DiligentDonuts,FlawlessFlatbreads,8117563
2026-07-05T09:02:34.270441,2026-07-05T09:02:34.282566+00:00,142.8,47,bid,CostlyCorianders,EarnestEspressos,8117567
2026-07-05T09:02:34.831146,2026-07-05T09:02:34.839944+00:00,142.3,41,ask,EarnestEspressos,CostlyCorianders,8117574
2026-07-05T09:02:35.914778,2026-07-05T09:02:35.926739+00:00,142.3,50,ask,DiligentDonuts,FlawlessFlatbreads,8117590
2026-07-05T09:02:36.441804,2026-07-05T09:02:36.453621+00:00,142.7,44,bid,CostlyCorianders,EarnestEspressos,8117594
2026-07-05T09:02:38.024382,2026-07-05T09:02:38.031638+00:00,142.2,50,ask,EarnestEspressos,FlawlessFlatbreads,8117613
2026-07-05T09:02:40.094135,2026-07-05T09:02:40.103769+00:00,142.5,22,bid,Xuanyu Liu,DiligentDonuts,8117653
2026-07-05T09:02:40.131436,2026-07-05T09:02:40.140001+00:00,142.3,50,ask,EarnestEspressos,FlawlessFlatbreads,8117656
2026-07-05T09:02:40.988909,2026-07-05T09:02:41.000884+00:00,142.3,100,ask,EarnestEspressos,DiligentDonuts,8117676
2026-07-05T09:02:42.205718,2026-07-05T09:02:42.214776+00:00,142.0,23,bid,Xuanyu Liu,EarnestEspressos,8117693
2026-07-05T09:02:44.100873,2026-07-05T09:02:44.110770+00:00,142.0,100,bid,DiligentDonuts,EarnestEspressos,8117725
2026-07-05T09:02:44.290773,2026-07-05T09:02:44.302883+00:00,142.0,27,bid,FlawlessFlatbreads,EarnestEspressos,8117726
2026-07-05T09:02:44.290773,2026-07-05T09:02:44.302883+00:00,142.6,23,bid,FlawlessFlatbreads,DiligentDonuts,8117727
2026-07-05T09:02:44.592506,2026-07-05T09:02:44.604491+00:00,141.5,40,ask,EarnestEspressos,CostlyCorianders,8117729
2026-07-05T09:02:46.401052,2026-07-05T09:02:46.412890+00:00,142.2,50,bid,FlawlessFlatbreads,EarnestEspressos,8117752
2026-07-05T09:02:47.145169,2026-07-05T09:02:47.157290+00:00,142.2,49,bid,CostlyCorianders,EarnestEspressos,8117763
2026-07-05T09:02:48.482205,2026-07-05T09:02:48.491853+00:00,142.1,23,ask,EarnestEspressos,Xuanyu Liu,8117793
2026-07-05T09:02:48.507099,2026-07-05T09:02:48.518856+00:00,142.2,50,bid,FlawlessFlatbreads,DiligentDonuts,8117795
2026-07-05T09:02:49.281321,2026-07-05T09:02:49.291250+00:00,142.1,11,ask,EarnestEspressos,Xuanyu Liu,8117805
2026-07-05T09:02:54.568409,2026-07-05T09:02:54.580110+00:00,141.9,46,ask,EarnestEspressos,CostlyCorianders,8117869
2026-07-05T09:02:54.875482,2026-07-05T09:02:54.884364+00:00,141.9,50,ask,DiligentDonuts,FlawlessFlatbreads,8117874
2026-07-05T09:02:56.621039,2026-07-05T09:02:56.632889+00:00,142.3,47,bid,CostlyCorianders,EarnestEspressos,8117902
2026-07-05T09:02:57.713713,2026-07-05T09:02:57.725646+00:00,141.9,49,ask,DiligentDonuts,CostlyCorianders,8117919
2026-07-05T09:02:59.035007,2026-07-05T09:02:59.047096+00:00,142.4,50,bid,FlawlessFlatbreads,DiligentDonuts,8117933
2026-07-05T09:03:00.708241,2026-07-05T09:03:00.718253+00:00,142.2,47,ask,EarnestEspressos,CostlyCorianders,8117965
2026-07-05T09:03:01.209674,2026-07-05T09:03:01.227924+00:00,142.1,50,ask,DiligentDonuts,FlawlessFlatbreads,8117973
2026-07-05T09:03:01.235202,2026-07-05T09:03:01.243508+00:00,142.6,47,bid,CostlyCorianders,DiligentDonuts,8117975
2026-07-05T09:03:03.260625,2026-07-05T09:03:03.271429+00:00,142.1,41,ask,EarnestEspressos,CostlyCorianders,8118011
2026-07-05T09:03:03.270175,2026-07-05T09:03:03.281862+00:00,142.6,50,bid,FlawlessFlatbreads,EarnestEspressos,8118012
2026-07-05T09:03:09.619814,2026-07-05T09:03:09.630877+00:00,142.5,50,bid,FlawlessFlatbreads,EarnestEspressos,8118099
2026-07-05T09:03:11.727996,2026-07-05T09:03:11.716942+00:00,142.5,50,bid,FlawlessFlatbreads,DiligentDonuts,8118128
2026-07-05T09:03:13.404450,2026-07-05T09:03:13.414907+00:00,142.2,11,ask,EarnestEspressos,Xuanyu Liu,8118153
2026-07-05T09:03:13.859303,2026-07-05T09:03:13.869413+00:00,142.5,50,bid,FlawlessFlatbreads,DiligentDonuts,8118161
2026-07-05T09:03:15.965034,2026-07-05T09:03:15.976932+00:00,142.4,50,bid,FlawlessFlatbreads,EarnestEspressos,8118191
2026-07-05T09:03:16.192178,2026-07-05T09:03:16.204230+00:00,142.4,41,bid,CostlyCorianders,EarnestEspressos,8118193
2026-07-05T09:03:18.082547,2026-07-05T09:03:18.090877+00:00,142.7,50,bid,FlawlessFlatbreads,DiligentDonuts,8118217
2026-07-05T09:03:18.134818,2026-07-05T09:03:18.144938+00:00,142.3,12,ask,EarnestEspressos,Xuanyu Liu,8118218
2026-07-05T09:03:19.459712,2026-07-05T09:03:19.469263+00:00,142.3,11,ask,EarnestEspressos,Xuanyu Liu,8118234
2026-07-05T09:03:20.190514,2026-07-05T09:03:20.200296+00:00,142.6,50,bid,FlawlessFlatbreads,EarnestEspressos,8118251
2026-07-05T09:03:22.016530,2026-07-05T09:03:22.028589+00:00,142.2,41,ask,DiligentDonuts,CostlyCorianders,8118277
2026-07-05T09:03:22.334863,2026-07-05T09:03:22.342839+00:00,142.6,50,bid,FlawlessFlatbreads,EarnestEspressos,8118284
2026-07-05T09:03:23.298345,2026-07-05T09:03:23.310571+00:00,142.6,100,bid,EarnestEspressos,DiligentDonuts,8118299
2026-07-05T09:03:23.366972,2026-07-05T09:03:23.376824+00:00,142.8,23,ask,EarnestEspressos,Xuanyu Liu,8118301
2026-07-05T09:03:23.578617,2026-07-05T09:03:23.587840+00:00,142.8,27,ask,EarnestEspressos,CostlyCorianders,8118305
2026-07-05T09:03:24.442793,2026-07-05T09:03:24.463645+00:00,143.3,50,bid,FlawlessFlatbreads,EarnestEspressos,8118321
2026-07-05T09:03:27.507231,2026-07-05T09:03:27.517032+00:00,143.0,41,bid,CostlyCorianders,EarnestEspressos,8118361
2026-07-05T09:03:27.978678,2026-07-05T09:03:27.987749+00:00,143.0,42,bid,CostlyCorianders,EarnestEspressos,8118371
2026-07-05T09:03:28.725505,2026-07-05T09:03:28.737786+00:00,142.8,50,ask,DiligentDonuts,FlawlessFlatbreads,8118386
2026-07-05T09:03:30.839390,2026-07-05T09:03:30.846437+00:00,142.8,50,ask,DiligentDonuts,FlawlessFlatbreads,8118422
2026-07-05T09:03:31.550895,2026-07-05T09:03:31.559237+00:00,142.8,48,ask,EarnestEspressos,CostlyCorianders,8118431
2026-07-05T09:03:31.663139,2026-07-05T09:03:31.674133+00:00,142.8,100,ask,EarnestEspressos,DiligentDonuts,8118433
2026-07-05T09:03:32.945059,2026-07-05T09:03:32.956891+00:00,142.3,50,ask,DiligentDonuts,FlawlessFlatbreads,8118456
2026-07-05T09:03:33.871275,2026-07-05T09:03:33.880578+00:00,142.6,11,bid,Xuanyu Liu,EarnestEspressos,8118470
2026-07-05T09:03:35.512430,2026-07-05T09:03:35.524469+00:00,142.6,49,bid,CostlyCorianders,EarnestEspressos,8118503
2026-07-05T09:03:35.568503,2026-07-05T09:03:35.580718+00:00,142.5,48,ask,DiligentDonuts,CostlyCorianders,8118504
2026-07-05T09:03:37.643334,2026-07-05T09:03:37.650299+00:00,142.9,43,bid,CostlyCorianders,EarnestEspressos,8118536
2026-07-05T09:03:39.299068,2026-07-05T09:03:39.309495+00:00,142.8,50,ask,EarnestEspressos,FlawlessFlatbreads,8118558
2026-07-05T09:03:41.405768,2026-07-05T09:03:41.417998+00:00,142.8,50,ask,EarnestEspressos,FlawlessFlatbreads,8118593
2026-07-05T09:03:43.540432,2026-07-05T09:03:43.548486+00:00,142.4,50,ask,DiligentDonuts,FlawlessFlatbreads,8118619
2026-07-05T09:03:43.966577,2026-07-05T09:03:43.978332+00:00,142.4,45,ask,DiligentDonuts,CostlyCorianders,8118631
2026-07-05T09:03:44.359522,2026-07-05T09:03:44.370299+00:00,142.6,23,bid,Xuanyu Liu,DiligentDonuts,8118636
2026-07-05T09:03:45.648612,2026-07-05T09:03:45.658471+00:00,142.4,50,ask,EarnestEspressos,FlawlessFlatbreads,8118648
2026-07-05T09:03:47.755244,2026-07-05T09:03:47.763781+00:00,142.4,50,ask,EarnestEspressos,FlawlessFlatbreads,8118690
2026-07-05T09:03:48.705886,2026-07-05T09:03:48.715413+00:00,142.5,12,bid,Xuanyu Liu,EarnestEspressos,8118702
2026-07-05T09:03:49.630113,2026-07-05T09:03:49.637660+00:00,142.5,46,bid,CostlyCorianders,EarnestEspressos,8118713
2026-07-05T09:03:49.811098,2026-07-05T09:03:49.822892+00:00,142.5,50,bid,FlawlessFlatbreads,EarnestEspressos,8118715
2026-07-05T09:03:50.228911,2026-07-05T09:03:50.236085+00:00,142.5,41,bid,CostlyCorianders,EarnestEspressos,8118720
2026-07-05T09:03:51.917241,2026-07-05T09:03:51.929306+00:00,142.8,50,bid,FlawlessFlatbreads,DiligentDonuts,8118752
2026-07-05T09:03:51.935512,2026-07-05T09:03:51.947464+00:00,142.5,46,ask,EarnestEspressos,CostlyCorianders,8118753
2026-07-05T09:03:54.049674,2026-07-05T09:03:54.058563+00:00,142.9,50,bid,FlawlessFlatbreads,DiligentDonuts,8118781
2026-07-05T09:03:54.072069,2026-07-05T09:03:54.079714+00:00,142.5,48,ask,EarnestEspressos,CostlyCorianders,8118783
2026-07-05T09:03:55.534575,2026-07-05T09:03:55.536598+00:00,142.6,48,bid,CostlyCorianders,EarnestEspressos,8118801
2026-07-05T09:03:56.157693,2026-07-05T09:03:56.169570+00:00,142.6,50,bid,FlawlessFlatbreads,EarnestEspressos,8118812
2026-07-05T09:03:57.483193,2026-07-05T09:03:57.504366+00:00,142.6,11,bid,Xuanyu Liu,EarnestEspressos,8118827
2026-07-05T09:03:58.264085,2026-07-05T09:03:58.274609+00:00,143.0,50,bid,FlawlessFlatbreads,DiligentDonuts,8118840
2026-07-05T09:03:58.800866,2026-07-05T09:03:58.813060+00:00,142.9,11,ask,EarnestEspressos,Xuanyu Liu,8118847
2026-07-05T09:03:59.047338,2026-07-05T09:03:59.054023+00:00,142.9,44,ask,EarnestEspressos,CostlyCorianders,8118849
2026-07-05T09:03:59.578078,2026-07-05T09:03:59.590011+00:00,142.9,48,ask,EarnestEspressos,CostlyCorianders,8118857
2026-07-05T09:04:00.092623,2026-07-05T09:04:00.102228+00:00,143.0,12,ask,DiligentDonuts,Xuanyu Liu,8118868
2026-07-05T09:04:00.376566,2026-07-05T09:04:00.388825+00:00,143.4,50,bid,FlawlessFlatbreads,EarnestEspressos,8118872
2026-07-05T09:04:02.194576,2026-07-05T09:04:02.206020+00:00,143.2,41,bid,CostlyCorianders,EarnestEspressos,8118894
2026-07-05T09:04:02.488168,2026-07-05T09:04:02.496615+00:00,143.2,50,bid,FlawlessFlatbreads,EarnestEspressos,8118900
2026-07-05T09:04:03.753479,2026-07-05T09:04:03.765587+00:00,143.1,43,ask,DiligentDonuts,CostlyCorianders,8118911
2026-07-05T09:04:04.044831,2026-07-05T09:04:04.054061+00:00,143.1,11,ask,DiligentDonuts,Xuanyu Liu,8118917
2026-07-05T09:04:04.596206,2026-07-05T09:04:04.608288+00:00,143.5,50,bid,FlawlessFlatbreads,EarnestEspressos,8118923
2026-07-05T09:04:05.335458,2026-07-05T09:04:05.346281+00:00,143.5,44,bid,CostlyCorianders,EarnestEspressos,8118935
2026-07-05T09:04:06.704381,2026-07-05T09:04:06.716999+00:00,143.4,50,bid,FlawlessFlatbreads,DiligentDonuts,8118953
2026-07-05T09:04:07.288316,2026-07-05T09:04:07.305980+00:00,143.0,40,ask,EarnestEspressos,CostlyCorianders,8118961
2026-07-05T09:04:07.661259,2026-07-05T09:04:07.669133+00:00,143.4,50,bid,EarnestEspressos,DiligentDonuts,8118966
2026-07-05T09:04:07.727386,2026-07-05T09:04:07.742023+00:00,143.4,23,ask,EarnestEspressos,Xuanyu Liu,8118967
2026-07-05T09:04:08.314621,2026-07-05T09:04:08.325358+00:00,143.9,43,bid,CostlyCorianders,EarnestEspressos,8118976
2026-07-05T09:04:08.864196,2026-07-05T09:04:08.876206+00:00,143.4,50,ask,EarnestEspressos,FlawlessFlatbreads,8118985
2026-07-05T09:04:10.976528,2026-07-05T09:04:10.988489+00:00,143.5,50,ask,DiligentDonuts,FlawlessFlatbreads,8119012
2026-07-05T09:04:13.084575,2026-07-05T09:04:13.096796+00:00,143.3,50,ask,DiligentDonuts,FlawlessFlatbreads,8119040
2026-07-05T09:04:14.174114,2026-07-05T09:04:14.185221+00:00,143.4,43,ask,EarnestEspressos,CostlyCorianders,8119052
2026-07-05T09:04:15.146202,2026-07-05T09:04:15.158627+00:00,143.8,50,bid,FlawlessFlatbreads,DiligentDonuts,8119067
2026-07-05T09:04:17.252562,2026-07-05T09:04:17.264945+00:00,143.6,50,bid,FlawlessFlatbreads,EarnestEspressos,8119099
2026-07-05T09:04:18.496523,2026-07-05T09:04:18.508615+00:00,143.6,43,bid,CostlyCorianders,EarnestEspressos,8119114
2026-07-05T09:04:19.412961,2026-07-05T09:04:19.424792+00:00,143.3,50,ask,DiligentDonuts,FlawlessFlatbreads,8119128
2026-07-05T09:04:21.518983,2026-07-05T09:04:21.530975+00:00,143.3,50,ask,DiligentDonuts,FlawlessFlatbreads,8119156
2026-07-05T09:04:21.845525,2026-07-05T09:04:21.855230+00:00,143.7,47,bid,CostlyCorianders,EarnestEspressos,8119165
2026-07-05T09:04:21.900925,2026-07-05T09:04:21.912994+00:00,143.2,42,ask,EarnestEspressos,CostlyCorianders,8119166
2026-07-05T09:04:22.416333,2026-07-05T09:04:22.426761+00:00,143.2,49,ask,EarnestEspressos,CostlyCorianders,8119177
2026-07-05T09:04:23.628152,2026-07-05T09:04:23.640122+00:00,143.0,50,ask,EarnestEspressos,FlawlessFlatbreads,8119193
2026-07-05T09:04:24.039288,2026-07-05T09:04:24.046849+00:00,143.4,49,bid,CostlyCorianders,DiligentDonuts,8119196
2026-07-05T09:04:24.619543,2026-07-05T09:04:24.631812+00:00,143.0,47,ask,EarnestEspressos,CostlyCorianders,8119203
2026-07-05T09:04:25.684304,2026-07-05T09:04:25.696240+00:00,143.4,50,bid,FlawlessFlatbreads,DiligentDonuts,8119230
2026-07-05T09:04:25.698587,2026-07-05T09:04:25.710305+00:00,143.4,41,bid,CostlyCorianders,DiligentDonuts,8119231
2026-07-05T09:04:26.713439,2026-07-05T09:04:26.722631+00:00,143.1,11,bid,Xuanyu Liu,EarnestEspressos,8119248
2026-07-05T09:04:27.301354,2026-07-05T09:04:27.310770+00:00,143.1,12,bid,Xuanyu Liu,EarnestEspressos,8119257
2026-07-05T09:04:27.790983,2026-07-05T09:04:27.798459+00:00,143.1,50,bid,FlawlessFlatbreads,EarnestEspressos,8119260
2026-07-05T09:04:28.172786,2026-07-05T09:04:28.185095+00:00,143.1,48,bid,CostlyCorianders,EarnestEspressos,8119265
2026-07-05T09:04:28.564039,2026-07-05T09:04:28.576440+00:00,143.1,29,bid,DiligentDonuts,EarnestEspressos,8119273
2026-07-05T09:04:29.824100,2026-07-05T09:04:29.835844+00:00,143.5,12,ask,EarnestEspressos,Xuanyu Liu,8119296
2026-07-05T09:04:29.902679,2026-07-05T09:04:29.912451+00:00,143.7,50,bid,FlawlessFlatbreads,DiligentDonuts,8119301
2026-07-05T09:04:31.171783,2026-07-05T09:04:31.183511+00:00,143.5,40,ask,EarnestEspressos,CostlyCorianders,8119322
2026-07-05T09:04:31.377187,2026-07-05T09:04:31.390536+00:00,143.5,11,ask,EarnestEspressos,Xuanyu Liu,8119326
2026-07-05T09:04:31.602307,2026-07-05T09:04:31.612155+00:00,143.5,3,ask,EarnestEspressos,Xuanyu Liu,8119330
2026-07-05T09:04:32.062905,2026-07-05T09:04:32.074842+00:00,143.5,50,ask,EarnestEspressos,FlawlessFlatbreads,8119338
2026-07-05T09:04:32.253820,2026-07-05T09:04:32.257689+00:00,143.5,34,ask,EarnestEspressos,CostlyCorianders,8119339
2026-07-05T09:04:32.253820,2026-07-05T09:04:32.257689+00:00,143.2,6,ask,DiligentDonuts,CostlyCorianders,8119340
2026-07-05T09:04:33.026935,2026-07-05T09:04:33.034112+00:00,143.2,94,ask,DiligentDonuts,EarnestEspressos,8119351
2026-07-05T09:04:33.043392,2026-07-05T09:04:33.054728+00:00,143.2,14,bid,Xuanyu Liu,EarnestEspressos,8119352
2026-07-05T09:04:34.119486,2026-07-05T09:04:34.130459+00:00,143.2,42,bid,FlawlessFlatbreads,EarnestEspressos,8119371
2026-07-05T09:04:34.119486,2026-07-05T09:04:34.130459+00:00,143.7,8,bid,FlawlessFlatbreads,DiligentDonuts,8119372
2026-07-05T09:04:35.076073,2026-07-05T09:04:35.088254+00:00,143.4,47,bid,CostlyCorianders,DiligentDonuts,8119385
2026-07-05T09:04:35.537341,2026-07-05T09:04:35.545656+00:00,142.9,49,ask,DiligentDonuts,CostlyCorianders,8119389
2026-07-05T09:04:36.284069,2026-07-05T09:04:36.295714+00:00,143.3,50,ask,EarnestEspressos,FlawlessFlatbreads,8119401
2026-07-05T09:04:36.871146,2026-07-05T09:04:36.880981+00:00,143.3,11,ask,EarnestEspressos,Xuanyu Liu,8119408
2026-07-05T09:04:37.012884,2026-07-05T09:04:37.021297+00:00,143.4,48,bid,CostlyCorianders,DiligentDonuts,8119411
2026-07-05T09:04:37.602531,2026-07-05T09:04:37.615110+00:00,143.3,46,ask,EarnestEspressos,CostlyCorianders,8119417
2026-07-05T09:04:38.340042,2026-07-05T09:04:38.348955+00:00,143.5,50,bid,FlawlessFlatbreads,DiligentDonuts,8119428
2026-07-05T09:04:39.489191,2026-07-05T09:04:39.498766+00:00,143.2,11,bid,Xuanyu Liu,EarnestEspressos,8119444
2026-07-05T09:04:40.447948,2026-07-05T09:04:40.458634+00:00,143.2,50,bid,FlawlessFlatbreads,EarnestEspressos,8119463
2026-07-05T09:04:42.155859,2026-07-05T09:04:42.158608+00:00,143.1,45,ask,DiligentDonuts,CostlyCorianders,8119486
2026-07-05T09:04:42.619025,2026-07-05T09:04:42.630878+00:00,143.1,50,ask,DiligentDonuts,FlawlessFlatbreads,8119493
2026-07-05T09:04:42.699732,2026-07-05T09:04:42.711793+00:00,143.5,47,bid,CostlyCorianders,EarnestEspressos,8119495
2026-07-05T09:04:44.754642,2026-07-05T09:04:44.763756+00:00,143.0,50,ask,EarnestEspressos,FlawlessFlatbreads,8119530
2026-07-05T09:04:45.312926,2026-07-05T09:04:45.324850+00:00,143.4,48,bid,CostlyCorianders,DiligentDonuts,8119536
2026-07-05T09:04:45.368383,2026-07-05T09:04:45.380294+00:00,143.0,43,ask,EarnestEspressos,CostlyCorianders,8119538
2026-07-05T09:04:46.427415,2026-07-05T09:04:46.439777+00:00,143.1,43,ask,EarnestEspressos,CostlyCorianders,8119551
2026-07-05T09:04:46.861352,2026-07-05T09:04:46.873788+00:00,143.1,50,ask,EarnestEspressos,FlawlessFlatbreads,8119559
2026-07-05T09:04:47.028068,2026-07-05T09:04:47.035985+00:00,143.1,43,ask,EarnestEspressos,CostlyCorianders,8119565
2026-07-05T09:04:48.851958,2026-07-05T09:04:48.870107+00:00,143.1,100,ask,DiligentDonuts,EarnestEspressos,8119587
2026-07-05T09:04:48.859519,2026-07-05T09:04:48.870107+00:00,142.9,12,bid,Xuanyu Liu,EarnestEspressos,8119588
2026-07-05T09:04:48.971827,2026-07-05T09:04:48.981730+00:00,142.4,50,ask,EarnestEspressos,FlawlessFlatbreads,8119591
2026-07-05T09:04:49.113400,2026-07-05T09:04:49.122869+00:00,142.9,11,bid,Xuanyu Liu,EarnestEspressos,8119592
2026-07-05T09:04:49.282456,2026-07-05T09:04:49.294309+00:00,142.9,27,bid,CostlyCorianders,EarnestEspressos,8119594
2026-07-05T09:04:49.282456,2026-07-05T09:04:49.294309+00:00,143.6,14,bid,CostlyCorianders,DiligentDonuts,8119595
2026-07-05T09:04:51.078910,2026-07-05T09:04:51.086165+00:00,142.8,50,ask,DiligentDonuts,FlawlessFlatbreads,8119622
2026-07-05T09:04:51.599287,2026-07-05T09:04:51.611078+00:00,143.3,49,bid,CostlyCorianders,DiligentDonuts,8119631
2026-07-05T09:04:52.219484,2026-07-05T09:04:52.231297+00:00,143.3,49,bid,CostlyCorianders,DiligentDonuts,8119642
2026-07-05T09:04:53.205764,2026-07-05T09:04:53.213897+00:00,142.9,50,ask,EarnestEspressos,FlawlessFlatbreads,8119656
2026-07-05T09:04:55.138922,2026-07-05T09:04:55.147464+00:00,143.1,41,ask,DiligentDonuts,CostlyCorianders,8119676
2026-07-05T09:04:55.192960,2026-07-05T09:04:55.204386+00:00,143.1,10,ask,DiligentDonuts,Yashwanth Madan,8119679
2026-07-05T09:04:55.312386,2026-07-05T09:04:55.324166+00:00,143.1,49,ask,DiligentDonuts,FlawlessFlatbreads,8119680
2026-07-05T09:04:55.312386,2026-07-05T09:04:55.324166+00:00,142.8,1,ask,EarnestEspressos,FlawlessFlatbreads,8119681
2026-07-05T09:04:55.419871,2026-07-05T09:04:55.427282+00:00,142.8,10,ask,EarnestEspressos,Yashwanth Madan,8119683
2026-07-05T09:04:55.649812,2026-07-05T09:04:55.658748+00:00,142.8,7,ask,EarnestEspressos,Yashwanth Madan,8119686
2026-07-05T09:04:55.867639,2026-07-05T09:04:55.877592+00:00,143.3,20,bid,Yashwanth Madan,EarnestEspressos,8119692
2026-07-05T09:04:56.199871,2026-07-05T09:04:56.216369+00:00,142.8,44,ask,EarnestEspressos,CostlyCorianders,8119697
2026-07-05T09:04:56.234966,2026-07-05T09:04:56.242497+00:00,143.3,20,bid,Yashwanth Madan,EarnestEspressos,8119700
2026-07-05T09:04:56.579097,2026-07-05T09:04:56.590462+00:00,143.3,20,bid,Yashwanth Madan,EarnestEspressos,8119703
2026-07-05T09:04:56.922339,2026-07-05T09:04:56.929566+00:00,143.3,12,bid,Yashwanth Madan,EarnestEspressos,8119710
2026-07-05T09:04:57.266630,2026-07-05T09:04:57.273821+00:00,143.3,5,bid,Yashwanth Madan,EarnestEspressos,8119721
2026-07-05T09:04:57.444096,2026-07-05T09:04:57.463946+00:00,142.8,50,ask,EarnestEspressos,FlawlessFlatbreads,8119724
2026-07-05T09:04:57.609611,2026-07-05T09:04:57.616641+00:00,143.3,2,bid,Yashwanth Madan,EarnestEspressos,8119729
2026-07-05T09:04:59.650841,2026-07-05T09:04:59.658556+00:00,143.3,42,bid,CostlyCorianders,DiligentDonuts,8119769
2026-07-05T09:05:00.717174,2026-07-05T09:05:00.729033+00:00,143.3,43,bid,CostlyCorianders,EarnestEspressos,8119787
2026-07-05T09:05:00.772018,2026-07-05T09:05:00.789404+00:00,143.1,43,ask,DiligentDonuts,CostlyCorianders,8119789
2026-07-05T09:05:01.602637,2026-07-05T09:05:01.612523+00:00,143.3,50,bid,FlawlessFlatbreads,EarnestEspressos,8119797
2026-07-05T09:05:02.500691,2026-07-05T09:05:02.512563+00:00,143.3,46,bid,CostlyCorianders,EarnestEspressos,8119810
2026-07-05T09:05:03.718930,2026-07-05T09:05:03.730979+00:00,143.3,50,bid,FlawlessFlatbreads,EarnestEspressos,8119829
2026-07-05T09:05:04.182377,2026-07-05T09:05:04.196429+00:00,143.0,41,ask,DiligentDonuts,CostlyCorianders,8119837
2026-07-05T09:05:04.619190,2026-07-05T09:05:04.631134+00:00,143.5,100,bid,EarnestEspressos,DiligentDonuts,8119839
2026-07-05T09:05:04.687577,2026-07-05T09:05:04.697697+00:00,143.6,34,ask,EarnestEspressos,Xuanyu Liu,8119843
2026-07-05T09:05:05.796897,2026-07-05T09:05:05.808786+00:00,143.6,3,ask,EarnestEspressos,Xuanyu Liu,8119863
2026-07-05T09:05:06.180049,2026-07-05T09:05:06.191907+00:00,143.6,13,ask,EarnestEspressos,Yashwanth Madan,8119868
2026-07-05T09:05:07.935519,2026-07-05T09:05:07.943553+00:00,143.4,50,bid,FlawlessFlatbreads,DiligentDonuts,8119899
2026-07-05T09:05:08.459824,2026-07-05T09:05:08.468586+00:00,143.4,3,bid,Xuanyu Liu,DiligentDonuts,8119909
2026-07-05T09:05:09.513177,2026-07-05T09:05:09.522429+00:00,143.0,41,ask,EarnestEspressos,CostlyCorianders,8119928
2026-07-05T09:05:10.044669,2026-07-05T09:05:10.056948+00:00,143.5,50,bid,FlawlessFlatbreads,EarnestEspressos,8119937
2026-07-05T09:05:11.098709,2026-07-05T09:05:11.110541+00:00,143.2,45,ask,DiligentDonuts,CostlyCorianders,8119945
2026-07-05T09:05:12.177407,2026-07-05T09:05:12.189376+00:00,143.5,50,bid,FlawlessFlatbreads,EarnestEspressos,8119968
2026-07-05T09:05:12.482802,2026-07-05T09:05:12.494681+00:00,143.5,49,bid,CostlyCorianders,EarnestEspressos,8119972
2026-07-05T09:05:14.107516,2026-07-05T09:05:14.116067+00:00,143.2,100,bid,EarnestEspressos,DiligentDonuts,8119991
2026-07-05T09:05:14.285315,2026-07-05T09:05:14.293698+00:00,143.8,50,bid,FlawlessFlatbreads,EarnestEspressos,8119997
2026-07-05T09:05:16.299093,2026-07-05T09:05:16.308676+00:00,143.4,3,ask,DiligentDonuts,Xuanyu Liu,8120036
2026-07-05T09:05:16.351811,2026-07-05T09:05:16.360428+00:00,143.4,20,ask,DiligentDonuts,Yashwanth Madan,8120040
2026-07-05T09:05:16.417250,2026-07-05T09:05:16.426116+00:00,143.7,10,bid,FlawlessFlatbreads,Yashwanth Madan,8120042
2026-07-05T09:05:16.417250,2026-07-05T09:05:16.426116+00:00,143.8,40,bid,FlawlessFlatbreads,EarnestEspressos,8120043
2026-07-05T09:05:16.624330,2026-07-05T09:05:16.634889+00:00,143.4,20,ask,DiligentDonuts,Yashwanth Madan,8120050
2026-07-05T09:05:16.968359,2026-07-05T09:05:16.975320+00:00,143.4,20,ask,DiligentDonuts,Yashwanth Madan,8120055
2026-07-05T09:05:17.027015,2026-07-05T09:05:17.039175+00:00,143.4,37,ask,DiligentDonuts,CostlyCorianders,8120056
2026-07-05T09:05:17.027015,2026-07-05T09:05:17.039175+00:00,143.3,7,ask,EarnestEspressos,CostlyCorianders,8120057
2026-07-05T09:05:17.207509,2026-07-05T09:05:17.219776+00:00,143.3,6,ask,EarnestEspressos,Yashwanth Madan,8120060
2026-07-05T09:05:18.525998,2026-07-05T09:05:18.537899+00:00,143.6,50,bid,FlawlessFlatbreads,EarnestEspressos,8120080
2026-07-05T09:05:19.366371,2026-07-05T09:05:19.374230+00:00,143.3,10,bid,Yashwanth Madan,DiligentDonuts,8120093
2026-07-05T09:05:19.388113,2026-07-05T09:05:19.400262+00:00,143.1,10,ask,EarnestEspressos,Yashwanth Madan,8120094
2026-07-05T09:05:19.610628,2026-07-05T09:05:19.623251+00:00,143.3,10,bid,Yashwanth Madan,DiligentDonuts,8120095
2026-07-05T09:05:20.439687,2026-07-05T09:05:20.458721+00:00,143.3,80,bid,EarnestEspressos,DiligentDonuts,8120112
2026-07-05T09:05:20.642780,2026-07-05T09:05:20.654728+00:00,143.8,50,bid,FlawlessFlatbreads,EarnestEspressos,8120114
2026-07-05T09:05:20.651755,2026-07-05T09:05:20.654728+00:00,143.8,46,bid,CostlyCorianders,EarnestEspressos,8120115
2026-07-05T09:05:22.750087,2026-07-05T09:05:22.758572+00:00,143.8,50,bid,FlawlessFlatbreads,EarnestEspressos,8120142
2026-07-05T09:05:23.623700,2026-07-05T09:05:23.630494+00:00,143.8,100,bid,EarnestEspressos,DiligentDonuts,8120155
2026-07-05T09:05:25.475470,2026-07-05T09:05:25.485625+00:00,143.8,3,ask,EarnestEspressos,Xuanyu Liu,8120186
2026-07-05T09:05:26.991392,2026-07-05T09:05:27.003944+00:00,143.8,50,bid,FlawlessFlatbreads,EarnestEspressos,8120213
2026-07-05T09:05:27.087066,2026-07-05T09:05:27.095148+00:00,143.6,48,ask,DiligentDonuts,CostlyCorianders,8120216
2026-07-05T09:05:28.066196,2026-07-05T09:05:28.078549+00:00,143.8,47,bid,CostlyCorianders,EarnestEspressos,8120229
2026-07-05T09:05:29.192327,2026-07-05T09:05:29.204053+00:00,143.4,50,ask,DiligentDonuts,FlawlessFlatbreads,8120247
2026-07-05T09:05:31.303843,2026-07-05T09:05:31.313524+00:00,143.8,50,ask,EarnestEspressos,FlawlessFlatbreads,8120268
2026-07-05T09:05:31.892821,2026-07-05T09:05:31.905099+00:00,143.8,58,ask,EarnestEspressos,DiligentDonuts,8120278
2026-07-05T09:05:33.332137,2026-07-05T09:05:33.341520+00:00,143.7,3,bid,Xuanyu Liu,EarnestEspressos,8120306
2026-07-05T09:05:33.412323,2026-07-05T09:05:33.424766+00:00,143.4,10,ask,Yashwanth Madan,FlawlessFlatbreads,8120308
2026-07-05T09:05:33.412323,2026-07-05T09:05:33.424766+00:00,143.3,40,ask,DiligentDonuts,FlawlessFlatbreads,8120309
2026-07-05T09:05:34.350019,2026-07-05T09:05:34.357371+00:00,143.7,42,bid,CostlyCorianders,EarnestEspressos,8120316
2026-07-05T09:05:35.538903,2026-07-05T09:05:35.546102+00:00,143.7,44,bid,CostlyCorianders,EarnestEspressos,8120344
2026-07-05T09:05:35.539107,2026-07-05T09:05:35.551118+00:00,143.5,50,ask,DiligentDonuts,FlawlessFlatbreads,8120345
2026-07-05T09:05:37.645890,2026-07-05T09:05:37.648488+00:00,143.7,50,ask,EarnestEspressos,FlawlessFlatbreads,8120382
2026-07-05T09:05:39.752224,2026-07-05T09:05:39.764443+00:00,143.5,50,ask,EarnestEspressos,FlawlessFlatbreads,8120402
2026-07-05T09:05:40.234916,2026-07-05T09:05:40.246781+00:00,143.5,43,ask,EarnestEspressos,CostlyCorianders,8120412
2026-07-05T09:05:41.862674,2026-07-05T09:05:41.874675+00:00,143.5,50,ask,EarnestEspressos,FlawlessFlatbreads,8120445
2026-07-05T09:05:42.200896,2026-07-05T09:05:42.211191+00:00,143.5,7,ask,EarnestEspressos,CostlyCorianders,8120450
2026-07-05T09:05:42.200896,2026-07-05T09:05:42.211191+00:00,143.4,34,ask,DiligentDonuts,CostlyCorianders,8120451
2026-07-05T09:05:42.676610,2026-07-05T09:05:42.699990+00:00,143.4,66,ask,DiligentDonuts,EarnestEspressos,8120459
2026-07-05T09:05:42.689695,2026-07-05T09:05:42.699990+00:00,143.4,14,bid,Xuanyu Liu,EarnestEspressos,8120460
2026-07-05T09:05:43.968430,2026-07-05T09:05:43.979813+00:00,142.9,50,ask,EarnestEspressos,FlawlessFlatbreads,8120480
2026-07-05T09:05:46.075472,2026-07-05T09:05:46.082749+00:00,143.0,50,ask,DiligentDonuts,FlawlessFlatbreads,8120517
2026-07-05T09:05:46.328112,2026-07-05T09:05:46.340442+00:00,143.3,45,bid,CostlyCorianders,EarnestEspressos,8120522
2026-07-05T09:05:46.470081,2026-07-05T09:05:46.479845+00:00,143.3,35,bid,Xuanyu Liu,EarnestEspressos,8120526
2026-07-05T09:05:48.056236,2026-07-05T09:05:48.068308+00:00,143.3,42,bid,CostlyCorianders,EarnestEspressos,8120563
2026-07-05T09:05:48.182300,2026-07-05T09:05:48.194961+00:00,142.9,50,ask,EarnestEspressos,FlawlessFlatbreads,8120565
2026-07-05T09:05:48.268334,2026-07-05T09:05:48.279220+00:00,142.9,10,ask,EarnestEspressos,Yashwanth Madan,8120567
2026-07-05T09:05:48.488849,2026-07-05T09:05:48.500920+00:00,143.3,20,bid,Yashwanth Madan,EarnestEspressos,8120569
2026-07-05T09:05:48.974550,2026-07-05T09:05:48.990443+00:00,143.2,12,ask,EarnestEspressos,Xuanyu Liu,8120576
2026-07-05T09:05:49.093258,2026-07-05T09:05:49.113351+00:00,143.2,11,ask,EarnestEspressos,Xuanyu Liu,8120578
2026-07-05T09:05:50.290918,2026-07-05T09:05:50.302616+00:00,143.2,50,ask,EarnestEspressos,FlawlessFlatbreads,8120603
2026-07-05T09:05:50.830795,2026-07-05T09:05:50.842449+00:00,143.2,46,ask,EarnestEspressos,CostlyCorianders,8120613
2026-07-05T09:05:50.876555,2026-07-05T09:05:50.888230+00:00,143.2,31,ask,EarnestEspressos,DiligentDonuts,8120614
2026-07-05T09:05:50.930310,2026-07-05T09:05:50.938713+00:00,143.1,20,bid,Yashwanth Madan,DiligentDonuts,8120616
2026-07-05T09:05:51.312799,2026-07-05T09:05:51.324192+00:00,143.1,20,bid,Yashwanth Madan,DiligentDonuts,8120619
2026-07-05T09:05:51.653664,2026-07-05T09:05:51.665295+00:00,143.1,12,bid,Yashwanth Madan,DiligentDonuts,8120630
2026-07-05T09:05:51.995252,2026-07-05T09:05:52.002055+00:00,143.1,5,bid,Yashwanth Madan,DiligentDonuts,8120636
2026-07-05T09:05:52.339216,2026-07-05T09:05:52.351087+00:00,143.0,2,bid,Yashwanth Madan,EarnestEspressos,8120641
2026-07-05T09:05:52.397917,2026-07-05T09:05:52.409897+00:00,142.6,50,ask,DiligentDonuts,FlawlessFlatbreads,8120644
2026-07-05T09:05:54.505514,2026-07-05T09:05:54.517462+00:00,142.6,10,ask,Yashwanth Madan,FlawlessFlatbreads,8120667
2026-07-05T09:05:54.505514,2026-07-05T09:05:54.517462+00:00,142.6,40,ask,DiligentDonuts,FlawlessFlatbreads,8120668
2026-07-05T09:05:55.853586,2026-07-05T09:05:55.865759+00:00,142.8,43,bid,CostlyCorianders,EarnestEspressos,8120680
2026-07-05T09:05:56.614548,2026-07-05T09:05:56.626575+00:00,142.6,50,ask,DiligentDonuts,FlawlessFlatbreads,8120695
2026-07-05T09:05:56.744246,2026-07-05T09:05:56.758570+00:00,142.8,40,bid,CostlyCorianders,EarnestEspressos,8120699
2026-07-05T09:05:56.959530,2026-07-05T09:05:56.967932+00:00,142.8,11,bid,Xuanyu Liu,EarnestEspressos,8120702
2026-07-05T09:05:58.260841,2026-07-05T09:05:58.271673+00:00,142.8,12,bid,Xuanyu Liu,EarnestEspressos,8120715
2026-07-05T09:05:58.465649,2026-07-05T09:05:58.476425+00:00,142.9,100,bid,EarnestEspressos,DiligentDonuts,8120720
2026-07-05T09:05:58.720683,2026-07-05T09:05:58.732803+00:00,142.9,50,ask,EarnestEspressos,FlawlessFlatbreads,8120722
2026-07-05T09:05:59.810977,2026-07-05T09:05:59.823200+00:00,142.4,47,ask,DiligentDonuts,CostlyCorianders,8120739
2026-07-05T09:06:00.565046,2026-07-05T09:06:00.573644+00:00,143.0,12,ask,DiligentDonuts,Xuanyu Liu,8120755
2026-07-05T09:06:00.654236,2026-07-05T09:06:00.662945+00:00,143.0,10,ask,DiligentDonuts,Yashwanth Madan,8120765
2026-07-05T09:06:00.828971,2026-07-05T09:06:00.840593+00:00,143.0,50,ask,DiligentDonuts,FlawlessFlatbreads,8120768
2026-07-05T09:06:01.686122,2026-07-05T09:06:01.696718+00:00,143.0,28,ask,DiligentDonuts,EarnestEspressos,8120777
2026-07-05T09:06:02.090509,2026-07-05T09:06:02.102394+00:00,143.0,44,bid,CostlyCorianders,EarnestEspressos,8120785
2026-07-05T09:06:02.146601,2026-07-05T09:06:02.158553+00:00,142.5,48,ask,EarnestEspressos,CostlyCorianders,8120786
2026-07-05T09:06:02.634264,2026-07-05T09:06:02.646391+00:00,143.0,40,bid,CostlyCorianders,EarnestEspressos,8120796
2026-07-05T09:06:02.939057,2026-07-05T09:06:02.949733+00:00,142.5,50,ask,EarnestEspressos,FlawlessFlatbreads,8120801
2026-07-05T09:06:03.125146,2026-07-05T09:06:03.137724+00:00,142.5,44,ask,EarnestEspressos,CostlyCorianders,8120803
2026-07-05T09:06:04.860946,2026-07-05T09:06:04.870660+00:00,142.7,34,bid,Xuanyu Liu,EarnestEspressos,8120841
2026-07-05T09:06:05.046857,2026-07-05T09:06:05.059194+00:00,142.5,50,ask,DiligentDonuts,FlawlessFlatbreads,8120843
2026-07-05T09:06:07.157519,2026-07-05T09:06:07.169462+00:00,142.2,50,ask,EarnestEspressos,FlawlessFlatbreads,8120867
2026-07-05T09:06:07.474986,2026-07-05T09:06:07.487842+00:00,142.7,23,bid,Xuanyu Liu,EarnestEspressos,8120873
2026-07-05T09:06:09.165263,2026-07-05T09:06:09.177933+00:00,142.7,41,bid,CostlyCorianders,DiligentDonuts,8120899
2026-07-05T09:06:09.266515,2026-07-05T09:06:09.279304+00:00,142.5,50,ask,EarnestEspressos,FlawlessFlatbreads,8120901
2026-07-05T09:06:09.819429,2026-07-05T09:06:09.826990+00:00,143.0,41,bid,CostlyCorianders,EarnestEspressos,8120909
2026-07-05T09:06:10.472309,2026-07-05T09:06:10.484264+00:00,142.6,46,ask,DiligentDonuts,CostlyCorianders,8120921
2026-07-05T09:06:11.376430,2026-07-05T09:06:11.385508+00:00,142.6,50,ask,DiligentDonuts,FlawlessFlatbreads,8120938
2026-07-05T09:06:11.400035,2026-07-05T09:06:11.409145+00:00,142.8,6,bid,Xuanyu Liu,EarnestEspressos,8120939
2026-07-05T09:06:12.990071,2026-07-05T09:06:13.002097+00:00,142.8,41,bid,CostlyCorianders,EarnestEspressos,8120964
2026-07-05T09:06:13.484165,2026-07-05T09:06:13.495800+00:00,142.4,50,ask,DiligentDonuts,FlawlessFlatbreads,8120970
2026-07-05T09:06:13.645269,2026-07-05T09:06:13.657200+00:00,142.4,46,ask,DiligentDonuts,CostlyCorianders,8120972
2026-07-05T09:06:14.311615,2026-07-05T09:06:14.322096+00:00,142.9,100,bid,EarnestEspressos,DiligentDonuts,8120986
2026-07-05T09:06:14.734314,2026-07-05T09:06:14.746330+00:00,142.9,40,ask,EarnestEspressos,CostlyCorianders,8120995
2026-07-05T09:06:15.540985,2026-07-05T09:06:15.552859+00:00,143.4,50,bid,FlawlessFlatbreads,EarnestEspressos,8121014
2026-07-05T09:06:15.830066,2026-07-05T09:06:15.842485+00:00,143.4,45,bid,CostlyCorianders,EarnestEspressos,8121020
2026-07-05T09:06:16.447143,2026-07-05T09:06:16.454048+00:00,143.0,47,bid,CostlyCorianders,DiligentDonuts,8121022
2026-07-05T09:06:17.668189,2026-07-05T09:06:17.675528+00:00,143.0,50,bid,FlawlessFlatbreads,DiligentDonuts,8121045
2026-07-05T09:06:19.662742,2026-07-05T09:06:19.680008+00:00,142.7,45,ask,DiligentDonuts,CostlyCorianders,8121071
2026-07-05T09:06:19.775044,2026-07-05T09:06:19.786830+00:00,143.1,50,bid,FlawlessFlatbreads,EarnestEspressos,8121073
2026-07-05T09:06:21.305588,2026-07-05T09:06:21.314216+00:00,142.9,42,ask,EarnestEspressos,CostlyCorianders,8121097
2026-07-05T09:06:21.882674,2026-07-05T09:06:21.892070+00:00,143.2,50,bid,FlawlessFlatbreads,DiligentDonuts,8121112
2026-07-05T09:06:23.990100,2026-07-05T09:06:24.000324+00:00,143.4,50,bid,FlawlessFlatbreads,EarnestEspressos,8121141
2026-07-05T09:06:26.103390,2026-07-05T09:06:26.115504+00:00,143.4,50,bid,FlawlessFlatbreads,EarnestEspressos,8121182
2026-07-05T09:06:26.992321,2026-07-05T09:06:27.004182+00:00,143.3,6,ask,EarnestEspressos,Xuanyu Liu,8121192
2026-07-05T09:06:27.155763,2026-07-05T09:06:27.167160+00:00,143.3,23,ask,EarnestEspressos,Xuanyu Liu,8121196
2026-07-05T09:06:28.242865,2026-07-05T09:06:28.252138+00:00,143.6,50,bid,FlawlessFlatbreads,DiligentDonuts,8121212
2026-07-05T09:06:29.586487,2026-07-05T09:06:29.598861+00:00,143.7,48,bid,CostlyCorianders,DiligentDonuts,8121228
2026-07-05T09:06:30.349410,2026-07-05T09:06:30.358558+00:00,143.7,50,bid,FlawlessFlatbreads,DiligentDonuts,8121240
2026-07-05T09:06:30.651481,2026-07-05T09:06:30.652006+00:00,143.3,46,ask,EarnestEspressos,CostlyCorianders,8121243
2026-07-05T09:06:32.479875,2026-07-05T09:06:32.495436+00:00,143.8,50,bid,FlawlessFlatbreads,EarnestEspressos,8121279
2026-07-05T09:06:33.247425,2026-07-05T09:06:33.256533+00:00,143.6,11,ask,DiligentDonuts,Xuanyu Liu,8121287
2026-07-05T09:06:34.588860,2026-07-05T09:06:34.597615+00:00,143.8,50,bid,FlawlessFlatbreads,EarnestEspressos,8121313
2026-07-05T09:06:35.248096,2026-07-05T09:06:35.255169+00:00,143.8,49,bid,CostlyCorianders,EarnestEspressos,8121324
2026-07-05T09:06:36.390497,2026-07-05T09:06:36.402352+00:00,143.6,40,ask,DiligentDonuts,CostlyCorianders,8121336
2026-07-05T09:06:36.733866,2026-07-05T09:06:36.742387+00:00,144.1,50,bid,FlawlessFlatbreads,DiligentDonuts,8121339
2026-07-05T09:06:36.878571,2026-07-05T09:06:36.889436+00:00,143.8,11,ask,EarnestEspressos,Xuanyu Liu,8121342
2026-07-05T09:06:38.825402,2026-07-05T09:06:38.837062+00:00,143.8,47,ask,EarnestEspressos,CostlyCorianders,8121374
2026-07-05T09:06:41.005821,2026-07-05T09:06:41.018362+00:00,143.6,50,ask,DiligentDonuts,FlawlessFlatbreads,8121409
2026-07-05T09:06:43.064920,2026-07-05T09:06:43.077034+00:00,144.0,50,bid,FlawlessFlatbreads,DiligentDonuts,8121445
2026-07-05T09:06:44.181986,2026-07-05T09:06:44.193887+00:00,143.6,44,ask,EarnestEspressos,CostlyCorianders,8121463
2026-07-05T09:06:47.309013,2026-07-05T09:06:47.320860+00:00,143.7,50,bid,FlawlessFlatbreads,EarnestEspressos,8121509
2026-07-05T09:06:47.771477,2026-07-05T09:06:47.783450+00:00,143.7,100,bid,DiligentDonuts,EarnestEspressos,8121516
2026-07-05T09:06:49.122858,2026-07-05T09:06:49.134892+00:00,144.2,49,bid,CostlyCorianders,DiligentDonuts,8121536
2026-07-05T09:06:49.202080,2026-07-05T09:06:49.211617+00:00,143.8,23,ask,EarnestEspressos,Xuanyu Liu,8121540
2026-07-05T09:06:51.585494,2026-07-05T09:06:51.597867+00:00,143.8,50,ask,EarnestEspressos,FlawlessFlatbreads,8121570
2026-07-05T09:06:53.657326,2026-07-05T09:06:53.668954+00:00,144.0,50,bid,FlawlessFlatbreads,DiligentDonuts,8121597
2026-07-05T09:06:54.806889,2026-07-05T09:06:54.813822+00:00,144.0,48,bid,CostlyCorianders,DiligentDonuts,8121615
2026-07-05T09:06:55.333658,2026-07-05T09:06:55.345767+00:00,143.6,44,ask,EarnestEspressos,CostlyCorianders,8121621
2026-07-05T09:06:55.764529,2026-07-05T09:06:55.774585+00:00,143.7,50,bid,FlawlessFlatbreads,EarnestEspressos,8121627
2026-07-05T09:06:56.096139,2026-07-05T09:06:56.105404+00:00,143.7,11,bid,Xuanyu Liu,EarnestEspressos,8121634
2026-07-05T09:06:57.266673,2026-07-05T09:06:57.273496+00:00,143.7,89,bid,DiligentDonuts,EarnestEspressos,8121654
2026-07-05T09:06:57.872067,2026-07-05T09:06:57.884397+00:00,144.3,50,bid,FlawlessFlatbreads,DiligentDonuts,8121659
2026-07-05T09:06:57.916959,2026-07-05T09:06:57.926026+00:00,143.8,11,ask,DiligentDonuts,CostlyCorianders,8121662
2026-07-05T09:06:58.731217,2026-07-05T09:06:58.742082+00:00,143.9,11,ask,EarnestEspressos,Xuanyu Liu,8121672
2026-07-05T09:06:59.979814,2026-07-05T09:06:59.991875+00:00,144.3,50,bid,FlawlessFlatbreads,DiligentDonuts,8121693
2026-07-05T09:07:00.059717,2026-07-05T09:07:00.069336+00:00,143.9,12,ask,EarnestEspressos,Xuanyu Liu,8121698
2026-07-05T09:07:00.127079,2026-07-05T09:07:00.134452+00:00,143.9,2,ask,EarnestEspressos,Yashwanth Madan,8121701
2026-07-05T09:07:02.128294,2026-07-05T09:07:02.141293+00:00,144.2,50,bid,FlawlessFlatbreads,DiligentDonuts,8121727
2026-07-05T09:07:02.235491,2026-07-05T09:07:02.247769+00:00,144.2,45,bid,CostlyCorianders,DiligentDonuts,8121728
2026-07-05T09:07:03.612774,2026-07-05T09:07:03.624133+00:00,144.3,11,ask,DiligentDonuts,Xuanyu Liu,8121746
2026-07-05T09:07:03.799657,2026-07-05T09:07:03.809789+00:00,144.3,20,ask,DiligentDonuts,Yashwanth Madan,8121752
2026-07-05T09:07:03.996111,2026-07-05T09:07:04.006402+00:00,144.3,3,ask,DiligentDonuts,Xuanyu Liu,8121758
2026-07-05T09:07:04.037510,2026-07-05T09:07:04.048027+00:00,144.3,20,ask,DiligentDonuts,Yashwanth Madan,8121761
2026-07-05T09:07:04.061898,2026-07-05T09:07:04.073934+00:00,144.3,40,ask,DiligentDonuts,CostlyCorianders,8121762
2026-07-05T09:07:04.235776,2026-07-05T09:07:04.245057+00:00,144.4,50,bid,FlawlessFlatbreads,EarnestEspressos,8121771
2026-07-05T09:07:04.273980,2026-07-05T09:07:04.285928+00:00,144.3,6,ask,DiligentDonuts,Yashwanth Madan,8121773
2026-07-05T09:07:04.625161,2026-07-05T09:07:04.637144+00:00,144.4,40,bid,CostlyCorianders,EarnestEspressos,8121776
2026-07-05T09:07:05.118538,2026-07-05T09:07:05.130487+00:00,144.4,20,ask,EarnestEspressos,Yashwanth Madan,8121781
2026-07-05T09:07:05.478553,2026-07-05T09:07:05.490102+00:00,144.4,11,ask,EarnestEspressos,Yashwanth Madan,8121793
2026-07-05T09:07:06.428884,2026-07-05T09:07:06.441529+00:00,144.4,50,ask,EarnestEspressos,FlawlessFlatbreads,8121805
2026-07-05T09:07:06.813483,2026-07-05T09:07:06.826235+00:00,144.4,69,ask,EarnestEspressos,DiligentDonuts,8121815
2026-07-05T09:07:08.536902,2026-07-05T09:07:08.548750+00:00,143.9,50,ask,DiligentDonuts,FlawlessFlatbreads,8121850
2026-07-05T09:07:09.320657,2026-07-05T09:07:09.332991+00:00,143.9,44,ask,DiligentDonuts,CostlyCorianders,8121862
2026-07-05T09:07:10.671005,2026-07-05T09:07:10.683250+00:00,143.6,50,ask,EarnestEspressos,FlawlessFlatbreads,8121878
2026-07-05T09:07:11.059726,2026-07-05T09:07:11.071931+00:00,144.1,43,bid,CostlyCorianders,EarnestEspressos,8121886
2026-07-05T09:07:12.780147,2026-07-05T09:07:12.792020+00:00,143.6,50,ask,DiligentDonuts,FlawlessFlatbreads,8121907
2026-07-05T09:07:14.121873,2026-07-05T09:07:14.133514+00:00,143.6,43,ask,EarnestEspressos,CostlyCorianders,8121925
2026-07-05T09:07:14.918732,2026-07-05T09:07:14.929573+00:00,143.6,50,ask,DiligentDonuts,FlawlessFlatbreads,8121935
2026-07-05T09:07:16.236103,2026-07-05T09:07:16.247955+00:00,143.8,48,bid,CostlyCorianders,EarnestEspressos,8121957
2026-07-05T09:07:16.362042,2026-07-05T09:07:16.377177+00:00,143.7,3,bid,Xuanyu Liu,DiligentDonuts,8121960
2026-07-05T09:07:16.783609,2026-07-05T09:07:16.796222+00:00,143.3,49,ask,EarnestEspressos,CostlyCorianders,8121969
2026-07-05T09:07:17.026950,2026-07-05T09:07:17.036428+00:00,143.3,50,ask,EarnestEspressos,FlawlessFlatbreads,8121972
2026-07-05T09:07:17.785343,2026-07-05T09:07:17.793932+00:00,143.4,34,bid,Xuanyu Liu,EarnestEspressos,8121979
2026-07-05T09:07:18.421809,2026-07-05T09:07:18.430876+00:00,143.4,12,bid,Xuanyu Liu,EarnestEspressos,8121994
2026-07-05T09:07:18.731059,2026-07-05T09:07:18.743073+00:00,143.4,46,bid,CostlyCorianders,EarnestEspressos,8121999
2026-07-05T09:07:19.156891,2026-07-05T09:07:19.170652+00:00,143.3,10,ask,Yashwanth Madan,FlawlessFlatbreads,8122005
2026-07-05T09:07:19.156891,2026-07-05T09:07:19.170652+00:00,143.2,40,ask,DiligentDonuts,FlawlessFlatbreads,8122006
2026-07-05T09:07:20.491702,2026-07-05T09:07:20.501254+00:00,143.4,11,bid,Xuanyu Liu,EarnestEspressos,8122022
2026-07-05T09:07:20.775876,2026-07-05T09:07:20.788130+00:00,143.2,10,ask,Yashwanth Madan,CostlyCorianders,8122029
2026-07-05T09:07:20.775876,2026-07-05T09:07:20.788130+00:00,143.2,36,ask,DiligentDonuts,CostlyCorianders,8122030
2026-07-05T09:07:21.059763,2026-07-05T09:07:21.069860+00:00,143.6,11,ask,EarnestEspressos,Xuanyu Liu,8122040
2026-07-05T09:07:21.200690,2026-07-05T09:07:21.209101+00:00,143.6,10,ask,EarnestEspressos,Yashwanth Madan,8122046
2026-07-05T09:07:21.266870,2026-07-05T09:07:21.279117+00:00,143.6,50,ask,EarnestEspressos,FlawlessFlatbreads,8122047
2026-07-05T09:07:21.352451,2026-07-05T09:07:21.356316+00:00,143.7,43,bid,CostlyCorianders,DiligentDonuts,8122051
2026-07-05T09:07:22.362208,2026-07-05T09:07:22.369963+00:00,143.7,42,bid,CostlyCorianders,DiligentDonuts,8122066
2026-07-05T09:07:23.385657,2026-07-05T09:07:23.395519+00:00,143.6,50,ask,EarnestEspressos,FlawlessFlatbreads,8122078
2026-07-05T09:07:25.441124,2026-07-05T09:07:25.458581+00:00,143.6,50,bid,FlawlessFlatbreads,EarnestEspressos,8122105
2026-07-05T09:07:27.599822,2026-07-05T09:07:27.612060+00:00,143.4,50,ask,DiligentDonuts,FlawlessFlatbreads,8122137
2026-07-05T09:07:28.563182,2026-07-05T09:07:28.575509+00:00,143.4,43,ask,DiligentDonuts,CostlyCorianders,8122151
2026-07-05T09:07:29.656853,2026-07-05T09:07:29.668692+00:00,143.6,50,bid,FlawlessFlatbreads,DiligentDonuts,8122164
2026-07-05T09:07:31.129434,2026-07-05T09:07:31.141745+00:00,143.6,46,bid,CostlyCorianders,DiligentDonuts,8122186
2026-07-05T09:07:31.576946,2026-07-05T09:07:31.590516+00:00,143.6,4,bid,Xuanyu Liu,DiligentDonuts,8122190
2026-07-05T09:07:31.764225,2026-07-05T09:07:31.775730+00:00,143.9,50,bid,FlawlessFlatbreads,EarnestEspressos,8122193
2026-07-05T09:07:32.900389,2026-07-05T09:07:32.910760+00:00,143.7,4,ask,DiligentDonuts,Xuanyu Liu,8122213
2026-07-05T09:07:33.935610,2026-07-05T09:07:33.945077+00:00,143.7,50,ask,DiligentDonuts,FlawlessFlatbreads,8122230
2026-07-05T09:07:34.254507,2026-07-05T09:07:34.269818+00:00,143.7,42,ask,DiligentDonuts,CostlyCorianders,8122240
2026-07-05T09:07:35.280948,2026-07-05T09:07:35.293527+00:00,143.5,40,ask,EarnestEspressos,CostlyCorianders,8122257
2026-07-05T09:07:36.051672,2026-07-05T09:07:36.058595+00:00,143.5,50,ask,EarnestEspressos,FlawlessFlatbreads,8122265
2026-07-05T09:07:37.853341,2026-07-05T09:07:37.858600+00:00,143.7,49,bid,CostlyCorianders,DiligentDonuts,8122281
2026-07-05T09:07:38.158709,2026-07-05T09:07:38.170632+00:00,143.3,50,ask,EarnestEspressos,FlawlessFlatbreads,8122285
2026-07-05T09:07:40.508269,2026-07-05T09:07:40.520335+00:00,143.2,48,ask,DiligentDonuts,CostlyCorianders,8122325
2026-07-05T09:07:40.798012,2026-07-05T09:07:40.807704+00:00,143.4,11,bid,Xuanyu Liu,EarnestEspressos,8122330
2026-07-05T09:07:41.037399,2026-07-05T09:07:41.045519+00:00,143.4,20,bid,Yashwanth Madan,EarnestEspressos,8122336
2026-07-05T09:07:41.140601,2026-07-05T09:07:41.152834+00:00,143.4,40,bid,CostlyCorianders,EarnestEspressos,8122344
2026-07-05T09:07:41.381621,2026-07-05T09:07:41.393809+00:00,143.4,20,bid,Yashwanth Madan,EarnestEspressos,8122349
2026-07-05T09:07:41.728312,2026-07-05T09:07:41.740169+00:00,143.4,17,bid,Yashwanth Madan,EarnestEspressos,8122354
2026-07-05T09:07:41.745902,2026-07-05T09:07:41.751383+00:00,143.4,42,bid,CostlyCorianders,EarnestEspressos,8122356
2026-07-05T09:07:41.745902,2026-07-05T09:07:41.751383+00:00,143.7,2,bid,CostlyCorianders,DiligentDonuts,8122357
2026-07-05T09:07:42.349913,2026-07-05T09:07:42.363840+00:00,143.7,50,bid,FlawlessFlatbreads,DiligentDonuts,8122377
2026-07-05T09:07:42.935460,2026-07-05T09:07:42.947249+00:00,143.2,43,ask,DiligentDonuts,CostlyCorianders,8122382
2026-07-05T09:07:43.489330,2026-07-05T09:07:43.501811+00:00,143.6,11,ask,EarnestEspressos,Xuanyu Liu,8122396
2026-07-05T09:07:44.457950,2026-07-05T09:07:44.469885+00:00,143.7,48,bid,FlawlessFlatbreads,DiligentDonuts,8122411
2026-07-05T09:07:44.457950,2026-07-05T09:07:44.469885+00:00,144.1,2,bid,FlawlessFlatbreads,EarnestEspressos,8122412
2026-07-05T09:07:44.701425,2026-07-05T09:07:44.711463+00:00,143.6,12,ask,EarnestEspressos,Xuanyu Liu,8122421
2026-07-05T09:07:44.841259,2026-07-05T09:07:44.850805+00:00,143.6,20,ask,EarnestEspressos,Yashwanth Madan,8122426
2026-07-05T09:07:44.851328,2026-07-05T09:07:44.858541+00:00,143.6,100,ask,EarnestEspressos,DiligentDonuts,8122427
2026-07-05T09:07:45.078990,2026-07-05T09:07:45.088863+00:00,143.6,7,ask,EarnestEspressos,Yashwanth Madan,8122430
2026-07-05T09:07:46.003808,2026-07-05T09:07:46.015775+00:00,143.1,45,ask,DiligentDonuts,CostlyCorianders,8122441
2026-07-05T09:07:46.259533,2026-07-05T09:07:46.269474+00:00,143.3,23,bid,Xuanyu Liu,EarnestEspressos,8122443
2026-07-05T09:07:46.459604,2026-07-05T09:07:46.469329+00:00,143.3,20,bid,Yashwanth Madan,EarnestEspressos,8122445
2026-07-05T09:07:46.621926,2026-07-05T09:07:46.633458+00:00,143.1,50,ask,DiligentDonuts,FlawlessFlatbreads,8122450
2026-07-05T09:07:46.803790,2026-07-05T09:07:46.810321+00:00,143.3,10,bid,Yashwanth Madan,EarnestEspressos,8122453
2026-07-05T09:07:48.284183,2026-07-05T09:07:48.293437+00:00,143.3,3,bid,Yashwanth Madan,EarnestEspressos,8122473
2026-07-05T09:07:48.521229,2026-07-05T09:07:48.533643+00:00,143.3,1,bid,Yashwanth Madan,EarnestEspressos,8122477
2026-07-05T09:07:48.763757,2026-07-05T09:07:48.770740+00:00,143.2,50,ask,DiligentDonuts,FlawlessFlatbreads,8122484
2026-07-05T09:07:48.763933,2026-07-05T09:07:48.775770+00:00,143.3,1,bid,Yashwanth Madan,EarnestEspressos,8122485
2026-07-05T09:07:50.633441,2026-07-05T09:07:50.641735+00:00,143.6,40,bid,CostlyCorianders,EarnestEspressos,8122511
2026-07-05T09:07:50.871423,2026-07-05T09:07:50.880988+00:00,143.2,50,ask,DiligentDonuts,FlawlessFlatbreads,8122514
2026-07-05T09:07:51.564289,2026-07-05T09:07:51.571180+00:00,143.1,42,ask,EarnestEspressos,CostlyCorianders,8122528
2026-07-05T09:07:52.927279,2026-07-05T09:07:52.939171+00:00,143.4,50,bid,FlawlessFlatbreads,DiligentDonuts,8122550
2026-07-05T09:07:53.572901,2026-07-05T09:07:53.584800+00:00,143.4,42,bid,CostlyCorianders,DiligentDonuts,8122554
2026-07-05T09:07:54.815539,2026-07-05T09:07:54.822914+00:00,143.1,43,ask,EarnestEspressos,CostlyCorianders,8122575
2026-07-05T09:07:55.068453,2026-07-05T09:07:55.079371+00:00,143.6,50,bid,FlawlessFlatbreads,EarnestEspressos,8122580
2026-07-05T09:07:57.179409,2026-07-05T09:07:57.186506+00:00,143.5,50,bid,FlawlessFlatbreads,EarnestEspressos,8122603
2026-07-05T09:07:57.799645,2026-07-05T09:07:57.812063+00:00,143.5,45,bid,CostlyCorianders,EarnestEspressos,8122613
2026-07-05T09:07:59.307387,2026-07-05T09:07:59.319343+00:00,143.7,50,bid,FlawlessFlatbreads,DiligentDonuts,8122634
2026-07-05T09:08:00.709719,2026-07-05T09:08:00.721471+00:00,143.5,42,ask,EarnestEspressos,CostlyCorianders,8122646
2026-07-05T09:08:01.473278,2026-07-05T09:08:01.484604+00:00,143.5,50,ask,EarnestEspressos,FlawlessFlatbreads,8122658
2026-07-05T09:08:01.794913,2026-07-05T09:08:01.807663+00:00,144.0,46,bid,CostlyCorianders,EarnestEspressos,8122660
2026-07-05T09:08:03.149061,2026-07-05T09:08:03.158824+00:00,143.5,11,ask,DiligentDonuts,Xuanyu Liu,8122683
2026-07-05T09:08:03.581496,2026-07-05T09:08:03.590512+00:00,143.5,50,ask,DiligentDonuts,FlawlessFlatbreads,8122695
2026-07-05T09:08:04.920278,2026-07-05T09:08:04.932685+00:00,143.4,45,ask,EarnestEspressos,CostlyCorianders,8122712
2026-07-05T09:08:07.771276,2026-07-05T09:08:07.783326+00:00,143.8,50,bid,FlawlessFlatbreads,EarnestEspressos,8122761
2026-07-05T09:08:10.954045,2026-07-05T09:08:10.963747+00:00,143.8,41,bid,CostlyCorianders,EarnestEspressos,8122801
2026-07-05T09:08:12.073251,2026-07-05T09:08:12.084848+00:00,143.5,50,ask,EarnestEspressos,FlawlessFlatbreads,8122817
2026-07-05T09:08:14.731241,2026-07-05T09:08:14.739173+00:00,143.9,44,bid,CostlyCorianders,DiligentDonuts,8122860
2026-07-05T09:08:16.240571,2026-07-05T09:08:16.252173+00:00,143.9,50,bid,FlawlessFlatbreads,DiligentDonuts,8122881
2026-07-05T09:08:19.870375,2026-07-05T09:08:19.877649+00:00,143.7,43,ask,DiligentDonuts,CostlyCorianders,8122930
2026-07-05T09:08:20.473516,2026-07-05T09:08:20.485705+00:00,144.1,50,bid,FlawlessFlatbreads,EarnestEspressos,8122939
2026-07-05T09:08:21.603207,2026-07-05T09:08:21.612548+00:00,143.8,35,ask,EarnestEspressos,Xuanyu Liu,8122959
2026-07-05T09:08:21.692806,2026-07-05T09:08:21.702006+00:00,143.8,20,ask,EarnestEspressos,Yashwanth Madan,8122966
2026-07-05T09:08:21.949635,2026-07-05T09:08:21.956586+00:00,143.8,20,ask,EarnestEspressos,Yashwanth Madan,8122973
2026-07-05T09:08:22.094821,2026-07-05T09:08:22.106592+00:00,143.8,40,ask,EarnestEspressos,CostlyCorianders,8122981
2026-07-05T09:08:22.667504,2026-07-05T09:08:22.675064+00:00,143.8,35,ask,EarnestEspressos,FlawlessFlatbreads,8122991
2026-07-05T09:08:22.667504,2026-07-05T09:08:22.680327+00:00,143.7,15,ask,DiligentDonuts,FlawlessFlatbreads,8122992
2026-07-05T09:08:23.097669,2026-07-05T09:08:23.109378+00:00,144.2,42,bid,CostlyCorianders,DiligentDonuts,8123001
2026-07-05T09:08:23.622905,2026-07-05T09:08:23.634683+00:00,143.7,20,ask,DiligentDonuts,Yashwanth Madan,8123013
2026-07-05T09:08:23.699725,2026-07-05T09:08:23.712217+00:00,143.7,46,ask,DiligentDonuts,CostlyCorianders,8123014
2026-07-05T09:08:23.892753,2026-07-05T09:08:23.899919+00:00,143.7,15,ask,DiligentDonuts,Yashwanth Madan,8123020
2026-07-05T09:08:24.255760,2026-07-05T09:08:24.268070+00:00,143.7,19,ask,DiligentDonuts,EarnestEspressos,8123032
2026-07-05T09:08:24.269267,2026-07-05T09:08:24.279518+00:00,143.4,35,bid,Xuanyu Liu,EarnestEspressos,8123033
2026-07-05T09:08:24.778484,2026-07-05T09:08:24.791223+00:00,143.1,10,ask,Yashwanth Madan,FlawlessFlatbreads,8123043
2026-07-05T09:08:24.778484,2026-07-05T09:08:24.791223+00:00,142.9,40,ask,EarnestEspressos,FlawlessFlatbreads,8123044
2026-07-05T09:08:26.892001,2026-07-05T09:08:26.900630+00:00,143.1,50,ask,DiligentDonuts,FlawlessFlatbreads,8123079
2026-07-05T09:08:28.948719,2026-07-05T09:08:28.952329+00:00,143.4,50,bid,FlawlessFlatbreads,EarnestEspressos,8123098
2026-07-05T09:08:29.476387,2026-07-05T09:08:29.487342+00:00,143.4,11,bid,Xuanyu Liu,EarnestEspressos,8123104
2026-07-05T09:08:30.085147,2026-07-05T09:08:30.097495+00:00,143.4,41,bid,CostlyCorianders,EarnestEspressos,8123111
2026-07-05T09:08:30.532964,2026-07-05T09:08:30.541612+00:00,143.4,100,bid,EarnestEspressos,DiligentDonuts,8123122
2026-07-05T09:08:31.056673,2026-07-05T09:08:31.068631+00:00,144.0,50,bid,FlawlessFlatbreads,EarnestEspressos,8123129
2026-07-05T09:08:31.682891,2026-07-05T09:08:31.694824+00:00,143.5,44,ask,EarnestEspressos,CostlyCorianders,8123134
2026-07-05T09:08:33.182085,2026-07-05T09:08:33.194240+00:00,144.0,50,bid,FlawlessFlatbreads,EarnestEspressos,8123164
2026-07-05T09:08:35.293480,2026-07-05T09:08:35.303156+00:00,144.0,50,bid,FlawlessFlatbreads,DiligentDonuts,8123191
2026-07-05T09:08:37.426952,2026-07-05T09:08:37.438914+00:00,143.9,50,bid,FlawlessFlatbreads,EarnestEspressos,8123221
2026-07-05T09:08:37.923830,2026-07-05T09:08:37.935726+00:00,143.9,41,bid,CostlyCorianders,EarnestEspressos,8123230
2026-07-05T09:08:38.798647,2026-07-05T09:08:38.810642+00:00,143.7,10,ask,DiligentDonuts,Yashwanth Madan,8123245
2026-07-05T09:08:39.378343,2026-07-05T09:08:39.385802+00:00,143.9,45,bid,CostlyCorianders,EarnestEspressos,8123253
2026-07-05T09:08:39.432614,2026-07-05T09:08:39.444803+00:00,143.7,47,ask,DiligentDonuts,CostlyCorianders,8123254
2026-07-05T09:08:39.534319,2026-07-05T09:08:39.546659+00:00,143.9,14,bid,FlawlessFlatbreads,EarnestEspressos,8123258
2026-07-05T09:08:39.534319,2026-07-05T09:08:39.546659+00:00,144.2,36,bid,FlawlessFlatbreads,DiligentDonuts,8123259
2026-07-05T09:08:40.039154,2026-07-05T09:08:40.049926+00:00,144.1,46,ask,EarnestEspressos,Xuanyu Liu,8123273
2026-07-05T09:08:41.047404,2026-07-05T09:08:41.058598+00:00,144.1,43,ask,EarnestEspressos,CostlyCorianders,8123288
2026-07-05T09:08:41.669431,2026-07-05T09:08:41.679667+00:00,144.2,50,bid,FlawlessFlatbreads,DiligentDonuts,8123293
2026-07-05T09:08:42.196200,2026-07-05T09:08:42.208375+00:00,144.2,40,bid,CostlyCorianders,DiligentDonuts,8123300
2026-07-05T09:08:42.630702,2026-07-05T09:08:42.640125+00:00,144.1,11,ask,EarnestEspressos,Xuanyu Liu,8123304
2026-07-05T09:08:42.727404,2026-07-05T09:08:42.739751+00:00,144.1,42,ask,EarnestEspressos,CostlyCorianders,8123306
2026-07-05T09:08:43.259515,2026-07-05T09:08:43.278300+00:00,143.8,11,bid,Xuanyu Liu,EarnestEspressos,8123311
2026-07-05T09:08:43.775779,2026-07-05T09:08:43.783289+00:00,143.8,50,bid,FlawlessFlatbreads,EarnestEspressos,8123318
2026-07-05T09:08:45.894677,2026-07-05T09:08:45.901829+00:00,143.8,50,bid,FlawlessFlatbreads,EarnestEspressos,8123345
2026-07-05T09:08:46.263531,2026-07-05T09:08:46.272866+00:00,143.8,12,bid,Xuanyu Liu,EarnestEspressos,8123351
2026-07-05T09:08:46.552257,2026-07-05T09:08:46.562514+00:00,143.9,12,ask,EarnestEspressos,Xuanyu Liu,8123361
2026-07-05T09:08:47.304362,2026-07-05T09:08:47.316822+00:00,144.2,49,bid,CostlyCorianders,DiligentDonuts,8123369
2026-07-05T09:08:48.004438,2026-07-05T09:08:48.016633+00:00,144.2,50,bid,FlawlessFlatbreads,DiligentDonuts,8123378
2026-07-05T09:08:48.516219,2026-07-05T09:08:48.528813+00:00,144.3,48,ask,DiligentDonuts,CostlyCorianders,8123388
2026-07-05T09:08:48.871864,2026-07-05T09:08:48.884104+00:00,144.3,14,ask,DiligentDonuts,Xuanyu Liu,8123397
2026-07-05T09:08:49.813750,2026-07-05T09:08:49.823081+00:00,144.4,48,bid,CostlyCorianders,EarnestEspressos,8123412
2026-07-05T09:08:50.191515,2026-07-05T09:08:50.204155+00:00,144.3,38,ask,DiligentDonuts,FlawlessFlatbreads,8123421
2026-07-05T09:08:50.191515,2026-07-05T09:08:50.204155+00:00,143.9,12,ask,EarnestEspressos,FlawlessFlatbreads,8123422
2026-07-05T09:08:52.321612,2026-07-05T09:08:52.335205+00:00,144.2,50,ask,DiligentDonuts,FlawlessFlatbreads,8123458
2026-07-05T09:08:52.749780,2026-07-05T09:08:52.758994+00:00,144.2,45,ask,DiligentDonuts,CostlyCorianders,8123465
2026-07-05T09:08:54.433157,2026-07-05T09:08:54.445308+00:00,144.1,50,ask,EarnestEspressos,FlawlessFlatbreads,8123494
2026-07-05T09:08:55.896119,2026-07-05T09:08:55.907982+00:00,144.4,47,bid,CostlyCorianders,DiligentDonuts,8123520
2026-07-05T09:08:56.546305,2026-07-05T09:08:56.558616+00:00,144.0,50,ask,EarnestEspressos,FlawlessFlatbreads,8123525
2026-07-05T09:08:58.487436,2026-07-05T09:08:58.499730+00:00,144.0,41,ask,EarnestEspressos,CostlyCorianders,8123555
2026-07-05T09:08:58.657871,2026-07-05T09:08:58.665885+00:00,144.0,10,ask,EarnestEspressos,FlawlessFlatbreads,8123557
2026-07-05T09:08:58.657871,2026-07-05T09:08:58.670893+00:00,143.8,40,ask,DiligentDonuts,FlawlessFlatbreads,8123558
2026-07-05T09:08:59.111924,2026-07-05T09:08:59.121937+00:00,143.9,37,bid,Xuanyu Liu,EarnestEspressos,8123559
2026-07-05T09:09:00.716586,2026-07-05T09:09:00.728814+00:00,143.9,50,bid,FlawlessFlatbreads,EarnestEspressos,8123576
2026-07-05T09:09:01.040854,2026-07-05T09:09:01.051764+00:00,143.9,12,bid,Xuanyu Liu,EarnestEspressos,8123579
2026-07-05T09:09:01.575045,2026-07-05T09:09:01.583614+00:00,143.9,45,bid,CostlyCorianders,EarnestEspressos,8123581
2026-07-05T09:09:02.359550,2026-07-05T09:09:02.370063+00:00,144.1,35,ask,EarnestEspressos,Xuanyu Liu,8123597
2026-07-05T09:09:02.621318,2026-07-05T09:09:02.631798+00:00,144.1,43,ask,EarnestEspressos,CostlyCorianders,8123600
2026-07-05T09:09:02.846799,2026-07-05T09:09:02.858963+00:00,144.2,50,bid,FlawlessFlatbreads,DiligentDonuts,8123604
2026-07-05T09:09:04.996460,2026-07-05T09:09:05.005734+00:00,144.1,11,ask,EarnestEspressos,Xuanyu Liu,8123640
2026-07-05T09:09:05.038759,2026-07-05T09:09:05.047212+00:00,144.1,50,ask,EarnestEspressos,FlawlessFlatbreads,8123642
2026-07-05T09:09:05.425336,2026-07-05T09:09:05.433995+00:00,143.9,100,ask,DiligentDonuts,EarnestEspressos,8123653
2026-07-05T09:09:05.435215,2026-07-05T09:09:05.444570+00:00,143.7,34,bid,Xuanyu Liu,EarnestEspressos,8123654
2026-07-05T09:09:05.642928,2026-07-05T09:09:05.654454+00:00,143.7,12,bid,Xuanyu Liu,EarnestEspressos,8123661
2026-07-05T09:09:05.818410,2026-07-05T09:09:05.827964+00:00,143.7,4,bid,Xuanyu Liu,EarnestEspressos,8123665
2026-07-05T09:09:05.912998,2026-07-05T09:09:05.925342+00:00,144.4,48,bid,CostlyCorianders,DiligentDonuts,8123668
2026-07-05T09:09:06.529521,2026-07-05T09:09:06.538619+00:00,144.4,48,bid,CostlyCorianders,DiligentDonuts,8123678
2026-07-05T09:09:07.146278,2026-07-05T09:09:07.158605+00:00,143.7,10,ask,Yashwanth Madan,FlawlessFlatbreads,8123687
2026-07-05T09:09:07.146278,2026-07-05T09:09:07.158605+00:00,143.2,40,ask,EarnestEspressos,FlawlessFlatbreads,8123688
2026-07-05T09:09:07.235910,2026-07-05T09:09:07.245874+00:00,144.1,4,ask,DiligentDonuts,Xuanyu Liu,8123689
2026-07-05T09:09:07.401032,2026-07-05T09:09:07.410570+00:00,144.1,10,ask,DiligentDonuts,Yashwanth Madan,8123695
2026-07-05T09:09:07.621004,2026-07-05T09:09:07.636140+00:00,144.1,23,ask,DiligentDonuts,Xuanyu Liu,8123700
2026-07-05T09:09:09.206019,2026-07-05T09:09:09.217769+00:00,144.3,50,bid,FlawlessFlatbreads,EarnestEspressos,8123727
2026-07-05T09:09:10.500276,2026-07-05T09:09:10.507649+00:00,143.9,10,ask,Yashwanth Madan,CostlyCorianders,8123749
2026-07-05T09:09:10.500276,2026-07-05T09:09:10.512865+00:00,143.8,36,ask,EarnestEspressos,CostlyCorianders,8123750
2026-07-05T09:09:11.312799,2026-07-05T09:09:11.324875+00:00,144.3,50,bid,FlawlessFlatbreads,EarnestEspressos,8123756
2026-07-05T09:09:11.710155,2026-07-05T09:09:11.763636+00:00,144.3,100,bid,EarnestEspressos,DiligentDonuts,8123760
2026-07-05T09:09:11.925222,2026-07-05T09:09:11.934806+00:00,144.3,10,ask,EarnestEspressos,Yashwanth Madan,8123762
2026-07-05T09:09:12.001392,2026-07-05T09:09:12.013521+00:00,144.3,40,ask,EarnestEspressos,CostlyCorianders,8123763
2026-07-05T09:09:13.419953,2026-07-05T09:09:13.431832+00:00,144.8,50,bid,FlawlessFlatbreads,EarnestEspressos,8123787
2026-07-05T09:09:15.525673,2026-07-05T09:09:15.536295+00:00,144.5,50,bid,FlawlessFlatbreads,EarnestEspressos,8123824
2026-07-05T09:09:17.633868,2026-07-05T09:09:17.645809+00:00,144.5,50,bid,FlawlessFlatbreads,EarnestEspressos,8123847
2026-07-05T09:09:20.381505,2026-07-05T09:09:20.393282+00:00,144.7,42,bid,CostlyCorianders,EarnestEspressos,8123887
2026-07-05T09:09:21.224051,2026-07-05T09:09:21.233862+00:00,144.6,12,ask,EarnestEspressos,Xuanyu Liu,8123904
2026-07-05T09:09:21.904829,2026-07-05T09:09:21.916963+00:00,144.6,50,ask,EarnestEspressos,FlawlessFlatbreads,8123913
2026-07-05T09:09:22.126574,2026-07-05T09:09:22.137445+00:00,144.6,14,ask,EarnestEspressos,Xuanyu Liu,8123919
2026-07-05T09:09:24.012842,2026-07-05T09:09:24.019715+00:00,144.6,50,ask,EarnestEspressos,FlawlessFlatbreads,8123945
2026-07-05T09:09:24.759631,2026-07-05T09:09:24.768968+00:00,144.6,3,bid,Xuanyu Liu,EarnestEspressos,8123949
2026-07-05T09:09:25.918263,2026-07-05T09:09:25.929837+00:00,144.6,40,bid,CostlyCorianders,EarnestEspressos,8123964
2026-07-05T09:09:26.119183,2026-07-05T09:09:26.130221+00:00,144.2,10,ask,Yashwanth Madan,FlawlessFlatbreads,8123970
2026-07-05T09:09:26.119183,2026-07-05T09:09:26.130221+00:00,144.1,40,ask,EarnestEspressos,FlawlessFlatbreads,8123971
2026-07-05T09:09:27.050672,2026-07-05T09:09:27.063920+00:00,144.6,46,bid,CostlyCorianders,EarnestEspressos,8123981
2026-07-05T09:09:27.107230,2026-07-05T09:09:27.119289+00:00,144.4,42,ask,DiligentDonuts,CostlyCorianders,8123982
2026-07-05T09:09:28.227641,2026-07-05T09:09:28.236245+00:00,144.4,50,ask,DiligentDonuts,FlawlessFlatbreads,8123991
2026-07-05T09:09:31.343860,2026-07-05T09:09:31.355719+00:00,144.3,41,ask,EarnestEspressos,CostlyCorianders,8124024
2026-07-05T09:09:32.311822,2026-07-05T09:09:32.323763+00:00,144.7,45,bid,CostlyCorianders,DiligentDonuts,8124040
2026-07-05T09:09:32.893396,2026-07-05T09:09:32.905108+00:00,144.5,49,ask,DiligentDonuts,CostlyCorianders,8124045
2026-07-05T09:09:34.052269,2026-07-05T09:09:34.064192+00:00,144.5,10,ask,DiligentDonuts,Yashwanth Madan,8124069
2026-07-05T09:09:34.496462,2026-07-05T09:09:34.508504+00:00,144.7,50,bid,FlawlessFlatbreads,EarnestEspressos,8124070
2026-07-05T09:09:34.558995,2026-07-05T09:09:34.570829+00:00,144.5,40,ask,DiligentDonuts,CostlyCorianders,8124073
2026-07-05T09:09:36.622218,2026-07-05T09:09:36.634255+00:00,144.6,50,bid,FlawlessFlatbreads,DiligentDonuts,8124101
2026-07-05T09:09:37.897654,2026-07-05T09:09:37.906754+00:00,144.6,11,bid,Xuanyu Liu,DiligentDonuts,8124127
2026-07-05T09:09:38.784615,2026-07-05T09:09:38.795867+00:00,144.5,10,ask,Yashwanth Madan,FlawlessFlatbreads,8124141
2026-07-05T09:09:38.784615,2026-07-05T09:09:38.795867+00:00,144.4,40,ask,EarnestEspressos,FlawlessFlatbreads,8124142
2026-07-05T09:09:40.892897,2026-07-05T09:09:40.904951+00:00,144.4,50,ask,EarnestEspressos,FlawlessFlatbreads,8124170
2026-07-05T09:09:43.000833,2026-07-05T09:09:43.008818+00:00,144.4,50,ask,EarnestEspressos,FlawlessFlatbreads,8124211
2026-07-05T09:09:43.447691,2026-07-05T09:09:43.460540+00:00,144.5,12,bid,Xuanyu Liu,EarnestEspressos,8124214
2026-07-05T09:09:45.055418,2026-07-05T09:09:45.058033+00:00,144.5,50,bid,FlawlessFlatbreads,EarnestEspressos,8124242
2026-07-05T09:09:46.910543,2026-07-05T09:09:46.923084+00:00,144.6,46,bid,CostlyCorianders,EarnestEspressos,8124266
2026-07-05T09:09:47.162236,2026-07-05T09:09:47.171396+00:00,144.6,50,bid,FlawlessFlatbreads,EarnestEspressos,8124272
2026-07-05T09:09:48.017957,2026-07-05T09:09:48.029292+00:00,144.3,49,ask,DiligentDonuts,CostlyCorianders,8124285
2026-07-05T09:09:49.271268,2026-07-05T09:09:49.280160+00:00,144.6,50,bid,FlawlessFlatbreads,EarnestEspressos,8124299
2026-07-05T09:09:49.713406,2026-07-05T09:09:49.725222+00:00,144.7,100,bid,EarnestEspressos,DiligentDonuts,8124304
2026-07-05T09:09:49.786765,2026-07-05T09:09:49.803586+00:00,144.8,12,ask,EarnestEspressos,Xuanyu Liu,8124306
2026-07-05T09:09:51.433556,2026-07-05T09:09:51.458563+00:00,144.8,38,ask,EarnestEspressos,FlawlessFlatbreads,8124329
2026-07-05T09:09:52.200557,2026-07-05T09:09:52.212555+00:00,145.0,40,bid,CostlyCorianders,DiligentDonuts,8124342
2026-07-05T09:09:53.543439,2026-07-05T09:09:53.555454+00:00,144.5,50,ask,DiligentDonuts,FlawlessFlatbreads,8124360
2026-07-05T09:09:53.684552,2026-07-05T09:09:53.695778+00:00,144.6,12,bid,Xuanyu Liu,EarnestEspressos,8124361
2026-07-05T09:09:57.171020,2026-07-05T09:09:57.182685+00:00,144.8,44,bid,CostlyCorianders,EarnestEspressos,8124423
2026-07-05T09:09:57.759650,2026-07-05T09:09:57.771525+00:00,144.5,50,ask,DiligentDonuts,FlawlessFlatbreads,8124432
2026-07-05T09:09:59.760776,2026-07-05T09:09:59.773133+00:00,144.4,48,ask,EarnestEspressos,CostlyCorianders,8124464
2026-07-05T09:09:59.873005,2026-07-05T09:09:59.883084+00:00,144.4,50,ask,EarnestEspressos,FlawlessFlatbreads,8124465
2026-07-05T09:10:01.185699,2026-07-05T09:10:01.197656+00:00,144.9,49,bid,CostlyCorianders,EarnestEspressos,8124479
2026-07-05T09:10:01.662982,2026-07-05T09:10:01.669823+00:00,144.4,46,ask,EarnestEspressos,CostlyCorianders,8124494
2026-07-05T09:10:01.938672,2026-07-05T09:10:01.951736+00:00,144.9,50,bid,FlawlessFlatbreads,EarnestEspressos,8124499
2026-07-05T09:10:02.169982,2026-07-05T09:10:02.181246+00:00,144.9,45,bid,CostlyCorianders,EarnestEspressos,8124502
2026-07-05T09:10:02.792854,2026-07-05T09:10:02.805008+00:00,144.4,45,ask,DiligentDonuts,CostlyCorianders,8124516
2026-07-05T09:10:03.431865,2026-07-05T09:10:03.443706+00:00,144.9,48,bid,CostlyCorianders,DiligentDonuts,8124525
2026-07-05T09:10:04.055975,2026-07-05T09:10:04.068066+00:00,144.9,50,bid,FlawlessFlatbreads,DiligentDonuts,8124550
2026-07-05T09:10:05.387175,2026-07-05T09:10:05.399239+00:00,144.4,45,ask,EarnestEspressos,CostlyCorianders,8124571
2026-07-05T09:10:06.174619,2026-07-05T09:10:06.189669+00:00,144.5,50,bid,FlawlessFlatbreads,EarnestEspressos,8124580
2026-07-05T09:10:08.172889,2026-07-05T09:10:08.183212+00:00,144.5,11,bid,Xuanyu Liu,EarnestEspressos,8124611
2026-07-05T09:10:08.342094,2026-07-05T09:10:08.359202+00:00,144.4,50,ask,DiligentDonuts,FlawlessFlatbreads,8124614
2026-07-05T09:10:08.584054,2026-07-05T09:10:08.600869+00:00,144.5,49,bid,CostlyCorianders,EarnestEspressos,8124619
2026-07-05T09:10:08.746264,2026-07-05T09:10:08.757269+00:00,144.8,11,ask,EarnestEspressos,Xuanyu Liu,8124623
2026-07-05T09:10:09.489909,2026-07-05T09:10:09.498233+00:00,144.8,23,ask,EarnestEspressos,Xuanyu Liu,8124640
2026-07-05T09:10:09.696849,2026-07-05T09:10:09.705977+00:00,144.8,10,ask,EarnestEspressos,Yashwanth Madan,8124645
2026-07-05T09:10:10.422137,2026-07-05T09:10:10.430720+00:00,144.9,50,bid,FlawlessFlatbreads,DiligentDonuts,8124653
2026-07-05T09:10:12.528968,2026-07-05T09:10:12.541176+00:00,144.9,50,bid,FlawlessFlatbreads,DiligentDonuts,8124679
2026-07-05T09:10:12.953933,2026-07-05T09:10:12.958575+00:00,144.6,40,ask,EarnestEspressos,CostlyCorianders,8124685
2026-07-05T09:10:13.561840,2026-07-05T09:10:13.574026+00:00,144.9,48,bid,CostlyCorianders,DiligentDonuts,8124696
2026-07-05T09:10:14.703663,2026-07-05T09:10:14.716041+00:00,144.8,46,ask,DiligentDonuts,CostlyCorianders,8124707
2026-07-05T09:10:14.704097,2026-07-05T09:10:14.721035+00:00,144.8,50,ask,DiligentDonuts,FlawlessFlatbreads,8124708
2026-07-05T09:10:15.115750,2026-07-05T09:10:15.128245+00:00,144.8,4,ask,DiligentDonuts,EarnestEspressos,8124716
2026-07-05T09:10:15.242951,2026-07-05T09:10:15.253179+00:00,144.4,10,ask,Yashwanth Madan,CostlyCorianders,8124718
2026-07-05T09:10:15.242951,2026-07-05T09:10:15.258424+00:00,144.3,38,ask,EarnestEspressos,CostlyCorianders,8124719
2026-07-05T09:10:16.935347,2026-07-05T09:10:16.947056+00:00,144.8,44,bid,CostlyCorianders,EarnestEspressos,8124750
2026-07-05T09:10:18.005769,2026-07-05T09:10:18.014854+00:00,144.4,46,ask,DiligentDonuts,CostlyCorianders,8124764
2026-07-05T09:10:19.179091,2026-07-05T09:10:19.191391+00:00,144.9,43,bid,CostlyCorianders,DiligentDonuts,8124785
2026-07-05T09:10:20.586622,2026-07-05T09:10:20.592813+00:00,144.5,45,ask,DiligentDonuts,CostlyCorianders,8124819
2026-07-05T09:10:20.866286,2026-07-05T09:10:20.877943+00:00,144.9,50,bid,FlawlessFlatbreads,EarnestEspressos,8124825
2026-07-05T09:10:22.972840,2026-07-05T09:10:22.985233+00:00,145.0,50,bid,FlawlessFlatbreads,DiligentDonuts,8124854
2026-07-05T09:10:24.617334,2026-07-05T09:10:24.629502+00:00,145.0,44,bid,CostlyCorianders,DiligentDonuts,8124873
2026-07-05T09:10:25.081160,2026-07-05T09:10:25.093227+00:00,145.0,50,bid,FlawlessFlatbreads,DiligentDonuts,8124878
2026-07-05T09:10:25.152462,2026-07-05T09:10:25.163655+00:00,144.7,42,ask,EarnestEspressos,CostlyCorianders,8124879
2026-07-05T09:10:26.489971,2026-07-05T09:10:26.501833+00:00,144.8,10,ask,DiligentDonuts,Yashwanth Madan,8124891
2026-07-05T09:10:27.189506,2026-07-05T09:10:27.196532+00:00,145.2,50,bid,FlawlessFlatbreads,EarnestEspressos,8124905
2026-07-05T09:10:27.845875,2026-07-05T09:10:27.857601+00:00,145.3,48,bid,CostlyCorianders,DiligentDonuts,8124919
2026-07-05T09:10:29.345774,2026-07-05T09:10:29.358590+00:00,144.8,50,ask,DiligentDonuts,FlawlessFlatbreads,8124940
2026-07-05T09:10:33.303220,2026-07-05T09:10:33.312186+00:00,144.8,41,ask,EarnestEspressos,CostlyCorianders,8125007
2026-07-05T09:10:33.562100,2026-07-05T09:10:33.574455+00:00,144.8,50,ask,EarnestEspressos,FlawlessFlatbreads,8125009
2026-07-05T09:10:34.535245,2026-07-05T09:10:34.547621+00:00,144.9,43,bid,CostlyCorianders,EarnestEspressos,8125023
2026-07-05T09:10:35.674930,2026-07-05T09:10:35.686510+00:00,144.8,50,ask,DiligentDonuts,FlawlessFlatbreads,8125040
2026-07-05T09:10:36.077126,2026-07-05T09:10:36.088918+00:00,144.9,43,bid,CostlyCorianders,EarnestEspressos,8125055
2026-07-05T09:10:36.131488,2026-07-05T09:10:36.143523+00:00,144.7,49,ask,DiligentDonuts,CostlyCorianders,8125056
2026-07-05T09:10:37.081543,2026-07-05T09:10:37.089198+00:00,144.9,40,bid,CostlyCorianders,EarnestEspressos,8125074
2026-07-05T09:10:37.106146,2026-07-05T09:10:37.115690+00:00,144.9,11,bid,Xuanyu Liu,EarnestEspressos,8125076
2026-07-05T09:10:37.136453,2026-07-05T09:10:37.148584+00:00,144.7,46,ask,DiligentDonuts,CostlyCorianders,8125078
2026-07-05T09:10:37.266011,2026-07-05T09:10:37.276805+00:00,145.1,11,ask,EarnestEspressos,Xuanyu Liu,8125081
2026-07-05T09:10:37.782608,2026-07-05T09:10:37.794599+00:00,145.1,50,ask,EarnestEspressos,FlawlessFlatbreads,8125093
2026-07-05T09:10:38.137151,2026-07-05T09:10:38.146084+00:00,145.1,44,ask,EarnestEspressos,CostlyCorianders,8125099
2026-07-05T09:10:39.127069,2026-07-05T09:10:39.135951+00:00,145.1,41,ask,EarnestEspressos,CostlyCorianders,8125115
2026-07-05T09:10:39.131491,2026-07-05T09:10:39.141150+00:00,145.1,4,ask,EarnestEspressos,DiligentDonuts,8125116
2026-07-05T09:10:39.613416,2026-07-05T09:10:39.625753+00:00,145.0,41,bid,CostlyCorianders,DiligentDonuts,8125118
2026-07-05T09:10:39.889903,2026-07-05T09:10:39.902041+00:00,144.6,10,ask,Yashwanth Madan,FlawlessFlatbreads,8125126
2026-07-05T09:10:41.997173,2026-07-05T09:10:42.009242+00:00,144.5,50,ask,DiligentDonuts,FlawlessFlatbreads,8125164
2026-07-05T09:10:42.371104,2026-07-05T09:10:42.380271+00:00,145.0,11,bid,Xuanyu Liu,EarnestEspressos,8125167
2026-07-05T09:10:44.909183,2026-07-05T09:10:44.917654+00:00,145.0,40,bid,CostlyCorianders,DiligentDonuts,8125211
2026-07-05T09:10:46.208627,2026-07-05T09:10:46.217498+00:00,144.8,50,ask,DiligentDonuts,FlawlessFlatbreads,8125227
2026-07-05T09:10:48.268727,2026-07-05T09:10:48.277791+00:00,145.0,50,bid,FlawlessFlatbreads,EarnestEspressos,8125255
2026-07-05T09:10:50.686147,2026-07-05T09:10:50.698143+00:00,144.9,44,bid,CostlyCorianders,DiligentDonuts,8125284
2026-07-05T09:10:53.991091,2026-07-05T09:10:53.999130+00:00,145.1,49,bid,CostlyCorianders,DiligentDonuts,8125337
2026-07-05T09:10:55.645451,2026-07-05T09:10:55.652913+00:00,145.0,10,ask,DiligentDonuts,Yashwanth Madan,8125370
2026-07-05T09:10:56.749846,2026-07-05T09:10:56.758585+00:00,145.0,50,ask,DiligentDonuts,FlawlessFlatbreads,8125380
2026-07-05T09:10:58.890235,2026-07-05T09:10:58.902584+00:00,144.8,50,ask,DiligentDonuts,FlawlessFlatbreads,8125419
2026-07-05T09:11:01.633847,2026-07-05T09:11:01.642839+00:00,144.7,42,ask,EarnestEspressos,CostlyCorianders,8125462
2026-07-05T09:11:03.059592,2026-07-05T09:11:03.069596+00:00,144.7,50,bid,FlawlessFlatbreads,EarnestEspressos,8125477
2026-07-05T09:11:03.898481,2026-07-05T09:11:03.909821+00:00,144.4,10,ask,Yashwanth Madan,CostlyCorianders,8125488
2026-07-05T09:11:03.898481,2026-07-05T09:11:03.909821+00:00,144.3,33,ask,DiligentDonuts,CostlyCorianders,8125489
2026-07-05T09:11:05.893017,2026-07-05T09:11:05.904882+00:00,144.6,48,bid,CostlyCorianders,DiligentDonuts,8125528
2026-07-05T09:11:05.948072,2026-07-05T09:11:05.960297+00:00,144.5,48,ask,EarnestEspressos,CostlyCorianders,8125530
2026-07-05T09:11:07.269555,2026-07-05T09:11:07.282006+00:00,144.6,50,bid,FlawlessFlatbreads,DiligentDonuts,8125545
2026-07-05T09:11:07.436755,2026-07-05T09:11:07.445871+00:00,144.5,49,ask,EarnestEspressos,CostlyCorianders,8125547
2026-07-05T09:11:09.111475,2026-07-05T09:11:09.127416+00:00,144.6,12,bid,Xuanyu Liu,EarnestEspressos,8125571
2026-07-05T09:11:09.378090,2026-07-05T09:11:09.390193+00:00,144.6,50,bid,FlawlessFlatbreads,EarnestEspressos,8125574
2026-07-05T09:11:09.483677,2026-07-05T09:11:09.495786+00:00,144.6,49,bid,CostlyCorianders,EarnestEspressos,8125576
2026-07-05T09:11:13.657602,2026-07-05T09:11:13.669701+00:00,144.6,50,ask,EarnestEspressos,FlawlessFlatbreads,8125640
2026-07-05T09:11:13.960644,2026-07-05T09:11:13.990304+00:00,144.6,12,ask,EarnestEspressos,Xuanyu Liu,8125646
2026-07-05T09:11:13.985929,2026-07-05T09:11:13.990304+00:00,144.6,10,ask,EarnestEspressos,Yashwanth Madan,8125648
2026-07-05T09:11:14.218751,2026-07-05T09:11:14.230392+00:00,144.9,48,bid,CostlyCorianders,DiligentDonuts,8125654
2026-07-05T09:11:15.771711,2026-07-05T09:11:15.779749+00:00,144.5,10,ask,Yashwanth Madan,FlawlessFlatbreads,8125678
2026-07-05T09:11:15.771711,2026-07-05T09:11:15.784916+00:00,144.4,40,ask,DiligentDonuts,FlawlessFlatbreads,8125679
2026-07-05T09:11:17.887787,2026-07-05T09:11:17.899913+00:00,144.5,50,ask,DiligentDonuts,FlawlessFlatbreads,8125702
2026-07-05T09:11:20.005917,2026-07-05T09:11:20.020734+00:00,144.5,50,ask,DiligentDonuts,FlawlessFlatbreads,8125740
2026-07-05T09:11:20.163426,2026-07-05T09:11:20.175766+00:00,144.5,10,ask,Yashwanth Madan,CostlyCorianders,8125744
2026-07-05T09:11:20.163426,2026-07-05T09:11:20.175766+00:00,144.3,39,ask,EarnestEspressos,CostlyCorianders,8125745
2026-07-05T09:11:20.628895,2026-07-05T09:11:20.636784+00:00,144.5,10,ask,Yashwanth Madan,CostlyCorianders,8125754
2026-07-05T09:11:22.039821,2026-07-05T09:11:22.051650+00:00,144.7,47,bid,CostlyCorianders,EarnestEspressos,8125767
2026-07-05T09:11:22.112843,2026-07-05T09:11:22.121054+00:00,144.4,50,ask,DiligentDonuts,FlawlessFlatbreads,8125768
2026-07-05T09:11:22.630080,2026-07-05T09:11:22.641882+00:00,144.4,40,ask,DiligentDonuts,CostlyCorianders,8125785
2026-07-05T09:11:23.478852,2026-07-05T09:11:23.488850+00:00,144.4,35,bid,Xuanyu Liu,DiligentDonuts,8125787
2026-07-05T09:11:23.547906,2026-07-05T09:11:23.559825+00:00,144.4,20,bid,Yashwanth Madan,DiligentDonuts,8125791
2026-07-05T09:11:23.921262,2026-07-05T09:11:23.932974+00:00,144.4,16,bid,Yashwanth Madan,DiligentDonuts,8125804
2026-07-05T09:11:23.950154,2026-07-05T09:11:23.957831+00:00,144.2,16,ask,EarnestEspressos,Yashwanth Madan,8125806
2026-07-05T09:11:24.255341,2026-07-05T09:11:24.268667+00:00,144.2,50,ask,EarnestEspressos,FlawlessFlatbreads,8125808
2026-07-05T09:11:26.361960,2026-07-05T09:11:26.373739+00:00,144.0,50,ask,EarnestEspressos,FlawlessFlatbreads,8125839
2026-07-05T09:11:28.174506,2026-07-05T09:11:28.186785+00:00,144.3,44,bid,CostlyCorianders,EarnestEspressos,8125867
2026-07-05T09:11:28.194523,2026-07-05T09:11:28.201128+00:00,144.3,18,bid,Yashwanth Madan,EarnestEspressos,8125868
2026-07-05T09:11:28.420532,2026-07-05T09:11:28.429831+00:00,144.3,50,bid,FlawlessFlatbreads,EarnestEspressos,8125872
2026-07-05T09:11:28.563109,2026-07-05T09:11:28.575253+00:00,144.3,4,bid,Yashwanth Madan,EarnestEspressos,8125875
2026-07-05T09:11:28.763080,2026-07-05T09:11:28.773657+00:00,144.3,34,bid,CostlyCorianders,EarnestEspressos,8125883
2026-07-05T09:11:28.763080,2026-07-05T09:11:28.773657+00:00,144.5,12,bid,CostlyCorianders,DiligentDonuts,8125884
2026-07-05T09:11:30.538574,2026-07-05T09:11:30.550986+00:00,144.6,50,bid,FlawlessFlatbreads,DiligentDonuts,8125914
2026-07-05T09:11:32.710546,2026-07-05T09:11:32.720733+00:00,144.4,50,ask,EarnestEspressos,FlawlessFlatbreads,8125941
2026-07-05T09:11:33.628193,2026-07-05T09:11:33.649181+00:00,144.4,12,ask,EarnestEspressos,Xuanyu Liu,8125954
2026-07-05T09:11:34.820737,2026-07-05T09:11:34.830136+00:00,144.1,50,ask,DiligentDonuts,FlawlessFlatbreads,8125975
2026-07-05T09:11:35.090816,2026-07-05T09:11:35.103356+00:00,144.1,40,ask,DiligentDonuts,CostlyCorianders,8125977
2026-07-05T09:11:36.704362,2026-07-05T09:11:36.716397+00:00,144.0,45,ask,EarnestEspressos,CostlyCorianders,8125993
2026-07-05T09:11:36.961403,2026-07-05T09:11:36.969059+00:00,144.0,50,ask,EarnestEspressos,FlawlessFlatbreads,8125997
2026-07-05T09:11:37.309504,2026-07-05T09:11:37.318859+00:00,144.1,12,bid,Xuanyu Liu,EarnestEspressos,8126000
2026-07-05T09:11:37.560954,2026-07-05T09:11:37.568868+00:00,144.1,3,bid,Yashwanth Madan,EarnestEspressos,8126002
2026-07-05T09:11:37.815331,2026-07-05T09:11:37.827272+00:00,144.1,2,bid,Yashwanth Madan,EarnestEspressos,8126009
2026-07-05T09:11:38.276320,2026-07-05T09:11:38.283493+00:00,144.1,49,bid,CostlyCorianders,EarnestEspressos,8126024
2026-07-05T09:11:41.217482,2026-07-05T09:11:41.226192+00:00,143.8,50,ask,EarnestEspressos,FlawlessFlatbreads,8126057
2026-07-05T09:11:41.426872,2026-07-05T09:11:41.439240+00:00,144.2,46,bid,CostlyCorianders,DiligentDonuts,8126066
2026-07-05T09:11:43.276755,2026-07-05T09:11:43.288045+00:00,144.3,50,bid,FlawlessFlatbreads,EarnestEspressos,8126088
2026-07-05T09:11:45.386165,2026-07-05T09:11:45.396432+00:00,144.3,50,bid,FlawlessFlatbreads,EarnestEspressos,8126115
2026-07-05T09:11:47.504809,2026-07-05T09:11:47.516258+00:00,144.5,50,bid,FlawlessFlatbreads,DiligentDonuts,8126144
2026-07-05T09:11:47.612308,2026-07-05T09:11:47.623971+00:00,144.1,41,ask,EarnestEspressos,CostlyCorianders,8126145
2026-07-05T09:11:49.668517,2026-07-05T09:11:49.684347+00:00,144.1,50,ask,EarnestEspressos,FlawlessFlatbreads,8126182
2026-07-05T09:11:51.724236,2026-07-05T09:11:51.736515+00:00,144.2,50,bid,FlawlessFlatbreads,EarnestEspressos,8126225
2026-07-05T09:11:52.100012,2026-07-05T09:11:52.109690+00:00,144.2,11,bid,Xuanyu Liu,EarnestEspressos,8126227
2026-07-05T09:11:53.835627,2026-07-05T09:11:53.843518+00:00,144.6,50,bid,FlawlessFlatbreads,DiligentDonuts,8126255
2026-07-05T09:11:55.972657,2026-07-05T09:11:55.984844+00:00,144.6,50,bid,FlawlessFlatbreads,EarnestEspressos,8126289
2026-07-05T09:11:56.644289,2026-07-05T09:11:56.655515+00:00,144.3,11,ask,DiligentDonuts,Xuanyu Liu,8126298
2026-07-05T09:11:57.861378,2026-07-05T09:11:57.871539+00:00,144.3,12,ask,DiligentDonuts,Xuanyu Liu,8126316
2026-07-05T09:11:58.080017,2026-07-05T09:11:58.091663+00:00,144.7,50,bid,FlawlessFlatbreads,EarnestEspressos,8126321
2026-07-05T09:12:00.191074,2026-07-05T09:12:00.203221+00:00,144.6,50,bid,FlawlessFlatbreads,DiligentDonuts,8126363
2026-07-05T09:12:02.297528,2026-07-05T09:12:02.310213+00:00,144.8,50,bid,FlawlessFlatbreads,DiligentDonuts,8126390
2026-07-05T09:12:03.396680,2026-07-05T09:12:03.408683+00:00,144.4,41,ask,EarnestEspressos,CostlyCorianders,8126406
2026-07-05T09:12:04.326189,2026-07-05T09:12:04.338360+00:00,144.8,41,bid,CostlyCorianders,DiligentDonuts,8126419
2026-07-05T09:12:04.439126,2026-07-05T09:12:04.451385+00:00,144.8,9,bid,FlawlessFlatbreads,DiligentDonuts,8126421
2026-07-05T09:12:04.439126,2026-07-05T09:12:04.451385+00:00,144.9,41,bid,FlawlessFlatbreads,EarnestEspressos,8126422
2026-07-05T09:12:04.629024,2026-07-05T09:12:04.640498+00:00,144.7,23,ask,DiligentDonuts,Xuanyu Liu,8126425
2026-07-05T09:12:04.694612,2026-07-05T09:12:04.706836+00:00,144.7,20,ask,DiligentDonuts,Yashwanth Madan,8126428
2026-07-05T09:12:04.949186,2026-07-05T09:12:04.958560+00:00,144.7,20,ask,DiligentDonuts,Yashwanth Madan,8126435
2026-07-05T09:12:05.116299,2026-07-05T09:12:05.128486+00:00,144.7,11,ask,DiligentDonuts,Xuanyu Liu,8126441
2026-07-05T09:12:05.200613,2026-07-05T09:12:05.212548+00:00,144.7,20,ask,DiligentDonuts,Yashwanth Madan,8126444
2026-07-05T09:12:05.451626,2026-07-05T09:12:05.458598+00:00,144.7,6,ask,DiligentDonuts,Yashwanth Madan,8126448
2026-07-05T09:12:05.476406,2026-07-05T09:12:05.484049+00:00,144.4,41,ask,EarnestEspressos,CostlyCorianders,8126451
2026-07-05T09:12:06.549246,2026-07-05T09:12:06.563741+00:00,144.7,50,bid,FlawlessFlatbreads,EarnestEspressos,8126462
2026-07-05T09:12:07.406709,2026-07-05T09:12:07.416939+00:00,144.7,40,bid,CostlyCorianders,EarnestEspressos,8126476
2026-07-05T09:12:08.692172,2026-07-05T09:12:08.704088+00:00,144.7,50,bid,FlawlessFlatbreads,EarnestEspressos,8126490
2026-07-05T09:12:08.947747,2026-07-05T09:12:08.958872+00:00,144.8,3,ask,EarnestEspressos,Xuanyu Liu,8126491
2026-07-05T09:12:09.134110,2026-07-05T09:12:09.141478+00:00,144.8,11,ask,EarnestEspressos,Yashwanth Madan,8126496
2026-07-05T09:12:10.800024,2026-07-05T09:12:10.812097+00:00,144.9,50,bid,FlawlessFlatbreads,DiligentDonuts,8126517
2026-07-05T09:12:11.735446,2026-07-05T09:12:11.747349+00:00,144.8,41,ask,EarnestEspressos,CostlyCorianders,8126533
2026-07-05T09:12:15.091644,2026-07-05T09:12:15.102682+00:00,144.6,50,ask,EarnestEspressos,FlawlessFlatbreads,8126579
2026-07-05T09:12:15.247863,2026-07-05T09:12:15.258564+00:00,144.5,44,ask,DiligentDonuts,CostlyCorianders,8126582
2026-07-05T09:12:17.197988,2026-07-05T09:12:17.205330+00:00,144.5,50,ask,DiligentDonuts,FlawlessFlatbreads,8126618
2026-07-05T09:12:18.433029,2026-07-05T09:12:18.443188+00:00,144.6,3,bid,Xuanyu Liu,DiligentDonuts,8126638
2026-07-05T09:12:18.497344,2026-07-05T09:12:18.509410+00:00,144.6,45,bid,CostlyCorianders,DiligentDonuts,8126642
2026-07-05T09:12:19.306983,2026-07-05T09:12:19.315812+00:00,144.3,50,ask,EarnestEspressos,FlawlessFlatbreads,8126656
2026-07-05T09:12:19.718344,2026-07-05T09:12:19.732025+00:00,144.3,40,ask,EarnestEspressos,CostlyCorianders,8126662
2026-07-05T09:12:20.253270,2026-07-05T09:12:20.269018+00:00,144.6,40,bid,CostlyCorianders,DiligentDonuts,8126670
2026-07-05T09:12:21.420455,2026-07-05T09:12:21.432127+00:00,144.3,50,ask,EarnestEspressos,FlawlessFlatbreads,8126689
2026-07-05T09:12:21.690366,2026-07-05T09:12:21.702345+00:00,144.1,34,bid,Xuanyu Liu,EarnestEspressos,8126699
2026-07-05T09:12:22.011050,2026-07-05T09:12:22.020825+00:00,144.1,16,bid,CostlyCorianders,EarnestEspressos,8126704
2026-07-05T09:12:23.528236,2026-07-05T09:12:23.540818+00:00,143.6,50,ask,EarnestEspressos,FlawlessFlatbreads,8126735
