timestamp,recv_time,price,volume,aggressor_side,buyer,seller,trade_id
2026-06-30T07:59:59.654468,2026-06-29T22:00:00.505158+00:00,131.2,50,ask,,,13345948
2026-06-30T08:00:01.760495,2026-06-29T22:00:02.607924+00:00,131.2,50,ask,,,13345987
2026-06-30T08:00:03.871465,2026-06-29T22:00:04.721296+00:00,131.2,50,ask,,,13346015
2026-06-30T08:00:04.917063,2026-06-29T22:00:05.768361+00:00,131.3,41,bid,,,13346035
2026-06-30T08:00:05.394596,2026-06-29T22:00:06.248408+00:00,131.3,44,bid,,,13346047
2026-06-30T08:00:05.452651,2026-06-29T22:00:06.302306+00:00,131.2,43,ask,,,13346048
2026-06-30T08:00:05.771930,2026-06-29T22:00:06.617706+00:00,131.5,1,bid,,,13346055
2026-06-30T08:00:05.977977,2026-06-29T22:00:06.825321+00:00,131.2,7,ask,,,13346061
2026-06-30T08:00:05.977977,2026-06-29T22:00:06.825321+00:00,131.2,3,ask,,,13346062
2026-06-30T08:00:05.977977,2026-06-29T22:00:06.825321+00:00,131.2,40,ask,,,13346063
2026-06-30T08:00:06.045985,2026-06-29T22:00:06.888783+00:00,131.7,42,bid,,,13346064
2026-06-30T08:00:07.091390,2026-06-29T22:00:07.936055+00:00,131.5,41,bid,,,13346077
2026-06-30T08:00:07.624206,2026-06-29T22:00:08.468618+00:00,131.2,48,ask,,,13346081
2026-06-30T08:00:08.088711,2026-06-29T22:00:08.937294+00:00,131.2,50,ask,,,13346090
2026-06-30T08:00:08.694445,2026-06-29T22:00:09.537354+00:00,131.2,12,ask,,,13346103
2026-06-30T08:00:08.694445,2026-06-29T22:00:09.547951+00:00,131.2,4,ask,,,13346104
2026-06-30T08:00:08.694445,2026-06-29T22:00:09.547951+00:00,131.0,24,ask,,,13346105
2026-06-30T08:00:08.879187,2026-06-29T22:00:09.733444+00:00,131.0,76,ask,,,13346109
2026-06-30T08:00:08.938061,2026-06-29T22:00:09.787970+00:00,131.0,5,bid,,,13346110
2026-06-30T08:00:09.042329,2026-06-29T22:00:09.887052+00:00,131.0,5,bid,,,13346112
2026-06-30T08:00:09.205881,2026-06-29T22:00:10.048986+00:00,131.0,5,bid,,,13346115
2026-06-30T08:00:09.672518,2026-06-29T22:00:10.517439+00:00,131.0,5,bid,,,13346130
2026-06-30T08:00:09.960194,2026-06-29T22:00:10.809864+00:00,131.0,5,bid,,,13346138
2026-06-30T08:00:10.143480,2026-06-29T22:00:10.995079+00:00,131.0,49,bid,,,13346143
2026-06-30T08:00:10.207901,2026-06-29T22:00:11.059040+00:00,131.1,5,bid,,,13346145
2026-06-30T08:00:10.689206,2026-06-29T22:00:11.538812+00:00,131.1,5,bid,,,13346154
2026-06-30T08:00:10.803403,2026-06-29T22:00:11.648028+00:00,131.1,5,bid,,,13346158
2026-06-30T08:00:11.987124,2026-06-29T22:00:12.837502+00:00,131.1,85,bid,,,13346191
2026-06-30T08:00:12.302280,2026-06-29T22:00:13.153328+00:00,131.1,50,ask,,,13346195
2026-06-30T08:00:12.461840,2026-06-29T22:00:13.306309+00:00,131.1,15,ask,,,13346196
2026-06-30T08:00:14.438592,2026-06-29T22:00:15.288044+00:00,131.4,40,bid,,,13346234
2026-06-30T08:00:15.805775,2026-06-29T22:00:16.648223+00:00,131.0,5,bid,,,13346263
2026-06-30T08:00:16.027666,2026-06-29T22:00:16.877216+00:00,131.0,5,bid,,,13346265
2026-06-30T08:00:16.059002,2026-06-29T22:00:16.908994+00:00,131.0,40,bid,,,13346266
2026-06-30T08:00:16.415138,2026-06-29T22:00:17.260235+00:00,131.0,100,bid,,,13346272
2026-06-30T08:00:18.566148,2026-06-29T22:00:19.417660+00:00,131.6,50,bid,,,13346309
2026-06-30T08:00:20.672736,2026-06-29T22:00:21.518150+00:00,131.4,50,bid,,,13346346
2026-06-30T08:00:21.010279,2026-06-29T22:00:21.857346+00:00,131.3,6,bid,,,13346355
2026-06-30T08:00:21.420329,2026-06-29T22:00:22.269666+00:00,131.3,1,bid,,,13346368
2026-06-30T08:00:22.230262,2026-06-29T22:00:23.075513+00:00,131.3,1,bid,,,13346378
2026-06-30T08:00:22.800016,2026-06-29T22:00:23.649933+00:00,131.3,4,bid,,,13346389
2026-06-30T08:00:22.800016,2026-06-29T22:00:23.649933+00:00,131.5,46,bid,,,13346390
2026-06-30T08:00:23.760888,2026-06-29T22:00:24.607273+00:00,131.0,49,ask,,,13346421
2026-06-30T08:00:24.280839,2026-06-29T22:00:25.122802+00:00,131.3,5,bid,,,13346433
2026-06-30T08:00:24.280839,2026-06-29T22:00:25.133864+00:00,131.5,39,bid,,,13346434
2026-06-30T08:00:24.335739,2026-06-29T22:00:25.177134+00:00,131.0,49,ask,,,13346435
2026-06-30T08:00:24.908768,2026-06-29T22:00:25.758030+00:00,131.4,50,bid,,,13346441
2026-06-30T08:00:27.014169,2026-06-29T22:00:27.857201+00:00,131.4,50,bid,,,13346477
2026-06-30T08:00:27.596071,2026-06-29T22:00:28.443233+00:00,131.4,49,bid,,,13346488
2026-06-30T08:00:27.650777,2026-06-29T22:00:28.498114+00:00,131.1,45,ask,,,13346489
2026-06-30T08:00:27.789796,2026-06-29T22:00:28.638534+00:00,131.6,100,bid,,,13346491
2026-06-30T08:00:29.122706,2026-06-29T22:00:29.965414+00:00,132.1,50,bid,,,13346523
2026-06-30T08:00:31.229113,2026-06-29T22:00:32.080878+00:00,131.8,50,bid,,,13346567
2026-06-30T08:00:33.387191,2026-06-29T22:00:34.234220+00:00,131.5,50,ask,,,13346606
2026-06-30T08:00:34.559747,2026-06-29T22:00:35.409867+00:00,131.7,42,bid,,,13346642
2026-06-30T08:00:35.153658,2026-06-29T22:00:35.999648+00:00,131.4,48,ask,,,13346656
2026-06-30T08:00:35.503263,2026-06-29T22:00:36.361201+00:00,131.2,1,ask,,,13346666
2026-06-30T08:00:35.503263,2026-06-29T22:00:36.361201+00:00,131.2,49,ask,,,13346667
2026-06-30T08:00:38.683514,2026-06-29T22:00:39.558564+00:00,131.3,1,ask,,,13346720
2026-06-30T08:00:38.683514,2026-06-29T22:00:39.569639+00:00,131.0,40,ask,,,13346721
2026-06-30T08:00:39.749197,2026-06-29T22:00:40.600749+00:00,131.5,50,bid,,,13346729
2026-06-30T08:00:45.451215,2026-06-29T22:00:46.499969+00:00,131.6,4,bid,,,13346742
2026-06-30T08:00:45.451215,2026-06-29T22:00:46.499969+00:00,131.6,46,bid,,,13346743
2026-06-30T08:00:47.611195,2026-06-29T22:00:48.460825+00:00,131.2,1,ask,,,13346752
2026-06-30T08:00:47.611195,2026-06-29T22:00:48.460825+00:00,131.2,49,ask,,,13346753
2026-06-30T08:00:49.467761,2026-06-29T22:00:50.324213+00:00,131.2,1,ask,,,13346775
2026-06-30T08:00:49.483286,2026-06-29T22:00:50.334813+00:00,131.0,25,ask,,,13346776
2026-06-30T08:00:49.717280,2026-06-29T22:00:50.561876+00:00,131.2,2,ask,,,13346778
2026-06-30T08:00:49.717280,2026-06-29T22:00:50.561876+00:00,131.0,48,ask,,,13346779
2026-06-30T08:00:50.187349,2026-06-29T22:00:51.038592+00:00,131.5,44,bid,,,13346795
2026-06-30T08:00:51.825693,2026-06-29T22:00:52.668726+00:00,130.5,50,ask,,,13346810
2026-06-30T08:00:53.930271,2026-06-29T22:00:54.780921+00:00,130.5,50,ask,,,13346845
2026-06-30T08:00:54.497606,2026-06-29T22:00:55.346153+00:00,130.5,49,ask,,,13346857
2026-06-30T08:00:56.036522,2026-06-29T22:00:56.888510+00:00,68.2,50,ask,,,13346880
2026-06-30T08:00:56.968561,2026-06-29T22:00:57.813208+00:00,68.7,49,bid,,,13346899
2026-06-30T08:00:58.009191,2026-06-29T22:00:58.857256+00:00,68.7,51,bid,,,13346916
2026-06-30T08:00:58.146739,2026-06-29T22:00:58.998221+00:00,128.3,50,ask,,,13346920
2026-06-30T08:00:58.496395,2026-06-29T22:00:59.346522+00:00,128.8,41,bid,,,13346928
2026-06-30T08:00:59.055806,2026-06-29T22:00:59.900963+00:00,128.3,49,ask,,,13346943
2026-06-30T08:01:00.252758,2026-06-29T22:01:01.097161+00:00,68.4,50,ask,,,13346980
2026-06-30T08:01:01.224669,2026-06-29T22:01:02.088086+00:00,68.4,50,ask,,,13347007
2026-06-30T08:01:02.168822,2026-06-29T22:01:03.015849+00:00,67.2,100,bid,,,13347029
2026-06-30T08:01:04.415545,2026-06-29T22:01:05.257379+00:00,67.8,50,bid,,,13347076
2026-06-30T08:01:04.422287,2026-06-29T22:01:05.267488+00:00,67.8,48,bid,,,13347077
2026-06-30T08:01:05.334582,2026-06-29T22:01:06.179733+00:00,67.8,52,bid,,,13347096
2026-06-30T08:01:05.506342,2026-06-29T22:01:06.354247+00:00,67.8,48,ask,,,13347098
2026-06-30T08:01:05.506342,2026-06-29T22:01:06.354247+00:00,67.3,1,ask,,,13347099
2026-06-30T08:01:05.996148,2026-06-29T22:01:06.844911+00:00,68.3,49,bid,,,13347111
2026-06-30T08:01:06.572006,2026-06-29T22:01:07.418333+00:00,67.3,50,ask,,,13347124
2026-06-30T08:01:07.494673,2026-06-29T22:01:08.342112+00:00,68.3,51,bid,,,13347139
2026-06-30T08:01:07.538342,2026-06-29T22:01:08.386537+00:00,126.4,44,ask,,,13347142
2026-06-30T08:01:08.627058,2026-06-29T22:01:09.476232+00:00,126.9,50,bid,,,13347165
2026-06-30T08:01:09.567789,2026-06-29T22:01:10.417624+00:00,126.4,47,ask,,,13347181
2026-06-30T08:01:10.479997,2026-06-29T22:01:11.330919+00:00,126.4,8,ask,,,13347207
2026-06-30T08:01:10.479997,2026-06-29T22:01:11.330919+00:00,126.4,35,ask,,,13347208
2026-06-30T08:01:10.783299,2026-06-29T22:01:11.626806+00:00,126.4,50,ask,,,13347218
2026-06-30T08:01:12.838012,2026-06-29T22:01:13.679623+00:00,67.9,50,bid,,,13347262
2026-06-30T08:01:13.439507,2026-06-29T22:01:14.288714+00:00,67.9,42,bid,,,13347274
2026-06-30T08:01:13.727161,2026-06-29T22:01:14.572133+00:00,67.9,8,bid,,,13347282
2026-06-30T08:01:14.874119,2026-06-29T22:01:15.725450+00:00,124.8,100,ask,,,13347303
2026-06-30T08:01:14.995768,2026-06-29T22:01:15.839786+00:00,124.8,42,ask,,,13347310
2026-06-30T08:01:16.515666,2026-06-29T22:01:17.367526+00:00,125.3,44,bid,,,13347338
2026-06-30T08:01:16.940131,2026-06-29T22:01:17.791880+00:00,67.8,100,ask,,,13347355
2026-06-30T08:01:17.050182,2026-06-29T22:01:17.900150+00:00,67.2,50,bid,,,13347357
2026-06-30T08:01:19.157552,2026-06-29T22:01:19.999664+00:00,68.3,50,bid,,,13347415
2026-06-30T08:01:20.100595,2026-06-29T22:01:20.946053+00:00,67.8,100,ask,,,13347423
2026-06-30T08:01:20.516104,2026-06-29T22:01:21.368497+00:00,67.2,40,ask,,,13347449
2026-06-30T08:01:21.261815,2026-06-29T22:01:22.107853+00:00,67.7,50,bid,,,13347462
2026-06-30T08:01:23.209258,2026-06-29T22:01:24.054345+00:00,68.1,100,bid,,,13347504
2026-06-30T08:01:23.420252,2026-06-29T22:01:24.269813+00:00,123.5,50,ask,,,13347511
2026-06-30T08:01:25.477355,2026-06-29T22:01:26.328682+00:00,123.9,50,bid,,,13347558
2026-06-30T08:01:26.005715,2026-06-29T22:01:26.849626+00:00,123.4,47,ask,,,13347565
2026-06-30T08:01:26.446127,2026-06-29T22:01:27.296490+00:00,123.4,53,ask,,,13347572
2026-06-30T08:01:27.464800,2026-06-29T22:01:28.307359+00:00,67.6,97,bid,,,13347595
2026-06-30T08:01:27.582258,2026-06-29T22:01:28.427716+00:00,68.3,50,bid,,,13347599
2026-06-30T08:01:28.107618,2026-06-29T22:01:28.950737+00:00,68.3,43,bid,,,13347621
2026-06-30T08:01:29.558733,2026-06-29T22:01:30.437736+00:00,68.3,7,bid,,,13347649
2026-06-30T08:01:29.688783,2026-06-29T22:01:30.536340+00:00,122.6,50,bid,,,13347655
2026-06-30T08:01:30.679416,2026-06-29T22:01:31.525598+00:00,122.1,100,ask,,,13347674
2026-06-30T08:01:31.845756,2026-06-29T22:01:32.698123+00:00,122.1,43,ask,,,13347701
2026-06-30T08:01:32.774421,2026-06-29T22:01:33.621807+00:00,67.8,100,ask,,,13347722
2026-06-30T08:01:33.784453,2026-06-29T22:01:34.632036+00:00,67.7,50,bid,,,13347743
2026-06-30T08:01:33.900886,2026-06-29T22:01:34.752833+00:00,68.3,50,bid,,,13347745
2026-06-30T08:01:34.021252,2026-06-29T22:01:34.872152+00:00,68.3,45,bid,,,13347747
2026-06-30T08:01:34.077153,2026-06-29T22:01:34.927463+00:00,67.8,41,ask,,,13347749
2026-06-30T08:01:36.015038,2026-06-29T22:01:36.866316+00:00,68.3,5,bid,,,13347795
2026-06-30T08:01:36.015038,2026-06-29T22:01:36.877390+00:00,68.4,45,bid,,,13347796
2026-06-30T08:01:36.501986,2026-06-29T22:01:37.345265+00:00,68.4,41,bid,,,13347805
2026-06-30T08:01:38.122013,2026-06-29T22:01:38.973147+00:00,68.3,50,bid,,,13347842
2026-06-30T08:01:39.043959,2026-06-29T22:01:39.887780+00:00,68.3,50,bid,,,13347863
2026-06-30T08:01:39.541028,2026-06-29T22:01:40.388166+00:00,120.5,48,ask,,,13347866
2026-06-30T08:01:40.157557,2026-06-29T22:01:41.018505+00:00,120.5,52,ask,,,13347879
2026-06-30T08:01:40.243664,2026-06-29T22:01:41.106554+00:00,120.4,48,bid,,,13347885
2026-06-30T08:01:40.243664,2026-06-29T22:01:41.106554+00:00,121.0,2,bid,,,13347886
2026-06-30T08:01:42.257226,2026-06-29T22:01:43.107688+00:00,119.9,100,ask,,,13347930
2026-06-30T08:01:42.352630,2026-06-29T22:01:43.195232+00:00,68.2,50,bid,,,13347932
2026-06-30T08:01:45.365771,2026-06-29T22:01:46.218036+00:00,68.5,41,bid,,,13347993
2026-06-30T08:01:45.365771,2026-06-29T22:01:46.218036+00:00,68.6,100,bid,,,13347994
2026-06-30T08:01:46.459451,2026-06-29T22:01:47.306265+00:00,119.4,50,bid,,,13348019
2026-06-30T08:01:46.480519,2026-06-29T22:01:47.327416+00:00,118.9,9,ask,,,13348020
2026-06-30T08:01:48.564067,2026-06-29T22:01:49.415007+00:00,68.9,50,bid,,,13348058
2026-06-30T08:01:48.586113,2026-06-29T22:01:49.437131+00:00,68.4,100,ask,,,13348059
2026-06-30T08:01:48.630206,2026-06-29T22:01:49.479987+00:00,67.9,49,ask,,,13348061
2026-06-30T08:01:49.227030,2026-06-29T22:01:50.078510+00:00,68.4,48,bid,,,13348074
2026-06-30T08:01:50.802681,2026-06-29T22:01:51.653823+00:00,68.4,2,bid,,,13348108
2026-06-30T08:01:51.325852,2026-06-29T22:01:52.174282+00:00,68.3,43,ask,,,13348113
2026-06-30T08:01:51.971020,2026-06-29T22:01:52.818759+00:00,68.8,40,bid,,,13348138
2026-06-30T08:01:52.822580,2026-06-29T22:01:53.668403+00:00,68.3,50,ask,,,13348154
2026-06-30T08:01:54.931478,2026-06-29T22:01:55.779061+00:00,68.3,50,ask,,,13348196
2026-06-30T08:01:55.915287,2026-06-29T22:01:56.758750+00:00,68.5,100,bid,,,13348215
2026-06-30T08:01:56.987431,2026-06-29T22:01:57.834847+00:00,68.5,50,bid,,,13348240
2026-06-30T08:01:57.945502,2026-06-29T22:01:58.788790+00:00,68.0,41,ask,,,13348258
2026-06-30T08:01:59.130970,2026-06-29T22:01:59.975280+00:00,68.4,100,ask,,,13348285
2026-06-30T08:02:02.485906,2026-06-29T22:02:03.337427+00:00,115.0,48,ask,,,13348351
2026-06-30T08:02:03.352849,2026-06-29T22:02:04.197729+00:00,115.0,50,ask,,,13348372
2026-06-30T08:02:04.426608,2026-06-29T22:02:05.274108+00:00,114.6,100,ask,,,13348400
2026-06-30T08:02:05.409087,2026-06-29T22:02:06.262038+00:00,68.1,50,bid,,,13348422
2026-06-30T08:02:07.514440,2026-06-29T22:02:08.363970+00:00,68.1,50,bid,,,13348467
2026-06-30T08:02:07.538613,2026-06-29T22:02:08.386100+00:00,68.1,50,bid,,,13348472
2026-06-30T08:02:09.622166,2026-06-29T22:02:10.468226+00:00,68.4,50,bid,,,13348504
2026-06-30T08:02:11.516265,2026-06-29T22:02:12.363144+00:00,68.4,49,bid,,,13348543
2026-06-30T08:02:12.474443,2026-06-29T22:02:13.317554+00:00,68.4,43,bid,,,13348559
2026-06-30T08:02:13.831082,2026-06-29T22:02:14.675966+00:00,68.7,50,bid,,,13348588
2026-06-30T08:02:15.936848,2026-06-29T22:02:16.786309+00:00,68.6,50,bid,,,13348621
2026-06-30T08:02:17.024193,2026-06-29T22:02:17.872294+00:00,68.9,100,bid,,,13348645
2026-06-30T08:02:18.046791,2026-06-29T22:02:18.897729+00:00,112.1,50,bid,,,13348665
2026-06-30T08:02:20.219521,2026-06-29T22:02:21.066040+00:00,111.6,50,ask,,,13348706
2026-06-30T08:02:22.274360,2026-06-29T22:02:23.121182+00:00,69.1,50,bid,,,13348741
2026-06-30T08:02:23.301999,2026-06-29T22:02:24.154082+00:00,68.6,100,ask,,,13348764
2026-06-30T08:02:24.382617,2026-06-29T22:02:25.230895+00:00,68.6,50,bid,,,13348778
2026-06-30T08:02:25.785820,2026-06-29T22:02:26.637449+00:00,68.9,41,bid,,,13348804
2026-06-30T08:02:26.539394,2026-06-29T22:02:27.386461+00:00,68.8,50,ask,,,13348814
2026-06-30T08:02:27.501485,2026-06-29T22:02:28.343968+00:00,68.8,49,ask,,,13348837
2026-06-30T08:02:28.651109,2026-06-29T22:02:29.495153+00:00,68.8,50,ask,,,13348854
2026-06-30T08:02:30.758563,2026-06-29T22:02:31.627620+00:00,68.6,50,ask,,,13348900
2026-06-30T08:02:31.483957,2026-06-29T22:02:32.334318+00:00,68.6,44,ask,,,13348911
2026-06-30T08:02:32.733319,2026-06-29T22:02:33.582220+00:00,69.1,100,bid,,,13348925
2026-06-30T08:02:32.886131,2026-06-29T22:02:33.735253+00:00,107.8,50,ask,,,13348930
2026-06-30T08:02:34.996481,2026-06-29T22:02:35.847189+00:00,107.9,50,ask,,,13348979
2026-06-30T08:02:35.949520,2026-06-29T22:02:36.797051+00:00,107.9,50,ask,,,13348997
2026-06-30T08:02:37.017103,2026-06-29T22:02:37.867216+00:00,68.2,100,bid,,,13349009
2026-06-30T08:02:37.102612,2026-06-29T22:02:37.954327+00:00,67.7,50,ask,,,13349011
2026-06-30T08:02:39.157851,2026-06-29T22:02:40.002107+00:00,68.6,50,bid,,,13349052
2026-06-30T08:02:39.677159,2026-06-29T22:02:40.525316+00:00,68.6,43,bid,,,13349059
2026-06-30T08:02:40.176327,2026-06-29T22:02:41.025228+00:00,68.6,57,bid,,,13349069
2026-06-30T08:02:40.582447,2026-06-29T22:02:41.427384+00:00,106.2,41,bid,,,13349077
2026-06-30T08:02:41.216863,2026-06-29T22:02:42.069863+00:00,105.7,42,ask,,,13349088
2026-06-30T08:02:42.271140,2026-06-29T22:02:43.147805+00:00,105.7,1,ask,,,13349115
2026-06-30T08:02:43.265887,2026-06-29T22:02:44.113986+00:00,69.3,50,bid,,,13349133
2026-06-30T08:02:43.389190,2026-06-29T22:02:44.233286+00:00,68.8,100,ask,,,13349135
2026-06-30T08:02:45.423706,2026-06-29T22:02:46.266564+00:00,112.5,50,ask,,,13349175
2026-06-30T08:02:46.549799,2026-06-29T22:02:47.397551+00:00,112.5,100,ask,,,13349202
2026-06-30T08:02:49.582997,2026-06-29T22:02:50.432277+00:00,103.5,50,bid,,,13349249
2026-06-30T08:02:51.566723,2026-06-29T22:02:52.414054+00:00,103.4,40,ask,,,13349287
2026-06-30T08:02:51.744802,2026-06-29T22:02:52.587753+00:00,103.4,50,ask,,,13349289
2026-06-30T08:02:51.789529,2026-06-29T22:02:52.642153+00:00,103.4,10,ask,,,13349290
2026-06-30T08:02:53.797187,2026-06-29T22:02:54.657198+00:00,68.7,50,bid,,,13349331
2026-06-30T08:02:55.904494,2026-06-29T22:02:56.760053+00:00,68.8,50,bid,,,13349376
2026-06-30T08:02:55.984129,2026-06-29T22:02:56.837503+00:00,69.0,100,bid,,,13349377
2026-06-30T08:02:59.197189,2026-06-29T22:03:00.048285+00:00,68.8,100,ask,,,13349432
2026-06-30T08:03:00.172310,2026-06-29T22:03:01.017511+00:00,68.8,50,ask,,,13349459
2026-06-30T08:03:02.280038,2026-06-29T22:03:03.126102+00:00,99.8,50,ask,,,13349499
2026-06-30T08:03:02.360219,2026-06-29T22:03:03.212234+00:00,99.8,100,ask,,,13349505
2026-06-30T08:03:03.113440,2026-06-29T22:03:03.962895+00:00,68.4,41,ask,,,13349520
2026-06-30T08:03:04.448665,2026-06-29T22:03:05.298460+00:00,68.4,59,ask,,,13349548
2026-06-30T08:03:05.469229,2026-06-29T22:03:06.319970+00:00,68.0,91,bid,,,13349566
2026-06-30T08:03:06.498628,2026-06-29T22:03:07.344117+00:00,99.0,9,ask,,,13349580
2026-06-30T08:03:08.606414,2026-06-29T22:03:09.450185+00:00,68.2,50,ask,,,13349617
2026-06-30T08:03:08.934658,2026-06-29T22:03:09.786419+00:00,68.7,47,bid,,,13349620
2026-06-30T08:03:09.558735,2026-06-29T22:03:10.404119+00:00,68.7,45,bid,,,13349635
2026-06-30T08:03:10.714029,2026-06-29T22:03:11.557377+00:00,68.2,50,ask,,,13349657
2026-06-30T08:03:11.796209,2026-06-29T22:03:12.655406+00:00,68.8,100,bid,,,13349676
2026-06-30T08:03:12.826834,2026-06-29T22:03:13.678307+00:00,68.3,50,ask,,,13349699
2026-06-30T08:03:15.010731,2026-06-29T22:03:15.853094+00:00,68.7,100,ask,,,13349727
2026-06-30T08:03:15.909564,2026-06-29T22:03:16.757182+00:00,68.7,48,ask,,,13349749
2026-06-30T08:03:17.038758,2026-06-29T22:03:17.887358+00:00,67.9,50,ask,,,13349781
2026-06-30T08:03:19.146234,2026-06-29T22:03:19.997939+00:00,68.2,50,ask,,,13349810
2026-06-30T08:03:21.253664,2026-06-29T22:03:22.106251+00:00,68.0,50,ask,,,13349842
2026-06-30T08:03:21.648160,2026-06-29T22:03:22.497355+00:00,68.5,41,bid,,,13349850
2026-06-30T08:03:22.268060,2026-06-29T22:03:23.118127+00:00,68.5,42,bid,,,13349858
2026-06-30T08:03:23.307739,2026-06-29T22:03:24.154085+00:00,68.5,50,bid,,,13349882
2026-06-30T08:03:23.420018,2026-06-29T22:03:24.262818+00:00,68.6,49,bid,,,13349887
2026-06-30T08:03:25.335589,2026-06-29T22:03:26.185441+00:00,68.4,47,ask,,,13349920
2026-06-30T08:03:25.416228,2026-06-29T22:03:26.259995+00:00,68.8,50,bid,,,13349921
2026-06-30T08:03:27.523029,2026-06-29T22:03:28.372190+00:00,68.7,50,bid,,,13349956
2026-06-30T08:03:27.625738,2026-06-29T22:03:28.480920+00:00,68.7,100,bid,,,13349959
2026-06-30T08:03:31.679105,2026-06-29T22:03:32.527449+00:00,68.1,50,ask,,,13350026
2026-06-30T08:03:31.692558,2026-06-29T22:03:32.537558+00:00,68.1,44,ask,,,13350027
2026-06-30T08:03:32.753223,2026-06-29T22:03:33.598942+00:00,68.6,100,bid,,,13350050
2026-06-30T08:03:33.786700,2026-06-29T22:03:34.653002+00:00,68.8,50,ask,,,13350065
2026-06-30T08:03:37.186821,2026-06-29T22:03:38.037895+00:00,68.2,46,ask,,,13350139
2026-06-30T08:03:37.944213,2026-06-29T22:03:38.788938+00:00,68.7,50,bid,,,13350157
2026-06-30T08:03:40.101773,2026-06-29T22:03:40.953023+00:00,68.2,50,ask,,,13350192
2026-06-30T08:03:42.156547,2026-06-29T22:03:43.004564+00:00,68.5,50,bid,,,13350242
2026-06-30T08:03:42.257148,2026-06-29T22:03:43.100843+00:00,68.5,41,bid,,,13350243
2026-06-30T08:03:42.835841,2026-06-29T22:03:43.687246+00:00,68.3,42,ask,,,13350246
2026-06-30T08:03:43.434970,2026-06-29T22:03:44.286393+00:00,68.8,100,bid,,,13350269
2026-06-30T08:03:44.262775,2026-06-29T22:03:45.109649+00:00,68.8,50,bid,,,13350286
2026-06-30T08:03:44.348653,2026-06-29T22:03:45.197238+00:00,89.9,47,bid,,,13350291
2026-06-30T08:03:45.339085,2026-06-29T22:03:46.184389+00:00,68.3,48,ask,,,13350300
2026-06-30T08:03:46.419629,2026-06-29T22:03:47.263255+00:00,68.4,50,ask,,,13350313
2026-06-30T08:03:46.927782,2026-06-29T22:03:47.774188+00:00,68.5,45,bid,,,13350325
2026-06-30T08:03:48.526049,2026-06-29T22:03:49.372866+00:00,68.0,50,ask,,,13350353
2026-06-30T08:03:49.553331,2026-06-29T22:03:50.405140+00:00,68.5,49,bid,,,13350372
2026-06-30T08:03:50.634717,2026-06-29T22:03:51.483257+00:00,68.2,50,ask,,,13350386
2026-06-30T08:03:52.741937,2026-06-29T22:03:53.592268+00:00,68.1,50,ask,,,13350434
2026-06-30T08:03:54.796918,2026-06-29T22:03:55.640038+00:00,68.4,50,bid,,,13350465
2026-06-30T08:03:54.880543,2026-06-29T22:03:55.727561+00:00,68.5,100,bid,,,13350466
2026-06-30T08:03:55.225706,2026-06-29T22:03:56.074969+00:00,86.5,40,ask,,,13350472
2026-06-30T08:03:55.834230,2026-06-29T22:03:56.679016+00:00,86.5,10,ask,,,13350476
2026-06-30T08:03:55.834230,2026-06-29T22:03:56.679016+00:00,68.0,31,ask,,,13350477
2026-06-30T08:03:56.390142,2026-06-29T22:03:57.233205+00:00,68.7,40,bid,,,13350497
2026-06-30T08:03:56.955430,2026-06-29T22:03:57.807469+00:00,68.2,50,ask,,,13350498
2026-06-30T08:03:57.271352,2026-06-29T22:03:58.124116+00:00,68.2,46,ask,,,13350500
2026-06-30T08:03:57.772242,2026-06-29T22:03:58.624969+00:00,68.7,40,bid,,,13350523
2026-06-30T08:03:58.094851,2026-06-29T22:03:58.939624+00:00,68.2,4,ask,,,13350528
2026-06-30T08:03:59.012062,2026-06-29T22:03:59.856233+00:00,68.1,50,bid,,,13350545
2026-06-30T08:03:59.250176,2026-06-29T22:04:00.094464+00:00,68.1,96,bid,,,13350548
2026-06-30T08:04:01.172917,2026-06-29T22:04:02.023161+00:00,85.4,4,ask,,,13350582
2026-06-30T08:04:01.291079,2026-06-29T22:04:02.141961+00:00,68.3,47,ask,,,13350583
2026-06-30T08:04:02.833735,2026-06-29T22:04:03.685325+00:00,68.5,40,bid,,,13350600
2026-06-30T08:04:03.227772,2026-06-29T22:04:04.076483+00:00,68.5,50,bid,,,13350605
2026-06-30T08:04:03.394180,2026-06-29T22:04:04.239640+00:00,68.5,10,bid,,,13350606
2026-06-30T08:04:03.394180,2026-06-29T22:04:04.239640+00:00,68.8,35,bid,,,13350607
2026-06-30T08:04:03.450238,2026-06-29T22:04:04.295056+00:00,68.3,40,ask,,,13350608
2026-06-30T08:04:05.386131,2026-06-29T22:04:06.233263+00:00,68.2,50,ask,,,13350646
2026-06-30T08:04:07.611084,2026-06-29T22:04:08.455273+00:00,68.5,44,bid,,,13350681
2026-06-30T08:04:08.727035,2026-06-29T22:04:09.576247+00:00,68.0,46,ask,,,13350706
2026-06-30T08:04:09.545489,2026-06-29T22:04:10.399817+00:00,68.5,50,bid,,,13350714
2026-06-30T08:04:10.687219,2026-06-29T22:04:11.540027+00:00,68.9,100,bid,,,13350736
2026-06-30T08:04:11.703485,2026-06-29T22:04:12.554297+00:00,82.4,50,ask,,,13350752
2026-06-30T08:04:13.811476,2026-06-29T22:04:14.660911+00:00,82.6,50,ask,,,13350786
2026-06-30T08:04:13.815016,2026-06-29T22:04:14.660911+00:00,82.6,44,ask,,,13350787
2026-06-30T08:04:13.901198,2026-06-29T22:04:14.747973+00:00,82.6,6,ask,,,13350788
2026-06-30T08:04:15.067570,2026-06-29T22:04:15.912227+00:00,68.1,100,bid,,,13350810
2026-06-30T08:04:15.872247,2026-06-29T22:04:16.718178+00:00,68.1,44,bid,,,13350826
2026-06-30T08:04:17.519473,2026-06-29T22:04:18.364271+00:00,68.7,46,bid,,,13350852
2026-06-30T08:04:18.037969,2026-06-29T22:04:18.887834+00:00,68.2,50,ask,,,13350859
2026-06-30T08:04:19.490754,2026-06-29T22:04:20.341892+00:00,68.5,45,bid,,,13350891
2026-06-30T08:04:20.143285,2026-06-29T22:04:20.993267+00:00,68.0,50,ask,,,13350900
2026-06-30T08:04:22.266044,2026-06-29T22:04:23.116221+00:00,68.0,50,ask,,,13350929
2026-06-30T08:04:24.371770,2026-06-29T22:04:25.225053+00:00,67.9,50,ask,,,13350967
2026-06-30T08:04:26.426611,2026-06-29T22:04:27.281007+00:00,68.2,50,bid,,,13350999
2026-06-30T08:04:26.487137,2026-06-29T22:04:27.336317+00:00,68.3,100,bid,,,13351002
2026-06-30T08:04:28.586054,2026-06-29T22:04:29.435180+00:00,79.0,50,ask,,,13351036
2026-06-30T08:04:29.078196,2026-06-29T22:04:29.926421+00:00,78.7,46,ask,,,13351046
2026-06-30T08:04:29.699498,2026-06-29T22:04:30.545971+00:00,78.7,54,ask,,,13351053
2026-06-30T08:04:30.640784,2026-06-29T22:04:31.493326+00:00,67.9,50,bid,,,13351068
2026-06-30T08:04:32.717802,2026-06-29T22:04:33.590783+00:00,67.9,40,bid,,,13351092
2026-06-30T08:04:32.769092,2026-06-29T22:04:33.635078+00:00,68.3,50,bid,,,13351094
2026-06-30T08:04:32.807580,2026-06-29T22:04:33.657206+00:00,68.3,50,bid,,,13351095
2026-06-30T08:04:34.090809,2026-06-29T22:04:34.939985+00:00,77.3,100,ask,,,13351114
2026-06-30T08:04:36.018881,2026-06-29T22:04:36.867596+00:00,68.0,100,ask,,,13351146
2026-06-30T08:04:37.198170,2026-06-29T22:04:38.041891+00:00,67.8,50,bid,,,13351161
2026-06-30T08:04:39.158582,2026-06-29T22:04:40.004424+00:00,68.0,50,ask,,,13351197
2026-06-30T08:04:39.833858,2026-06-29T22:04:40.678299+00:00,68.4,41,bid,,,13351213
2026-06-30T08:04:41.264524,2026-06-29T22:04:42.116170+00:00,67.9,50,ask,,,13351240
2026-06-30T08:04:42.883337,2026-06-29T22:04:43.727091+00:00,68.0,47,ask,,,13351266
2026-06-30T08:04:43.320512,2026-06-29T22:04:44.172175+00:00,68.3,50,bid,,,13351273
2026-06-30T08:04:43.421928,2026-06-29T22:04:44.269834+00:00,68.3,40,bid,,,13351278
2026-06-30T08:04:44.552943,2026-06-29T22:04:45.398810+00:00,68.5,46,bid,,,13351294
2026-06-30T08:04:45.480274,2026-06-29T22:04:46.323134+00:00,68.1,50,ask,,,13351316
2026-06-30T08:04:47.536559,2026-06-29T22:04:48.388213+00:00,68.4,50,bid,,,13351354
2026-06-30T08:04:48.423928,2026-06-29T22:04:49.277611+00:00,67.9,46,ask,,,13351364
2026-06-30T08:04:48.620087,2026-06-29T22:04:49.472998+00:00,68.4,100,bid,,,13351368
2026-06-30T08:04:49.032639,2026-06-29T22:04:49.876081+00:00,73.9,40,ask,,,13351377
2026-06-30T08:04:49.695008,2026-06-29T22:04:50.539104+00:00,73.9,10,ask,,,13351387
2026-06-30T08:04:50.683616,2026-06-29T22:04:51.532963+00:00,73.9,49,ask,,,13351402
2026-06-30T08:04:51.242107,2026-06-29T22:04:52.093362+00:00,74.4,42,bid,,,13351410
2026-06-30T08:04:51.801875,2026-06-29T22:04:52.650739+00:00,73.9,50,ask,,,13351426
2026-06-30T08:04:51.833438,2026-06-29T22:04:52.683911+00:00,73.9,1,ask,,,13351427
2026-06-30T08:04:52.308763,2026-06-29T22:04:53.162098+00:00,67.9,46,bid,,,13351438
2026-06-30T08:04:53.856696,2026-06-29T22:04:54.708173+00:00,67.9,50,bid,,,13351465
2026-06-30T08:04:55.918142,2026-06-29T22:04:56.761205+00:00,67.9,35,bid,,,13351500
2026-06-30T08:04:55.968130,2026-06-29T22:04:56.816520+00:00,68.3,50,bid,,,13351501
2026-06-30T08:04:56.164840,2026-06-29T22:04:57.011928+00:00,68.0,29,bid,,,13351509
2026-06-30T08:04:57.024101,2026-06-29T22:04:57.874401+00:00,68.1,30,ask,,,13351525
2026-06-30T08:04:58.126693,2026-06-29T22:04:58.973956+00:00,68.1,41,ask,,,13351550
2026-06-30T08:04:58.126693,2026-06-29T22:04:58.973956+00:00,67.8,9,ask,,,13351551
2026-06-30T08:05:00.184854,2026-06-29T22:05:01.027894+00:00,68.1,50,bid,,,13351574
2026-06-30T08:05:00.283480,2026-06-29T22:05:01.136829+00:00,68.1,41,bid,,,13351580
2026-06-30T08:05:02.292069,2026-06-29T22:05:03.142173+00:00,68.1,9,bid,,,13351621
2026-06-30T08:05:02.292069,2026-06-29T22:05:03.142173+00:00,68.3,41,bid,,,13351622
2026-06-30T08:05:03.075203,2026-06-29T22:05:03.926515+00:00,68.3,49,bid,,,13351639
2026-06-30T08:05:03.585794,2026-06-29T22:05:04.435502+00:00,67.9,49,ask,,,13351662
2026-06-30T08:05:04.327068,2026-06-29T22:05:05.173019+00:00,68.4,100,bid,,,13351678
2026-06-30T08:05:04.400017,2026-06-29T22:05:05.248519+00:00,71.1,50,bid,,,13351679
2026-06-30T08:05:05.811322,2026-06-29T22:05:06.662259+00:00,70.6,47,ask,,,13351713
2026-06-30T08:05:06.558093,2026-06-29T22:05:07.412241+00:00,70.6,3,ask,,,13351720
2026-06-30T08:05:06.558093,2026-06-29T22:05:07.412241+00:00,70.5,47,ask,,,13351721
2026-06-30T08:05:07.542151,2026-06-29T22:05:08.395397+00:00,70.5,53,ask,,,13351745
2026-06-30T08:05:07.947611,2026-06-29T22:05:08.797694+00:00,67.7,42,ask,,,13351753
2026-06-30T08:05:08.614157,2026-06-29T22:05:09.461081+00:00,68.2,50,bid,,,13351772
2026-06-30T08:05:08.988049,2026-06-29T22:05:09.832146+00:00,67.7,47,ask,,,13351779
2026-06-30T08:05:10.720888,2026-06-29T22:05:11.567266+00:00,68.2,50,bid,,,13351829
2026-06-30T08:05:11.180683,2026-06-29T22:05:12.034000+00:00,68.2,41,bid,,,13351836
2026-06-30T08:05:11.792423,2026-06-29T22:05:12.643146+00:00,67.8,46,ask,,,13351853
2026-06-30T08:05:12.828418,2026-06-29T22:05:13.676279+00:00,68.3,50,bid,,,13351877
2026-06-30T08:05:13.329216,2026-06-29T22:05:14.175055+00:00,68.3,45,bid,,,13351879
2026-06-30T08:05:14.935590,2026-06-29T22:05:15.786497+00:00,68.4,50,bid,,,13351922
2026-06-30T08:05:19.197998,2026-06-29T22:05:20.048825+00:00,68.2,50,ask,,,13351994
2026-06-30T08:05:19.406520,2026-06-29T22:05:20.256130+00:00,68.2,44,ask,,,13351996
2026-06-30T08:05:21.309344,2026-06-29T22:05:22.152931+00:00,68.1,50,ask,,,13352031
2026-06-30T08:05:22.963876,2026-06-29T22:05:23.808604+00:00,68.1,44,ask,,,13352056
2026-06-30T08:05:23.343989,2026-06-29T22:05:24.189100+00:00,68.1,100,ask,,,13352058
2026-06-30T08:05:23.418221,2026-06-29T22:05:24.266582+00:00,67.4,50,ask,,,13352064
2026-06-30T08:05:23.521483,2026-06-29T22:05:24.374290+00:00,67.9,49,bid,,,13352065
2026-06-30T08:05:25.525188,2026-06-29T22:05:26.371776+00:00,67.7,50,ask,,,13352089
2026-06-30T08:05:27.631073,2026-06-29T22:05:28.486393+00:00,67.9,50,ask,,,13352124
2026-06-30T08:05:28.584948,2026-06-29T22:05:29.433338+00:00,67.9,45,ask,,,13352141
2026-06-30T08:05:28.761429,2026-06-29T22:05:29.608061+00:00,68.1,5,bid,,,13352144
2026-06-30T08:05:29.686892,2026-06-29T22:05:30.532958+00:00,68.0,50,bid,,,13352160
2026-06-30T08:05:30.960040,2026-06-29T22:05:31.806050+00:00,68.0,3,bid,,,13352188
2026-06-30T08:05:31.281584,2026-06-29T22:05:32.131757+00:00,68.0,3,bid,,,13352194
2026-06-30T08:05:32.309946,2026-06-29T22:05:33.153407+00:00,68.0,2,bid,,,13352217
2026-06-30T08:05:32.600668,2026-06-29T22:05:33.447307+00:00,68.0,2,bid,,,13352218
2026-06-30T08:05:32.683604,2026-06-29T22:05:33.534401+00:00,68.0,2,bid,,,13352221
2026-06-30T08:05:33.953656,2026-06-29T22:05:34.819612+00:00,68.0,2,ask,,,13352241
2026-06-30T08:05:33.953656,2026-06-29T22:05:34.819612+00:00,67.7,48,ask,,,13352242
2026-06-30T08:05:34.075581,2026-06-29T22:05:34.928328+00:00,68.1,44,bid,,,13352243
2026-06-30T08:05:34.159280,2026-06-29T22:05:35.005304+00:00,68.0,2,ask,,,13352248
2026-06-30T08:05:34.295230,2026-06-29T22:05:35.147368+00:00,67.9,1,bid,,,13352254
2026-06-30T08:05:34.398647,2026-06-29T22:05:35.246040+00:00,67.9,1,bid,,,13352262
2026-06-30T08:05:36.018405,2026-06-29T22:05:36.866281+00:00,67.9,50,bid,,,13352302
2026-06-30T08:05:37.660056,2026-06-29T22:05:38.508005+00:00,67.8,1,bid,,,13352328
2026-06-30T08:05:38.175065,2026-06-29T22:05:39.018930+00:00,67.7,50,ask,,,13352340
2026-06-30T08:05:38.328118,2026-06-29T22:05:39.172938+00:00,67.8,40,bid,,,13352351
2026-06-30T08:05:40.303735,2026-06-29T22:05:41.153124+00:00,67.6,50,ask,,,13352398
2026-06-30T08:05:40.601021,2026-06-29T22:05:41.447552+00:00,67.7,42,ask,,,13352405
2026-06-30T08:05:42.409799,2026-06-29T22:05:43.262971+00:00,67.7,50,ask,,,13352436
2026-06-30T08:05:46.624300,2026-06-29T22:05:47.472255+00:00,67.5,50,ask,,,13352516
2026-06-30T08:05:48.679428,2026-06-29T22:05:49.525052+00:00,67.7,50,bid,,,13352557
2026-06-30T08:05:48.844594,2026-06-29T22:05:49.688266+00:00,67.7,41,bid,,,13352566
2026-06-30T08:05:50.781194,2026-06-29T22:05:51.646593+00:00,67.6,40,ask,,,13352600
2026-06-30T08:05:50.802059,2026-06-29T22:05:51.668279+00:00,67.9,50,bid,,,13352601
2026-06-30T08:05:51.901960,2026-06-29T22:05:52.747679+00:00,68.1,49,bid,,,13352618
2026-06-30T08:05:52.533363,2026-06-29T22:05:53.377702+00:00,67.6,44,ask,,,13352637
2026-06-30T08:05:52.908311,2026-06-29T22:05:53.759815+00:00,68.1,50,bid,,,13352640
2026-06-30T08:05:55.015065,2026-06-29T22:05:55.867966+00:00,68.0,5,bid,,,13352677
2026-06-30T08:05:55.015065,2026-06-29T22:05:55.867966+00:00,68.1,45,bid,,,13352678
2026-06-30T08:05:57.124642,2026-06-29T22:05:57.977826+00:00,68.0,2,bid,,,13352719
2026-06-30T08:05:57.124642,2026-06-29T22:05:57.977826+00:00,68.1,48,bid,,,13352720
2026-06-30T08:05:58.364821,2026-06-29T22:05:59.217230+00:00,68.0,49,bid,,,13352743
2026-06-30T08:05:59.234547,2026-06-29T22:06:00.077693+00:00,68.0,50,bid,,,13352764
2026-06-30T08:06:01.249527,2026-06-29T22:06:02.100675+00:00,68.1,100,bid,,,13352808
2026-06-30T08:06:01.340195,2026-06-29T22:06:02.187758+00:00,68.6,50,bid,,,13352810
2026-06-30T08:06:03.460450,2026-06-29T22:06:04.307509+00:00,68.5,50,bid,,,13352845
2026-06-30T08:06:05.567330,2026-06-29T22:06:06.417365+00:00,68.4,50,bid,,,13352885
2026-06-30T08:06:06.308781,2026-06-29T22:06:07.157891+00:00,68.1,48,ask,,,13352908
2026-06-30T08:06:06.770805,2026-06-29T22:06:07.624967+00:00,68.1,42,ask,,,13352912
2026-06-30T08:06:07.697768,2026-06-29T22:06:08.547755+00:00,68.6,50,bid,,,13352933
2026-06-30T08:06:09.811582,2026-06-29T22:06:10.661190+00:00,68.7,50,bid,,,13352978
2026-06-30T08:06:10.582757,2026-06-29T22:06:11.436472+00:00,68.2,44,ask,,,13353002
2026-06-30T08:06:11.932925,2026-06-29T22:06:12.785143+00:00,68.7,50,bid,,,13353025
2026-06-30T08:06:13.724946,2026-06-29T22:06:14.568245+00:00,68.6,45,bid,,,13353066
2026-06-30T08:06:14.040286,2026-06-29T22:06:14.894927+00:00,68.6,50,bid,,,13353069
2026-06-30T08:06:16.152770,2026-06-29T22:06:16.999031+00:00,68.7,50,bid,,,13353111
2026-06-30T08:06:18.260572,2026-06-29T22:06:19.109825+00:00,68.6,50,bid,,,13353152
2026-06-30T08:06:18.384925,2026-06-29T22:06:19.238734+00:00,68.6,100,bid,,,13353154
2026-06-30T08:06:20.386852,2026-06-29T22:06:21.239049+00:00,69.2,50,bid,,,13353197
2026-06-30T08:06:21.204710,2026-06-29T22:06:22.057154+00:00,68.7,46,ask,,,13353208
2026-06-30T08:06:22.495147,2026-06-29T22:06:23.342947+00:00,68.8,50,bid,,,13353237
2026-06-30T08:06:23.176219,2026-06-29T22:06:24.028158+00:00,68.7,43,ask,,,13353254
2026-06-30T08:06:26.427999,2026-06-29T22:06:27.278977+00:00,68.8,1,bid,,,13353316
2026-06-30T08:06:26.427999,2026-06-29T22:06:27.278977+00:00,68.8,44,bid,,,13353317
2026-06-30T08:06:26.784086,2026-06-29T22:06:27.639889+00:00,68.6,50,ask,,,13353327
2026-06-30T08:06:28.693169,2026-06-29T22:06:29.543898+00:00,68.9,42,bid,,,13353374
2026-06-30T08:06:28.895489,2026-06-29T22:06:29.748802+00:00,68.6,50,ask,,,13353380
2026-06-30T08:06:30.807101,2026-06-29T22:06:31.656145+00:00,68.7,48,bid,,,13353415
2026-06-30T08:06:31.026793,2026-06-29T22:06:31.873137+00:00,68.2,50,ask,,,13353419
2026-06-30T08:06:32.893487,2026-06-29T22:06:33.743145+00:00,68.6,41,ask,,,13353458
2026-06-30T08:06:33.083041,2026-06-29T22:06:33.928418+00:00,68.9,1,bid,,,13353464
2026-06-30T08:06:33.083041,2026-06-29T22:06:33.928418+00:00,68.9,49,bid,,,13353465
2026-06-30T08:06:33.533842,2026-06-29T22:06:34.388022+00:00,68.9,45,bid,,,13353478
2026-06-30T08:06:33.590147,2026-06-29T22:06:34.442869+00:00,68.6,44,ask,,,13353481
2026-06-30T08:06:35.195445,2026-06-29T22:06:36.046256+00:00,68.9,50,bid,,,13353505
2026-06-30T08:06:36.063618,2026-06-29T22:06:36.916676+00:00,68.9,100,bid,,,13353531
2026-06-30T08:06:36.063618,2026-06-29T22:06:36.916676+00:00,68.9,2,bid,,,13353532
2026-06-30T08:06:36.132593,2026-06-29T22:06:36.980568+00:00,69.2,1,ask,,,13353535
2026-06-30T08:06:36.181253,2026-06-29T22:06:37.024843+00:00,69.2,1,ask,,,13353537
2026-06-30T08:06:36.441923,2026-06-29T22:06:37.286055+00:00,69.2,1,ask,,,13353540
2026-06-30T08:06:36.472640,2026-06-29T22:06:37.318324+00:00,69.2,1,ask,,,13353544
2026-06-30T08:06:36.560703,2026-06-29T22:06:37.406366+00:00,69.2,1,ask,,,13353552
2026-06-30T08:06:36.716735,2026-06-29T22:06:37.567444+00:00,69.2,43,ask,,,13353555
2026-06-30T08:06:37.323793,2026-06-29T22:06:38.177515+00:00,69.0,1,bid,,,13353567
2026-06-30T08:06:37.323793,2026-06-29T22:06:38.177515+00:00,69.7,49,bid,,,13353568
2026-06-30T08:06:37.616690,2026-06-29T22:06:38.460165+00:00,68.7,41,ask,,,13353573
2026-06-30T08:06:41.605332,2026-06-29T22:06:42.453142+00:00,68.6,2,ask,,,13353662
2026-06-30T08:06:41.605332,2026-06-29T22:06:42.464206+00:00,68.6,48,ask,,,13353663
2026-06-30T08:06:43.716444,2026-06-29T22:06:44.568927+00:00,68.4,50,ask,,,13353698
2026-06-30T08:06:45.830048,2026-06-29T22:06:46.679090+00:00,68.4,50,ask,,,13353745
2026-06-30T08:06:46.883924,2026-06-29T22:06:47.727513+00:00,68.4,100,ask,,,13353763
2026-06-30T08:06:49.995692,2026-06-29T22:06:50.846268+00:00,68.3,100,bid,,,13353806
2026-06-30T08:06:50.067483,2026-06-29T22:06:50.921704+00:00,67.8,50,ask,,,13353808
2026-06-30T08:06:51.096096,2026-06-29T22:06:51.942177+00:00,68.3,4,bid,,,13353823
2026-06-30T08:06:51.289524,2026-06-29T22:06:52.139035+00:00,68.3,40,bid,,,13353825
2026-06-30T08:06:52.173262,2026-06-29T22:06:53.019953+00:00,68.4,50,ask,,,13353852
2026-06-30T08:06:52.725198,2026-06-29T22:06:53.572232+00:00,68.9,44,bid,,,13353862
2026-06-30T08:06:54.239943,2026-06-29T22:06:55.087625+00:00,68.6,40,ask,,,13353892
2026-06-30T08:06:54.281432,2026-06-29T22:06:55.129952+00:00,68.6,50,ask,,,13353893
2026-06-30T08:06:55.227778,2026-06-29T22:06:56.078926+00:00,68.6,10,ask,,,13353914
2026-06-30T08:06:56.368884,2026-06-29T22:06:57.223104+00:00,68.4,5,ask,,,13353938
2026-06-30T08:06:56.390814,2026-06-29T22:06:57.245222+00:00,68.4,6,bid,,,13353939
2026-06-30T08:06:56.660856,2026-06-29T22:06:57.506454+00:00,68.4,5,bid,,,13353943
2026-06-30T08:06:56.785386,2026-06-29T22:06:57.637381+00:00,68.4,5,bid,,,13353948
2026-06-30T08:06:56.922502,2026-06-29T22:06:57.767759+00:00,68.4,5,bid,,,13353957
2026-06-30T08:06:57.950517,2026-06-29T22:06:58.801890+00:00,68.4,5,bid,,,13353984
2026-06-30T08:06:58.202335,2026-06-29T22:06:59.052047+00:00,68.4,49,bid,,,13353987
2026-06-30T08:06:58.492517,2026-06-29T22:06:59.336460+00:00,68.2,50,ask,,,13353997
2026-06-30T08:06:58.804737,2026-06-29T22:06:59.651158+00:00,68.4,5,bid,,,13354001
2026-06-30T08:06:58.957053,2026-06-29T22:06:59.805197+00:00,68.4,5,bid,,,13354008
2026-06-30T08:06:59.692394,2026-06-29T22:07:00.544312+00:00,68.2,46,ask,,,13354022
2026-06-30T08:07:00.598575,2026-06-29T22:07:01.445372+00:00,68.4,4,ask,,,13354037
2026-06-30T08:07:00.598575,2026-06-29T22:07:01.445372+00:00,68.2,46,ask,,,13354038
2026-06-30T08:07:01.395686,2026-06-29T22:07:02.239780+00:00,68.4,3,ask,,,13354049
2026-06-30T08:07:01.413055,2026-06-29T22:07:02.261909+00:00,68.2,100,ask,,,13354050
2026-06-30T08:07:01.980172,2026-06-29T22:07:02.827690+00:00,67.8,46,bid,,,13354065
2026-06-30T08:07:02.672436,2026-06-29T22:07:03.527051+00:00,67.8,4,bid,,,13354082
2026-06-30T08:07:02.725653,2026-06-29T22:07:03.569839+00:00,68.0,50,ask,,,13354083
2026-06-30T08:07:03.084213,2026-06-29T22:07:03.929616+00:00,68.5,42,bid,,,13354092
2026-06-30T08:07:04.833273,2026-06-29T22:07:05.678045+00:00,68.1,50,ask,,,13354122
2026-06-30T08:07:06.887632,2026-06-29T22:07:07.734469+00:00,68.5,1,bid,,,13354168
2026-06-30T08:07:06.887632,2026-06-29T22:07:07.734469+00:00,68.5,49,bid,,,13354169
2026-06-30T08:07:08.783212,2026-06-29T22:07:09.633176+00:00,68.3,42,bid,,,13354207
2026-06-30T08:07:09.046793,2026-06-29T22:07:09.895139+00:00,68.1,50,ask,,,13354210
2026-06-30T08:07:11.101781,2026-06-29T22:07:11.955119+00:00,68.5,1,bid,,,13354248
2026-06-30T08:07:11.101781,2026-06-29T22:07:11.955119+00:00,68.5,49,bid,,,13354249
2026-06-30T08:07:13.259326,2026-06-29T22:07:14.110684+00:00,68.2,5,ask,,,13354293
2026-06-30T08:07:15.368539,2026-06-29T22:07:16.212794+00:00,68.4,50,ask,,,13354338
2026-06-30T08:07:15.378330,2026-06-29T22:07:16.223856+00:00,68.4,100,ask,,,13354339
2026-06-30T08:07:15.598623,2026-06-29T22:07:16.450280+00:00,68.2,5,ask,,,13354343
2026-06-30T08:07:15.598623,2026-06-29T22:07:16.450280+00:00,67.9,41,ask,,,13354344
2026-06-30T08:07:16.712448,2026-06-29T22:07:17.567847+00:00,68.5,1,bid,,,13354367
2026-06-30T08:07:17.220165,2026-06-29T22:07:18.068059+00:00,68.2,4,ask,,,13354380
2026-06-30T08:07:17.220165,2026-06-29T22:07:18.068059+00:00,67.9,38,ask,,,13354381
2026-06-30T08:07:17.425103,2026-06-29T22:07:18.275387+00:00,68.3,50,bid,,,13354382
2026-06-30T08:07:17.687625,2026-06-29T22:07:18.537661+00:00,68.3,43,bid,,,13354386
2026-06-30T08:07:18.186596,2026-06-29T22:07:19.034975+00:00,67.9,21,ask,,,13354403
2026-06-30T08:07:18.186596,2026-06-29T22:07:19.034975+00:00,67.8,19,ask,,,13354404
2026-06-30T08:07:19.223263,2026-06-29T22:07:20.068557+00:00,68.2,41,bid,,,13354413
2026-06-30T08:07:19.535545,2026-06-29T22:07:20.396194+00:00,68.2,50,bid,,,13354422
2026-06-30T08:07:21.647679,2026-06-29T22:07:22.497412+00:00,68.3,50,bid,,,13354459
2026-06-30T08:07:21.655472,2026-06-29T22:07:22.507512+00:00,68.3,100,bid,,,13354460
2026-06-30T08:07:23.208091,2026-06-29T22:07:24.059668+00:00,68.4,1,bid,,,13354498
2026-06-30T08:07:23.804717,2026-06-29T22:07:24.657663+00:00,68.7,50,ask,,,13354507
2026-06-30T08:07:24.230631,2026-06-29T22:07:25.090993+00:00,68.7,4,ask,,,13354512
2026-06-30T08:07:24.435359,2026-06-29T22:07:25.287268+00:00,68.7,4,ask,,,13354516
2026-06-30T08:07:24.599996,2026-06-29T22:07:25.450880+00:00,68.7,4,ask,,,13354520
2026-06-30T08:07:24.884547,2026-06-29T22:07:25.734285+00:00,68.7,88,ask,,,13354528
2026-06-30T08:07:25.912168,2026-06-29T22:07:26.757586+00:00,68.1,2,ask,,,13354547
2026-06-30T08:07:25.912168,2026-06-29T22:07:26.757586+00:00,67.8,48,ask,,,13354548
2026-06-30T08:07:26.374237,2026-06-29T22:07:27.226169+00:00,68.3,12,bid,,,13354552
2026-06-30T08:07:27.867540,2026-06-29T22:07:28.711737+00:00,68.2,3,ask,,,13354581
2026-06-30T08:07:27.867540,2026-06-29T22:07:28.722800+00:00,67.9,40,ask,,,13354582
2026-06-30T08:07:28.019270,2026-06-29T22:07:28.863238+00:00,68.2,5,ask,,,13354583
2026-06-30T08:07:28.019270,2026-06-29T22:07:28.874300+00:00,67.9,45,ask,,,13354584
2026-06-30T08:07:29.408611,2026-06-29T22:07:30.252161+00:00,68.2,5,ask,,,13354612
2026-06-30T08:07:29.854283,2026-06-29T22:07:30.705115+00:00,68.1,5,ask,,,13354622
2026-06-30T08:07:29.887203,2026-06-29T22:07:30.737397+00:00,68.0,5,bid,,,13354626
2026-06-30T08:07:29.945242,2026-06-29T22:07:30.791780+00:00,68.0,5,bid,,,13354627
2026-06-30T08:07:29.980677,2026-06-29T22:07:30.824966+00:00,68.0,4,bid,,,13354628
2026-06-30T08:07:30.017987,2026-06-29T22:07:30.867784+00:00,68.0,4,bid,,,13354629
2026-06-30T08:07:30.078073,2026-06-29T22:07:30.922155+00:00,68.0,4,bid,,,13354632
2026-06-30T08:07:30.127257,2026-06-29T22:07:30.977495+00:00,67.9,50,ask,,,13354633
2026-06-30T08:07:30.655395,2026-06-29T22:07:31.509076+00:00,68.0,4,bid,,,13354643
2026-06-30T08:07:30.972284,2026-06-29T22:07:31.825235+00:00,68.0,41,bid,,,13354650
2026-06-30T08:07:30.976810,2026-06-29T22:07:31.825235+00:00,68.0,4,bid,,,13354651
2026-06-30T08:07:31.004014,2026-06-29T22:07:31.857482+00:00,68.0,4,bid,,,13354654
2026-06-30T08:07:31.027238,2026-06-29T22:07:31.878640+00:00,68.0,4,bid,,,13354655
2026-06-30T08:07:31.062510,2026-06-29T22:07:31.911882+00:00,68.0,4,bid,,,13354657
2026-06-30T08:07:31.107841,2026-06-29T22:07:31.956155+00:00,68.0,3,bid,,,13354659
2026-06-30T08:07:31.706119,2026-06-29T22:07:32.560168+00:00,68.0,3,bid,,,13354668
2026-06-30T08:07:31.798389,2026-06-29T22:07:32.647731+00:00,68.0,3,bid,,,13354673
2026-06-30T08:07:32.183161,2026-06-29T22:07:33.037361+00:00,68.0,50,bid,,,13354680
2026-06-30T08:07:34.296440,2026-06-29T22:07:35.158807+00:00,68.3,1,bid,,,13354735
2026-06-30T08:07:34.296440,2026-06-29T22:07:35.158807+00:00,68.7,49,bid,,,13354736
2026-06-30T08:07:34.959661,2026-06-29T22:07:35.812244+00:00,68.2,46,ask,,,13354745
2026-06-30T08:07:35.925412,2026-06-29T22:07:36.777143+00:00,68.5,41,bid,,,13354764
2026-06-30T08:07:36.453957,2026-06-29T22:07:37.298243+00:00,68.2,50,ask,,,13354780
2026-06-30T08:07:39.739397,2026-06-29T22:07:40.594171+00:00,68.2,44,ask,,,13354856
2026-06-30T08:07:40.663153,2026-06-29T22:07:41.508879+00:00,68.2,50,ask,,,13354875
2026-06-30T08:07:42.719353,2026-06-29T22:07:43.567611+00:00,68.2,50,bid,,,13354933
2026-06-30T08:07:44.722609,2026-06-29T22:07:45.567188+00:00,68.2,45,bid,,,13354969
2026-06-30T08:07:44.878620,2026-06-29T22:07:45.730878+00:00,68.0,1,ask,,,13354973
2026-06-30T08:07:44.878620,2026-06-29T22:07:45.730878+00:00,67.9,49,ask,,,13354974
2026-06-30T08:07:45.760090,2026-06-29T22:07:46.604125+00:00,68.0,40,ask,,,13354999
2026-06-30T08:07:46.985934,2026-06-29T22:07:47.831946+00:00,68.1,50,ask,,,13355026
2026-06-30T08:07:47.781738,2026-06-29T22:07:48.628073+00:00,68.1,44,ask,,,13355049
2026-06-30T08:07:49.095756,2026-06-29T22:07:49.946446+00:00,68.1,6,ask,,,13355077
2026-06-30T08:07:49.095756,2026-06-29T22:07:49.946446+00:00,67.8,44,ask,,,13355078
2026-06-30T08:07:49.296756,2026-06-29T22:07:50.142274+00:00,68.3,43,bid,,,13355081
2026-06-30T08:07:50.972442,2026-06-29T22:07:51.818956+00:00,68.1,45,bid,,,13355120
2026-06-30T08:07:51.205083,2026-06-29T22:07:52.060073+00:00,67.8,50,ask,,,13355130
2026-06-30T08:07:53.277343,2026-06-29T22:07:54.128483+00:00,68.0,50,bid,,,13355173
2026-06-30T08:07:55.130177,2026-06-29T22:07:55.977858+00:00,68.1,100,bid,,,13355211
2026-06-30T08:07:55.386322,2026-06-29T22:07:56.237697+00:00,68.6,50,bid,,,13355218
2026-06-30T08:07:56.688623,2026-06-29T22:07:57.540922+00:00,68.2,4,ask,,,13355245
2026-06-30T08:07:57.035453,2026-06-29T22:07:57.888331+00:00,68.2,40,ask,,,13355247
2026-06-30T08:07:57.041140,2026-06-29T22:07:57.888331+00:00,68.2,4,ask,,,13355248
2026-06-30T08:07:57.492733,2026-06-29T22:07:58.345402+00:00,68.6,50,bid,,,13355262
2026-06-30T08:07:59.598525,2026-06-29T22:08:00.447113+00:00,68.4,50,bid,,,13355304
2026-06-30T08:08:01.722726,2026-06-29T22:08:02.579759+00:00,68.3,1,bid,,,13355344
2026-06-30T08:08:01.722726,2026-06-29T22:08:02.579759+00:00,68.6,49,bid,,,13355345
2026-06-30T08:08:01.722999,2026-06-29T22:08:02.579759+00:00,68.6,42,bid,,,13355346
2026-06-30T08:08:02.792787,2026-06-29T22:08:03.645340+00:00,68.3,1,bid,,,13355371
2026-06-30T08:08:03.831163,2026-06-29T22:08:04.677717+00:00,68.7,50,bid,,,13355389
2026-06-30T08:08:03.906702,2026-06-29T22:08:04.754234+00:00,68.4,1,bid,,,13355390
2026-06-30T08:08:04.613216,2026-06-29T22:08:05.462262+00:00,68.4,1,bid,,,13355414
2026-06-30T08:08:04.637914,2026-06-29T22:08:05.484389+00:00,68.4,1,ask,,,13355415
2026-06-30T08:08:06.009966,2026-06-29T22:08:06.857175+00:00,68.4,50,ask,,,13355444
2026-06-30T08:08:08.116965,2026-06-29T22:08:08.961628+00:00,68.3,50,ask,,,13355481
2026-06-30T08:08:10.177782,2026-06-29T22:08:11.028732+00:00,68.5,3,bid,,,13355521
2026-06-30T08:08:10.177782,2026-06-29T22:08:11.028732+00:00,68.5,47,bid,,,13355522
2026-06-30T08:08:10.352814,2026-06-29T22:08:11.202845+00:00,68.3,46,ask,,,13355526
2026-06-30T08:08:12.143078,2026-06-29T22:08:12.988727+00:00,68.5,41,bid,,,13355564
2026-06-30T08:08:12.279966,2026-06-29T22:08:13.130181+00:00,68.5,3,bid,,,13355565
2026-06-30T08:08:12.279966,2026-06-29T22:08:13.130181+00:00,68.5,97,bid,,,13355566
2026-06-30T08:08:12.284275,2026-06-29T22:08:13.130181+00:00,68.5,50,bid,,,13355567
2026-06-30T08:08:13.837881,2026-06-29T22:08:14.689715+00:00,68.2,3,ask,,,13355595
2026-06-30T08:08:13.837881,2026-06-29T22:08:14.689715+00:00,68.0,38,ask,,,13355596
2026-06-30T08:08:14.092435,2026-06-29T22:08:14.941053+00:00,68.5,3,bid,,,13355605
2026-06-30T08:08:14.419841,2026-06-29T22:08:15.268710+00:00,69.0,50,bid,,,13355612
2026-06-30T08:08:14.962743,2026-06-29T22:08:15.811845+00:00,68.6,6,ask,,,13355621
2026-06-30T08:08:15.078832,2026-06-29T22:08:15.932157+00:00,68.6,5,ask,,,13355622
2026-06-30T08:08:15.178328,2026-06-29T22:08:16.029829+00:00,68.6,5,ask,,,13355623
2026-06-30T08:08:16.112769,2026-06-29T22:08:16.957626+00:00,68.6,5,ask,,,13355648
2026-06-30T08:08:16.155602,2026-06-29T22:08:17.000933+00:00,68.7,44,bid,,,13355649
2026-06-30T08:08:16.185265,2026-06-29T22:08:17.034116+00:00,68.6,5,ask,,,13355650
2026-06-30T08:08:16.529599,2026-06-29T22:08:17.382113+00:00,68.7,50,bid,,,13355657
2026-06-30T08:08:16.585136,2026-06-29T22:08:17.437421+00:00,68.6,4,ask,,,13355658
2026-06-30T08:08:16.852266,2026-06-29T22:08:17.708529+00:00,68.6,5,ask,,,13355663
2026-06-30T08:08:18.603492,2026-06-29T22:08:19.454073+00:00,68.7,4,bid,,,13355696
2026-06-30T08:08:18.646919,2026-06-29T22:08:19.497882+00:00,68.9,50,bid,,,13355697
2026-06-30T08:08:18.979139,2026-06-29T22:08:19.826090+00:00,68.7,45,ask,,,13355708
2026-06-30T08:08:19.158135,2026-06-29T22:08:20.019006+00:00,68.7,4,ask,,,13355710
2026-06-30T08:08:20.166313,2026-06-29T22:08:21.018630+00:00,68.7,4,ask,,,13355731
2026-06-30T08:08:20.275774,2026-06-29T22:08:21.127814+00:00,68.7,3,ask,,,13355733
2026-06-30T08:08:20.751576,2026-06-29T22:08:21.596434+00:00,69.2,50,bid,,,13355745
2026-06-30T08:08:22.860317,2026-06-29T22:08:23.712233+00:00,68.8,2,bid,,,13355782
2026-06-30T08:08:23.572482,2026-06-29T22:08:24.418574+00:00,68.8,3,bid,,,13355791
2026-06-30T08:08:23.596649,2026-06-29T22:08:24.451293+00:00,68.8,3,ask,,,13355792
2026-06-30T08:08:23.632293,2026-06-29T22:08:24.484480+00:00,68.8,3,ask,,,13355795
2026-06-30T08:08:24.965921,2026-06-29T22:08:25.817435+00:00,68.9,3,bid,,,13355812
2026-06-30T08:08:24.965921,2026-06-29T22:08:25.817435+00:00,69.3,47,bid,,,13355813
2026-06-30T08:08:27.124239,2026-06-29T22:08:27.971017+00:00,68.6,3,ask,,,13355856
2026-06-30T08:08:27.124239,2026-06-29T22:08:27.971017+00:00,68.6,47,ask,,,13355857
2026-06-30T08:08:29.234052,2026-06-29T22:08:30.091897+00:00,68.8,50,ask,,,13355893
2026-06-30T08:08:31.352981,2026-06-29T22:08:32.202974+00:00,68.8,50,ask,,,13355944
2026-06-30T08:08:31.549870,2026-06-29T22:08:32.397824+00:00,68.8,43,ask,,,13355948
2026-06-30T08:08:33.458546,2026-06-29T22:08:34.305101+00:00,68.7,50,ask,,,13356000
2026-06-30T08:08:34.586452,2026-06-29T22:08:35.437265+00:00,68.9,1,bid,,,13356017
2026-06-30T08:08:34.586452,2026-06-29T22:08:35.437265+00:00,68.9,44,bid,,,13356018
2026-06-30T08:08:35.565437,2026-06-29T22:08:36.416375+00:00,68.6,1,ask,,,13356041
2026-06-30T08:08:35.565437,2026-06-29T22:08:36.416375+00:00,68.5,49,ask,,,13356042
2026-06-30T08:08:37.623528,2026-06-29T22:08:38.476261+00:00,69.0,50,bid,,,13356072
2026-06-30T08:08:38.839443,2026-06-29T22:08:39.692850+00:00,68.7,1,ask,,,13356092
2026-06-30T08:08:38.839443,2026-06-29T22:08:39.692850+00:00,68.5,47,ask,,,13356093
2026-06-30T08:08:39.730602,2026-06-29T22:08:40.575109+00:00,68.8,50,bid,,,13356112
2026-06-30T08:08:40.798751,2026-06-29T22:08:41.652902+00:00,68.7,2,ask,,,13356135
2026-06-30T08:08:41.837107,2026-06-29T22:08:42.685265+00:00,68.7,50,bid,,,13356158
2026-06-30T08:08:42.313985,2026-06-29T22:08:43.166255+00:00,68.7,44,bid,,,13356170
2026-06-30T08:08:44.897073,2026-06-29T22:08:45.744293+00:00,68.9,44,bid,,,13356230
2026-06-30T08:08:46.097138,2026-06-29T22:08:46.942835+00:00,68.7,50,ask,,,13356251
2026-06-30T08:08:48.204150,2026-06-29T22:08:49.052964+00:00,68.7,50,ask,,,13356271
2026-06-30T08:08:48.214342,2026-06-29T22:08:49.064045+00:00,68.7,44,ask,,,13356272
2026-06-30T08:08:50.309410,2026-06-29T22:08:51.155146+00:00,68.5,50,ask,,,13356294
2026-06-30T08:08:51.808585,2026-06-29T22:08:52.657788+00:00,68.5,47,ask,,,13356316
2026-06-30T08:08:52.415596,2026-06-29T22:08:53.267674+00:00,68.5,3,ask,,,13356328
2026-06-30T08:08:52.415596,2026-06-29T22:08:53.267674+00:00,68.3,47,ask,,,13356329
2026-06-30T08:08:56.578556,2026-06-29T22:08:57.423116+00:00,68.5,50,bid,,,13356408
2026-06-30T08:08:57.522570,2026-06-29T22:08:58.372127+00:00,68.5,42,bid,,,13356421
2026-06-30T08:08:58.684567,2026-06-29T22:08:59.538035+00:00,68.7,4,bid,,,13356439
2026-06-30T08:08:58.684567,2026-06-29T22:08:59.538035+00:00,68.7,46,bid,,,13356440
2026-06-30T08:08:59.078337,2026-06-29T22:08:59.930124+00:00,68.7,47,bid,,,13356447
2026-06-30T08:08:59.715619,2026-06-29T22:09:00.561890+00:00,68.4,4,ask,,,13356454
2026-06-30T08:08:59.715619,2026-06-29T22:09:00.561890+00:00,68.3,45,ask,,,13356455
2026-06-30T08:09:00.843133,2026-06-29T22:09:01.687309+00:00,68.5,50,ask,,,13356482
2026-06-30T08:09:01.317138,2026-06-29T22:09:02.167155+00:00,68.7,2,bid,,,13356495
2026-06-30T08:09:01.317138,2026-06-29T22:09:02.167155+00:00,68.8,43,bid,,,13356496
2026-06-30T08:09:02.898633,2026-06-29T22:09:03.747244+00:00,69.0,50,bid,,,13356520
2026-06-30T08:09:03.930997,2026-06-29T22:09:04.780674+00:00,68.5,44,ask,,,13356534
2026-06-30T08:09:05.007159,2026-06-29T22:09:05.862105+00:00,68.8,50,bid,,,13356565
2026-06-30T08:09:09.269733,2026-06-29T22:09:10.118323+00:00,68.4,1,ask,,,13356645
2026-06-30T08:09:09.269733,2026-06-29T22:09:10.118323+00:00,68.3,49,ask,,,13356646
2026-06-30T08:09:11.376863,2026-06-29T22:09:12.230035+00:00,68.5,50,ask,,,13356676
2026-06-30T08:09:11.958341,2026-06-29T22:09:12.807397+00:00,68.5,45,ask,,,13356689
2026-06-30T08:09:13.484383,2026-06-29T22:09:14.337435+00:00,68.5,50,ask,,,13356715
2026-06-30T08:09:14.231537,2026-06-29T22:09:15.076344+00:00,68.5,1,ask,,,13356728
2026-06-30T08:09:14.231537,2026-06-29T22:09:15.087408+00:00,68.4,100,ask,,,13356729
2026-06-30T08:09:15.590825,2026-06-29T22:09:16.437509+00:00,68.1,50,ask,,,13356756
2026-06-30T08:09:16.102134,2026-06-29T22:09:16.948879+00:00,68.4,1,bid,,,13356767
2026-06-30T08:09:16.132053,2026-06-29T22:09:16.982099+00:00,68.4,1,bid,,,13356772
2026-06-30T08:09:16.159206,2026-06-29T22:09:17.004250+00:00,68.4,1,bid,,,13356773
2026-06-30T08:09:16.192137,2026-06-29T22:09:17.047525+00:00,68.4,1,bid,,,13356774
2026-06-30T08:09:16.244099,2026-06-29T22:09:17.090854+00:00,68.4,1,bid,,,13356778
2026-06-30T08:09:16.322708,2026-06-29T22:09:17.167381+00:00,68.4,1,bid,,,13356781
2026-06-30T08:09:16.384819,2026-06-29T22:09:17.232320+00:00,68.4,1,bid,,,13356782
2026-06-30T08:09:16.446055,2026-06-29T22:09:17.297763+00:00,68.4,1,bid,,,13356785
2026-06-30T08:09:16.509715,2026-06-29T22:09:17.363237+00:00,68.4,41,bid,,,13356789
2026-06-30T08:09:16.509715,2026-06-29T22:09:17.363237+00:00,68.6,7,bid,,,13356790
2026-06-30T08:09:17.004630,2026-06-29T22:09:17.854133+00:00,68.6,49,bid,,,13356805
2026-06-30T08:09:17.340240,2026-06-29T22:09:18.191837+00:00,68.6,44,bid,,,13356812
2026-06-30T08:09:17.700162,2026-06-29T22:09:18.550748+00:00,68.6,50,ask,,,13356818
2026-06-30T08:09:18.205210,2026-06-29T22:09:19.051091+00:00,68.6,43,ask,,,13356833
2026-06-30T08:09:18.699587,2026-06-29T22:09:19.553093+00:00,68.8,6,bid,,,13356842
2026-06-30T08:09:18.699587,2026-06-29T22:09:19.553093+00:00,69.1,42,bid,,,13356843
2026-06-30T08:09:19.334863,2026-06-29T22:09:20.184293+00:00,68.6,13,ask,,,13356859
2026-06-30T08:09:19.334863,2026-06-29T22:09:20.184293+00:00,68.4,3,ask,,,13356860
2026-06-30T08:09:19.334863,2026-06-29T22:09:20.184293+00:00,68.4,32,ask,,,13356861
2026-06-30T08:09:19.808608,2026-06-29T22:09:20.653993+00:00,68.4,50,ask,,,13356870
2026-06-30T08:09:21.918665,2026-06-29T22:09:22.764082+00:00,68.0,50,ask,,,13356905
2026-06-30T08:09:22.821676,2026-06-29T22:09:23.668017+00:00,68.5,49,bid,,,13356915
2026-06-30T08:09:23.365103,2026-06-29T22:09:24.213184+00:00,68.5,46,bid,,,13356929
2026-06-30T08:09:24.027249,2026-06-29T22:09:24.876097+00:00,68.4,3,ask,,,13356940
2026-06-30T08:09:24.027249,2026-06-29T22:09:24.876097+00:00,68.2,47,ask,,,13356941
2026-06-30T08:09:26.134438,2026-06-29T22:09:26.986460+00:00,68.3,1,ask,,,13356975
2026-06-30T08:09:26.134438,2026-06-29T22:09:26.986460+00:00,68.2,49,ask,,,13356976
2026-06-30T08:09:26.870804,2026-06-29T22:09:27.724053+00:00,68.3,1,ask,,,13356992
2026-06-30T08:09:26.914712,2026-06-29T22:09:27.767950+00:00,68.3,1,bid,,,13356993
2026-06-30T08:09:26.936886,2026-06-29T22:09:27.789607+00:00,68.3,1,bid,,,13356994
2026-06-30T08:09:27.119701,2026-06-29T22:09:27.974321+00:00,68.3,1,bid,,,13356997
2026-06-30T08:09:27.267821,2026-06-29T22:09:28.116203+00:00,67.9,46,ask,,,13356999
2026-06-30T08:09:27.409164,2026-06-29T22:09:28.257700+00:00,68.3,1,bid,,,13357000
2026-06-30T08:09:27.433565,2026-06-29T22:09:28.278854+00:00,68.3,1,bid,,,13357001
2026-06-30T08:09:27.477013,2026-06-29T22:09:28.323127+00:00,68.3,1,bid,,,13357002
2026-06-30T08:09:27.515834,2026-06-29T22:09:28.367386+00:00,68.3,1,bid,,,13357003
2026-06-30T08:09:28.191107,2026-06-29T22:09:29.040943+00:00,68.3,50,bid,,,13357024
2026-06-30T08:09:30.140270,2026-06-29T22:09:30.988022+00:00,68.2,3,bid,,,13357053
2026-06-30T08:09:30.269917,2026-06-29T22:09:31.118917+00:00,68.2,3,bid,,,13357057
2026-06-30T08:09:30.297835,2026-06-29T22:09:31.152129+00:00,68.2,50,bid,,,13357060
2026-06-30T08:09:30.342637,2026-06-29T22:09:31.196413+00:00,68.2,3,bid,,,13357062
2026-06-30T08:09:30.402433,2026-06-29T22:09:31.248798+00:00,68.2,2,bid,,,13357067
2026-06-30T08:09:30.584217,2026-06-29T22:09:31.435041+00:00,68.2,39,bid,,,13357083
2026-06-30T08:09:30.584217,2026-06-29T22:09:31.435041+00:00,68.5,7,bid,,,13357084
2026-06-30T08:09:30.584217,2026-06-29T22:09:31.435041+00:00,68.6,1,bid,,,13357085
2026-06-30T08:09:31.122560,2026-06-29T22:09:31.967553+00:00,68.1,41,ask,,,13357088
2026-06-30T08:09:31.756790,2026-06-29T22:09:32.611879+00:00,68.1,46,ask,,,13357110
2026-06-30T08:09:32.388656,2026-06-29T22:09:33.241310+00:00,68.6,49,bid,,,13357120
2026-06-30T08:09:32.423983,2026-06-29T22:09:33.274522+00:00,68.6,50,bid,,,13357121
2026-06-30T08:09:34.529105,2026-06-29T22:09:35.383386+00:00,68.5,4,bid,,,13357153
2026-06-30T08:09:34.529105,2026-06-29T22:09:35.383386+00:00,68.6,46,bid,,,13357154
2026-06-30T08:09:36.635678,2026-06-29T22:09:37.481112+00:00,68.5,5,bid,,,13357193
2026-06-30T08:09:36.635678,2026-06-29T22:09:37.481112+00:00,68.7,45,bid,,,13357194
2026-06-30T08:09:38.743986,2026-06-29T22:09:39.588810+00:00,68.8,50,bid,,,13357236
2026-06-30T08:09:40.848532,2026-06-29T22:09:41.696970+00:00,69.2,50,bid,,,13357264
2026-06-30T08:09:42.618817,2026-06-29T22:09:43.471172+00:00,68.8,100,bid,,,13357306
2026-06-30T08:09:42.855477,2026-06-29T22:09:43.700753+00:00,68.8,40,ask,,,13357309
2026-06-30T08:09:42.954049,2026-06-29T22:09:43.798376+00:00,69.3,50,bid,,,13357310
2026-06-30T08:09:43.290419,2026-06-29T22:09:44.137641+00:00,68.8,1,ask,,,13357316
2026-06-30T08:09:44.659920,2026-06-29T22:09:45.506590+00:00,68.8,9,ask,,,13357340
2026-06-30T08:09:44.659920,2026-06-29T22:09:45.506590+00:00,68.6,35,ask,,,13357341
2026-06-30T08:09:45.060491,2026-06-29T22:09:45.908884+00:00,69.1,50,bid,,,13357350
2026-06-30T08:09:46.654953,2026-06-29T22:09:47.508120+00:00,68.9,48,bid,,,13357381
2026-06-30T08:09:47.721219,2026-06-29T22:09:48.573879+00:00,68.6,43,ask,,,13357403
2026-06-30T08:09:49.286612,2026-06-29T22:09:50.141833+00:00,68.8,5,bid,,,13357429
2026-06-30T08:09:49.286612,2026-06-29T22:09:50.141833+00:00,69.0,45,bid,,,13357430
2026-06-30T08:09:51.266510,2026-06-29T22:09:52.117127+00:00,68.8,1,bid,,,13357479
2026-06-30T08:09:51.266510,2026-06-29T22:09:52.117127+00:00,69.0,41,bid,,,13357480
2026-06-30T08:09:52.436172,2026-06-29T22:09:53.283001+00:00,69.0,47,ask,,,13357503
2026-06-30T08:09:52.757970,2026-06-29T22:09:53.608303+00:00,69.0,1,ask,,,13357508
2026-06-30T08:09:53.249436,2026-06-29T22:09:54.099099+00:00,69.0,1,ask,,,13357514
2026-06-30T08:09:53.347232,2026-06-29T22:09:54.208298+00:00,69.0,1,ask,,,13357516
2026-06-30T08:09:53.501480,2026-06-29T22:09:54.349802+00:00,69.5,50,bid,,,13357522
2026-06-30T08:09:54.491773,2026-06-29T22:09:55.340091+00:00,69.0,1,ask,,,13357542
2026-06-30T08:09:54.553143,2026-06-29T22:09:55.406459+00:00,69.0,1,ask,,,13357543
2026-06-30T08:09:55.563385,2026-06-29T22:09:56.414244+00:00,69.1,46,bid,,,13357558
2026-06-30T08:09:55.617911,2026-06-29T22:09:56.468105+00:00,69.0,49,ask,,,13357559
2026-06-30T08:09:55.732293,2026-06-29T22:09:56.577357+00:00,69.0,1,ask,,,13357566
2026-06-30T08:09:55.781492,2026-06-29T22:09:56.631751+00:00,69.0,1,ask,,,13357567
2026-06-30T08:09:57.712549,2026-06-29T22:09:58.557656+00:00,69.2,50,bid,,,13357614
2026-06-30T08:09:57.959804,2026-06-29T22:09:58.808096+00:00,69.2,40,bid,,,13357620
2026-06-30T08:09:59.079713,2026-06-29T22:09:59.933103+00:00,69.0,42,ask,,,13357645
2026-06-30T08:09:59.819049,2026-06-29T22:10:00.671149+00:00,69.5,50,bid,,,13357656
2026-06-30T08:10:01.206094,2026-06-29T22:10:02.056236+00:00,69.0,48,ask,,,13357689
2026-06-30T08:10:01.927750,2026-06-29T22:10:02.776064+00:00,69.1,50,bid,,,13357699
2026-06-30T08:10:04.086009,2026-06-29T22:10:04.935219+00:00,68.8,2,ask,,,13357738
2026-06-30T08:10:04.086009,2026-06-29T22:10:04.935219+00:00,68.7,48,ask,,,13357739
2026-06-30T08:10:06.141793,2026-06-29T22:10:06.996024+00:00,69.2,50,bid,,,13357766
2026-06-30T08:10:08.298874,2026-06-29T22:10:09.152906+00:00,68.9,3,ask,,,13357801
2026-06-30T08:10:08.298874,2026-06-29T22:10:09.152906+00:00,68.9,47,ask,,,13357802
2026-06-30T08:10:10.407305,2026-06-29T22:10:11.254246+00:00,68.9,50,ask,,,13357843
2026-06-30T08:10:11.149732,2026-06-29T22:10:12.007334+00:00,69.1,40,bid,,,13357861
2026-06-30T08:10:12.515027,2026-06-29T22:10:13.368455+00:00,68.8,50,ask,,,13357897
2026-06-30T08:10:14.316163,2026-06-29T22:10:15.163104+00:00,68.9,5,ask,,,13357918
2026-06-30T08:10:14.316163,2026-06-29T22:10:15.163104+00:00,68.8,100,ask,,,13357919
2026-06-30T08:10:14.622060,2026-06-29T22:10:15.468212+00:00,68.3,50,ask,,,13357924
2026-06-30T08:10:15.216117,2026-06-29T22:10:16.068215+00:00,68.8,5,bid,,,13357933
2026-06-30T08:10:15.388813,2026-06-29T22:10:16.241931+00:00,68.8,40,bid,,,13357934
2026-06-30T08:10:15.959538,2026-06-29T22:10:16.807363+00:00,68.8,4,ask,,,13357943
2026-06-30T08:10:15.959538,2026-06-29T22:10:16.807363+00:00,68.5,38,ask,,,13357944
2026-06-30T08:10:16.733341,2026-06-29T22:10:17.578315+00:00,68.5,50,ask,,,13357958
2026-06-30T08:10:18.840189,2026-06-29T22:10:19.688668+00:00,68.7,50,ask,,,13358004
2026-06-30T08:10:20.947509,2026-06-29T22:10:21.797869+00:00,68.7,3,ask,,,13358031
2026-06-30T08:10:20.947509,2026-06-29T22:10:21.797869+00:00,68.5,47,ask,,,13358032
2026-06-30T08:10:22.253913,2026-06-29T22:10:23.103351+00:00,68.7,2,bid,,,13358062
2026-06-30T08:10:23.053741,2026-06-29T22:10:23.898501+00:00,68.5,50,ask,,,13358083
2026-06-30T08:10:24.688011,2026-06-29T22:10:25.534244+00:00,68.5,2,bid,,,13358116
2026-06-30T08:10:25.109135,2026-06-29T22:10:25.958666+00:00,68.5,50,bid,,,13358121
2026-06-30T08:10:25.461682,2026-06-29T22:10:26.307497+00:00,68.5,45,bid,,,13358129
2026-06-30T08:10:29.087956,2026-06-29T22:10:29.934994+00:00,68.5,45,bid,,,13358204
2026-06-30T08:10:31.423526,2026-06-29T22:10:32.270467+00:00,68.7,50,bid,,,13358233
2026-06-30T08:10:32.049527,2026-06-29T22:10:32.898161+00:00,68.2,43,ask,,,13358241
2026-06-30T08:10:33.059570,2026-06-29T22:10:33.908998+00:00,68.2,44,ask,,,13358253
2026-06-30T08:10:35.090600,2026-06-29T22:10:35.938711+00:00,68.5,42,bid,,,13358290
2026-06-30T08:10:35.633609,2026-06-29T22:10:36.494455+00:00,68.5,50,bid,,,13358308
2026-06-30T08:10:36.320399,2026-06-29T22:10:37.167988+00:00,68.5,8,bid,,,13358321
2026-06-30T08:10:36.320399,2026-06-29T22:10:37.167988+00:00,68.7,10,bid,,,13358322
2026-06-30T08:10:36.320399,2026-06-29T22:10:37.178565+00:00,68.7,23,bid,,,13358323
2026-06-30T08:10:37.740513,2026-06-29T22:10:38.593375+00:00,68.7,50,bid,,,13358347
2026-06-30T08:10:42.011349,2026-06-29T22:10:42.862922+00:00,68.4,50,ask,,,13358441
2026-06-30T08:10:42.818149,2026-06-29T22:10:43.678164+00:00,68.4,100,ask,,,13358457
2026-06-30T08:10:43.982215,2026-06-29T22:10:44.829923+00:00,67.9,42,ask,,,13358474
2026-06-30T08:10:44.117791,2026-06-29T22:10:44.970892+00:00,67.9,50,ask,,,13358481
2026-06-30T08:10:44.486416,2026-06-29T22:10:45.339909+00:00,68.4,44,bid,,,13358486
2026-06-30T08:10:46.233199,2026-06-29T22:10:47.088773+00:00,68.0,50,ask,,,13358514
2026-06-30T08:10:48.338703,2026-06-29T22:10:49.189072+00:00,68.0,50,ask,,,13358539
2026-06-30T08:10:48.768948,2026-06-29T22:10:49.624043+00:00,68.0,40,ask,,,13358540
2026-06-30T08:10:50.139220,2026-06-29T22:10:50.986170+00:00,68.3,47,bid,,,13358569
2026-06-30T08:10:50.470908,2026-06-29T22:10:51.322981+00:00,68.2,50,ask,,,13358572
2026-06-30T08:10:52.331618,2026-06-29T22:10:53.186149+00:00,68.2,50,ask,,,13358598
2026-06-30T08:10:52.576677,2026-06-29T22:10:53.427241+00:00,67.6,50,ask,,,13358603
2026-06-30T08:10:53.502677,2026-06-29T22:10:54.363183+00:00,68.1,44,bid,,,13358618
2026-06-30T08:10:54.705331,2026-06-29T22:10:55.562293+00:00,67.8,50,ask,,,13358633
2026-06-30T08:10:56.812554,2026-06-29T22:10:57.658011+00:00,67.9,50,ask,,,13358677
2026-06-30T08:10:58.867765,2026-06-29T22:10:59.721136+00:00,68.2,50,bid,,,13358712
2026-06-30T08:10:59.389186,2026-06-29T22:11:00.240771+00:00,68.0,1,ask,,,13358718
2026-06-30T08:10:59.389186,2026-06-29T22:11:00.240771+00:00,67.8,43,ask,,,13358719
2026-06-30T08:11:00.974995,2026-06-29T22:11:01.827307+00:00,68.0,50,bid,,,13358761
2026-06-30T08:11:03.081377,2026-06-29T22:11:03.927929+00:00,68.4,50,bid,,,13358804
2026-06-30T08:11:07.344086,2026-06-29T22:11:08.198465+00:00,68.0,50,ask,,,13358883
2026-06-30T08:11:07.769254,2026-06-29T22:11:08.622260+00:00,68.0,40,ask,,,13358893
2026-06-30T08:11:08.293140,2026-06-29T22:11:09.144317+00:00,68.2,43,bid,,,13358911
2026-06-30T08:11:09.451130,2026-06-29T22:11:10.298133+00:00,67.8,50,ask,,,13358928
2026-06-30T08:11:11.502494,2026-06-29T22:11:12.357067+00:00,67.8,47,ask,,,13358962
2026-06-30T08:11:13.609417,2026-06-29T22:11:14.456421+00:00,67.9,50,bid,,,13359004
2026-06-30T08:11:15.714954,2026-06-29T22:11:16.567869+00:00,68.2,50,bid,,,13359053
2026-06-30T08:11:15.870153,2026-06-29T22:11:16.719932+00:00,68.1,43,bid,,,13359058
2026-06-30T08:11:16.922370,2026-06-29T22:11:17.777485+00:00,67.7,45,ask,,,13359074
2026-06-30T08:11:18.189659,2026-06-29T22:11:19.035433+00:00,68.1,47,bid,,,13359105
2026-06-30T08:11:19.859901,2026-06-29T22:11:20.710829+00:00,67.8,43,ask,,,13359140
2026-06-30T08:11:19.977816,2026-06-29T22:11:20.831238+00:00,67.8,50,ask,,,13359141
2026-06-30T08:11:21.328389,2026-06-29T22:11:22.181867+00:00,67.8,7,ask,,,13359162
2026-06-30T08:11:22.088957,2026-06-29T22:11:22.933945+00:00,67.5,50,ask,,,13359181
2026-06-30T08:11:24.144620,2026-06-29T22:11:25.002224+00:00,67.8,50,bid,,,13359207
2026-06-30T08:11:25.581955,2026-06-29T22:11:26.429084+00:00,67.6,43,ask,,,13359236
2026-06-30T08:11:26.252158,2026-06-29T22:11:27.103147+00:00,68.1,50,bid,,,13359245
2026-06-30T08:11:27.728159,2026-06-29T22:11:28.575164+00:00,68.0,40,bid,,,13359287
2026-06-30T08:11:28.359321,2026-06-29T22:11:29.206353+00:00,68.0,50,bid,,,13359292
2026-06-30T08:11:30.466829,2026-06-29T22:11:31.315420+00:00,68.0,50,bid,,,13359329
2026-06-30T08:11:32.573297,2026-06-29T22:11:33.418266+00:00,68.3,50,bid,,,13359382
2026-06-30T08:11:33.836395,2026-06-29T22:11:34.686313+00:00,68.1,2,bid,,,13359404
2026-06-30T08:11:33.836395,2026-06-29T22:11:34.686313+00:00,68.3,42,bid,,,13359405
2026-06-30T08:11:33.890900,2026-06-29T22:11:34.740728+00:00,67.8,2,ask,,,13359406
2026-06-30T08:11:33.890900,2026-06-29T22:11:34.740728+00:00,67.8,42,ask,,,13359407
2026-06-30T08:11:34.986997,2026-06-29T22:11:35.837825+00:00,68.3,43,bid,,,13359428
2026-06-30T08:11:37.936179,2026-06-29T22:11:38.781828+00:00,67.8,40,ask,,,13359486
2026-06-30T08:11:38.936975,2026-06-29T22:11:39.783163+00:00,67.9,1,ask,,,13359506
2026-06-30T08:11:38.936975,2026-06-29T22:11:39.783163+00:00,67.8,49,ask,,,13359507
2026-06-30T08:11:38.992584,2026-06-29T22:11:39.848101+00:00,67.8,46,ask,,,13359510
2026-06-30T08:11:39.742826,2026-06-29T22:11:40.597789+00:00,67.9,1,ask,,,13359523
2026-06-30T08:11:40.164112,2026-06-29T22:11:41.011023+00:00,67.9,45,bid,,,13359532
2026-06-30T08:11:40.322873,2026-06-29T22:11:41.175089+00:00,67.9,1,bid,,,13359533
2026-06-30T08:11:40.406887,2026-06-29T22:11:41.261188+00:00,67.9,1,bid,,,13359538
2026-06-30T08:11:40.708409,2026-06-29T22:11:41.556686+00:00,67.9,44,bid,,,13359543
2026-06-30T08:11:40.763580,2026-06-29T22:11:41.610607+00:00,67.7,44,ask,,,13359547
2026-06-30T08:11:40.993550,2026-06-29T22:11:41.840772+00:00,67.9,50,bid,,,13359551
2026-06-30T08:11:42.860594,2026-06-29T22:11:43.708854+00:00,68.0,100,bid,,,13359578
2026-06-30T08:11:43.101680,2026-06-29T22:11:43.948014+00:00,68.2,4,bid,,,13359588
2026-06-30T08:11:43.101680,2026-06-29T22:11:43.948014+00:00,68.5,46,bid,,,13359589
2026-06-30T08:11:45.170900,2026-06-29T22:11:46.021177+00:00,68.1,2,bid,,,13359611
2026-06-30T08:11:45.170900,2026-06-29T22:11:46.021177+00:00,68.3,45,bid,,,13359612
2026-06-30T08:11:45.207618,2026-06-29T22:11:46.054381+00:00,68.3,50,bid,,,13359616
2026-06-30T08:11:47.314602,2026-06-29T22:11:48.167163+00:00,68.2,4,bid,,,13359643
2026-06-30T08:11:47.314602,2026-06-29T22:11:48.167163+00:00,68.3,46,bid,,,13359644
2026-06-30T08:11:49.420281,2026-06-29T22:11:50.267428+00:00,68.2,5,bid,,,13359682
2026-06-30T08:11:49.420281,2026-06-29T22:11:50.267428+00:00,68.4,45,bid,,,13359683
2026-06-30T08:11:50.998780,2026-06-29T22:11:51.846029+00:00,68.1,42,ask,,,13359711
2026-06-30T08:11:51.540915,2026-06-29T22:11:52.388760+00:00,68.3,6,bid,,,13359716
2026-06-30T08:11:51.540915,2026-06-29T22:11:52.388760+00:00,68.4,44,bid,,,13359717
2026-06-30T08:11:52.375444,2026-06-29T22:11:53.228440+00:00,68.3,7,bid,,,13359736
2026-06-30T08:11:52.557277,2026-06-29T22:11:53.403110+00:00,68.3,42,ask,,,13359738
2026-06-30T08:11:53.136373,2026-06-29T22:11:53.987619+00:00,68.6,43,bid,,,13359750
2026-06-30T08:11:53.650774,2026-06-29T22:11:54.498093+00:00,68.8,50,bid,,,13359762
2026-06-30T08:11:57.916640,2026-06-29T22:11:58.765733+00:00,68.1,50,ask,,,13359813
2026-06-30T08:11:59.295608,2026-06-29T22:12:00.149103+00:00,68.1,43,ask,,,13359836
2026-06-30T08:12:00.023133,2026-06-29T22:12:00.878176+00:00,68.1,50,ask,,,13359842
2026-06-30T08:12:01.941160,2026-06-29T22:12:02.789631+00:00,68.2,2,ask,,,13359872
2026-06-30T08:12:02.078453,2026-06-29T22:12:02.930135+00:00,68.0,50,bid,,,13359875
2026-06-30T08:12:03.168875,2026-06-29T22:12:04.018876+00:00,68.0,98,bid,,,13359899
2026-06-30T08:12:04.245794,2026-06-29T22:12:05.097312+00:00,68.0,2,ask,,,13359921
2026-06-30T08:12:05.239292,2026-06-29T22:12:06.088834+00:00,68.0,45,ask,,,13359936
2026-06-30T08:12:06.351883,2026-06-29T22:12:07.199919+00:00,68.0,50,ask,,,13359959
2026-06-30T08:12:06.401996,2026-06-29T22:12:07.255243+00:00,68.0,55,ask,,,13359960
2026-06-30T08:12:07.735846,2026-06-29T22:12:08.591102+00:00,67.8,44,bid,,,13359974
2026-06-30T08:12:08.094432,2026-06-29T22:12:08.948484+00:00,67.8,1,bid,,,13359977
2026-06-30T08:12:08.457826,2026-06-29T22:12:09.307898+00:00,67.5,50,ask,,,13359988
2026-06-30T08:12:09.802646,2026-06-29T22:12:10.647899+00:00,67.9,49,ask,,,13360018
2026-06-30T08:12:10.564364,2026-06-29T22:12:11.412047+00:00,67.9,50,ask,,,13360026
2026-06-30T08:12:10.858212,2026-06-29T22:12:11.706622+00:00,68.0,45,bid,,,13360036
2026-06-30T08:12:11.841322,2026-06-29T22:12:12.686311+00:00,68.0,42,bid,,,13360048
2026-06-30T08:12:12.671369,2026-06-29T22:12:13.527574+00:00,67.5,50,ask,,,13360064
2026-06-30T08:12:14.778416,2026-06-29T22:12:15.627898+00:00,67.5,50,ask,,,13360106
2026-06-30T08:12:16.496693,2026-06-29T22:12:17.360122+00:00,67.7,46,bid,,,13360148
2026-06-30T08:12:16.832297,2026-06-29T22:12:17.687218+00:00,67.7,50,bid,,,13360152
2026-06-30T08:12:18.775582,2026-06-29T22:12:19.624214+00:00,67.8,41,ask,,,13360182
2026-06-30T08:12:19.052829,2026-06-29T22:12:19.907652+00:00,67.8,100,ask,,,13360184
2026-06-30T08:12:20.917988,2026-06-29T22:12:21.767224+00:00,67.8,5,ask,,,13360233
2026-06-30T08:12:21.042670,2026-06-29T22:12:21.898145+00:00,67.6,50,bid,,,13360234
2026-06-30T08:12:23.164859,2026-06-29T22:12:24.018034+00:00,67.6,50,bid,,,13360263
2026-06-30T08:12:24.897007,2026-06-29T22:12:25.747603+00:00,68.0,42,bid,,,13360304
2026-06-30T08:12:25.521148,2026-06-29T22:12:26.367211+00:00,67.8,42,ask,,,13360312
2026-06-30T08:12:26.435074,2026-06-29T22:12:27.281118+00:00,67.8,47,ask,,,13360332
2026-06-30T08:12:27.243685,2026-06-29T22:12:28.100684+00:00,67.8,11,ask,,,13360353
2026-06-30T08:12:31.644818,2026-06-29T22:12:32.497102+00:00,67.6,50,ask,,,13360431
2026-06-30T08:12:33.032925,2026-06-29T22:12:33.887547+00:00,67.6,49,ask,,,13360459
2026-06-30T08:12:33.750368,2026-06-29T22:12:34.597102+00:00,67.3,50,ask,,,13360473
2026-06-30T08:12:35.692667,2026-06-29T22:12:36.545294+00:00,67.4,45,bid,,,13360509
2026-06-30T08:12:36.736064,2026-06-29T22:12:37.588299+00:00,67.5,42,bid,,,13360526
2026-06-30T08:12:37.688092,2026-06-29T22:12:38.542813+00:00,67.5,44,bid,,,13360549
2026-06-30T08:12:37.962456,2026-06-29T22:12:38.814233+00:00,67.2,50,ask,,,13360560
2026-06-30T08:12:39.887182,2026-06-29T22:12:40.741150+00:00,67.3,100,ask,,,13360595
2026-06-30T08:12:40.069221,2026-06-29T22:12:40.916276+00:00,66.8,50,ask,,,13360596
2026-06-30T08:12:41.815933,2026-06-29T22:12:42.668605+00:00,66.9,48,ask,,,13360637
2026-06-30T08:12:42.174009,2026-06-29T22:12:43.027932+00:00,66.9,50,ask,,,13360639
2026-06-30T08:12:44.097371,2026-06-29T22:12:44.943040+00:00,67.4,47,bid,,,13360668
2026-06-30T08:12:44.280260,2026-06-29T22:12:45.128762+00:00,67.0,50,ask,,,13360672
2026-06-30T08:12:44.553176,2026-06-29T22:12:45.401127+00:00,67.0,48,ask,,,13360676
2026-06-30T08:12:46.387230,2026-06-29T22:12:47.241004+00:00,66.8,50,ask,,,13360705
2026-06-30T08:12:46.926403,2026-06-29T22:12:47.776063+00:00,67.2,1,bid,,,13360718
2026-06-30T08:12:47.076952,2026-06-29T22:12:47.927575+00:00,67.2,43,bid,,,13360720
2026-06-30T08:12:48.441954,2026-06-29T22:12:49.288452+00:00,67.2,50,bid,,,13360743
2026-06-30T08:12:48.973328,2026-06-29T22:12:49.819960+00:00,67.2,44,bid,,,13360748
2026-06-30T08:12:48.985051,2026-06-29T22:12:49.830960+00:00,67.2,3,bid,,,13360749
2026-06-30T08:12:49.067810,2026-06-29T22:12:49.917502+00:00,67.2,3,bid,,,13360750
2026-06-30T08:12:49.312546,2026-06-29T22:12:50.167340+00:00,67.2,100,bid,,,13360753
2026-06-30T08:12:50.187855,2026-06-29T22:12:51.034247+00:00,67.3,47,ask,,,13360767
2026-06-30T08:12:50.549206,2026-06-29T22:12:51.402921+00:00,67.4,2,bid,,,13360774
2026-06-30T08:12:50.549206,2026-06-29T22:12:51.402921+00:00,67.8,48,bid,,,13360775
2026-06-30T08:12:52.656168,2026-06-29T22:12:53.507157+00:00,67.4,50,bid,,,13360825
2026-06-30T08:12:53.833917,2026-06-29T22:12:54.690734+00:00,67.4,40,bid,,,13360845
2026-06-30T08:12:54.762480,2026-06-29T22:12:55.616010+00:00,67.4,50,bid,,,13360862
2026-06-30T08:12:56.876756,2026-06-29T22:12:57.726259+00:00,67.7,50,bid,,,13360902
2026-06-30T08:12:57.073752,2026-06-29T22:12:57.921078+00:00,67.3,46,ask,,,13360903
2026-06-30T08:12:58.211469,2026-06-29T22:12:59.063303+00:00,67.3,49,ask,,,13360921
2026-06-30T08:12:58.853929,2026-06-29T22:12:59.704751+00:00,67.2,100,ask,,,13360938
2026-06-30T08:12:58.983182,2026-06-29T22:12:59.835567+00:00,67.2,50,bid,,,13360939
2026-06-30T08:12:59.362542,2026-06-29T22:13:00.216266+00:00,67.7,45,bid,,,13360944
2026-06-30T08:13:01.108587,2026-06-29T22:13:01.958709+00:00,67.7,50,bid,,,13360971
2026-06-30T08:13:02.041507,2026-06-29T22:13:02.896072+00:00,67.5,48,ask,,,13360984
2026-06-30T08:13:03.101250,2026-06-29T22:13:03.955026+00:00,67.6,1,bid,,,13361000
2026-06-30T08:13:03.101250,2026-06-29T22:13:03.955026+00:00,67.7,40,bid,,,13361001
2026-06-30T08:13:04.163512,2026-06-29T22:13:05.018796+00:00,67.6,1,bid,,,13361015
2026-06-30T08:13:04.163512,2026-06-29T22:13:05.018796+00:00,67.6,46,bid,,,13361016
2026-06-30T08:13:05.123024,2026-06-29T22:13:05.977192+00:00,67.3,5,ask,,,13361032
2026-06-30T08:13:05.123024,2026-06-29T22:13:05.977192+00:00,67.1,40,ask,,,13361033
2026-06-30T08:13:05.393090,2026-06-29T22:13:06.247566+00:00,67.4,50,ask,,,13361042
2026-06-30T08:13:07.498528,2026-06-29T22:13:08.352046+00:00,67.4,50,ask,,,13361075
2026-06-30T08:13:08.807033,2026-06-29T22:13:09.657079+00:00,67.4,49,bid,,,13361098
2026-06-30T08:13:09.590733,2026-06-29T22:13:10.439686+00:00,67.4,100,bid,,,13361116
2026-06-30T08:13:09.616184,2026-06-29T22:13:10.472843+00:00,67.3,5,ask,,,13361117
2026-06-30T08:13:09.616184,2026-06-29T22:13:10.472843+00:00,66.9,45,ask,,,13361118
2026-06-30T08:13:10.453285,2026-06-29T22:13:11.302066+00:00,67.3,5,ask,,,13361125
2026-06-30T08:13:10.453285,2026-06-29T22:13:11.302066+00:00,66.9,42,ask,,,13361126
2026-06-30T08:13:11.724004,2026-06-29T22:13:12.579663+00:00,67.3,4,ask,,,13361153
2026-06-30T08:13:11.724004,2026-06-29T22:13:12.579663+00:00,67.1,46,ask,,,13361154
2026-06-30T08:13:13.832745,2026-06-29T22:13:14.681956+00:00,67.3,5,ask,,,13361188
2026-06-30T08:13:13.832745,2026-06-29T22:13:14.681956+00:00,67.1,45,ask,,,13361189
2026-06-30T08:13:14.689813,2026-06-29T22:13:15.540992+00:00,67.1,100,ask,,,13361206
2026-06-30T08:13:15.022443,2026-06-29T22:13:15.878651+00:00,67.1,4,bid,,,13361209
2026-06-30T08:13:15.940915,2026-06-29T22:13:16.795461+00:00,66.6,50,ask,,,13361226
2026-06-30T08:13:16.509087,2026-06-29T22:13:17.361832+00:00,66.6,47,ask,,,13361237
2026-06-30T08:13:19.085624,2026-06-29T22:13:19.937232+00:00,67.2,49,bid,,,13361289
2026-06-30T08:13:20.102382,2026-06-29T22:13:20.948667+00:00,67.2,50,bid,,,13361309
2026-06-30T08:13:20.215556,2026-06-29T22:13:21.067452+00:00,67.2,48,bid,,,13361310
2026-06-30T08:13:20.844177,2026-06-29T22:13:21.698768+00:00,66.8,46,ask,,,13361322
2026-06-30T08:13:20.962903,2026-06-29T22:13:21.818583+00:00,67.3,100,bid,,,13361326
2026-06-30T08:13:21.309916,2026-06-29T22:13:22.157901+00:00,67.5,40,ask,,,13361332
2026-06-30T08:13:22.209352,2026-06-29T22:13:23.060004+00:00,68.0,50,bid,,,13361341
2026-06-30T08:13:22.282575,2026-06-29T22:13:23.137465+00:00,67.5,10,ask,,,13361346
2026-06-30T08:13:23.746843,2026-06-29T22:13:24.601966+00:00,67.5,41,bid,,,13361383
2026-06-30T08:13:24.331538,2026-06-29T22:13:25.190019+00:00,67.5,49,bid,,,13361404
2026-06-30T08:13:24.331538,2026-06-29T22:13:25.190019+00:00,67.6,1,bid,,,13361405
2026-06-30T08:13:24.901822,2026-06-29T22:13:25.756343+00:00,67.1,2,ask,,,13361412
2026-06-30T08:13:24.901822,2026-06-29T22:13:25.756343+00:00,67.1,41,ask,,,13361413
2026-06-30T08:13:25.450049,2026-06-29T22:13:26.299707+00:00,67.5,41,bid,,,13361435
2026-06-30T08:13:26.438486,2026-06-29T22:13:27.292932+00:00,67.5,50,bid,,,13361448
2026-06-30T08:13:27.711776,2026-06-29T22:13:28.568001+00:00,67.0,45,ask,,,13361472
2026-06-30T08:13:28.547328,2026-06-29T22:13:29.397566+00:00,67.2,100,bid,,,13361483
2026-06-30T08:13:28.566015,2026-06-29T22:13:29.418771+00:00,67.2,50,bid,,,13361485
2026-06-30T08:13:30.673087,2026-06-29T22:13:31.527405+00:00,67.5,5,bid,,,13361526
2026-06-30T08:13:30.673087,2026-06-29T22:13:31.527405+00:00,67.7,45,bid,,,13361527
2026-06-30T08:13:32.131786,2026-06-29T22:13:32.984205+00:00,67.4,40,ask,,,13361550
2026-06-30T08:13:33.092753,2026-06-29T22:13:33.943303+00:00,67.5,5,bid,,,13361570
2026-06-30T08:13:33.092753,2026-06-29T22:13:33.943303+00:00,67.6,39,bid,,,13361571
2026-06-30T08:13:34.571865,2026-06-29T22:13:35.424385+00:00,67.2,45,ask,,,13361600
2026-06-30T08:13:34.964880,2026-06-29T22:13:35.816094+00:00,67.2,50,ask,,,13361609
2026-06-30T08:13:36.837940,2026-06-29T22:13:37.694388+00:00,67.2,100,ask,,,13361646
2026-06-30T08:13:38.686801,2026-06-29T22:13:39.534077+00:00,67.1,40,bid,,,13361684
2026-06-30T08:13:39.122338,2026-06-29T22:13:39.970985+00:00,67.1,10,bid,,,13361694
2026-06-30T08:13:39.122338,2026-06-29T22:13:39.970985+00:00,67.1,40,bid,,,13361695
2026-06-30T08:13:39.206034,2026-06-29T22:13:40.059145+00:00,67.1,49,bid,,,13361696
2026-06-30T08:13:39.837423,2026-06-29T22:13:40.690933+00:00,67.1,11,bid,,,13361718
2026-06-30T08:13:43.364984,2026-06-29T22:13:44.212962+00:00,67.5,50,bid,,,13361774
2026-06-30T08:13:43.610258,2026-06-29T22:13:44.464164+00:00,67.3,41,ask,,,13361780
2026-06-30T08:13:45.525839,2026-06-29T22:13:46.380860+00:00,67.3,50,ask,,,13361807
2026-06-30T08:13:47.543937,2026-06-29T22:13:48.393091+00:00,67.3,49,ask,,,13361842
2026-06-30T08:13:47.580994,2026-06-29T22:13:48.436414+00:00,67.4,50,bid,,,13361843
2026-06-30T08:13:49.739546,2026-06-29T22:13:50.591080+00:00,67.3,50,ask,,,13361887
2026-06-30T08:13:50.630160,2026-06-29T22:13:51.485072+00:00,67.6,1,bid,,,13361908
2026-06-30T08:13:50.630160,2026-06-29T22:13:51.485072+00:00,67.7,41,bid,,,13361909
2026-06-30T08:13:52.598843,2026-06-29T22:13:53.447285+00:00,67.5,100,bid,,,13361951
2026-06-30T08:13:52.598843,2026-06-29T22:13:53.447285+00:00,67.5,5,bid,,,13361952
2026-06-30T08:13:53.052414,2026-06-29T22:13:53.902911+00:00,67.5,44,ask,,,13361961
2026-06-30T08:13:55.216470,2026-06-29T22:13:56.068346+00:00,67.5,1,ask,,,13361999
2026-06-30T08:13:55.816824,2026-06-29T22:13:56.720795+00:00,67.4,100,ask,,,13362007
2026-06-30T08:13:57.134323,2026-06-29T22:13:58.028678+00:00,67.2,4,bid,,,13362025
2026-06-30T08:13:58.163320,2026-06-29T22:13:59.017949+00:00,67.1,50,ask,,,13362054
2026-06-30T08:13:59.027316,2026-06-29T22:13:59.886358+00:00,67.6,2,bid,,,13362063
2026-06-30T08:13:59.027316,2026-06-29T22:13:59.886358+00:00,67.6,43,bid,,,13362064
2026-06-30T08:13:59.591863,2026-06-29T22:14:00.447684+00:00,67.6,44,bid,,,13362078
2026-06-30T08:14:00.270684,2026-06-29T22:14:01.118685+00:00,67.4,50,ask,,,13362091
2026-06-30T08:14:01.123697,2026-06-29T22:14:01.977561+00:00,67.4,46,ask,,,13362100
2026-06-30T08:14:02.326829,2026-06-29T22:14:03.178923+00:00,67.6,3,bid,,,13362115
2026-06-30T08:14:02.326829,2026-06-29T22:14:03.178923+00:00,67.7,47,bid,,,13362116
2026-06-30T08:14:04.215991,2026-06-29T22:14:05.068268+00:00,67.6,1,bid,,,13362156
2026-06-30T08:14:04.215991,2026-06-29T22:14:05.068268+00:00,67.6,44,bid,,,13362157
2026-06-30T08:14:04.271315,2026-06-29T22:14:05.123131+00:00,67.2,3,ask,,,13362159
2026-06-30T08:14:04.271315,2026-06-29T22:14:05.123131+00:00,67.2,43,ask,,,13362160
2026-06-30T08:14:04.486789,2026-06-29T22:14:05.340155+00:00,67.2,50,ask,,,13362167
2026-06-30T08:14:05.309126,2026-06-29T22:14:06.157379+00:00,67.3,5,ask,,,13362190
2026-06-30T08:14:06.008185,2026-06-29T22:14:06.860148+00:00,67.2,5,bid,,,13362202
2026-06-30T08:14:06.268388,2026-06-29T22:14:07.122938+00:00,67.2,5,bid,,,13362211
2026-06-30T08:14:06.541934,2026-06-29T22:14:07.389749+00:00,67.2,50,bid,,,13362218
2026-06-30T08:14:07.274235,2026-06-29T22:14:08.125190+00:00,67.2,5,bid,,,13362241
2026-06-30T08:14:07.367580,2026-06-29T22:14:08.222247+00:00,67.2,5,bid,,,13362245
2026-06-30T08:14:08.648731,2026-06-29T22:14:09.497345+00:00,67.5,50,bid,,,13362272
2026-06-30T08:14:10.755307,2026-06-29T22:14:11.607617+00:00,67.7,50,bid,,,13362300
2026-06-30T08:14:12.912721,2026-06-29T22:14:13.767277+00:00,67.3,5,ask,,,13362342
2026-06-30T08:14:12.912721,2026-06-29T22:14:13.767277+00:00,67.2,45,ask,,,13362343
2026-06-30T08:14:13.110701,2026-06-29T22:14:13.963176+00:00,67.2,44,ask,,,13362346
2026-06-30T08:14:17.070685,2026-06-29T22:14:17.917518+00:00,67.3,50,bid,,,13362429
2026-06-30T08:14:19.180090,2026-06-29T22:14:20.037834+00:00,67.7,50,bid,,,13362473
2026-06-30T08:14:19.604619,2026-06-29T22:14:20.459752+00:00,67.7,40,bid,,,13362479
2026-06-30T08:14:23.391046,2026-06-29T22:14:24.237145+00:00,67.7,50,bid,,,13362550
2026-06-30T08:14:24.234245,2026-06-29T22:14:25.082516+00:00,67.7,50,bid,,,13362561
2026-06-30T08:14:25.498987,2026-06-29T22:14:26.346202+00:00,68.2,50,bid,,,13362581
2026-06-30T08:14:25.814373,2026-06-29T22:14:26.662828+00:00,67.7,42,ask,,,13362588
2026-06-30T08:14:26.412475,2026-06-29T22:14:27.271992+00:00,67.7,45,ask,,,13362599
2026-06-30T08:14:29.249944,2026-06-29T22:14:30.098786+00:00,67.7,47,bid,,,13362660
2026-06-30T08:14:29.759413,2026-06-29T22:14:30.611158+00:00,67.5,50,ask,,,13362667
2026-06-30T08:14:31.124900,2026-06-29T22:14:32.003013+00:00,67.7,3,bid,,,13362692
2026-06-30T08:14:31.124900,2026-06-29T22:14:32.003013+00:00,67.9,41,bid,,,13362693
2026-06-30T08:14:33.084780,2026-06-29T22:14:33.998311+00:00,67.7,49,bid,,,13362742
2026-06-30T08:14:33.977228,2026-06-29T22:14:34.826301+00:00,67.4,2,ask,,,13362762
2026-06-30T08:14:33.977228,2026-06-29T22:14:34.826301+00:00,67.4,48,ask,,,13362763
2026-06-30T08:14:36.037927,2026-06-29T22:14:36.887708+00:00,67.7,2,bid,,,13362810
2026-06-30T08:14:36.037927,2026-06-29T22:14:36.887708+00:00,67.9,48,bid,,,13362811
2026-06-30T08:14:37.661463,2026-06-29T22:14:38.511029+00:00,67.5,49,ask,,,13362832
2026-06-30T08:14:38.198574,2026-06-29T22:14:39.046085+00:00,67.5,50,ask,,,13362847
2026-06-30T08:14:39.553133,2026-06-29T22:14:40.730758+00:00,67.5,44,ask,,,13362883
2026-06-30T08:14:42.431612,2026-06-29T22:14:43.278230+00:00,67.2,50,ask,,,13362936
2026-06-30T08:14:42.760575,2026-06-29T22:14:43.898702+00:00,67.6,47,bid,,,13362945
2026-06-30T08:14:44.570227,2026-06-29T22:14:45.424209+00:00,67.4,50,ask,,,13362970
2026-06-30T08:14:45.361687,2026-06-29T22:14:46.208561+00:00,67.4,44,ask,,,13362987
2026-06-30T08:14:46.676279,2026-06-29T22:14:47.527970+00:00,67.4,2,ask,,,13363014
2026-06-30T08:14:46.676279,2026-06-29T22:14:47.527970+00:00,67.2,48,ask,,,13363015
2026-06-30T08:14:50.285857,2026-06-29T22:14:51.137612+00:00,67.4,42,bid,,,13363088
2026-06-30T08:14:50.834473,2026-06-29T22:14:51.681235+00:00,67.4,50,bid,,,13363102
2026-06-30T08:14:51.966673,2026-06-29T22:14:52.814069+00:00,66.9,46,ask,,,13363129
2026-06-30T08:14:53.516077,2026-06-29T22:14:54.368533+00:00,67.4,44,bid,,,13363169
2026-06-30T08:14:55.048206,2026-06-29T22:14:55.900836+00:00,67.6,50,bid,,,13363199
2026-06-30T08:14:55.817817,2026-06-29T22:14:56.673107+00:00,67.5,5,bid,,,13363223
2026-06-30T08:14:55.817817,2026-06-29T22:14:56.673107+00:00,67.6,37,bid,,,13363224
2026-06-30T08:14:55.872584,2026-06-29T22:14:56.727462+00:00,67.4,46,ask,,,13363226
2026-06-30T08:14:57.155170,2026-06-29T22:14:58.005038+00:00,67.9,50,bid,,,13363248
2026-06-30T08:14:57.565643,2026-06-29T22:14:58.418705+00:00,67.4,47,ask,,,13363261
2026-06-30T08:14:58.730838,2026-06-29T22:14:59.584982+00:00,67.6,5,bid,,,13363279
2026-06-30T08:14:58.730838,2026-06-29T22:14:59.584982+00:00,67.7,43,bid,,,13363280
2026-06-30T08:14:58.786479,2026-06-29T22:14:59.637843+00:00,67.4,48,ask,,,13363281
2026-06-30T08:14:59.265313,2026-06-29T22:15:00.117626+00:00,67.4,50,bid,,,13363289
2026-06-30T08:15:01.371103,2026-06-29T22:15:02.220081+00:00,67.4,50,bid,,,13363324
2026-06-30T08:15:03.478271,2026-06-29T22:15:04.326562+00:00,67.6,2,bid,,,13363367
2026-06-30T08:15:03.478271,2026-06-29T22:15:04.326562+00:00,67.8,48,bid,,,13363368
2026-06-30T08:15:04.971979,2026-06-29T22:15:05.822051+00:00,67.8,45,bid,,,13363398
2026-06-30T08:15:05.585935,2026-06-29T22:15:06.440771+00:00,67.8,50,bid,,,13363408
2026-06-30T08:15:07.726338,2026-06-29T22:15:08.581147+00:00,67.9,50,bid,,,13363460
2026-06-30T08:15:09.832499,2026-06-29T22:15:10.680870+00:00,68.0,50,bid,,,13363508
2026-06-30T08:15:11.664848,2026-06-29T22:15:12.512141+00:00,67.8,4,bid,,,13363541
2026-06-30T08:15:11.772477,2026-06-29T22:15:12.621894+00:00,67.8,3,ask,,,13363543
2026-06-30T08:15:11.816067,2026-06-29T22:15:12.666165+00:00,67.8,3,ask,,,13363544
2026-06-30T08:15:11.857627,2026-06-29T22:15:12.709003+00:00,67.8,3,ask,,,13363545
2026-06-30T08:15:11.940985,2026-06-29T22:15:12.797096+00:00,67.8,3,ask,,,13363548
2026-06-30T08:15:11.957934,2026-06-29T22:15:12.807724+00:00,67.9,50,bid,,,13363550
2026-06-30T08:15:12.759707,2026-06-29T22:15:13.611093+00:00,67.8,47,ask,,,13363572
2026-06-30T08:15:14.205940,2026-06-29T22:15:15.060837+00:00,68.2,45,bid,,,13363595
2026-06-30T08:15:16.168212,2026-06-29T22:15:17.022123+00:00,68.2,50,bid,,,13363637
2026-06-30T08:15:18.137899,2026-06-29T22:15:18.991763+00:00,68.0,3,ask,,,13363673
2026-06-30T08:15:18.279983,2026-06-29T22:15:19.133158+00:00,68.4,50,bid,,,13363675
2026-06-30T08:15:18.966670,2026-06-29T22:15:19.818770+00:00,68.0,3,ask,,,13363683
2026-06-30T08:15:19.108082,2026-06-29T22:15:19.961103+00:00,68.0,3,ask,,,13363686
2026-06-30T08:15:19.295505,2026-06-29T22:15:20.146396+00:00,68.1,3,bid,,,13363692
2026-06-30T08:15:19.486613,2026-06-29T22:15:20.342223+00:00,68.1,3,ask,,,13363694
2026-06-30T08:15:19.499446,2026-06-29T22:15:20.353293+00:00,68.1,42,ask,,,13363695
2026-06-30T08:15:19.968364,2026-06-29T22:15:20.823954+00:00,68.1,2,ask,,,13363704
2026-06-30T08:15:20.125587,2026-06-29T22:15:20.976367+00:00,68.1,2,ask,,,13363705
2026-06-30T08:15:20.203438,2026-06-29T22:15:21.052874+00:00,68.1,2,ask,,,13363709
2026-06-30T08:15:20.278385,2026-06-29T22:15:21.128378+00:00,68.1,2,ask,,,13363710
2026-06-30T08:15:20.319875,2026-06-29T22:15:21.172222+00:00,68.1,1,ask,,,13363711
2026-06-30T08:15:20.372560,2026-06-29T22:15:21.227547+00:00,68.1,1,ask,,,13363716
2026-06-30T08:15:20.387784,2026-06-29T22:15:21.238173+00:00,68.4,50,bid,,,13363717
2026-06-30T08:15:20.489670,2026-06-29T22:15:21.337330+00:00,68.1,1,ask,,,13363721
2026-06-30T08:15:21.035303,2026-06-29T22:15:21.882103+00:00,68.1,1,ask,,,13363730
2026-06-30T08:15:21.843883,2026-06-29T22:15:22.690067+00:00,68.3,44,ask,,,13363748
2026-06-30T08:15:22.356859,2026-06-29T22:15:23.204010+00:00,68.3,49,ask,,,13363760
2026-06-30T08:15:22.544832,2026-06-29T22:15:23.398879+00:00,68.3,50,ask,,,13363765
2026-06-30T08:15:23.403343,2026-06-29T22:15:24.256548+00:00,68.5,40,bid,,,13363775
2026-06-30T08:15:24.600919,2026-06-29T22:15:25.452943+00:00,68.1,50,bid,,,13363797
2026-06-30T08:15:25.033264,2026-06-29T22:15:25.887923+00:00,68.1,44,bid,,,13363805
2026-06-30T08:15:25.569893,2026-06-29T22:15:26.424094+00:00,67.9,5,ask,,,13363817
2026-06-30T08:15:25.617706,2026-06-29T22:15:26.478500+00:00,68.1,56,bid,,,13363818
2026-06-30T08:15:26.759671,2026-06-29T22:15:27.608641+00:00,68.2,44,ask,,,13363839
2026-06-30T08:15:26.759671,2026-06-29T22:15:27.608641+00:00,68.0,5,ask,,,13363840
2026-06-30T08:15:27.642136,2026-06-29T22:15:28.491091+00:00,68.3,46,ask,,,13363854
2026-06-30T08:15:31.719038,2026-06-29T22:15:32.571144+00:00,68.4,49,bid,,,13363920
2026-06-30T08:15:33.024280,2026-06-29T22:15:33.879642+00:00,68.4,1,bid,,,13363938
2026-06-30T08:15:33.024280,2026-06-29T22:15:33.879642+00:00,68.6,49,bid,,,13363939
2026-06-30T08:15:35.130526,2026-06-29T22:15:35.984103+00:00,68.4,1,bid,,,13363980
2026-06-30T08:15:35.130526,2026-06-29T22:15:35.984103+00:00,68.6,49,bid,,,13363981
2026-06-30T08:15:35.445278,2026-06-29T22:15:36.298355+00:00,68.5,43,bid,,,13363990
2026-06-30T08:15:36.949816,2026-06-29T22:15:37.797380+00:00,68.5,57,bid,,,13364010
2026-06-30T08:15:37.181979,2026-06-29T22:15:38.037474+00:00,68.5,43,ask,,,13364013
2026-06-30T08:15:37.235885,2026-06-29T22:15:38.090886+00:00,69.0,50,bid,,,13364014
2026-06-30T08:15:38.168511,2026-06-29T22:15:39.017762+00:00,68.5,47,ask,,,13364033
2026-06-30T08:15:39.342802,2026-06-29T22:15:40.195268+00:00,68.7,50,bid,,,13364065
2026-06-30T08:15:41.449030,2026-06-29T22:15:42.296468+00:00,68.6,50,bid,,,13364099
2026-06-30T08:15:42.267412,2026-06-29T22:15:43.122946+00:00,68.6,49,bid,,,13364120
2026-06-30T08:15:43.556641,2026-06-29T22:15:44.406071+00:00,68.9,50,bid,,,13364139
2026-06-30T08:15:43.981583,2026-06-29T22:15:44.839031+00:00,68.7,2,ask,,,13364142
2026-06-30T08:15:44.223482,2026-06-29T22:15:45.078291+00:00,68.7,2,ask,,,13364150
2026-06-30T08:15:44.496434,2026-06-29T22:15:45.349169+00:00,68.7,2,ask,,,13364153
2026-06-30T08:15:44.526805,2026-06-29T22:15:45.382354+00:00,68.7,2,ask,,,13364154
2026-06-30T08:15:44.762959,2026-06-29T22:15:45.611926+00:00,68.7,2,ask,,,13364156
2026-06-30T08:15:44.905585,2026-06-29T22:15:45.753342+00:00,68.7,2,ask,,,13364158
2026-06-30T08:15:44.941026,2026-06-29T22:15:45.797590+00:00,68.7,1,ask,,,13364159
2026-06-30T08:15:44.993856,2026-06-29T22:15:45.840951+00:00,68.7,2,ask,,,13364161
2026-06-30T08:15:45.284079,2026-06-29T22:15:46.134586+00:00,68.7,42,ask,,,13364174
2026-06-30T08:15:47.404526,2026-06-29T22:15:48.256240+00:00,69.0,40,bid,,,13364209
2026-06-30T08:15:47.821430,2026-06-29T22:15:48.668521+00:00,68.7,50,ask,,,13364218
2026-06-30T08:15:49.707887,2026-06-29T22:15:50.561726+00:00,68.7,44,ask,,,13364259
2026-06-30T08:15:49.928870,2026-06-29T22:15:50.778185+00:00,68.7,6,ask,,,13364261
2026-06-30T08:15:49.928870,2026-06-29T22:15:50.788763+00:00,68.5,44,ask,,,13364262
2026-06-30T08:15:51.985722,2026-06-29T22:15:52.834414+00:00,69.0,50,bid,,,13364302
2026-06-30T08:15:54.095240,2026-06-29T22:15:54.944144+00:00,68.9,2,bid,,,13364340
2026-06-30T08:15:54.095240,2026-06-29T22:15:54.944144+00:00,69.0,48,bid,,,13364341
2026-06-30T08:15:54.926122,2026-06-29T22:15:55.778577+00:00,68.8,47,bid,,,13364359
2026-06-30T08:15:55.924615,2026-06-29T22:15:56.779933+00:00,68.8,53,bid,,,13364382
2026-06-30T08:15:56.257726,2026-06-29T22:15:57.107686+00:00,68.8,50,ask,,,13364395
2026-06-30T08:15:58.132767,2026-06-29T22:15:58.983198+00:00,68.8,47,ask,,,13364429
2026-06-30T08:15:58.364911,2026-06-29T22:15:59.221786+00:00,68.7,50,ask,,,13364434
2026-06-30T08:15:59.078686,2026-06-29T22:15:59.927487+00:00,68.9,1,bid,,,13364454
2026-06-30T08:15:59.078686,2026-06-29T22:15:59.927487+00:00,69.2,46,bid,,,13364455
2026-06-30T08:16:00.473825,2026-06-29T22:16:01.327237+00:00,68.6,1,ask,,,13364484
2026-06-30T08:16:00.473825,2026-06-29T22:16:01.327237+00:00,68.6,49,ask,,,13364485
2026-06-30T08:16:00.627476,2026-06-29T22:16:01.478269+00:00,68.6,44,ask,,,13364486
2026-06-30T08:16:02.173948,2026-06-29T22:16:03.022078+00:00,68.9,45,bid,,,13364531
2026-06-30T08:16:02.585326,2026-06-29T22:16:03.437199+00:00,68.6,7,ask,,,13364539
2026-06-30T08:16:02.585326,2026-06-29T22:16:03.437199+00:00,68.4,43,ask,,,13364540
2026-06-30T08:16:04.694654,2026-06-29T22:16:05.548930+00:00,68.4,50,ask,,,13364582
2026-06-30T08:16:05.006698,2026-06-29T22:16:05.854045+00:00,68.4,43,ask,,,13364593
2026-06-30T08:16:05.464973,2026-06-29T22:16:06.321136+00:00,68.3,100,ask,,,13364597
2026-06-30T08:16:06.030928,2026-06-29T22:16:06.877956+00:00,68.0,43,bid,,,13364617
2026-06-30T08:16:06.804674,2026-06-29T22:16:07.652235+00:00,67.9,50,ask,,,13364627
2026-06-30T08:16:07.499419,2026-06-29T22:16:08.347378+00:00,67.9,43,ask,,,13364648
2026-06-30T08:16:08.900498,2026-06-29T22:16:09.749901+00:00,68.4,48,bid,,,13364678
2026-06-30T08:16:08.913069,2026-06-29T22:16:09.760963+00:00,68.2,50,ask,,,13364679
2026-06-30T08:16:09.934621,2026-06-29T22:16:10.784098+00:00,68.2,100,ask,,,13364697
2026-06-30T08:16:11.042703,2026-06-29T22:16:11.892105+00:00,67.7,50,ask,,,13364716
2026-06-30T08:16:11.462814,2026-06-29T22:16:12.317408+00:00,67.7,48,ask,,,13364723
2026-06-30T08:16:13.148991,2026-06-29T22:16:13.999065+00:00,67.9,50,ask,,,13364760
2026-06-30T08:16:14.577776,2026-06-29T22:16:15.427535+00:00,68.2,43,bid,,,13364791
2026-06-30T08:16:15.257180,2026-06-29T22:16:16.113172+00:00,67.9,50,ask,,,13364804
2026-06-30T08:16:16.219948,2026-06-29T22:16:17.071859+00:00,67.8,45,ask,,,13364813
2026-06-30T08:16:16.783254,2026-06-29T22:16:17.637593+00:00,68.0,3,bid,,,13364820
2026-06-30T08:16:17.364480,2026-06-29T22:16:18.217613+00:00,67.8,50,ask,,,13364839
2026-06-30T08:16:19.478278,2026-06-29T22:16:20.326057+00:00,67.4,50,ask,,,13364884
2026-06-30T08:16:19.766503,2026-06-29T22:16:20.619019+00:00,67.9,42,bid,,,13364886
2026-06-30T08:16:21.585024,2026-06-29T22:16:22.436346+00:00,67.4,50,ask,,,13364923
2026-06-30T08:16:22.281832,2026-06-29T22:16:23.144157+00:00,67.8,5,bid,,,13364937
2026-06-30T08:16:22.442890,2026-06-29T22:16:23.297061+00:00,67.8,5,bid,,,13364941
2026-06-30T08:16:23.690108,2026-06-29T22:16:24.538798+00:00,67.4,50,ask,,,13364966
2026-06-30T08:16:23.882217,2026-06-29T22:16:24.736050+00:00,67.8,47,bid,,,13364970
2026-06-30T08:16:25.796032,2026-06-29T22:16:26.649059+00:00,67.5,50,ask,,,13365010
2026-06-30T08:16:25.912926,2026-06-29T22:16:26.769673+00:00,67.7,46,bid,,,13365011
2026-06-30T08:16:26.420288,2026-06-29T22:16:27.270114+00:00,67.7,3,bid,,,13365026
2026-06-30T08:16:26.539518,2026-06-29T22:16:27.389887+00:00,67.7,3,bid,,,13365027
2026-06-30T08:16:27.903630,2026-06-29T22:16:28.761283+00:00,67.4,50,ask,,,13365063
2026-06-30T08:16:30.010021,2026-06-29T22:16:30.860711+00:00,67.4,50,ask,,,13365096
2026-06-30T08:16:30.782822,2026-06-29T22:16:31.633068+00:00,67.7,4,ask,,,13365106
2026-06-30T08:16:32.024602,2026-06-29T22:16:32.875330+00:00,67.6,100,bid,,,13365126
2026-06-30T08:16:32.116666,2026-06-29T22:16:32.972997+00:00,67.1,50,ask,,,13365128
2026-06-30T08:16:32.153133,2026-06-29T22:16:33.005732+00:00,67.6,4,bid,,,13365129
2026-06-30T08:16:32.473773,2026-06-29T22:16:33.329998+00:00,67.6,4,bid,,,13365135
2026-06-30T08:16:33.139221,2026-06-29T22:16:33.993463+00:00,67.6,4,bid,,,13365146
2026-06-30T08:16:34.225888,2026-06-29T22:16:35.083281+00:00,67.2,50,ask,,,13365160
2026-06-30T08:16:34.375897,2026-06-29T22:16:35.224179+00:00,67.2,44,ask,,,13365162
2026-06-30T08:16:34.976117,2026-06-29T22:16:35.830946+00:00,67.7,40,bid,,,13365169
2026-06-30T08:16:35.032386,2026-06-29T22:16:35.886255+00:00,67.2,49,ask,,,13365170
2026-06-30T08:16:35.248810,2026-06-29T22:16:36.102847+00:00,67.6,3,ask,,,13365175
2026-06-30T08:16:35.309517,2026-06-29T22:16:36.157194+00:00,67.5,3,bid,,,13365178
2026-06-30T08:16:36.333965,2026-06-29T22:16:37.186094+00:00,67.2,7,ask,,,13365200
2026-06-30T08:16:36.333965,2026-06-29T22:16:37.186094+00:00,67.0,43,ask,,,13365201
2026-06-30T08:16:36.562641,2026-06-29T22:16:37.414165+00:00,67.5,1,bid,,,13365204
2026-06-30T08:16:36.597055,2026-06-29T22:16:37.447362+00:00,67.5,1,bid,,,13365205
2026-06-30T08:16:36.787235,2026-06-29T22:16:37.643197+00:00,67.5,1,bid,,,13365209
2026-06-30T08:16:36.832040,2026-06-29T22:16:37.687444+00:00,67.5,1,bid,,,13365210
2026-06-30T08:16:36.998706,2026-06-29T22:16:37.849086+00:00,67.5,47,bid,,,13365213
2026-06-30T08:16:37.797807,2026-06-29T22:16:38.654988+00:00,67.3,1,bid,,,13365229
2026-06-30T08:16:37.828825,2026-06-29T22:16:38.677113+00:00,67.3,1,bid,,,13365232
2026-06-30T08:16:39.010289,2026-06-29T22:16:39.866231+00:00,67.3,48,bid,,,13365252
2026-06-30T08:16:40.491869,2026-06-29T22:16:41.344040+00:00,67.3,50,bid,,,13365276
2026-06-30T08:16:41.637312,2026-06-29T22:16:42.488334+00:00,67.0,43,ask,,,13365290
2026-06-30T08:16:42.425117,2026-06-29T22:16:43.281802+00:00,67.3,1,bid,,,13365307
2026-06-30T08:16:42.597908,2026-06-29T22:16:43.445229+00:00,67.3,50,bid,,,13365313
2026-06-30T08:16:43.539391,2026-06-29T22:16:44.391840+00:00,67.4,46,ask,,,13365334
2026-06-30T08:16:44.172377,2026-06-29T22:16:45.022218+00:00,67.5,48,bid,,,13365340
2026-06-30T08:16:44.704248,2026-06-29T22:16:45.557466+00:00,67.7,6,bid,,,13365349
2026-06-30T08:16:44.704248,2026-06-29T22:16:45.557466+00:00,67.9,44,bid,,,13365350
2026-06-30T08:16:46.819807,2026-06-29T22:16:47.677409+00:00,67.6,2,bid,,,13365377
2026-06-30T08:16:46.819807,2026-06-29T22:16:47.677409+00:00,67.6,48,bid,,,13365378
2026-06-30T08:16:47.264358,2026-06-29T22:16:48.112866+00:00,67.4,46,ask,,,13365395
2026-06-30T08:16:48.899493,2026-06-29T22:16:49.756057+00:00,67.7,49,bid,,,13365428
2026-06-30T08:16:48.929431,2026-06-29T22:16:49.777188+00:00,67.7,50,bid,,,13365429
2026-06-30T08:16:48.952836,2026-06-29T22:16:49.808916+00:00,67.4,46,ask,,,13365432
2026-06-30T08:16:51.087358,2026-06-29T22:16:51.942189+00:00,67.3,1,ask,,,13365459
2026-06-30T08:16:51.087358,2026-06-29T22:16:51.942189+00:00,67.3,49,ask,,,13365460
2026-06-30T08:16:53.197633,2026-06-29T22:16:54.054994+00:00,67.3,50,ask,,,13365511
2026-06-30T08:16:53.355721,2026-06-29T22:16:54.207472+00:00,67.3,1,ask,,,13365513
2026-06-30T08:16:53.889681,2026-06-29T22:16:54.740173+00:00,67.4,40,bid,,,13365519
2026-06-30T08:16:55.253182,2026-06-29T22:16:56.100043+00:00,67.4,50,bid,,,13365548
2026-06-30T08:16:57.360385,2026-06-29T22:16:58.211982+00:00,67.7,50,bid,,,13365584
2026-06-30T08:16:57.774660,2026-06-29T22:16:58.626204+00:00,67.3,5,ask,,,13365591
2026-06-30T08:16:57.774660,2026-06-29T22:16:58.626204+00:00,67.2,35,ask,,,13365592
2026-06-30T08:16:58.253273,2026-06-29T22:16:59.104974+00:00,67.5,45,bid,,,13365596
2026-06-30T08:16:58.896656,2026-06-29T22:16:59.756422+00:00,67.3,4,ask,,,13365609
2026-06-30T08:16:58.896656,2026-06-29T22:16:59.756422+00:00,67.2,44,ask,,,13365610
2026-06-30T08:16:59.467176,2026-06-29T22:17:00.322098+00:00,67.5,50,bid,,,13365626
2026-06-30T08:17:00.039934,2026-06-29T22:17:00.887885+00:00,67.5,5,bid,,,13365633
2026-06-30T08:17:00.039934,2026-06-29T22:17:00.887885+00:00,67.6,1,bid,,,13365634
2026-06-30T08:17:00.039934,2026-06-29T22:17:00.898465+00:00,67.7,42,bid,,,13365635
2026-06-30T08:17:05.835500,2026-06-29T22:17:06.688373+00:00,67.4,50,ask,,,13365733
2026-06-30T08:17:07.282884,2026-06-29T22:17:08.134291+00:00,67.4,44,ask,,,13365772
2026-06-30T08:17:07.910417,2026-06-29T22:17:08.764052+00:00,67.4,47,ask,,,13365787
2026-06-30T08:17:07.943018,2026-06-29T22:17:08.797259+00:00,67.4,50,ask,,,13365791
2026-06-30T08:17:08.756109,2026-06-29T22:17:09.608264+00:00,67.3,1,ask,,,13365805
2026-06-30T08:17:08.795907,2026-06-29T22:17:09.652038+00:00,67.2,3,bid,,,13365806
2026-06-30T08:17:10.048622,2026-06-29T22:17:10.895475+00:00,67.1,50,ask,,,13365830
2026-06-30T08:17:11.918210,2026-06-29T22:17:12.768420+00:00,67.1,50,ask,,,13365857
2026-06-30T08:17:12.164453,2026-06-29T22:17:13.017585+00:00,66.6,50,ask,,,13365861
2026-06-30T08:17:14.271300,2026-06-29T22:17:15.121121+00:00,66.9,50,ask,,,13365903
2026-06-30T08:17:16.399202,2026-06-29T22:17:17.246140+00:00,66.9,50,ask,,,13365950
2026-06-30T08:17:16.561719,2026-06-29T22:17:17.408742+00:00,67.4,5,bid,,,13365954
2026-06-30T08:17:16.561719,2026-06-29T22:17:17.419823+00:00,67.4,37,bid,,,13365955
2026-06-30T08:17:18.505669,2026-06-29T22:17:19.359024+00:00,66.9,50,ask,,,13365992
2026-06-30T08:17:19.368430,2026-06-29T22:17:20.228100+00:00,67.3,47,bid,,,13366010
2026-06-30T08:17:19.918103,2026-06-29T22:17:20.773318+00:00,67.1,48,bid,,,13366028
