timestamp,recv_time,price,volume,aggressor_side,buyer,seller,trade_id
2026-07-08T20:00:00.542586,2026-07-08T20:00:00.541823+00:00,151.5,50,bid,FlawlessFlatbreads,EarnestEspressos,12637608
2026-07-08T20:00:02.208969,2026-07-08T20:00:02.219535+00:00,151.3,47,bid,CostlyCorianders,DiligentDonuts,12637629
2026-07-08T20:00:02.649332,2026-07-08T20:00:02.658572+00:00,151.3,50,bid,FlawlessFlatbreads,DiligentDonuts,12637636
2026-07-08T20:00:03.900068,2026-07-08T20:00:03.906893+00:00,151.3,3,bid,CostlyCorianders,DiligentDonuts,12637650
2026-07-08T20:00:04.759687,2026-07-08T20:00:04.772169+00:00,151.4,50,bid,FlawlessFlatbreads,DiligentDonuts,12637660
2026-07-08T20:00:04.975625,2026-07-08T20:00:04.987154+00:00,151.4,48,bid,CostlyCorianders,DiligentDonuts,12637664
2026-07-08T20:00:05.514868,2026-07-08T20:00:05.526710+00:00,150.9,43,ask,DiligentDonuts,CostlyCorianders,12637668
2026-07-08T20:00:09.027056,2026-07-08T20:00:09.038661+00:00,150.8,50,ask,DiligentDonuts,FlawlessFlatbreads,12637722
2026-07-08T20:00:09.433089,2026-07-08T20:00:09.444611+00:00,151.3,40,bid,CostlyCorianders,DiligentDonuts,12637726
2026-07-08T20:00:11.148513,2026-07-08T20:00:11.163666+00:00,151.0,50,ask,DiligentDonuts,FlawlessFlatbreads,12637748
2026-07-08T20:00:12.988389,2026-07-08T20:00:12.996139+00:00,151.0,44,ask,DiligentDonuts,CostlyCorianders,12637771
2026-07-08T20:00:13.255339,2026-07-08T20:00:13.267153+00:00,151.0,6,ask,DiligentDonuts,FlawlessFlatbreads,12637782
2026-07-08T20:00:13.255339,2026-07-08T20:00:13.267153+00:00,150.9,44,ask,EarnestEspressos,FlawlessFlatbreads,12637783
2026-07-08T20:00:14.536269,2026-07-08T20:00:14.547935+00:00,151.1,47,bid,CostlyCorianders,DiligentDonuts,12637799
2026-07-08T20:00:15.313434,2026-07-08T20:00:15.320117+00:00,151.1,50,bid,FlawlessFlatbreads,DiligentDonuts,12637808
2026-07-08T20:00:15.567551,2026-07-08T20:00:15.574850+00:00,150.8,48,ask,EarnestEspressos,CostlyCorianders,12637815
2026-07-08T20:00:17.844797,2026-07-08T20:00:17.858587+00:00,151.2,100,ask,DiligentDonuts,EarnestEspressos,12637837
2026-07-08T20:00:19.241791,2026-07-08T20:00:19.253664+00:00,151.2,48,bid,CostlyCorianders,EarnestEspressos,12637861
2026-07-08T20:00:19.297618,2026-07-08T20:00:19.305333+00:00,150.7,46,ask,EarnestEspressos,CostlyCorianders,12637862
2026-07-08T20:00:19.602832,2026-07-08T20:00:19.615915+00:00,150.7,50,ask,EarnestEspressos,FlawlessFlatbreads,12637866
2026-07-08T20:00:19.791256,2026-07-08T20:00:19.801390+00:00,150.7,41,ask,EarnestEspressos,CostlyCorianders,12637870
2026-07-08T20:00:20.287601,2026-07-08T20:00:20.299382+00:00,151.0,48,bid,CostlyCorianders,DiligentDonuts,12637885
2026-07-08T20:00:21.695379,2026-07-08T20:00:21.706880+00:00,150.9,42,bid,CostlyCorianders,EarnestEspressos,12637897
2026-07-08T20:00:23.820301,2026-07-08T20:00:23.833002+00:00,150.8,50,ask,DiligentDonuts,FlawlessFlatbreads,12637925
2026-07-08T20:00:25.927146,2026-07-08T20:00:25.938782+00:00,150.8,50,ask,DiligentDonuts,FlawlessFlatbreads,12637944
2026-07-08T20:00:28.064580,2026-07-08T20:00:28.074635+00:00,150.8,50,ask,EarnestEspressos,FlawlessFlatbreads,12637981
2026-07-08T20:00:30.170433,2026-07-08T20:00:30.181996+00:00,150.8,50,ask,EarnestEspressos,FlawlessFlatbreads,12638004
2026-07-08T20:00:31.471917,2026-07-08T20:00:31.483432+00:00,150.5,44,ask,DiligentDonuts,CostlyCorianders,12638024
2026-07-08T20:00:32.280299,2026-07-08T20:00:32.291038+00:00,150.5,50,ask,DiligentDonuts,FlawlessFlatbreads,12638036
2026-07-08T20:00:32.870949,2026-07-08T20:00:32.880320+00:00,150.6,3,bid,Xuanyu Liu,DiligentDonuts,12638042
2026-07-08T20:00:34.386841,2026-07-08T20:00:34.398441+00:00,150.2,50,ask,EarnestEspressos,FlawlessFlatbreads,12638065
2026-07-08T20:00:34.798074,2026-07-08T20:00:34.807446+00:00,150.6,11,bid,Xuanyu Liu,DiligentDonuts,12638071
2026-07-08T20:00:36.444006,2026-07-08T20:00:36.455759+00:00,150.5,50,bid,FlawlessFlatbreads,DiligentDonuts,12638093
2026-07-08T20:00:38.118447,2026-07-08T20:00:38.127147+00:00,150.4,12,bid,Xuanyu Liu,EarnestEspressos,12638112
2026-07-08T20:00:38.548926,2026-07-08T20:00:38.555374+00:00,150.4,50,bid,FlawlessFlatbreads,EarnestEspressos,12638119
2026-07-08T20:00:39.520635,2026-07-08T20:00:39.530973+00:00,150.4,49,bid,CostlyCorianders,EarnestEspressos,12638130
2026-07-08T20:00:39.648057,2026-07-08T20:00:39.656539+00:00,150.4,11,bid,Xuanyu Liu,EarnestEspressos,12638133
2026-07-08T20:00:40.658406,2026-07-08T20:00:40.669883+00:00,150.8,50,bid,FlawlessFlatbreads,DiligentDonuts,12638151
2026-07-08T20:00:40.772679,2026-07-08T20:00:40.790519+00:00,150.5,11,ask,EarnestEspressos,Xuanyu Liu,12638153
2026-07-08T20:00:42.767545,2026-07-08T20:00:42.776833+00:00,151.0,50,bid,FlawlessFlatbreads,EarnestEspressos,12638188
2026-07-08T20:00:43.281536,2026-07-08T20:00:43.290717+00:00,150.7,12,ask,EarnestEspressos,Xuanyu Liu,12638194
2026-07-08T20:00:44.027211,2026-07-08T20:00:43.975793+00:00,150.7,44,ask,EarnestEspressos,CostlyCorianders,12638209
2026-07-08T20:00:44.874812,2026-07-08T20:00:44.886375+00:00,151.0,50,bid,FlawlessFlatbreads,DiligentDonuts,12638226
2026-07-08T20:00:45.127416,2026-07-08T20:00:45.138965+00:00,151.0,40,bid,CostlyCorianders,DiligentDonuts,12638229
2026-07-08T20:00:45.993834,2026-07-08T20:00:46.004037+00:00,151.0,11,ask,DiligentDonuts,Xuanyu Liu,12638243
2026-07-08T20:00:46.986002,2026-07-08T20:00:46.994722+00:00,151.1,50,bid,FlawlessFlatbreads,EarnestEspressos,12638255
2026-07-08T20:00:47.305794,2026-07-08T20:00:47.316168+00:00,151.0,3,ask,DiligentDonuts,Xuanyu Liu,12638258
2026-07-08T20:00:49.092330,2026-07-08T20:00:49.103888+00:00,151.1,50,bid,FlawlessFlatbreads,EarnestEspressos,12638279
2026-07-08T20:00:51.250850,2026-07-08T20:00:51.250503+00:00,150.9,50,ask,EarnestEspressos,FlawlessFlatbreads,12638302
2026-07-08T20:00:53.291979,2026-07-08T20:00:53.303934+00:00,150.8,42,ask,DiligentDonuts,CostlyCorianders,12638332
2026-07-08T20:00:53.355590,2026-07-08T20:00:53.367251+00:00,150.8,50,ask,DiligentDonuts,FlawlessFlatbreads,12638333
2026-07-08T20:00:53.871400,2026-07-08T20:00:53.882904+00:00,151.2,46,bid,CostlyCorianders,EarnestEspressos,12638341
2026-07-08T20:00:55.464376,2026-07-08T20:00:55.475896+00:00,150.7,50,ask,EarnestEspressos,FlawlessFlatbreads,12638370
2026-07-08T20:00:56.478440,2026-07-08T20:00:56.490100+00:00,150.6,43,ask,EarnestEspressos,CostlyCorianders,12638379
2026-07-08T20:00:57.570863,2026-07-08T20:00:57.580004+00:00,150.6,50,ask,EarnestEspressos,FlawlessFlatbreads,12638394
2026-07-08T20:00:59.803059,2026-07-08T20:00:59.812740+00:00,150.5,49,ask,DiligentDonuts,CostlyCorianders,12638428
2026-07-08T20:01:01.708143,2026-07-08T20:01:01.717398+00:00,150.8,3,bid,Xuanyu Liu,EarnestEspressos,12638443
2026-07-08T20:01:01.782397,2026-07-08T20:01:01.794032+00:00,150.3,50,ask,EarnestEspressos,FlawlessFlatbreads,12638445
2026-07-08T20:01:01.974254,2026-07-08T20:01:01.984883+00:00,150.8,44,bid,CostlyCorianders,EarnestEspressos,12638448
2026-07-08T20:01:03.080572,2026-07-08T20:01:03.092134+00:00,150.7,49,bid,CostlyCorianders,EarnestEspressos,12638466
2026-07-08T20:01:03.889772,2026-07-08T20:01:03.901750+00:00,150.3,50,ask,DiligentDonuts,FlawlessFlatbreads,12638475
2026-07-08T20:01:05.998131,2026-07-08T20:01:06.010092+00:00,150.1,50,ask,EarnestEspressos,FlawlessFlatbreads,12638500
2026-07-08T20:01:06.592283,2026-07-08T20:01:06.603692+00:00,150.4,40,bid,CostlyCorianders,DiligentDonuts,12638510
2026-07-08T20:01:07.158275,2026-07-08T20:01:07.169921+00:00,150.1,43,ask,EarnestEspressos,CostlyCorianders,12638516
2026-07-08T20:01:08.108392,2026-07-08T20:01:08.116050+00:00,150.1,50,ask,EarnestEspressos,FlawlessFlatbreads,12638533
2026-07-08T20:01:08.501581,2026-07-08T20:01:08.514677+00:00,150.1,34,bid,Xuanyu Liu,EarnestEspressos,12638535
2026-07-08T20:01:08.672367,2026-07-08T20:01:08.679507+00:00,149.9,45,ask,DiligentDonuts,CostlyCorianders,12638539
2026-07-08T20:01:10.213493,2026-07-08T20:01:10.225024+00:00,149.9,50,ask,DiligentDonuts,FlawlessFlatbreads,12638562
2026-07-08T20:01:12.321378,2026-07-08T20:01:12.333164+00:00,149.7,50,ask,EarnestEspressos,FlawlessFlatbreads,12638589
2026-07-08T20:01:14.429011,2026-07-08T20:01:14.436839+00:00,149.7,50,ask,EarnestEspressos,FlawlessFlatbreads,12638615
2026-07-08T20:01:14.497937,2026-07-08T20:01:14.509491+00:00,149.8,43,bid,CostlyCorianders,DiligentDonuts,12638616
2026-07-08T20:01:14.846316,2026-07-08T20:01:14.854601+00:00,149.5,34,bid,Xuanyu Liu,EarnestEspressos,12638627
2026-07-08T20:01:16.498607,2026-07-08T20:01:16.510086+00:00,149.5,50,bid,FlawlessFlatbreads,EarnestEspressos,12638651
2026-07-08T20:01:16.596180,2026-07-08T20:01:16.607585+00:00,149.5,45,bid,CostlyCorianders,EarnestEspressos,12638655
2026-07-08T20:01:17.104795,2026-07-08T20:01:17.121415+00:00,149.5,21,bid,DiligentDonuts,EarnestEspressos,12638664
2026-07-08T20:01:17.181702,2026-07-08T20:01:17.190416+00:00,149.5,45,ask,DiligentDonuts,CostlyCorianders,12638667
2026-07-08T20:01:17.706518,2026-07-08T20:01:17.717115+00:00,149.5,11,ask,DiligentDonuts,Xuanyu Liu,12638673
2026-07-08T20:01:18.193996,2026-07-08T20:01:18.203264+00:00,149.9,49,bid,CostlyCorianders,EarnestEspressos,12638680
2026-07-08T20:01:20.140746,2026-07-08T20:01:20.152121+00:00,149.5,23,ask,DiligentDonuts,Xuanyu Liu,12638718
2026-07-08T20:01:20.322171,2026-07-08T20:01:20.333915+00:00,149.4,100,ask,EarnestEspressos,DiligentDonuts,12638723
2026-07-08T20:01:20.707403,2026-07-08T20:01:20.718929+00:00,149.9,50,bid,FlawlessFlatbreads,EarnestEspressos,12638733
2026-07-08T20:01:21.951899,2026-07-08T20:01:21.958592+00:00,149.3,41,ask,EarnestEspressos,CostlyCorianders,12638751
2026-07-08T20:01:22.467161,2026-07-08T20:01:22.478987+00:00,149.3,48,ask,EarnestEspressos,CostlyCorianders,12638763
2026-07-08T20:01:22.814222,2026-07-08T20:01:22.825697+00:00,149.7,50,bid,FlawlessFlatbreads,EarnestEspressos,12638767
2026-07-08T20:01:24.148079,2026-07-08T20:01:24.163695+00:00,149.5,49,bid,CostlyCorianders,DiligentDonuts,12638789
2026-07-08T20:01:24.202748,2026-07-08T20:01:24.214264+00:00,149.3,42,ask,EarnestEspressos,CostlyCorianders,12638790
2026-07-08T20:01:24.924716,2026-07-08T20:01:24.932897+00:00,149.1,50,bid,FlawlessFlatbreads,EarnestEspressos,12638798
2026-07-08T20:01:25.347608,2026-07-08T20:01:25.356626+00:00,149.1,23,bid,Xuanyu Liu,EarnestEspressos,12638808
2026-07-08T20:01:26.595192,2026-07-08T20:01:26.606893+00:00,149.1,77,bid,DiligentDonuts,EarnestEspressos,12638835
2026-07-08T20:01:27.049020,2026-07-08T20:01:27.058594+00:00,149.7,50,bid,FlawlessFlatbreads,DiligentDonuts,12638838
2026-07-08T20:01:27.331761,2026-07-08T20:01:27.343301+00:00,149.7,41,bid,CostlyCorianders,DiligentDonuts,12638843
2026-07-08T20:01:27.406801,2026-07-08T20:01:27.415092+00:00,149.2,23,ask,DiligentDonuts,CostlyCorianders,12638844
2026-07-08T20:01:27.433125,2026-07-08T20:01:27.442529+00:00,149.3,11,ask,EarnestEspressos,Xuanyu Liu,12638845
2026-07-08T20:01:28.116886,2026-07-08T20:01:28.126215+00:00,149.3,12,ask,EarnestEspressos,Xuanyu Liu,12638857
2026-07-08T20:01:29.967538,2026-07-08T20:01:29.979290+00:00,149.3,42,ask,EarnestEspressos,CostlyCorianders,12638879
2026-07-08T20:01:31.072479,2026-07-08T20:01:31.079255+00:00,149.5,43,bid,CostlyCorianders,DiligentDonuts,12638892
2026-07-08T20:01:31.321118,2026-07-08T20:01:31.332746+00:00,149.1,50,ask,EarnestEspressos,FlawlessFlatbreads,12638894
2026-07-08T20:01:31.605931,2026-07-08T20:01:31.617562+00:00,149.5,43,bid,CostlyCorianders,DiligentDonuts,12638897
2026-07-08T20:01:33.232760,2026-07-08T20:01:33.244271+00:00,149.4,40,ask,DiligentDonuts,CostlyCorianders,12638913
2026-07-08T20:01:33.804419,2026-07-08T20:01:33.815991+00:00,149.4,60,ask,DiligentDonuts,EarnestEspressos,12638917
2026-07-08T20:01:37.611419,2026-07-08T20:01:37.623165+00:00,149.4,50,bid,FlawlessFlatbreads,DiligentDonuts,12638960
2026-07-08T20:01:39.318266,2026-07-08T20:01:39.328729+00:00,149.5,48,bid,CostlyCorianders,EarnestEspressos,12638979
2026-07-08T20:01:39.720333,2026-07-08T20:01:39.731627+00:00,149.5,50,bid,FlawlessFlatbreads,EarnestEspressos,12638994
2026-07-08T20:01:40.084920,2026-07-08T20:01:40.120149+00:00,149.3,11,ask,EarnestEspressos,Xuanyu Liu,12638997
2026-07-08T20:01:41.827382,2026-07-08T20:01:41.838984+00:00,149.7,50,bid,FlawlessFlatbreads,DiligentDonuts,12639020
2026-07-08T20:01:41.893282,2026-07-08T20:01:41.904987+00:00,149.3,46,ask,EarnestEspressos,CostlyCorianders,12639021
2026-07-08T20:01:43.912653,2026-07-08T20:01:43.968715+00:00,149.3,43,ask,DiligentDonuts,CostlyCorianders,12639051
2026-07-08T20:01:43.936629,2026-07-08T20:01:43.968715+00:00,149.8,50,bid,FlawlessFlatbreads,DiligentDonuts,12639053
2026-07-08T20:01:45.015393,2026-07-08T20:01:45.023773+00:00,149.8,45,bid,CostlyCorianders,DiligentDonuts,12639061
2026-07-08T20:01:45.677357,2026-07-08T20:01:45.689189+00:00,149.3,49,ask,EarnestEspressos,CostlyCorianders,12639068
2026-07-08T20:01:46.095065,2026-07-08T20:01:46.106973+00:00,149.3,50,ask,EarnestEspressos,FlawlessFlatbreads,12639077
2026-07-08T20:01:46.452761,2026-07-08T20:01:46.464514+00:00,149.3,100,ask,DiligentDonuts,EarnestEspressos,12639086
2026-07-08T20:01:48.151327,2026-07-08T20:01:48.158585+00:00,149.3,50,bid,FlawlessFlatbreads,EarnestEspressos,12639104
2026-07-08T20:01:50.323791,2026-07-08T20:01:50.335326+00:00,149.3,50,ask,EarnestEspressos,FlawlessFlatbreads,12639131
2026-07-08T20:01:50.563080,2026-07-08T20:01:50.574656+00:00,149.7,40,bid,CostlyCorianders,DiligentDonuts,12639140
2026-07-08T20:01:52.379941,2026-07-08T20:01:52.391640+00:00,149.8,50,bid,FlawlessFlatbreads,EarnestEspressos,12639164
2026-07-08T20:01:53.514477,2026-07-08T20:01:53.523759+00:00,149.7,12,ask,EarnestEspressos,Xuanyu Liu,12639181
2026-07-08T20:01:53.553701,2026-07-08T20:01:53.560699+00:00,149.7,40,ask,EarnestEspressos,CostlyCorianders,12639183
2026-07-08T20:01:54.134137,2026-07-08T20:01:54.145686+00:00,149.7,49,ask,EarnestEspressos,FlawlessFlatbreads,12639191
2026-07-08T20:01:54.538570,2026-07-08T20:01:54.547706+00:00,149.7,49,ask,EarnestEspressos,CostlyCorianders,12639195
2026-07-08T20:01:54.538570,2026-07-08T20:01:54.547706+00:00,149.5,1,ask,DiligentDonuts,FlawlessFlatbreads,12639196
2026-07-08T20:01:54.635040,2026-07-08T20:01:54.642131+00:00,150.0,40,bid,CostlyCorianders,DiligentDonuts,12639199
2026-07-08T20:01:55.707363,2026-07-08T20:01:55.719257+00:00,150.0,49,bid,CostlyCorianders,DiligentDonuts,12639215
2026-07-08T20:01:55.938186,2026-07-08T20:01:55.946131+00:00,149.5,100,ask,DiligentDonuts,EarnestEspressos,12639224
2026-07-08T20:01:55.952537,2026-07-08T20:01:55.962553+00:00,149.5,12,bid,Xuanyu Liu,EarnestEspressos,12639225
2026-07-08T20:01:56.469543,2026-07-08T20:01:56.478867+00:00,149.5,23,bid,Xuanyu Liu,EarnestEspressos,12639234
2026-07-08T20:01:56.646960,2026-07-08T20:01:56.658572+00:00,149.0,50,ask,EarnestEspressos,FlawlessFlatbreads,12639237
2026-07-08T20:01:57.072582,2026-07-08T20:01:57.082066+00:00,149.5,15,bid,Xuanyu Liu,EarnestEspressos,12639241
2026-07-08T20:01:58.291518,2026-07-08T20:01:58.299770+00:00,150.1,38,ask,DiligentDonuts,Xuanyu Liu,12639264
2026-07-08T20:01:58.364331,2026-07-08T20:01:58.372822+00:00,150.1,23,ask,DiligentDonuts,Xuanyu Liu,12639266
2026-07-08T20:01:59.610605,2026-07-08T20:01:59.621352+00:00,150.2,49,bid,CostlyCorianders,EarnestEspressos,12639283
2026-07-08T20:02:00.812924,2026-07-08T20:02:00.824553+00:00,150.2,50,bid,FlawlessFlatbreads,EarnestEspressos,12639308
2026-07-08T20:02:02.208677,2026-07-08T20:02:02.216774+00:00,150.2,100,bid,EarnestEspressos,DiligentDonuts,12639327
2026-07-08T20:02:02.918941,2026-07-08T20:02:02.930739+00:00,150.8,50,bid,FlawlessFlatbreads,EarnestEspressos,12639335
2026-07-08T20:02:05.025753,2026-07-08T20:02:05.036157+00:00,150.5,50,bid,FlawlessFlatbreads,DiligentDonuts,12639354
2026-07-08T20:02:06.002593,2026-07-08T20:02:06.014093+00:00,150.1,47,ask,EarnestEspressos,CostlyCorianders,12639370
2026-07-08T20:02:07.133478,2026-07-08T20:02:07.140714+00:00,150.5,50,bid,FlawlessFlatbreads,DiligentDonuts,12639385
2026-07-08T20:02:09.240191,2026-07-08T20:02:09.248197+00:00,150.4,50,bid,FlawlessFlatbreads,EarnestEspressos,12639412
2026-07-08T20:02:09.585260,2026-07-08T20:02:09.596979+00:00,150.3,45,ask,DiligentDonuts,CostlyCorianders,12639420
2026-07-08T20:02:10.620260,2026-07-08T20:02:10.631080+00:00,150.4,42,bid,CostlyCorianders,EarnestEspressos,12639426
2026-07-08T20:02:10.675532,2026-07-08T20:02:10.687286+00:00,150.3,46,ask,DiligentDonuts,CostlyCorianders,12639427
2026-07-08T20:02:11.346461,2026-07-08T20:02:11.357806+00:00,150.4,50,bid,FlawlessFlatbreads,EarnestEspressos,12639434
2026-07-08T20:02:11.702896,2026-07-08T20:02:11.711660+00:00,150.4,3,ask,EarnestEspressos,Xuanyu Liu,12639439
2026-07-08T20:02:11.760218,2026-07-08T20:02:11.768681+00:00,150.5,49,bid,CostlyCorianders,DiligentDonuts,12639443
2026-07-08T20:02:13.504359,2026-07-08T20:02:13.515981+00:00,150.4,50,ask,EarnestEspressos,FlawlessFlatbreads,12639459
2026-07-08T20:02:14.028267,2026-07-08T20:02:14.041013+00:00,150.4,49,ask,EarnestEspressos,CostlyCorianders,12639468
2026-07-08T20:02:16.075562,2026-07-08T20:02:16.087454+00:00,150.5,47,bid,CostlyCorianders,EarnestEspressos,12639497
2026-07-08T20:02:17.713766,2026-07-08T20:02:17.722579+00:00,150.0,50,ask,EarnestEspressos,FlawlessFlatbreads,12639515
2026-07-08T20:02:19.890419,2026-07-08T20:02:19.902113+00:00,150.0,48,ask,DiligentDonuts,CostlyCorianders,12639553
2026-07-08T20:02:23.992590,2026-07-08T20:02:24.004274+00:00,150.3,50,bid,FlawlessFlatbreads,DiligentDonuts,12639607
2026-07-08T20:02:24.308429,2026-07-08T20:02:24.320128+00:00,150.3,14,bid,Xuanyu Liu,DiligentDonuts,12639609
2026-07-08T20:02:26.136149,2026-07-08T20:02:26.144527+00:00,150.3,36,bid,CostlyCorianders,DiligentDonuts,12639638
2026-07-08T20:02:26.158150,2026-07-08T20:02:26.169816+00:00,149.8,50,ask,DiligentDonuts,FlawlessFlatbreads,12639639
2026-07-08T20:02:27.049511,2026-07-08T20:02:27.058210+00:00,150.4,11,ask,DiligentDonuts,Xuanyu Liu,12639653
2026-07-08T20:02:28.264030,2026-07-08T20:02:28.275696+00:00,150.4,50,ask,DiligentDonuts,FlawlessFlatbreads,12639672
2026-07-08T20:02:28.809700,2026-07-08T20:02:28.821635+00:00,150.4,39,ask,DiligentDonuts,CostlyCorianders,12639681
2026-07-08T20:02:28.809700,2026-07-08T20:02:28.821635+00:00,150.3,6,ask,EarnestEspressos,CostlyCorianders,12639682
2026-07-08T20:02:30.371997,2026-07-08T20:02:30.383809+00:00,150.3,50,ask,EarnestEspressos,FlawlessFlatbreads,12639701
2026-07-08T20:02:30.972006,2026-07-08T20:02:30.979117+00:00,150.7,46,bid,CostlyCorianders,DiligentDonuts,12639713
2026-07-08T20:02:31.589953,2026-07-08T20:02:31.598661+00:00,150.2,47,ask,DiligentDonuts,CostlyCorianders,12639727
2026-07-08T20:02:32.481047,2026-07-08T20:02:32.488256+00:00,150.2,50,ask,DiligentDonuts,FlawlessFlatbreads,12639741
2026-07-08T20:02:32.759932,2026-07-08T20:02:32.771393+00:00,150.7,40,bid,CostlyCorianders,DiligentDonuts,12639751
2026-07-08T20:02:34.119855,2026-07-08T20:02:34.131704+00:00,150.7,46,bid,CostlyCorianders,DiligentDonuts,12639765
2026-07-08T20:02:36.660806,2026-07-08T20:02:36.672458+00:00,150.7,50,bid,FlawlessFlatbreads,EarnestEspressos,12639798
2026-07-08T20:02:38.824734,2026-07-08T20:02:38.831997+00:00,150.4,50,ask,EarnestEspressos,FlawlessFlatbreads,12639820
2026-07-08T20:02:41.384228,2026-07-08T20:02:41.395448+00:00,150.0,45,ask,DiligentDonuts,CostlyCorianders,12639853
2026-07-08T20:02:42.505896,2026-07-08T20:02:42.512452+00:00,150.0,41,ask,DiligentDonuts,CostlyCorianders,12639877
2026-07-08T20:02:42.985525,2026-07-08T20:02:42.997177+00:00,150.4,50,bid,FlawlessFlatbreads,EarnestEspressos,12639886
2026-07-08T20:02:45.094098,2026-07-08T20:02:45.105620+00:00,150.5,50,bid,FlawlessFlatbreads,DiligentDonuts,12639917
2026-07-08T20:02:47.253262,2026-07-08T20:02:47.264871+00:00,150.2,50,ask,EarnestEspressos,FlawlessFlatbreads,12639944
2026-07-08T20:02:49.360655,2026-07-08T20:02:49.372032+00:00,150.2,50,ask,EarnestEspressos,FlawlessFlatbreads,12639979
2026-07-08T20:02:49.413671,2026-07-08T20:02:49.423588+00:00,150.6,40,bid,CostlyCorianders,DiligentDonuts,12639980
2026-07-08T20:02:50.476894,2026-07-08T20:02:50.488633+00:00,150.1,45,ask,DiligentDonuts,CostlyCorianders,12639998
2026-07-08T20:02:51.469057,2026-07-08T20:02:51.479663+00:00,150.1,50,ask,DiligentDonuts,FlawlessFlatbreads,12640009
2026-07-08T20:02:52.073300,2026-07-08T20:02:52.083604+00:00,150.4,42,bid,CostlyCorianders,EarnestEspressos,12640012
2026-07-08T20:02:53.307035,2026-07-08T20:02:53.317262+00:00,150.3,11,bid,Xuanyu Liu,DiligentDonuts,12640029
2026-07-08T20:02:53.576918,2026-07-08T20:02:53.588297+00:00,149.9,50,ask,EarnestEspressos,FlawlessFlatbreads,12640037
2026-07-08T20:02:54.177470,2026-07-08T20:02:54.189095+00:00,150.3,44,bid,CostlyCorianders,DiligentDonuts,12640046
2026-07-08T20:02:55.631928,2026-07-08T20:02:55.638992+00:00,150.4,50,bid,FlawlessFlatbreads,EarnestEspressos,12640061
2026-07-08T20:02:56.787707,2026-07-08T20:02:56.794569+00:00,149.9,48,ask,DiligentDonuts,CostlyCorianders,12640084
2026-07-08T20:02:57.739007,2026-07-08T20:02:57.750520+00:00,150.4,50,bid,FlawlessFlatbreads,DiligentDonuts,12640095
2026-07-08T20:02:59.849462,2026-07-08T20:02:59.858573+00:00,150.4,50,bid,FlawlessFlatbreads,DiligentDonuts,12640127
2026-07-08T20:03:02.006600,2026-07-08T20:03:02.018112+00:00,150.1,50,ask,DiligentDonuts,FlawlessFlatbreads,12640153
2026-07-08T20:03:02.112959,2026-07-08T20:03:02.124521+00:00,150.4,45,bid,CostlyCorianders,EarnestEspressos,12640154
2026-07-08T20:03:03.879951,2026-07-08T20:03:03.888370+00:00,150.1,40,ask,DiligentDonuts,CostlyCorianders,12640183
2026-07-08T20:03:04.061376,2026-07-08T20:03:04.072930+00:00,150.6,50,bid,FlawlessFlatbreads,DiligentDonuts,12640185
2026-07-08T20:03:04.432192,2026-07-08T20:03:04.443781+00:00,150.1,10,ask,DiligentDonuts,CostlyCorianders,12640189
2026-07-08T20:03:04.432192,2026-07-08T20:03:04.443781+00:00,150.1,37,ask,EarnestEspressos,CostlyCorianders,12640190
2026-07-08T20:03:05.058481,2026-07-08T20:03:05.061019+00:00,150.4,42,bid,CostlyCorianders,DiligentDonuts,12640194
2026-07-08T20:03:06.221068,2026-07-08T20:03:06.227771+00:00,149.9,50,ask,DiligentDonuts,FlawlessFlatbreads,12640214
2026-07-08T20:03:07.999296,2026-07-08T20:03:08.010649+00:00,150.4,40,bid,CostlyCorianders,EarnestEspressos,12640247
2026-07-08T20:03:08.327036,2026-07-08T20:03:08.334261+00:00,150.0,50,ask,DiligentDonuts,FlawlessFlatbreads,12640249
2026-07-08T20:03:10.437358,2026-07-08T20:03:10.449149+00:00,150.1,50,ask,EarnestEspressos,FlawlessFlatbreads,12640275
2026-07-08T20:03:10.557111,2026-07-08T20:03:10.568542+00:00,150.1,46,ask,EarnestEspressos,CostlyCorianders,12640278
2026-07-08T20:03:11.703561,2026-07-08T20:03:11.712684+00:00,150.5,12,bid,Xuanyu Liu,DiligentDonuts,12640293
2026-07-08T20:03:12.546466,2026-07-08T20:03:12.552841+00:00,150.0,50,ask,DiligentDonuts,FlawlessFlatbreads,12640315
2026-07-08T20:03:14.604647,2026-07-08T20:03:14.611542+00:00,150.5,50,bid,FlawlessFlatbreads,EarnestEspressos,12640343
2026-07-08T20:03:16.763888,2026-07-08T20:03:16.771526+00:00,150.4,50,ask,EarnestEspressos,FlawlessFlatbreads,12640378
2026-07-08T20:03:18.819834,2026-07-08T20:03:18.831259+00:00,150.4,50,bid,FlawlessFlatbreads,EarnestEspressos,12640408
2026-07-08T20:03:18.832926,2026-07-08T20:03:18.844681+00:00,150.4,44,bid,CostlyCorianders,EarnestEspressos,12640409
2026-07-08T20:03:21.310599,2026-07-08T20:03:21.320438+00:00,150.6,42,bid,CostlyCorianders,DiligentDonuts,12640440
2026-07-08T20:03:23.028743,2026-07-08T20:03:23.040296+00:00,150.6,50,bid,FlawlessFlatbreads,DiligentDonuts,12640456
2026-07-08T20:03:25.136482,2026-07-08T20:03:25.147960+00:00,150.8,50,bid,FlawlessFlatbreads,DiligentDonuts,12640485
2026-07-08T20:03:26.739612,2026-07-08T20:03:26.750852+00:00,150.4,12,ask,EarnestEspressos,Xuanyu Liu,12640520
2026-07-08T20:03:27.311108,2026-07-08T20:03:27.322744+00:00,150.4,50,ask,EarnestEspressos,FlawlessFlatbreads,12640526
2026-07-08T20:03:29.367264,2026-07-08T20:03:29.379231+00:00,150.5,50,bid,FlawlessFlatbreads,EarnestEspressos,12640560
2026-07-08T20:03:31.493570,2026-07-08T20:03:31.505374+00:00,150.4,47,ask,DiligentDonuts,CostlyCorianders,12640575
2026-07-08T20:03:33.637286,2026-07-08T20:03:33.648839+00:00,150.3,50,ask,EarnestEspressos,FlawlessFlatbreads,12640606
2026-07-08T20:03:33.973508,2026-07-08T20:03:33.982105+00:00,150.6,12,bid,Xuanyu Liu,EarnestEspressos,12640608
2026-07-08T20:03:35.746850,2026-07-08T20:03:35.758550+00:00,150.2,50,ask,DiligentDonuts,FlawlessFlatbreads,12640633
2026-07-08T20:03:36.383310,2026-07-08T20:03:36.400414+00:00,150.6,100,bid,DiligentDonuts,EarnestEspressos,12640643
2026-07-08T20:03:37.059570,2026-07-08T20:03:37.069865+00:00,150.9,12,ask,EarnestEspressos,Xuanyu Liu,12640653
2026-07-08T20:03:37.854338,2026-07-08T20:03:37.858602+00:00,150.9,50,ask,EarnestEspressos,FlawlessFlatbreads,12640666
2026-07-08T20:03:39.135678,2026-07-08T20:03:39.147259+00:00,150.9,41,ask,EarnestEspressos,CostlyCorianders,12640682
2026-07-08T20:03:39.604544,2026-07-08T20:03:39.613464+00:00,150.9,47,ask,EarnestEspressos,DiligentDonuts,12640687
2026-07-08T20:03:39.624229,2026-07-08T20:03:39.634728+00:00,150.9,12,bid,Xuanyu Liu,DiligentDonuts,12640688
2026-07-08T20:03:39.961672,2026-07-08T20:03:39.968308+00:00,150.4,50,ask,DiligentDonuts,FlawlessFlatbreads,12640693
2026-07-08T20:03:40.180747,2026-07-08T20:03:40.192268+00:00,150.9,41,bid,CostlyCorianders,DiligentDonuts,12640699
2026-07-08T20:03:42.016179,2026-07-08T20:03:42.023580+00:00,151.1,50,bid,FlawlessFlatbreads,EarnestEspressos,12640715
2026-07-08T20:03:42.322664,2026-07-08T20:03:42.330066+00:00,150.6,42,ask,EarnestEspressos,CostlyCorianders,12640720
2026-07-08T20:03:43.761702,2026-07-08T20:03:43.769313+00:00,150.9,48,bid,CostlyCorianders,DiligentDonuts,12640735
2026-07-08T20:03:44.123917,2026-07-08T20:03:44.163663+00:00,150.9,50,bid,FlawlessFlatbreads,DiligentDonuts,12640738
2026-07-08T20:03:44.874708,2026-07-08T20:03:44.885337+00:00,150.5,48,ask,EarnestEspressos,CostlyCorianders,12640750
2026-07-08T20:03:45.931440,2026-07-08T20:03:45.938636+00:00,151.0,43,bid,CostlyCorianders,EarnestEspressos,12640766
2026-07-08T20:03:46.281763,2026-07-08T20:03:46.293362+00:00,150.7,50,ask,DiligentDonuts,FlawlessFlatbreads,12640771
2026-07-08T20:03:47.088496,2026-07-08T20:03:47.097297+00:00,150.9,11,bid,Xuanyu Liu,EarnestEspressos,12640781
2026-07-08T20:03:48.337831,2026-07-08T20:03:48.349310+00:00,150.9,50,bid,FlawlessFlatbreads,EarnestEspressos,12640798
2026-07-08T20:03:48.964213,2026-07-08T20:03:48.975984+00:00,150.7,48,ask,DiligentDonuts,CostlyCorianders,12640804
2026-07-08T20:03:50.445236,2026-07-08T20:03:50.457446+00:00,151.0,50,bid,FlawlessFlatbreads,DiligentDonuts,12640831
2026-07-08T20:03:52.552041,2026-07-08T20:03:52.555017+00:00,151.1,50,bid,FlawlessFlatbreads,DiligentDonuts,12640864
2026-07-08T20:03:53.687731,2026-07-08T20:03:53.696530+00:00,151.0,11,ask,EarnestEspressos,Xuanyu Liu,12640878
2026-07-08T20:03:54.235376,2026-07-08T20:03:54.246947+00:00,151.1,42,bid,CostlyCorianders,DiligentDonuts,12640884
2026-07-08T20:03:54.712456,2026-07-08T20:03:54.719280+00:00,151.0,50,ask,EarnestEspressos,FlawlessFlatbreads,12640889
2026-07-08T20:03:55.296444,2026-07-08T20:03:55.308043+00:00,151.1,8,bid,CostlyCorianders,DiligentDonuts,12640897
2026-07-08T20:03:58.533561,2026-07-08T20:03:58.544967+00:00,151.2,100,bid,DiligentDonuts,EarnestEspressos,12640939
2026-07-08T20:03:59.138299,2026-07-08T20:03:59.158607+00:00,151.2,44,bid,CostlyCorianders,EarnestEspressos,12640946
2026-07-08T20:03:59.215361,2026-07-08T20:03:59.226859+00:00,151.4,12,ask,EarnestEspressos,Xuanyu Liu,12640949
2026-07-08T20:04:01.023644,2026-07-08T20:04:01.032483+00:00,151.4,50,ask,EarnestEspressos,FlawlessFlatbreads,12640975
2026-07-08T20:04:01.748095,2026-07-08T20:04:01.763683+00:00,151.4,88,ask,EarnestEspressos,DiligentDonuts,12640981
2026-07-08T20:04:02.871692,2026-07-08T20:04:02.880078+00:00,151.2,12,bid,Xuanyu Liu,EarnestEspressos,12640992
2026-07-08T20:04:04.861906,2026-07-08T20:04:04.869290+00:00,151.2,100,bid,DiligentDonuts,EarnestEspressos,12641018
2026-07-08T20:04:05.233003,2026-07-08T20:04:05.244979+00:00,150.7,50,ask,EarnestEspressos,FlawlessFlatbreads,12641022
2026-07-08T20:04:05.959843,2026-07-08T20:04:05.969629+00:00,151.0,48,ask,EarnestEspressos,CostlyCorianders,12641036
2026-07-08T20:04:09.172346,2026-07-08T20:04:09.184270+00:00,151.4,43,bid,CostlyCorianders,EarnestEspressos,12641069
2026-07-08T20:04:09.232145,2026-07-08T20:04:09.238980+00:00,151.0,46,ask,DiligentDonuts,CostlyCorianders,12641071
2026-07-08T20:04:11.190987,2026-07-08T20:04:11.201071+00:00,150.9,46,ask,EarnestEspressos,CostlyCorianders,12641098
2026-07-08T20:04:11.568990,2026-07-08T20:04:11.580608+00:00,150.9,50,ask,EarnestEspressos,FlawlessFlatbreads,12641103
2026-07-08T20:04:12.053401,2026-07-08T20:04:12.061856+00:00,151.2,11,bid,Xuanyu Liu,EarnestEspressos,12641109
2026-07-08T20:04:12.225770,2026-07-08T20:04:12.237389+00:00,151.2,48,bid,CostlyCorianders,EarnestEspressos,12641113
2026-07-08T20:04:13.623741,2026-07-08T20:04:13.635792+00:00,151.2,50,bid,FlawlessFlatbreads,EarnestEspressos,12641131
2026-07-08T20:04:16.462428,2026-07-08T20:04:16.474203+00:00,151.2,49,ask,EarnestEspressos,CostlyCorianders,12641169
2026-07-08T20:04:17.835015,2026-07-08T20:04:17.843966+00:00,151.3,50,bid,FlawlessFlatbreads,DiligentDonuts,12641185
2026-07-08T20:04:18.035266,2026-07-08T20:04:18.045902+00:00,151.3,42,bid,CostlyCorianders,DiligentDonuts,12641189
2026-07-08T20:04:19.995724,2026-07-08T20:04:20.005941+00:00,150.9,50,ask,EarnestEspressos,FlawlessFlatbreads,12641217
2026-07-08T20:04:21.399536,2026-07-08T20:04:21.411093+00:00,151.2,100,ask,DiligentDonuts,EarnestEspressos,12641226
2026-07-08T20:04:22.102020,2026-07-08T20:04:22.113806+00:00,150.7,50,ask,EarnestEspressos,FlawlessFlatbreads,12641242
2026-07-08T20:04:23.999085,2026-07-08T20:04:24.011126+00:00,151.2,40,bid,CostlyCorianders,EarnestEspressos,12641267
2026-07-08T20:04:24.233273,2026-07-08T20:04:24.242506+00:00,150.8,50,ask,DiligentDonuts,FlawlessFlatbreads,12641271
2026-07-08T20:04:26.043027,2026-07-08T20:04:26.049603+00:00,151.2,45,ask,EarnestEspressos,CostlyCorianders,12641297
2026-07-08T20:04:26.090089,2026-07-08T20:04:26.100579+00:00,151.3,12,bid,Xuanyu Liu,DiligentDonuts,12641299
2026-07-08T20:04:26.288667,2026-07-08T20:04:26.300635+00:00,151.3,50,bid,FlawlessFlatbreads,DiligentDonuts,12641301
2026-07-08T20:04:27.569175,2026-07-08T20:04:27.580846+00:00,151.6,43,bid,CostlyCorianders,DiligentDonuts,12641321
2026-07-08T20:04:28.397605,2026-07-08T20:04:28.409230+00:00,151.6,50,bid,FlawlessFlatbreads,DiligentDonuts,12641333
2026-07-08T20:04:30.156676,2026-07-08T20:04:30.163648+00:00,151.1,49,ask,EarnestEspressos,CostlyCorianders,12641361
2026-07-08T20:04:30.529615,2026-07-08T20:04:30.541465+00:00,151.6,50,bid,FlawlessFlatbreads,EarnestEspressos,12641367
2026-07-08T20:04:32.549436,2026-07-08T20:04:32.558562+00:00,151.5,42,bid,CostlyCorianders,EarnestEspressos,12641385
2026-07-08T20:04:32.688563,2026-07-08T20:04:32.700297+00:00,151.1,50,ask,DiligentDonuts,FlawlessFlatbreads,12641386
2026-07-08T20:04:33.692972,2026-07-08T20:04:33.704550+00:00,151.0,43,ask,EarnestEspressos,CostlyCorianders,12641396
2026-07-08T20:04:34.744382,2026-07-08T20:04:34.758597+00:00,151.5,50,bid,FlawlessFlatbreads,DiligentDonuts,12641412
2026-07-08T20:04:36.851469,2026-07-08T20:04:36.861372+00:00,151.5,50,bid,FlawlessFlatbreads,EarnestEspressos,12641440
2026-07-08T20:04:37.154958,2026-07-08T20:04:37.164604+00:00,151.2,41,ask,DiligentDonuts,CostlyCorianders,12641446
2026-07-08T20:04:38.802592,2026-07-08T20:04:38.821650+00:00,151.2,12,ask,DiligentDonuts,Xuanyu Liu,12641473
2026-07-08T20:04:38.956380,2026-07-08T20:04:38.968216+00:00,151.7,50,bid,FlawlessFlatbreads,DiligentDonuts,12641475
2026-07-08T20:04:41.064489,2026-07-08T20:04:41.075951+00:00,151.6,50,bid,FlawlessFlatbreads,EarnestEspressos,12641504
2026-07-08T20:04:42.640473,2026-07-08T20:04:42.652160+00:00,151.2,42,ask,DiligentDonuts,CostlyCorianders,12641522
2026-07-08T20:04:43.171438,2026-07-08T20:04:43.183129+00:00,151.6,50,bid,FlawlessFlatbreads,EarnestEspressos,12641531
2026-07-08T20:04:43.252596,2026-07-08T20:04:43.264374+00:00,151.6,42,bid,CostlyCorianders,EarnestEspressos,12641532
2026-07-08T20:04:43.489422,2026-07-08T20:04:43.501083+00:00,151.6,100,bid,EarnestEspressos,DiligentDonuts,12641538
2026-07-08T20:04:43.560455,2026-07-08T20:04:43.570470+00:00,151.6,11,ask,EarnestEspressos,Xuanyu Liu,12641541
2026-07-08T20:04:44.266917,2026-07-08T20:04:44.276408+00:00,151.6,23,ask,EarnestEspressos,Xuanyu Liu,12641550
2026-07-08T20:04:44.796743,2026-07-08T20:04:44.808391+00:00,151.6,16,ask,EarnestEspressos,CostlyCorianders,12641555
2026-07-08T20:04:44.796743,2026-07-08T20:04:44.808391+00:00,151.1,31,ask,DiligentDonuts,CostlyCorianders,12641556
2026-07-08T20:04:47.437022,2026-07-08T20:04:47.451335+00:00,151.3,50,ask,DiligentDonuts,FlawlessFlatbreads,12641588
2026-07-08T20:04:55.860116,2026-07-08T20:04:55.869177+00:00,151.1,50,ask,EarnestEspressos,FlawlessFlatbreads,12641702
2026-07-08T20:04:57.968264,2026-07-08T20:04:57.980191+00:00,151.1,50,ask,DiligentDonuts,FlawlessFlatbreads,12641729
2026-07-08T20:04:59.403875,2026-07-08T20:04:59.415166+00:00,151.2,11,bid,Xuanyu Liu,EarnestEspressos,12641750
2026-07-08T20:05:00.085919,2026-07-08T20:05:00.097814+00:00,150.8,50,ask,DiligentDonuts,FlawlessFlatbreads,12641759
2026-07-08T20:05:01.209690,2026-07-08T20:05:01.217159+00:00,151.2,46,bid,CostlyCorianders,EarnestEspressos,12641777
2026-07-08T20:05:01.896271,2026-07-08T20:05:01.905531+00:00,150.9,12,bid,Xuanyu Liu,DiligentDonuts,12641794
2026-07-08T20:05:02.195456,2026-07-08T20:05:02.207240+00:00,150.7,50,ask,EarnestEspressos,FlawlessFlatbreads,12641799
2026-07-08T20:05:02.771520,2026-07-08T20:05:02.783179+00:00,150.9,49,bid,CostlyCorianders,DiligentDonuts,12641803
2026-07-08T20:05:04.302793,2026-07-08T20:05:04.314471+00:00,150.7,50,ask,EarnestEspressos,FlawlessFlatbreads,12641822
2026-07-08T20:05:06.081086,2026-07-08T20:05:06.097825+00:00,151.0,11,bid,Xuanyu Liu,EarnestEspressos,12641837
2026-07-08T20:05:06.361090,2026-07-08T20:05:06.372570+00:00,151.0,50,bid,FlawlessFlatbreads,EarnestEspressos,12641842
2026-07-08T20:05:07.106105,2026-07-08T20:05:07.112799+00:00,151.0,48,bid,CostlyCorianders,EarnestEspressos,12641851
2026-07-08T20:05:08.482605,2026-07-08T20:05:08.494413+00:00,151.0,41,bid,FlawlessFlatbreads,EarnestEspressos,12641864
2026-07-08T20:05:08.482605,2026-07-08T20:05:08.499638+00:00,151.3,9,bid,FlawlessFlatbreads,DiligentDonuts,12641865
2026-07-08T20:05:10.014922,2026-07-08T20:05:10.026554+00:00,151.0,47,ask,EarnestEspressos,CostlyCorianders,12641879
2026-07-08T20:05:10.327213,2026-07-08T20:05:10.337656+00:00,151.0,11,ask,EarnestEspressos,Xuanyu Liu,12641883
2026-07-08T20:05:11.051195,2026-07-08T20:05:11.060434+00:00,151.0,12,ask,EarnestEspressos,Xuanyu Liu,12641896
2026-07-08T20:05:11.704902,2026-07-08T20:05:11.716564+00:00,151.0,42,ask,EarnestEspressos,CostlyCorianders,12641903
2026-07-08T20:05:12.766906,2026-07-08T20:05:12.778680+00:00,150.6,50,ask,DiligentDonuts,FlawlessFlatbreads,12641923
2026-07-08T20:05:14.230117,2026-07-08T20:05:14.241698+00:00,150.9,45,bid,CostlyCorianders,EarnestEspressos,12641933
2026-07-08T20:05:14.875546,2026-07-08T20:05:14.887096+00:00,150.4,50,ask,EarnestEspressos,FlawlessFlatbreads,12641937
2026-07-08T20:05:16.287555,2026-07-08T20:05:16.297338+00:00,150.7,23,bid,Xuanyu Liu,EarnestEspressos,12641957
2026-07-08T20:05:17.008506,2026-07-08T20:05:17.020291+00:00,150.3,50,ask,DiligentDonuts,FlawlessFlatbreads,12641964
2026-07-08T20:05:17.825710,2026-07-08T20:05:17.837273+00:00,150.3,48,ask,DiligentDonuts,CostlyCorianders,12641978
2026-07-08T20:05:18.733602,2026-07-08T20:05:18.745167+00:00,150.8,44,bid,CostlyCorianders,DiligentDonuts,12641990
2026-07-08T20:05:19.116666,2026-07-08T20:05:19.128327+00:00,150.4,50,ask,EarnestEspressos,FlawlessFlatbreads,12641992
2026-07-08T20:05:21.223892,2026-07-08T20:05:21.235466+00:00,150.4,50,ask,EarnestEspressos,FlawlessFlatbreads,12642023
2026-07-08T20:05:21.592512,2026-07-08T20:05:21.600983+00:00,150.6,12,bid,Xuanyu Liu,EarnestEspressos,12642029
2026-07-08T20:05:23.099739,2026-07-08T20:05:23.108485+00:00,150.6,11,bid,Xuanyu Liu,EarnestEspressos,12642055
2026-07-08T20:05:23.279663,2026-07-08T20:05:23.291377+00:00,150.6,50,bid,FlawlessFlatbreads,EarnestEspressos,12642058
2026-07-08T20:05:24.352432,2026-07-08T20:05:24.358633+00:00,150.6,47,bid,CostlyCorianders,EarnestEspressos,12642083
2026-07-08T20:05:25.264303,2026-07-08T20:05:25.276130+00:00,150.6,49,ask,EarnestEspressos,CostlyCorianders,12642094
2026-07-08T20:05:25.388740,2026-07-08T20:05:25.398287+00:00,150.9,50,bid,FlawlessFlatbreads,DiligentDonuts,12642099
2026-07-08T20:05:26.342822,2026-07-08T20:05:26.354765+00:00,150.6,45,ask,EarnestEspressos,CostlyCorianders,12642110
2026-07-08T20:05:27.496125,2026-07-08T20:05:27.507908+00:00,151.1,50,bid,FlawlessFlatbreads,EarnestEspressos,12642131
2026-07-08T20:05:29.292496,2026-07-08T20:05:29.298859+00:00,151.0,42,bid,CostlyCorianders,EarnestEspressos,12642153
2026-07-08T20:05:30.895889,2026-07-08T20:05:30.906354+00:00,150.5,46,ask,EarnestEspressos,CostlyCorianders,12642177
2026-07-08T20:05:31.734203,2026-07-08T20:05:31.745582+00:00,150.9,50,bid,FlawlessFlatbreads,EarnestEspressos,12642188
2026-07-08T20:05:35.208071,2026-07-08T20:05:35.217196+00:00,150.4,11,ask,DiligentDonuts,Xuanyu Liu,12642233
2026-07-08T20:05:35.793032,2026-07-08T20:05:35.804556+00:00,150.4,43,ask,DiligentDonuts,CostlyCorianders,12642241
2026-07-08T20:05:35.974891,2026-07-08T20:05:35.986709+00:00,150.9,50,bid,FlawlessFlatbreads,DiligentDonuts,12642244
2026-07-08T20:05:36.381954,2026-07-08T20:05:36.392544+00:00,150.9,46,bid,CostlyCorianders,DiligentDonuts,12642254
2026-07-08T20:05:37.875131,2026-07-08T20:05:37.883183+00:00,150.7,43,bid,CostlyCorianders,EarnestEspressos,12642275
2026-07-08T20:05:38.082573,2026-07-08T20:05:38.094065+00:00,150.7,50,bid,FlawlessFlatbreads,EarnestEspressos,12642280
2026-07-08T20:05:40.193874,2026-07-08T20:05:40.205572+00:00,150.7,50,bid,FlawlessFlatbreads,EarnestEspressos,12642316
2026-07-08T20:05:40.513745,2026-07-08T20:05:40.521872+00:00,150.7,100,bid,EarnestEspressos,DiligentDonuts,12642322
2026-07-08T20:05:40.587427,2026-07-08T20:05:40.601322+00:00,150.9,46,ask,EarnestEspressos,Xuanyu Liu,12642324
2026-07-08T20:05:42.302363,2026-07-08T20:05:42.313944+00:00,151.4,50,bid,FlawlessFlatbreads,EarnestEspressos,12642348
2026-07-08T20:05:45.228711,2026-07-08T20:05:45.239200+00:00,150.7,49,ask,DiligentDonuts,CostlyCorianders,12642390
2026-07-08T20:05:46.739489,2026-07-08T20:05:46.751279+00:00,150.6,47,ask,EarnestEspressos,CostlyCorianders,12642412
2026-07-08T20:05:47.868369,2026-07-08T20:05:47.874953+00:00,150.9,40,bid,CostlyCorianders,EarnestEspressos,12642424
2026-07-08T20:05:50.857452,2026-07-08T20:05:50.864607+00:00,150.8,49,ask,EarnestEspressos,CostlyCorianders,12642466
2026-07-08T20:05:55.016398,2026-07-08T20:05:55.028448+00:00,151.0,50,bid,FlawlessFlatbreads,DiligentDonuts,12642525
2026-07-08T20:05:56.903421,2026-07-08T20:05:56.914422+00:00,150.8,49,bid,CostlyCorianders,EarnestEspressos,12642546
2026-07-08T20:05:57.206324,2026-07-08T20:05:57.217931+00:00,150.6,50,ask,DiligentDonuts,FlawlessFlatbreads,12642554
2026-07-08T20:05:59.313416,2026-07-08T20:05:59.324922+00:00,150.3,50,ask,EarnestEspressos,FlawlessFlatbreads,12642585
2026-07-08T20:06:00.297245,2026-07-08T20:06:00.309201+00:00,150.2,43,ask,DiligentDonuts,CostlyCorianders,12642593
2026-07-08T20:06:01.420939,2026-07-08T20:06:01.432388+00:00,150.2,50,ask,DiligentDonuts,FlawlessFlatbreads,12642604
2026-07-08T20:06:02.448617,2026-07-08T20:06:02.458567+00:00,150.4,48,bid,CostlyCorianders,DiligentDonuts,12642613
2026-07-08T20:06:03.071452,2026-07-08T20:06:03.081432+00:00,150.4,11,bid,Xuanyu Liu,DiligentDonuts,12642616
2026-07-08T20:06:03.544455,2026-07-08T20:06:03.555929+00:00,150.2,50,ask,EarnestEspressos,FlawlessFlatbreads,12642620
2026-07-08T20:06:03.600623,2026-07-08T20:06:03.609129+00:00,150.4,40,bid,CostlyCorianders,DiligentDonuts,12642621
2026-07-08T20:06:05.317701,2026-07-08T20:06:05.329260+00:00,150.2,49,ask,EarnestEspressos,CostlyCorianders,12642643
2026-07-08T20:06:07.491364,2026-07-08T20:06:07.499554+00:00,150.2,12,bid,Xuanyu Liu,EarnestEspressos,12642674
2026-07-08T20:06:07.642196,2026-07-08T20:06:07.658616+00:00,150.2,49,bid,CostlyCorianders,EarnestEspressos,12642676
2026-07-08T20:06:07.703641,2026-07-08T20:06:07.712498+00:00,150.2,50,bid,FlawlessFlatbreads,EarnestEspressos,12642677
2026-07-08T20:06:08.255411,2026-07-08T20:06:08.265625+00:00,150.2,39,bid,DiligentDonuts,EarnestEspressos,12642684
2026-07-08T20:06:08.337446,2026-07-08T20:06:08.348148+00:00,150.2,41,ask,DiligentDonuts,CostlyCorianders,12642687
2026-07-08T20:06:08.940288,2026-07-08T20:06:08.951939+00:00,150.2,20,ask,DiligentDonuts,CostlyCorianders,12642701
2026-07-08T20:06:09.595915,2026-07-08T20:06:09.607788+00:00,150.7,41,bid,CostlyCorianders,DiligentDonuts,12642707
2026-07-08T20:06:09.861531,2026-07-08T20:06:09.873448+00:00,150.2,50,ask,EarnestEspressos,FlawlessFlatbreads,12642711
2026-07-08T20:06:10.125375,2026-07-08T20:06:10.134891+00:00,150.2,12,ask,EarnestEspressos,Xuanyu Liu,12642716
2026-07-08T20:06:11.919025,2026-07-08T20:06:11.930477+00:00,150.4,50,bid,FlawlessFlatbreads,DiligentDonuts,12642742
2026-07-08T20:06:12.831320,2026-07-08T20:06:12.842784+00:00,150.4,41,bid,CostlyCorianders,DiligentDonuts,12642757
2026-07-08T20:06:14.075796,2026-07-08T20:06:14.087345+00:00,150.0,50,ask,EarnestEspressos,FlawlessFlatbreads,12642770
2026-07-08T20:06:16.132229,2026-07-08T20:06:16.143754+00:00,150.4,50,bid,FlawlessFlatbreads,EarnestEspressos,12642796
2026-07-08T20:06:17.996144,2026-07-08T20:06:18.005658+00:00,150.3,11,ask,DiligentDonuts,Xuanyu Liu,12642825
2026-07-08T20:06:18.556703,2026-07-08T20:06:18.570568+00:00,150.3,89,ask,DiligentDonuts,EarnestEspressos,12642838
2026-07-08T20:06:20.040326,2026-07-08T20:06:20.048630+00:00,150.3,11,bid,Xuanyu Liu,EarnestEspressos,12642858
2026-07-08T20:06:20.350517,2026-07-08T20:06:20.362065+00:00,150.3,50,bid,FlawlessFlatbreads,EarnestEspressos,12642866
2026-07-08T20:06:20.638888,2026-07-08T20:06:20.650501+00:00,149.8,46,ask,EarnestEspressos,CostlyCorianders,12642873
2026-07-08T20:06:21.667507,2026-07-08T20:06:21.676414+00:00,150.5,100,bid,EarnestEspressos,DiligentDonuts,12642881
2026-07-08T20:06:21.754719,2026-07-08T20:06:21.764052+00:00,150.6,11,ask,EarnestEspressos,Xuanyu Liu,12642883
2026-07-08T20:06:22.457799,2026-07-08T20:06:22.469427+00:00,151.0,50,bid,FlawlessFlatbreads,EarnestEspressos,12642899
2026-07-08T20:06:23.153728,2026-07-08T20:06:23.165273+00:00,150.6,39,ask,EarnestEspressos,CostlyCorianders,12642907
2026-07-08T20:06:23.153728,2026-07-08T20:06:23.165273+00:00,150.0,8,ask,DiligentDonuts,CostlyCorianders,12642908
2026-07-08T20:06:24.566531,2026-07-08T20:06:24.577960+00:00,150.9,50,bid,FlawlessFlatbreads,DiligentDonuts,12642919
2026-07-08T20:06:26.227840,2026-07-08T20:06:26.236728+00:00,150.7,41,bid,CostlyCorianders,EarnestEspressos,12642936
2026-07-08T20:06:26.672843,2026-07-08T20:06:26.684271+00:00,150.7,50,bid,FlawlessFlatbreads,EarnestEspressos,12642939
2026-07-08T20:06:27.990171,2026-07-08T20:06:28.001948+00:00,150.4,100,bid,EarnestEspressos,DiligentDonuts,12642956
2026-07-08T20:06:29.025558,2026-07-08T20:06:29.035814+00:00,150.4,3,ask,EarnestEspressos,Xuanyu Liu,12642972
2026-07-08T20:06:30.937214,2026-07-08T20:06:30.947346+00:00,150.4,47,ask,EarnestEspressos,FlawlessFlatbreads,12643010
2026-07-08T20:06:30.937214,2026-07-08T20:06:30.947346+00:00,150.3,3,ask,DiligentDonuts,FlawlessFlatbreads,12643011
2026-07-08T20:06:31.208241,2026-07-08T20:06:31.216127+00:00,150.3,97,ask,DiligentDonuts,EarnestEspressos,12643014
2026-07-08T20:06:32.994913,2026-07-08T20:06:33.006520+00:00,150.2,50,bid,FlawlessFlatbreads,EarnestEspressos,12643041
2026-07-08T20:06:34.370317,2026-07-08T20:06:34.377669+00:00,149.9,45,ask,DiligentDonuts,CostlyCorianders,12643065
2026-07-08T20:06:35.026077,2026-07-08T20:06:35.037251+00:00,150.3,43,bid,CostlyCorianders,EarnestEspressos,12643079
2026-07-08T20:06:35.101631,2026-07-08T20:06:35.113298+00:00,150.3,50,bid,FlawlessFlatbreads,EarnestEspressos,12643080
2026-07-08T20:06:37.207886,2026-07-08T20:06:37.219581+00:00,150.0,50,bid,EarnestEspressos,DiligentDonuts,12643110
2026-07-08T20:06:37.487674,2026-07-08T20:06:37.501151+00:00,150.0,50,bid,FlawlessFlatbreads,DiligentDonuts,12643116
2026-07-08T20:06:38.465550,2026-07-08T20:06:38.477311+00:00,150.1,40,ask,EarnestEspressos,CostlyCorianders,12643126
2026-07-08T20:06:39.315908,2026-07-08T20:06:39.327731+00:00,150.6,50,bid,FlawlessFlatbreads,EarnestEspressos,12643137
2026-07-08T20:06:41.425466,2026-07-08T20:06:41.436895+00:00,150.3,50,bid,FlawlessFlatbreads,DiligentDonuts,12643162
2026-07-08T20:06:42.343054,2026-07-08T20:06:42.352229+00:00,149.9,3,ask,EarnestEspressos,Xuanyu Liu,12643173
2026-07-08T20:06:43.548801,2026-07-08T20:06:43.556234+00:00,150.2,50,bid,FlawlessFlatbreads,DiligentDonuts,12643191
2026-07-08T20:06:44.010868,2026-07-08T20:06:44.069151+00:00,150.1,45,bid,CostlyCorianders,EarnestEspressos,12643197
2026-07-08T20:06:45.656693,2026-07-08T20:06:45.668224+00:00,150.1,50,bid,FlawlessFlatbreads,EarnestEspressos,12643217
2026-07-08T20:06:45.671044,2026-07-08T20:06:45.682756+00:00,149.7,49,ask,DiligentDonuts,CostlyCorianders,12643218
2026-07-08T20:06:46.552271,2026-07-08T20:06:46.558539+00:00,150.1,40,bid,CostlyCorianders,EarnestEspressos,12643229
2026-07-08T20:06:46.982866,2026-07-08T20:06:46.991632+00:00,150.1,23,ask,EarnestEspressos,Xuanyu Liu,12643238
2026-07-08T20:06:47.772231,2026-07-08T20:06:47.784052+00:00,150.2,50,bid,FlawlessFlatbreads,DiligentDonuts,12643244
2026-07-08T20:06:49.116140,2026-07-08T20:06:49.127982+00:00,150.1,45,ask,EarnestEspressos,CostlyCorianders,12643263
2026-07-08T20:06:49.879522,2026-07-08T20:06:49.890301+00:00,150.4,50,bid,FlawlessFlatbreads,DiligentDonuts,12643274
2026-07-08T20:06:51.987254,2026-07-08T20:06:51.998905+00:00,150.4,50,bid,FlawlessFlatbreads,DiligentDonuts,12643296
2026-07-08T20:06:52.148587,2026-07-08T20:06:52.158843+00:00,149.9,11,ask,DiligentDonuts,Xuanyu Liu,12643299
2026-07-08T20:06:54.145529,2026-07-08T20:06:54.163623+00:00,149.8,50,ask,DiligentDonuts,FlawlessFlatbreads,12643333
2026-07-08T20:06:54.396588,2026-07-08T20:06:54.408389+00:00,149.8,45,ask,DiligentDonuts,CostlyCorianders,12643335
2026-07-08T20:06:58.366639,2026-07-08T20:06:58.378319+00:00,149.8,50,ask,EarnestEspressos,FlawlessFlatbreads,12643390
2026-07-08T20:06:59.373491,2026-07-08T20:06:59.382704+00:00,150.1,42,bid,CostlyCorianders,DiligentDonuts,12643399
2026-07-08T20:07:00.473568,2026-07-08T20:07:00.485391+00:00,149.6,50,ask,DiligentDonuts,FlawlessFlatbreads,12643409
2026-07-08T20:07:00.946782,2026-07-08T20:07:00.964085+00:00,149.6,48,ask,DiligentDonuts,CostlyCorianders,12643419
2026-07-08T20:07:02.582047,2026-07-08T20:07:02.593885+00:00,149.6,50,ask,EarnestEspressos,FlawlessFlatbreads,12643443
2026-07-08T20:07:03.594443,2026-07-08T20:07:03.603045+00:00,149.8,11,bid,Xuanyu Liu,EarnestEspressos,12643453
2026-07-08T20:07:04.638601,2026-07-08T20:07:04.650055+00:00,149.8,50,bid,FlawlessFlatbreads,EarnestEspressos,12643468
2026-07-08T20:07:05.004012,2026-07-08T20:07:05.015585+00:00,149.8,41,bid,CostlyCorianders,EarnestEspressos,12643481
2026-07-08T20:07:05.279353,2026-07-08T20:07:05.288452+00:00,149.8,12,bid,Xuanyu Liu,EarnestEspressos,12643485
2026-07-08T20:07:05.475972,2026-07-08T20:07:05.487803+00:00,149.8,36,bid,CostlyCorianders,EarnestEspressos,12643488
2026-07-08T20:07:05.475972,2026-07-08T20:07:05.487803+00:00,149.8,11,bid,CostlyCorianders,DiligentDonuts,12643489
2026-07-08T20:07:05.967828,2026-07-08T20:07:05.979267+00:00,149.8,89,bid,EarnestEspressos,DiligentDonuts,12643495
2026-07-08T20:07:06.033827,2026-07-08T20:07:06.042277+00:00,150.1,12,ask,EarnestEspressos,Xuanyu Liu,12643497
2026-07-08T20:07:06.596133,2026-07-08T20:07:06.605011+00:00,150.1,23,ask,EarnestEspressos,Xuanyu Liu,12643512
2026-07-08T20:07:08.425570,2026-07-08T20:07:08.433502+00:00,150.1,26,ask,EarnestEspressos,DiligentDonuts,12643528
2026-07-08T20:07:09.196847,2026-07-08T20:07:09.206848+00:00,149.8,23,bid,Xuanyu Liu,EarnestEspressos,12643538
2026-07-08T20:07:09.923790,2026-07-08T20:07:09.930208+00:00,149.6,43,ask,DiligentDonuts,CostlyCorianders,12643550
2026-07-08T20:07:11.006113,2026-07-08T20:07:11.017668+00:00,149.6,50,ask,DiligentDonuts,FlawlessFlatbreads,12643568
2026-07-08T20:07:11.419395,2026-07-08T20:07:11.429714+00:00,149.6,7,ask,DiligentDonuts,CostlyCorianders,12643573
2026-07-08T20:07:13.114187,2026-07-08T20:07:13.126001+00:00,149.5,50,ask,EarnestEspressos,FlawlessFlatbreads,12643594
2026-07-08T20:07:15.221940,2026-07-08T20:07:15.233481+00:00,149.5,50,ask,EarnestEspressos,FlawlessFlatbreads,12643627
2026-07-08T20:07:15.363095,2026-07-08T20:07:15.374759+00:00,150.0,45,bid,CostlyCorianders,EarnestEspressos,12643633
2026-07-08T20:07:15.759541,2026-07-08T20:07:15.767958+00:00,149.8,12,bid,Xuanyu Liu,EarnestEspressos,12643635
2026-07-08T20:07:17.278119,2026-07-08T20:07:17.286874+00:00,149.8,50,bid,FlawlessFlatbreads,EarnestEspressos,12643647
2026-07-08T20:07:18.322831,2026-07-08T20:07:18.332777+00:00,149.3,42,ask,EarnestEspressos,CostlyCorianders,12643667
2026-07-08T20:07:19.384076,2026-07-08T20:07:19.396041+00:00,149.7,50,bid,FlawlessFlatbreads,EarnestEspressos,12643681
2026-07-08T20:07:19.985946,2026-07-08T20:07:19.997514+00:00,149.7,43,bid,CostlyCorianders,EarnestEspressos,12643688
2026-07-08T20:07:21.492847,2026-07-08T20:07:21.504547+00:00,149.7,50,bid,FlawlessFlatbreads,EarnestEspressos,12643706
2026-07-08T20:07:23.091085,2026-07-08T20:07:23.099538+00:00,149.7,46,ask,EarnestEspressos,CostlyCorianders,12643728
2026-07-08T20:07:23.601862,2026-07-08T20:07:23.613415+00:00,149.9,50,bid,FlawlessFlatbreads,DiligentDonuts,12643739
2026-07-08T20:07:23.651481,2026-07-08T20:07:23.660832+00:00,149.7,12,ask,EarnestEspressos,Xuanyu Liu,12643742
2026-07-08T20:07:25.083310,2026-07-08T20:07:25.094760+00:00,149.8,47,bid,CostlyCorianders,DiligentDonuts,12643763
2026-07-08T20:07:25.658841,2026-07-08T20:07:25.669174+00:00,149.4,47,ask,EarnestEspressos,CostlyCorianders,12643767
2026-07-08T20:07:25.711672,2026-07-08T20:07:25.718534+00:00,149.8,50,bid,FlawlessFlatbreads,DiligentDonuts,12643768
2026-07-08T20:07:26.120260,2026-07-08T20:07:26.132236+00:00,149.8,3,bid,CostlyCorianders,DiligentDonuts,12643777
2026-07-08T20:07:26.120260,2026-07-08T20:07:26.132236+00:00,149.9,39,bid,CostlyCorianders,EarnestEspressos,12643778
2026-07-08T20:07:27.586203,2026-07-08T20:07:27.595711+00:00,149.8,34,ask,DiligentDonuts,Xuanyu Liu,12643797
2026-07-08T20:07:27.820174,2026-07-08T20:07:27.827739+00:00,149.9,50,bid,FlawlessFlatbreads,EarnestEspressos,12643804
2026-07-08T20:07:28.166470,2026-07-08T20:07:28.178267+00:00,149.8,66,ask,DiligentDonuts,EarnestEspressos,12643809
2026-07-08T20:07:29.983492,2026-07-08T20:07:29.993302+00:00,149.3,50,ask,EarnestEspressos,FlawlessFlatbreads,12643836
2026-07-08T20:07:30.284425,2026-07-08T20:07:30.296339+00:00,149.3,49,ask,EarnestEspressos,CostlyCorianders,12643843
2026-07-08T20:07:31.436520,2026-07-08T20:07:31.446692+00:00,149.8,11,bid,Xuanyu Liu,DiligentDonuts,12643859
2026-07-08T20:07:32.089655,2026-07-08T20:07:32.101402+00:00,149.4,50,ask,EarnestEspressos,FlawlessFlatbreads,12643868
2026-07-08T20:07:34.198457,2026-07-08T20:07:34.210056+00:00,149.4,50,ask,EarnestEspressos,FlawlessFlatbreads,12643892
2026-07-08T20:07:34.512325,2026-07-08T20:07:34.522608+00:00,149.4,35,bid,Xuanyu Liu,EarnestEspressos,12643894
2026-07-08T20:07:34.585752,2026-07-08T20:07:34.593107+00:00,149.4,43,bid,CostlyCorianders,EarnestEspressos,12643897
2026-07-08T20:07:35.726084,2026-07-08T20:07:35.737766+00:00,149.2,42,ask,DiligentDonuts,CostlyCorianders,12643916
2026-07-08T20:07:36.310635,2026-07-08T20:07:36.317906+00:00,149.2,50,ask,DiligentDonuts,FlawlessFlatbreads,12643921
2026-07-08T20:07:38.417666,2026-07-08T20:07:38.429430+00:00,149.3,50,ask,EarnestEspressos,FlawlessFlatbreads,12643946
2026-07-08T20:07:38.596203,2026-07-08T20:07:38.607887+00:00,149.6,44,bid,CostlyCorianders,DiligentDonuts,12643948
2026-07-08T20:07:40.543571,2026-07-08T20:07:40.554981+00:00,149.3,50,ask,EarnestEspressos,FlawlessFlatbreads,12643984
2026-07-08T20:07:40.685321,2026-07-08T20:07:40.693116+00:00,149.3,46,ask,EarnestEspressos,CostlyCorianders,12643988
2026-07-08T20:07:40.832054,2026-07-08T20:07:40.841079+00:00,149.2,14,bid,Xuanyu Liu,EarnestEspressos,12643990
2026-07-08T20:07:41.283573,2026-07-08T20:07:41.295146+00:00,149.2,49,bid,CostlyCorianders,EarnestEspressos,12643997
2026-07-08T20:07:42.512219,2026-07-08T20:07:42.521372+00:00,149.0,48,ask,DiligentDonuts,CostlyCorianders,12644022
2026-07-08T20:07:42.649946,2026-07-08T20:07:42.658560+00:00,149.0,50,ask,DiligentDonuts,FlawlessFlatbreads,12644023
2026-07-08T20:07:44.761714,2026-07-08T20:07:44.769610+00:00,149.0,50,ask,EarnestEspressos,FlawlessFlatbreads,12644056
2026-07-08T20:07:45.305379,2026-07-08T20:07:45.315609+00:00,149.3,43,bid,CostlyCorianders,DiligentDonuts,12644063
2026-07-08T20:07:46.697415,2026-07-08T20:07:46.704545+00:00,149.5,46,bid,CostlyCorianders,EarnestEspressos,12644081
2026-07-08T20:07:46.869852,2026-07-08T20:07:46.879480+00:00,149.1,50,ask,DiligentDonuts,FlawlessFlatbreads,12644084
2026-07-08T20:07:48.367510,2026-07-08T20:07:48.374198+00:00,149.1,42,ask,DiligentDonuts,CostlyCorianders,12644106
2026-07-08T20:07:48.899447,2026-07-08T20:07:48.906115+00:00,149.1,8,ask,DiligentDonuts,CostlyCorianders,12644114
2026-07-08T20:07:48.899447,2026-07-08T20:07:48.911525+00:00,149.0,32,ask,EarnestEspressos,CostlyCorianders,12644115
2026-07-08T20:07:48.925679,2026-07-08T20:07:48.937290+00:00,149.5,50,bid,FlawlessFlatbreads,EarnestEspressos,12644116
2026-07-08T20:07:49.845065,2026-07-08T20:07:49.858598+00:00,149.2,40,bid,CostlyCorianders,DiligentDonuts,12644129
2026-07-08T20:07:50.856209,2026-07-08T20:07:50.867708+00:00,149.2,41,bid,CostlyCorianders,DiligentDonuts,12644140
2026-07-08T20:07:50.911274,2026-07-08T20:07:50.922787+00:00,149.0,48,ask,EarnestEspressos,CostlyCorianders,12644142
2026-07-08T20:07:51.035556,2026-07-08T20:07:51.045747+00:00,149.2,19,bid,FlawlessFlatbreads,DiligentDonuts,12644144
2026-07-08T20:07:51.035556,2026-07-08T20:07:51.045747+00:00,149.5,31,bid,FlawlessFlatbreads,EarnestEspressos,12644145
2026-07-08T20:07:52.889196,2026-07-08T20:07:52.900634+00:00,149.5,42,bid,CostlyCorianders,EarnestEspressos,12644163
2026-07-08T20:07:53.143821,2026-07-08T20:07:53.150330+00:00,149.5,50,bid,FlawlessFlatbreads,EarnestEspressos,12644164
2026-07-08T20:07:55.254478,2026-07-08T20:07:55.265966+00:00,149.6,50,bid,FlawlessFlatbreads,DiligentDonuts,12644183
2026-07-08T20:07:56.810910,2026-07-08T20:07:56.818812+00:00,149.5,43,ask,EarnestEspressos,CostlyCorianders,12644207
2026-07-08T20:07:57.361833,2026-07-08T20:07:57.369236+00:00,149.9,50,bid,FlawlessFlatbreads,DiligentDonuts,12644215
2026-07-08T20:07:57.747135,2026-07-08T20:07:57.755559+00:00,149.5,14,ask,EarnestEspressos,Xuanyu Liu,12644219
2026-07-08T20:07:59.523272,2026-07-08T20:07:59.532742+00:00,149.5,50,ask,EarnestEspressos,FlawlessFlatbreads,12644243
2026-07-08T20:07:59.957428,2026-07-08T20:07:59.969000+00:00,149.5,46,bid,CostlyCorianders,EarnestEspressos,12644251
2026-07-08T20:08:00.499513,2026-07-08T20:08:00.511129+00:00,149.2,47,ask,DiligentDonuts,CostlyCorianders,12644262
2026-07-08T20:08:02.023406,2026-07-08T20:08:02.034978+00:00,149.2,43,ask,DiligentDonuts,CostlyCorianders,12644278
2026-07-08T20:08:03.769424,2026-07-08T20:08:03.780952+00:00,149.1,50,ask,DiligentDonuts,FlawlessFlatbreads,12644296
2026-07-08T20:08:04.774986,2026-07-08T20:08:04.786784+00:00,149.5,41,bid,CostlyCorianders,DiligentDonuts,12644308
2026-07-08T20:08:05.906500,2026-07-08T20:08:05.916948+00:00,149.1,50,ask,EarnestEspressos,FlawlessFlatbreads,12644324
2026-07-08T20:08:06.145643,2026-07-08T20:08:06.158971+00:00,149.5,11,bid,Xuanyu Liu,EarnestEspressos,12644328
2026-07-08T20:08:06.416463,2026-07-08T20:08:06.423836+00:00,149.5,44,bid,CostlyCorianders,EarnestEspressos,12644335
2026-07-08T20:08:07.903485,2026-07-08T20:08:07.914937+00:00,149.1,43,ask,DiligentDonuts,CostlyCorianders,12644360
2026-07-08T20:08:08.012512,2026-07-08T20:08:08.024018+00:00,149.1,50,ask,DiligentDonuts,FlawlessFlatbreads,12644361
2026-07-08T20:08:08.233837,2026-07-08T20:08:08.243811+00:00,149.5,3,bid,Xuanyu Liu,EarnestEspressos,12644364
2026-07-08T20:08:08.936308,2026-07-08T20:08:08.947688+00:00,149.5,47,bid,CostlyCorianders,EarnestEspressos,12644373
2026-07-08T20:08:09.242859,2026-07-08T20:08:09.258581+00:00,149.5,100,bid,EarnestEspressos,DiligentDonuts,12644377
2026-07-08T20:08:10.123119,2026-07-08T20:08:10.132488+00:00,149.7,49,ask,EarnestEspressos,CostlyCorianders,12644393
2026-07-08T20:08:10.123281,2026-07-08T20:08:10.137931+00:00,149.7,1,ask,EarnestEspressos,FlawlessFlatbreads,12644394
2026-07-08T20:08:10.123281,2026-07-08T20:08:10.137931+00:00,149.0,49,ask,DiligentDonuts,FlawlessFlatbreads,12644395
2026-07-08T20:08:12.233994,2026-07-08T20:08:12.245945+00:00,149.4,50,ask,DiligentDonuts,FlawlessFlatbreads,12644428
2026-07-08T20:08:13.681752,2026-07-08T20:08:13.693356+00:00,149.7,45,bid,CostlyCorianders,EarnestEspressos,12644443
2026-07-08T20:08:16.424512,2026-07-08T20:08:16.433955+00:00,149.6,50,bid,FlawlessFlatbreads,DiligentDonuts,12644476
2026-07-08T20:08:16.828863,2026-07-08T20:08:16.836974+00:00,149.6,42,bid,CostlyCorianders,DiligentDonuts,12644480
2026-07-08T20:08:16.882002,2026-07-08T20:08:16.891319+00:00,149.5,43,ask,EarnestEspressos,CostlyCorianders,12644481
2026-07-08T20:08:17.956713,2026-07-08T20:08:17.968279+00:00,149.5,41,ask,EarnestEspressos,CostlyCorianders,12644494
2026-07-08T20:08:18.531847,2026-07-08T20:08:18.542117+00:00,150.0,50,bid,FlawlessFlatbreads,EarnestEspressos,12644506
2026-07-08T20:08:19.013846,2026-07-08T20:08:19.022714+00:00,149.9,44,bid,CostlyCorianders,EarnestEspressos,12644512
2026-07-08T20:08:19.068117,2026-07-08T20:08:19.074791+00:00,149.6,41,ask,DiligentDonuts,CostlyCorianders,12644514
2026-07-08T20:08:20.249382,2026-07-08T20:08:20.258598+00:00,149.9,43,bid,CostlyCorianders,EarnestEspressos,12644533
2026-07-08T20:08:20.718657,2026-07-08T20:08:20.726555+00:00,149.6,50,ask,DiligentDonuts,FlawlessFlatbreads,12644542
2026-07-08T20:08:22.425647,2026-07-08T20:08:22.437154+00:00,149.7,41,ask,EarnestEspressos,CostlyCorianders,12644569
2026-07-08T20:08:24.346290,2026-07-08T20:08:24.355357+00:00,149.7,100,ask,EarnestEspressos,DiligentDonuts,12644596
2026-07-08T20:08:24.959795,2026-07-08T20:08:24.971410+00:00,149.7,9,ask,EarnestEspressos,FlawlessFlatbreads,12644600
2026-07-08T20:08:24.959795,2026-07-08T20:08:24.971410+00:00,149.3,41,ask,DiligentDonuts,FlawlessFlatbreads,12644601
2026-07-08T20:08:25.917994,2026-07-08T20:08:25.926388+00:00,149.6,3,bid,Xuanyu Liu,EarnestEspressos,12644618
2026-07-08T20:08:26.541368,2026-07-08T20:08:26.552357+00:00,149.6,45,bid,CostlyCorianders,EarnestEspressos,12644630
2026-07-08T20:08:27.076877,2026-07-08T20:08:27.091016+00:00,149.3,50,ask,DiligentDonuts,FlawlessFlatbreads,12644635
2026-07-08T20:08:29.909030,2026-07-08T20:08:29.920595+00:00,149.4,41,ask,DiligentDonuts,CostlyCorianders,12644670
2026-07-08T20:08:30.536362,2026-07-08T20:08:30.547880+00:00,149.4,42,ask,DiligentDonuts,CostlyCorianders,12644685
2026-07-08T20:08:31.234434,2026-07-08T20:08:31.246055+00:00,149.4,50,bid,FlawlessFlatbreads,DiligentDonuts,12644696
2026-07-08T20:08:32.188320,2026-07-08T20:08:32.200047+00:00,149.4,45,bid,CostlyCorianders,DiligentDonuts,12644703
2026-07-08T20:08:33.347824,2026-07-08T20:08:33.358602+00:00,149.4,5,bid,FlawlessFlatbreads,DiligentDonuts,12644720
2026-07-08T20:08:33.347824,2026-07-08T20:08:33.358602+00:00,149.5,45,bid,FlawlessFlatbreads,EarnestEspressos,12644721
2026-07-08T20:08:34.986672,2026-07-08T20:08:34.996420+00:00,149.7,46,bid,CostlyCorianders,DiligentDonuts,12644754
2026-07-08T20:08:35.457110,2026-07-08T20:08:35.468991+00:00,149.7,50,bid,FlawlessFlatbreads,DiligentDonuts,12644761
2026-07-08T20:08:36.972819,2026-07-08T20:08:36.982161+00:00,149.6,3,ask,DiligentDonuts,Xuanyu Liu,12644777
2026-07-08T20:08:37.563513,2026-07-08T20:08:37.575005+00:00,149.8,50,bid,FlawlessFlatbreads,EarnestEspressos,12644784
2026-07-08T20:08:38.554632,2026-07-08T20:08:38.566173+00:00,149.6,48,ask,DiligentDonuts,CostlyCorianders,12644803
2026-07-08T20:08:39.670650,2026-07-08T20:08:39.679588+00:00,149.9,50,bid,FlawlessFlatbreads,EarnestEspressos,12644817
2026-07-08T20:08:40.075241,2026-07-08T20:08:40.084432+00:00,149.4,48,ask,EarnestEspressos,CostlyCorianders,12644824
2026-07-08T20:08:41.782392,2026-07-08T20:08:41.793827+00:00,149.7,50,bid,FlawlessFlatbreads,DiligentDonuts,12644834
2026-07-08T20:08:43.896379,2026-07-08T20:08:43.898463+00:00,149.8,50,bid,FlawlessFlatbreads,DiligentDonuts,12644859
2026-07-08T20:08:43.919187,2026-07-08T20:08:43.898463+00:00,149.8,44,bid,CostlyCorianders,DiligentDonuts,12644860
2026-07-08T20:08:44.922492,2026-07-08T20:08:44.934047+00:00,149.4,46,ask,EarnestEspressos,CostlyCorianders,12644870
2026-07-08T20:08:46.003162,2026-07-08T20:08:46.015031+00:00,149.8,6,bid,FlawlessFlatbreads,DiligentDonuts,12644881
2026-07-08T20:08:46.003162,2026-07-08T20:08:46.015031+00:00,149.9,44,bid,FlawlessFlatbreads,EarnestEspressos,12644882
2026-07-08T20:08:46.293939,2026-07-08T20:08:46.302005+00:00,149.4,3,ask,EarnestEspressos,Xuanyu Liu,12644888
2026-07-08T20:08:48.088725,2026-07-08T20:08:48.098440+00:00,149.5,44,bid,CostlyCorianders,EarnestEspressos,12644902
2026-07-08T20:08:48.112842,2026-07-08T20:08:48.122384+00:00,149.5,50,bid,FlawlessFlatbreads,EarnestEspressos,12644903
2026-07-08T20:08:49.645664,2026-07-08T20:08:49.652537+00:00,149.5,56,bid,DiligentDonuts,EarnestEspressos,12644920
2026-07-08T20:08:50.221489,2026-07-08T20:08:50.230906+00:00,150.1,50,bid,FlawlessFlatbreads,DiligentDonuts,12644930
2026-07-08T20:08:50.387167,2026-07-08T20:08:50.394915+00:00,149.8,23,ask,EarnestEspressos,Xuanyu Liu,12644933
2026-07-08T20:08:51.880663,2026-07-08T20:08:51.892211+00:00,149.8,46,ask,EarnestEspressos,CostlyCorianders,12644945
2026-07-08T20:08:52.379538,2026-07-08T20:08:52.391032+00:00,149.8,50,ask,EarnestEspressos,FlawlessFlatbreads,12644950
2026-07-08T20:08:52.876631,2026-07-08T20:08:52.888403+00:00,149.8,31,ask,EarnestEspressos,CostlyCorianders,12644954
2026-07-08T20:08:52.876631,2026-07-08T20:08:52.888403+00:00,149.5,18,ask,DiligentDonuts,CostlyCorianders,12644955
2026-07-08T20:08:54.051375,2026-07-08T20:08:54.058581+00:00,149.7,40,bid,CostlyCorianders,EarnestEspressos,12644974
2026-07-08T20:08:55.969985,2026-07-08T20:08:55.976981+00:00,149.7,41,bid,CostlyCorianders,EarnestEspressos,12644994
2026-07-08T20:08:56.591950,2026-07-08T20:08:56.603582+00:00,149.2,50,ask,EarnestEspressos,FlawlessFlatbreads,12645001
2026-07-08T20:08:58.084261,2026-07-08T20:08:58.095689+00:00,149.2,47,ask,DiligentDonuts,CostlyCorianders,12645021
2026-07-08T20:08:58.699721,2026-07-08T20:08:58.710942+00:00,149.2,50,ask,DiligentDonuts,FlawlessFlatbreads,12645031
2026-07-08T20:09:00.271579,2026-07-08T20:09:00.282116+00:00,149.4,42,bid,CostlyCorianders,DiligentDonuts,12645047
2026-07-08T20:09:00.806314,2026-07-08T20:09:00.817846+00:00,149.1,50,ask,EarnestEspressos,FlawlessFlatbreads,12645057
2026-07-08T20:09:00.873988,2026-07-08T20:09:00.885770+00:00,149.1,48,ask,EarnestEspressos,CostlyCorianders,12645058
2026-07-08T20:09:01.912015,2026-07-08T20:09:01.922534+00:00,149.4,40,bid,CostlyCorianders,DiligentDonuts,12645068
2026-07-08T20:09:02.490718,2026-07-08T20:09:02.500305+00:00,149.6,46,bid,CostlyCorianders,EarnestEspressos,12645076
2026-07-08T20:09:02.913861,2026-07-08T20:09:02.925391+00:00,149.1,50,ask,EarnestEspressos,FlawlessFlatbreads,12645080
2026-07-08T20:09:03.063635,2026-07-08T20:09:03.075160+00:00,149.1,45,ask,DiligentDonuts,CostlyCorianders,12645082
2026-07-08T20:09:03.099244,2026-07-08T20:09:03.110704+00:00,149.1,55,ask,DiligentDonuts,EarnestEspressos,12645083
2026-07-08T20:09:03.112035,2026-07-08T20:09:03.120521+00:00,149.1,26,bid,Xuanyu Liu,EarnestEspressos,12645084
2026-07-08T20:09:05.020214,2026-07-08T20:09:05.028467+00:00,148.6,50,ask,EarnestEspressos,FlawlessFlatbreads,12645111
2026-07-08T20:09:07.129201,2026-07-08T20:09:07.140579+00:00,149.0,50,ask,DiligentDonuts,FlawlessFlatbreads,12645136
2026-07-08T20:09:11.334519,2026-07-08T20:09:11.346185+00:00,149.3,50,bid,FlawlessFlatbreads,DiligentDonuts,12645189
2026-07-08T20:09:11.980086,2026-07-08T20:09:11.987330+00:00,149.4,46,bid,CostlyCorianders,EarnestEspressos,12645194
2026-07-08T20:09:13.499202,2026-07-08T20:09:13.505905+00:00,149.3,50,ask,EarnestEspressos,FlawlessFlatbreads,12645219
2026-07-08T20:09:13.526002,2026-07-08T20:09:13.537713+00:00,149.3,47,ask,EarnestEspressos,CostlyCorianders,12645220
2026-07-08T20:09:14.469541,2026-07-08T20:09:14.481039+00:00,149.3,44,ask,EarnestEspressos,CostlyCorianders,12645241
2026-07-08T20:09:15.035148,2026-07-08T20:09:15.046980+00:00,149.3,9,ask,EarnestEspressos,DiligentDonuts,12645248
2026-07-08T20:09:15.555087,2026-07-08T20:09:15.566729+00:00,149.3,50,bid,FlawlessFlatbreads,DiligentDonuts,12645250
2026-07-08T20:09:16.470316,2026-07-08T20:09:16.478800+00:00,149.0,26,bid,Xuanyu Liu,EarnestEspressos,12645265
2026-07-08T20:09:17.417999,2026-07-08T20:09:17.429437+00:00,149.0,44,bid,CostlyCorianders,EarnestEspressos,12645282
2026-07-08T20:09:18.145421,2026-07-08T20:09:18.163672+00:00,149.0,80,bid,DiligentDonuts,EarnestEspressos,12645292
2026-07-08T20:09:18.212507,2026-07-08T20:09:18.221572+00:00,149.1,20,ask,DiligentDonuts,Xuanyu Liu,12645293
2026-07-08T20:09:18.896667,2026-07-08T20:09:18.906785+00:00,149.0,3,ask,EarnestEspressos,Xuanyu Liu,12645300
2026-07-08T20:09:19.088107,2026-07-08T20:09:19.096238+00:00,149.0,3,ask,EarnestEspressos,Xuanyu Liu,12645307
2026-07-08T20:09:19.891534,2026-07-08T20:09:19.899804+00:00,149.5,46,bid,CostlyCorianders,EarnestEspressos,12645316
2026-07-08T20:09:23.863877,2026-07-08T20:09:23.872981+00:00,149.0,46,ask,EarnestEspressos,CostlyCorianders,12645372
2026-07-08T20:09:26.171882,2026-07-08T20:09:26.179477+00:00,148.8,50,ask,EarnestEspressos,FlawlessFlatbreads,12645399
2026-07-08T20:09:28.288533,2026-07-08T20:09:28.298169+00:00,148.8,50,ask,EarnestEspressos,FlawlessFlatbreads,12645433
2026-07-08T20:09:30.395928,2026-07-08T20:09:30.403225+00:00,148.8,50,ask,DiligentDonuts,FlawlessFlatbreads,12645456
2026-07-08T20:09:30.883935,2026-07-08T20:09:30.895415+00:00,149.1,44,bid,CostlyCorianders,EarnestEspressos,12645461
2026-07-08T20:09:31.409852,2026-07-08T20:09:31.416375+00:00,148.7,46,ask,DiligentDonuts,CostlyCorianders,12645466
2026-07-08T20:09:32.506047,2026-07-08T20:09:32.516405+00:00,148.8,50,ask,EarnestEspressos,FlawlessFlatbreads,12645479
2026-07-08T20:09:34.613133,2026-07-08T20:09:34.622371+00:00,148.8,50,ask,EarnestEspressos,FlawlessFlatbreads,12645504
2026-07-08T20:09:34.759656,2026-07-08T20:09:34.769068+00:00,148.8,3,bid,Xuanyu Liu,EarnestEspressos,12645505
2026-07-08T20:09:35.357115,2026-07-08T20:09:35.350026+00:00,148.8,48,bid,CostlyCorianders,EarnestEspressos,12645511
2026-07-08T20:09:36.334824,2026-07-08T20:09:36.344510+00:00,148.8,48,bid,CostlyCorianders,EarnestEspressos,12645525
2026-07-08T20:09:36.667726,2026-07-08T20:09:36.679513+00:00,148.8,50,bid,FlawlessFlatbreads,EarnestEspressos,12645526
2026-07-08T20:09:38.780766,2026-07-08T20:09:38.792605+00:00,149.0,50,bid,FlawlessFlatbreads,DiligentDonuts,12645556
2026-07-08T20:09:42.380654,2026-07-08T20:09:42.392667+00:00,148.9,48,ask,EarnestEspressos,CostlyCorianders,12645595
2026-07-08T20:09:43.001161,2026-07-08T20:09:43.012811+00:00,149.1,50,bid,FlawlessFlatbreads,DiligentDonuts,12645608
2026-07-08T20:09:43.020225,2026-07-08T20:09:43.029581+00:00,148.9,41,ask,EarnestEspressos,CostlyCorianders,12645609
2026-07-08T20:09:43.504452,2026-07-08T20:09:43.513598+00:00,148.9,61,ask,EarnestEspressos,DiligentDonuts,12645617
2026-07-08T20:09:44.098458,2026-07-08T20:09:44.110257+00:00,148.9,39,bid,CostlyCorianders,DiligentDonuts,12645623
2026-07-08T20:09:44.098458,2026-07-08T20:09:44.110257+00:00,149.4,10,bid,CostlyCorianders,EarnestEspressos,12645624
2026-07-08T20:09:45.108269,2026-07-08T20:09:45.119936+00:00,148.8,50,bid,FlawlessFlatbreads,EarnestEspressos,12645641
2026-07-08T20:09:45.210467,2026-07-08T20:09:45.221622+00:00,148.8,43,bid,CostlyCorianders,EarnestEspressos,12645644
2026-07-08T20:09:46.614102,2026-07-08T20:09:46.623593+00:00,148.8,57,bid,DiligentDonuts,EarnestEspressos,12645666
2026-07-08T20:09:47.102548,2026-07-08T20:09:47.111163+00:00,149.1,3,ask,DiligentDonuts,Xuanyu Liu,12645673
2026-07-08T20:09:47.247647,2026-07-08T20:09:47.254132+00:00,149.6,50,bid,FlawlessFlatbreads,DiligentDonuts,12645675
2026-07-08T20:09:47.704060,2026-07-08T20:09:47.717489+00:00,149.1,40,ask,DiligentDonuts,CostlyCorianders,12645680
2026-07-08T20:09:49.354854,2026-07-08T20:09:49.354053+00:00,149.5,50,bid,FlawlessFlatbreads,EarnestEspressos,12645703
2026-07-08T20:09:51.316316,2026-07-08T20:09:51.327673+00:00,149.3,42,ask,EarnestEspressos,CostlyCorianders,12645733
2026-07-08T20:09:51.841881,2026-07-08T20:09:51.858531+00:00,149.6,48,bid,CostlyCorianders,DiligentDonuts,12645740
2026-07-08T20:09:53.642969,2026-07-08T20:09:53.654659+00:00,149.1,50,ask,DiligentDonuts,FlawlessFlatbreads,12645759
2026-07-08T20:09:55.699044,2026-07-08T20:09:55.708200+00:00,149.6,50,bid,FlawlessFlatbreads,DiligentDonuts,12645792
2026-07-08T20:09:56.265311,2026-07-08T20:09:56.272218+00:00,149.3,43,ask,DiligentDonuts,CostlyCorianders,12645798
2026-07-08T20:09:58.332205,2026-07-08T20:09:58.343870+00:00,149.7,47,bid,CostlyCorianders,EarnestEspressos,12645818
2026-07-08T20:09:58.428481,2026-07-08T20:09:58.438966+00:00,149.3,3,ask,DiligentDonuts,Xuanyu Liu,12645820
2026-07-08T20:10:00.981475,2026-07-08T20:10:00.992179+00:00,149.2,41,ask,EarnestEspressos,CostlyCorianders,12645862
2026-07-08T20:10:01.626473,2026-07-08T20:10:01.638168+00:00,149.4,41,bid,CostlyCorianders,DiligentDonuts,12645876
2026-07-08T20:10:02.064760,2026-07-08T20:10:02.076563+00:00,149.2,50,ask,EarnestEspressos,FlawlessFlatbreads,12645879
2026-07-08T20:10:04.173502,2026-07-08T20:10:04.185237+00:00,149.1,50,ask,DiligentDonuts,FlawlessFlatbreads,12645928
2026-07-08T20:10:06.235039,2026-07-08T20:10:06.245007+00:00,149.3,50,bid,FlawlessFlatbreads,EarnestEspressos,12645958
2026-07-08T20:10:07.170697,2026-07-08T20:10:07.182343+00:00,149.1,45,ask,EarnestEspressos,CostlyCorianders,12645968
2026-07-08T20:10:07.708663,2026-07-08T20:10:07.715594+00:00,149.1,49,ask,EarnestEspressos,CostlyCorianders,12645981
2026-07-08T20:10:10.232507,2026-07-08T20:10:10.240359+00:00,149.0,41,bid,CostlyCorianders,EarnestEspressos,12646010
2026-07-08T20:10:10.496020,2026-07-08T20:10:10.507877+00:00,148.8,50,ask,DiligentDonuts,FlawlessFlatbreads,12646014
2026-07-08T20:10:11.262573,2026-07-08T20:10:11.271168+00:00,149.0,47,bid,CostlyCorianders,EarnestEspressos,12646027
2026-07-08T20:10:11.316294,2026-07-08T20:10:11.323846+00:00,148.8,47,ask,DiligentDonuts,CostlyCorianders,12646028
2026-07-08T20:10:11.991995,2026-07-08T20:10:12.003734+00:00,148.9,3,bid,Xuanyu Liu,DiligentDonuts,12646034
2026-07-08T20:10:12.911666,2026-07-08T20:10:12.922848+00:00,148.9,40,bid,CostlyCorianders,DiligentDonuts,12646044
2026-07-08T20:10:16.813306,2026-07-08T20:10:16.825019+00:00,148.7,50,ask,EarnestEspressos,FlawlessFlatbreads,12646103
2026-07-08T20:10:19.760398,2026-07-08T20:10:19.769335+00:00,148.4,45,ask,EarnestEspressos,CostlyCorianders,12646135
2026-07-08T20:10:20.973211,2026-07-08T20:10:20.982339+00:00,148.8,50,bid,FlawlessFlatbreads,DiligentDonuts,12646157
2026-07-08T20:10:21.557933,2026-07-08T20:10:21.569352+00:00,148.9,48,bid,CostlyCorianders,EarnestEspressos,12646166
2026-07-08T20:10:23.080699,2026-07-08T20:10:23.092417+00:00,149.0,50,bid,FlawlessFlatbreads,DiligentDonuts,12646193
2026-07-08T20:10:25.238356,2026-07-08T20:10:25.250044+00:00,148.7,50,ask,DiligentDonuts,FlawlessFlatbreads,12646220
2026-07-08T20:10:27.655628,2026-07-08T20:10:27.667182+00:00,148.7,49,ask,DiligentDonuts,CostlyCorianders,12646253
2026-07-08T20:10:29.453559,2026-07-08T20:10:29.465206+00:00,148.6,50,ask,EarnestEspressos,FlawlessFlatbreads,12646278
2026-07-08T20:10:29.781079,2026-07-08T20:10:29.792467+00:00,149.0,40,bid,CostlyCorianders,DiligentDonuts,12646287
2026-07-08T20:10:29.835901,2026-07-08T20:10:29.845447+00:00,148.6,43,ask,EarnestEspressos,CostlyCorianders,12646289
2026-07-08T20:10:30.977584,2026-07-08T20:10:30.985634+00:00,149.1,46,bid,CostlyCorianders,EarnestEspressos,12646307
2026-07-08T20:10:31.560225,2026-07-08T20:10:31.571636+00:00,148.6,50,ask,EarnestEspressos,FlawlessFlatbreads,12646316
2026-07-08T20:10:31.695398,2026-07-08T20:10:31.706964+00:00,148.6,100,ask,DiligentDonuts,EarnestEspressos,12646318
2026-07-08T20:10:31.870207,2026-07-08T20:10:31.878455+00:00,148.5,3,bid,Xuanyu Liu,EarnestEspressos,12646322
2026-07-08T20:10:32.072667,2026-07-08T20:10:32.084282+00:00,148.5,47,bid,CostlyCorianders,EarnestEspressos,12646324
2026-07-08T20:10:33.020467,2026-07-08T20:10:33.031352+00:00,148.0,45,ask,EarnestEspressos,CostlyCorianders,12646342
2026-07-08T20:10:33.674896,2026-07-08T20:10:33.683694+00:00,148.0,50,ask,EarnestEspressos,FlawlessFlatbreads,12646348
2026-07-08T20:10:34.521674,2026-07-08T20:10:34.533195+00:00,148.3,43,ask,DiligentDonuts,CostlyCorianders,12646359
2026-07-08T20:10:35.781640,2026-07-08T20:10:35.793136+00:00,148.5,50,ask,EarnestEspressos,FlawlessFlatbreads,12646376
2026-07-08T20:10:37.788434,2026-07-08T20:10:37.796151+00:00,148.5,3,ask,EarnestEspressos,Xuanyu Liu,12646391
2026-07-08T20:10:37.889188,2026-07-08T20:10:37.899457+00:00,148.5,50,ask,EarnestEspressos,FlawlessFlatbreads,12646393
2026-07-08T20:10:38.039793,2026-07-08T20:10:38.049310+00:00,148.2,100,ask,DiligentDonuts,EarnestEspressos,12646397
2026-07-08T20:10:38.050573,2026-07-08T20:10:38.060329+00:00,148.1,14,bid,Xuanyu Liu,EarnestEspressos,12646399
2026-07-08T20:10:38.470988,2026-07-08T20:10:38.480925+00:00,148.1,12,bid,Xuanyu Liu,EarnestEspressos,12646410
2026-07-08T20:10:39.096954,2026-07-08T20:10:39.123743+00:00,148.1,11,bid,Xuanyu Liu,EarnestEspressos,12646425
2026-07-08T20:10:39.555314,2026-07-08T20:10:39.567144+00:00,148.1,13,bid,CostlyCorianders,EarnestEspressos,12646432
2026-07-08T20:10:39.555314,2026-07-08T20:10:39.567144+00:00,148.7,27,bid,CostlyCorianders,DiligentDonuts,12646433
2026-07-08T20:10:39.943995,2026-07-08T20:10:39.950316+00:00,148.7,50,bid,FlawlessFlatbreads,DiligentDonuts,12646439
2026-07-08T20:10:41.148250,2026-07-08T20:10:41.158602+00:00,148.5,100,bid,EarnestEspressos,DiligentDonuts,12646455
2026-07-08T20:10:41.216226,2026-07-08T20:10:41.225634+00:00,148.5,11,ask,EarnestEspressos,Xuanyu Liu,12646457
2026-07-08T20:10:41.580613,2026-07-08T20:10:41.590646+00:00,148.5,12,ask,EarnestEspressos,Xuanyu Liu,12646464
2026-07-08T20:10:42.058197,2026-07-08T20:10:42.069714+00:00,149.0,50,bid,FlawlessFlatbreads,EarnestEspressos,12646470
2026-07-08T20:10:44.169613,2026-07-08T20:10:44.179647+00:00,148.8,50,bid,FlawlessFlatbreads,DiligentDonuts,12646497
2026-07-08T20:10:44.832233,2026-07-08T20:10:44.844070+00:00,148.7,45,bid,CostlyCorianders,EarnestEspressos,12646501
2026-07-08T20:10:45.460714,2026-07-08T20:10:45.467539+00:00,148.3,49,ask,DiligentDonuts,CostlyCorianders,12646512
2026-07-08T20:10:46.275658,2026-07-08T20:10:46.285517+00:00,148.7,50,bid,FlawlessFlatbreads,EarnestEspressos,12646524
2026-07-08T20:10:46.444047,2026-07-08T20:10:46.452046+00:00,148.7,41,bid,CostlyCorianders,EarnestEspressos,12646530
2026-07-08T20:10:46.497728,2026-07-08T20:10:46.506485+00:00,148.3,47,ask,DiligentDonuts,CostlyCorianders,12646531
2026-07-08T20:10:47.494219,2026-07-08T20:10:47.500907+00:00,148.8,100,bid,EarnestEspressos,DiligentDonuts,12646539
2026-07-08T20:10:47.582272,2026-07-08T20:10:47.596260+00:00,148.9,14,ask,EarnestEspressos,Xuanyu Liu,12646541
2026-07-08T20:10:48.259575,2026-07-08T20:10:48.268367+00:00,148.9,3,ask,EarnestEspressos,Xuanyu Liu,12646549
2026-07-08T20:10:48.441325,2026-07-08T20:10:48.452883+00:00,148.9,33,ask,EarnestEspressos,FlawlessFlatbreads,12646551
2026-07-08T20:10:48.441325,2026-07-08T20:10:48.452883+00:00,148.3,17,ask,DiligentDonuts,FlawlessFlatbreads,12646552
2026-07-08T20:10:48.668656,2026-07-08T20:10:48.680294+00:00,148.3,46,ask,DiligentDonuts,CostlyCorianders,12646553
2026-07-08T20:10:49.942220,2026-07-08T20:10:49.981484+00:00,148.7,3,bid,Xuanyu Liu,DiligentDonuts,12646565
2026-07-08T20:10:52.293598,2026-07-08T20:10:52.305399+00:00,148.5,48,bid,CostlyCorianders,EarnestEspressos,12646608
2026-07-08T20:10:54.780948,2026-07-08T20:10:54.788163+00:00,148.3,50,ask,DiligentDonuts,FlawlessFlatbreads,12646639
2026-07-08T20:10:59.927924,2026-07-08T20:10:59.935042+00:00,148.2,42,ask,EarnestEspressos,CostlyCorianders,12646698
2026-07-08T20:11:01.032780,2026-07-08T20:11:01.044335+00:00,148.6,45,bid,CostlyCorianders,DiligentDonuts,12646710
2026-07-08T20:11:01.043497,2026-07-08T20:11:01.055203+00:00,148.6,50,bid,FlawlessFlatbreads,DiligentDonuts,12646711
2026-07-08T20:11:05.515618,2026-07-08T20:11:05.527561+00:00,148.4,47,bid,CostlyCorianders,EarnestEspressos,12646771
2026-07-08T20:11:08.653865,2026-07-08T20:11:08.658595+00:00,148.0,40,ask,DiligentDonuts,CostlyCorianders,12646817
2026-07-08T20:11:11.631935,2026-07-08T20:11:11.641251+00:00,147.9,50,ask,DiligentDonuts,FlawlessFlatbreads,12646846
2026-07-08T20:11:13.739352,2026-07-08T20:11:13.751150+00:00,147.7,50,ask,EarnestEspressos,FlawlessFlatbreads,12646874
2026-07-08T20:11:15.796320,2026-07-08T20:11:15.805567+00:00,148.2,50,bid,FlawlessFlatbreads,EarnestEspressos,12646903
2026-07-08T20:11:16.769993,2026-07-08T20:11:16.778076+00:00,148.2,45,bid,CostlyCorianders,DiligentDonuts,12646919
2026-07-08T20:11:17.811723,2026-07-08T20:11:17.826478+00:00,147.7,48,ask,DiligentDonuts,CostlyCorianders,12646925
2026-07-08T20:11:17.954640,2026-07-08T20:11:17.964897+00:00,147.7,50,ask,DiligentDonuts,FlawlessFlatbreads,12646929
2026-07-08T20:11:18.433349,2026-07-08T20:11:18.442144+00:00,147.7,100,ask,EarnestEspressos,DiligentDonuts,12646942
2026-07-08T20:11:18.801698,2026-07-08T20:11:18.813314+00:00,147.7,47,ask,EarnestEspressos,CostlyCorianders,12646947
2026-07-08T20:11:19.226470,2026-07-08T20:11:19.235471+00:00,147.6,26,bid,Xuanyu Liu,EarnestEspressos,12646954
2026-07-08T20:11:19.887458,2026-07-08T20:11:19.898711+00:00,147.6,46,bid,CostlyCorianders,EarnestEspressos,12646965
2026-07-08T20:11:20.009595,2026-07-08T20:11:20.021021+00:00,147.6,50,bid,FlawlessFlatbreads,EarnestEspressos,12646967
2026-07-08T20:11:21.447516,2026-07-08T20:11:21.456824+00:00,147.6,28,bid,CostlyCorianders,EarnestEspressos,12646983
2026-07-08T20:11:22.116975,2026-07-08T20:11:22.125264+00:00,148.0,50,bid,FlawlessFlatbreads,DiligentDonuts,12646992
2026-07-08T20:11:22.487748,2026-07-08T20:11:22.495810+00:00,147.5,44,ask,DiligentDonuts,CostlyCorianders,12646999
2026-07-08T20:11:23.118993,2026-07-08T20:11:23.130830+00:00,147.5,46,ask,DiligentDonuts,CostlyCorianders,12647011
2026-07-08T20:11:24.223458,2026-07-08T20:11:24.235298+00:00,148.0,50,bid,FlawlessFlatbreads,DiligentDonuts,12647029
2026-07-08T20:11:25.034690,2026-07-08T20:11:25.046266+00:00,148.0,46,bid,CostlyCorianders,EarnestEspressos,12647035
2026-07-08T20:11:25.504544,2026-07-08T20:11:25.514202+00:00,147.7,12,ask,EarnestEspressos,Xuanyu Liu,12647041
2026-07-08T20:11:26.383413,2026-07-08T20:11:26.394988+00:00,147.7,50,ask,EarnestEspressos,FlawlessFlatbreads,12647055
2026-07-08T20:11:27.648276,2026-07-08T20:11:27.656341+00:00,147.7,11,ask,EarnestEspressos,Xuanyu Liu,12647075
2026-07-08T20:11:28.491184,2026-07-08T20:11:28.502650+00:00,147.7,50,ask,EarnestEspressos,FlawlessFlatbreads,12647083
2026-07-08T20:11:29.575686,2026-07-08T20:11:29.586068+00:00,147.4,45,ask,DiligentDonuts,CostlyCorianders,12647099
2026-07-08T20:11:30.664559,2026-07-08T20:11:30.676269+00:00,147.6,42,bid,CostlyCorianders,EarnestEspressos,12647114
2026-07-08T20:11:31.274369,2026-07-08T20:11:31.285865+00:00,147.6,45,bid,CostlyCorianders,EarnestEspressos,12647120
2026-07-08T20:11:31.744464,2026-07-08T20:11:31.758608+00:00,147.3,49,ask,DiligentDonuts,CostlyCorianders,12647125
2026-07-08T20:11:32.707721,2026-07-08T20:11:32.719354+00:00,147.4,50,ask,EarnestEspressos,FlawlessFlatbreads,12647132
2026-07-08T20:11:34.814684,2026-07-08T20:11:34.821801+00:00,147.4,50,ask,EarnestEspressos,FlawlessFlatbreads,12647157
2026-07-08T20:11:36.921532,2026-07-08T20:11:36.932929+00:00,147.0,50,ask,DiligentDonuts,FlawlessFlatbreads,12647184
2026-07-08T20:11:37.446320,2026-07-08T20:11:37.455222+00:00,147.3,11,bid,Xuanyu Liu,DiligentDonuts,12647192
2026-07-08T20:11:39.038268,2026-07-08T20:11:39.048797+00:00,146.9,50,ask,EarnestEspressos,FlawlessFlatbreads,12647218
2026-07-08T20:11:39.678673,2026-07-08T20:11:39.690060+00:00,147.3,43,bid,CostlyCorianders,DiligentDonuts,12647230
2026-07-08T20:11:39.732964,2026-07-08T20:11:39.744497+00:00,146.9,46,ask,EarnestEspressos,CostlyCorianders,12647231
2026-07-08T20:11:41.094786,2026-07-08T20:11:41.106477+00:00,147.4,50,bid,FlawlessFlatbreads,EarnestEspressos,12647257
2026-07-08T20:11:42.217069,2026-07-08T20:11:42.228480+00:00,147.1,48,bid,CostlyCorianders,EarnestEspressos,12647274
2026-07-08T20:11:43.202511,2026-07-08T20:11:43.212033+00:00,147.1,50,bid,FlawlessFlatbreads,EarnestEspressos,12647289
2026-07-08T20:11:44.266538,2026-07-08T20:11:44.274198+00:00,146.8,48,ask,DiligentDonuts,CostlyCorianders,12647305
2026-07-08T20:11:46.477444,2026-07-08T20:11:46.487291+00:00,147.3,40,bid,CostlyCorianders,DiligentDonuts,12647341
2026-07-08T20:11:47.473383,2026-07-08T20:11:47.484830+00:00,147.0,50,ask,DiligentDonuts,FlawlessFlatbreads,12647359
2026-07-08T20:11:48.305960,2026-07-08T20:11:48.314135+00:00,147.2,41,ask,EarnestEspressos,CostlyCorianders,12647370
2026-07-08T20:11:48.787422,2026-07-08T20:11:48.798918+00:00,147.5,46,bid,CostlyCorianders,DiligentDonuts,12647378
2026-07-08T20:11:49.578710,2026-07-08T20:11:49.590249+00:00,147.2,50,ask,EarnestEspressos,FlawlessFlatbreads,12647387
2026-07-08T20:11:50.759355,2026-07-08T20:11:50.770954+00:00,147.2,40,ask,DiligentDonuts,CostlyCorianders,12647406
2026-07-08T20:11:50.861175,2026-07-08T20:11:50.869627+00:00,147.3,12,bid,Xuanyu Liu,EarnestEspressos,12647409
2026-07-08T20:11:51.686930,2026-07-08T20:11:51.696281+00:00,147.2,50,ask,DiligentDonuts,FlawlessFlatbreads,12647418
2026-07-08T20:11:52.616889,2026-07-08T20:11:52.628647+00:00,147.3,47,bid,CostlyCorianders,EarnestEspressos,12647428
2026-07-08T20:11:53.741842,2026-07-08T20:11:53.758591+00:00,147.3,50,bid,FlawlessFlatbreads,EarnestEspressos,12647444
2026-07-08T20:11:55.375597,2026-07-08T20:11:55.385668+00:00,147.2,42,ask,EarnestEspressos,CostlyCorianders,12647470
2026-07-08T20:11:55.850529,2026-07-08T20:11:55.860635+00:00,147.3,50,bid,FlawlessFlatbreads,DiligentDonuts,12647476
2026-07-08T20:11:56.958955,2026-07-08T20:11:56.970731+00:00,147.2,45,ask,EarnestEspressos,CostlyCorianders,12647496
2026-07-08T20:11:58.008281,2026-07-08T20:11:58.019102+00:00,147.0,50,ask,DiligentDonuts,FlawlessFlatbreads,12647509
2026-07-08T20:12:00.062930,2026-07-08T20:12:00.074496+00:00,147.1,50,bid,FlawlessFlatbreads,DiligentDonuts,12647540
2026-07-08T20:12:01.475497,2026-07-08T20:12:01.486978+00:00,147.1,41,bid,CostlyCorianders,DiligentDonuts,12647556
2026-07-08T20:12:02.097003,2026-07-08T20:12:02.108490+00:00,146.7,42,ask,EarnestEspressos,CostlyCorianders,12647570
2026-07-08T20:12:02.169748,2026-07-08T20:12:02.179058+00:00,147.1,9,bid,FlawlessFlatbreads,DiligentDonuts,12647573
2026-07-08T20:12:02.169748,2026-07-08T20:12:02.179058+00:00,147.2,41,bid,FlawlessFlatbreads,EarnestEspressos,12647574
2026-07-08T20:12:03.669817,2026-07-08T20:12:03.681672+00:00,147.2,46,bid,CostlyCorianders,EarnestEspressos,12647592
2026-07-08T20:12:04.239924,2026-07-08T20:12:04.251630+00:00,147.2,41,bid,CostlyCorianders,EarnestEspressos,12647607
2026-07-08T20:12:04.279183,2026-07-08T20:12:04.286531+00:00,147.2,50,bid,FlawlessFlatbreads,EarnestEspressos,12647608
2026-07-08T20:12:05.776695,2026-07-08T20:12:05.788333+00:00,147.0,44,ask,DiligentDonuts,CostlyCorianders,12647637
2026-07-08T20:12:08.320735,2026-07-08T20:12:08.332172+00:00,147.2,46,bid,CostlyCorianders,DiligentDonuts,12647670
2026-07-08T20:12:08.351511,2026-07-08T20:12:08.360071+00:00,147.1,12,ask,EarnestEspressos,Xuanyu Liu,12647673
2026-07-08T20:12:08.490176,2026-07-08T20:12:08.501988+00:00,147.2,50,bid,FlawlessFlatbreads,DiligentDonuts,12647675
2026-07-08T20:12:10.494490,2026-07-08T20:12:10.510504+00:00,147.0,11,ask,DiligentDonuts,Xuanyu Liu,12647698
2026-07-08T20:12:10.647587,2026-07-08T20:12:10.654275+00:00,147.0,50,ask,DiligentDonuts,FlawlessFlatbreads,12647704
2026-07-08T20:12:12.237732,2026-07-08T20:12:12.248495+00:00,147.0,100,ask,EarnestEspressos,DiligentDonuts,12647732
2026-07-08T20:12:12.428416,2026-07-08T20:12:12.435312+00:00,147.0,44,ask,EarnestEspressos,CostlyCorianders,12647738
2026-07-08T20:12:12.997871,2026-07-08T20:12:13.007864+00:00,146.9,11,bid,Xuanyu Liu,EarnestEspressos,12647743
2026-07-08T20:12:13.532794,2026-07-08T20:12:13.542816+00:00,146.9,43,bid,CostlyCorianders,EarnestEspressos,12647746
2026-07-08T20:12:14.082281,2026-07-08T20:12:14.093911+00:00,146.5,45,ask,DiligentDonuts,CostlyCorianders,12647756
2026-07-08T20:12:14.581827,2026-07-08T20:12:14.592766+00:00,146.9,40,bid,CostlyCorianders,EarnestEspressos,12647766
2026-07-08T20:12:14.808156,2026-07-08T20:12:14.818759+00:00,146.9,50,bid,FlawlessFlatbreads,EarnestEspressos,12647770
2026-07-08T20:12:15.080475,2026-07-08T20:12:15.091865+00:00,146.5,44,ask,DiligentDonuts,CostlyCorianders,12647780
2026-07-08T20:12:16.203466,2026-07-08T20:12:16.212520+00:00,147.0,49,ask,EarnestEspressos,CostlyCorianders,12647795
2026-07-08T20:12:16.915318,2026-07-08T20:12:16.927145+00:00,147.3,50,bid,FlawlessFlatbreads,DiligentDonuts,12647804
2026-07-08T20:12:19.072989,2026-07-08T20:12:19.084517+00:00,147.0,50,ask,EarnestEspressos,FlawlessFlatbreads,12647836
2026-07-08T20:12:21.130019,2026-07-08T20:12:21.141599+00:00,147.0,50,bid,FlawlessFlatbreads,EarnestEspressos,12647855
2026-07-08T20:12:23.236703,2026-07-08T20:12:23.244987+00:00,147.2,50,bid,FlawlessFlatbreads,EarnestEspressos,12647889
2026-07-08T20:12:25.344599,2026-07-08T20:12:25.356242+00:00,147.2,50,bid,FlawlessFlatbreads,EarnestEspressos,12647907
2026-07-08T20:12:25.593595,2026-07-08T20:12:25.604097+00:00,147.4,11,ask,EarnestEspressos,Xuanyu Liu,12647914
2026-07-08T20:12:25.639183,2026-07-08T20:12:25.653313+00:00,147.4,3,ask,EarnestEspressos,Xuanyu Liu,12647917
2026-07-08T20:12:26.698579,2026-07-08T20:12:26.708199+00:00,147.4,3,ask,EarnestEspressos,Xuanyu Liu,12647943
2026-07-08T20:12:27.451450,2026-07-08T20:12:27.458591+00:00,147.5,50,bid,FlawlessFlatbreads,DiligentDonuts,12647952
2026-07-08T20:12:28.052535,2026-07-08T20:12:28.058593+00:00,147.4,100,ask,EarnestEspressos,DiligentDonuts,12647966
2026-07-08T20:12:28.817824,2026-07-08T20:12:28.826781+00:00,147.2,3,bid,Xuanyu Liu,EarnestEspressos,12647972
2026-07-08T20:12:29.558770,2026-07-08T20:12:29.570554+00:00,147.2,50,bid,FlawlessFlatbreads,EarnestEspressos,12647982
2026-07-08T20:12:31.161206,2026-07-08T20:12:31.170784+00:00,147.2,97,bid,DiligentDonuts,EarnestEspressos,12648014
2026-07-08T20:12:31.698146,2026-07-08T20:12:31.705862+00:00,147.9,50,bid,FlawlessFlatbreads,DiligentDonuts,12648020
2026-07-08T20:12:35.229932,2026-07-08T20:12:35.241712+00:00,147.1,42,ask,DiligentDonuts,CostlyCorianders,12648064
2026-07-08T20:12:35.925155,2026-07-08T20:12:35.942684+00:00,147.6,50,bid,FlawlessFlatbreads,DiligentDonuts,12648073
2026-07-08T20:12:37.196905,2026-07-08T20:12:37.205218+00:00,147.1,3,ask,DiligentDonuts,Xuanyu Liu,12648096
2026-07-08T20:12:38.994943,2026-07-08T20:12:39.006361+00:00,147.2,47,bid,CostlyCorianders,DiligentDonuts,12648114
2026-07-08T20:12:40.215694,2026-07-08T20:12:40.227306+00:00,146.9,50,ask,EarnestEspressos,FlawlessFlatbreads,12648132
2026-07-08T20:12:40.933089,2026-07-08T20:12:40.942850+00:00,147.4,41,bid,CostlyCorianders,EarnestEspressos,12648147
2026-07-08T20:12:44.050843,2026-07-08T20:12:44.064982+00:00,146.9,44,ask,EarnestEspressos,CostlyCorianders,12648189
2026-07-08T20:12:45.620104,2026-07-08T20:12:45.632248+00:00,147.2,44,bid,CostlyCorianders,EarnestEspressos,12648212
2026-07-08T20:12:45.674132,2026-07-08T20:12:45.685606+00:00,146.9,48,ask,DiligentDonuts,CostlyCorianders,12648215
2026-07-08T20:12:46.530175,2026-07-08T20:12:46.541877+00:00,146.9,50,ask,DiligentDonuts,FlawlessFlatbreads,12648237
2026-07-08T20:12:47.990562,2026-07-08T20:12:48.002366+00:00,146.9,40,ask,EarnestEspressos,CostlyCorianders,12648262
2026-07-08T20:12:48.639634,2026-07-08T20:12:48.647502+00:00,146.9,50,ask,EarnestEspressos,FlawlessFlatbreads,12648268
2026-07-08T20:12:50.750770,2026-07-08T20:12:50.758596+00:00,146.9,50,ask,EarnestEspressos,FlawlessFlatbreads,12648304
2026-07-08T20:12:50.972910,2026-07-08T20:12:50.982299+00:00,146.7,3,bid,Xuanyu Liu,EarnestEspressos,12648307
2026-07-08T20:12:51.851728,2026-07-08T20:12:51.858190+00:00,146.7,49,bid,CostlyCorianders,EarnestEspressos,12648321
2026-07-08T20:12:54.963707,2026-07-08T20:12:54.971338+00:00,146.6,50,ask,DiligentDonuts,FlawlessFlatbreads,12648363
2026-07-08T20:12:57.070943,2026-07-08T20:12:57.082524+00:00,146.4,50,ask,EarnestEspressos,FlawlessFlatbreads,12648389
2026-07-08T20:12:59.180418,2026-07-08T20:12:59.191866+00:00,146.3,50,ask,DiligentDonuts,FlawlessFlatbreads,12648417
2026-07-08T20:13:00.896342,2026-07-08T20:13:00.903380+00:00,146.8,41,bid,CostlyCorianders,DiligentDonuts,12648436
2026-07-08T20:13:01.853331,2026-07-08T20:13:01.865272+00:00,146.3,46,ask,DiligentDonuts,CostlyCorianders,12648443
2026-07-08T20:13:03.342286,2026-07-08T20:13:03.358558+00:00,146.8,50,bid,FlawlessFlatbreads,EarnestEspressos,12648464
2026-07-08T20:13:06.737078,2026-07-08T20:13:06.748917+00:00,146.8,41,bid,CostlyCorianders,DiligentDonuts,12648518
2026-07-08T20:13:07.552295,2026-07-08T20:13:07.564066+00:00,146.8,50,bid,FlawlessFlatbreads,DiligentDonuts,12648534
2026-07-08T20:13:08.711742,2026-07-08T20:13:08.720014+00:00,146.8,9,bid,Xuanyu Liu,DiligentDonuts,12648554
2026-07-08T20:13:09.305420,2026-07-08T20:13:09.316863+00:00,147.1,45,bid,CostlyCorianders,EarnestEspressos,12648563
2026-07-08T20:13:09.358872,2026-07-08T20:13:09.370398+00:00,147.0,43,ask,DiligentDonuts,CostlyCorianders,12648564
2026-07-08T20:13:09.660369,2026-07-08T20:13:09.672018+00:00,147.1,50,bid,FlawlessFlatbreads,EarnestEspressos,12648570
2026-07-08T20:13:09.887109,2026-07-08T20:13:09.894907+00:00,147.0,44,ask,DiligentDonuts,CostlyCorianders,12648574
2026-07-08T20:13:09.936678,2026-07-08T20:13:09.947669+00:00,147.2,9,ask,EarnestEspressos,Xuanyu Liu,12648575
2026-07-08T20:13:11.056710,2026-07-08T20:13:11.068939+00:00,147.2,43,ask,EarnestEspressos,CostlyCorianders,12648584
2026-07-08T20:13:11.703344,2026-07-08T20:13:11.711445+00:00,147.2,3,ask,EarnestEspressos,Xuanyu Liu,12648594
2026-07-08T20:13:11.821485,2026-07-08T20:13:11.831282+00:00,147.2,50,ask,EarnestEspressos,FlawlessFlatbreads,12648600
2026-07-08T20:13:12.384130,2026-07-08T20:13:12.392551+00:00,147.2,45,ask,EarnestEspressos,DiligentDonuts,12648612
2026-07-08T20:13:12.398977,2026-07-08T20:13:12.408746+00:00,146.9,3,bid,Xuanyu Liu,DiligentDonuts,12648613
2026-07-08T20:13:13.558187,2026-07-08T20:13:13.569751+00:00,146.9,47,bid,CostlyCorianders,DiligentDonuts,12648621
2026-07-08T20:13:13.926386,2026-07-08T20:13:13.937746+00:00,146.4,50,ask,DiligentDonuts,FlawlessFlatbreads,12648622
2026-07-08T20:13:16.033633,2026-07-08T20:13:16.043709+00:00,146.7,50,ask,DiligentDonuts,FlawlessFlatbreads,12648656
2026-07-08T20:13:18.142756,2026-07-08T20:13:18.150273+00:00,146.7,50,ask,DiligentDonuts,FlawlessFlatbreads,12648692
2026-07-08T20:13:18.922466,2026-07-08T20:13:18.936243+00:00,146.9,3,bid,Xuanyu Liu,DiligentDonuts,12648700
2026-07-08T20:13:19.003391,2026-07-08T20:13:19.011375+00:00,146.9,43,bid,CostlyCorianders,DiligentDonuts,12648704
2026-07-08T20:13:20.249547,2026-07-08T20:13:20.258560+00:00,146.6,50,ask,EarnestEspressos,FlawlessFlatbreads,12648717
2026-07-08T20:13:21.258809,2026-07-08T20:13:21.270284+00:00,146.6,45,ask,EarnestEspressos,CostlyCorianders,12648727
2026-07-08T20:13:22.305571,2026-07-08T20:13:22.317208+00:00,147.1,50,bid,FlawlessFlatbreads,EarnestEspressos,12648738
2026-07-08T20:13:23.580473,2026-07-08T20:13:23.588396+00:00,146.8,41,bid,CostlyCorianders,EarnestEspressos,12648750
2026-07-08T20:13:23.780884,2026-07-08T20:13:23.790709+00:00,146.8,11,bid,Xuanyu Liu,EarnestEspressos,12648752
2026-07-08T20:13:24.413634,2026-07-08T20:13:24.424859+00:00,146.8,50,bid,FlawlessFlatbreads,EarnestEspressos,12648759
2026-07-08T20:13:24.455416,2026-07-08T20:13:24.464550+00:00,146.8,12,bid,Xuanyu Liu,EarnestEspressos,12648761
2026-07-08T20:13:24.992356,2026-07-08T20:13:25.010465+00:00,146.8,36,bid,DiligentDonuts,EarnestEspressos,12648765
2026-07-08T20:13:25.758383,2026-07-08T20:13:25.768284+00:00,147.1,23,ask,EarnestEspressos,Xuanyu Liu,12648772
2026-07-08T20:13:26.272536,2026-07-08T20:13:26.283910+00:00,147.3,43,bid,CostlyCorianders,DiligentDonuts,12648780
2026-07-08T20:13:26.570378,2026-07-08T20:13:26.577198+00:00,147.1,50,ask,EarnestEspressos,FlawlessFlatbreads,12648783
2026-07-08T20:13:28.688692,2026-07-08T20:13:28.695172+00:00,147.1,50,ask,EarnestEspressos,FlawlessFlatbreads,12648809
2026-07-08T20:13:28.696495,2026-07-08T20:13:28.704623+00:00,147.1,3,ask,EarnestEspressos,Xuanyu Liu,12648810
2026-07-08T20:13:30.743316,2026-07-08T20:13:30.755150+00:00,147.0,50,bid,FlawlessFlatbreads,EarnestEspressos,12648834
2026-07-08T20:13:31.123394,2026-07-08T20:13:31.131996+00:00,147.0,3,bid,Xuanyu Liu,EarnestEspressos,12648839
2026-07-08T20:13:32.436058,2026-07-08T20:13:32.447852+00:00,146.8,45,ask,EarnestEspressos,CostlyCorianders,12648854
2026-07-08T20:13:32.849416,2026-07-08T20:13:32.858634+00:00,147.2,50,bid,FlawlessFlatbreads,DiligentDonuts,12648858
2026-07-08T20:13:33.632176,2026-07-08T20:13:33.640420+00:00,147.2,11,bid,Xuanyu Liu,DiligentDonuts,12648866
2026-07-08T20:13:34.490805,2026-07-08T20:13:34.500838+00:00,147.3,100,bid,DiligentDonuts,EarnestEspressos,12648872
2026-07-08T20:13:34.845213,2026-07-08T20:13:34.856740+00:00,146.8,47,ask,EarnestEspressos,CostlyCorianders,12648874
2026-07-08T20:13:34.965008,2026-07-08T20:13:34.976572+00:00,147.3,50,bid,FlawlessFlatbreads,EarnestEspressos,12648878
2026-07-08T20:13:35.724726,2026-07-08T20:13:35.736479+00:00,147.2,45,ask,EarnestEspressos,CostlyCorianders,12648887
2026-07-08T20:13:36.259559,2026-07-08T20:13:36.272095+00:00,147.2,11,ask,EarnestEspressos,Xuanyu Liu,12648896
2026-07-08T20:13:39.175127,2026-07-08T20:13:39.186693+00:00,147.3,50,bid,FlawlessFlatbreads,DiligentDonuts,12648938
2026-07-08T20:13:41.351559,2026-07-08T20:13:41.355775+00:00,147.0,50,ask,DiligentDonuts,FlawlessFlatbreads,12648964
2026-07-08T20:13:43.407827,2026-07-08T20:13:43.419470+00:00,147.4,50,bid,FlawlessFlatbreads,EarnestEspressos,12648987
2026-07-08T20:13:43.746776,2026-07-08T20:13:43.758380+00:00,147.4,48,bid,CostlyCorianders,EarnestEspressos,12648991
2026-07-08T20:13:44.871173,2026-07-08T20:13:44.882776+00:00,147.3,49,ask,EarnestEspressos,CostlyCorianders,12649009
2026-07-08T20:13:45.516360,2026-07-08T20:13:45.527922+00:00,147.4,50,bid,FlawlessFlatbreads,DiligentDonuts,12649019
2026-07-08T20:13:46.874900,2026-07-08T20:13:46.886218+00:00,147.4,43,bid,CostlyCorianders,DiligentDonuts,12649034
2026-07-08T20:13:47.688006,2026-07-08T20:13:47.697105+00:00,147.7,50,bid,FlawlessFlatbreads,DiligentDonuts,12649042
2026-07-08T20:13:48.406232,2026-07-08T20:13:48.417896+00:00,147.2,43,ask,DiligentDonuts,CostlyCorianders,12649060
2026-07-08T20:13:49.460445,2026-07-08T20:13:49.471852+00:00,147.7,42,bid,CostlyCorianders,DiligentDonuts,12649075
2026-07-08T20:13:49.850100,2026-07-08T20:13:49.852582+00:00,147.2,50,ask,DiligentDonuts,FlawlessFlatbreads,12649083
2026-07-08T20:13:50.596954,2026-07-08T20:13:50.608767+00:00,147.7,40,bid,CostlyCorianders,EarnestEspressos,12649093
2026-07-08T20:13:51.759753,2026-07-08T20:13:51.769429+00:00,147.3,3,ask,EarnestEspressos,Xuanyu Liu,12649109
2026-07-08T20:13:51.957227,2026-07-08T20:13:51.958590+00:00,147.3,50,ask,EarnestEspressos,FlawlessFlatbreads,12649114
2026-07-08T20:13:53.520479,2026-07-08T20:13:53.529900+00:00,147.3,97,ask,EarnestEspressos,DiligentDonuts,12649132
2026-07-08T20:13:54.067322,2026-07-08T20:13:54.077315+00:00,146.8,50,ask,DiligentDonuts,FlawlessFlatbreads,12649142
2026-07-08T20:13:56.172788,2026-07-08T20:13:56.184600+00:00,146.8,50,ask,DiligentDonuts,FlawlessFlatbreads,12649176
2026-07-08T20:13:56.505170,2026-07-08T20:13:56.514358+00:00,147.0,3,bid,Xuanyu Liu,EarnestEspressos,12649180
2026-07-08T20:13:57.430571,2026-07-08T20:13:57.442209+00:00,146.9,100,ask,DiligentDonuts,EarnestEspressos,12649198
2026-07-08T20:13:57.711304,2026-07-08T20:13:57.719726+00:00,146.9,11,bid,Xuanyu Liu,EarnestEspressos,12649201
2026-07-08T20:13:58.280893,2026-07-08T20:13:58.292666+00:00,146.4,50,ask,EarnestEspressos,FlawlessFlatbreads,12649207
2026-07-08T20:13:58.320763,2026-07-08T20:13:58.329742+00:00,146.9,12,bid,Xuanyu Liu,EarnestEspressos,12649209
2026-07-08T20:13:58.435008,2026-07-08T20:13:58.446865+00:00,146.9,27,bid,CostlyCorianders,EarnestEspressos,12649213
2026-07-08T20:13:58.435008,2026-07-08T20:13:58.446865+00:00,147.4,20,bid,CostlyCorianders,DiligentDonuts,12649214
2026-07-08T20:14:00.389067,2026-07-08T20:14:00.397830+00:00,146.8,50,ask,DiligentDonuts,FlawlessFlatbreads,12649238
2026-07-08T20:14:00.557778,2026-07-08T20:14:00.567479+00:00,147.2,12,ask,EarnestEspressos,Xuanyu Liu,12649240
2026-07-08T20:14:02.496064,2026-07-08T20:14:02.503935+00:00,147.2,50,ask,EarnestEspressos,FlawlessFlatbreads,12649275
2026-07-08T20:14:04.602370,2026-07-08T20:14:04.614083+00:00,147.0,50,ask,EarnestEspressos,FlawlessFlatbreads,12649304
2026-07-08T20:14:06.711653,2026-07-08T20:14:06.721046+00:00,147.0,50,ask,EarnestEspressos,FlawlessFlatbreads,12649336
2026-07-08T20:14:07.134902,2026-07-08T20:14:07.146430+00:00,146.9,49,ask,DiligentDonuts,CostlyCorianders,12649341
2026-07-08T20:14:07.751448,2026-07-08T20:14:07.760003+00:00,147.3,45,bid,CostlyCorianders,EarnestEspressos,12649361
2026-07-08T20:14:08.818029,2026-07-08T20:14:08.829598+00:00,146.9,50,ask,DiligentDonuts,FlawlessFlatbreads,12649373
2026-07-08T20:14:09.359426,2026-07-08T20:14:09.368034+00:00,147.0,12,bid,Xuanyu Liu,DiligentDonuts,12649375
2026-07-08T20:14:09.641058,2026-07-08T20:14:09.652801+00:00,147.0,40,bid,CostlyCorianders,DiligentDonuts,12649377
2026-07-08T20:14:09.696518,2026-07-08T20:14:09.708426+00:00,146.8,41,ask,EarnestEspressos,CostlyCorianders,12649379
2026-07-08T20:14:11.703405,2026-07-08T20:14:11.710676+00:00,146.6,43,ask,EarnestEspressos,CostlyCorianders,12649399
2026-07-08T20:14:13.279469,2026-07-08T20:14:13.290930+00:00,147.0,11,bid,Xuanyu Liu,EarnestEspressos,12649414
2026-07-08T20:14:14.304621,2026-07-08T20:14:14.313058+00:00,147.0,23,bid,Xuanyu Liu,EarnestEspressos,12649429
2026-07-08T20:14:15.090431,2026-07-08T20:14:15.102173+00:00,147.0,50,bid,FlawlessFlatbreads,EarnestEspressos,12649449
2026-07-08T20:14:17.196424,2026-07-08T20:14:17.203809+00:00,147.4,50,bid,FlawlessFlatbreads,DiligentDonuts,12649478
2026-07-08T20:14:19.302227,2026-07-08T20:14:19.313900+00:00,147.4,50,bid,FlawlessFlatbreads,EarnestEspressos,12649511
2026-07-08T20:14:20.964032,2026-07-08T20:14:20.975631+00:00,147.4,44,bid,CostlyCorianders,DiligentDonuts,12649530
2026-07-08T20:14:21.461091,2026-07-08T20:14:21.469398+00:00,147.0,50,ask,EarnestEspressos,FlawlessFlatbreads,12649535
2026-07-08T20:14:22.538154,2026-07-08T20:14:22.549367+00:00,147.0,48,ask,EarnestEspressos,CostlyCorianders,12649548
2026-07-08T20:14:23.567965,2026-07-08T20:14:23.579640+00:00,147.0,50,ask,DiligentDonuts,FlawlessFlatbreads,12649561
2026-07-08T20:14:25.675581,2026-07-08T20:14:25.683030+00:00,146.8,50,ask,DiligentDonuts,FlawlessFlatbreads,12649599
2026-07-08T20:14:26.783810,2026-07-08T20:14:26.792282+00:00,147.2,44,bid,CostlyCorianders,EarnestEspressos,12649615
2026-07-08T20:14:27.736199,2026-07-08T20:14:27.746037+00:00,147.2,50,bid,FlawlessFlatbreads,EarnestEspressos,12649628
2026-07-08T20:14:28.461037,2026-07-08T20:14:28.472701+00:00,146.9,43,ask,DiligentDonuts,CostlyCorianders,12649631
2026-07-08T20:14:29.049573,2026-07-08T20:14:29.063997+00:00,147.3,11,ask,EarnestEspressos,Xuanyu Liu,12649641
2026-07-08T20:14:29.845005,2026-07-08T20:14:29.854534+00:00,147.4,50,bid,FlawlessFlatbreads,DiligentDonuts,12649649
2026-07-08T20:14:30.181518,2026-07-08T20:14:30.189910+00:00,147.4,45,bid,CostlyCorianders,DiligentDonuts,12649653
