timestamp,recv_time,price,volume,aggressor_side,buyer,seller,trade_id
2026-07-05T06:00:02.019401,2026-07-05T06:00:02.031592+00:00,137.6,50,bid,FlawlessFlatbreads,EarnestEspressos,7950795
2026-07-05T06:00:04.154477,2026-07-05T06:00:04.168963+00:00,137.6,50,bid,FlawlessFlatbreads,EarnestEspressos,7950837
2026-07-05T06:00:04.316295,2026-07-05T06:00:04.326620+00:00,137.5,3,ask,EarnestEspressos,Xuanyu Liu,7950840
2026-07-05T06:00:07.479099,2026-07-05T06:00:07.488265+00:00,137.6,100,bid,EarnestEspressos,DiligentDonuts,7950876
2026-07-05T06:00:08.424046,2026-07-05T06:00:08.464055+00:00,137.6,50,ask,EarnestEspressos,FlawlessFlatbreads,7950890
2026-07-05T06:00:08.475036,2026-07-05T06:00:08.487143+00:00,138.1,49,bid,CostlyCorianders,EarnestEspressos,7950891
2026-07-05T06:00:10.533187,2026-07-05T06:00:10.544138+00:00,137.4,50,ask,DiligentDonuts,FlawlessFlatbreads,7950921
2026-07-05T06:00:12.132189,2026-07-05T06:00:12.139003+00:00,137.4,47,ask,DiligentDonuts,CostlyCorianders,7950946
2026-07-05T06:00:12.727505,2026-07-05T06:00:12.738925+00:00,137.7,47,bid,CostlyCorianders,EarnestEspressos,7950947
2026-07-05T06:00:14.596111,2026-07-05T06:00:14.605010+00:00,137.6,25,bid,Harold Schneider,DiligentDonuts,7950976
2026-07-05T06:00:14.624861,2026-07-05T06:00:14.637098+00:00,137.6,49,bid,CostlyCorianders,DiligentDonuts,7950977
2026-07-05T06:00:14.716352,2026-07-05T06:00:14.728649+00:00,137.6,26,bid,FlawlessFlatbreads,DiligentDonuts,7950979
2026-07-05T06:00:14.716352,2026-07-05T06:00:14.728649+00:00,137.9,24,bid,FlawlessFlatbreads,EarnestEspressos,7950980
2026-07-05T06:00:15.109997,2026-07-05T06:00:15.122470+00:00,137.4,48,ask,EarnestEspressos,CostlyCorianders,7950991
2026-07-05T06:00:16.889591,2026-07-05T06:00:16.897019+00:00,137.4,50,ask,EarnestEspressos,FlawlessFlatbreads,7951010
2026-07-05T06:00:17.323160,2026-07-05T06:00:17.335225+00:00,137.5,43,bid,CostlyCorianders,EarnestEspressos,7951016
2026-07-05T06:00:18.998164,2026-07-05T06:00:19.010334+00:00,137.4,50,ask,DiligentDonuts,FlawlessFlatbreads,7951050
2026-07-05T06:00:23.085019,2026-07-05T06:00:23.097333+00:00,137.3,47,ask,DiligentDonuts,CostlyCorianders,7951114
2026-07-05T06:00:23.241129,2026-07-05T06:00:23.253213+00:00,137.3,50,ask,DiligentDonuts,FlawlessFlatbreads,7951116
2026-07-05T06:00:24.133791,2026-07-05T06:00:24.141456+00:00,137.3,3,ask,DiligentDonuts,CostlyCorianders,7951127
2026-07-05T06:00:25.103202,2026-07-05T06:00:25.115579+00:00,137.7,44,bid,CostlyCorianders,EarnestEspressos,7951143
2026-07-05T06:00:25.375402,2026-07-05T06:00:25.383777+00:00,137.2,50,ask,EarnestEspressos,FlawlessFlatbreads,7951150
2026-07-05T06:00:25.769213,2026-07-05T06:00:25.781411+00:00,137.2,42,ask,EarnestEspressos,CostlyCorianders,7951160
2026-07-05T06:00:27.483362,2026-07-05T06:00:27.490093+00:00,137.0,50,ask,EarnestEspressos,FlawlessFlatbreads,7951178
2026-07-05T06:00:27.940611,2026-07-05T06:00:27.951213+00:00,137.4,43,bid,CostlyCorianders,DiligentDonuts,7951190
2026-07-05T06:00:28.410465,2026-07-05T06:00:28.422841+00:00,137.4,41,bid,CostlyCorianders,DiligentDonuts,7951198
2026-07-05T06:00:29.199879,2026-07-05T06:00:29.209049+00:00,137.4,3,bid,Xuanyu Liu,EarnestEspressos,7951203
2026-07-05T06:00:29.620689,2026-07-05T06:00:29.632428+00:00,137.3,50,ask,DiligentDonuts,FlawlessFlatbreads,7951208
2026-07-05T06:00:31.206420,2026-07-05T06:00:31.216336+00:00,137.4,11,bid,Xuanyu Liu,EarnestEspressos,7951232
2026-07-05T06:00:31.526929,2026-07-05T06:00:31.534141+00:00,137.4,4,bid,Aaron Tian,EarnestEspressos,7951244
2026-07-05T06:00:31.730474,2026-07-05T06:00:31.742555+00:00,137.3,8,ask,DiligentDonuts,FlawlessFlatbreads,7951249
2026-07-05T06:00:31.730474,2026-07-05T06:00:31.742555+00:00,136.9,42,ask,EarnestEspressos,FlawlessFlatbreads,7951250
2026-07-05T06:00:33.223976,2026-07-05T06:00:33.235989+00:00,136.9,49,ask,DiligentDonuts,CostlyCorianders,7951277
2026-07-05T06:00:33.848287,2026-07-05T06:00:33.863675+00:00,136.9,50,ask,DiligentDonuts,FlawlessFlatbreads,7951281
2026-07-05T06:00:34.311920,2026-07-05T06:00:34.320716+00:00,137.3,47,bid,CostlyCorianders,EarnestEspressos,7951291
2026-07-05T06:00:34.671679,2026-07-05T06:00:34.681779+00:00,137.3,2,bid,Harold Schneider,EarnestEspressos,7951296
2026-07-05T06:00:34.692888,2026-07-05T06:00:34.702378+00:00,137.3,2,bid,Harold Schneider,EarnestEspressos,7951297
2026-07-05T06:00:34.808879,2026-07-05T06:00:34.821566+00:00,137.3,4,bid,Aaron Tian,EarnestEspressos,7951299
2026-07-05T06:00:35.963336,2026-07-05T06:00:35.974800+00:00,136.8,50,ask,EarnestEspressos,FlawlessFlatbreads,7951321
2026-07-05T06:00:37.064880,2026-07-05T06:00:37.074042+00:00,137.2,12,bid,Xuanyu Liu,DiligentDonuts,7951335
2026-07-05T06:00:37.555401,2026-07-05T06:00:37.563983+00:00,137.2,40,bid,CostlyCorianders,DiligentDonuts,7951344
2026-07-05T06:00:38.039093,2026-07-05T06:00:38.063707+00:00,137.2,48,bid,FlawlessFlatbreads,DiligentDonuts,7951353
2026-07-05T06:00:38.039093,2026-07-05T06:00:38.063707+00:00,137.3,2,bid,FlawlessFlatbreads,EarnestEspressos,7951354
2026-07-05T06:00:39.156228,2026-07-05T06:00:39.168703+00:00,136.9,48,ask,DiligentDonuts,CostlyCorianders,7951363
2026-07-05T06:00:39.742242,2026-07-05T06:00:39.748856+00:00,137.2,2,bid,Harold Schneider,EarnestEspressos,7951386
2026-07-05T06:00:40.148723,2026-07-05T06:00:40.155536+00:00,137.2,50,bid,FlawlessFlatbreads,EarnestEspressos,7951393
2026-07-05T06:00:40.726175,2026-07-05T06:00:40.737983+00:00,136.9,44,ask,DiligentDonuts,CostlyCorianders,7951402
2026-07-05T06:00:42.280239,2026-07-05T06:00:42.289873+00:00,137.1,50,bid,FlawlessFlatbreads,DiligentDonuts,7951422
2026-07-05T06:00:42.307106,2026-07-05T06:00:42.319576+00:00,137.1,11,bid,Xuanyu Liu,DiligentDonuts,7951424
2026-07-05T06:00:42.365601,2026-07-05T06:00:42.373788+00:00,137.1,39,bid,EarnestEspressos,DiligentDonuts,7951430
2026-07-05T06:00:44.393035,2026-07-05T06:00:44.402010+00:00,137.6,50,bid,FlawlessFlatbreads,EarnestEspressos,7951470
2026-07-05T06:00:44.765071,2026-07-05T06:00:44.772920+00:00,137.6,2,bid,Harold Schneider,EarnestEspressos,7951478
2026-07-05T06:00:44.966316,2026-07-05T06:00:44.978350+00:00,137.6,44,bid,CostlyCorianders,EarnestEspressos,7951480
2026-07-05T06:00:46.239561,2026-07-05T06:00:46.249266+00:00,137.3,23,ask,EarnestEspressos,Xuanyu Liu,7951498
2026-07-05T06:00:46.522857,2026-07-05T06:00:46.534370+00:00,137.7,50,bid,FlawlessFlatbreads,DiligentDonuts,7951503
2026-07-05T06:00:46.546154,2026-07-05T06:00:46.555440+00:00,137.3,48,ask,EarnestEspressos,CostlyCorianders,7951506
2026-07-05T06:00:48.629302,2026-07-05T06:00:48.636483+00:00,137.5,50,bid,FlawlessFlatbreads,DiligentDonuts,7951534
2026-07-05T06:00:49.786664,2026-07-05T06:00:49.795808+00:00,137.4,2,bid,Harold Schneider,EarnestEspressos,7951558
2026-07-05T06:00:50.744670,2026-07-05T06:00:50.753088+00:00,137.4,50,bid,FlawlessFlatbreads,EarnestEspressos,7951574
2026-07-05T06:00:52.851538,2026-07-05T06:00:52.858432+00:00,137.6,50,bid,FlawlessFlatbreads,EarnestEspressos,7951600
2026-07-05T06:00:53.040000,2026-07-05T06:00:53.047810+00:00,137.6,45,bid,CostlyCorianders,EarnestEspressos,7951603
2026-07-05T06:00:53.543736,2026-07-05T06:00:53.558559+00:00,137.2,49,ask,DiligentDonuts,CostlyCorianders,7951614
2026-07-05T06:00:54.101302,2026-07-05T06:00:54.111258+00:00,137.2,11,ask,DiligentDonuts,Xuanyu Liu,7951633
2026-07-05T06:00:54.168701,2026-07-05T06:00:54.177542+00:00,137.2,40,ask,DiligentDonuts,CostlyCorianders,7951637
2026-07-05T06:00:54.740324,2026-07-05T06:00:54.752776+00:00,137.2,49,bid,FlawlessFlatbreads,DiligentDonuts,7951643
2026-07-05T06:00:54.804334,2026-07-05T06:00:54.811684+00:00,137.2,2,bid,Harold Schneider,DiligentDonuts,7951644
2026-07-05T06:00:54.993809,2026-07-05T06:00:55.001804+00:00,137.2,49,bid,CostlyCorianders,DiligentDonuts,7951647
2026-07-05T06:00:54.993809,2026-07-05T06:00:55.006826+00:00,137.6,1,bid,FlawlessFlatbreads,EarnestEspressos,7951648
2026-07-05T06:00:55.779035,2026-07-05T06:00:55.790731+00:00,137.7,43,bid,CostlyCorianders,EarnestEspressos,7951663
2026-07-05T06:00:56.798402,2026-07-05T06:00:56.810434+00:00,137.2,47,ask,EarnestEspressos,CostlyCorianders,7951672
2026-07-05T06:00:57.109796,2026-07-05T06:00:57.121885+00:00,137.7,50,bid,FlawlessFlatbreads,EarnestEspressos,7951675
2026-07-05T06:00:58.237647,2026-07-05T06:00:58.246784+00:00,137.5,3,ask,EarnestEspressos,Xuanyu Liu,7951688
2026-07-05T06:00:59.236309,2026-07-05T06:00:59.243805+00:00,137.6,50,bid,FlawlessFlatbreads,DiligentDonuts,7951701
2026-07-05T06:00:59.840252,2026-07-05T06:00:59.852043+00:00,137.6,2,bid,Harold Schneider,DiligentDonuts,7951710
2026-07-05T06:01:00.115839,2026-07-05T06:01:00.127907+00:00,137.5,42,ask,EarnestEspressos,CostlyCorianders,7951714
2026-07-05T06:01:01.345545,2026-07-05T06:01:01.355825+00:00,138.0,50,bid,FlawlessFlatbreads,DiligentDonuts,7951739
2026-07-05T06:01:01.741897,2026-07-05T06:01:01.754074+00:00,137.9,40,bid,CostlyCorianders,EarnestEspressos,7951747
2026-07-05T06:01:02.358788,2026-07-05T06:01:02.370601+00:00,137.5,48,ask,DiligentDonuts,CostlyCorianders,7951753
2026-07-05T06:01:02.867541,2026-07-05T06:01:02.879275+00:00,137.9,45,bid,CostlyCorianders,EarnestEspressos,7951761
2026-07-05T06:01:03.504860,2026-07-05T06:01:03.517029+00:00,137.5,50,ask,DiligentDonuts,FlawlessFlatbreads,7951767
2026-07-05T06:01:04.555021,2026-07-05T06:01:04.573013+00:00,137.8,100,bid,EarnestEspressos,DiligentDonuts,7951781
2026-07-05T06:01:04.623161,2026-07-05T06:01:04.632624+00:00,137.9,14,ask,EarnestEspressos,Xuanyu Liu,7951785
2026-07-05T06:01:04.852865,2026-07-05T06:01:04.865186+00:00,137.9,25,ask,EarnestEspressos,Harold Schneider,7951790
2026-07-05T06:01:05.613492,2026-07-05T06:01:05.625803+00:00,137.9,11,ask,EarnestEspressos,FlawlessFlatbreads,7951801
2026-07-05T06:01:05.613492,2026-07-05T06:01:05.625803+00:00,137.3,39,ask,DiligentDonuts,FlawlessFlatbreads,7951802
2026-07-05T06:01:07.698585,2026-07-05T06:01:07.709633+00:00,137.8,50,bid,FlawlessFlatbreads,DiligentDonuts,7951840
2026-07-05T06:01:07.783024,2026-07-05T06:01:07.791372+00:00,137.5,11,bid,Xuanyu Liu,EarnestEspressos,7951842
2026-07-05T06:01:09.810640,2026-07-05T06:01:09.820815+00:00,137.5,50,bid,FlawlessFlatbreads,EarnestEspressos,7951870
2026-07-05T06:01:11.949160,2026-07-05T06:01:11.968759+00:00,137.8,50,bid,FlawlessFlatbreads,EarnestEspressos,7951899
2026-07-05T06:01:13.537835,2026-07-05T06:01:13.550508+00:00,137.8,47,bid,CostlyCorianders,EarnestEspressos,7951930
2026-07-05T06:01:14.108591,2026-07-05T06:01:14.120305+00:00,137.8,50,ask,EarnestEspressos,FlawlessFlatbreads,7951935
2026-07-05T06:01:14.219927,2026-07-05T06:01:14.231809+00:00,137.8,44,ask,EarnestEspressos,CostlyCorianders,7951937
2026-07-05T06:01:14.884288,2026-07-05T06:01:14.903432+00:00,137.8,23,ask,EarnestEspressos,Xuanyu Liu,7951957
2026-07-05T06:01:14.913983,2026-07-05T06:01:14.929473+00:00,137.8,25,ask,EarnestEspressos,Harold Schneider,7951960
2026-07-05T06:01:16.089060,2026-07-05T06:01:16.100725+00:00,137.8,8,ask,EarnestEspressos,CostlyCorianders,7951983
2026-07-05T06:01:16.089060,2026-07-05T06:01:16.100725+00:00,137.6,33,ask,DiligentDonuts,CostlyCorianders,7951984
2026-07-05T06:01:16.223805,2026-07-05T06:01:16.233358+00:00,137.6,50,ask,DiligentDonuts,FlawlessFlatbreads,7951986
2026-07-05T06:01:17.265021,2026-07-05T06:01:17.274139+00:00,137.6,12,bid,Xuanyu Liu,EarnestEspressos,7951992
2026-07-05T06:01:20.460461,2026-07-05T06:01:20.472871+00:00,137.1,50,ask,DiligentDonuts,FlawlessFlatbreads,7952056
2026-07-05T06:01:21.016036,2026-07-05T06:01:21.025744+00:00,137.5,11,bid,Xuanyu Liu,EarnestEspressos,7952068
2026-07-05T06:01:22.568229,2026-07-05T06:01:22.575318+00:00,137.1,50,ask,DiligentDonuts,FlawlessFlatbreads,7952098
2026-07-05T06:01:22.908476,2026-07-05T06:01:22.918533+00:00,137.4,3,bid,Xuanyu Liu,DiligentDonuts,7952108
2026-07-05T06:01:24.678829,2026-07-05T06:01:24.690985+00:00,137.4,45,bid,CostlyCorianders,DiligentDonuts,7952143
2026-07-05T06:01:24.707070,2026-07-05T06:01:24.718935+00:00,137.3,50,ask,EarnestEspressos,FlawlessFlatbreads,7952144
2026-07-05T06:01:26.813602,2026-07-05T06:01:26.825632+00:00,137.5,50,ask,DiligentDonuts,FlawlessFlatbreads,7952182
2026-07-05T06:01:27.797397,2026-07-05T06:01:27.807292+00:00,137.5,44,ask,DiligentDonuts,CostlyCorianders,7952193
2026-07-05T06:01:28.962271,2026-07-05T06:01:28.974755+00:00,137.5,6,ask,DiligentDonuts,FlawlessFlatbreads,7952214
2026-07-05T06:01:28.962271,2026-07-05T06:01:28.974755+00:00,137.3,44,ask,EarnestEspressos,FlawlessFlatbreads,7952215
2026-07-05T06:01:29.538635,2026-07-05T06:01:29.547599+00:00,137.4,3,bid,Xuanyu Liu,DiligentDonuts,7952221
2026-07-05T06:01:29.957265,2026-07-05T06:01:29.963980+00:00,137.4,25,bid,Harold Schneider,DiligentDonuts,7952234
2026-07-05T06:01:29.975692,2026-07-05T06:01:29.986804+00:00,137.3,10,bid,Xuanyu Liu,Harold Schneider,7952236
2026-07-05T06:01:31.075730,2026-07-05T06:01:31.084030+00:00,137.2,10,ask,Harold Schneider,FlawlessFlatbreads,7952246
2026-07-05T06:01:31.075730,2026-07-05T06:01:31.089230+00:00,137.1,40,ask,EarnestEspressos,FlawlessFlatbreads,7952247
2026-07-05T06:01:32.097099,2026-07-05T06:01:32.108978+00:00,137.4,45,bid,CostlyCorianders,DiligentDonuts,7952265
2026-07-05T06:01:33.184575,2026-07-05T06:01:33.196452+00:00,137.2,50,ask,DiligentDonuts,FlawlessFlatbreads,7952281
2026-07-05T06:01:34.246207,2026-07-05T06:01:34.256418+00:00,137.2,10,ask,DiligentDonuts,Xuanyu Liu,7952293
2026-07-05T06:01:35.293544,2026-07-05T06:01:35.305900+00:00,137.2,40,ask,DiligentDonuts,FlawlessFlatbreads,7952309
2026-07-05T06:01:35.293544,2026-07-05T06:01:35.305900+00:00,136.9,10,ask,EarnestEspressos,FlawlessFlatbreads,7952310
2026-07-05T06:01:35.567736,2026-07-05T06:01:35.576197+00:00,137.1,11,bid,Xuanyu Liu,DiligentDonuts,7952317
2026-07-05T06:01:37.406280,2026-07-05T06:01:37.416407+00:00,136.6,50,ask,DiligentDonuts,FlawlessFlatbreads,7952347
2026-07-05T06:01:39.512757,2026-07-05T06:01:39.525244+00:00,136.6,50,ask,DiligentDonuts,FlawlessFlatbreads,7952380
2026-07-05T06:01:39.997084,2026-07-05T06:01:40.006190+00:00,137.1,25,bid,Harold Schneider,DiligentDonuts,7952391
2026-07-05T06:01:40.012795,2026-07-05T06:01:40.018528+00:00,137.0,10,bid,Xuanyu Liu,Harold Schneider,7952393
2026-07-05T06:01:41.325969,2026-07-05T06:01:41.335436+00:00,137.1,2,bid,Xuanyu Liu,DiligentDonuts,7952413
2026-07-05T06:01:41.620900,2026-07-05T06:01:41.629072+00:00,136.6,50,ask,DiligentDonuts,FlawlessFlatbreads,7952421
2026-07-05T06:01:41.889730,2026-07-05T06:01:41.899267+00:00,137.0,11,bid,Xuanyu Liu,DiligentDonuts,7952427
2026-07-05T06:01:43.727984,2026-07-05T06:01:43.740005+00:00,136.8,50,ask,EarnestEspressos,FlawlessFlatbreads,7952463
2026-07-05T06:01:45.019110,2026-07-05T06:01:45.029509+00:00,137.3,1,bid,Harold Schneider,EarnestEspressos,7952480
2026-07-05T06:01:45.040776,2026-07-05T06:01:45.050264+00:00,137.3,2,bid,Harold Schneider,EarnestEspressos,7952482
2026-07-05T06:01:45.259483,2026-07-05T06:01:45.268946+00:00,137.0,12,bid,Xuanyu Liu,DiligentDonuts,7952488
2026-07-05T06:01:45.848824,2026-07-05T06:01:45.856605+00:00,136.7,50,ask,EarnestEspressos,FlawlessFlatbreads,7952493
2026-07-05T06:01:46.852723,2026-07-05T06:01:46.864837+00:00,137.0,48,bid,CostlyCorianders,DiligentDonuts,7952514
2026-07-05T06:01:47.419054,2026-07-05T06:01:47.431182+00:00,137.0,40,bid,CostlyCorianders,DiligentDonuts,7952522
2026-07-05T06:01:47.419054,2026-07-05T06:01:47.431182+00:00,137.2,2,bid,CostlyCorianders,EarnestEspressos,7952523
2026-07-05T06:01:47.955177,2026-07-05T06:01:47.967331+00:00,136.7,50,ask,EarnestEspressos,FlawlessFlatbreads,7952532
2026-07-05T06:01:48.978262,2026-07-05T06:01:49.013961+00:00,137.0,100,ask,DiligentDonuts,EarnestEspressos,7952552
2026-07-05T06:01:49.003141,2026-07-05T06:01:49.013961+00:00,136.9,22,bid,Xuanyu Liu,EarnestEspressos,7952556
2026-07-05T06:01:50.069439,2026-07-05T06:01:50.085906+00:00,136.4,50,ask,EarnestEspressos,FlawlessFlatbreads,7952573
2026-07-05T06:01:50.090250,2026-07-05T06:01:50.101300+00:00,136.9,2,bid,Harold Schneider,EarnestEspressos,7952574
2026-07-05T06:01:50.938574,2026-07-05T06:01:50.950461+00:00,136.9,26,bid,CostlyCorianders,EarnestEspressos,7952585
2026-07-05T06:01:52.176635,2026-07-05T06:01:52.187603+00:00,136.7,50,ask,DiligentDonuts,FlawlessFlatbreads,7952605
2026-07-05T06:01:54.236649,2026-07-05T06:01:54.244097+00:00,137.2,50,bid,FlawlessFlatbreads,DiligentDonuts,7952638
2026-07-05T06:01:55.032577,2026-07-05T06:01:55.044672+00:00,136.7,49,ask,EarnestEspressos,CostlyCorianders,7952650
2026-07-05T06:01:55.108813,2026-07-05T06:01:55.120662+00:00,137.0,2,bid,Harold Schneider,DiligentDonuts,7952652
2026-07-05T06:01:56.372961,2026-07-05T06:01:56.385259+00:00,137.0,50,bid,FlawlessFlatbreads,DiligentDonuts,7952673
2026-07-05T06:01:58.486387,2026-07-05T06:01:58.502521+00:00,137.2,50,bid,FlawlessFlatbreads,EarnestEspressos,7952695
2026-07-05T06:01:58.596455,2026-07-05T06:01:58.604642+00:00,137.2,42,bid,CostlyCorianders,EarnestEspressos,7952698
2026-07-05T06:01:59.063814,2026-07-05T06:01:59.075942+00:00,137.0,45,ask,DiligentDonuts,CostlyCorianders,7952716
2026-07-05T06:02:00.125969,2026-07-05T06:02:00.137761+00:00,137.2,2,bid,Harold Schneider,EarnestEspressos,7952730
2026-07-05T06:02:00.230148,2026-07-05T06:02:00.237158+00:00,137.0,42,ask,DiligentDonuts,CostlyCorianders,7952732
2026-07-05T06:02:00.596553,2026-07-05T06:02:00.608592+00:00,137.2,50,bid,FlawlessFlatbreads,EarnestEspressos,7952736
2026-07-05T06:02:01.242638,2026-07-05T06:02:01.249542+00:00,137.0,42,bid,CostlyCorianders,DiligentDonuts,7952749
2026-07-05T06:02:01.582405,2026-07-05T06:02:01.599913+00:00,137.0,58,bid,EarnestEspressos,DiligentDonuts,7952754
2026-07-05T06:02:01.650649,2026-07-05T06:02:01.660041+00:00,137.3,11,ask,EarnestEspressos,Xuanyu Liu,7952755
2026-07-05T06:02:02.323658,2026-07-05T06:02:02.333431+00:00,137.3,11,ask,EarnestEspressos,Xuanyu Liu,7952764
2026-07-05T06:02:03.632794,2026-07-05T06:02:03.642563+00:00,137.3,12,ask,EarnestEspressos,Xuanyu Liu,7952780
2026-07-05T06:02:03.833570,2026-07-05T06:02:03.845305+00:00,137.3,41,ask,EarnestEspressos,CostlyCorianders,7952786
2026-07-05T06:02:04.041604,2026-07-05T06:02:04.058605+00:00,137.3,17,ask,EarnestEspressos,DiligentDonuts,7952788
2026-07-05T06:02:04.814846,2026-07-05T06:02:04.824029+00:00,137.1,12,bid,Xuanyu Liu,EarnestEspressos,7952799
2026-07-05T06:02:04.886709,2026-07-05T06:02:04.898398+00:00,136.8,50,ask,DiligentDonuts,FlawlessFlatbreads,7952803
2026-07-05T06:02:05.146489,2026-07-05T06:02:05.150368+00:00,137.1,2,bid,Harold Schneider,EarnestEspressos,7952804
2026-07-05T06:02:05.827511,2026-07-05T06:02:05.843435+00:00,137.1,11,bid,Xuanyu Liu,EarnestEspressos,7952813
2026-07-05T06:02:06.250613,2026-07-05T06:02:06.259212+00:00,137.1,11,bid,Xuanyu Liu,EarnestEspressos,7952824
2026-07-05T06:02:06.943433,2026-07-05T06:02:06.953696+00:00,137.1,50,bid,FlawlessFlatbreads,EarnestEspressos,7952839
2026-07-05T06:02:09.326894,2026-07-05T06:02:09.334486+00:00,137.5,46,bid,CostlyCorianders,DiligentDonuts,7952867
2026-07-05T06:02:09.893059,2026-07-05T06:02:09.904876+00:00,137.1,45,ask,EarnestEspressos,CostlyCorianders,7952884
2026-07-05T06:02:10.454903,2026-07-05T06:02:10.466659+00:00,137.4,10,bid,CostlyCorianders,Harold Schneider,7952896
2026-07-05T06:02:10.454903,2026-07-05T06:02:10.466659+00:00,137.6,36,bid,CostlyCorianders,EarnestEspressos,7952897
2026-07-05T06:02:11.235141,2026-07-05T06:02:11.246030+00:00,137.1,50,ask,DiligentDonuts,FlawlessFlatbreads,7952909
2026-07-05T06:02:11.422834,2026-07-05T06:02:11.432258+00:00,137.6,46,bid,CostlyCorianders,DiligentDonuts,7952914
2026-07-05T06:02:12.036385,2026-07-05T06:02:12.049120+00:00,137.1,44,ask,DiligentDonuts,CostlyCorianders,7952923
2026-07-05T06:02:13.348471,2026-07-05T06:02:13.358633+00:00,137.1,6,ask,DiligentDonuts,FlawlessFlatbreads,7952960
2026-07-05T06:02:13.348471,2026-07-05T06:02:13.358633+00:00,137.1,44,ask,EarnestEspressos,FlawlessFlatbreads,7952961
2026-07-05T06:02:15.176793,2026-07-05T06:02:15.188580+00:00,137.6,2,bid,Harold Schneider,EarnestEspressos,7952996
2026-07-05T06:02:15.407790,2026-07-05T06:02:15.415262+00:00,137.6,50,bid,FlawlessFlatbreads,EarnestEspressos,7953004
2026-07-05T06:02:17.596650,2026-07-05T06:02:17.605956+00:00,137.4,50,ask,EarnestEspressos,FlawlessFlatbreads,7953040
2026-07-05T06:02:17.689770,2026-07-05T06:02:17.701425+00:00,137.7,47,bid,CostlyCorianders,DiligentDonuts,7953042
2026-07-05T06:02:18.911069,2026-07-05T06:02:18.922488+00:00,137.4,48,ask,EarnestEspressos,CostlyCorianders,7953055
2026-07-05T06:02:19.652807,2026-07-05T06:02:19.664681+00:00,137.7,50,bid,FlawlessFlatbreads,DiligentDonuts,7953069
2026-07-05T06:02:20.200015,2026-07-05T06:02:20.211194+00:00,137.9,2,bid,Harold Schneider,EarnestEspressos,7953081
2026-07-05T06:02:20.621035,2026-07-05T06:02:20.640187+00:00,137.4,100,ask,DiligentDonuts,EarnestEspressos,7953099
2026-07-05T06:02:21.786314,2026-07-05T06:02:21.798160+00:00,137.4,50,bid,FlawlessFlatbreads,EarnestEspressos,7953121
2026-07-05T06:02:23.742390,2026-07-05T06:02:23.765808+00:00,137.6,11,ask,EarnestEspressos,Xuanyu Liu,7953144
2026-07-05T06:02:23.893593,2026-07-05T06:02:23.903092+00:00,137.8,50,bid,FlawlessFlatbreads,DiligentDonuts,7953151
2026-07-05T06:02:24.623215,2026-07-05T06:02:24.633376+00:00,137.6,11,ask,EarnestEspressos,Xuanyu Liu,7953166
2026-07-05T06:02:25.217981,2026-07-05T06:02:25.229996+00:00,137.8,2,bid,Harold Schneider,DiligentDonuts,7953173
2026-07-05T06:02:25.931980,2026-07-05T06:02:25.941403+00:00,137.6,12,ask,EarnestEspressos,Xuanyu Liu,7953182
2026-07-05T06:02:26.000590,2026-07-05T06:02:26.012530+00:00,137.8,48,bid,FlawlessFlatbreads,DiligentDonuts,7953184
2026-07-05T06:02:26.000590,2026-07-05T06:02:26.012530+00:00,138.1,2,bid,FlawlessFlatbreads,EarnestEspressos,7953185
2026-07-05T06:02:26.295200,2026-07-05T06:02:26.306888+00:00,137.6,41,ask,EarnestEspressos,CostlyCorianders,7953192
2026-07-05T06:02:28.110507,2026-07-05T06:02:28.122298+00:00,137.6,50,bid,FlawlessFlatbreads,EarnestEspressos,7953214
2026-07-05T06:02:28.547740,2026-07-05T06:02:28.557212+00:00,137.6,12,bid,Xuanyu Liu,EarnestEspressos,7953225
2026-07-05T06:02:29.296069,2026-07-05T06:02:29.304881+00:00,137.6,88,bid,DiligentDonuts,EarnestEspressos,7953232
2026-07-05T06:02:29.863433,2026-07-05T06:02:29.874220+00:00,137.7,12,ask,DiligentDonuts,Xuanyu Liu,7953247
2026-07-05T06:02:30.074643,2026-07-05T06:02:30.088224+00:00,137.7,46,ask,EarnestEspressos,CostlyCorianders,7953251
2026-07-05T06:02:30.078707,2026-07-05T06:02:30.088224+00:00,137.7,11,ask,EarnestEspressos,Xuanyu Liu,7953252
2026-07-05T06:02:30.218608,2026-07-05T06:02:30.228762+00:00,138.2,50,bid,FlawlessFlatbreads,DiligentDonuts,7953255
2026-07-05T06:02:31.650416,2026-07-05T06:02:31.658531+00:00,138.2,42,bid,CostlyCorianders,DiligentDonuts,7953274
2026-07-05T06:02:32.288879,2026-07-05T06:02:32.298885+00:00,138.2,8,bid,CostlyCorianders,DiligentDonuts,7953285
2026-07-05T06:02:32.288879,2026-07-05T06:02:32.298885+00:00,138.2,34,bid,CostlyCorianders,EarnestEspressos,7953286
2026-07-05T06:02:32.326308,2026-07-05T06:02:32.333697+00:00,138.2,50,bid,FlawlessFlatbreads,EarnestEspressos,7953287
2026-07-05T06:02:33.235377,2026-07-05T06:02:33.245645+00:00,138.0,12,ask,EarnestEspressos,Xuanyu Liu,7953302
2026-07-05T06:02:34.438591,2026-07-05T06:02:34.445435+00:00,138.1,50,bid,FlawlessFlatbreads,DiligentDonuts,7953321
2026-07-05T06:02:35.258424,2026-07-05T06:02:35.270170+00:00,138.1,2,bid,Harold Schneider,DiligentDonuts,7953336
2026-07-05T06:02:35.274930,2026-07-05T06:02:35.285548+00:00,138.1,2,bid,Harold Schneider,DiligentDonuts,7953338
2026-07-05T06:02:35.278106,2026-07-05T06:02:35.285548+00:00,138.0,42,ask,EarnestEspressos,CostlyCorianders,7953339
2026-07-05T06:02:35.895653,2026-07-05T06:02:35.907545+00:00,138.4,41,bid,CostlyCorianders,DiligentDonuts,7953343
2026-07-05T06:02:36.546175,2026-07-05T06:02:36.558568+00:00,138.4,50,bid,FlawlessFlatbreads,DiligentDonuts,7953356
2026-07-05T06:02:37.182507,2026-07-05T06:02:37.189642+00:00,138.0,48,ask,EarnestEspressos,CostlyCorianders,7953367
2026-07-05T06:02:37.790576,2026-07-05T06:02:37.799785+00:00,138.4,9,bid,CostlyCorianders,DiligentDonuts,7953374
2026-07-05T06:02:37.790576,2026-07-05T06:02:37.799785+00:00,138.5,38,bid,CostlyCorianders,EarnestEspressos,7953375
2026-07-05T06:02:38.654727,2026-07-05T06:02:38.658535+00:00,138.5,50,bid,FlawlessFlatbreads,EarnestEspressos,7953387
2026-07-05T06:02:40.345528,2026-07-05T06:02:40.355524+00:00,138.1,11,ask,DiligentDonuts,Xuanyu Liu,7953418
2026-07-05T06:02:40.764039,2026-07-05T06:02:40.773223+00:00,138.5,10,bid,FlawlessFlatbreads,Harold Schneider,7953425
2026-07-05T06:02:40.764039,2026-07-05T06:02:40.778395+00:00,138.6,40,bid,FlawlessFlatbreads,DiligentDonuts,7953426
2026-07-05T06:02:42.875557,2026-07-05T06:02:42.889015+00:00,138.7,50,bid,FlawlessFlatbreads,EarnestEspressos,7953457
2026-07-05T06:02:42.970932,2026-07-05T06:02:42.982147+00:00,138.4,6,ask,DiligentDonuts,Xuanyu Liu,7953459
2026-07-05T06:02:44.986980,2026-07-05T06:02:44.998217+00:00,138.7,50,bid,FlawlessFlatbreads,EarnestEspressos,7953501
2026-07-05T06:02:47.092946,2026-07-05T06:02:47.105297+00:00,138.8,50,bid,FlawlessFlatbreads,DiligentDonuts,7953537
2026-07-05T06:02:49.259779,2026-07-05T06:02:49.269178+00:00,138.6,50,ask,EarnestEspressos,FlawlessFlatbreads,7953567
2026-07-05T06:02:49.984297,2026-07-05T06:02:49.996174+00:00,138.6,44,ask,EarnestEspressos,CostlyCorianders,7953584
2026-07-05T06:02:50.575111,2026-07-05T06:02:50.583973+00:00,138.6,48,ask,EarnestEspressos,CostlyCorianders,7953599
2026-07-05T06:02:51.315265,2026-07-05T06:02:51.326882+00:00,139.0,50,bid,FlawlessFlatbreads,DiligentDonuts,7953606
2026-07-05T06:02:52.254154,2026-07-05T06:02:52.264568+00:00,138.9,100,ask,DiligentDonuts,EarnestEspressos,7953623
2026-07-05T06:02:52.265665,2026-07-05T06:02:52.275097+00:00,138.8,3,bid,Xuanyu Liu,EarnestEspressos,7953624
2026-07-05T06:02:53.422195,2026-07-05T06:02:53.434281+00:00,138.8,47,bid,FlawlessFlatbreads,EarnestEspressos,7953638
2026-07-05T06:02:53.422195,2026-07-05T06:02:53.434281+00:00,139.4,3,bid,FlawlessFlatbreads,DiligentDonuts,7953639
2026-07-05T06:02:55.363342,2026-07-05T06:02:55.375167+00:00,139.1,100,bid,EarnestEspressos,DiligentDonuts,7953672
2026-07-05T06:02:56.116231,2026-07-05T06:02:56.125781+00:00,139.1,3,ask,EarnestEspressos,Xuanyu Liu,7953694
2026-07-05T06:02:56.443765,2026-07-05T06:02:56.463851+00:00,139.6,40,bid,CostlyCorianders,EarnestEspressos,7953700
2026-07-05T06:02:57.529809,2026-07-05T06:02:57.542742+00:00,139.1,47,ask,EarnestEspressos,CostlyCorianders,7953721
2026-07-05T06:02:57.529809,2026-07-05T06:02:57.542742+00:00,138.6,1,ask,DiligentDonuts,CostlyCorianders,7953722
2026-07-05T06:02:57.687636,2026-07-05T06:02:57.699516+00:00,138.6,50,ask,DiligentDonuts,FlawlessFlatbreads,7953723
2026-07-05T06:02:59.742938,2026-07-05T06:02:59.758542+00:00,139.0,50,bid,FlawlessFlatbreads,EarnestEspressos,7953759
2026-07-05T06:03:02.726196,2026-07-05T06:03:02.735239+00:00,139.1,47,bid,CostlyCorianders,EarnestEspressos,7953802
2026-07-05T06:03:03.355628,2026-07-05T06:03:03.367638+00:00,138.8,48,ask,DiligentDonuts,CostlyCorianders,7953816
2026-07-05T06:03:04.002966,2026-07-05T06:03:04.014578+00:00,138.8,50,ask,DiligentDonuts,FlawlessFlatbreads,7953824
2026-07-05T06:03:05.288622,2026-07-05T06:03:05.298848+00:00,138.9,3,bid,Xuanyu Liu,DiligentDonuts,7953845
2026-07-05T06:03:05.417548,2026-07-05T06:03:05.424657+00:00,138.9,2,bid,Harold Schneider,DiligentDonuts,7953848
2026-07-05T06:03:06.111021,2026-07-05T06:03:06.122956+00:00,138.8,50,ask,EarnestEspressos,FlawlessFlatbreads,7953856
2026-07-05T06:03:08.225942,2026-07-05T06:03:08.238730+00:00,138.7,50,ask,DiligentDonuts,FlawlessFlatbreads,7953890
2026-07-05T06:03:10.283005,2026-07-05T06:03:10.295604+00:00,139.1,50,bid,FlawlessFlatbreads,EarnestEspressos,7953923
2026-07-05T06:03:10.915957,2026-07-05T06:03:10.928076+00:00,139.0,10,bid,CostlyCorianders,Harold Schneider,7953933
2026-07-05T06:03:10.915957,2026-07-05T06:03:10.928076+00:00,139.0,35,bid,CostlyCorianders,DiligentDonuts,7953934
2026-07-05T06:03:12.423535,2026-07-05T06:03:12.431757+00:00,139.0,50,bid,FlawlessFlatbreads,DiligentDonuts,7953952
2026-07-05T06:03:14.531509,2026-07-05T06:03:14.543614+00:00,139.2,50,bid,FlawlessFlatbreads,DiligentDonuts,7953987
2026-07-05T06:03:14.759624,2026-07-05T06:03:14.769536+00:00,139.0,3,ask,EarnestEspressos,Xuanyu Liu,7953991
2026-07-05T06:03:15.442366,2026-07-05T06:03:15.449896+00:00,139.0,25,ask,EarnestEspressos,Harold Schneider,7954002
2026-07-05T06:03:16.645121,2026-07-05T06:03:16.663752+00:00,139.2,50,bid,FlawlessFlatbreads,DiligentDonuts,7954020
2026-07-05T06:03:18.760360,2026-07-05T06:03:18.772764+00:00,139.3,50,bid,FlawlessFlatbreads,EarnestEspressos,7954056
2026-07-05T06:03:20.941782,2026-07-05T06:03:20.955510+00:00,139.1,50,ask,EarnestEspressos,FlawlessFlatbreads,7954086
2026-07-05T06:03:21.031166,2026-07-05T06:03:21.041267+00:00,139.1,11,ask,EarnestEspressos,Xuanyu Liu,7954088
2026-07-05T06:03:22.370831,2026-07-05T06:03:22.379048+00:00,139.1,40,ask,EarnestEspressos,CostlyCorianders,7954105
2026-07-05T06:03:23.051270,2026-07-05T06:03:23.058339+00:00,139.1,49,ask,EarnestEspressos,FlawlessFlatbreads,7954115
2026-07-05T06:03:23.930353,2026-07-05T06:03:23.956818+00:00,138.9,100,ask,DiligentDonuts,EarnestEspressos,7954135
2026-07-05T06:03:23.946160,2026-07-05T06:03:23.956818+00:00,138.8,11,bid,Xuanyu Liu,EarnestEspressos,7954136
2026-07-05T06:03:24.581337,2026-07-05T06:03:24.591368+00:00,138.8,39,bid,CostlyCorianders,EarnestEspressos,7954140
2026-07-05T06:03:24.581337,2026-07-05T06:03:24.596564+00:00,139.4,1,bid,CostlyCorianders,DiligentDonuts,7954141
2026-07-05T06:03:25.182084,2026-07-05T06:03:25.194305+00:00,138.3,50,ask,EarnestEspressos,FlawlessFlatbreads,7954154
2026-07-05T06:03:29.405053,2026-07-05T06:03:29.417144+00:00,138.9,50,ask,EarnestEspressos,FlawlessFlatbreads,7954204
2026-07-05T06:03:32.291035,2026-07-05T06:03:32.302601+00:00,139.2,42,bid,CostlyCorianders,EarnestEspressos,7954257
2026-07-05T06:03:33.384405,2026-07-05T06:03:33.394488+00:00,138.8,40,ask,EarnestEspressos,CostlyCorianders,7954272
2026-07-05T06:03:33.596758,2026-07-05T06:03:33.605794+00:00,139.2,50,bid,FlawlessFlatbreads,DiligentDonuts,7954279
2026-07-05T06:03:35.756831,2026-07-05T06:03:35.766392+00:00,138.8,50,ask,EarnestEspressos,FlawlessFlatbreads,7954312
2026-07-05T06:03:37.757417,2026-07-05T06:03:37.769324+00:00,138.8,44,bid,CostlyCorianders,EarnestEspressos,7954338
2026-07-05T06:03:37.864736,2026-07-05T06:03:37.874820+00:00,138.7,50,ask,DiligentDonuts,FlawlessFlatbreads,7954340
2026-07-05T06:03:39.971978,2026-07-05T06:03:39.980234+00:00,138.5,50,ask,EarnestEspressos,FlawlessFlatbreads,7954377
2026-07-05T06:03:42.097976,2026-07-05T06:03:42.113208+00:00,138.5,50,ask,EarnestEspressos,FlawlessFlatbreads,7954399
2026-07-05T06:03:42.779697,2026-07-05T06:03:42.791591+00:00,138.5,45,ask,EarnestEspressos,CostlyCorianders,7954408
2026-07-05T06:03:42.928318,2026-07-05T06:03:42.936218+00:00,138.5,100,ask,DiligentDonuts,EarnestEspressos,7954409
2026-07-05T06:03:42.942406,2026-07-05T06:03:42.952132+00:00,138.3,6,bid,Xuanyu Liu,EarnestEspressos,7954410
2026-07-05T06:03:44.204948,2026-07-05T06:03:44.216789+00:00,137.8,50,ask,EarnestEspressos,FlawlessFlatbreads,7954432
2026-07-05T06:03:45.566517,2026-07-05T06:03:45.577786+00:00,138.3,25,bid,Harold Schneider,EarnestEspressos,7954449
2026-07-05T06:03:46.312820,2026-07-05T06:03:46.323736+00:00,138.0,10,ask,Harold Schneider,FlawlessFlatbreads,7954459
2026-07-05T06:03:46.312820,2026-07-05T06:03:46.323736+00:00,137.9,40,ask,DiligentDonuts,FlawlessFlatbreads,7954460
2026-07-05T06:03:48.420505,2026-07-05T06:03:48.432393+00:00,137.9,50,ask,EarnestEspressos,FlawlessFlatbreads,7954489
2026-07-05T06:03:48.545690,2026-07-05T06:03:48.558562+00:00,138.2,10,bid,CostlyCorianders,Harold Schneider,7954494
2026-07-05T06:03:48.545690,2026-07-05T06:03:48.558562+00:00,138.3,34,bid,CostlyCorianders,DiligentDonuts,7954495
2026-07-05T06:03:49.161291,2026-07-05T06:03:49.169128+00:00,138.3,46,bid,CostlyCorianders,DiligentDonuts,7954508
2026-07-05T06:03:50.169465,2026-07-05T06:03:50.181422+00:00,137.8,48,ask,DiligentDonuts,CostlyCorianders,7954524
2026-07-05T06:03:50.560558,2026-07-05T06:03:50.568733+00:00,137.8,50,ask,DiligentDonuts,FlawlessFlatbreads,7954527
2026-07-05T06:03:50.597981,2026-07-05T06:03:50.604943+00:00,138.2,18,bid,Harold Schneider,EarnestEspressos,7954531
2026-07-05T06:03:52.446452,2026-07-05T06:03:52.453095+00:00,137.8,44,ask,DiligentDonuts,CostlyCorianders,7954551
2026-07-05T06:03:52.669593,2026-07-05T06:03:52.681583+00:00,137.8,50,ask,DiligentDonuts,FlawlessFlatbreads,7954555
2026-07-05T06:03:54.138667,2026-07-05T06:03:54.150944+00:00,138.1,10,bid,CostlyCorianders,Harold Schneider,7954575
2026-07-05T06:03:54.138667,2026-07-05T06:03:54.150944+00:00,138.3,35,bid,CostlyCorianders,DiligentDonuts,7954576
2026-07-05T06:03:54.834068,2026-07-05T06:03:54.871071+00:00,137.8,50,ask,EarnestEspressos,FlawlessFlatbreads,7954585
2026-07-05T06:03:54.858516,2026-07-05T06:03:54.871071+00:00,137.9,23,bid,Xuanyu Liu,DiligentDonuts,7954588
2026-07-05T06:03:55.627658,2026-07-05T06:03:55.634315+00:00,137.8,2,bid,Harold Schneider,EarnestEspressos,7954604
2026-07-05T06:03:56.032376,2026-07-05T06:03:56.044055+00:00,137.8,49,bid,CostlyCorianders,EarnestEspressos,7954609
2026-07-05T06:03:56.612064,2026-07-05T06:03:56.619620+00:00,137.4,49,ask,DiligentDonuts,CostlyCorianders,7954615
2026-07-05T06:03:56.891129,2026-07-05T06:03:56.903129+00:00,137.8,50,bid,FlawlessFlatbreads,EarnestEspressos,7954618
2026-07-05T06:03:57.859531,2026-07-05T06:03:57.869807+00:00,137.8,11,bid,Xuanyu Liu,EarnestEspressos,7954629
2026-07-05T06:03:58.708130,2026-07-05T06:03:58.715443+00:00,138.0,100,bid,EarnestEspressos,DiligentDonuts,7954640
2026-07-05T06:03:59.021669,2026-07-05T06:03:59.031616+00:00,138.5,50,bid,FlawlessFlatbreads,EarnestEspressos,7954650
2026-07-05T06:03:59.955168,2026-07-05T06:03:59.958557+00:00,138.0,41,ask,EarnestEspressos,CostlyCorianders,7954658
2026-07-05T06:04:00.652506,2026-07-05T06:04:00.658605+00:00,138.5,2,bid,Harold Schneider,EarnestEspressos,7954671
2026-07-05T06:04:00.944510,2026-07-05T06:04:00.951325+00:00,138.5,46,bid,CostlyCorianders,EarnestEspressos,7954677
2026-07-05T06:04:01.131312,2026-07-05T06:04:01.143305+00:00,138.5,50,bid,FlawlessFlatbreads,EarnestEspressos,7954681
2026-07-05T06:04:01.880377,2026-07-05T06:04:01.892364+00:00,138.1,11,ask,EarnestEspressos,Xuanyu Liu,7954689
2026-07-05T06:04:02.023524,2026-07-05T06:04:02.037741+00:00,138.1,12,ask,EarnestEspressos,Xuanyu Liu,7954693
2026-07-05T06:04:03.270746,2026-07-05T06:04:03.281860+00:00,138.3,50,bid,FlawlessFlatbreads,DiligentDonuts,7954714
2026-07-05T06:04:05.377804,2026-07-05T06:04:05.389527+00:00,138.4,50,bid,FlawlessFlatbreads,DiligentDonuts,7954736
2026-07-05T06:04:05.700058,2026-07-05T06:04:05.710926+00:00,138.4,2,bid,Harold Schneider,DiligentDonuts,7954749
2026-07-05T06:04:07.537199,2026-07-05T06:04:07.545562+00:00,138.0,50,ask,EarnestEspressos,FlawlessFlatbreads,7954774
2026-07-05T06:04:08.338925,2026-07-05T06:04:08.348843+00:00,138.0,11,ask,DiligentDonuts,Xuanyu Liu,7954785
2026-07-05T06:04:09.466190,2026-07-05T06:04:09.478016+00:00,138.0,41,ask,DiligentDonuts,CostlyCorianders,7954806
2026-07-05T06:04:09.643708,2026-07-05T06:04:09.655395+00:00,138.0,48,ask,DiligentDonuts,FlawlessFlatbreads,7954810
2026-07-05T06:04:09.643708,2026-07-05T06:04:09.655395+00:00,137.7,2,ask,EarnestEspressos,FlawlessFlatbreads,7954811
2026-07-05T06:04:10.720753,2026-07-05T06:04:10.729417+00:00,138.2,2,bid,Harold Schneider,EarnestEspressos,7954828
2026-07-05T06:04:11.752444,2026-07-05T06:04:11.763802+00:00,137.7,50,ask,DiligentDonuts,FlawlessFlatbreads,7954831
2026-07-05T06:04:14.413121,2026-07-05T06:04:14.425411+00:00,138.1,42,bid,CostlyCorianders,EarnestEspressos,7954876
2026-07-05T06:04:15.380495,2026-07-05T06:04:15.390383+00:00,138.1,41,bid,CostlyCorianders,DiligentDonuts,7954888
2026-07-05T06:04:15.736696,2026-07-05T06:04:15.748754+00:00,138.1,2,bid,Harold Schneider,DiligentDonuts,7954892
2026-07-05T06:04:15.911381,2026-07-05T06:04:15.918696+00:00,138.1,50,bid,FlawlessFlatbreads,DiligentDonuts,7954899
2026-07-05T06:04:17.510991,2026-07-05T06:04:17.523298+00:00,137.9,42,ask,EarnestEspressos,CostlyCorianders,7954919
2026-07-05T06:04:18.053859,2026-07-05T06:04:18.065833+00:00,137.9,43,ask,DiligentDonuts,CostlyCorianders,7954923
2026-07-05T06:04:18.094153,2026-07-05T06:04:18.105843+00:00,137.9,50,ask,DiligentDonuts,FlawlessFlatbreads,7954924
2026-07-05T06:04:19.766512,2026-07-05T06:04:19.776306+00:00,138.3,44,bid,CostlyCorianders,EarnestEspressos,7954951
2026-07-05T06:04:21.349621,2026-07-05T06:04:21.358884+00:00,137.7,46,ask,DiligentDonuts,CostlyCorianders,7954981
2026-07-05T06:04:22.256817,2026-07-05T06:04:22.257940+00:00,138.1,10,bid,FlawlessFlatbreads,Harold Schneider,7954999
2026-07-05T06:04:22.256817,2026-07-05T06:04:22.270495+00:00,138.2,40,bid,FlawlessFlatbreads,DiligentDonuts,7955000
2026-07-05T06:04:22.866430,2026-07-05T06:04:22.878842+00:00,138.2,40,bid,CostlyCorianders,DiligentDonuts,7955008
2026-07-05T06:04:24.416293,2026-07-05T06:04:24.427960+00:00,137.8,50,ask,EarnestEspressos,FlawlessFlatbreads,7955035
2026-07-05T06:04:25.768877,2026-07-05T06:04:25.778440+00:00,138.1,2,bid,Harold Schneider,DiligentDonuts,7955061
2026-07-05T06:04:25.915026,2026-07-05T06:04:25.927359+00:00,137.8,46,ask,EarnestEspressos,CostlyCorianders,7955064
2026-07-05T06:04:26.388472,2026-07-05T06:04:26.400610+00:00,137.8,41,ask,EarnestEspressos,CostlyCorianders,7955071
2026-07-05T06:04:26.522412,2026-07-05T06:04:26.534524+00:00,137.8,13,ask,EarnestEspressos,FlawlessFlatbreads,7955074
2026-07-05T06:04:26.522412,2026-07-05T06:04:26.534524+00:00,137.4,37,ask,DiligentDonuts,FlawlessFlatbreads,7955075
2026-07-05T06:04:27.244867,2026-07-05T06:04:27.263924+00:00,137.5,34,bid,Xuanyu Liu,EarnestEspressos,7955087
2026-07-05T06:04:28.638939,2026-07-05T06:04:28.651701+00:00,137.4,50,ask,DiligentDonuts,FlawlessFlatbreads,7955104
2026-07-05T06:04:30.318982,2026-07-05T06:04:30.327354+00:00,137.5,43,bid,CostlyCorianders,DiligentDonuts,7955138
2026-07-05T06:04:30.745763,2026-07-05T06:04:30.753618+00:00,137.1,50,ask,DiligentDonuts,FlawlessFlatbreads,7955157
2026-07-05T06:04:30.791646,2026-07-05T06:04:30.802834+00:00,137.5,2,bid,Harold Schneider,DiligentDonuts,7955158
2026-07-05T06:04:32.802562,2026-07-05T06:04:32.813360+00:00,137.5,50,bid,FlawlessFlatbreads,EarnestEspressos,7955192
2026-07-05T06:04:33.260576,2026-07-05T06:04:33.272796+00:00,137.5,12,bid,Xuanyu Liu,EarnestEspressos,7955205
2026-07-05T06:04:33.264473,2026-07-05T06:04:33.272796+00:00,137.5,47,bid,CostlyCorianders,EarnestEspressos,7955206
2026-07-05T06:04:33.548027,2026-07-05T06:04:33.559301+00:00,137.6,100,bid,EarnestEspressos,DiligentDonuts,7955216
2026-07-05T06:04:33.621858,2026-07-05T06:04:33.634224+00:00,137.8,12,ask,EarnestEspressos,Xuanyu Liu,7955220
2026-07-05T06:04:34.580441,2026-07-05T06:04:34.589937+00:00,137.8,11,ask,EarnestEspressos,Xuanyu Liu,7955235
2026-07-05T06:04:34.798714,2026-07-05T06:04:34.811088+00:00,137.8,27,ask,EarnestEspressos,CostlyCorianders,7955243
2026-07-05T06:04:35.423929,2026-07-05T06:04:35.431476+00:00,138.3,44,bid,CostlyCorianders,EarnestEspressos,7955253
2026-07-05T06:04:36.967305,2026-07-05T06:04:36.975890+00:00,137.5,45,ask,DiligentDonuts,CostlyCorianders,7955280
2026-07-05T06:04:37.080230,2026-07-05T06:04:37.090829+00:00,137.5,50,ask,DiligentDonuts,FlawlessFlatbreads,7955282
2026-07-05T06:04:38.691332,2026-07-05T06:04:38.703668+00:00,137.9,49,bid,CostlyCorianders,EarnestEspressos,7955306
2026-07-05T06:04:39.136945,2026-07-05T06:04:39.144847+00:00,137.8,50,bid,FlawlessFlatbreads,DiligentDonuts,7955312
2026-07-05T06:04:40.838536,2026-07-05T06:04:40.849843+00:00,137.8,2,bid,Harold Schneider,DiligentDonuts,7955333
2026-07-05T06:04:40.864249,2026-07-05T06:04:40.874011+00:00,137.8,2,bid,Harold Schneider,DiligentDonuts,7955336
2026-07-05T06:04:41.295248,2026-07-05T06:04:41.307389+00:00,137.6,50,ask,EarnestEspressos,FlawlessFlatbreads,7955338
2026-07-05T06:04:41.741869,2026-07-05T06:04:41.749583+00:00,137.6,42,ask,EarnestEspressos,CostlyCorianders,7955350
2026-07-05T06:04:43.101153,2026-07-05T06:04:43.110504+00:00,137.7,11,bid,Xuanyu Liu,EarnestEspressos,7955377
2026-07-05T06:04:43.353598,2026-07-05T06:04:43.365512+00:00,137.7,50,bid,FlawlessFlatbreads,EarnestEspressos,7955382
2026-07-05T06:04:45.258131,2026-07-05T06:04:45.270830+00:00,137.7,45,bid,CostlyCorianders,EarnestEspressos,7955414
2026-07-05T06:04:45.462586,2026-07-05T06:04:45.470683+00:00,137.7,44,bid,FlawlessFlatbreads,EarnestEspressos,7955416
2026-07-05T06:04:45.462586,2026-07-05T06:04:45.476093+00:00,137.9,6,bid,FlawlessFlatbreads,DiligentDonuts,7955417
2026-07-05T06:04:45.883338,2026-07-05T06:04:45.892161+00:00,137.9,2,bid,Harold Schneider,DiligentDonuts,7955422
2026-07-05T06:04:46.466283,2026-07-05T06:04:46.478651+00:00,137.7,41,ask,EarnestEspressos,CostlyCorianders,7955435
2026-07-05T06:04:47.570893,2026-07-05T06:04:47.582785+00:00,137.9,50,bid,FlawlessFlatbreads,DiligentDonuts,7955451
2026-07-05T06:04:49.684205,2026-07-05T06:04:49.696212+00:00,138.1,50,bid,FlawlessFlatbreads,DiligentDonuts,7955484
2026-07-05T06:04:50.324025,2026-07-05T06:04:50.336147+00:00,138.1,43,bid,CostlyCorianders,DiligentDonuts,7955498
2026-07-05T06:04:50.936171,2026-07-05T06:04:50.947850+00:00,137.6,48,ask,DiligentDonuts,CostlyCorianders,7955503
2026-07-05T06:04:51.792337,2026-07-05T06:04:51.799963+00:00,138.0,10,bid,FlawlessFlatbreads,Harold Schneider,7955515
2026-07-05T06:04:51.792337,2026-07-05T06:04:51.805130+00:00,138.1,40,bid,FlawlessFlatbreads,EarnestEspressos,7955516
2026-07-05T06:04:53.443606,2026-07-05T06:04:53.455443+00:00,137.9,49,ask,DiligentDonuts,CostlyCorianders,7955541
2026-07-05T06:04:53.901826,2026-07-05T06:04:53.913679+00:00,138.3,50,bid,FlawlessFlatbreads,EarnestEspressos,7955548
2026-07-05T06:04:55.704931,2026-07-05T06:04:55.715516+00:00,138.3,100,bid,EarnestEspressos,DiligentDonuts,7955575
2026-07-05T06:04:55.773590,2026-07-05T06:04:55.783482+00:00,138.3,11,ask,EarnestEspressos,Xuanyu Liu,7955576
2026-07-05T06:04:55.959738,2026-07-05T06:04:55.978356+00:00,138.8,42,bid,CostlyCorianders,EarnestEspressos,7955583
2026-07-05T06:04:56.009320,2026-07-05T06:04:56.021488+00:00,138.8,50,bid,FlawlessFlatbreads,EarnestEspressos,7955584
2026-07-05T06:04:56.600344,2026-07-05T06:04:56.610619+00:00,138.8,45,bid,CostlyCorianders,EarnestEspressos,7955595
2026-07-05T06:04:58.117939,2026-07-05T06:04:58.127518+00:00,138.8,13,bid,FlawlessFlatbreads,EarnestEspressos,7955622
2026-07-05T06:04:58.117939,2026-07-05T06:04:58.127518+00:00,138.9,37,bid,FlawlessFlatbreads,DiligentDonuts,7955623
2026-07-05T06:04:58.302999,2026-07-05T06:04:58.314553+00:00,138.4,44,ask,DiligentDonuts,CostlyCorianders,7955635
2026-07-05T06:04:58.875540,2026-07-05T06:04:58.885702+00:00,138.5,12,ask,EarnestEspressos,Xuanyu Liu,7955645
2026-07-05T06:04:59.530356,2026-07-05T06:04:59.540374+00:00,138.5,11,ask,EarnestEspressos,Xuanyu Liu,7955661
2026-07-05T06:05:00.231155,2026-07-05T06:05:00.242772+00:00,138.9,50,bid,FlawlessFlatbreads,DiligentDonuts,7955672
2026-07-05T06:05:00.804276,2026-07-05T06:05:00.813307+00:00,138.5,3,ask,EarnestEspressos,Xuanyu Liu,7955685
2026-07-05T06:05:02.338180,2026-07-05T06:05:02.350142+00:00,138.8,50,bid,FlawlessFlatbreads,EarnestEspressos,7955706
2026-07-05T06:05:04.446914,2026-07-05T06:05:04.458601+00:00,138.8,50,bid,FlawlessFlatbreads,EarnestEspressos,7955741
2026-07-05T06:05:06.554022,2026-07-05T06:05:06.558544+00:00,138.7,50,bid,FlawlessFlatbreads,DiligentDonuts,7955762
2026-07-05T06:05:06.870788,2026-07-05T06:05:06.882994+00:00,138.5,48,ask,EarnestEspressos,CostlyCorianders,7955770
2026-07-05T06:05:07.511391,2026-07-05T06:05:07.520472+00:00,138.5,45,ask,EarnestEspressos,CostlyCorianders,7955786
2026-07-05T06:05:10.232210,2026-07-05T06:05:10.244439+00:00,138.7,43,bid,CostlyCorianders,EarnestEspressos,7955820
2026-07-05T06:05:10.843488,2026-07-05T06:05:10.858564+00:00,138.5,50,ask,DiligentDonuts,FlawlessFlatbreads,7955833
2026-07-05T06:05:11.365245,2026-07-05T06:05:11.377453+00:00,138.5,41,ask,DiligentDonuts,CostlyCorianders,7955842
2026-07-05T06:05:12.966750,2026-07-05T06:05:12.978756+00:00,138.5,9,ask,DiligentDonuts,FlawlessFlatbreads,7955866
2026-07-05T06:05:12.966750,2026-07-05T06:05:12.978756+00:00,138.4,41,ask,EarnestEspressos,FlawlessFlatbreads,7955867
2026-07-05T06:05:13.620523,2026-07-05T06:05:13.632548+00:00,138.9,41,bid,CostlyCorianders,EarnestEspressos,7955878
2026-07-05T06:05:15.077363,2026-07-05T06:05:15.086928+00:00,138.3,50,ask,EarnestEspressos,FlawlessFlatbreads,7955899
2026-07-05T06:05:17.137693,2026-07-05T06:05:17.153547+00:00,138.6,50,bid,FlawlessFlatbreads,DiligentDonuts,7955937
2026-07-05T06:05:19.303302,2026-07-05T06:05:19.315028+00:00,138.2,50,ask,EarnestEspressos,FlawlessFlatbreads,7955975
2026-07-05T06:05:23.543201,2026-07-05T06:05:23.549932+00:00,138.3,50,ask,DiligentDonuts,FlawlessFlatbreads,7956034
2026-07-05T06:05:23.700571,2026-07-05T06:05:23.712809+00:00,138.7,42,bid,CostlyCorianders,EarnestEspressos,7956035
2026-07-05T06:05:25.650693,2026-07-05T06:05:25.653757+00:00,138.3,50,ask,DiligentDonuts,FlawlessFlatbreads,7956058
2026-07-05T06:05:26.629091,2026-07-05T06:05:26.640928+00:00,138.2,100,ask,EarnestEspressos,DiligentDonuts,7956086
2026-07-05T06:05:27.030036,2026-07-05T06:05:27.042055+00:00,138.2,43,ask,EarnestEspressos,CostlyCorianders,7956092
2026-07-05T06:05:27.459694,2026-07-05T06:05:27.478506+00:00,138.0,3,bid,Xuanyu Liu,EarnestEspressos,7956097
2026-07-05T06:05:27.570799,2026-07-05T06:05:27.582831+00:00,138.0,45,bid,CostlyCorianders,EarnestEspressos,7956106
2026-07-05T06:05:27.757355,2026-07-05T06:05:27.768960+00:00,137.7,50,ask,DiligentDonuts,FlawlessFlatbreads,7956110
2026-07-05T06:05:29.521170,2026-07-05T06:05:29.534823+00:00,138.0,42,bid,CostlyCorianders,EarnestEspressos,7956131
2026-07-05T06:05:29.740566,2026-07-05T06:05:29.748888+00:00,138.0,60,bid,DiligentDonuts,EarnestEspressos,7956135
2026-07-05T06:05:29.867709,2026-07-05T06:05:29.874990+00:00,138.0,40,ask,DiligentDonuts,FlawlessFlatbreads,7956138
2026-07-05T06:05:29.867709,2026-07-05T06:05:29.880143+00:00,137.5,10,ask,EarnestEspressos,FlawlessFlatbreads,7956139
2026-07-05T06:05:32.821945,2026-07-05T06:05:32.833845+00:00,138.0,45,ask,EarnestEspressos,CostlyCorianders,7956188
2026-07-05T06:05:32.958222,2026-07-05T06:05:32.970057+00:00,138.0,100,ask,EarnestEspressos,DiligentDonuts,7956190
2026-07-05T06:05:33.777595,2026-07-05T06:05:33.790657+00:00,137.8,11,bid,Xuanyu Liu,EarnestEspressos,7956201
2026-07-05T06:05:34.028763,2026-07-05T06:05:34.040630+00:00,137.8,50,bid,FlawlessFlatbreads,EarnestEspressos,7956208
2026-07-05T06:05:36.066001,2026-07-05T06:05:36.077350+00:00,137.8,10,bid,Harold Schneider,EarnestEspressos,7956243
2026-07-05T06:05:36.070439,2026-07-05T06:05:36.082360+00:00,137.8,79,bid,DiligentDonuts,EarnestEspressos,7956244
2026-07-05T06:05:36.154543,2026-07-05T06:05:36.166224+00:00,138.4,50,bid,FlawlessFlatbreads,DiligentDonuts,7956246
2026-07-05T06:05:37.430474,2026-07-05T06:05:37.438147+00:00,138.0,42,ask,EarnestEspressos,CostlyCorianders,7956267
2026-07-05T06:05:38.949650,2026-07-05T06:05:38.959078+00:00,138.0,11,ask,EarnestEspressos,Xuanyu Liu,7956289
2026-07-05T06:05:40.406062,2026-07-05T06:05:40.418121+00:00,138.2,50,bid,FlawlessFlatbreads,EarnestEspressos,7956313
2026-07-05T06:05:42.516198,2026-07-05T06:05:42.525712+00:00,138.2,50,bid,FlawlessFlatbreads,EarnestEspressos,7956343
2026-07-05T06:05:43.209608,2026-07-05T06:05:43.227216+00:00,138.3,100,bid,EarnestEspressos,DiligentDonuts,7956363
2026-07-05T06:05:43.290416,2026-07-05T06:05:43.302346+00:00,138.3,3,ask,EarnestEspressos,Xuanyu Liu,7956365
2026-07-05T06:05:44.146378,2026-07-05T06:05:44.158629+00:00,138.8,45,bid,CostlyCorianders,EarnestEspressos,7956376
2026-07-05T06:05:44.169985,2026-07-05T06:05:44.180278+00:00,138.3,3,ask,EarnestEspressos,Xuanyu Liu,7956379
2026-07-05T06:05:45.150643,2026-07-05T06:05:45.162975+00:00,138.3,44,ask,EarnestEspressos,CostlyCorianders,7956392
2026-07-05T06:05:45.150643,2026-07-05T06:05:45.162975+00:00,137.8,2,ask,DiligentDonuts,CostlyCorianders,7956393
2026-07-05T06:05:46.439917,2026-07-05T06:05:46.469281+00:00,138.2,100,ask,DiligentDonuts,EarnestEspressos,7956414
2026-07-05T06:05:46.459498,2026-07-05T06:05:46.469281+00:00,138.1,3,bid,Xuanyu Liu,EarnestEspressos,7956415
2026-07-05T06:05:48.858366,2026-07-05T06:05:48.870548+00:00,138.1,47,bid,FlawlessFlatbreads,EarnestEspressos,7956448
2026-07-05T06:05:48.858366,2026-07-05T06:05:48.870548+00:00,138.2,3,bid,FlawlessFlatbreads,DiligentDonuts,7956449
2026-07-05T06:05:49.755574,2026-07-05T06:05:49.767308+00:00,138.2,40,bid,CostlyCorianders,DiligentDonuts,7956462
2026-07-05T06:05:50.365458,2026-07-05T06:05:50.377174+00:00,138.2,44,bid,CostlyCorianders,DiligentDonuts,7956468
2026-07-05T06:05:51.053970,2026-07-05T06:05:51.071352+00:00,138.1,50,ask,EarnestEspressos,FlawlessFlatbreads,7956487
2026-07-05T06:05:53.290262,2026-07-05T06:05:53.302323+00:00,137.9,44,ask,EarnestEspressos,CostlyCorianders,7956519
2026-07-05T06:05:55.217983,2026-07-05T06:05:55.227115+00:00,138.4,50,bid,FlawlessFlatbreads,EarnestEspressos,7956556
2026-07-05T06:05:56.384754,2026-07-05T06:05:56.397416+00:00,138.0,48,ask,EarnestEspressos,CostlyCorianders,7956570
2026-07-05T06:05:57.356898,2026-07-05T06:05:57.368978+00:00,138.4,50,bid,FlawlessFlatbreads,DiligentDonuts,7956587
2026-07-05T06:05:57.866597,2026-07-05T06:05:57.878549+00:00,138.4,48,bid,CostlyCorianders,DiligentDonuts,7956592
2026-07-05T06:05:59.328100,2026-07-05T06:05:59.340543+00:00,138.2,43,ask,DiligentDonuts,CostlyCorianders,7956615
2026-07-05T06:05:59.464790,2026-07-05T06:05:59.474353+00:00,138.3,50,bid,FlawlessFlatbreads,EarnestEspressos,7956617
2026-07-05T06:06:01.420774,2026-07-05T06:06:01.431557+00:00,138.3,100,bid,DiligentDonuts,EarnestEspressos,7956633
2026-07-05T06:06:01.577687,2026-07-05T06:06:01.584743+00:00,138.8,50,bid,FlawlessFlatbreads,DiligentDonuts,7956639
2026-07-05T06:06:02.239028,2026-07-05T06:06:02.248239+00:00,138.6,14,ask,EarnestEspressos,Xuanyu Liu,7956650
2026-07-05T06:06:03.689828,2026-07-05T06:06:03.699235+00:00,138.8,50,bid,FlawlessFlatbreads,DiligentDonuts,7956673
2026-07-05T06:06:05.213644,2026-07-05T06:06:05.220967+00:00,138.7,49,bid,CostlyCorianders,DiligentDonuts,7956701
2026-07-05T06:06:05.827550,2026-07-05T06:06:05.834825+00:00,138.7,50,bid,FlawlessFlatbreads,DiligentDonuts,7956710
2026-07-05T06:06:06.176336,2026-07-05T06:06:06.184664+00:00,138.5,25,ask,EarnestEspressos,Harold Schneider,7956716
2026-07-05T06:06:06.536025,2026-07-05T06:06:06.547018+00:00,138.5,23,ask,EarnestEspressos,Xuanyu Liu,7956727
2026-07-05T06:06:06.566272,2026-07-05T06:06:06.578348+00:00,138.5,4,ask,EarnestEspressos,Aaron Tian,7956729
2026-07-05T06:06:07.937959,2026-07-05T06:06:07.946090+00:00,138.7,50,bid,FlawlessFlatbreads,DiligentDonuts,7956752
2026-07-05T06:06:09.068623,2026-07-05T06:06:09.080974+00:00,138.2,46,ask,DiligentDonuts,CostlyCorianders,7956766
2026-07-05T06:06:10.117487,2026-07-05T06:06:10.125386+00:00,138.2,50,ask,DiligentDonuts,FlawlessFlatbreads,7956778
2026-07-05T06:06:10.427274,2026-07-05T06:06:10.436364+00:00,138.2,4,ask,DiligentDonuts,CostlyCorianders,7956786
2026-07-05T06:06:11.081440,2026-07-05T06:06:11.092134+00:00,138.6,46,bid,CostlyCorianders,EarnestEspressos,7956802
2026-07-05T06:06:11.734833,2026-07-05T06:06:11.764594+00:00,138.3,44,ask,EarnestEspressos,CostlyCorianders,7956811
2026-07-05T06:06:12.229182,2026-07-05T06:06:12.246044+00:00,138.3,50,ask,EarnestEspressos,FlawlessFlatbreads,7956824
2026-07-05T06:06:12.828980,2026-07-05T06:06:12.836768+00:00,138.3,48,ask,EarnestEspressos,CostlyCorianders,7956837
2026-07-05T06:06:14.286151,2026-07-05T06:06:14.298185+00:00,138.7,50,bid,FlawlessFlatbreads,DiligentDonuts,7956865
2026-07-05T06:06:14.486334,2026-07-05T06:06:14.495156+00:00,138.7,43,bid,CostlyCorianders,DiligentDonuts,7956869
2026-07-05T06:06:14.955528,2026-07-05T06:06:14.964850+00:00,138.3,23,bid,Xuanyu Liu,EarnestEspressos,7956877
2026-07-05T06:06:15.476627,2026-07-05T06:06:15.488889+00:00,138.3,44,bid,CostlyCorianders,EarnestEspressos,7956889
2026-07-05T06:06:16.394667,2026-07-05T06:06:16.406531+00:00,138.3,50,bid,FlawlessFlatbreads,EarnestEspressos,7956903
2026-07-05T06:06:16.606415,2026-07-05T06:06:16.618717+00:00,138.3,33,bid,CostlyCorianders,EarnestEspressos,7956907
2026-07-05T06:06:17.300278,2026-07-05T06:06:17.311629+00:00,138.7,12,ask,DiligentDonuts,Xuanyu Liu,7956921
2026-07-05T06:06:18.417999,2026-07-05T06:06:18.427197+00:00,138.7,11,ask,DiligentDonuts,Xuanyu Liu,7956946
2026-07-05T06:06:18.518356,2026-07-05T06:06:18.530404+00:00,139.1,50,bid,FlawlessFlatbreads,EarnestEspressos,7956948
2026-07-05T06:06:18.762209,2026-07-05T06:06:18.774134+00:00,138.7,47,ask,DiligentDonuts,CostlyCorianders,7956954
2026-07-05T06:06:19.450433,2026-07-05T06:06:19.458539+00:00,138.7,30,ask,DiligentDonuts,CostlyCorianders,7956965
2026-07-05T06:06:19.450433,2026-07-05T06:06:19.458539+00:00,138.6,11,ask,EarnestEspressos,CostlyCorianders,7956966
2026-07-05T06:06:19.669760,2026-07-05T06:06:19.678647+00:00,138.6,4,ask,EarnestEspressos,Aaron Tian,7956970
2026-07-05T06:06:20.057784,2026-07-05T06:06:20.069969+00:00,139.1,49,bid,CostlyCorianders,EarnestEspressos,7956976
2026-07-05T06:06:20.626030,2026-07-05T06:06:20.637956+00:00,138.9,50,bid,FlawlessFlatbreads,DiligentDonuts,7956981
2026-07-05T06:06:21.219450,2026-07-05T06:06:21.227149+00:00,138.9,50,bid,EarnestEspressos,DiligentDonuts,7956985
2026-07-05T06:06:21.313306,2026-07-05T06:06:21.321792+00:00,139.0,23,ask,EarnestEspressos,Xuanyu Liu,7956987
2026-07-05T06:06:21.610975,2026-07-05T06:06:21.622640+00:00,139.0,44,ask,EarnestEspressos,CostlyCorianders,7956995
2026-07-05T06:06:22.155576,2026-07-05T06:06:22.164886+00:00,139.0,33,ask,EarnestEspressos,CostlyCorianders,7957006
2026-07-05T06:06:22.155576,2026-07-05T06:06:22.164886+00:00,138.4,8,ask,DiligentDonuts,CostlyCorianders,7957007
2026-07-05T06:06:22.788560,2026-07-05T06:06:22.800396+00:00,138.4,50,ask,DiligentDonuts,FlawlessFlatbreads,7957022
2026-07-05T06:06:24.427333,2026-07-05T06:06:24.439593+00:00,138.7,41,bid,CostlyCorianders,DiligentDonuts,7957044
2026-07-05T06:06:24.459536,2026-07-05T06:06:24.468724+00:00,138.4,11,bid,Xuanyu Liu,EarnestEspressos,7957045
2026-07-05T06:06:24.845018,2026-07-05T06:06:24.856992+00:00,138.4,50,bid,FlawlessFlatbreads,EarnestEspressos,7957054
2026-07-05T06:06:25.054481,2026-07-05T06:06:25.064612+00:00,138.4,12,bid,Xuanyu Liu,EarnestEspressos,7957061
2026-07-05T06:06:26.220886,2026-07-05T06:06:26.233031+00:00,138.2,25,ask,DiligentDonuts,Harold Schneider,7957075
2026-07-05T06:06:26.963769,2026-07-05T06:06:26.976262+00:00,138.4,50,bid,FlawlessFlatbreads,EarnestEspressos,7957084
2026-07-05T06:06:27.439224,2026-07-05T06:06:27.458563+00:00,138.4,27,bid,CostlyCorianders,EarnestEspressos,7957090
2026-07-05T06:06:27.439224,2026-07-05T06:06:27.458563+00:00,138.8,18,bid,CostlyCorianders,DiligentDonuts,7957091
2026-07-05T06:06:27.570818,2026-07-05T06:06:27.580512+00:00,138.7,12,ask,EarnestEspressos,Xuanyu Liu,7957093
2026-07-05T06:06:29.124545,2026-07-05T06:06:29.136717+00:00,138.7,50,ask,EarnestEspressos,FlawlessFlatbreads,7957113
2026-07-05T06:06:29.611210,2026-07-05T06:06:29.623450+00:00,138.7,4,ask,EarnestEspressos,Aaron Tian,7957124
2026-07-05T06:06:30.246346,2026-07-05T06:06:30.256714+00:00,138.7,22,ask,EarnestEspressos,Xuanyu Liu,7957137
2026-07-05T06:06:31.232626,2026-07-05T06:06:31.244289+00:00,138.3,50,ask,DiligentDonuts,FlawlessFlatbreads,7957152
2026-07-05T06:06:31.242457,2026-07-05T06:06:31.249451+00:00,138.3,25,ask,DiligentDonuts,CostlyCorianders,7957153
2026-07-05T06:06:31.368610,2026-07-05T06:06:31.380678+00:00,138.3,25,ask,DiligentDonuts,Harold Schneider,7957155
2026-07-05T06:06:31.368610,2026-07-05T06:06:31.380678+00:00,138.1,23,ask,EarnestEspressos,CostlyCorianders,7957156
2026-07-05T06:06:31.581345,2026-07-05T06:06:31.594716+00:00,138.6,11,bid,Xuanyu Liu,EarnestEspressos,7957167
2026-07-05T06:06:33.076592,2026-07-05T06:06:33.085516+00:00,138.1,48,ask,EarnestEspressos,CostlyCorianders,7957185
2026-07-05T06:06:33.138761,2026-07-05T06:06:33.150627+00:00,138.3,11,bid,Xuanyu Liu,DiligentDonuts,7957186
2026-07-05T06:06:33.341396,2026-07-05T06:06:33.350844+00:00,138.1,50,ask,EarnestEspressos,FlawlessFlatbreads,7957189
2026-07-05T06:06:33.942668,2026-07-05T06:06:33.952057+00:00,138.1,12,bid,Xuanyu Liu,EarnestEspressos,7957206
2026-07-05T06:06:35.447595,2026-07-05T06:06:35.463678+00:00,137.8,50,ask,DiligentDonuts,FlawlessFlatbreads,7957223
2026-07-05T06:06:35.641383,2026-07-05T06:06:35.653132+00:00,138.1,43,bid,CostlyCorianders,EarnestEspressos,7957228
2026-07-05T06:06:36.830154,2026-07-05T06:06:36.839803+00:00,138.1,23,bid,Xuanyu Liu,EarnestEspressos,7957238
2026-07-05T06:06:37.557504,2026-07-05T06:06:37.569507+00:00,138.1,50,ask,EarnestEspressos,FlawlessFlatbreads,7957252
2026-07-05T06:06:41.721204,2026-07-05T06:06:41.728835+00:00,138.4,50,bid,FlawlessFlatbreads,DiligentDonuts,7957312
2026-07-05T06:06:42.352983,2026-07-05T06:06:42.359818+00:00,138.4,42,bid,CostlyCorianders,DiligentDonuts,7957323
2026-07-05T06:06:43.879654,2026-07-05T06:06:43.891513+00:00,138.3,50,ask,DiligentDonuts,FlawlessFlatbreads,7957343
2026-07-05T06:06:43.975911,2026-07-05T06:06:43.987726+00:00,138.5,44,bid,CostlyCorianders,EarnestEspressos,7957344
2026-07-05T06:06:44.598889,2026-07-05T06:06:44.610870+00:00,138.3,42,ask,DiligentDonuts,CostlyCorianders,7957353
2026-07-05T06:06:48.094474,2026-07-05T06:06:48.106599+00:00,138.1,50,ask,EarnestEspressos,FlawlessFlatbreads,7957414
2026-07-05T06:06:48.471001,2026-07-05T06:06:48.483013+00:00,138.1,48,ask,EarnestEspressos,CostlyCorianders,7957423
2026-07-05T06:06:50.201824,2026-07-05T06:06:50.213595+00:00,137.8,50,ask,DiligentDonuts,FlawlessFlatbreads,7957445
2026-07-05T06:06:50.867125,2026-07-05T06:06:50.879460+00:00,138.0,46,bid,CostlyCorianders,EarnestEspressos,7957458
2026-07-05T06:06:51.258238,2026-07-05T06:06:51.267840+00:00,138.0,14,bid,Xuanyu Liu,EarnestEspressos,7957463
2026-07-05T06:06:52.309352,2026-07-05T06:06:52.316560+00:00,137.6,50,ask,DiligentDonuts,FlawlessFlatbreads,7957479
2026-07-05T06:06:53.277637,2026-07-05T06:06:53.289558+00:00,137.7,42,ask,EarnestEspressos,CostlyCorianders,7957496
2026-07-05T06:06:54.414847,2026-07-05T06:06:54.424043+00:00,138.1,43,bid,CostlyCorianders,DiligentDonuts,7957515
2026-07-05T06:06:54.420844,2026-07-05T06:06:54.429358+00:00,137.7,50,ask,EarnestEspressos,FlawlessFlatbreads,7957516
2026-07-05T06:06:56.528650,2026-07-05T06:06:56.537509+00:00,137.4,50,ask,DiligentDonuts,FlawlessFlatbreads,7957547
2026-07-05T06:06:58.637426,2026-07-05T06:06:58.649337+00:00,137.3,50,ask,DiligentDonuts,FlawlessFlatbreads,7957585
2026-07-05T06:07:00.746513,2026-07-05T06:07:00.758484+00:00,137.3,50,ask,DiligentDonuts,FlawlessFlatbreads,7957624
2026-07-05T06:07:05.863805,2026-07-05T06:07:05.875508+00:00,137.4,44,bid,CostlyCorianders,DiligentDonuts,7957697
2026-07-05T06:07:06.836444,2026-07-05T06:07:06.848773+00:00,137.1,40,ask,EarnestEspressos,CostlyCorianders,7957708
2026-07-05T06:07:07.071419,2026-07-05T06:07:07.079799+00:00,137.1,50,ask,EarnestEspressos,FlawlessFlatbreads,7957712
2026-07-05T06:07:08.804197,2026-07-05T06:07:08.813203+00:00,137.1,3,bid,Xuanyu Liu,EarnestEspressos,7957741
2026-07-05T06:07:09.163397,2026-07-05T06:07:09.169971+00:00,137.1,4,bid,Aaron Tian,EarnestEspressos,7957753
2026-07-05T06:07:09.211495,2026-07-05T06:07:09.219940+00:00,136.8,50,ask,DiligentDonuts,FlawlessFlatbreads,7957756
2026-07-05T06:07:10.698302,2026-07-05T06:07:10.709987+00:00,137.1,42,bid,CostlyCorianders,EarnestEspressos,7957775
2026-07-05T06:07:11.319091,2026-07-05T06:07:11.327150+00:00,136.7,50,ask,DiligentDonuts,FlawlessFlatbreads,7957788
2026-07-05T06:07:11.364305,2026-07-05T06:07:11.370878+00:00,137.1,25,bid,Harold Schneider,EarnestEspressos,7957790
2026-07-05T06:07:11.382447,2026-07-05T06:07:11.391557+00:00,137.0,10,bid,Xuanyu Liu,Harold Schneider,7957792
2026-07-05T06:07:13.436645,2026-07-05T06:07:13.445614+00:00,136.9,50,ask,EarnestEspressos,FlawlessFlatbreads,7957827
2026-07-05T06:07:13.717950,2026-07-05T06:07:13.725448+00:00,136.9,44,ask,EarnestEspressos,CostlyCorianders,7957835
2026-07-05T06:07:14.298369,2026-07-05T06:07:14.307089+00:00,136.9,56,ask,EarnestEspressos,DiligentDonuts,7957840
2026-07-05T06:07:15.116973,2026-07-05T06:07:15.128652+00:00,136.8,10,ask,Harold Schneider,EarnestEspressos,7957857
2026-07-05T06:07:15.129864,2026-07-05T06:07:15.139101+00:00,136.7,13,bid,Xuanyu Liu,EarnestEspressos,7957858
2026-07-05T06:07:15.550056,2026-07-05T06:07:15.559206+00:00,136.4,50,ask,DiligentDonuts,FlawlessFlatbreads,7957864
2026-07-05T06:07:15.826390,2026-07-05T06:07:15.833668+00:00,136.7,4,bid,Aaron Tian,EarnestEspressos,7957870
2026-07-05T06:07:16.430962,2026-07-05T06:07:16.441565+00:00,136.7,25,bid,Harold Schneider,EarnestEspressos,7957882
2026-07-05T06:07:16.459651,2026-07-05T06:07:16.471360+00:00,136.6,10,bid,Xuanyu Liu,Harold Schneider,7957883
2026-07-05T06:07:17.673991,2026-07-05T06:07:17.686545+00:00,136.5,10,ask,Harold Schneider,FlawlessFlatbreads,7957894
2026-07-05T06:07:17.673991,2026-07-05T06:07:17.686545+00:00,136.4,40,ask,DiligentDonuts,FlawlessFlatbreads,7957895
2026-07-05T06:07:19.152307,2026-07-05T06:07:19.157915+00:00,136.8,4,bid,Aaron Tian,EarnestEspressos,7957920
2026-07-05T06:07:19.783077,2026-07-05T06:07:19.795333+00:00,136.4,50,ask,DiligentDonuts,FlawlessFlatbreads,7957925
2026-07-05T06:07:20.664538,2026-07-05T06:07:20.684944+00:00,136.6,1,bid,Xuanyu Liu,DiligentDonuts,7957940
2026-07-05T06:07:21.494816,2026-07-05T06:07:21.504807+00:00,136.6,25,bid,Harold Schneider,DiligentDonuts,7957957
2026-07-05T06:07:21.921159,2026-07-05T06:07:21.929354+00:00,136.3,50,ask,EarnestEspressos,FlawlessFlatbreads,7957968
2026-07-05T06:07:22.811605,2026-07-05T06:07:22.820785+00:00,136.6,12,bid,Xuanyu Liu,DiligentDonuts,7957984
2026-07-05T06:07:23.540195,2026-07-05T06:07:23.552094+00:00,136.6,44,bid,CostlyCorianders,DiligentDonuts,7958000
2026-07-05T06:07:23.976235,2026-07-05T06:07:23.986997+00:00,136.8,50,bid,FlawlessFlatbreads,EarnestEspressos,7958007
2026-07-05T06:07:25.702779,2026-07-05T06:07:25.712086+00:00,136.9,48,bid,CostlyCorianders,DiligentDonuts,7958033
2026-07-05T06:07:26.153078,2026-07-05T06:07:26.163629+00:00,136.9,50,bid,FlawlessFlatbreads,DiligentDonuts,7958041
2026-07-05T06:07:26.910249,2026-07-05T06:07:26.918049+00:00,137.0,100,bid,DiligentDonuts,EarnestEspressos,7958059
2026-07-05T06:07:27.233416,2026-07-05T06:07:27.245830+00:00,137.0,45,bid,CostlyCorianders,EarnestEspressos,7958061
2026-07-05T06:07:27.733298,2026-07-05T06:07:27.743255+00:00,137.3,35,ask,EarnestEspressos,Xuanyu Liu,7958070
2026-07-05T06:07:28.102788,2026-07-05T06:07:28.113609+00:00,137.3,11,ask,EarnestEspressos,Xuanyu Liu,7958084
2026-07-05T06:07:28.266494,2026-07-05T06:07:28.274443+00:00,137.5,50,bid,FlawlessFlatbreads,DiligentDonuts,7958087
2026-07-05T06:07:29.381619,2026-07-05T06:07:29.389625+00:00,137.3,47,ask,EarnestEspressos,CostlyCorianders,7958103
2026-07-05T06:07:30.125461,2026-07-05T06:07:30.136477+00:00,137.3,57,ask,EarnestEspressos,DiligentDonuts,7958114
2026-07-05T06:07:30.424759,2026-07-05T06:07:30.436678+00:00,136.8,50,ask,DiligentDonuts,FlawlessFlatbreads,7958123
2026-07-05T06:07:30.959462,2026-07-05T06:07:30.969635+00:00,137.1,11,bid,Xuanyu Liu,EarnestEspressos,7958136
2026-07-05T06:07:32.532315,2026-07-05T06:07:32.544225+00:00,136.8,50,ask,DiligentDonuts,FlawlessFlatbreads,7958161
2026-07-05T06:07:32.878815,2026-07-05T06:07:32.891178+00:00,136.6,49,ask,EarnestEspressos,CostlyCorianders,7958168
2026-07-05T06:07:33.329830,2026-07-05T06:07:33.340100+00:00,136.9,12,bid,Xuanyu Liu,DiligentDonuts,7958175
2026-07-05T06:07:34.590156,2026-07-05T06:07:34.600425+00:00,136.9,50,bid,FlawlessFlatbreads,DiligentDonuts,7958192
2026-07-05T06:07:35.493119,2026-07-05T06:07:35.505097+00:00,136.4,41,ask,DiligentDonuts,CostlyCorianders,7958204
2026-07-05T06:07:36.696660,2026-07-05T06:07:36.708798+00:00,136.8,50,bid,FlawlessFlatbreads,DiligentDonuts,7958214
2026-07-05T06:07:37.282622,2026-07-05T06:07:37.291970+00:00,136.5,23,bid,Xuanyu Liu,EarnestEspressos,7958225
2026-07-05T06:07:37.591249,2026-07-05T06:07:37.606715+00:00,136.5,40,bid,CostlyCorianders,EarnestEspressos,7958228
2026-07-05T06:07:38.833553,2026-07-05T06:07:38.844007+00:00,136.5,50,bid,FlawlessFlatbreads,EarnestEspressos,7958245
2026-07-05T06:07:39.562632,2026-07-05T06:07:39.574643+00:00,136.5,37,bid,DiligentDonuts,EarnestEspressos,7958262
2026-07-05T06:07:39.895927,2026-07-05T06:07:39.905803+00:00,136.6,12,ask,DiligentDonuts,Xuanyu Liu,7958266
2026-07-05T06:07:40.391760,2026-07-05T06:07:40.401254+00:00,136.7,11,ask,EarnestEspressos,Xuanyu Liu,7958275
2026-07-05T06:07:40.460881,2026-07-05T06:07:40.471515+00:00,137.1,44,bid,CostlyCorianders,DiligentDonuts,7958277
2026-07-05T06:07:40.939397,2026-07-05T06:07:40.951310+00:00,137.1,50,bid,FlawlessFlatbreads,DiligentDonuts,7958284
2026-07-05T06:07:43.053470,2026-07-05T06:07:43.068916+00:00,137.2,50,bid,FlawlessFlatbreads,EarnestEspressos,7958321
2026-07-05T06:07:43.284891,2026-07-05T06:07:43.294151+00:00,136.7,46,ask,EarnestEspressos,CostlyCorianders,7958322
2026-07-05T06:07:43.846267,2026-07-05T06:07:43.855738+00:00,136.8,12,ask,EarnestEspressos,Xuanyu Liu,7958337
2026-07-05T06:07:45.216075,2026-07-05T06:07:45.228597+00:00,136.8,50,ask,EarnestEspressos,FlawlessFlatbreads,7958355
2026-07-05T06:07:46.481916,2026-07-05T06:07:46.494119+00:00,136.8,11,ask,EarnestEspressos,Xuanyu Liu,7958373
2026-07-05T06:07:46.758194,2026-07-05T06:07:46.770757+00:00,136.5,100,ask,DiligentDonuts,EarnestEspressos,7958382
2026-07-05T06:07:47.359981,2026-07-05T06:07:47.369908+00:00,136.0,50,ask,EarnestEspressos,FlawlessFlatbreads,7958387
2026-07-05T06:07:47.451865,2026-07-05T06:07:47.464305+00:00,136.5,23,bid,Xuanyu Liu,EarnestEspressos,7958390
2026-07-05T06:07:49.467539,2026-07-05T06:07:49.479299+00:00,136.2,50,ask,DiligentDonuts,FlawlessFlatbreads,7958410
2026-07-05T06:07:50.949930,2026-07-05T06:07:50.958592+00:00,136.7,49,bid,CostlyCorianders,DiligentDonuts,7958430
2026-07-05T06:07:51.548077,2026-07-05T06:07:51.558584+00:00,136.7,50,bid,FlawlessFlatbreads,DiligentDonuts,7958438
2026-07-05T06:07:51.893466,2026-07-05T06:07:51.905592+00:00,136.7,1,bid,CostlyCorianders,DiligentDonuts,7958450
2026-07-05T06:07:51.962203,2026-07-05T06:07:51.974612+00:00,136.4,45,ask,EarnestEspressos,CostlyCorianders,7958451
2026-07-05T06:07:53.711936,2026-07-05T06:07:53.723950+00:00,136.2,50,ask,DiligentDonuts,FlawlessFlatbreads,7958470
2026-07-05T06:07:54.492973,2026-07-05T06:07:54.500263+00:00,136.6,49,bid,CostlyCorianders,EarnestEspressos,7958482
2026-07-05T06:07:55.827709,2026-07-05T06:07:55.836279+00:00,136.1,50,ask,EarnestEspressos,FlawlessFlatbreads,7958499
2026-07-05T06:07:56.158927,2026-07-05T06:07:56.170613+00:00,136.6,49,bid,CostlyCorianders,DiligentDonuts,7958503
2026-07-05T06:07:57.936985,2026-07-05T06:07:57.948507+00:00,136.2,50,ask,EarnestEspressos,FlawlessFlatbreads,7958531
2026-07-05T06:07:58.390572,2026-07-05T06:07:58.403144+00:00,136.2,40,ask,EarnestEspressos,CostlyCorianders,7958535
2026-07-05T06:07:59.410474,2026-07-05T06:07:59.433140+00:00,136.2,100,ask,DiligentDonuts,EarnestEspressos,7958543
2026-07-05T06:07:59.423397,2026-07-05T06:07:59.433140+00:00,136.2,23,bid,Xuanyu Liu,EarnestEspressos,7958544
2026-07-05T06:08:00.071389,2026-07-05T06:08:00.079238+00:00,135.7,50,ask,EarnestEspressos,FlawlessFlatbreads,7958560
2026-07-05T06:08:00.772268,2026-07-05T06:08:00.782715+00:00,136.2,11,bid,Xuanyu Liu,EarnestEspressos,7958566
2026-07-05T06:08:02.179876,2026-07-05T06:08:02.192217+00:00,136.0,50,ask,DiligentDonuts,FlawlessFlatbreads,7958589
2026-07-05T06:08:02.447903,2026-07-05T06:08:02.464262+00:00,136.0,49,ask,DiligentDonuts,CostlyCorianders,7958593
2026-07-05T06:08:03.573166,2026-07-05T06:08:03.585028+00:00,136.5,43,bid,CostlyCorianders,DiligentDonuts,7958606
2026-07-05T06:08:04.304197,2026-07-05T06:08:04.316339+00:00,136.1,50,ask,EarnestEspressos,FlawlessFlatbreads,7958616
2026-07-05T06:08:08.775042,2026-07-05T06:08:08.787061+00:00,136.4,46,bid,CostlyCorianders,EarnestEspressos,7958692
2026-07-05T06:08:09.808223,2026-07-05T06:08:09.820463+00:00,136.5,45,bid,CostlyCorianders,DiligentDonuts,7958713
2026-07-05T06:08:10.382384,2026-07-05T06:08:10.394604+00:00,136.3,42,ask,EarnestEspressos,CostlyCorianders,7958722
2026-07-05T06:08:10.616253,2026-07-05T06:08:10.624089+00:00,136.3,50,ask,EarnestEspressos,FlawlessFlatbreads,7958729
2026-07-05T06:08:12.632758,2026-07-05T06:08:12.644566+00:00,136.5,48,bid,CostlyCorianders,EarnestEspressos,7958754
2026-07-05T06:08:12.723341,2026-07-05T06:08:12.732930+00:00,136.3,50,ask,DiligentDonuts,FlawlessFlatbreads,7958758
2026-07-05T06:08:12.759644,2026-07-05T06:08:12.769229+00:00,136.5,11,bid,Xuanyu Liu,EarnestEspressos,7958760
2026-07-05T06:08:13.156878,2026-07-05T06:08:13.156850+00:00,136.3,48,ask,DiligentDonuts,CostlyCorianders,7958767
2026-07-05T06:08:14.077859,2026-07-05T06:08:14.087299+00:00,136.5,12,bid,Xuanyu Liu,EarnestEspressos,7958778
2026-07-05T06:08:14.124374,2026-07-05T06:08:14.133580+00:00,136.5,11,bid,Xuanyu Liu,EarnestEspressos,7958782
2026-07-05T06:08:14.829053,2026-07-05T06:08:14.840851+00:00,136.3,50,ask,DiligentDonuts,FlawlessFlatbreads,7958801
2026-07-05T06:08:15.226569,2026-07-05T06:08:15.236304+00:00,136.7,11,ask,EarnestEspressos,Xuanyu Liu,7958806
2026-07-05T06:08:16.697105,2026-07-05T06:08:16.707320+00:00,136.7,12,ask,EarnestEspressos,Xuanyu Liu,7958834
2026-07-05T06:08:16.968982,2026-07-05T06:08:16.980233+00:00,136.7,50,ask,EarnestEspressos,FlawlessFlatbreads,7958838
2026-07-05T06:08:17.633476,2026-07-05T06:08:17.641606+00:00,136.7,77,ask,EarnestEspressos,DiligentDonuts,7958851
2026-07-05T06:08:17.761976,2026-07-05T06:08:17.771865+00:00,136.5,12,bid,Xuanyu Liu,DiligentDonuts,7958854
2026-07-05T06:08:18.007215,2026-07-05T06:08:18.016401+00:00,136.5,11,bid,Xuanyu Liu,DiligentDonuts,7958862
2026-07-05T06:08:19.029777,2026-07-05T06:08:19.036990+00:00,136.6,50,bid,FlawlessFlatbreads,EarnestEspressos,7958885
2026-07-05T06:08:20.743497,2026-07-05T06:08:20.758555+00:00,136.6,100,bid,DiligentDonuts,EarnestEspressos,7958902
2026-07-05T06:08:21.136861,2026-07-05T06:08:21.143462+00:00,137.1,50,bid,FlawlessFlatbreads,DiligentDonuts,7958910
2026-07-05T06:08:21.546622,2026-07-05T06:08:21.557213+00:00,136.7,11,ask,EarnestEspressos,Xuanyu Liu,7958923
2026-07-05T06:08:21.948734,2026-07-05T06:08:21.957710+00:00,136.7,12,ask,EarnestEspressos,Xuanyu Liu,7958933
2026-07-05T06:08:23.253885,2026-07-05T06:08:23.258539+00:00,137.1,50,bid,FlawlessFlatbreads,DiligentDonuts,7958949
2026-07-05T06:08:24.055779,2026-07-05T06:08:24.058612+00:00,136.7,49,ask,EarnestEspressos,CostlyCorianders,7958965
2026-07-05T06:08:25.365307,2026-07-05T06:08:25.376687+00:00,136.7,50,bid,FlawlessFlatbreads,EarnestEspressos,7958991
2026-07-05T06:08:26.681944,2026-07-05T06:08:26.690543+00:00,136.7,45,bid,CostlyCorianders,EarnestEspressos,7959017
2026-07-05T06:08:27.480339,2026-07-05T06:08:27.492405+00:00,136.7,50,bid,FlawlessFlatbreads,EarnestEspressos,7959027
2026-07-05T06:08:27.866184,2026-07-05T06:08:27.874088+00:00,137.0,100,bid,EarnestEspressos,DiligentDonuts,7959031
2026-07-05T06:08:27.933650,2026-07-05T06:08:27.942534+00:00,137.1,22,ask,EarnestEspressos,Xuanyu Liu,7959034
2026-07-05T06:08:28.502182,2026-07-05T06:08:28.512806+00:00,137.1,12,ask,EarnestEspressos,Xuanyu Liu,7959051
2026-07-05T06:08:29.587717,2026-07-05T06:08:29.600238+00:00,137.6,50,bid,FlawlessFlatbreads,EarnestEspressos,7959058
2026-07-05T06:08:29.908651,2026-07-05T06:08:29.920307+00:00,137.1,11,ask,EarnestEspressos,Xuanyu Liu,7959061
2026-07-05T06:08:30.279959,2026-07-05T06:08:30.290965+00:00,137.1,5,ask,EarnestEspressos,DiligentDonuts,7959070
2026-07-05T06:08:31.403342,2026-07-05T06:08:31.412057+00:00,136.6,49,ask,DiligentDonuts,CostlyCorianders,7959086
2026-07-05T06:08:31.719422,2026-07-05T06:08:31.731082+00:00,137.0,50,bid,FlawlessFlatbreads,EarnestEspressos,7959094
2026-07-05T06:08:32.850630,2026-07-05T06:08:32.858561+00:00,137.0,46,bid,CostlyCorianders,EarnestEspressos,7959108
2026-07-05T06:08:33.826392,2026-07-05T06:08:33.838415+00:00,136.9,50,bid,FlawlessFlatbreads,DiligentDonuts,7959125
2026-07-05T06:08:35.973294,2026-07-05T06:08:35.985079+00:00,136.9,50,bid,FlawlessFlatbreads,DiligentDonuts,7959152
2026-07-05T06:08:37.046234,2026-07-05T06:08:37.058595+00:00,136.7,40,ask,EarnestEspressos,CostlyCorianders,7959170
2026-07-05T06:08:38.081023,2026-07-05T06:08:38.088827+00:00,137.1,50,bid,FlawlessFlatbreads,DiligentDonuts,7959184
2026-07-05T06:08:39.542339,2026-07-05T06:08:39.574044+00:00,137.1,45,bid,CostlyCorianders,DiligentDonuts,7959200
2026-07-05T06:08:39.715590,2026-07-05T06:08:39.727525+00:00,137.1,100,bid,DiligentDonuts,EarnestEspressos,7959203
2026-07-05T06:08:40.187762,2026-07-05T06:08:40.195272+00:00,137.1,50,bid,FlawlessFlatbreads,EarnestEspressos,7959213
2026-07-05T06:08:40.523415,2026-07-05T06:08:40.533011+00:00,137.2,23,ask,EarnestEspressos,Xuanyu Liu,7959218
2026-07-05T06:08:41.191698,2026-07-05T06:08:41.200665+00:00,137.2,49,ask,EarnestEspressos,CostlyCorianders,7959229
2026-07-05T06:08:41.630695,2026-07-05T06:08:41.640228+00:00,137.2,3,ask,EarnestEspressos,Xuanyu Liu,7959237
2026-07-05T06:08:42.371534,2026-07-05T06:08:42.384879+00:00,137.2,50,ask,EarnestEspressos,FlawlessFlatbreads,7959246
2026-07-05T06:08:42.930602,2026-07-05T06:08:42.938578+00:00,137.2,25,ask,EarnestEspressos,DiligentDonuts,7959259
2026-07-05T06:08:43.221877,2026-07-05T06:08:43.232025+00:00,137.1,3,bid,Xuanyu Liu,DiligentDonuts,7959263
2026-07-05T06:08:43.277801,2026-07-05T06:08:43.289532+00:00,136.6,44,ask,DiligentDonuts,CostlyCorianders,7959265
2026-07-05T06:08:44.923428,2026-07-05T06:08:44.931556+00:00,137.1,40,bid,CostlyCorianders,DiligentDonuts,7959293
2026-07-05T06:08:46.020200,2026-07-05T06:08:46.048875+00:00,137.1,11,bid,Xuanyu Liu,EarnestEspressos,7959307
2026-07-05T06:08:46.180181,2026-07-05T06:08:46.192117+00:00,136.8,45,ask,DiligentDonuts,CostlyCorianders,7959313
2026-07-05T06:08:46.533840,2026-07-05T06:08:46.545529+00:00,137.1,50,bid,FlawlessFlatbreads,EarnestEspressos,7959317
2026-07-05T06:08:47.874060,2026-07-05T06:08:47.884437+00:00,137.3,46,bid,CostlyCorianders,DiligentDonuts,7959343
2026-07-05T06:08:48.533044,2026-07-05T06:08:48.545291+00:00,137.3,46,bid,CostlyCorianders,DiligentDonuts,7959350
2026-07-05T06:08:48.671378,2026-07-05T06:08:48.679978+00:00,137.3,8,bid,FlawlessFlatbreads,DiligentDonuts,7959352
2026-07-05T06:08:50.778607,2026-07-05T06:08:50.791046+00:00,137.6,50,bid,FlawlessFlatbreads,DiligentDonuts,7959387
2026-07-05T06:08:50.951342,2026-07-05T06:08:50.958593+00:00,137.2,46,ask,EarnestEspressos,CostlyCorianders,7959390
2026-07-05T06:08:52.077891,2026-07-05T06:08:52.084721+00:00,137.2,49,ask,EarnestEspressos,CostlyCorianders,7959401
2026-07-05T06:08:55.029068,2026-07-05T06:08:55.041343+00:00,137.3,50,bid,FlawlessFlatbreads,EarnestEspressos,7959446
2026-07-05T06:08:56.717539,2026-07-05T06:08:56.729621+00:00,137.6,45,bid,CostlyCorianders,DiligentDonuts,7959469
2026-07-05T06:08:57.136440,2026-07-05T06:08:57.149002+00:00,137.6,50,bid,FlawlessFlatbreads,DiligentDonuts,7959477
2026-07-05T06:08:57.255073,2026-07-05T06:08:57.267136+00:00,137.3,48,ask,EarnestEspressos,CostlyCorianders,7959478
2026-07-05T06:08:57.387791,2026-07-05T06:08:57.396915+00:00,137.3,11,ask,EarnestEspressos,Xuanyu Liu,7959483
2026-07-05T06:08:58.332726,2026-07-05T06:08:58.341236+00:00,137.6,5,bid,CostlyCorianders,DiligentDonuts,7959497
2026-07-05T06:08:58.332726,2026-07-05T06:08:58.341236+00:00,137.8,36,bid,CostlyCorianders,EarnestEspressos,7959498
2026-07-05T06:08:59.246320,2026-07-05T06:08:59.253237+00:00,137.8,50,bid,FlawlessFlatbreads,EarnestEspressos,7959514
2026-07-05T06:09:01.429617,2026-07-05T06:09:01.436248+00:00,137.9,48,bid,CostlyCorianders,DiligentDonuts,7959551
2026-07-05T06:09:03.532856,2026-07-05T06:09:03.544152+00:00,137.6,50,ask,DiligentDonuts,FlawlessFlatbreads,7959565
2026-07-05T06:09:05.589590,2026-07-05T06:09:05.601544+00:00,137.9,50,bid,FlawlessFlatbreads,DiligentDonuts,7959606
2026-07-05T06:09:06.582146,2026-07-05T06:09:06.599408+00:00,137.6,3,ask,EarnestEspressos,Xuanyu Liu,7959619
2026-07-05T06:09:09.557531,2026-07-05T06:09:09.569555+00:00,137.3,42,ask,DiligentDonuts,CostlyCorianders,7959667
2026-07-05T06:09:09.801516,2026-07-05T06:09:09.813712+00:00,137.8,50,bid,FlawlessFlatbreads,DiligentDonuts,7959670
2026-07-05T06:09:14.017511,2026-07-05T06:09:14.024901+00:00,137.5,50,bid,FlawlessFlatbreads,EarnestEspressos,7959734
2026-07-05T06:09:16.125228,2026-07-05T06:09:16.137098+00:00,137.8,50,bid,FlawlessFlatbreads,DiligentDonuts,7959768
2026-07-05T06:09:16.608425,2026-07-05T06:09:16.620447+00:00,137.4,44,ask,EarnestEspressos,CostlyCorianders,7959774
2026-07-05T06:09:17.132870,2026-07-05T06:09:17.145857+00:00,137.4,3,ask,EarnestEspressos,Xuanyu Liu,7959783
2026-07-05T06:09:17.172898,2026-07-05T06:09:17.182764+00:00,137.4,11,ask,EarnestEspressos,Xuanyu Liu,7959785
2026-07-05T06:09:17.310108,2026-07-05T06:09:17.319381+00:00,137.4,42,ask,EarnestEspressos,CostlyCorianders,7959788
2026-07-05T06:09:18.232928,2026-07-05T06:09:18.244393+00:00,137.6,50,bid,FlawlessFlatbreads,DiligentDonuts,7959806
2026-07-05T06:09:18.564593,2026-07-05T06:09:18.576473+00:00,137.1,100,ask,DiligentDonuts,EarnestEspressos,7959810
2026-07-05T06:09:18.577666,2026-07-05T06:09:18.589510+00:00,137.1,11,bid,Xuanyu Liu,EarnestEspressos,7959811
2026-07-05T06:09:19.382495,2026-07-05T06:09:19.394736+00:00,137.1,39,bid,CostlyCorianders,EarnestEspressos,7959827
2026-07-05T06:09:19.382495,2026-07-05T06:09:19.394736+00:00,137.6,3,bid,CostlyCorianders,DiligentDonuts,7959828
2026-07-05T06:09:22.344432,2026-07-05T06:09:22.358546+00:00,137.6,41,bid,CostlyCorianders,DiligentDonuts,7959865
2026-07-05T06:09:22.444717,2026-07-05T06:09:22.463643+00:00,137.6,50,bid,FlawlessFlatbreads,DiligentDonuts,7959871
2026-07-05T06:09:23.699936,2026-07-05T06:09:23.710172+00:00,137.4,11,ask,EarnestEspressos,Xuanyu Liu,7959891
2026-07-05T06:09:24.554711,2026-07-05T06:09:24.558583+00:00,137.7,50,bid,FlawlessFlatbreads,DiligentDonuts,7959905
2026-07-05T06:09:25.361594,2026-07-05T06:09:25.380966+00:00,137.2,40,ask,DiligentDonuts,CostlyCorianders,7959916
2026-07-05T06:09:26.714539,2026-07-05T06:09:26.725147+00:00,137.2,50,ask,DiligentDonuts,FlawlessFlatbreads,7959937
2026-07-05T06:09:28.821877,2026-07-05T06:09:28.833613+00:00,137.3,50,ask,EarnestEspressos,FlawlessFlatbreads,7959962
2026-07-05T06:09:28.959416,2026-07-05T06:09:29.002310+00:00,137.3,12,ask,EarnestEspressos,Xuanyu Liu,7959970
2026-07-05T06:09:30.911008,2026-07-05T06:09:30.922979+00:00,137.3,4,ask,EarnestEspressos,Aaron Tian,7960001
2026-07-05T06:09:32.136763,2026-07-05T06:09:32.150137+00:00,137.3,47,bid,CostlyCorianders,EarnestEspressos,7960016
2026-07-05T06:09:32.193303,2026-07-05T06:09:32.205338+00:00,136.9,42,ask,DiligentDonuts,CostlyCorianders,7960017
2026-07-05T06:09:32.615823,2026-07-05T06:09:32.626025+00:00,137.3,12,bid,Xuanyu Liu,EarnestEspressos,7960025
2026-07-05T06:09:32.895557,2026-07-05T06:09:32.904724+00:00,137.3,11,bid,Xuanyu Liu,EarnestEspressos,7960031
2026-07-05T06:09:33.914737,2026-07-05T06:09:33.926633+00:00,137.3,48,bid,CostlyCorianders,EarnestEspressos,7960053
2026-07-05T06:09:34.344659,2026-07-05T06:09:34.354367+00:00,137.5,11,ask,EarnestEspressos,Xuanyu Liu,7960059
2026-07-05T06:09:35.057262,2026-07-05T06:09:35.068977+00:00,137.5,48,ask,EarnestEspressos,CostlyCorianders,7960068
2026-07-05T06:09:35.087466,2026-07-05T06:09:35.099235+00:00,137.7,50,bid,FlawlessFlatbreads,DiligentDonuts,7960069
2026-07-05T06:09:37.246631,2026-07-05T06:09:37.245724+00:00,137.5,50,ask,EarnestEspressos,FlawlessFlatbreads,7960087
2026-07-05T06:09:39.048466,2026-07-05T06:09:39.058639+00:00,137.7,46,bid,CostlyCorianders,EarnestEspressos,7960127
2026-07-05T06:09:41.456423,2026-07-05T06:09:41.468337+00:00,137.6,50,ask,EarnestEspressos,FlawlessFlatbreads,7960151
2026-07-05T06:09:42.162005,2026-07-05T06:09:42.172053+00:00,137.6,41,ask,EarnestEspressos,CostlyCorianders,7960159
2026-07-05T06:09:43.283417,2026-07-05T06:09:43.296145+00:00,137.6,40,ask,EarnestEspressos,CostlyCorianders,7960173
2026-07-05T06:09:43.568416,2026-07-05T06:09:43.579656+00:00,137.6,19,ask,EarnestEspressos,FlawlessFlatbreads,7960176
2026-07-05T06:09:43.568416,2026-07-05T06:09:43.584853+00:00,137.4,31,ask,DiligentDonuts,FlawlessFlatbreads,7960177
2026-07-05T06:09:43.840570,2026-07-05T06:09:43.852393+00:00,137.4,41,ask,DiligentDonuts,CostlyCorianders,7960181
2026-07-05T06:09:43.906029,2026-07-05T06:09:43.915222+00:00,137.4,28,ask,DiligentDonuts,EarnestEspressos,7960182
2026-07-05T06:09:43.916365,2026-07-05T06:09:43.927476+00:00,137.3,14,bid,Xuanyu Liu,EarnestEspressos,7960183
2026-07-05T06:09:45.678638,2026-07-05T06:09:45.687153+00:00,136.8,50,ask,EarnestEspressos,FlawlessFlatbreads,7960216
2026-07-05T06:09:47.822439,2026-07-05T06:09:47.834402+00:00,137.0,50,ask,DiligentDonuts,FlawlessFlatbreads,7960249
2026-07-05T06:09:49.929952,2026-07-05T06:09:49.942055+00:00,137.1,50,ask,DiligentDonuts,FlawlessFlatbreads,7960287
2026-07-05T06:09:52.011391,2026-07-05T06:09:52.023624+00:00,137.3,50,bid,FlawlessFlatbreads,EarnestEspressos,7960314
2026-07-05T06:09:52.317844,2026-07-05T06:09:52.329241+00:00,137.3,48,bid,CostlyCorianders,EarnestEspressos,7960321
2026-07-05T06:09:52.656641,2026-07-05T06:09:52.667950+00:00,137.3,3,bid,Xuanyu Liu,EarnestEspressos,7960327
2026-07-05T06:09:53.347692,2026-07-05T06:09:53.358556+00:00,137.3,100,bid,EarnestEspressos,DiligentDonuts,7960333
2026-07-05T06:09:53.971808,2026-07-05T06:09:53.982028+00:00,137.5,3,ask,EarnestEspressos,Xuanyu Liu,7960344
2026-07-05T06:09:54.123611,2026-07-05T06:09:54.135580+00:00,138.0,50,bid,FlawlessFlatbreads,EarnestEspressos,7960347
2026-07-05T06:09:54.377883,2026-07-05T06:09:54.389899+00:00,138.0,49,bid,CostlyCorianders,EarnestEspressos,7960350
2026-07-05T06:09:57.510602,2026-07-05T06:09:57.522540+00:00,137.8,40,ask,EarnestEspressos,CostlyCorianders,7960413
2026-07-05T06:09:58.338438,2026-07-05T06:09:58.348495+00:00,138.2,50,bid,FlawlessFlatbreads,DiligentDonuts,7960422
2026-07-05T06:09:58.547567,2026-07-05T06:09:58.559348+00:00,138.2,48,bid,CostlyCorianders,DiligentDonuts,7960426
2026-07-05T06:10:00.478692,2026-07-05T06:10:00.495183+00:00,137.9,50,bid,FlawlessFlatbreads,EarnestEspressos,7960457
2026-07-05T06:10:00.774628,2026-07-05T06:10:00.784197+00:00,137.8,3,ask,DiligentDonuts,Xuanyu Liu,7960466
2026-07-05T06:10:02.646859,2026-07-05T06:10:02.653774+00:00,137.8,50,ask,DiligentDonuts,FlawlessFlatbreads,7960491
2026-07-05T06:10:04.779323,2026-07-05T06:10:04.791349+00:00,137.8,50,ask,DiligentDonuts,FlawlessFlatbreads,7960519
2026-07-05T06:10:06.653294,2026-07-05T06:10:06.658593+00:00,137.7,47,ask,EarnestEspressos,CostlyCorianders,7960544
2026-07-05T06:10:06.835420,2026-07-05T06:10:06.847127+00:00,137.9,50,bid,FlawlessFlatbreads,DiligentDonuts,7960551
2026-07-05T06:10:07.253548,2026-07-05T06:10:07.256986+00:00,137.9,43,bid,CostlyCorianders,DiligentDonuts,7960557
2026-07-05T06:10:08.032772,2026-07-05T06:10:08.046263+00:00,137.9,3,bid,Xuanyu Liu,DiligentDonuts,7960568
2026-07-05T06:10:08.286500,2026-07-05T06:10:08.298586+00:00,137.7,42,ask,EarnestEspressos,CostlyCorianders,7960574
2026-07-05T06:10:08.890868,2026-07-05T06:10:08.901869+00:00,138.2,44,bid,CostlyCorianders,EarnestEspressos,7960587
2026-07-05T06:10:09.980575,2026-07-05T06:10:09.991643+00:00,137.9,48,ask,DiligentDonuts,CostlyCorianders,7960605
2026-07-05T06:10:10.445990,2026-07-05T06:10:10.458563+00:00,138.0,41,bid,CostlyCorianders,EarnestEspressos,7960610
2026-07-05T06:10:10.501612,2026-07-05T06:10:10.513848+00:00,137.9,43,ask,DiligentDonuts,CostlyCorianders,7960612
2026-07-05T06:10:13.155861,2026-07-05T06:10:13.167218+00:00,138.0,50,bid,FlawlessFlatbreads,DiligentDonuts,7960653
2026-07-05T06:10:17.371355,2026-07-05T06:10:17.383435+00:00,138.3,50,bid,FlawlessFlatbreads,EarnestEspressos,7960717
2026-07-05T06:10:17.543743,2026-07-05T06:10:17.558572+00:00,138.3,48,bid,CostlyCorianders,EarnestEspressos,7960719
2026-07-05T06:10:18.096283,2026-07-05T06:10:18.108430+00:00,138.1,41,ask,DiligentDonuts,CostlyCorianders,7960729
2026-07-05T06:10:18.667122,2026-07-05T06:10:18.676346+00:00,138.4,3,ask,EarnestEspressos,Xuanyu Liu,7960738
2026-07-05T06:10:18.950491,2026-07-05T06:10:18.960587+00:00,138.4,23,ask,EarnestEspressos,Xuanyu Liu,7960746
2026-07-05T06:10:19.554940,2026-07-05T06:10:19.558577+00:00,138.4,50,ask,EarnestEspressos,FlawlessFlatbreads,7960755
2026-07-05T06:10:20.180732,2026-07-05T06:10:20.187705+00:00,138.4,4,ask,EarnestEspressos,Aaron Tian,7960775
2026-07-05T06:10:22.314383,2026-07-05T06:10:22.323953+00:00,138.5,48,bid,CostlyCorianders,DiligentDonuts,7960794
2026-07-05T06:10:22.369747,2026-07-05T06:10:22.376678+00:00,138.2,40,ask,EarnestEspressos,CostlyCorianders,7960796
2026-07-05T06:10:22.933420,2026-07-05T06:10:22.945185+00:00,138.5,12,bid,Xuanyu Liu,DiligentDonuts,7960805
2026-07-05T06:10:22.995207,2026-07-05T06:10:23.006953+00:00,138.5,40,bid,CostlyCorianders,DiligentDonuts,7960807
2026-07-05T06:10:22.995207,2026-07-05T06:10:23.006953+00:00,138.7,8,bid,CostlyCorianders,EarnestEspressos,7960808
2026-07-05T06:10:23.742995,2026-07-05T06:10:23.758607+00:00,138.7,50,bid,FlawlessFlatbreads,EarnestEspressos,7960818
2026-07-05T06:10:25.908844,2026-07-05T06:10:25.923297+00:00,138.4,50,ask,DiligentDonuts,FlawlessFlatbreads,7960843
2026-07-05T06:10:27.032635,2026-07-05T06:10:27.044896+00:00,138.4,25,ask,DiligentDonuts,Harold Schneider,7960864
2026-07-05T06:10:28.018297,2026-07-05T06:10:28.025631+00:00,138.5,10,ask,Harold Schneider,FlawlessFlatbreads,7960882
2026-07-05T06:10:28.018297,2026-07-05T06:10:28.031074+00:00,138.4,40,ask,EarnestEspressos,FlawlessFlatbreads,7960883
2026-07-05T06:10:32.219093,2026-07-05T06:10:32.231119+00:00,138.6,50,bid,FlawlessFlatbreads,DiligentDonuts,7960949
2026-07-05T06:10:32.587354,2026-07-05T06:10:32.599270+00:00,138.1,42,ask,DiligentDonuts,CostlyCorianders,7960952
2026-07-05T06:10:33.626732,2026-07-05T06:10:33.634340+00:00,138.6,41,bid,CostlyCorianders,DiligentDonuts,7960974
2026-07-05T06:10:36.466124,2026-07-05T06:10:36.478353+00:00,138.7,50,bid,FlawlessFlatbreads,EarnestEspressos,7961019
2026-07-05T06:10:37.097713,2026-07-05T06:10:37.106410+00:00,138.3,2,ask,DiligentDonuts,Harold Schneider,7961029
2026-07-05T06:10:37.807758,2026-07-05T06:10:37.816881+00:00,138.5,49,ask,EarnestEspressos,CostlyCorianders,7961044
2026-07-05T06:10:38.625185,2026-07-05T06:10:38.634290+00:00,138.5,50,ask,EarnestEspressos,FlawlessFlatbreads,7961064
2026-07-05T06:10:40.731783,2026-07-05T06:10:40.744158+00:00,138.6,50,ask,DiligentDonuts,FlawlessFlatbreads,7961095
2026-07-05T06:10:40.872709,2026-07-05T06:10:40.884573+00:00,138.7,11,bid,Xuanyu Liu,EarnestEspressos,7961098
2026-07-05T06:10:42.119727,2026-07-05T06:10:42.131785+00:00,138.6,2,ask,DiligentDonuts,Harold Schneider,7961122
2026-07-05T06:10:42.866039,2026-07-05T06:10:42.879235+00:00,138.6,48,ask,DiligentDonuts,FlawlessFlatbreads,7961129
2026-07-05T06:10:42.866039,2026-07-05T06:10:42.879235+00:00,138.2,2,ask,EarnestEspressos,FlawlessFlatbreads,7961130
2026-07-05T06:10:45.167494,2026-07-05T06:10:45.178840+00:00,138.7,40,bid,CostlyCorianders,DiligentDonuts,7961173
2026-07-05T06:10:46.872057,2026-07-05T06:10:46.881955+00:00,138.4,46,ask,EarnestEspressos,CostlyCorianders,7961194
2026-07-05T06:10:47.079782,2026-07-05T06:10:47.092602+00:00,138.4,50,ask,EarnestEspressos,FlawlessFlatbreads,7961199
2026-07-05T06:10:47.424303,2026-07-05T06:10:47.436766+00:00,138.3,46,ask,DiligentDonuts,CostlyCorianders,7961205
2026-07-05T06:10:49.187656,2026-07-05T06:10:49.194977+00:00,138.3,50,ask,DiligentDonuts,FlawlessFlatbreads,7961237
2026-07-05T06:10:50.410021,2026-07-05T06:10:50.419832+00:00,138.3,3,bid,Xuanyu Liu,EarnestEspressos,7961251
2026-07-05T06:10:51.294598,2026-07-05T06:10:51.306098+00:00,138.0,50,ask,DiligentDonuts,FlawlessFlatbreads,7961269
2026-07-05T06:10:52.166550,2026-07-05T06:10:52.177677+00:00,138.3,19,bid,Harold Schneider,EarnestEspressos,7961281
2026-07-05T06:10:52.967584,2026-07-05T06:10:52.979635+00:00,138.3,46,bid,CostlyCorianders,EarnestEspressos,7961302
2026-07-05T06:10:53.104303,2026-07-05T06:10:53.113674+00:00,138.3,14,bid,Xuanyu Liu,EarnestEspressos,7961304
2026-07-05T06:10:53.402464,2026-07-05T06:10:53.414817+00:00,137.9,50,ask,DiligentDonuts,FlawlessFlatbreads,7961309
2026-07-05T06:10:54.969491,2026-07-05T06:10:54.984527+00:00,138.4,11,ask,EarnestEspressos,Xuanyu Liu,7961337
2026-07-05T06:10:55.512066,2026-07-05T06:10:55.522601+00:00,138.4,39,ask,EarnestEspressos,FlawlessFlatbreads,7961351
2026-07-05T06:10:55.512066,2026-07-05T06:10:55.522601+00:00,137.9,11,ask,DiligentDonuts,FlawlessFlatbreads,7961352
2026-07-05T06:10:56.739823,2026-07-05T06:10:56.753845+00:00,138.2,11,bid,Xuanyu Liu,EarnestEspressos,7961365
2026-07-05T06:10:56.784534,2026-07-05T06:10:56.795573+00:00,138.2,44,bid,CostlyCorianders,EarnestEspressos,7961367
2026-07-05T06:10:57.033589,2026-07-05T06:10:57.042872+00:00,138.2,12,bid,Xuanyu Liu,EarnestEspressos,7961369
2026-07-05T06:10:57.623424,2026-07-05T06:10:57.630127+00:00,138.1,50,ask,DiligentDonuts,FlawlessFlatbreads,7961377
2026-07-05T06:10:57.868000,2026-07-05T06:10:57.879387+00:00,138.2,43,bid,CostlyCorianders,EarnestEspressos,7961383
2026-07-05T06:10:59.645562,2026-07-05T06:10:59.654755+00:00,138.2,4,bid,Aaron Tian,EarnestEspressos,7961407
2026-07-05T06:10:59.736503,2026-07-05T06:10:59.744510+00:00,137.8,50,ask,DiligentDonuts,FlawlessFlatbreads,7961409
2026-07-05T06:11:01.047166,2026-07-05T06:11:01.055411+00:00,138.1,47,ask,EarnestEspressos,CostlyCorianders,7961425
2026-07-05T06:11:01.843848,2026-07-05T06:11:01.856217+00:00,138.1,50,ask,EarnestEspressos,FlawlessFlatbreads,7961435
2026-07-05T06:11:02.116322,2026-07-05T06:11:02.128546+00:00,138.1,44,ask,EarnestEspressos,CostlyCorianders,7961441
2026-07-05T06:11:02.724349,2026-07-05T06:11:02.736227+00:00,138.3,43,bid,CostlyCorianders,DiligentDonuts,7961452
2026-07-05T06:11:02.936688,2026-07-05T06:11:02.948873+00:00,138.3,4,bid,Aaron Tian,DiligentDonuts,7961458
2026-07-05T06:11:06.057078,2026-07-05T06:11:06.064001+00:00,137.7,50,ask,DiligentDonuts,FlawlessFlatbreads,7961500
2026-07-05T06:11:06.233819,2026-07-05T06:11:06.243528+00:00,137.8,23,bid,Xuanyu Liu,EarnestEspressos,7961504
2026-07-05T06:11:08.113582,2026-07-05T06:11:08.125800+00:00,137.8,50,bid,FlawlessFlatbreads,EarnestEspressos,7961530
2026-07-05T06:11:10.222792,2026-07-05T06:11:10.231453+00:00,138.0,50,bid,FlawlessFlatbreads,DiligentDonuts,7961561
2026-07-05T06:11:12.329341,2026-07-05T06:11:12.341031+00:00,138.0,50,bid,FlawlessFlatbreads,EarnestEspressos,7961595
2026-07-05T06:11:14.438322,2026-07-05T06:11:14.445304+00:00,138.0,50,bid,FlawlessFlatbreads,DiligentDonuts,7961622
2026-07-05T06:11:14.582788,2026-07-05T06:11:14.600309+00:00,138.0,40,bid,CostlyCorianders,DiligentDonuts,7961628
2026-07-05T06:11:14.895743,2026-07-05T06:11:14.942849+00:00,138.0,23,ask,DiligentDonuts,Xuanyu Liu,7961633
2026-07-05T06:11:15.223366,2026-07-05T06:11:15.235556+00:00,138.1,42,bid,CostlyCorianders,EarnestEspressos,7961645
2026-07-05T06:11:16.544041,2026-07-05T06:11:16.558588+00:00,138.4,50,bid,FlawlessFlatbreads,EarnestEspressos,7961666
2026-07-05T06:11:16.769192,2026-07-05T06:11:16.779211+00:00,138.0,23,ask,DiligentDonuts,Xuanyu Liu,7961671
2026-07-05T06:11:18.048837,2026-07-05T06:11:18.059570+00:00,138.0,3,ask,EarnestEspressos,Xuanyu Liu,7961688
2026-07-05T06:11:18.651628,2026-07-05T06:11:18.660551+00:00,138.2,50,bid,FlawlessFlatbreads,DiligentDonuts,7961704
2026-07-05T06:11:18.930040,2026-07-05T06:11:18.937905+00:00,137.8,42,ask,EarnestEspressos,CostlyCorianders,7961711
2026-07-05T06:11:20.516769,2026-07-05T06:11:20.528964+00:00,137.8,46,ask,EarnestEspressos,CostlyCorianders,7961728
2026-07-05T06:11:20.758948,2026-07-05T06:11:20.768118+00:00,138.2,50,bid,FlawlessFlatbreads,DiligentDonuts,7961733
2026-07-05T06:11:21.603884,2026-07-05T06:11:21.611258+00:00,138.0,41,ask,DiligentDonuts,CostlyCorianders,7961747
2026-07-05T06:11:22.222873,2026-07-05T06:11:22.237220+00:00,138.2,42,bid,CostlyCorianders,EarnestEspressos,7961754
2026-07-05T06:11:22.832510,2026-07-05T06:11:22.840887+00:00,138.0,40,ask,DiligentDonuts,CostlyCorianders,7961765
2026-07-05T06:11:22.865849,2026-07-05T06:11:22.878013+00:00,138.2,50,bid,FlawlessFlatbreads,EarnestEspressos,7961766
2026-07-05T06:11:24.975629,2026-07-05T06:11:24.988269+00:00,138.2,50,bid,FlawlessFlatbreads,EarnestEspressos,7961805
2026-07-05T06:11:25.172790,2026-07-05T06:11:25.184547+00:00,138.2,100,bid,EarnestEspressos,DiligentDonuts,7961808
2026-07-05T06:11:26.604753,2026-07-05T06:11:26.617105+00:00,138.8,48,bid,CostlyCorianders,EarnestEspressos,7961831
2026-07-05T06:11:27.082648,2026-07-05T06:11:27.094611+00:00,138.8,50,bid,FlawlessFlatbreads,EarnestEspressos,7961849
2026-07-05T06:11:29.190960,2026-07-05T06:11:29.197554+00:00,138.6,50,bid,FlawlessFlatbreads,DiligentDonuts,7961877
2026-07-05T06:11:31.299021,2026-07-05T06:11:31.315558+00:00,138.9,50,bid,FlawlessFlatbreads,EarnestEspressos,7961901
2026-07-05T06:11:31.736319,2026-07-05T06:11:31.745628+00:00,138.6,46,ask,EarnestEspressos,CostlyCorianders,7961906
2026-07-05T06:11:32.361067,2026-07-05T06:11:32.368729+00:00,139.0,49,bid,CostlyCorianders,DiligentDonuts,7961919
2026-07-05T06:11:33.411292,2026-07-05T06:11:33.423251+00:00,139.0,50,bid,FlawlessFlatbreads,DiligentDonuts,7961938
2026-07-05T06:11:33.924239,2026-07-05T06:11:33.935140+00:00,138.8,14,ask,DiligentDonuts,Xuanyu Liu,7961950
2026-07-05T06:11:34.105221,2026-07-05T06:11:34.117251+00:00,138.8,46,ask,DiligentDonuts,CostlyCorianders,7961955
2026-07-05T06:11:35.211841,2026-07-05T06:11:35.222308+00:00,139.0,43,bid,CostlyCorianders,EarnestEspressos,7961973
2026-07-05T06:11:35.536822,2026-07-05T06:11:35.552277+00:00,139.0,50,bid,FlawlessFlatbreads,EarnestEspressos,7961981
2026-07-05T06:11:35.537018,2026-07-05T06:11:35.552277+00:00,138.8,12,ask,DiligentDonuts,Xuanyu Liu,7961982
2026-07-05T06:11:35.708601,2026-07-05T06:11:35.720833+00:00,138.8,4,ask,DiligentDonuts,Aaron Tian,7961984
2026-07-05T06:11:37.643822,2026-07-05T06:11:37.654234+00:00,139.0,50,bid,FlawlessFlatbreads,EarnestEspressos,7962015
2026-07-05T06:11:37.839903,2026-07-05T06:11:37.851855+00:00,139.0,100,bid,EarnestEspressos,DiligentDonuts,7962024
2026-07-05T06:11:37.943502,2026-07-05T06:11:37.960483+00:00,139.2,11,ask,EarnestEspressos,Xuanyu Liu,7962025
2026-07-05T06:11:37.961689,2026-07-05T06:11:37.970654+00:00,139.2,12,ask,EarnestEspressos,Xuanyu Liu,7962027
2026-07-05T06:11:38.559593,2026-07-05T06:11:38.570514+00:00,139.2,22,ask,EarnestEspressos,Xuanyu Liu,7962035
2026-07-05T06:11:39.010864,2026-07-05T06:11:39.022795+00:00,139.2,4,ask,EarnestEspressos,Aaron Tian,7962041
2026-07-05T06:11:39.753474,2026-07-05T06:11:39.769491+00:00,139.7,50,bid,FlawlessFlatbreads,EarnestEspressos,7962056
2026-07-05T06:11:39.852434,2026-07-05T06:11:39.864862+00:00,139.2,1,ask,EarnestEspressos,CostlyCorianders,7962057
2026-07-05T06:11:39.852434,2026-07-05T06:11:39.864862+00:00,138.5,40,ask,DiligentDonuts,CostlyCorianders,7962058
2026-07-05T06:11:41.860750,2026-07-05T06:11:41.867414+00:00,139.1,50,bid,FlawlessFlatbreads,DiligentDonuts,7962090
2026-07-05T06:11:43.036252,2026-07-05T06:11:43.045634+00:00,139.1,11,bid,Xuanyu Liu,DiligentDonuts,7962106
2026-07-05T06:11:44.000337,2026-07-05T06:11:44.008737+00:00,139.1,50,bid,FlawlessFlatbreads,EarnestEspressos,7962121
2026-07-05T06:11:44.521539,2026-07-05T06:11:44.534103+00:00,138.9,44,ask,DiligentDonuts,CostlyCorianders,7962129
2026-07-05T06:11:45.615744,2026-07-05T06:11:45.623147+00:00,138.9,4,ask,DiligentDonuts,Aaron Tian,7962137
2026-07-05T06:11:46.116530,2026-07-05T06:11:46.124914+00:00,139.4,50,bid,FlawlessFlatbreads,DiligentDonuts,7962141
2026-07-05T06:11:46.974781,2026-07-05T06:11:46.984094+00:00,138.9,11,ask,EarnestEspressos,Xuanyu Liu,7962159
2026-07-05T06:11:47.322049,2026-07-05T06:11:47.331141+00:00,138.8,25,ask,DiligentDonuts,Harold Schneider,7962164
2026-07-05T06:11:47.399979,2026-07-05T06:11:47.411908+00:00,138.9,10,ask,Harold Schneider,EarnestEspressos,7962168
2026-07-05T06:11:47.682260,2026-07-05T06:11:47.693972+00:00,138.8,43,ask,DiligentDonuts,CostlyCorianders,7962171
2026-07-05T06:11:48.301056,2026-07-05T06:11:48.310630+00:00,138.8,32,ask,DiligentDonuts,FlawlessFlatbreads,7962183
2026-07-05T06:11:48.675247,2026-07-05T06:11:48.687182+00:00,138.9,40,bid,CostlyCorianders,EarnestEspressos,7962188
2026-07-05T06:11:50.422283,2026-07-05T06:11:50.435246+00:00,138.4,50,ask,EarnestEspressos,FlawlessFlatbreads,7962211
2026-07-05T06:11:52.230607,2026-07-05T06:11:52.240371+00:00,138.5,4,ask,EarnestEspressos,Aaron Tian,7962251
2026-07-05T06:11:52.352718,2026-07-05T06:11:52.355173+00:00,138.5,25,ask,EarnestEspressos,Harold Schneider,7962257
2026-07-05T06:11:52.378793,2026-07-05T06:11:52.386199+00:00,138.5,2,ask,EarnestEspressos,Harold Schneider,7962259
2026-07-05T06:11:52.543331,2026-07-05T06:11:52.563644+00:00,138.5,50,ask,EarnestEspressos,FlawlessFlatbreads,7962261
2026-07-05T06:11:53.517187,2026-07-05T06:11:53.527289+00:00,138.7,45,bid,Xuanyu Liu,DiligentDonuts,7962272
2026-07-05T06:11:54.599936,2026-07-05T06:11:54.611328+00:00,138.7,49,bid,CostlyCorianders,DiligentDonuts,7962294
2026-07-05T06:11:54.660151,2026-07-05T06:11:54.672274+00:00,138.4,50,ask,EarnestEspressos,FlawlessFlatbreads,7962296
2026-07-05T06:11:55.646155,2026-07-05T06:11:55.658576+00:00,138.7,6,bid,CostlyCorianders,DiligentDonuts,7962304
2026-07-05T06:11:56.103743,2026-07-05T06:11:56.113939+00:00,138.7,11,ask,DiligentDonuts,Xuanyu Liu,7962316
2026-07-05T06:11:56.767149,2026-07-05T06:11:56.776725+00:00,138.7,50,ask,DiligentDonuts,FlawlessFlatbreads,7962330
2026-07-05T06:11:56.805576,2026-07-05T06:11:56.812700+00:00,138.7,39,ask,DiligentDonuts,CostlyCorianders,7962331
2026-07-05T06:11:56.921767,2026-07-05T06:11:56.932598+00:00,138.5,11,bid,Xuanyu Liu,EarnestEspressos,7962332
2026-07-05T06:11:58.886285,2026-07-05T06:11:58.898630+00:00,138.0,50,ask,EarnestEspressos,FlawlessFlatbreads,7962368
2026-07-05T06:12:00.087056,2026-07-05T06:12:00.096516+00:00,138.4,12,bid,Xuanyu Liu,EarnestEspressos,7962387
2026-07-05T06:12:01.010986,2026-07-05T06:12:01.023404+00:00,138.2,50,ask,DiligentDonuts,FlawlessFlatbreads,7962401
2026-07-05T06:12:02.022708,2026-07-05T06:12:02.034532+00:00,138.4,47,bid,CostlyCorianders,EarnestEspressos,7962412
2026-07-05T06:12:03.079214,2026-07-05T06:12:03.086072+00:00,138.4,46,bid,CostlyCorianders,EarnestEspressos,7962425
2026-07-05T06:12:03.118951,2026-07-05T06:12:03.130873+00:00,138.1,50,ask,DiligentDonuts,FlawlessFlatbreads,7962426
2026-07-05T06:12:05.268090,2026-07-05T06:12:05.280015+00:00,138.3,50,ask,EarnestEspressos,FlawlessFlatbreads,7962466
2026-07-05T06:12:06.095749,2026-07-05T06:12:06.107718+00:00,138.3,46,ask,EarnestEspressos,CostlyCorianders,7962474
2026-07-05T06:12:07.380862,2026-07-05T06:12:07.392893+00:00,138.1,50,ask,DiligentDonuts,FlawlessFlatbreads,7962490
2026-07-05T06:12:09.248879,2026-07-05T06:12:09.259719+00:00,138.4,14,bid,Xuanyu Liu,EarnestEspressos,7962513
2026-07-05T06:12:09.488309,2026-07-05T06:12:09.500074+00:00,137.9,50,ask,DiligentDonuts,FlawlessFlatbreads,7962521
2026-07-05T06:12:11.604042,2026-07-05T06:12:11.664481+00:00,138.2,50,ask,EarnestEspressos,FlawlessFlatbreads,7962542
2026-07-05T06:12:11.623409,2026-07-05T06:12:11.664481+00:00,138.4,42,bid,CostlyCorianders,DiligentDonuts,7962543
2026-07-05T06:12:12.089190,2026-07-05T06:12:12.096467+00:00,138.4,40,bid,CostlyCorianders,DiligentDonuts,7962556
2026-07-05T06:12:12.491090,2026-07-05T06:12:12.500640+00:00,138.4,25,bid,Harold Schneider,DiligentDonuts,7962573
2026-07-05T06:12:13.717278,2026-07-05T06:12:13.729017+00:00,138.2,50,ask,EarnestEspressos,FlawlessFlatbreads,7962596
2026-07-05T06:12:15.826813,2026-07-05T06:12:15.836281+00:00,138.4,50,ask,DiligentDonuts,FlawlessFlatbreads,7962622
2026-07-05T06:12:15.900712,2026-07-05T06:12:15.912279+00:00,138.4,50,ask,DiligentDonuts,EarnestEspressos,7962627
2026-07-05T06:12:17.526402,2026-07-05T06:12:17.534852+00:00,138.4,17,bid,Harold Schneider,EarnestEspressos,7962652
2026-07-05T06:12:17.935366,2026-07-05T06:12:17.945270+00:00,137.9,50,ask,EarnestEspressos,FlawlessFlatbreads,7962657
2026-07-05T06:12:19.754224,2026-07-05T06:12:19.765692+00:00,138.3,3,bid,Xuanyu Liu,Harold Schneider,7962680
