timestamp,recv_time,price,volume,aggressor_side,buyer,seller,trade_id
2026-07-06T21:00:00.394150,2026-07-06T21:00:00.405544+00:00,152.7,6,bid,,,9954491
2026-07-06T21:00:00.394150,2026-07-06T21:00:00.405544+00:00,152.8,43,bid,,,9954492
2026-07-06T21:00:00.831767,2026-07-06T21:00:00.843060+00:00,152.7,50,bid,,,9954503
2026-07-06T21:00:02.939371,2026-07-06T21:00:02.958550+00:00,152.5,8,bid,,,9954528
2026-07-06T21:00:02.939371,2026-07-06T21:00:02.958550+00:00,152.7,42,bid,,,9954529
2026-07-06T21:00:04.159498,2026-07-06T21:00:04.168303+00:00,152.5,3,bid,,,9954543
2026-07-06T21:00:04.478482,2026-07-06T21:00:04.480490+00:00,152.4,41,ask,,,9954551
2026-07-06T21:00:05.048351,2026-07-06T21:00:05.058589+00:00,152.5,8,bid,,,9954561
2026-07-06T21:00:05.048351,2026-07-06T21:00:05.058589+00:00,152.7,42,bid,,,9954562
2026-07-06T21:00:07.156538,2026-07-06T21:00:07.163841+00:00,152.6,8,bid,,,9954584
2026-07-06T21:00:07.156538,2026-07-06T21:00:07.168881+00:00,152.7,42,bid,,,9954585
2026-07-06T21:00:08.223981,2026-07-06T21:00:08.235384+00:00,152.4,48,ask,,,9954597
2026-07-06T21:00:09.262729,2026-07-06T21:00:09.271897+00:00,152.5,8,bid,,,9954611
2026-07-06T21:00:09.262729,2026-07-06T21:00:09.271897+00:00,152.7,42,bid,,,9954612
2026-07-06T21:00:09.887975,2026-07-06T21:00:09.897270+00:00,152.6,8,bid,,,9954616
2026-07-06T21:00:10.082092,2026-07-06T21:00:10.088581+00:00,152.7,8,ask,,,9954620
2026-07-06T21:00:11.448485,2026-07-06T21:00:11.464010+00:00,152.7,50,ask,,,9954638
2026-07-06T21:00:11.920466,2026-07-06T21:00:11.930507+00:00,152.7,3,ask,,,9954643
2026-07-06T21:00:12.869602,2026-07-06T21:00:12.879245+00:00,152.7,8,ask,,,9954657
2026-07-06T21:00:13.873742,2026-07-06T21:00:13.884927+00:00,152.8,47,bid,,,9954666
2026-07-06T21:00:15.668415,2026-07-06T21:00:15.680809+00:00,152.3,8,ask,,,9954684
2026-07-06T21:00:15.668415,2026-07-06T21:00:15.680809+00:00,152.3,42,ask,,,9954685
2026-07-06T21:00:17.775080,2026-07-06T21:00:17.784348+00:00,152.5,50,ask,,,9954715
2026-07-06T21:00:19.903896,2026-07-06T21:00:19.915374+00:00,152.4,8,ask,,,9954744
2026-07-06T21:00:19.903896,2026-07-06T21:00:19.915374+00:00,152.4,42,ask,,,9954745
2026-07-06T21:00:20.789122,2026-07-06T21:00:20.800727+00:00,152.4,41,ask,,,9954755
2026-07-06T21:00:21.092836,2026-07-06T21:00:21.100794+00:00,152.7,3,bid,,,9954761
2026-07-06T21:00:22.011356,2026-07-06T21:00:22.022793+00:00,152.2,50,ask,,,9954776
2026-07-06T21:00:23.707799,2026-07-06T21:00:23.716159+00:00,152.5,11,bid,,,9954793
2026-07-06T21:00:24.068339,2026-07-06T21:00:24.079633+00:00,152.5,50,bid,,,9954797
2026-07-06T21:00:26.174325,2026-07-06T21:00:26.185870+00:00,152.7,5,bid,,,9954815
2026-07-06T21:00:26.174325,2026-07-06T21:00:26.185870+00:00,152.7,45,bid,,,9954816
2026-07-06T21:00:30.399775,2026-07-06T21:00:30.409633+00:00,152.8,50,bid,,,9954871
2026-07-06T21:00:30.677715,2026-07-06T21:00:30.689196+00:00,152.4,43,ask,,,9954875
2026-07-06T21:00:30.785984,2026-07-06T21:00:30.794273+00:00,152.4,11,ask,,,9954879
2026-07-06T21:00:32.067028,2026-07-06T21:00:32.078689+00:00,152.5,100,bid,,,9954894
2026-07-06T21:00:32.343893,2026-07-06T21:00:32.358621+00:00,152.5,45,ask,,,9954898
2026-07-06T21:00:32.508645,2026-07-06T21:00:32.518270+00:00,152.7,8,bid,,,9954899
2026-07-06T21:00:32.508645,2026-07-06T21:00:32.518270+00:00,153.0,42,bid,,,9954900
2026-07-06T21:00:34.629484,2026-07-06T21:00:34.640800+00:00,152.8,8,bid,,,9954929
2026-07-06T21:00:34.629484,2026-07-06T21:00:34.640800+00:00,153.0,42,bid,,,9954930
2026-07-06T21:00:36.737601,2026-07-06T21:00:36.748936+00:00,152.6,50,bid,,,9954960
2026-07-06T21:00:38.862077,2026-07-06T21:00:38.868776+00:00,152.7,8,bid,,,9954995
2026-07-06T21:00:38.862077,2026-07-06T21:00:38.874176+00:00,152.9,42,bid,,,9954996
2026-07-06T21:00:39.041022,2026-07-06T21:00:39.052268+00:00,152.8,8,bid,,,9955001
2026-07-06T21:00:39.041022,2026-07-06T21:00:39.052268+00:00,152.9,37,bid,,,9955002
2026-07-06T21:00:39.600424,2026-07-06T21:00:39.607257+00:00,152.4,41,ask,,,9955019
2026-07-06T21:00:40.972632,2026-07-06T21:00:40.989265+00:00,152.9,50,bid,,,9955040
2026-07-06T21:00:41.158578,2026-07-06T21:00:41.170137+00:00,152.9,48,bid,,,9955047
2026-07-06T21:00:41.567206,2026-07-06T21:00:41.576122+00:00,152.7,3,ask,,,9955051
2026-07-06T21:00:41.663217,2026-07-06T21:00:41.672553+00:00,152.7,3,ask,,,9955057
2026-07-06T21:00:41.942952,2026-07-06T21:00:41.964219+00:00,152.7,3,ask,,,9955064
2026-07-06T21:00:42.867406,2026-07-06T21:00:42.874749+00:00,152.9,8,bid,,,9955078
2026-07-06T21:00:45.214343,2026-07-06T21:00:45.226092+00:00,153.2,50,bid,,,9955110
2026-07-06T21:00:47.328856,2026-07-06T21:00:47.358804+00:00,153.2,50,bid,,,9955140
2026-07-06T21:00:49.488868,2026-07-06T21:00:49.500261+00:00,152.9,50,ask,,,9955160
2026-07-06T21:00:51.597780,2026-07-06T21:00:51.664018+00:00,153.3,50,ask,,,9955189
2026-07-06T21:00:52.285618,2026-07-06T21:00:52.291761+00:00,153.3,49,ask,,,9955197
2026-07-06T21:00:52.919953,2026-07-06T21:00:52.931315+00:00,153.3,1,ask,,,9955209
2026-07-06T21:00:52.919953,2026-07-06T21:00:52.931315+00:00,152.9,43,ask,,,9955210
2026-07-06T21:00:53.705863,2026-07-06T21:00:53.712142+00:00,152.9,50,ask,,,9955219
2026-07-06T21:00:54.268977,2026-07-06T21:00:54.280388+00:00,153.0,100,ask,,,9955230
2026-07-06T21:00:55.812903,2026-07-06T21:00:55.821013+00:00,152.6,8,ask,,,9955244
2026-07-06T21:00:55.812903,2026-07-06T21:00:55.821013+00:00,152.4,42,ask,,,9955245
2026-07-06T21:00:57.627167,2026-07-06T21:00:57.638506+00:00,152.9,47,bid,,,9955261
2026-07-06T21:00:57.935895,2026-07-06T21:00:57.947582+00:00,152.4,50,ask,,,9955263
2026-07-06T21:01:00.043189,2026-07-06T21:01:00.048479+00:00,152.4,50,ask,,,9955283
2026-07-06T21:01:02.149665,2026-07-06T21:01:02.168688+00:00,152.4,50,ask,,,9955303
2026-07-06T21:01:02.459262,2026-07-06T21:01:02.471045+00:00,152.6,42,bid,,,9955308
2026-07-06T21:01:03.486982,2026-07-06T21:01:03.495616+00:00,152.6,3,bid,,,9955322
2026-07-06T21:01:04.255638,2026-07-06T21:01:04.251658+00:00,152.5,50,ask,,,9955331
2026-07-06T21:01:04.581718,2026-07-06T21:01:04.592103+00:00,152.7,47,bid,,,9955338
2026-07-06T21:01:04.636105,2026-07-06T21:01:04.647638+00:00,152.5,40,ask,,,9955340
2026-07-06T21:01:05.108724,2026-07-06T21:01:05.118630+00:00,152.5,44,ask,,,9955349
2026-07-06T21:01:06.311802,2026-07-06T21:01:06.316314+00:00,152.9,8,bid,,,9955371
2026-07-06T21:01:06.311802,2026-07-06T21:01:06.316314+00:00,153.0,42,bid,,,9955372
2026-07-06T21:01:08.470488,2026-07-06T21:01:08.481861+00:00,152.6,50,ask,,,9955403
2026-07-06T21:01:09.245622,2026-07-06T21:01:09.252181+00:00,152.6,48,ask,,,9955412
2026-07-06T21:01:10.094389,2026-07-06T21:01:10.106438+00:00,152.4,8,ask,,,9955420
2026-07-06T21:01:10.579601,2026-07-06T21:01:10.591287+00:00,152.2,50,ask,,,9955430
2026-07-06T21:01:10.959590,2026-07-06T21:01:10.968730+00:00,152.4,11,bid,,,9955434
2026-07-06T21:01:12.688623,2026-07-06T21:01:12.700501+00:00,152.3,8,ask,,,9955457
2026-07-06T21:01:12.688623,2026-07-06T21:01:12.700501+00:00,151.9,42,ask,,,9955458
2026-07-06T21:01:13.050617,2026-07-06T21:01:13.058557+00:00,152.4,47,bid,,,9955463
2026-07-06T21:01:14.799774,2026-07-06T21:01:14.807140+00:00,152.3,8,ask,,,9955477
2026-07-06T21:01:14.799774,2026-07-06T21:01:14.812602+00:00,152.1,42,ask,,,9955478
2026-07-06T21:01:14.879342,2026-07-06T21:01:14.887730+00:00,152.4,12,bid,,,9955480
2026-07-06T21:01:16.908321,2026-07-06T21:01:16.919603+00:00,152.3,8,ask,,,9955509
2026-07-06T21:01:16.908321,2026-07-06T21:01:16.919603+00:00,152.1,42,ask,,,9955510
2026-07-06T21:01:17.457504,2026-07-06T21:01:17.468760+00:00,152.4,46,bid,,,9955516
2026-07-06T21:01:19.016767,2026-07-06T21:01:19.025290+00:00,152.3,8,ask,,,9955534
2026-07-06T21:01:19.016767,2026-07-06T21:01:19.025290+00:00,151.9,42,ask,,,9955535
2026-07-06T21:01:21.125320,2026-07-06T21:01:21.134659+00:00,152.3,8,ask,,,9955567
2026-07-06T21:01:21.125320,2026-07-06T21:01:21.134659+00:00,152.1,42,ask,,,9955568
2026-07-06T21:01:21.446893,2026-07-06T21:01:21.455611+00:00,152.4,11,bid,,,9955572
2026-07-06T21:01:21.619328,2026-07-06T21:01:21.631065+00:00,152.3,8,ask,,,9955574
2026-07-06T21:01:21.619328,2026-07-06T21:01:21.631065+00:00,152.1,40,ask,,,9955575
2026-07-06T21:01:22.754385,2026-07-06T21:01:22.768730+00:00,152.3,8,ask,,,9955591
2026-07-06T21:01:22.770379,2026-07-06T21:01:22.778456+00:00,152.3,23,bid,,,9955592
2026-07-06T21:01:23.150465,2026-07-06T21:01:23.145130+00:00,152.3,3,bid,,,9955597
2026-07-06T21:01:23.238678,2026-07-06T21:01:23.258584+00:00,152.1,8,ask,,,9955600
2026-07-06T21:01:25.023768,2026-07-06T21:01:25.035377+00:00,152.3,45,bid,,,9955626
2026-07-06T21:01:27.446687,2026-07-06T21:01:27.463850+00:00,152.3,8,ask,,,9955666
2026-07-06T21:01:27.446687,2026-07-06T21:01:27.463850+00:00,152.2,42,ask,,,9955667
2026-07-06T21:01:29.504678,2026-07-06T21:01:29.513451+00:00,152.5,50,bid,,,9955689
2026-07-06T21:01:30.039471,2026-07-06T21:01:30.051053+00:00,152.5,40,bid,,,9955696
2026-07-06T21:01:31.668075,2026-07-06T21:01:31.679343+00:00,152.3,8,ask,,,9955716
2026-07-06T21:01:32.265038,2026-07-06T21:01:32.273636+00:00,152.4,8,ask,,,9955730
2026-07-06T21:01:32.631183,2026-07-06T21:01:32.638882+00:00,152.3,45,ask,,,9955738
2026-07-06T21:01:33.725387,2026-07-06T21:01:33.738120+00:00,152.5,50,bid,,,9955743
2026-07-06T21:01:34.838203,2026-07-06T21:01:34.852459+00:00,152.3,43,ask,,,9955754
2026-07-06T21:01:35.832447,2026-07-06T21:01:35.843685+00:00,152.4,50,bid,,,9955769
2026-07-06T21:01:36.296846,2026-07-06T21:01:36.306300+00:00,152.4,8,bid,,,9955779
2026-07-06T21:01:37.420030,2026-07-06T21:01:37.429068+00:00,152.4,8,bid,,,9955798
2026-07-06T21:01:37.942364,2026-07-06T21:01:37.963601+00:00,152.4,43,bid,,,9955803
2026-07-06T21:01:38.035816,2026-07-06T21:01:38.045852+00:00,152.4,41,bid,,,9955805
2026-07-06T21:01:38.505269,2026-07-06T21:01:38.515352+00:00,152.5,8,ask,,,9955813
2026-07-06T21:01:38.507860,2026-07-06T21:01:38.515352+00:00,152.8,8,bid,,,9955814
2026-07-06T21:01:38.516379,2026-07-06T21:01:38.524120+00:00,152.8,38,ask,,,9955816
2026-07-06T21:01:38.867070,2026-07-06T21:01:38.875654+00:00,152.8,8,ask,,,9955822
2026-07-06T21:01:39.001796,2026-07-06T21:01:39.013076+00:00,152.9,47,bid,,,9955825
2026-07-06T21:01:39.840251,2026-07-06T21:01:39.848868+00:00,152.8,11,ask,,,9955836
2026-07-06T21:01:40.047858,2026-07-06T21:01:40.050451+00:00,152.9,50,bid,,,9955838
2026-07-06T21:01:41.250620,2026-07-06T21:01:41.258587+00:00,152.8,85,ask,,,9955857
2026-07-06T21:01:41.744158,2026-07-06T21:01:41.752313+00:00,152.4,23,bid,,,9955867
2026-07-06T21:01:42.155626,2026-07-06T21:01:42.167288+00:00,152.4,50,bid,,,9955871
2026-07-06T21:01:44.267493,2026-07-06T21:01:44.279108+00:00,152.4,50,bid,,,9955898
2026-07-06T21:01:44.361018,2026-07-06T21:01:44.372163+00:00,152.4,27,bid,,,9955900
2026-07-06T21:01:47.978477,2026-07-06T21:01:47.990209+00:00,152.3,43,ask,,,9955953
2026-07-06T21:01:48.004387,2026-07-06T21:01:48.015787+00:00,152.5,8,bid,,,9955954
2026-07-06T21:01:48.268698,2026-07-06T21:01:48.288116+00:00,152.5,12,ask,,,9955957
2026-07-06T21:01:48.458017,2026-07-06T21:01:48.469445+00:00,152.6,8,bid,,,9955962
2026-07-06T21:01:48.496876,2026-07-06T21:01:48.505741+00:00,152.8,50,bid,,,9955963
2026-07-06T21:01:48.999286,2026-07-06T21:01:49.007824+00:00,152.5,14,ask,,,9955968
2026-07-06T21:01:50.194258,2026-07-06T21:01:50.205643+00:00,152.5,43,ask,,,9955983
2026-07-06T21:01:50.473388,2026-07-06T21:01:50.480919+00:00,152.5,3,ask,,,9955986
2026-07-06T21:01:50.681672,2026-07-06T21:01:50.689986+00:00,152.5,50,ask,,,9955995
2026-07-06T21:01:50.733468,2026-07-06T21:01:50.744726+00:00,152.5,3,ask,,,9955996
2026-07-06T21:01:50.740421,2026-07-06T21:01:50.750321+00:00,152.5,17,ask,,,9955997
2026-07-06T21:01:50.774737,2026-07-06T21:01:50.786278+00:00,152.0,42,ask,,,9955999
2026-07-06T21:01:51.219367,2026-07-06T21:01:51.226714+00:00,152.0,58,ask,,,9956004
2026-07-06T21:01:51.233243,2026-07-06T21:01:51.241779+00:00,151.9,26,bid,,,9956006
2026-07-06T21:01:52.737543,2026-07-06T21:01:52.764355+00:00,151.9,50,bid,,,9956025
2026-07-06T21:01:53.268782,2026-07-06T21:01:53.280443+00:00,151.9,16,bid,,,9956038
2026-07-06T21:01:53.268782,2026-07-06T21:01:53.280443+00:00,152.1,8,bid,,,9956039
2026-07-06T21:01:53.268782,2026-07-06T21:01:53.280443+00:00,152.5,22,bid,,,9956040
2026-07-06T21:01:53.742804,2026-07-06T21:01:53.758606+00:00,152.4,6,bid,,,9956050
2026-07-06T21:01:53.742804,2026-07-06T21:01:53.758606+00:00,152.5,35,bid,,,9956051
2026-07-06T21:01:54.844417,2026-07-06T21:01:54.859386+00:00,152.4,50,bid,,,9956060
2026-07-06T21:01:55.580655,2026-07-06T21:01:55.589960+00:00,151.9,12,ask,,,9956070
2026-07-06T21:01:56.374072,2026-07-06T21:01:56.381479+00:00,151.9,44,ask,,,9956077
2026-07-06T21:01:56.978631,2026-07-06T21:01:56.989985+00:00,152.4,50,bid,,,9956090
2026-07-06T21:01:58.188135,2026-07-06T21:01:58.196116+00:00,152.3,14,ask,,,9956106
2026-07-06T21:02:00.225060,2026-07-06T21:02:00.234858+00:00,152.3,100,ask,,,9956133
2026-07-06T21:02:00.416756,2026-07-06T21:02:00.425619+00:00,152.3,8,ask,,,9956140
2026-07-06T21:02:00.988648,2026-07-06T21:02:00.996920+00:00,152.2,3,bid,,,9956144
2026-07-06T21:02:01.590111,2026-07-06T21:02:01.597671+00:00,152.2,11,bid,,,9956160
2026-07-06T21:02:02.988890,2026-07-06T21:02:03.000184+00:00,152.2,40,bid,,,9956183
2026-07-06T21:02:03.294505,2026-07-06T21:02:03.305845+00:00,152.2,50,bid,,,9956186
2026-07-06T21:02:03.333562,2026-07-06T21:02:03.344855+00:00,152.2,46,bid,,,9956189
2026-07-06T21:02:03.820471,2026-07-06T21:02:03.830608+00:00,152.5,11,ask,,,9956200
2026-07-06T21:02:04.740065,2026-07-06T21:02:04.748798+00:00,152.5,3,ask,,,9956214
2026-07-06T21:02:05.115131,2026-07-06T21:02:05.126641+00:00,152.5,48,ask,,,9956217
2026-07-06T21:02:05.457629,2026-07-06T21:02:05.467010+00:00,152.5,50,ask,,,9956224
2026-07-06T21:02:05.605993,2026-07-06T21:02:05.617772+00:00,152.5,38,ask,,,9956226
2026-07-06T21:02:05.605993,2026-07-06T21:02:05.617772+00:00,152.4,5,ask,,,9956227
2026-07-06T21:02:07.563047,2026-07-06T21:02:07.574252+00:00,152.1,50,ask,,,9956251
2026-07-06T21:02:09.982245,2026-07-06T21:02:09.991590+00:00,152.5,3,bid,,,9956282
2026-07-06T21:02:10.595166,2026-07-06T21:02:10.605540+00:00,152.5,49,bid,,,9956291
2026-07-06T21:02:11.772018,2026-07-06T21:02:11.783438+00:00,152.2,50,ask,,,9956310
2026-07-06T21:02:13.364498,2026-07-06T21:02:13.371332+00:00,152.3,100,ask,,,9956332
2026-07-06T21:02:13.723999,2026-07-06T21:02:13.732818+00:00,152.3,11,bid,,,9956336
2026-07-06T21:02:13.879602,2026-07-06T21:02:13.889442+00:00,152.2,8,ask,,,9956339
2026-07-06T21:02:15.209867,2026-07-06T21:02:15.221471+00:00,152.3,39,bid,,,9956355
2026-07-06T21:02:15.209867,2026-07-06T21:02:15.221471+00:00,152.6,8,bid,,,9956356
2026-07-06T21:02:15.934393,2026-07-06T21:02:15.941820+00:00,152.7,8,bid,,,9956373
2026-07-06T21:02:15.934393,2026-07-06T21:02:15.946848+00:00,152.8,42,bid,,,9956374
2026-07-06T21:02:16.258627,2026-07-06T21:02:16.270272+00:00,152.3,44,ask,,,9956378
2026-07-06T21:02:17.849637,2026-07-06T21:02:17.863643+00:00,152.7,8,bid,,,9956398
2026-07-06T21:02:17.849637,2026-07-06T21:02:17.863643+00:00,152.8,34,bid,,,9956399
2026-07-06T21:02:17.905029,2026-07-06T21:02:17.916458+00:00,152.5,42,ask,,,9956400
2026-07-06T21:02:18.045224,2026-07-06T21:02:18.058785+00:00,152.8,50,bid,,,9956407
2026-07-06T21:02:20.203410,2026-07-06T21:02:20.214877+00:00,152.3,8,ask,,,9956440
2026-07-06T21:02:20.203410,2026-07-06T21:02:20.214877+00:00,152.3,42,ask,,,9956441
2026-07-06T21:02:20.614667,2026-07-06T21:02:20.626125+00:00,152.8,40,bid,,,9956449
2026-07-06T21:02:22.089545,2026-07-06T21:02:22.101119+00:00,152.3,44,ask,,,9956472
2026-07-06T21:02:22.310475,2026-07-06T21:02:22.317391+00:00,152.3,50,ask,,,9956474
2026-07-06T21:02:22.611980,2026-07-06T21:02:22.623342+00:00,152.7,40,bid,,,9956481
2026-07-06T21:02:23.221510,2026-07-06T21:02:23.229741+00:00,152.7,42,bid,,,9956487
2026-07-06T21:02:23.275054,2026-07-06T21:02:23.283584+00:00,152.2,46,ask,,,9956489
2026-07-06T21:02:24.425157,2026-07-06T21:02:24.432291+00:00,152.2,50,ask,,,9956503
2026-07-06T21:02:24.496230,2026-07-06T21:02:24.508016+00:00,152.7,18,bid,,,9956504
2026-07-06T21:02:24.496230,2026-07-06T21:02:24.508016+00:00,152.7,29,bid,,,9956505
2026-07-06T21:02:26.074126,2026-07-06T21:02:26.085484+00:00,152.3,42,ask,,,9956523
2026-07-06T21:02:26.531495,2026-07-06T21:02:26.543015+00:00,152.3,50,ask,,,9956527
2026-07-06T21:02:26.579353,2026-07-06T21:02:26.586460+00:00,152.3,8,ask,,,9956528
2026-07-06T21:02:26.579353,2026-07-06T21:02:26.591656+00:00,152.3,37,ask,,,9956529
2026-07-06T21:02:28.640268,2026-07-06T21:02:28.651751+00:00,152.3,50,ask,,,9956549
2026-07-06T21:02:29.593204,2026-07-06T21:02:29.610554+00:00,152.5,41,bid,,,9956562
2026-07-06T21:02:30.750150,2026-07-06T21:02:30.758542+00:00,152.3,8,ask,,,9956578
2026-07-06T21:02:30.750150,2026-07-06T21:02:30.758542+00:00,152.1,42,ask,,,9956579
2026-07-06T21:02:31.865091,2026-07-06T21:02:31.887323+00:00,152.3,8,ask,,,9956595
2026-07-06T21:02:31.878222,2026-07-06T21:02:31.887323+00:00,152.3,12,bid,,,9956597
2026-07-06T21:02:31.912195,2026-07-06T21:02:31.920025+00:00,152.3,11,bid,,,9956599
2026-07-06T21:02:32.861611,2026-07-06T21:02:32.870185+00:00,152.2,8,ask,,,9956616
2026-07-06T21:02:32.861611,2026-07-06T21:02:32.870185+00:00,152.1,42,ask,,,9956617
2026-07-06T21:02:34.147953,2026-07-06T21:02:34.158541+00:00,152.3,8,bid,,,9956638
2026-07-06T21:02:34.981334,2026-07-06T21:02:34.992985+00:00,152.3,8,ask,,,9956647
2026-07-06T21:02:34.981334,2026-07-06T21:02:34.992985+00:00,152.1,42,ask,,,9956648
2026-07-06T21:02:35.926289,2026-07-06T21:02:35.937618+00:00,152.3,44,bid,,,9956655
2026-07-06T21:02:35.981219,2026-07-06T21:02:35.992771+00:00,152.2,8,ask,,,9956657
2026-07-06T21:02:35.981219,2026-07-06T21:02:35.992771+00:00,152.1,40,ask,,,9956658
2026-07-06T21:02:37.039369,2026-07-06T21:02:37.050849+00:00,152.3,50,bid,,,9956671
2026-07-06T21:02:37.935944,2026-07-06T21:02:37.945460+00:00,152.3,43,bid,,,9956680
2026-07-06T21:02:37.989244,2026-07-06T21:02:38.000467+00:00,152.1,41,ask,,,9956684
2026-07-06T21:02:38.663445,2026-07-06T21:02:38.674827+00:00,152.2,100,bid,,,9956694
2026-07-06T21:02:41.252920,2026-07-06T21:02:41.258568+00:00,152.5,8,bid,,,9956725
2026-07-06T21:02:41.252920,2026-07-06T21:02:41.258568+00:00,152.8,42,bid,,,9956726
2026-07-06T21:02:41.675876,2026-07-06T21:02:41.687397+00:00,152.5,43,bid,,,9956733
2026-07-06T21:02:45.477733,2026-07-06T21:02:45.489098+00:00,152.5,8,bid,,,9956795
2026-07-06T21:02:45.477733,2026-07-06T21:02:45.489098+00:00,152.6,42,bid,,,9956796
2026-07-06T21:02:45.596727,2026-07-06T21:02:45.606616+00:00,152.2,8,ask,,,9956800
2026-07-06T21:02:45.596727,2026-07-06T21:02:45.606616+00:00,152.1,36,ask,,,9956801
2026-07-06T21:02:46.075926,2026-07-06T21:02:46.087268+00:00,152.6,49,bid,,,9956809
2026-07-06T21:02:47.607174,2026-07-06T21:02:47.617928+00:00,152.6,9,bid,,,9956822
2026-07-06T21:02:47.607174,2026-07-06T21:02:47.617928+00:00,152.6,41,bid,,,9956823
2026-07-06T21:02:49.714934,2026-07-06T21:02:49.726565+00:00,152.6,8,bid,,,9956853
2026-07-06T21:02:49.714934,2026-07-06T21:02:49.726565+00:00,152.7,42,bid,,,9956854
2026-07-06T21:02:51.844220,2026-07-06T21:02:51.851245+00:00,152.8,8,bid,,,9956875
2026-07-06T21:02:51.844220,2026-07-06T21:02:51.851245+00:00,152.9,42,bid,,,9956876
2026-07-06T21:02:52.012172,2026-07-06T21:02:52.022162+00:00,152.5,11,ask,,,9956880
2026-07-06T21:02:53.320873,2026-07-06T21:02:53.329018+00:00,152.5,23,ask,,,9956895
2026-07-06T21:02:53.956128,2026-07-06T21:02:53.967526+00:00,152.8,8,bid,,,9956907
2026-07-06T21:02:53.956128,2026-07-06T21:02:53.967526+00:00,153.0,42,bid,,,9956908
2026-07-06T21:02:55.589485,2026-07-06T21:02:55.598130+00:00,152.3,49,ask,,,9956928
2026-07-06T21:02:56.135174,2026-07-06T21:02:56.158605+00:00,152.3,50,ask,,,9956938
2026-07-06T21:02:56.716109,2026-07-06T21:02:56.727684+00:00,152.3,1,ask,,,9956943
2026-07-06T21:02:56.716109,2026-07-06T21:02:56.727684+00:00,152.3,40,ask,,,9956944
2026-07-06T21:02:57.215313,2026-07-06T21:02:57.222238+00:00,152.6,44,bid,,,9956949
2026-07-06T21:02:57.701848,2026-07-06T21:02:57.704766+00:00,152.3,8,ask,,,9956959
2026-07-06T21:02:57.701848,2026-07-06T21:02:57.704766+00:00,152.3,38,ask,,,9956960
2026-07-06T21:03:02.451490,2026-07-06T21:03:02.468959+00:00,152.2,50,ask,,,9957013
2026-07-06T21:03:04.560363,2026-07-06T21:03:04.571795+00:00,152.2,8,ask,,,9957042
2026-07-06T21:03:04.560363,2026-07-06T21:03:04.571795+00:00,152.0,42,ask,,,9957043
2026-07-06T21:03:05.676864,2026-07-06T21:03:05.686815+00:00,152.5,47,bid,,,9957054
2026-07-06T21:03:06.668281,2026-07-06T21:03:06.679639+00:00,152.0,50,ask,,,9957072
2026-07-06T21:03:06.805057,2026-07-06T21:03:06.816565+00:00,152.4,8,bid,,,9957077
2026-07-06T21:03:06.805057,2026-07-06T21:03:06.816565+00:00,152.5,32,bid,,,9957078
2026-07-06T21:03:07.759771,2026-07-06T21:03:07.767987+00:00,152.4,11,bid,,,9957094
2026-07-06T21:03:07.849888,2026-07-06T21:03:07.858612+00:00,152.0,8,ask,,,9957099
2026-07-06T21:03:07.849888,2026-07-06T21:03:07.858612+00:00,152.0,37,ask,,,9957100
2026-07-06T21:03:08.486020,2026-07-06T21:03:08.497403+00:00,152.0,49,ask,,,9957112
2026-07-06T21:03:08.800377,2026-07-06T21:03:08.808289+00:00,152.0,14,ask,,,9957115
2026-07-06T21:03:08.800377,2026-07-06T21:03:08.813528+00:00,151.9,36,ask,,,9957116
2026-07-06T21:03:09.443059,2026-07-06T21:03:09.451829+00:00,152.4,12,bid,,,9957126
2026-07-06T21:03:10.908987,2026-07-06T21:03:10.920399+00:00,152.0,50,ask,,,9957144
2026-07-06T21:03:13.016096,2026-07-06T21:03:13.027424+00:00,152.3,8,ask,,,9957171
2026-07-06T21:03:13.016096,2026-07-06T21:03:13.027424+00:00,152.0,42,ask,,,9957172
2026-07-06T21:03:13.548842,2026-07-06T21:03:13.561166+00:00,152.3,23,bid,,,9957179
2026-07-06T21:03:14.912972,2026-07-06T21:03:14.922201+00:00,152.3,49,bid,,,9957198
2026-07-06T21:03:15.073410,2026-07-06T21:03:15.083881+00:00,152.3,50,bid,,,9957199
2026-07-06T21:03:17.229667,2026-07-06T21:03:17.238650+00:00,152.4,8,ask,,,9957220
2026-07-06T21:03:17.229667,2026-07-06T21:03:17.238650+00:00,152.3,42,ask,,,9957221
2026-07-06T21:03:18.237250,2026-07-06T21:03:18.258750+00:00,152.3,42,ask,,,9957235
2026-07-06T21:03:18.805608,2026-07-06T21:03:18.816492+00:00,152.5,41,bid,,,9957243
2026-07-06T21:03:19.338575,2026-07-06T21:03:19.358550+00:00,152.3,50,ask,,,9957246
2026-07-06T21:03:19.388343,2026-07-06T21:03:19.397298+00:00,152.7,8,bid,,,9957247
2026-07-06T21:03:19.388343,2026-07-06T21:03:19.397298+00:00,152.7,32,bid,,,9957248
2026-07-06T21:03:19.444999,2026-07-06T21:03:19.463638+00:00,152.3,16,ask,,,9957249
2026-07-06T21:03:20.841023,2026-07-06T21:03:20.849103+00:00,152.3,11,bid,,,9957276
2026-07-06T21:03:21.393980,2026-07-06T21:03:21.405324+00:00,152.3,50,bid,,,9957282
2026-07-06T21:03:22.494364,2026-07-06T21:03:22.506201+00:00,152.3,89,bid,,,9957300
2026-07-06T21:03:23.500199,2026-07-06T21:03:23.511740+00:00,152.8,50,bid,,,9957313
2026-07-06T21:03:23.567263,2026-07-06T21:03:23.578895+00:00,152.8,40,bid,,,9957315
2026-07-06T21:03:24.080775,2026-07-06T21:03:24.089401+00:00,152.5,8,ask,,,9957320
2026-07-06T21:03:24.179559,2026-07-06T21:03:24.190822+00:00,152.4,40,ask,,,9957324
2026-07-06T21:03:26.202430,2026-07-06T21:03:26.209820+00:00,152.8,8,bid,,,9957353
2026-07-06T21:03:26.202430,2026-07-06T21:03:26.215059+00:00,152.8,32,bid,,,9957354
2026-07-06T21:03:27.717954,2026-07-06T21:03:27.707373+00:00,152.8,50,bid,,,9957382
2026-07-06T21:03:28.837675,2026-07-06T21:03:28.845675+00:00,152.7,3,ask,,,9957400
2026-07-06T21:03:29.325966,2026-07-06T21:03:29.337331+00:00,152.7,44,ask,,,9957408
2026-07-06T21:03:29.875657,2026-07-06T21:03:29.878739+00:00,152.7,50,ask,,,9957419
2026-07-06T21:03:30.029660,2026-07-06T21:03:30.039324+00:00,152.7,3,ask,,,9957421
2026-07-06T21:03:30.040349,2026-07-06T21:03:30.050507+00:00,152.6,8,ask,,,9957423
2026-07-06T21:03:31.933022,2026-07-06T21:03:31.944725+00:00,152.8,8,bid,,,9957441
2026-07-06T21:03:31.933022,2026-07-06T21:03:31.944725+00:00,152.9,42,bid,,,9957442
2026-07-06T21:03:33.233274,2026-07-06T21:03:33.244233+00:00,152.3,42,ask,,,9957456
2026-07-06T21:03:33.964809,2026-07-06T21:03:33.974527+00:00,152.3,1,ask,,,9957462
2026-07-06T21:03:34.093935,2026-07-06T21:03:34.100357+00:00,152.3,50,ask,,,9957464
2026-07-06T21:03:34.227785,2026-07-06T21:03:34.239041+00:00,152.3,45,ask,,,9957465
2026-07-06T21:03:35.692756,2026-07-06T21:03:35.704093+00:00,152.3,8,ask,,,9957485
2026-07-06T21:03:35.705244,2026-07-06T21:03:35.714564+00:00,152.3,12,bid,,,9957486
2026-07-06T21:03:35.731959,2026-07-06T21:03:35.743302+00:00,152.3,3,bid,,,9957488
2026-07-06T21:03:35.999362,2026-07-06T21:03:36.011049+00:00,152.3,3,bid,,,9957493
2026-07-06T21:03:36.261217,2026-07-06T21:03:36.272790+00:00,152.3,3,bid,,,9957500
2026-07-06T21:03:36.522200,2026-07-06T21:03:36.533646+00:00,152.3,3,bid,,,9957504
2026-07-06T21:03:36.784074,2026-07-06T21:03:36.790958+00:00,152.3,3,bid,,,9957510
2026-07-06T21:03:36.837461,2026-07-06T21:03:36.846516+00:00,152.3,43,bid,,,9957513
2026-07-06T21:03:37.043321,2026-07-06T21:03:37.054637+00:00,152.3,3,bid,,,9957517
2026-07-06T21:03:37.292482,2026-07-06T21:03:37.302200+00:00,152.3,11,bid,,,9957522
2026-07-06T21:03:37.304216,2026-07-06T21:03:37.322843+00:00,152.3,3,bid,,,9957524
2026-07-06T21:03:37.563436,2026-07-06T21:03:37.573798+00:00,152.3,3,bid,,,9957527
2026-07-06T21:03:38.310710,2026-07-06T21:03:38.322041+00:00,152.3,52,bid,,,9957543
2026-07-06T21:03:38.376042,2026-07-06T21:03:38.383385+00:00,152.7,6,bid,,,9957545
2026-07-06T21:03:38.376042,2026-07-06T21:03:38.388621+00:00,152.8,34,bid,,,9957546
2026-07-06T21:03:40.408241,2026-07-06T21:03:40.419945+00:00,152.4,4,ask,,,9957573
2026-07-06T21:03:40.408241,2026-07-06T21:03:40.419945+00:00,152.4,46,ask,,,9957574
2026-07-06T21:03:40.532877,2026-07-06T21:03:40.542374+00:00,152.4,11,ask,,,9957576
2026-07-06T21:03:40.633920,2026-07-06T21:03:40.658584+00:00,152.4,47,ask,,,9957579
2026-07-06T21:03:41.836200,2026-07-06T21:03:41.844605+00:00,152.4,12,ask,,,9957598
2026-07-06T21:03:42.517209,2026-07-06T21:03:42.529000+00:00,152.2,6,ask,,,9957611
2026-07-06T21:03:42.517209,2026-07-06T21:03:42.529000+00:00,152.1,44,ask,,,9957612
2026-07-06T21:03:42.660625,2026-07-06T21:03:42.671875+00:00,152.3,48,bid,,,9957617
2026-07-06T21:03:44.625157,2026-07-06T21:03:44.636744+00:00,151.8,50,ask,,,9957647
2026-07-06T21:03:45.778651,2026-07-06T21:03:45.787191+00:00,152.3,12,bid,,,9957669
2026-07-06T21:03:46.732149,2026-07-06T21:03:46.743803+00:00,151.9,50,ask,,,9957682
2026-07-06T21:03:46.880639,2026-07-06T21:03:46.887117+00:00,152.3,41,bid,,,9957684
2026-07-06T21:03:48.843452,2026-07-06T21:03:48.854749+00:00,152.0,50,ask,,,9957710
2026-07-06T21:03:48.981487,2026-07-06T21:03:48.988563+00:00,152.3,44,bid,,,9957712
2026-07-06T21:03:50.952659,2026-07-06T21:03:50.963924+00:00,152.0,50,ask,,,9957737
2026-07-06T21:03:51.514194,2026-07-06T21:03:51.523529+00:00,152.2,11,bid,,,9957744
2026-07-06T21:03:52.328508,2026-07-06T21:03:52.337227+00:00,152.2,11,bid,,,9957760
2026-07-06T21:03:53.058574,2026-07-06T21:03:53.069855+00:00,151.8,50,ask,,,9957772
2026-07-06T21:03:55.025452,2026-07-06T21:03:55.036817+00:00,151.9,42,ask,,,9957796
2026-07-06T21:03:55.167071,2026-07-06T21:03:55.178392+00:00,151.9,50,ask,,,9957799
2026-07-06T21:03:56.058164,2026-07-06T21:03:56.069462+00:00,151.9,8,ask,,,9957815
2026-07-06T21:03:56.058164,2026-07-06T21:03:56.069462+00:00,151.9,34,ask,,,9957816
2026-07-06T21:03:56.540289,2026-07-06T21:03:56.558532+00:00,152.4,44,bid,,,9957824
2026-07-06T21:03:57.046815,2026-07-06T21:03:57.063877+00:00,151.9,47,ask,,,9957830
2026-07-06T21:03:57.286134,2026-07-06T21:03:57.300292+00:00,151.9,50,ask,,,9957833
2026-07-06T21:03:57.830401,2026-07-06T21:03:57.874176+00:00,151.9,100,ask,,,9957837
2026-07-06T21:03:57.865304,2026-07-06T21:03:57.874176+00:00,151.8,29,bid,,,9957839
2026-07-06T21:04:00.428728,2026-07-06T21:04:00.440540+00:00,151.8,21,bid,,,9957872
2026-07-06T21:04:00.428728,2026-07-06T21:04:00.440540+00:00,152.7,8,bid,,,9957873
2026-07-06T21:04:00.754380,2026-07-06T21:04:00.765901+00:00,151.8,3,bid,,,9957876
2026-07-06T21:04:00.940601,2026-07-06T21:04:00.951941+00:00,151.8,97,bid,,,9957883
2026-07-06T21:04:01.472258,2026-07-06T21:04:01.479977+00:00,152.3,50,bid,,,9957885
2026-07-06T21:04:03.508130,2026-07-06T21:04:03.519522+00:00,152.0,5,ask,,,9957915
2026-07-06T21:04:03.578197,2026-07-06T21:04:03.589589+00:00,152.3,50,bid,,,9957917
2026-07-06T21:04:04.115933,2026-07-06T21:04:04.127235+00:00,152.3,43,bid,,,9957922
2026-07-06T21:04:04.669222,2026-07-06T21:04:04.680547+00:00,151.9,44,ask,,,9957929
2026-07-06T21:04:05.460760,2026-07-06T21:04:05.474664+00:00,151.9,6,ask,,,9957939
2026-07-06T21:04:05.692008,2026-07-06T21:04:05.701596+00:00,151.9,43,ask,,,9957941
2026-07-06T21:04:05.746368,2026-07-06T21:04:05.758610+00:00,151.9,50,ask,,,9957945
2026-07-06T21:04:07.316055,2026-07-06T21:04:07.324618+00:00,151.7,100,ask,,,9957962
2026-07-06T21:04:07.330689,2026-07-06T21:04:07.339960+00:00,151.7,6,bid,,,9957963
2026-07-06T21:04:07.800169,2026-07-06T21:04:07.811482+00:00,151.7,44,bid,,,9957971
2026-07-06T21:04:07.800169,2026-07-06T21:04:07.811482+00:00,152.2,6,bid,,,9957972
2026-07-06T21:04:09.173012,2026-07-06T21:04:09.184578+00:00,152.2,45,bid,,,9957990
2026-07-06T21:04:10.148374,2026-07-06T21:04:10.164025+00:00,152.2,41,bid,,,9957999
2026-07-06T21:04:12.014050,2026-07-06T21:04:12.021400+00:00,151.9,6,ask,,,9958019
2026-07-06T21:04:12.088877,2026-07-06T21:04:12.100040+00:00,151.9,50,ask,,,9958023
2026-07-06T21:04:14.199226,2026-07-06T21:04:14.205917+00:00,151.6,50,ask,,,9958050
2026-07-06T21:04:19.394973,2026-07-06T21:04:19.406387+00:00,152.0,49,bid,,,9958107
2026-07-06T21:04:19.448898,2026-07-06T21:04:19.455213+00:00,151.5,42,ask,,,9958108
2026-07-06T21:04:22.575354,2026-07-06T21:04:22.585046+00:00,152.1,50,bid,,,9958154
2026-07-06T21:04:24.694171,2026-07-06T21:04:24.705481+00:00,151.8,50,bid,,,9958174
2026-07-06T21:04:24.746959,2026-07-06T21:04:24.753145+00:00,151.5,46,ask,,,9958175
2026-07-06T21:04:26.803637,2026-07-06T21:04:26.815276+00:00,151.9,50,bid,,,9958194
2026-07-06T21:04:28.936357,2026-07-06T21:04:28.945658+00:00,151.9,50,bid,,,9958221
2026-07-06T21:04:29.380756,2026-07-06T21:04:29.392205+00:00,151.8,44,ask,,,9958225
2026-07-06T21:04:29.414725,2026-07-06T21:04:29.424197+00:00,152.0,11,ask,,,9958226
2026-07-06T21:04:30.861836,2026-07-06T21:04:30.873260+00:00,152.3,40,bid,,,9958243
2026-07-06T21:04:31.043136,2026-07-06T21:04:31.063660+00:00,152.3,50,bid,,,9958247
2026-07-06T21:04:31.961845,2026-07-06T21:04:31.973633+00:00,152.3,10,bid,,,9958261
2026-07-06T21:04:31.961845,2026-07-06T21:04:31.973633+00:00,152.5,33,bid,,,9958262
2026-07-06T21:04:32.578254,2026-07-06T21:04:32.588687+00:00,152.2,12,ask,,,9958276
2026-07-06T21:04:33.174569,2026-07-06T21:04:33.185087+00:00,152.4,50,bid,,,9958287
2026-07-06T21:04:34.143652,2026-07-06T21:04:34.163822+00:00,152.2,49,ask,,,9958301
2026-07-06T21:04:35.281141,2026-07-06T21:04:35.292502+00:00,152.6,8,bid,,,9958319
2026-07-06T21:04:35.281141,2026-07-06T21:04:35.292502+00:00,152.7,42,bid,,,9958320
2026-07-06T21:04:36.706253,2026-07-06T21:04:36.717526+00:00,152.5,44,bid,,,9958332
2026-07-06T21:04:37.392106,2026-07-06T21:04:37.403622+00:00,152.5,50,bid,,,9958348
2026-07-06T21:04:38.248016,2026-07-06T21:04:38.258298+00:00,152.3,8,ask,,,9958358
2026-07-06T21:04:38.465679,2026-07-06T21:04:38.474214+00:00,152.4,14,ask,,,9958365
2026-07-06T21:04:39.499688,2026-07-06T21:04:39.511066+00:00,152.6,8,bid,,,9958379
2026-07-06T21:04:39.499688,2026-07-06T21:04:39.511066+00:00,152.6,42,bid,,,9958380
2026-07-06T21:04:39.587609,2026-07-06T21:04:39.596248+00:00,152.4,12,ask,,,9958385
2026-07-06T21:04:41.607595,2026-07-06T21:04:41.618966+00:00,152.6,50,bid,,,9958405
2026-07-06T21:04:43.716210,2026-07-06T21:04:43.727727+00:00,152.7,8,bid,,,9958425
2026-07-06T21:04:43.716210,2026-07-06T21:04:43.727727+00:00,152.9,42,bid,,,9958426
2026-07-06T21:04:44.758023,2026-07-06T21:04:44.769491+00:00,152.5,49,ask,,,9958442
2026-07-06T21:04:45.826449,2026-07-06T21:04:45.838641+00:00,152.9,8,bid,,,9958457
2026-07-06T21:04:45.826449,2026-07-06T21:04:45.838641+00:00,153.0,42,bid,,,9958458
2026-07-06T21:04:47.991004,2026-07-06T21:04:47.997640+00:00,152.7,50,ask,,,9958482
2026-07-06T21:04:48.999930,2026-07-06T21:04:49.007298+00:00,153.0,8,bid,,,9958505
2026-07-06T21:04:50.095741,2026-07-06T21:04:50.107304+00:00,152.7,50,ask,,,9958521
2026-07-06T21:04:51.799564,2026-07-06T21:04:51.810981+00:00,152.9,8,bid,,,9958538
2026-07-06T21:04:51.799564,2026-07-06T21:04:51.810981+00:00,152.9,32,bid,,,9958539
2026-07-06T21:04:52.203738,2026-07-06T21:04:52.215033+00:00,152.7,50,ask,,,9958545
2026-07-06T21:04:52.794127,2026-07-06T21:04:52.803969+00:00,152.7,49,ask,,,9958548
2026-07-06T21:04:53.386061,2026-07-06T21:04:53.397398+00:00,152.9,46,bid,,,9958560
2026-07-06T21:04:54.310838,2026-07-06T21:04:54.322008+00:00,152.7,50,ask,,,9958569
2026-07-06T21:04:54.810462,2026-07-06T21:04:54.818781+00:00,152.7,8,ask,,,9958572
2026-07-06T21:04:54.810462,2026-07-06T21:04:54.818781+00:00,152.6,100,ask,,,9958573
2026-07-06T21:04:56.424261,2026-07-06T21:04:56.430957+00:00,152.4,8,ask,,,9958596
2026-07-06T21:04:56.424261,2026-07-06T21:04:56.436384+00:00,152.1,42,ask,,,9958597
2026-07-06T21:04:58.533871,2026-07-06T21:04:58.545221+00:00,152.4,8,ask,,,9958628
2026-07-06T21:04:58.533871,2026-07-06T21:04:58.545221+00:00,152.3,42,ask,,,9958629
2026-07-06T21:05:00.640999,2026-07-06T21:05:00.649613+00:00,152.5,8,ask,,,9958655
2026-07-06T21:05:00.640999,2026-07-06T21:05:00.658581+00:00,152.3,42,ask,,,9958656
2026-07-06T21:05:01.164701,2026-07-06T21:05:01.173357+00:00,152.6,12,bid,,,9958663
2026-07-06T21:05:02.750937,2026-07-06T21:05:02.769188+00:00,152.3,50,ask,,,9958685
2026-07-06T21:05:04.858946,2026-07-06T21:05:04.870320+00:00,152.4,8,ask,,,9958705
2026-07-06T21:05:04.858946,2026-07-06T21:05:04.870320+00:00,152.2,42,ask,,,9958706
2026-07-06T21:05:06.584608,2026-07-06T21:05:06.596068+00:00,152.2,41,ask,,,9958728
2026-07-06T21:05:06.967515,2026-07-06T21:05:06.978863+00:00,152.2,50,ask,,,9958731
2026-07-06T21:05:06.980096,2026-07-06T21:05:06.988474+00:00,152.5,22,bid,,,9958732
2026-07-06T21:05:09.075215,2026-07-06T21:05:09.086825+00:00,152.0,50,ask,,,9958759
2026-07-06T21:05:09.431385,2026-07-06T21:05:09.442845+00:00,152.4,47,bid,,,9958763
2026-07-06T21:05:11.131746,2026-07-06T21:05:11.144577+00:00,152.4,29,bid,,,9958792
2026-07-06T21:05:11.131846,2026-07-06T21:05:11.144577+00:00,152.4,50,bid,,,9958793
2026-07-06T21:05:12.983475,2026-07-06T21:05:12.995245+00:00,152.4,21,bid,,,9958816
2026-07-06T21:05:13.239699,2026-07-06T21:05:13.251134+00:00,152.7,50,bid,,,9958820
2026-07-06T21:05:13.749254,2026-07-06T21:05:13.757427+00:00,152.6,6,ask,,,9958824
2026-07-06T21:05:14.369309,2026-07-06T21:05:14.380831+00:00,152.6,49,ask,,,9958839
2026-07-06T21:05:15.357867,2026-07-06T21:05:15.374687+00:00,152.9,50,bid,,,9958856
2026-07-06T21:05:15.365560,2026-07-06T21:05:15.374687+00:00,152.6,11,ask,,,9958857
2026-07-06T21:05:15.472017,2026-07-06T21:05:15.483636+00:00,152.9,44,bid,,,9958859
2026-07-06T21:05:17.463882,2026-07-06T21:05:17.470522+00:00,152.8,50,bid,,,9958882
2026-07-06T21:05:17.786852,2026-07-06T21:05:17.796300+00:00,152.6,12,ask,,,9958888
2026-07-06T21:05:17.932317,2026-07-06T21:05:17.943681+00:00,152.6,46,ask,,,9958890
2026-07-06T21:05:19.570518,2026-07-06T21:05:19.584675+00:00,152.8,50,bid,,,9958928
2026-07-06T21:05:20.400807,2026-07-06T21:05:20.412281+00:00,152.8,47,bid,,,9958941
2026-07-06T21:05:21.680344,2026-07-06T21:05:21.691926+00:00,152.8,50,bid,,,9958957
2026-07-06T21:05:23.699790,2026-07-06T21:05:23.711032+00:00,152.8,44,ask,,,9958979
2026-07-06T21:05:23.837891,2026-07-06T21:05:23.846767+00:00,152.8,50,ask,,,9958981
2026-07-06T21:05:24.785496,2026-07-06T21:05:24.796868+00:00,152.8,40,ask,,,9958995
2026-07-06T21:05:25.910051,2026-07-06T21:05:25.920207+00:00,152.9,11,ask,,,9959010
2026-07-06T21:05:25.944271,2026-07-06T21:05:25.955636+00:00,152.9,50,ask,,,9959013
2026-07-06T21:05:26.471597,2026-07-06T21:05:26.479001+00:00,152.9,39,ask,,,9959018
2026-07-06T21:05:27.316861,2026-07-06T21:05:27.328190+00:00,152.8,45,bid,,,9959027
2026-07-06T21:05:28.055903,2026-07-06T21:05:28.067194+00:00,152.3,50,ask,,,9959035
2026-07-06T21:05:28.180545,2026-07-06T21:05:28.188776+00:00,152.8,11,bid,,,9959038
2026-07-06T21:05:29.319653,2026-07-06T21:05:29.330988+00:00,152.7,49,ask,,,9959056
2026-07-06T21:05:29.635524,2026-07-06T21:05:29.646818+00:00,152.7,51,ask,,,9959057
2026-07-06T21:05:30.110717,2026-07-06T21:05:30.121529+00:00,152.7,50,bid,,,9959062
2026-07-06T21:05:30.297683,2026-07-06T21:05:30.309285+00:00,152.7,47,bid,,,9959064
2026-07-06T21:05:31.724707,2026-07-06T21:05:31.732195+00:00,152.2,41,ask,,,9959079
2026-07-06T21:05:32.216961,2026-07-06T21:05:32.228708+00:00,152.7,2,bid,,,9959085
2026-07-06T21:05:32.216961,2026-07-06T21:05:32.228708+00:00,153.2,8,bid,,,9959086
2026-07-06T21:05:32.744238,2026-07-06T21:05:32.764238+00:00,152.8,100,bid,,,9959092
2026-07-06T21:05:33.233110,2026-07-06T21:05:33.244750+00:00,153.3,8,bid,,,9959100
2026-07-06T21:05:33.233110,2026-07-06T21:05:33.244750+00:00,153.4,40,bid,,,9959101
2026-07-06T21:05:33.289934,2026-07-06T21:05:33.298660+00:00,152.9,42,ask,,,9959103
2026-07-06T21:05:33.431007,2026-07-06T21:05:33.440453+00:00,152.9,8,ask,,,9959105
2026-07-06T21:05:33.431007,2026-07-06T21:05:33.440453+00:00,152.9,3,ask,,,9959106
2026-07-06T21:05:33.518574,2026-07-06T21:05:33.526532+00:00,152.9,5,ask,,,9959110
2026-07-06T21:05:36.443284,2026-07-06T21:05:36.454803+00:00,152.8,50,bid,,,9959142
2026-07-06T21:05:37.380571,2026-07-06T21:05:37.391683+00:00,152.8,5,bid,,,9959159
2026-07-06T21:05:38.603274,2026-07-06T21:05:38.614772+00:00,152.6,8,ask,,,9959173
2026-07-06T21:05:38.603274,2026-07-06T21:05:38.614772+00:00,152.6,42,ask,,,9959174
2026-07-06T21:05:39.735012,2026-07-06T21:05:39.746592+00:00,152.9,40,bid,,,9959190
2026-07-06T21:05:40.662220,2026-07-06T21:05:40.673608+00:00,152.9,50,bid,,,9959201
2026-07-06T21:05:42.233469,2026-07-06T21:05:42.244242+00:00,152.7,100,bid,,,9959218
2026-07-06T21:05:42.259672,2026-07-06T21:05:42.270252+00:00,152.9,11,ask,,,9959219
2026-07-06T21:05:44.905783,2026-07-06T21:05:44.922263+00:00,153.0,8,bid,,,9959248
2026-07-06T21:05:44.905783,2026-07-06T21:05:44.922263+00:00,153.4,42,bid,,,9959249
2026-07-06T21:05:47.030954,2026-07-06T21:05:47.040309+00:00,153.0,50,bid,,,9959278
2026-07-06T21:05:49.503051,2026-07-06T21:05:49.514623+00:00,152.8,46,ask,,,9959306
2026-07-06T21:05:51.272528,2026-07-06T21:05:51.283863+00:00,153.1,8,bid,,,9959326
2026-07-06T21:05:51.272528,2026-07-06T21:05:51.283863+00:00,153.3,42,bid,,,9959327
2026-07-06T21:05:52.236320,2026-07-06T21:05:52.258626+00:00,153.2,8,bid,,,9959342
2026-07-06T21:05:52.236320,2026-07-06T21:05:52.258626+00:00,153.3,40,bid,,,9959343
2026-07-06T21:05:53.379538,2026-07-06T21:05:53.386698+00:00,153.3,50,bid,,,9959357
2026-07-06T21:05:54.381792,2026-07-06T21:05:54.390584+00:00,153.1,12,ask,,,9959373
2026-07-06T21:05:54.849746,2026-07-06T21:05:54.855861+00:00,153.1,41,ask,,,9959381
2026-07-06T21:05:55.500084,2026-07-06T21:05:55.511670+00:00,153.3,8,bid,,,9959387
2026-07-06T21:05:57.606239,2026-07-06T21:05:57.617741+00:00,153.4,8,bid,,,9959416
2026-07-06T21:05:57.606239,2026-07-06T21:05:57.617741+00:00,153.6,42,bid,,,9959417
2026-07-06T21:05:58.552923,2026-07-06T21:05:58.560463+00:00,153.1,47,ask,,,9959433
2026-07-06T21:05:59.727993,2026-07-06T21:05:59.739377+00:00,153.3,8,bid,,,9959442
2026-07-06T21:05:59.727993,2026-07-06T21:05:59.739377+00:00,153.6,42,bid,,,9959443
2026-07-06T21:06:01.176257,2026-07-06T21:06:01.187784+00:00,153.4,8,bid,,,9959465
2026-07-06T21:06:01.176257,2026-07-06T21:06:01.187784+00:00,153.4,34,bid,,,9959466
2026-07-06T21:06:01.889033,2026-07-06T21:06:01.900607+00:00,153.0,8,ask,,,9959475
2026-07-06T21:06:01.889033,2026-07-06T21:06:01.900607+00:00,153.0,42,ask,,,9959476
2026-07-06T21:06:03.862985,2026-07-06T21:06:03.874410+00:00,153.5,100,bid,,,9959505
2026-07-06T21:06:03.879107,2026-07-06T21:06:03.890317+00:00,153.5,46,bid,,,9959507
2026-07-06T21:06:03.946538,2026-07-06T21:06:03.958568+00:00,153.5,4,bid,,,9959508
2026-07-06T21:06:03.946538,2026-07-06T21:06:03.958568+00:00,153.5,8,bid,,,9959509
2026-07-06T21:06:03.946538,2026-07-06T21:06:03.958568+00:00,154.0,38,bid,,,9959510
2026-07-06T21:06:04.390094,2026-07-06T21:06:04.401139+00:00,153.9,8,bid,,,9959516
2026-07-06T21:06:04.402192,2026-07-06T21:06:04.411100+00:00,153.9,37,ask,,,9959517
2026-07-06T21:06:04.630079,2026-07-06T21:06:04.639062+00:00,153.9,8,ask,,,9959519
2026-07-06T21:06:05.405975,2026-07-06T21:06:05.412589+00:00,153.9,8,ask,,,9959533
2026-07-06T21:06:06.055531,2026-07-06T21:06:06.067008+00:00,154.0,50,bid,,,9959542
2026-07-06T21:06:07.080498,2026-07-06T21:06:07.092077+00:00,153.9,89,ask,,,9959551
2026-07-06T21:06:08.163135,2026-07-06T21:06:08.174727+00:00,153.7,50,bid,,,9959571
2026-07-06T21:06:09.583310,2026-07-06T21:06:09.593941+00:00,153.4,48,ask,,,9959586
2026-07-06T21:06:10.148964,2026-07-06T21:06:10.170095+00:00,153.7,48,bid,,,9959599
2026-07-06T21:06:10.161142,2026-07-06T21:06:10.170095+00:00,153.7,3,bid,,,9959600
2026-07-06T21:06:10.271794,2026-07-06T21:06:10.281008+00:00,153.7,49,bid,,,9959602
2026-07-06T21:06:10.271794,2026-07-06T21:06:10.281008+00:00,153.7,1,bid,,,9959603
2026-07-06T21:06:10.712945,2026-07-06T21:06:10.720096+00:00,153.7,7,bid,,,9959611
2026-07-06T21:06:10.726256,2026-07-06T21:06:10.733544+00:00,153.9,3,ask,,,9959612
2026-07-06T21:06:11.210158,2026-07-06T21:06:11.218759+00:00,153.9,8,ask,,,9959625
2026-07-06T21:06:12.148745,2026-07-06T21:06:12.158607+00:00,153.9,48,ask,,,9959643
2026-07-06T21:06:12.238994,2026-07-06T21:06:12.245631+00:00,153.9,8,ask,,,9959644
2026-07-06T21:06:12.380021,2026-07-06T21:06:12.391344+00:00,154.1,50,bid,,,9959648
2026-07-06T21:06:13.017353,2026-07-06T21:06:13.023702+00:00,153.9,8,ask,,,9959656
2026-07-06T21:06:13.806507,2026-07-06T21:06:13.813361+00:00,153.9,8,ask,,,9959667
2026-07-06T21:06:14.537245,2026-07-06T21:06:14.546327+00:00,153.7,50,ask,,,9959673
2026-07-06T21:06:16.121596,2026-07-06T21:06:16.132885+00:00,153.7,42,ask,,,9959697
2026-07-06T21:06:16.645074,2026-07-06T21:06:16.658561+00:00,153.5,50,ask,,,9959702
2026-07-06T21:06:16.757514,2026-07-06T21:06:16.768784+00:00,153.6,42,bid,,,9959706
2026-07-06T21:06:18.039470,2026-07-06T21:06:18.049204+00:00,153.5,3,bid,,,9959724
2026-07-06T21:06:18.475776,2026-07-06T21:06:18.486984+00:00,153.5,48,bid,,,9959728
2026-07-06T21:06:18.752264,2026-07-06T21:06:18.758549+00:00,153.3,8,ask,,,9959729
2026-07-06T21:06:18.752264,2026-07-06T21:06:18.758549+00:00,153.1,42,ask,,,9959730
2026-07-06T21:06:19.359612,2026-07-06T21:06:19.368021+00:00,153.5,11,bid,,,9959746
2026-07-06T21:06:20.860587,2026-07-06T21:06:20.871709+00:00,153.5,50,ask,,,9959772
2026-07-06T21:06:24.615596,2026-07-06T21:06:24.623571+00:00,153.4,8,ask,,,9959814
2026-07-06T21:06:24.615596,2026-07-06T21:06:24.623571+00:00,153.4,39,ask,,,9959815
2026-07-06T21:06:25.020141,2026-07-06T21:06:25.026569+00:00,153.7,8,bid,,,9959823
2026-07-06T21:06:25.020141,2026-07-06T21:06:25.031841+00:00,153.8,42,bid,,,9959824
2026-07-06T21:06:26.814269,2026-07-06T21:06:26.825382+00:00,154.0,47,bid,,,9959849
2026-07-06T21:06:26.867544,2026-07-06T21:06:26.879004+00:00,153.7,44,ask,,,9959850
2026-07-06T21:06:31.387892,2026-07-06T21:06:31.399259+00:00,153.5,50,ask,,,9959912
2026-07-06T21:06:31.394816,2026-07-06T21:06:31.404665+00:00,153.8,8,bid,,,9959913
2026-07-06T21:06:33.061473,2026-07-06T21:06:33.072792+00:00,153.5,49,ask,,,9959931
2026-07-06T21:06:33.498786,2026-07-06T21:06:33.510071+00:00,153.5,50,ask,,,9959941
2026-07-06T21:06:33.927163,2026-07-06T21:06:33.934392+00:00,153.9,44,bid,,,9959947
2026-07-06T21:06:35.606383,2026-07-06T21:06:35.614786+00:00,153.5,50,ask,,,9959973
2026-07-06T21:06:36.088763,2026-07-06T21:06:36.100449+00:00,153.4,8,ask,,,9959976
2026-07-06T21:06:36.088763,2026-07-06T21:06:36.100449+00:00,153.4,100,ask,,,9959977
2026-07-06T21:06:36.101509,2026-07-06T21:06:36.111136+00:00,153.3,35,bid,,,9959978
2026-07-06T21:06:37.711908,2026-07-06T21:06:37.763696+00:00,152.9,8,ask,,,9960000
2026-07-06T21:06:37.711908,2026-07-06T21:06:37.763696+00:00,152.8,42,ask,,,9960001
2026-07-06T21:06:39.116865,2026-07-06T21:06:39.126767+00:00,153.3,7,bid,,,9960018
2026-07-06T21:06:39.691604,2026-07-06T21:06:39.703206+00:00,153.3,1,ask,,,9960029
2026-07-06T21:06:39.691604,2026-07-06T21:06:39.703206+00:00,153.1,48,ask,,,9960030
2026-07-06T21:06:39.820672,2026-07-06T21:06:39.832016+00:00,153.1,50,ask,,,9960031
2026-07-06T21:06:40.173354,2026-07-06T21:06:40.180756+00:00,153.6,41,bid,,,9960034
2026-07-06T21:06:41.825856,2026-07-06T21:06:41.837207+00:00,153.6,46,bid,,,9960050
2026-07-06T21:06:41.881756,2026-07-06T21:06:41.893273+00:00,153.3,8,ask,,,9960051
2026-07-06T21:06:41.928221,2026-07-06T21:06:41.935109+00:00,153.2,8,ask,,,9960054
2026-07-06T21:06:41.928221,2026-07-06T21:06:41.940094+00:00,153.1,42,ask,,,9960055
2026-07-06T21:06:42.365959,2026-07-06T21:06:42.377153+00:00,153.3,45,ask,,,9960064
2026-07-06T21:06:44.036354,2026-07-06T21:06:44.048049+00:00,153.4,8,ask,,,9960092
2026-07-06T21:06:44.036354,2026-07-06T21:06:44.048049+00:00,153.3,42,ask,,,9960093
2026-07-06T21:06:45.018168,2026-07-06T21:06:45.028128+00:00,153.8,43,bid,,,9960110
2026-07-06T21:06:45.584079,2026-07-06T21:06:45.595389+00:00,153.4,8,ask,,,9960121
2026-07-06T21:06:45.584079,2026-07-06T21:06:45.595389+00:00,153.3,40,ask,,,9960122
2026-07-06T21:06:46.156960,2026-07-06T21:06:46.168577+00:00,153.4,8,ask,,,9960127
2026-07-06T21:06:47.371349,2026-07-06T21:06:47.381048+00:00,153.7,45,bid,,,9960141
2026-07-06T21:06:48.265990,2026-07-06T21:06:48.277230+00:00,153.4,50,ask,,,9960151
2026-07-06T21:06:50.374424,2026-07-06T21:06:50.385198+00:00,153.4,50,ask,,,9960176
2026-07-06T21:06:51.298288,2026-07-06T21:06:51.307038+00:00,153.3,8,ask,,,9960187
2026-07-06T21:06:51.298288,2026-07-06T21:06:51.307038+00:00,153.2,33,ask,,,9960188
2026-07-06T21:06:52.487665,2026-07-06T21:06:52.495247+00:00,153.1,8,ask,,,9960210
2026-07-06T21:06:52.487665,2026-07-06T21:06:52.500748+00:00,153.0,42,ask,,,9960211
2026-07-06T21:06:54.585393,2026-07-06T21:06:54.593515+00:00,153.3,11,bid,,,9960251
2026-07-06T21:06:54.621110,2026-07-06T21:06:54.632827+00:00,153.1,8,ask,,,9960253
2026-07-06T21:06:54.621110,2026-07-06T21:06:54.632827+00:00,152.9,42,ask,,,9960254
2026-07-06T21:06:55.073752,2026-07-06T21:06:55.086084+00:00,153.1,11,bid,,,9960262
2026-07-06T21:06:55.876073,2026-07-06T21:06:55.886652+00:00,153.1,12,bid,,,9960279
2026-07-06T21:06:56.678602,2026-07-06T21:06:56.686944+00:00,153.1,50,bid,,,9960300
2026-07-06T21:06:57.005542,2026-07-06T21:06:57.013539+00:00,153.1,11,bid,,,9960305
2026-07-06T21:06:58.146662,2026-07-06T21:06:58.163784+00:00,153.4,43,bid,,,9960316
2026-07-06T21:06:58.786880,2026-07-06T21:06:58.798635+00:00,153.4,50,bid,,,9960320
2026-07-06T21:06:58.877197,2026-07-06T21:06:58.886854+00:00,153.3,8,ask,,,9960324
2026-07-06T21:06:59.907177,2026-07-06T21:06:59.914867+00:00,153.3,3,ask,,,9960341
2026-07-06T21:07:00.836461,2026-07-06T21:07:00.848041+00:00,153.3,5,ask,,,9960356
2026-07-06T21:07:00.836461,2026-07-06T21:07:00.848041+00:00,153.1,35,ask,,,9960357
2026-07-06T21:07:00.898178,2026-07-06T21:07:00.909505+00:00,153.6,50,bid,,,9960358
2026-07-06T21:07:01.885326,2026-07-06T21:07:01.893467+00:00,153.8,8,bid,,,9960368
2026-07-06T21:07:01.885326,2026-07-06T21:07:01.893467+00:00,153.8,33,bid,,,9960369
2026-07-06T21:07:03.005687,2026-07-06T21:07:03.012163+00:00,153.8,50,bid,,,9960379
2026-07-06T21:07:04.020689,2026-07-06T21:07:04.028893+00:00,153.6,23,ask,,,9960394
2026-07-06T21:07:05.117223,2026-07-06T21:07:05.134401+00:00,153.8,8,bid,,,9960403
2026-07-06T21:07:05.117223,2026-07-06T21:07:05.134401+00:00,153.8,42,bid,,,9960404
2026-07-06T21:07:07.226892,2026-07-06T21:07:07.235705+00:00,153.8,50,bid,,,9960435
2026-07-06T21:07:09.246022,2026-07-06T21:07:09.255015+00:00,153.8,11,ask,,,9960463
2026-07-06T21:07:09.280966,2026-07-06T21:07:09.292284+00:00,153.8,49,ask,,,9960465
2026-07-06T21:07:09.333897,2026-07-06T21:07:09.345516+00:00,153.9,8,bid,,,9960466
2026-07-06T21:07:09.333897,2026-07-06T21:07:09.345516+00:00,154.1,42,bid,,,9960467
2026-07-06T21:07:10.325282,2026-07-06T21:07:10.339270+00:00,153.8,49,ask,,,9960481
2026-07-06T21:07:11.443226,2026-07-06T21:07:11.454535+00:00,153.8,50,bid,,,9960498
2026-07-06T21:07:13.553450,2026-07-06T21:07:13.555822+00:00,153.8,50,bid,,,9960520
2026-07-06T21:07:13.806294,2026-07-06T21:07:13.817803+00:00,153.8,47,bid,,,9960525
2026-07-06T21:07:13.995628,2026-07-06T21:07:14.004275+00:00,153.9,12,ask,,,9960527
2026-07-06T21:07:15.477186,2026-07-06T21:07:15.488705+00:00,154.0,8,bid,,,9960551
2026-07-06T21:07:15.477186,2026-07-06T21:07:15.488705+00:00,154.2,40,bid,,,9960552
2026-07-06T21:07:15.660597,2026-07-06T21:07:15.671999+00:00,154.1,8,bid,,,9960555
2026-07-06T21:07:15.660597,2026-07-06T21:07:15.671999+00:00,154.2,42,bid,,,9960556
2026-07-06T21:07:17.770296,2026-07-06T21:07:17.782038+00:00,154.2,8,bid,,,9960581
2026-07-06T21:07:17.770296,2026-07-06T21:07:17.782038+00:00,154.4,42,bid,,,9960582
2026-07-06T21:07:19.881824,2026-07-06T21:07:19.889060+00:00,154.4,50,bid,,,9960608
2026-07-06T21:07:20.330214,2026-07-06T21:07:20.338322+00:00,154.4,23,ask,,,9960614
2026-07-06T21:07:20.394548,2026-07-06T21:07:20.400836+00:00,154.4,8,ask,,,9960616
2026-07-06T21:07:21.059544,2026-07-06T21:07:21.068934+00:00,154.4,11,ask,,,9960629
2026-07-06T21:07:21.158563,2026-07-06T21:07:21.165145+00:00,154.4,3,ask,,,9960632
2026-07-06T21:07:21.420517,2026-07-06T21:07:21.428314+00:00,154.4,3,ask,,,9960639
2026-07-06T21:07:21.680385,2026-07-06T21:07:21.691631+00:00,154.4,3,ask,,,9960641
2026-07-06T21:07:21.945125,2026-07-06T21:07:21.964082+00:00,154.4,3,ask,,,9960648
2026-07-06T21:07:21.988253,2026-07-06T21:07:21.999720+00:00,154.5,50,bid,,,9960651
2026-07-06T21:07:22.027401,2026-07-06T21:07:22.038587+00:00,154.4,49,ask,,,9960652
2026-07-06T21:07:22.205626,2026-07-06T21:07:22.214954+00:00,154.4,3,ask,,,9960655
2026-07-06T21:07:22.966290,2026-07-06T21:07:22.977031+00:00,154.4,3,ask,,,9960662
2026-07-06T21:07:23.237983,2026-07-06T21:07:23.245489+00:00,154.4,3,ask,,,9960672
2026-07-06T21:07:23.496714,2026-07-06T21:07:23.508226+00:00,154.3,3,ask,,,9960675
2026-07-06T21:07:24.093482,2026-07-06T21:07:24.104949+00:00,154.4,8,bid,,,9960681
2026-07-06T21:07:24.093482,2026-07-06T21:07:24.104949+00:00,154.5,42,bid,,,9960682
2026-07-06T21:07:25.735172,2026-07-06T21:07:25.746536+00:00,154.5,49,bid,,,9960700
2026-07-06T21:07:26.202745,2026-07-06T21:07:26.214080+00:00,154.5,50,bid,,,9960703
2026-07-06T21:07:26.636539,2026-07-06T21:07:26.645680+00:00,154.5,8,bid,,,9960706
2026-07-06T21:07:26.648651,2026-07-06T21:07:26.686379+00:00,154.6,3,ask,,,9960708
2026-07-06T21:07:26.808358,2026-07-06T21:07:26.819644+00:00,154.6,3,ask,,,9960716
2026-07-06T21:07:27.225605,2026-07-06T21:07:27.236978+00:00,154.6,40,ask,,,9960719
2026-07-06T21:07:30.481664,2026-07-06T21:07:30.493358+00:00,154.4,50,ask,,,9960762
2026-07-06T21:07:32.590724,2026-07-06T21:07:32.600167+00:00,154.4,50,ask,,,9960784
2026-07-06T21:07:32.849206,2026-07-06T21:07:32.864294+00:00,154.4,5,ask,,,9960789
2026-07-06T21:07:32.922811,2026-07-06T21:07:32.934484+00:00,154.4,40,ask,,,9960791
2026-07-06T21:07:34.648194,2026-07-06T21:07:34.658632+00:00,154.5,50,bid,,,9960816
2026-07-06T21:07:35.601564,2026-07-06T21:07:35.607866+00:00,154.0,44,ask,,,9960830
2026-07-06T21:07:36.807317,2026-07-06T21:07:36.818493+00:00,153.8,50,ask,,,9960853
2026-07-06T21:07:38.173143,2026-07-06T21:07:38.180067+00:00,154.1,47,bid,,,9960871
2026-07-06T21:07:38.916211,2026-07-06T21:07:38.927842+00:00,153.7,8,ask,,,9960881
2026-07-06T21:07:38.916211,2026-07-06T21:07:38.927842+00:00,153.6,42,ask,,,9960882
2026-07-06T21:07:39.285497,2026-07-06T21:07:39.297048+00:00,154.0,43,bid,,,9960887
2026-07-06T21:07:39.924299,2026-07-06T21:07:39.932622+00:00,153.9,3,bid,,,9960896
2026-07-06T21:07:40.582275,2026-07-06T21:07:40.592250+00:00,153.9,5,bid,,,9960903
2026-07-06T21:07:41.187681,2026-07-06T21:07:41.195683+00:00,154.0,6,bid,,,9960912
2026-07-06T21:07:41.980929,2026-07-06T21:07:41.992517+00:00,154.0,45,bid,,,9960924
2026-07-06T21:07:41.991320,2026-07-06T21:07:41.997538+00:00,154.0,100,bid,,,9960925
2026-07-06T21:07:42.037252,2026-07-06T21:07:42.044659+00:00,153.7,8,ask,,,9960926
2026-07-06T21:07:42.490107,2026-07-06T21:07:42.512528+00:00,154.1,8,bid,,,9960934
2026-07-06T21:07:42.502571,2026-07-06T21:07:42.512528+00:00,154.3,14,ask,,,9960935
2026-07-06T21:07:43.076188,2026-07-06T21:07:43.087749+00:00,154.5,50,bid,,,9960944
2026-07-06T21:07:45.205297,2026-07-06T21:07:45.216758+00:00,154.3,100,ask,,,9960965
2026-07-06T21:07:45.239213,2026-07-06T21:07:45.248974+00:00,154.3,28,ask,,,9960967
2026-07-06T21:07:45.239213,2026-07-06T21:07:45.248974+00:00,153.8,8,ask,,,9960968
2026-07-06T21:07:45.239213,2026-07-06T21:07:45.248974+00:00,153.6,14,ask,,,9960969
2026-07-06T21:07:45.774623,2026-07-06T21:07:45.784911+00:00,154.0,3,bid,,,9960975
2026-07-06T21:07:47.296978,2026-07-06T21:07:47.306935+00:00,154.0,4,bid,,,9960992
2026-07-06T21:07:47.296978,2026-07-06T21:07:47.306935+00:00,154.1,46,bid,,,9960993
2026-07-06T21:07:49.405066,2026-07-06T21:07:49.416557+00:00,154.2,1,bid,,,9961005
2026-07-06T21:07:49.405066,2026-07-06T21:07:49.416557+00:00,154.4,49,bid,,,9961006
2026-07-06T21:07:51.513501,2026-07-06T21:07:51.524987+00:00,154.4,50,bid,,,9961030
2026-07-06T21:07:51.989577,2026-07-06T21:07:51.999114+00:00,154.3,3,ask,,,9961034
2026-07-06T21:07:52.331772,2026-07-06T21:07:52.343009+00:00,154.3,43,ask,,,9961045
2026-07-06T21:07:53.381891,2026-07-06T21:07:53.393527+00:00,154.3,49,ask,,,9961057
2026-07-06T21:07:53.618593,2026-07-06T21:07:53.628197+00:00,154.5,50,bid,,,9961059
2026-07-06T21:07:55.725402,2026-07-06T21:07:55.733943+00:00,154.6,50,bid,,,9961093
2026-07-06T21:07:57.821806,2026-07-06T21:07:57.863636+00:00,154.6,100,bid,,,9961114
2026-07-06T21:08:00.002933,2026-07-06T21:08:00.013655+00:00,154.9,50,ask,,,9961136
2026-07-06T21:08:00.730303,2026-07-06T21:08:00.741749+00:00,154.9,48,ask,,,9961149
2026-07-06T21:08:01.041069,2026-07-06T21:08:01.048089+00:00,154.9,52,ask,,,9961155
2026-07-06T21:08:01.297589,2026-07-06T21:08:01.308787+00:00,154.8,43,bid,,,9961159
2026-07-06T21:08:02.109570,2026-07-06T21:08:02.118958+00:00,154.3,50,ask,,,9961175
2026-07-06T21:08:04.231132,2026-07-06T21:08:04.241759+00:00,154.4,50,ask,,,9961204
2026-07-06T21:08:06.338770,2026-07-06T21:08:06.342540+00:00,154.5,50,ask,,,9961241
2026-07-06T21:08:07.261805,2026-07-06T21:08:07.273190+00:00,154.9,41,bid,,,9961251
2026-07-06T21:08:08.445009,2026-07-06T21:08:08.451321+00:00,154.4,50,ask,,,9961271
2026-07-06T21:08:08.890656,2026-07-06T21:08:08.902138+00:00,154.7,44,bid,,,9961277
2026-07-06T21:08:09.889954,2026-07-06T21:08:09.898819+00:00,154.4,46,ask,,,9961296
2026-07-06T21:08:10.359290,2026-07-06T21:08:10.370562+00:00,154.4,4,ask,,,9961302
2026-07-06T21:08:10.359290,2026-07-06T21:08:10.370562+00:00,154.2,40,ask,,,9961303
2026-07-06T21:08:10.550441,2026-07-06T21:08:10.544292+00:00,154.2,50,ask,,,9961304
2026-07-06T21:08:10.854960,2026-07-06T21:08:10.861832+00:00,154.6,42,bid,,,9961308
2026-07-06T21:08:12.188880,2026-07-06T21:08:12.198109+00:00,154.4,3,bid,,,9961323
2026-07-06T21:08:12.658805,2026-07-06T21:08:12.670192+00:00,154.1,50,ask,,,9961330
2026-07-06T21:08:14.606512,2026-07-06T21:08:14.615918+00:00,154.4,11,bid,,,9961358
2026-07-06T21:08:14.764308,2026-07-06T21:08:14.775837+00:00,154.1,8,ask,,,9961360
2026-07-06T21:08:14.764308,2026-07-06T21:08:14.775837+00:00,154.0,42,ask,,,9961361
2026-07-06T21:08:14.952953,2026-07-06T21:08:14.958570+00:00,154.0,42,ask,,,9961363
2026-07-06T21:08:15.562732,2026-07-06T21:08:15.569739+00:00,154.4,42,bid,,,9961374
2026-07-06T21:08:16.877219,2026-07-06T21:08:16.888555+00:00,153.9,50,ask,,,9961388
2026-07-06T21:08:17.470777,2026-07-06T21:08:17.479331+00:00,154.3,12,bid,,,9961398
2026-07-06T21:08:18.082888,2026-07-06T21:08:18.094206+00:00,154.3,43,bid,,,9961409
2026-07-06T21:08:18.117576,2026-07-06T21:08:18.125994+00:00,154.3,11,bid,,,9961412
2026-07-06T21:08:18.630932,2026-07-06T21:08:18.637486+00:00,154.0,8,ask,,,9961418
2026-07-06T21:08:18.630932,2026-07-06T21:08:18.642755+00:00,153.9,38,ask,,,9961419
2026-07-06T21:08:18.933720,2026-07-06T21:08:18.942762+00:00,154.3,34,bid,,,9961426
2026-07-06T21:08:18.933720,2026-07-06T21:08:18.942762+00:00,154.4,16,bid,,,9961427
2026-07-06T21:08:21.040881,2026-07-06T21:08:21.047116+00:00,154.6,50,bid,,,9961458
2026-07-06T21:08:21.865444,2026-07-06T21:08:21.873831+00:00,154.6,43,bid,,,9961467
2026-07-06T21:08:22.913239,2026-07-06T21:08:22.924921+00:00,154.3,8,ask,,,9961480
2026-07-06T21:08:22.913239,2026-07-06T21:08:22.924921+00:00,154.2,32,ask,,,9961481
2026-07-06T21:08:23.147977,2026-07-06T21:08:23.163858+00:00,154.6,50,bid,,,9961487
2026-07-06T21:08:24.038977,2026-07-06T21:08:24.047262+00:00,154.5,11,ask,,,9961500
2026-07-06T21:08:24.108538,2026-07-06T21:08:24.118486+00:00,154.5,8,ask,,,9961502
2026-07-06T21:08:25.304322,2026-07-06T21:08:25.315902+00:00,154.5,50,ask,,,9961519
2026-07-06T21:08:26.032446,2026-07-06T21:08:26.043816+00:00,154.6,43,bid,,,9961525
2026-07-06T21:08:31.619064,2026-07-06T21:08:31.630488+00:00,154.2,8,ask,,,9961589
2026-07-06T21:08:31.619064,2026-07-06T21:08:31.630488+00:00,154.1,42,ask,,,9961590
2026-07-06T21:08:32.941489,2026-07-06T21:08:32.948643+00:00,154.6,42,bid,,,9961607
2026-07-06T21:08:33.109840,2026-07-06T21:08:33.121492+00:00,154.6,8,bid,,,9961609
2026-07-06T21:08:33.471407,2026-07-06T21:08:33.482698+00:00,154.6,44,ask,,,9961614
2026-07-06T21:08:33.677128,2026-07-06T21:08:33.688681+00:00,154.8,50,bid,,,9961618
2026-07-06T21:08:34.680164,2026-07-06T21:08:34.688716+00:00,154.6,47,ask,,,9961633
2026-07-06T21:08:35.197728,2026-07-06T21:08:35.208059+00:00,154.8,43,bid,,,9961642
2026-07-06T21:08:35.782777,2026-07-06T21:08:35.790110+00:00,155.1,50,bid,,,9961647
2026-07-06T21:08:37.897824,2026-07-06T21:08:37.909573+00:00,154.8,8,bid,,,9961669
2026-07-06T21:08:37.897824,2026-07-06T21:08:37.909573+00:00,154.9,42,bid,,,9961670
2026-07-06T21:08:40.009622,2026-07-06T21:08:40.021060+00:00,154.8,8,bid,,,9961694
2026-07-06T21:08:40.009622,2026-07-06T21:08:40.021060+00:00,155.0,42,bid,,,9961695
2026-07-06T21:08:42.117644,2026-07-06T21:08:42.129015+00:00,155.0,50,bid,,,9961718
2026-07-06T21:08:44.224935,2026-07-06T21:08:44.236428+00:00,155.1,50,bid,,,9961744
2026-07-06T21:08:45.271358,2026-07-06T21:08:45.279831+00:00,155.0,23,ask,,,9961756
2026-07-06T21:08:45.318045,2026-07-06T21:08:45.327047+00:00,155.0,49,ask,,,9961758
2026-07-06T21:08:45.889012,2026-07-06T21:08:45.900488+00:00,155.3,49,bid,,,9961768
2026-07-06T21:08:46.383608,2026-07-06T21:08:46.395184+00:00,155.0,28,ask,,,9961774
2026-07-06T21:08:46.383608,2026-07-06T21:08:46.395184+00:00,154.8,22,ask,,,9961775
2026-07-06T21:08:46.512713,2026-07-06T21:08:46.519381+00:00,154.8,44,ask,,,9961777
2026-07-06T21:08:47.590653,2026-07-06T21:08:47.602135+00:00,155.3,44,bid,,,9961787
2026-07-06T21:08:48.491741,2026-07-06T21:08:48.502476+00:00,154.8,50,ask,,,9961805
2026-07-06T21:08:50.547214,2026-07-06T21:08:50.554695+00:00,155.1,50,bid,,,9961833
2026-07-06T21:08:52.660022,2026-07-06T21:08:52.668644+00:00,155.3,50,bid,,,9961851
2026-07-06T21:08:54.286341,2026-07-06T21:08:54.298071+00:00,154.8,42,ask,,,9961874
2026-07-06T21:08:54.768355,2026-07-06T21:08:54.779702+00:00,155.3,50,bid,,,9961880
2026-07-06T21:08:55.926905,2026-07-06T21:08:55.938240+00:00,155.3,42,bid,,,9961894
2026-07-06T21:08:56.874724,2026-07-06T21:08:56.884723+00:00,155.3,50,bid,,,9961901
2026-07-06T21:08:57.911411,2026-07-06T21:08:57.919986+00:00,155.3,3,ask,,,9961912
2026-07-06T21:08:59.031528,2026-07-06T21:08:59.042914+00:00,155.3,50,ask,,,9961926
2026-07-06T21:08:59.595945,2026-07-06T21:08:59.604664+00:00,155.3,47,ask,,,9961934
2026-07-06T21:09:00.651004,2026-07-06T21:09:00.657165+00:00,155.1,43,ask,,,9961953
2026-07-06T21:09:01.092863,2026-07-06T21:09:01.100697+00:00,155.6,50,bid,,,9961956
2026-07-06T21:09:05.356749,2026-07-06T21:09:05.368086+00:00,155.2,50,ask,,,9962002
2026-07-06T21:09:07.468871,2026-07-06T21:09:07.477862+00:00,155.2,50,ask,,,9962030
2026-07-06T21:09:07.775181,2026-07-06T21:09:07.786549+00:00,155.4,44,bid,,,9962036
2026-07-06T21:09:08.365600,2026-07-06T21:09:08.376990+00:00,155.2,46,bid,,,9962040
2026-07-06T21:09:09.525666,2026-07-06T21:09:09.558600+00:00,155.2,50,bid,,,9962053
2026-07-06T21:09:09.896496,2026-07-06T21:09:09.907962+00:00,154.9,42,ask,,,9962059
2026-07-06T21:09:11.633648,2026-07-06T21:09:11.644820+00:00,155.4,50,bid,,,9962081
2026-07-06T21:09:13.798360,2026-07-06T21:09:13.806743+00:00,155.1,50,ask,,,9962108
2026-07-06T21:09:14.307019,2026-07-06T21:09:14.316217+00:00,154.8,44,ask,,,9962114
2026-07-06T21:09:15.904152,2026-07-06T21:09:15.914129+00:00,154.8,50,ask,,,9962138
2026-07-06T21:09:17.093348,2026-07-06T21:09:17.105106+00:00,155.1,42,bid,,,9962153
2026-07-06T21:09:18.010797,2026-07-06T21:09:18.022394+00:00,154.7,50,ask,,,9962158
2026-07-06T21:09:20.117731,2026-07-06T21:09:20.125736+00:00,154.7,50,ask,,,9962185
2026-07-06T21:09:20.277041,2026-07-06T21:09:20.286283+00:00,154.7,46,ask,,,9962188
2026-07-06T21:09:20.657111,2026-07-06T21:09:20.668438+00:00,154.7,100,ask,,,9962193
2026-07-06T21:09:20.657111,2026-07-06T21:09:20.668438+00:00,154.5,8,ask,,,9962194
2026-07-06T21:09:20.669684,2026-07-06T21:09:20.677759+00:00,154.5,14,bid,,,9962195
2026-07-06T21:09:21.204434,2026-07-06T21:09:21.214176+00:00,154.5,12,bid,,,9962204
2026-07-06T21:09:22.224666,2026-07-06T21:09:22.232189+00:00,154.2,8,ask,,,9962222
2026-07-06T21:09:22.224666,2026-07-06T21:09:22.237170+00:00,154.0,42,ask,,,9962223
2026-07-06T21:09:22.494567,2026-07-06T21:09:22.506578+00:00,154.5,16,bid,,,9962229
2026-07-06T21:09:22.494567,2026-07-06T21:09:22.506578+00:00,154.7,8,bid,,,9962230
2026-07-06T21:09:22.494567,2026-07-06T21:09:22.506578+00:00,155.2,20,bid,,,9962231
2026-07-06T21:09:23.401783,2026-07-06T21:09:23.413421+00:00,154.9,8,bid,,,9962247
2026-07-06T21:09:23.401783,2026-07-06T21:09:23.413421+00:00,155.0,41,bid,,,9962248
2026-07-06T21:09:24.332542,2026-07-06T21:09:24.343808+00:00,154.5,50,ask,,,9962257
2026-07-06T21:09:25.116403,2026-07-06T21:09:25.127932+00:00,154.5,40,ask,,,9962270
2026-07-06T21:09:26.440588,2026-07-06T21:09:26.447606+00:00,154.5,8,ask,,,9962286
2026-07-06T21:09:26.440588,2026-07-06T21:09:26.452576+00:00,154.5,42,ask,,,9962287
2026-07-06T21:09:28.497105,2026-07-06T21:09:28.508643+00:00,154.9,50,bid,,,9962314
2026-07-06T21:09:29.071359,2026-07-06T21:09:29.082890+00:00,154.9,40,bid,,,9962323
2026-07-06T21:09:29.720830,2026-07-06T21:09:29.732265+00:00,154.8,40,ask,,,9962329
2026-07-06T21:09:30.603937,2026-07-06T21:09:30.615325+00:00,155.0,8,bid,,,9962343
2026-07-06T21:09:30.603937,2026-07-06T21:09:30.615325+00:00,155.1,42,bid,,,9962344
2026-07-06T21:09:30.771795,2026-07-06T21:09:30.783157+00:00,154.8,49,ask,,,9962347
2026-07-06T21:09:32.715986,2026-07-06T21:09:32.763977+00:00,155.1,45,bid,,,9962370
2026-07-06T21:09:34.868852,2026-07-06T21:09:34.880426+00:00,154.8,50,ask,,,9962399
2026-07-06T21:09:36.043516,2026-07-06T21:09:36.055131+00:00,154.9,49,bid,,,9962411
2026-07-06T21:09:36.654122,2026-07-06T21:09:36.665745+00:00,154.6,44,ask,,,9962419
2026-07-06T21:09:36.976597,2026-07-06T21:09:36.987815+00:00,154.6,50,ask,,,9962423
2026-07-06T21:09:37.736898,2026-07-06T21:09:37.763666+00:00,154.6,40,ask,,,9962429
2026-07-06T21:09:39.271875,2026-07-06T21:09:39.283497+00:00,155.1,42,bid,,,9962456
2026-07-06T21:09:39.842642,2026-07-06T21:09:39.863778+00:00,154.9,47,bid,,,9962462
2026-07-06T21:09:41.136275,2026-07-06T21:09:41.142978+00:00,154.9,50,bid,,,9962477
2026-07-06T21:09:41.507176,2026-07-06T21:09:41.516341+00:00,154.7,42,ask,,,9962483
2026-07-06T21:09:41.765272,2026-07-06T21:09:41.776453+00:00,154.7,12,ask,,,9962487
2026-07-06T21:09:43.296163,2026-07-06T21:09:43.303948+00:00,154.6,8,ask,,,9962505
2026-07-06T21:09:43.296163,2026-07-06T21:09:43.303948+00:00,154.4,42,ask,,,9962506
2026-07-06T21:09:44.605187,2026-07-06T21:09:44.616572+00:00,154.8,43,bid,,,9962522
2026-07-06T21:09:45.351959,2026-07-06T21:09:45.358585+00:00,154.9,50,bid,,,9962529
2026-07-06T21:09:46.654990,2026-07-06T21:09:46.669404+00:00,154.6,40,ask,,,9962548
2026-07-06T21:09:47.240771,2026-07-06T21:09:47.258619+00:00,155.0,42,bid,,,9962552
2026-07-06T21:09:47.461809,2026-07-06T21:09:47.470870+00:00,155.0,50,bid,,,9962554
2026-07-06T21:09:48.463609,2026-07-06T21:09:48.475363+00:00,154.6,48,ask,,,9962571
2026-07-06T21:09:49.040957,2026-07-06T21:09:49.047283+00:00,155.0,8,bid,,,9962586
2026-07-06T21:09:49.040957,2026-07-06T21:09:49.047283+00:00,155.1,39,bid,,,9962587
2026-07-06T21:09:49.097780,2026-07-06T21:09:49.109311+00:00,154.9,43,ask,,,9962589
2026-07-06T21:09:50.124290,2026-07-06T21:09:50.134095+00:00,154.9,11,ask,,,9962601
2026-07-06T21:09:50.672014,2026-07-06T21:09:50.683299+00:00,155.0,43,bid,,,9962613
2026-07-06T21:09:51.727299,2026-07-06T21:09:51.733569+00:00,154.6,8,ask,,,9962625
2026-07-06T21:09:51.727299,2026-07-06T21:09:51.733569+00:00,154.6,42,ask,,,9962626
2026-07-06T21:09:52.812222,2026-07-06T21:09:52.858632+00:00,154.6,43,ask,,,9962646
2026-07-06T21:09:53.784148,2026-07-06T21:09:53.795407+00:00,154.9,8,bid,,,9962659
2026-07-06T21:09:55.892241,2026-07-06T21:09:55.901373+00:00,154.8,50,bid,,,9962686
2026-07-06T21:09:56.098057,2026-07-06T21:09:56.106174+00:00,154.5,48,ask,,,9962688
2026-07-06T21:09:58.067914,2026-07-06T21:09:58.079601+00:00,154.5,50,ask,,,9962717
2026-07-06T21:09:58.676347,2026-07-06T21:09:58.696555+00:00,154.5,11,bid,,,9962723
2026-07-06T21:09:59.761347,2026-07-06T21:09:59.771516+00:00,154.5,23,bid,,,9962741
2026-07-06T21:10:00.125089,2026-07-06T21:10:00.132847+00:00,154.5,50,bid,,,9962752
2026-07-06T21:10:01.501886,2026-07-06T21:10:01.513528+00:00,154.5,48,bid,,,9962768
2026-07-06T21:10:02.239076,2026-07-06T21:10:02.263764+00:00,154.8,50,bid,,,9962783
2026-07-06T21:10:04.101287,2026-07-06T21:10:04.110861+00:00,154.8,43,bid,,,9962811
2026-07-06T21:10:04.374829,2026-07-06T21:10:04.383843+00:00,154.5,11,ask,,,9962812
2026-07-06T21:10:04.402295,2026-07-06T21:10:04.410367+00:00,154.5,50,ask,,,9962814
2026-07-06T21:10:05.171710,2026-07-06T21:10:05.183144+00:00,154.5,39,ask,,,9962822
2026-07-06T21:10:05.171710,2026-07-06T21:10:05.183144+00:00,154.4,7,ask,,,9962823
2026-07-06T21:10:06.143933,2026-07-06T21:10:06.163933+00:00,154.4,41,ask,,,9962833
2026-07-06T21:10:06.457912,2026-07-06T21:10:06.469302+00:00,154.9,50,bid,,,9962839
2026-07-06T21:10:06.763534,2026-07-06T21:10:06.770811+00:00,154.9,41,bid,,,9962843
2026-07-06T21:10:07.805871,2026-07-06T21:10:07.813910+00:00,154.4,41,ask,,,9962857
2026-07-06T21:10:08.302086,2026-07-06T21:10:08.310642+00:00,154.5,12,ask,,,9962861
2026-07-06T21:10:09.532613,2026-07-06T21:10:09.541343+00:00,154.5,11,ask,,,9962875
2026-07-06T21:10:10.737915,2026-07-06T21:10:10.747624+00:00,154.5,50,ask,,,9962894
2026-07-06T21:10:13.155777,2026-07-06T21:10:13.163603+00:00,154.6,41,bid,,,9962925
2026-07-06T21:10:14.207736,2026-07-06T21:10:14.216709+00:00,154.6,49,bid,,,9962938
2026-07-06T21:10:14.896838,2026-07-06T21:10:14.908263+00:00,154.6,50,bid,,,9962946
2026-07-06T21:10:15.803479,2026-07-06T21:10:15.815015+00:00,154.1,41,ask,,,9962956
2026-07-06T21:10:17.063430,2026-07-06T21:10:17.070400+00:00,154.1,50,ask,,,9962976
2026-07-06T21:10:17.664224,2026-07-06T21:10:17.675728+00:00,154.1,100,ask,,,9962989
2026-07-06T21:10:17.664224,2026-07-06T21:10:17.675728+00:00,153.8,8,ask,,,9962990
2026-07-06T21:10:18.143276,2026-07-06T21:10:18.151336+00:00,153.8,11,bid,,,9962997
2026-07-06T21:10:19.170812,2026-07-06T21:10:19.182665+00:00,153.6,8,ask,,,9963013
2026-07-06T21:10:19.170812,2026-07-06T21:10:19.182665+00:00,153.3,42,ask,,,9963014
2026-07-06T21:10:20.527009,2026-07-06T21:10:20.536195+00:00,153.8,12,bid,,,9963032
2026-07-06T21:10:20.776890,2026-07-06T21:10:20.786495+00:00,154.0,100,bid,,,9963035
2026-07-06T21:10:20.776890,2026-07-06T21:10:20.786495+00:00,154.0,8,bid,,,9963036
2026-07-06T21:10:21.281459,2026-07-06T21:10:21.292905+00:00,154.0,42,ask,,,9963046
2026-07-06T21:10:21.281459,2026-07-06T21:10:21.292905+00:00,153.8,8,ask,,,9963047
2026-07-06T21:10:23.391864,2026-07-06T21:10:23.405703+00:00,153.9,50,ask,,,9963069
2026-07-06T21:10:23.939062,2026-07-06T21:10:23.945848+00:00,154.2,8,bid,,,9963077
2026-07-06T21:10:25.443126,2026-07-06T21:10:25.454480+00:00,153.9,48,ask,,,9963093
2026-07-06T21:10:25.498183,2026-07-06T21:10:25.509584+00:00,153.9,2,ask,,,9963095
2026-07-06T21:10:25.498183,2026-07-06T21:10:25.509584+00:00,153.9,8,ask,,,9963096
2026-07-06T21:10:25.498183,2026-07-06T21:10:25.509584+00:00,153.5,40,ask,,,9963097
2026-07-06T21:10:27.195888,2026-07-06T21:10:27.201915+00:00,153.7,11,bid,,,9963113
2026-07-06T21:10:27.451707,2026-07-06T21:10:27.453177+00:00,153.7,46,bid,,,9963116
2026-07-06T21:10:27.607676,2026-07-06T21:10:27.619291+00:00,153.5,8,ask,,,9963117
2026-07-06T21:10:27.607676,2026-07-06T21:10:27.619291+00:00,153.4,42,ask,,,9963118
2026-07-06T21:10:33.872770,2026-07-06T21:10:33.884211+00:00,153.8,8,bid,,,9963189
2026-07-06T21:10:33.872770,2026-07-06T21:10:33.884211+00:00,153.8,42,bid,,,9963190
2026-07-06T21:10:33.898069,2026-07-06T21:10:33.905219+00:00,153.5,8,ask,,,9963191
2026-07-06T21:10:35.982895,2026-07-06T21:10:35.989369+00:00,153.8,50,bid,,,9963218
2026-07-06T21:10:36.174991,2026-07-06T21:10:36.185364+00:00,153.4,8,ask,,,9963219
2026-07-06T21:10:36.174991,2026-07-06T21:10:36.185364+00:00,153.4,33,ask,,,9963220
2026-07-06T21:10:38.092904,2026-07-06T21:10:38.104810+00:00,153.8,8,bid,,,9963253
2026-07-06T21:10:38.092904,2026-07-06T21:10:38.104810+00:00,153.9,42,bid,,,9963254
2026-07-06T21:10:39.883258,2026-07-06T21:10:39.891259+00:00,154.0,43,bid,,,9963271
2026-07-06T21:10:40.922800,2026-07-06T21:10:40.934134+00:00,153.6,8,ask,,,9963278
2026-07-06T21:10:40.922800,2026-07-06T21:10:40.934134+00:00,153.5,32,ask,,,9963279
2026-07-06T21:10:43.201726,2026-07-06T21:10:43.211821+00:00,153.9,8,bid,,,9963303
2026-07-06T21:10:43.201726,2026-07-06T21:10:43.211821+00:00,153.9,33,bid,,,9963304
2026-07-06T21:10:44.459995,2026-07-06T21:10:44.471333+00:00,153.5,8,ask,,,9963320
2026-07-06T21:10:44.459995,2026-07-06T21:10:44.471333+00:00,153.5,42,ask,,,9963321
2026-07-06T21:10:45.324107,2026-07-06T21:10:45.335475+00:00,153.9,44,bid,,,9963326
2026-07-06T21:10:46.568657,2026-07-06T21:10:46.579266+00:00,153.5,50,ask,,,9963344
2026-07-06T21:10:48.675904,2026-07-06T21:10:48.685482+00:00,153.7,50,ask,,,9963370
2026-07-06T21:10:49.282888,2026-07-06T21:10:49.291950+00:00,153.7,48,ask,,,9963379
2026-07-06T21:10:50.781962,2026-07-06T21:10:50.793315+00:00,153.7,2,ask,,,9963391
2026-07-06T21:10:50.781962,2026-07-06T21:10:50.793315+00:00,153.6,8,ask,,,9963392
2026-07-06T21:10:50.781962,2026-07-06T21:10:50.793315+00:00,153.5,40,ask,,,9963393
2026-07-06T21:10:52.234726,2026-07-06T21:10:52.241573+00:00,153.5,44,ask,,,9963417
2026-07-06T21:10:52.471433,2026-07-06T21:10:52.482735+00:00,153.4,8,ask,,,9963421
2026-07-06T21:10:52.839484,2026-07-06T21:10:52.863647+00:00,153.4,50,bid,,,9963428
2026-07-06T21:10:54.118467,2026-07-06T21:10:54.129717+00:00,153.4,45,bid,,,9963449
2026-07-06T21:10:54.405725,2026-07-06T21:10:54.413621+00:00,153.4,12,bid,,,9963452
2026-07-06T21:10:54.945741,2026-07-06T21:10:54.957032+00:00,153.4,35,bid,,,9963457
2026-07-06T21:10:56.341831,2026-07-06T21:10:56.348150+00:00,153.7,43,bid,,,9963470
2026-07-06T21:10:57.103856,2026-07-06T21:10:57.115278+00:00,153.6,50,ask,,,9963482
2026-07-06T21:10:58.038434,2026-07-06T21:10:58.049347+00:00,153.7,49,bid,,,9963498
2026-07-06T21:10:59.220674,2026-07-06T21:10:59.232107+00:00,153.6,8,ask,,,9963517
2026-07-06T21:10:59.220674,2026-07-06T21:10:59.232107+00:00,153.6,42,ask,,,9963518
2026-07-06T21:11:01.329528,2026-07-06T21:11:01.340808+00:00,153.5,50,ask,,,9963537
2026-07-06T21:11:02.100486,2026-07-06T21:11:02.112262+00:00,153.5,42,ask,,,9963551
2026-07-06T21:11:03.388843,2026-07-06T21:11:03.396560+00:00,153.7,8,bid,,,9963571
2026-07-06T21:11:03.388843,2026-07-06T21:11:03.401818+00:00,153.8,42,bid,,,9963572
2026-07-06T21:11:05.376645,2026-07-06T21:11:05.385542+00:00,153.4,23,ask,,,9963599
2026-07-06T21:11:05.496403,2026-07-06T21:11:05.507866+00:00,153.5,50,bid,,,9963602
2026-07-06T21:11:06.336414,2026-07-06T21:11:06.345910+00:00,153.4,8,ask,,,9963616
2026-07-06T21:11:06.971745,2026-07-06T21:11:06.978760+00:00,153.4,42,ask,,,9963627
2026-07-06T21:11:09.741830,2026-07-06T21:11:09.753387+00:00,153.5,8,bid,,,9963660
2026-07-06T21:11:09.741830,2026-07-06T21:11:09.753387+00:00,153.5,42,bid,,,9963661
2026-07-06T21:11:11.873262,2026-07-06T21:11:11.879587+00:00,153.6,8,bid,,,9963688
2026-07-06T21:11:11.873262,2026-07-06T21:11:11.884828+00:00,153.6,42,bid,,,9963689
2026-07-06T21:11:13.754053,2026-07-06T21:11:13.765514+00:00,153.3,8,ask,,,9963723
2026-07-06T21:11:13.754053,2026-07-06T21:11:13.765514+00:00,153.2,35,ask,,,9963724
2026-07-06T21:11:13.980728,2026-07-06T21:11:13.987215+00:00,153.6,50,bid,,,9963728
2026-07-06T21:11:15.280453,2026-07-06T21:11:15.291885+00:00,153.7,47,bid,,,9963744
2026-07-06T21:11:15.881549,2026-07-06T21:11:15.892705+00:00,153.5,49,ask,,,9963752
2026-07-06T21:11:16.114454,2026-07-06T21:11:16.123382+00:00,153.7,50,bid,,,9963754
2026-07-06T21:11:18.221157,2026-07-06T21:11:18.230018+00:00,153.8,8,bid,,,9963797
2026-07-06T21:11:18.221157,2026-07-06T21:11:18.230018+00:00,153.9,42,bid,,,9963798
2026-07-06T21:11:19.293326,2026-07-06T21:11:19.304198+00:00,153.9,42,bid,,,9963814
2026-07-06T21:11:21.111545,2026-07-06T21:11:21.119624+00:00,153.8,12,ask,,,9963834
2026-07-06T21:11:22.140810,2026-07-06T21:11:22.163746+00:00,153.9,8,bid,,,9963843
2026-07-06T21:11:22.440128,2026-07-06T21:11:22.451469+00:00,154.0,8,bid,,,9963849
2026-07-06T21:11:22.440128,2026-07-06T21:11:22.451469+00:00,154.1,42,bid,,,9963850
2026-07-06T21:11:22.601191,2026-07-06T21:11:22.612739+00:00,153.8,40,ask,,,9963853
2026-07-06T21:11:24.548093,2026-07-06T21:11:24.563660+00:00,154.0,50,bid,,,9963878
2026-07-06T21:11:26.656029,2026-07-06T21:11:26.655424+00:00,154.2,50,bid,,,9963904
2026-07-06T21:11:27.240485,2026-07-06T21:11:27.248007+00:00,153.9,11,ask,,,9963910
2026-07-06T21:11:27.612612,2026-07-06T21:11:27.625997+00:00,153.9,3,ask,,,9963915
2026-07-06T21:11:28.763088,2026-07-06T21:11:28.774281+00:00,154.3,50,bid,,,9963931
2026-07-06T21:11:30.924023,2026-07-06T21:11:30.935388+00:00,153.7,50,ask,,,9963958
2026-07-06T21:11:33.048623,2026-07-06T21:11:33.064315+00:00,153.6,50,ask,,,9963987
2026-07-06T21:11:35.153935,2026-07-06T21:11:35.165504+00:00,153.3,50,ask,,,9964017
2026-07-06T21:11:36.011624,2026-07-06T21:11:36.023081+00:00,153.7,41,bid,,,9964034
2026-07-06T21:11:37.261782,2026-07-06T21:11:37.269113+00:00,153.4,50,ask,,,9964051
2026-07-06T21:11:39.323363,2026-07-06T21:11:39.334807+00:00,153.4,100,ask,,,9964077
2026-07-06T21:11:39.369013,2026-07-06T21:11:39.380582+00:00,153.1,8,ask,,,9964078
2026-07-06T21:11:39.369013,2026-07-06T21:11:39.380582+00:00,152.8,42,ask,,,9964079
2026-07-06T21:11:39.933184,2026-07-06T21:11:39.941249+00:00,153.2,3,bid,,,9964088
2026-07-06T21:11:40.164854,2026-07-06T21:11:40.175335+00:00,153.2,46,bid,,,9964095
2026-07-06T21:11:41.477239,2026-07-06T21:11:41.488979+00:00,152.9,8,ask,,,9964110
2026-07-06T21:11:41.477239,2026-07-06T21:11:41.488979+00:00,152.8,42,ask,,,9964111
2026-07-06T21:11:43.464381,2026-07-06T21:11:43.473976+00:00,152.9,8,ask,,,9964135
2026-07-06T21:11:43.587130,2026-07-06T21:11:43.598677+00:00,152.9,50,ask,,,9964137
2026-07-06T21:11:47.258345,2026-07-06T21:11:47.265556+00:00,152.6,49,ask,,,9964181
2026-07-06T21:11:47.800326,2026-07-06T21:11:47.811997+00:00,152.6,50,ask,,,9964188
2026-07-06T21:11:49.908309,2026-07-06T21:11:49.919706+00:00,152.5,8,ask,,,9964206
2026-07-06T21:11:49.908309,2026-07-06T21:11:49.919706+00:00,152.3,42,ask,,,9964207
2026-07-06T21:11:49.970746,2026-07-06T21:11:49.980671+00:00,152.6,11,bid,,,9964208
2026-07-06T21:11:50.312778,2026-07-06T21:11:50.324288+00:00,152.6,44,bid,,,9964214
2026-07-06T21:11:52.016481,2026-07-06T21:11:52.027778+00:00,152.3,50,ask,,,9964237
2026-07-06T21:11:52.409719,2026-07-06T21:11:52.420985+00:00,152.3,42,ask,,,9964243
2026-07-06T21:11:52.585504,2026-07-06T21:11:52.595265+00:00,152.0,100,ask,,,9964245
2026-07-06T21:11:52.596516,2026-07-06T21:11:52.605512+00:00,152.0,46,bid,,,9964246
2026-07-06T21:11:53.741642,2026-07-06T21:11:53.749501+00:00,152.0,4,bid,,,9964267
2026-07-06T21:11:55.694553,2026-07-06T21:11:55.704031+00:00,152.4,100,bid,,,9964294
2026-07-06T21:11:55.705144,2026-07-06T21:11:55.714604+00:00,152.4,15,ask,,,9964295
2026-07-06T21:11:55.865666,2026-07-06T21:11:55.877199+00:00,152.6,5,bid,,,9964297
2026-07-06T21:11:55.920345,2026-07-06T21:11:55.932018+00:00,152.4,35,ask,,,9964298
2026-07-06T21:11:55.920345,2026-07-06T21:11:55.932018+00:00,152.3,5,ask,,,9964299
2026-07-06T21:11:58.332322,2026-07-06T21:11:58.343636+00:00,152.3,50,ask,,,9964332
2026-07-06T21:11:58.909435,2026-07-06T21:11:58.919761+00:00,152.3,50,ask,,,9964339
2026-07-06T21:11:58.909435,2026-07-06T21:11:58.919761+00:00,152.3,6,ask,,,9964340
2026-07-06T21:11:59.578567,2026-07-06T21:11:59.587085+00:00,152.2,46,bid,,,9964348
2026-07-06T21:12:00.169858,2026-07-06T21:12:00.181146+00:00,152.2,44,bid,,,9964354
2026-07-06T21:12:00.441317,2026-07-06T21:12:00.447774+00:00,151.9,6,ask,,,9964358
2026-07-06T21:12:00.441317,2026-07-06T21:12:00.453112+00:00,151.7,44,ask,,,9964359
2026-07-06T21:12:00.813649,2026-07-06T21:12:00.825085+00:00,152.2,4,bid,,,9964365
2026-07-06T21:12:02.549093,2026-07-06T21:12:02.560792+00:00,152.4,8,ask,,,9964389
2026-07-06T21:12:02.549093,2026-07-06T21:12:02.560792+00:00,152.3,42,ask,,,9964390
2026-07-06T21:12:04.658278,2026-07-06T21:12:04.669862+00:00,152.4,8,ask,,,9964412
2026-07-06T21:12:04.658278,2026-07-06T21:12:04.669862+00:00,152.3,42,ask,,,9964413
2026-07-06T21:12:06.766616,2026-07-06T21:12:06.775379+00:00,152.4,8,ask,,,9964445
2026-07-06T21:12:06.766616,2026-07-06T21:12:06.775379+00:00,152.2,42,ask,,,9964446
2026-07-06T21:12:07.043730,2026-07-06T21:12:07.058556+00:00,152.2,43,ask,,,9964455
2026-07-06T21:12:07.811785,2026-07-06T21:12:07.819145+00:00,152.4,11,bid,,,9964465
2026-07-06T21:12:08.116332,2026-07-06T21:12:08.127752+00:00,152.4,43,bid,,,9964470
2026-07-06T21:12:08.874698,2026-07-06T21:12:08.886406+00:00,152.3,8,ask,,,9964482
2026-07-06T21:12:08.874698,2026-07-06T21:12:08.886406+00:00,152.1,42,ask,,,9964483
2026-07-06T21:12:10.984435,2026-07-06T21:12:10.995745+00:00,152.2,8,ask,,,9964509
2026-07-06T21:12:10.984435,2026-07-06T21:12:10.995745+00:00,152.1,42,ask,,,9964510
2026-07-06T21:12:11.556755,2026-07-06T21:12:11.568075+00:00,152.0,100,ask,,,9964522
2026-07-06T21:12:11.569222,2026-07-06T21:12:11.577791+00:00,152.0,11,bid,,,9964523
2026-07-06T21:12:11.900457,2026-07-06T21:12:11.908632+00:00,152.0,12,bid,,,9964528
2026-07-06T21:12:12.521942,2026-07-06T21:12:12.533446+00:00,151.6,8,ask,,,9964537
2026-07-06T21:12:12.521942,2026-07-06T21:12:12.533446+00:00,151.5,32,ask,,,9964538
2026-07-06T21:12:13.093799,2026-07-06T21:12:13.104581+00:00,151.5,50,ask,,,9964550
2026-07-06T21:12:13.588612,2026-07-06T21:12:13.596802+00:00,152.0,11,bid,,,9964554
2026-07-06T21:12:15.148932,2026-07-06T21:12:15.163913+00:00,152.2,50,bid,,,9964582
2026-07-06T21:12:15.948494,2026-07-06T21:12:15.957348+00:00,152.2,46,bid,,,9964593
2026-07-06T21:12:17.084741,2026-07-06T21:12:17.096474+00:00,151.8,8,ask,,,9964609
2026-07-06T21:12:17.084741,2026-07-06T21:12:17.096474+00:00,151.8,37,ask,,,9964610
2026-07-06T21:12:19.440711,2026-07-06T21:12:19.452037+00:00,152.0,50,ask,,,9964650
2026-07-06T21:12:21.811274,2026-07-06T21:12:21.822587+00:00,152.4,42,bid,,,9964678
2026-07-06T21:12:22.765520,2026-07-06T21:12:22.774109+00:00,152.1,8,ask,,,9964695
2026-07-06T21:12:22.775188,2026-07-06T21:12:22.783469+00:00,152.0,3,ask,,,9964697
2026-07-06T21:12:22.959457,2026-07-06T21:12:22.967800+00:00,152.1,8,ask,,,9964701
2026-07-06T21:12:23.449316,2026-07-06T21:12:23.463955+00:00,152.0,48,ask,,,9964707
2026-07-06T21:12:23.627902,2026-07-06T21:12:23.639741+00:00,152.0,8,ask,,,9964708
2026-07-06T21:12:23.627902,2026-07-06T21:12:23.639741+00:00,151.9,92,ask,,,9964709
2026-07-06T21:12:23.657449,2026-07-06T21:12:23.668934+00:00,151.9,50,ask,,,9964710
2026-07-06T21:12:24.222823,2026-07-06T21:12:24.232673+00:00,151.6,25,bid,,,9964720
2026-07-06T21:12:24.480592,2026-07-06T21:12:24.487831+00:00,151.6,46,bid,,,9964727
2026-07-06T21:12:26.499766,2026-07-06T21:12:26.509217+00:00,151.6,4,bid,,,9964759
2026-07-06T21:12:30.720413,2026-07-06T21:12:30.731911+00:00,151.5,42,ask,,,9964815
2026-07-06T21:12:32.054571,2026-07-06T21:12:32.065924+00:00,151.8,50,bid,,,9964830
2026-07-06T21:12:34.081380,2026-07-06T21:12:34.092871+00:00,151.9,49,bid,,,9964849
2026-07-06T21:12:34.162991,2026-07-06T21:12:34.169561+00:00,151.9,50,bid,,,9964852
2026-07-06T21:12:35.578145,2026-07-06T21:12:35.589319+00:00,151.4,48,ask,,,9964869
2026-07-06T21:12:36.275635,2026-07-06T21:12:36.282156+00:00,151.9,50,bid,,,9964878
2026-07-06T21:12:36.720537,2026-07-06T21:12:36.730300+00:00,151.9,46,bid,,,9964882
2026-07-06T21:12:36.859660,2026-07-06T21:12:36.869511+00:00,151.6,6,ask,,,9964883
2026-07-06T21:12:37.910855,2026-07-06T21:12:37.921021+00:00,151.6,44,ask,,,9964898
2026-07-06T21:12:38.383734,2026-07-06T21:12:38.395108+00:00,151.9,8,bid,,,9964901
2026-07-06T21:12:38.383734,2026-07-06T21:12:38.395108+00:00,151.9,42,bid,,,9964902
2026-07-06T21:12:39.066629,2026-07-06T21:12:39.074017+00:00,151.9,41,bid,,,9964911
2026-07-06T21:12:39.411902,2026-07-06T21:12:39.421030+00:00,151.9,11,ask,,,9964920
2026-07-06T21:12:40.514845,2026-07-06T21:12:40.525138+00:00,152.1,8,bid,,,9964938
2026-07-06T21:12:40.514845,2026-07-06T21:12:40.525138+00:00,152.1,42,bid,,,9964939
2026-07-06T21:12:40.633321,2026-07-06T21:12:40.644546+00:00,151.9,49,ask,,,9964941
2026-07-06T21:12:40.949034,2026-07-06T21:12:40.963094+00:00,151.9,12,ask,,,9964945
2026-07-06T21:12:42.231644,2026-07-06T21:12:42.240984+00:00,151.9,28,ask,,,9964964
2026-07-06T21:12:42.621028,2026-07-06T21:12:42.630401+00:00,152.1,50,bid,,,9964967
2026-07-06T21:12:44.727059,2026-07-06T21:12:44.738758+00:00,152.1,50,bid,,,9964995
2026-07-06T21:12:45.145698,2026-07-06T21:12:45.148499+00:00,152.1,8,bid,,,9965003
2026-07-06T21:12:46.130914,2026-07-06T21:12:46.137752+00:00,152.4,8,bid,,,9965016
2026-07-06T21:12:46.130914,2026-07-06T21:12:46.142758+00:00,152.5,34,bid,,,9965017
2026-07-06T21:12:46.346285,2026-07-06T21:12:46.356037+00:00,152.4,11,ask,,,9965020
2026-07-06T21:12:46.389975,2026-07-06T21:12:46.406440+00:00,152.4,11,ask,,,9965024
2026-07-06T21:12:46.886530,2026-07-06T21:12:46.897717+00:00,152.4,50,ask,,,9965034
2026-07-06T21:12:47.002618,2026-07-06T21:12:47.010595+00:00,152.4,12,ask,,,9965037
2026-07-06T21:12:48.179833,2026-07-06T21:12:48.190226+00:00,152.5,49,bid,,,9965060
2026-07-06T21:12:50.770427,2026-07-06T21:12:50.781871+00:00,152.0,44,ask,,,9965095
2026-07-06T21:12:51.057939,2026-07-06T21:12:51.069561+00:00,152.4,50,bid,,,9965097
2026-07-06T21:12:52.221165,2026-07-06T21:12:52.231837+00:00,151.9,40,ask,,,9965122
2026-07-06T21:12:53.217603,2026-07-06T21:12:53.229001+00:00,151.9,50,ask,,,9965130
2026-07-06T21:12:53.739149,2026-07-06T21:12:53.748898+00:00,152.3,8,bid,,,9965140
2026-07-06T21:12:53.739149,2026-07-06T21:12:53.748898+00:00,152.4,34,bid,,,9965141
2026-07-06T21:12:54.804081,2026-07-06T21:12:54.815703+00:00,151.9,47,ask,,,9965155
2026-07-06T21:12:55.274592,2026-07-06T21:12:55.285830+00:00,151.9,100,ask,,,9965164
2026-07-06T21:12:55.328570,2026-07-06T21:12:55.340024+00:00,151.9,50,ask,,,9965165
2026-07-06T21:12:55.885624,2026-07-06T21:12:55.897006+00:00,151.8,8,ask,,,9965173
2026-07-06T21:12:55.898330,2026-07-06T21:12:55.906571+00:00,151.6,46,bid,,,9965174
2026-07-06T21:12:56.975130,2026-07-06T21:12:56.982372+00:00,151.6,42,bid,,,9965183
2026-07-06T21:12:57.436753,2026-07-06T21:12:57.448243+00:00,151.4,50,ask,,,9965186
2026-07-06T21:12:58.589014,2026-07-06T21:12:58.600337+00:00,151.6,47,bid,,,9965199
2026-07-06T21:12:58.644432,2026-07-06T21:12:58.658570+00:00,151.4,46,ask,,,9965200
2026-07-06T21:12:59.545702,2026-07-06T21:12:59.563604+00:00,151.5,50,ask,,,9965211
2026-07-06T21:13:00.819920,2026-07-06T21:13:00.830103+00:00,151.9,44,bid,,,9965225
2026-07-06T21:13:01.415173,2026-07-06T21:13:01.426446+00:00,151.5,41,ask,,,9965234
2026-07-06T21:13:01.653980,2026-07-06T21:13:01.665394+00:00,151.5,50,ask,,,9965236
2026-07-06T21:13:02.159529,2026-07-06T21:13:02.167927+00:00,151.5,8,ask,,,9965242
2026-07-06T21:13:02.215264,2026-07-06T21:13:02.226775+00:00,151.4,100,ask,,,9965245
2026-07-06T21:13:03.764135,2026-07-06T21:13:03.775747+00:00,151.2,8,ask,,,9965265
2026-07-06T21:13:03.764135,2026-07-06T21:13:03.775747+00:00,150.9,42,ask,,,9965266
2026-07-06T21:13:04.772695,2026-07-06T21:13:04.780440+00:00,151.4,8,bid,,,9965287
2026-07-06T21:13:05.873244,2026-07-06T21:13:05.884968+00:00,151.2,50,ask,,,9965302
2026-07-06T21:13:07.930383,2026-07-06T21:13:07.958606+00:00,151.7,50,bid,,,9965321
2026-07-06T21:13:10.037178,2026-07-06T21:13:10.047633+00:00,151.5,50,bid,,,9965351
2026-07-06T21:13:12.075145,2026-07-06T21:13:12.086760+00:00,151.4,46,ask,,,9965364
2026-07-06T21:13:12.144318,2026-07-06T21:13:12.163621+00:00,151.8,50,bid,,,9965365
2026-07-06T21:13:14.250155,2026-07-06T21:13:14.259253+00:00,151.7,8,bid,,,9965394
2026-07-06T21:13:14.250155,2026-07-06T21:13:14.259253+00:00,151.8,42,bid,,,9965395
2026-07-06T21:13:16.408241,2026-07-06T21:13:16.419505+00:00,151.5,50,ask,,,9965422
2026-07-06T21:13:18.514920,2026-07-06T21:13:18.526391+00:00,151.4,50,ask,,,9965456
2026-07-06T21:13:20.001394,2026-07-06T21:13:20.012741+00:00,151.7,45,bid,,,9965473
2026-07-06T21:13:21.477167,2026-07-06T21:13:21.484580+00:00,151.7,47,bid,,,9965499
2026-07-06T21:13:22.685556,2026-07-06T21:13:22.696824+00:00,151.7,50,bid,,,9965526
2026-07-06T21:13:23.698166,2026-07-06T21:13:23.702512+00:00,151.8,100,bid,,,9965534
2026-07-06T21:13:24.533256,2026-07-06T21:13:24.541697+00:00,151.9,23,ask,,,9965544
2026-07-06T21:13:24.793156,2026-07-06T21:13:24.804830+00:00,152.1,8,bid,,,9965551
2026-07-06T21:13:24.793156,2026-07-06T21:13:24.804830+00:00,152.4,42,bid,,,9965552
2026-07-06T21:13:27.071177,2026-07-06T21:13:27.079884+00:00,151.9,11,ask,,,9965586
2026-07-06T21:13:28.523425,2026-07-06T21:13:28.534839+00:00,151.5,42,ask,,,9965608
2026-07-06T21:13:29.030291,2026-07-06T21:13:29.041541+00:00,151.9,50,bid,,,9965613
2026-07-06T21:13:29.164552,2026-07-06T21:13:29.175805+00:00,151.9,48,bid,,,9965615
2026-07-06T21:13:30.645483,2026-07-06T21:13:30.658569+00:00,151.8,100,bid,,,9965631
2026-07-06T21:13:30.645483,2026-07-06T21:13:30.658569+00:00,151.9,7,bid,,,9965632
2026-07-06T21:13:31.138940,2026-07-06T21:13:31.150430+00:00,152.3,8,bid,,,9965639
2026-07-06T21:13:31.138940,2026-07-06T21:13:31.150430+00:00,152.4,42,bid,,,9965640
2026-07-06T21:13:33.251433,2026-07-06T21:13:33.257840+00:00,152.2,8,bid,,,9965664
2026-07-06T21:13:33.251433,2026-07-06T21:13:33.257840+00:00,152.4,42,bid,,,9965665
2026-07-06T21:13:35.357546,2026-07-06T21:13:35.369086+00:00,152.2,8,bid,,,9965693
2026-07-06T21:13:35.357546,2026-07-06T21:13:35.369086+00:00,152.3,42,bid,,,9965694
2026-07-06T21:13:35.506101,2026-07-06T21:13:35.517487+00:00,151.9,40,ask,,,9965695
2026-07-06T21:13:36.264902,2026-07-06T21:13:36.273874+00:00,151.9,12,ask,,,9965707
2026-07-06T21:13:36.969079,2026-07-06T21:13:36.980562+00:00,152.0,8,bid,,,9965718
2026-07-06T21:13:37.149286,2026-07-06T21:13:37.153400+00:00,152.1,46,bid,,,9965720
2026-07-06T21:13:37.472389,2026-07-06T21:13:37.483906+00:00,152.1,50,bid,,,9965727
2026-07-06T21:13:39.528439,2026-07-06T21:13:39.535487+00:00,152.2,8,bid,,,9965750
2026-07-06T21:13:39.579428,2026-07-06T21:13:39.588866+00:00,152.5,50,bid,,,9965751
2026-07-06T21:13:40.271549,2026-07-06T21:13:40.283819+00:00,152.3,48,ask,,,9965762
2026-07-06T21:13:40.275887,2026-07-06T21:13:40.283819+00:00,152.3,11,ask,,,9965763
2026-07-06T21:13:41.479108,2026-07-06T21:13:41.489529+00:00,152.3,33,ask,,,9965780
2026-07-06T21:13:41.479108,2026-07-06T21:13:41.489529+00:00,152.0,9,ask,,,9965781
2026-07-06T21:13:41.696620,2026-07-06T21:13:41.708087+00:00,152.4,8,bid,,,9965787
2026-07-06T21:13:41.696620,2026-07-06T21:13:41.708087+00:00,152.5,42,bid,,,9965788
2026-07-06T21:13:43.807746,2026-07-06T21:13:43.814589+00:00,152.5,8,bid,,,9965822
2026-07-06T21:13:43.807746,2026-07-06T21:13:43.819877+00:00,152.7,42,bid,,,9965823
2026-07-06T21:13:45.131617,2026-07-06T21:13:45.139738+00:00,152.5,8,bid,,,9965834
2026-07-06T21:13:45.131617,2026-07-06T21:13:45.139738+00:00,152.7,32,bid,,,9965835
2026-07-06T21:13:45.942772,2026-07-06T21:13:45.954457+00:00,152.6,8,bid,,,9965852
2026-07-06T21:13:45.942772,2026-07-06T21:13:45.954457+00:00,152.8,42,bid,,,9965853
2026-07-06T21:13:46.392037,2026-07-06T21:13:46.403545+00:00,152.3,42,ask,,,9965858
2026-07-06T21:13:50.142696,2026-07-06T21:13:50.163814+00:00,152.8,41,bid,,,9965889
2026-07-06T21:13:50.207262,2026-07-06T21:13:50.208878+00:00,152.4,50,ask,,,9965890
2026-07-06T21:13:51.103595,2026-07-06T21:13:51.115149+00:00,152.4,42,ask,,,9965903
2026-07-06T21:13:51.572526,2026-07-06T21:13:51.578832+00:00,152.4,8,ask,,,9965906
2026-07-06T21:13:51.572526,2026-07-06T21:13:51.578832+00:00,152.3,32,ask,,,9965907
2026-07-06T21:13:55.749940,2026-07-06T21:13:55.756263+00:00,152.5,8,bid,,,9965953
2026-07-06T21:13:55.749940,2026-07-06T21:13:55.756263+00:00,152.5,40,bid,,,9965954
2026-07-06T21:13:56.471379,2026-07-06T21:13:56.482961+00:00,152.5,50,bid,,,9965967
2026-07-06T21:13:56.810431,2026-07-06T21:13:56.819016+00:00,152.5,10,bid,,,9965973
2026-07-06T21:13:58.578834,2026-07-06T21:13:58.587131+00:00,152.6,8,bid,,,9965997
2026-07-06T21:13:58.578834,2026-07-06T21:13:58.587131+00:00,152.8,42,bid,,,9965998
2026-07-06T21:13:59.160276,2026-07-06T21:13:59.170480+00:00,152.7,8,bid,,,9966015
2026-07-06T21:13:59.881791,2026-07-06T21:13:59.889811+00:00,152.7,12,ask,,,9966020
2026-07-06T21:14:00.685625,2026-07-06T21:14:00.692823+00:00,152.9,50,bid,,,9966028
2026-07-06T21:14:02.017544,2026-07-06T21:14:02.029378+00:00,152.7,41,ask,,,9966048
2026-07-06T21:14:02.526175,2026-07-06T21:14:02.537698+00:00,152.6,43,ask,,,9966050
2026-07-06T21:14:02.791571,2026-07-06T21:14:02.803339+00:00,152.9,50,bid,,,9966056
2026-07-06T21:14:06.171389,2026-07-06T21:14:06.182768+00:00,153.2,43,bid,,,9966096
2026-07-06T21:14:06.669271,2026-07-06T21:14:06.680812+00:00,153.2,48,bid,,,9966104
2026-07-06T21:14:07.008117,2026-07-06T21:14:07.019360+00:00,153.2,9,bid,,,9966106
2026-07-06T21:14:07.008117,2026-07-06T21:14:07.019360+00:00,153.4,41,bid,,,9966107
2026-07-06T21:14:07.630704,2026-07-06T21:14:07.638136+00:00,152.9,43,ask,,,9966115
2026-07-06T21:14:08.114325,2026-07-06T21:14:08.122492+00:00,153.1,11,ask,,,9966123
2026-07-06T21:14:11.219284,2026-07-06T21:14:11.230769+00:00,153.5,50,bid,,,9966167
2026-07-06T21:14:12.370494,2026-07-06T21:14:12.374079+00:00,153.1,3,ask,,,9966182
2026-07-06T21:14:13.329781,2026-07-06T21:14:13.338066+00:00,153.5,50,bid,,,9966200
2026-07-06T21:14:14.761146,2026-07-06T21:14:14.769192+00:00,153.1,48,ask,,,9966214
2026-07-06T21:14:15.486609,2026-07-06T21:14:15.497936+00:00,152.9,50,ask,,,9966220
2026-07-06T21:14:17.307353,2026-07-06T21:14:17.318798+00:00,153.3,48,bid,,,9966239
2026-07-06T21:14:17.595408,2026-07-06T21:14:17.604365+00:00,152.8,50,ask,,,9966242
2026-07-06T21:14:18.421937,2026-07-06T21:14:18.429451+00:00,152.7,43,ask,,,9966264
2026-07-06T21:14:19.651936,2026-07-06T21:14:19.663908+00:00,153.2,50,bid,,,9966276
2026-07-06T21:14:20.244136,2026-07-06T21:14:20.263918+00:00,153.2,42,bid,,,9966290
2026-07-06T21:14:21.230344,2026-07-06T21:14:21.242021+00:00,153.2,46,bid,,,9966303
2026-07-06T21:14:21.284661,2026-07-06T21:14:21.295905+00:00,152.8,47,ask,,,9966305
2026-07-06T21:14:21.757807,2026-07-06T21:14:21.769241+00:00,153.3,50,bid,,,9966312
2026-07-06T21:14:22.201851,2026-07-06T21:14:22.210445+00:00,153.0,14,ask,,,9966321
2026-07-06T21:14:23.872932,2026-07-06T21:14:23.879470+00:00,153.0,100,ask,,,9966349
2026-07-06T21:14:23.919136,2026-07-06T21:14:23.930663+00:00,153.0,36,ask,,,9966351
2026-07-06T21:14:23.919136,2026-07-06T21:14:23.930663+00:00,152.5,14,ask,,,9966352
2026-07-06T21:14:24.511201,2026-07-06T21:14:24.522462+00:00,152.5,86,ask,,,9966359
2026-07-06T21:14:24.523681,2026-07-06T21:14:24.531880+00:00,152.4,14,bid,,,9966360
2026-07-06T21:14:24.814594,2026-07-06T21:14:24.822540+00:00,152.4,14,bid,,,9966366
2026-07-06T21:14:26.026654,2026-07-06T21:14:26.032943+00:00,152.1,7,ask,,,9966379
2026-07-06T21:14:26.026654,2026-07-06T21:14:26.032943+00:00,152.0,43,ask,,,9966380
2026-07-06T21:14:26.978878,2026-07-06T21:14:26.988586+00:00,152.3,4,bid,,,9966394
2026-07-06T21:14:26.978878,2026-07-06T21:14:26.988586+00:00,152.4,36,bid,,,9966395
2026-07-06T21:14:27.042580,2026-07-06T21:14:27.051039+00:00,152.5,11,ask,,,9966397
2026-07-06T21:14:27.437511,2026-07-06T21:14:27.446515+00:00,152.5,3,ask,,,9966407
2026-07-06T21:14:28.137226,2026-07-06T21:14:28.134999+00:00,152.5,46,ask,,,9966418
2026-07-06T21:14:28.387422,2026-07-06T21:14:28.396467+00:00,152.7,3,bid,,,9966420
2026-07-06T21:14:28.930282,2026-07-06T21:14:28.941599+00:00,152.3,49,ask,,,9966428
2026-07-06T21:14:29.522942,2026-07-06T21:14:29.534300+00:00,152.8,45,bid,,,9966442
2026-07-06T21:14:30.192708,2026-07-06T21:14:30.203693+00:00,152.8,50,bid,,,9966452
2026-07-06T21:14:32.223111,2026-07-06T21:14:32.234769+00:00,152.5,49,ask,,,9966472
2026-07-06T21:14:32.316007,2026-07-06T21:14:32.323777+00:00,152.6,50,bid,,,9966474
2026-07-06T21:14:34.420246,2026-07-06T21:14:34.430942+00:00,152.7,50,bid,,,9966489
2026-07-06T21:14:36.526087,2026-07-06T21:14:36.534799+00:00,152.7,50,bid,,,9966513
2026-07-06T21:14:39.050211,2026-07-06T21:14:39.058596+00:00,152.8,41,bid,,,9966551
2026-07-06T21:14:40.788126,2026-07-06T21:14:40.799654+00:00,152.6,50,ask,,,9966568
2026-07-06T21:14:42.843408,2026-07-06T21:14:42.858558+00:00,153.0,50,bid,,,9966595
2026-07-06T21:14:43.481457,2026-07-06T21:14:43.492775+00:00,152.6,49,ask,,,9966605
2026-07-06T21:14:44.014935,2026-07-06T21:14:44.026751+00:00,152.6,45,ask,,,9966609
2026-07-06T21:14:44.459509,2026-07-06T21:14:44.467328+00:00,152.6,3,ask,,,9966612
2026-07-06T21:14:44.949405,2026-07-06T21:14:44.955614+00:00,152.8,50,bid,,,9966617
2026-07-06T21:14:47.058711,2026-07-06T21:14:47.068208+00:00,152.7,50,bid,,,9966641
2026-07-06T21:14:47.624882,2026-07-06T21:14:47.635239+00:00,152.7,42,bid,,,9966648
2026-07-06T21:14:48.092093,2026-07-06T21:14:48.103429+00:00,152.7,46,bid,,,9966653
2026-07-06T21:14:49.179495,2026-07-06T21:14:49.190726+00:00,152.7,12,bid,,,9966666
2026-07-06T21:14:49.217320,2026-07-06T21:14:49.224856+00:00,152.6,50,ask,,,9966667
2026-07-06T21:14:49.787482,2026-07-06T21:14:49.795429+00:00,152.9,11,ask,,,9966675
2026-07-06T21:14:51.257329,2026-07-06T21:14:51.268992+00:00,152.9,41,ask,,,9966689
2026-07-06T21:14:51.325628,2026-07-06T21:14:51.337040+00:00,152.9,50,ask,,,9966690
2026-07-06T21:14:52.365413,2026-07-06T21:14:52.373747+00:00,152.9,48,ask,,,9966704
2026-07-06T21:14:53.382668,2026-07-06T21:14:53.394204+00:00,152.8,50,bid,,,9966723
2026-07-06T21:14:53.831731,2026-07-06T21:14:53.843250+00:00,152.8,48,bid,,,9966730
2026-07-06T21:14:55.488735,2026-07-06T21:14:55.498837+00:00,152.8,50,bid,,,9966751
2026-07-06T21:14:56.597741,2026-07-06T21:14:56.606774+00:00,153.0,12,ask,,,9966772
2026-07-06T21:14:57.482804,2026-07-06T21:14:57.491707+00:00,153.0,41,ask,,,9966778
2026-07-06T21:14:57.594937,2026-07-06T21:14:57.604536+00:00,153.2,50,bid,,,9966779
2026-07-06T21:14:57.809086,2026-07-06T21:14:57.819360+00:00,153.0,11,ask,,,9966781
2026-07-06T21:14:59.704251,2026-07-06T21:14:59.711422+00:00,153.1,50,bid,,,9966815
2026-07-06T21:15:01.168463,2026-07-06T21:15:01.175337+00:00,152.6,49,ask,,,9966835
2026-07-06T21:15:01.810272,2026-07-06T21:15:01.817826+00:00,153.1,50,bid,,,9966841
2026-07-06T21:15:03.925025,2026-07-06T21:15:03.936743+00:00,153.2,50,bid,,,9966874
2026-07-06T21:15:04.886364,2026-07-06T21:15:04.897695+00:00,153.2,42,bid,,,9966885
2026-07-06T21:15:05.414403,2026-07-06T21:15:05.425892+00:00,153.1,49,ask,,,9966888
2026-07-06T21:15:06.032373,2026-07-06T21:15:06.040540+00:00,153.3,50,bid,,,9966898
2026-07-06T21:15:06.447271,2026-07-06T21:15:06.463749+00:00,153.1,43,ask,,,9966908
2026-07-06T21:15:07.074940,2026-07-06T21:15:07.083817+00:00,153.3,41,bid,,,9966912
2026-07-06T21:15:08.094897,2026-07-06T21:15:08.106319+00:00,153.3,49,bid,,,9966930
2026-07-06T21:15:08.193097,2026-07-06T21:15:08.204422+00:00,152.9,50,ask,,,9966932
2026-07-06T21:15:08.569211,2026-07-06T21:15:08.580721+00:00,152.9,46,ask,,,9966937
2026-07-06T21:15:08.769670,2026-07-06T21:15:08.780915+00:00,153.4,100,bid,,,9966941
2026-07-06T21:15:08.837786,2026-07-06T21:15:08.847128+00:00,153.6,34,ask,,,9966942
2026-07-06T21:15:10.248928,2026-07-06T21:15:10.257868+00:00,154.1,50,bid,,,9966962
2026-07-06T21:15:11.246003,2026-07-06T21:15:11.258546+00:00,153.6,16,ask,,,9966981
2026-07-06T21:15:14.462229,2026-07-06T21:15:14.473775+00:00,153.9,50,bid,,,9967020
2026-07-06T21:15:16.337531,2026-07-06T21:15:16.348452+00:00,153.7,48,bid,,,9967040
2026-07-06T21:15:16.507275,2026-07-06T21:15:16.517688+00:00,153.7,11,bid,,,9967045
2026-07-06T21:15:16.619330,2026-07-06T21:15:16.626924+00:00,153.6,50,ask,,,9967049
2026-07-06T21:15:17.884026,2026-07-06T21:15:17.895405+00:00,153.6,48,ask,,,9967067
2026-07-06T21:15:18.569956,2026-07-06T21:15:18.578615+00:00,153.7,11,bid,,,9967083
2026-07-06T21:15:18.723590,2026-07-06T21:15:18.734949+00:00,153.6,50,ask,,,9967085
2026-07-06T21:15:19.398473,2026-07-06T21:15:19.409918+00:00,153.7,41,bid,,,9967093
2026-07-06T21:15:20.548695,2026-07-06T21:15:20.558575+00:00,153.7,47,bid,,,9967105
2026-07-06T21:15:20.835845,2026-07-06T21:15:20.846713+00:00,153.7,50,ask,,,9967111
2026-07-06T21:15:21.475124,2026-07-06T21:15:21.486526+00:00,153.7,50,ask,,,9967118
2026-07-06T21:15:22.001147,2026-07-06T21:15:22.008526+00:00,153.5,12,bid,,,9967123
2026-07-06T21:15:22.942190,2026-07-06T21:15:22.948410+00:00,153.0,50,ask,,,9967136
2026-07-06T21:15:23.102648,2026-07-06T21:15:23.164501+00:00,153.5,40,bid,,,9967140
2026-07-06T21:15:25.048985,2026-07-06T21:15:25.051675+00:00,153.4,50,ask,,,9967158
2026-07-06T21:15:27.157749,2026-07-06T21:15:27.169057+00:00,153.3,50,ask,,,9967183
2026-07-06T21:15:27.756925,2026-07-06T21:15:27.768804+00:00,153.2,41,ask,,,9967192
2026-07-06T21:15:29.267765,2026-07-06T21:15:29.277479+00:00,153.2,50,ask,,,9967209
2026-07-06T21:15:29.367547,2026-07-06T21:15:29.379253+00:00,153.2,9,ask,,,9967210
2026-07-06T21:15:29.367547,2026-07-06T21:15:29.379253+00:00,153.1,34,ask,,,9967211
2026-07-06T21:15:31.321916,2026-07-06T21:15:31.333667+00:00,153.3,50,bid,,,9967238
2026-07-06T21:15:31.508934,2026-07-06T21:15:31.517071+00:00,153.3,41,bid,,,9967242
2026-07-06T21:15:33.455245,2026-07-06T21:15:33.464086+00:00,153.3,50,bid,,,9967265
2026-07-06T21:15:34.031939,2026-07-06T21:15:34.039945+00:00,153.3,49,bid,,,9967273
2026-07-06T21:15:34.078187,2026-07-06T21:15:34.091759+00:00,153.3,51,bid,,,9967274
2026-07-06T21:15:34.324349,2026-07-06T21:15:34.332888+00:00,153.4,12,ask,,,9967278
2026-07-06T21:15:35.562451,2026-07-06T21:15:35.573894+00:00,153.9,50,bid,,,9967293
2026-07-06T21:15:36.635341,2026-07-06T21:15:36.647057+00:00,153.4,87,ask,,,9967302
2026-07-06T21:15:36.736582,2026-07-06T21:15:36.747913+00:00,152.9,48,ask,,,9967304
2026-07-06T21:15:39.851521,2026-07-06T21:15:39.857779+00:00,152.9,50,ask,,,9967342
