timestamp,recv_time,price,volume,aggressor_side,buyer,seller,trade_id
2026-07-08T03:00:00.633433,2026-07-08T03:00:00.640827+00:00,122.3,5,ask,,,11613460
2026-07-08T03:00:00.633433,2026-07-08T03:00:00.640827+00:00,122.1,39,ask,,,11613461
2026-07-08T03:00:01.130359,2026-07-08T03:00:01.141845+00:00,122.1,10,ask,,,11613471
2026-07-08T03:00:01.676175,2026-07-08T03:00:01.685620+00:00,122.1,33,ask,,,11613478
2026-07-08T03:00:01.676175,2026-07-08T03:00:01.685620+00:00,122.0,17,ask,,,11613479
2026-07-08T03:00:03.300187,2026-07-08T03:00:03.310376+00:00,122.0,5,ask,,,11613498
2026-07-08T03:00:03.824119,2026-07-08T03:00:03.833309+00:00,122.1,10,bid,,,11613506
2026-07-08T03:00:03.830152,2026-07-08T03:00:03.838312+00:00,122.1,10,bid,,,11613507
2026-07-08T03:00:04.047990,2026-07-08T03:00:04.058417+00:00,122.0,3,bid,,,11613511
2026-07-08T03:00:05.837411,2026-07-08T03:00:05.849706+00:00,121.9,5,bid,,,11613538
2026-07-08T03:00:05.837411,2026-07-08T03:00:05.849706+00:00,122.0,45,bid,,,11613539
2026-07-08T03:00:05.899287,2026-07-08T03:00:05.910084+00:00,122.0,5,bid,,,11613540
2026-07-08T03:00:05.921926,2026-07-08T03:00:05.930844+00:00,121.9,5,bid,,,11613541
2026-07-08T03:00:06.420918,2026-07-08T03:00:06.431673+00:00,122.0,5,bid,,,11613550
2026-07-08T03:00:07.947469,2026-07-08T03:00:07.958602+00:00,122.0,50,bid,,,11613571
2026-07-08T03:00:10.055697,2026-07-08T03:00:10.058245+00:00,122.1,50,bid,,,11613592
2026-07-08T03:00:10.957242,2026-07-08T03:00:10.965067+00:00,121.8,42,ask,,,11613603
2026-07-08T03:00:12.163373,2026-07-08T03:00:12.173990+00:00,122.1,5,bid,,,11613620
2026-07-08T03:00:12.163373,2026-07-08T03:00:12.173990+00:00,122.2,45,bid,,,11613621
2026-07-08T03:00:12.982908,2026-07-08T03:00:12.990768+00:00,122.0,5,bid,,,11613636
2026-07-08T03:00:12.982908,2026-07-08T03:00:12.995742+00:00,122.2,43,bid,,,11613637
2026-07-08T03:00:13.519552,2026-07-08T03:00:13.530768+00:00,121.8,5,ask,,,11613646
2026-07-08T03:00:13.519552,2026-07-08T03:00:13.530768+00:00,121.7,39,ask,,,11613647
2026-07-08T03:00:14.244149,2026-07-08T03:00:14.251140+00:00,122.0,5,bid,,,11613662
2026-07-08T03:00:14.272717,2026-07-08T03:00:14.284202+00:00,122.0,50,bid,,,11613663
2026-07-08T03:00:16.433593,2026-07-08T03:00:16.445244+00:00,121.9,50,ask,,,11613686
2026-07-08T03:00:17.200037,2026-07-08T03:00:17.209729+00:00,121.9,5,ask,,,11613698
2026-07-08T03:00:18.429693,2026-07-08T03:00:18.442306+00:00,121.9,3,ask,,,11613722
2026-07-08T03:00:18.461141,2026-07-08T03:00:18.468754+00:00,121.9,5,ask,,,11613727
2026-07-08T03:00:18.476178,2026-07-08T03:00:18.484343+00:00,121.9,5,ask,,,11613728
2026-07-08T03:00:20.648643,2026-07-08T03:00:20.658582+00:00,121.8,50,ask,,,11613761
2026-07-08T03:00:22.704748,2026-07-08T03:00:22.712326+00:00,121.9,50,bid,,,11613791
2026-07-08T03:00:24.810017,2026-07-08T03:00:24.821643+00:00,121.6,5,bid,,,11613815
2026-07-08T03:00:24.810017,2026-07-08T03:00:24.821643+00:00,121.9,45,bid,,,11613816
2026-07-08T03:00:26.922570,2026-07-08T03:00:26.929704+00:00,121.8,5,bid,,,11613842
2026-07-08T03:00:26.922570,2026-07-08T03:00:26.934729+00:00,121.9,45,bid,,,11613843
2026-07-08T03:00:29.029219,2026-07-08T03:00:29.040949+00:00,121.9,5,bid,,,11613866
2026-07-08T03:00:29.029219,2026-07-08T03:00:29.040949+00:00,122.0,45,bid,,,11613867
2026-07-08T03:00:29.610723,2026-07-08T03:00:29.620053+00:00,122.1,47,bid,,,11613881
2026-07-08T03:00:29.614328,2026-07-08T03:00:29.625267+00:00,121.7,5,ask,,,11613882
2026-07-08T03:00:30.663057,2026-07-08T03:00:30.674958+00:00,121.8,5,bid,,,11613902
2026-07-08T03:00:30.691547,2026-07-08T03:00:30.701405+00:00,121.7,5,ask,,,11613904
2026-07-08T03:00:31.139239,2026-07-08T03:00:31.150784+00:00,122.0,50,bid,,,11613907
2026-07-08T03:00:32.525245,2026-07-08T03:00:32.532614+00:00,121.8,5,bid,,,11613932
2026-07-08T03:00:33.245106,2026-07-08T03:00:33.251690+00:00,121.8,5,bid,,,11613943
2026-07-08T03:00:33.245106,2026-07-08T03:00:33.251690+00:00,122.0,45,bid,,,11613944
2026-07-08T03:00:33.641950,2026-07-08T03:00:33.653903+00:00,121.8,5,bid,,,11613956
2026-07-08T03:00:33.641950,2026-07-08T03:00:33.653903+00:00,122.0,95,bid,,,11613957
2026-07-08T03:00:33.653328,2026-07-08T03:00:33.664132+00:00,121.6,5,ask,,,11613958
2026-07-08T03:00:33.653328,2026-07-08T03:00:33.664132+00:00,121.5,39,ask,,,11613959
2026-07-08T03:00:34.231750,2026-07-08T03:00:34.239644+00:00,121.6,5,ask,,,11613969
2026-07-08T03:00:34.877309,2026-07-08T03:00:34.886684+00:00,121.5,49,ask,,,11613991
2026-07-08T03:00:34.912724,2026-07-08T03:00:34.924387+00:00,121.5,5,ask,,,11613992
2026-07-08T03:00:35.407058,2026-07-08T03:00:35.414679+00:00,121.5,50,ask,,,11614001
2026-07-08T03:00:35.449558,2026-07-08T03:00:35.453447+00:00,121.5,5,ask,,,11614004
2026-07-08T03:00:36.526303,2026-07-08T03:00:36.537726+00:00,121.5,5,bid,,,11614020
2026-07-08T03:00:37.462255,2026-07-08T03:00:37.474236+00:00,121.5,50,bid,,,11614029
2026-07-08T03:00:39.594967,2026-07-08T03:00:39.601720+00:00,121.6,5,bid,,,11614049
2026-07-08T03:00:39.594967,2026-07-08T03:00:39.607027+00:00,121.7,45,bid,,,11614050
2026-07-08T03:00:39.798201,2026-07-08T03:00:39.810206+00:00,121.6,5,bid,,,11614055
2026-07-08T03:00:39.798201,2026-07-08T03:00:39.810206+00:00,121.7,36,bid,,,11614056
2026-07-08T03:00:41.702653,2026-07-08T03:00:41.714213+00:00,121.6,5,bid,,,11614072
2026-07-08T03:00:41.702653,2026-07-08T03:00:41.714213+00:00,121.7,45,bid,,,11614073
2026-07-08T03:00:41.815149,2026-07-08T03:00:41.827026+00:00,121.7,24,bid,,,11614075
2026-07-08T03:00:41.815149,2026-07-08T03:00:41.827026+00:00,121.9,19,bid,,,11614076
2026-07-08T03:00:41.956095,2026-07-08T03:00:41.963870+00:00,121.7,5,bid,,,11614081
2026-07-08T03:00:41.956095,2026-07-08T03:00:41.969164+00:00,121.9,81,bid,,,11614082
2026-07-08T03:00:42.029287,2026-07-08T03:00:42.041730+00:00,121.9,26,ask,,,11614084
2026-07-08T03:00:42.203357,2026-07-08T03:00:42.224983+00:00,121.9,20,ask,,,11614095
2026-07-08T03:00:42.389762,2026-07-08T03:00:42.397448+00:00,121.9,18,ask,,,11614102
2026-07-08T03:00:43.463829,2026-07-08T03:00:43.470552+00:00,121.8,100,ask,,,11614116
2026-07-08T03:00:45.357242,2026-07-08T03:00:45.367813+00:00,121.9,12,bid,,,11614151
2026-07-08T03:00:45.514898,2026-07-08T03:00:45.526947+00:00,121.9,40,bid,,,11614154
2026-07-08T03:00:45.965019,2026-07-08T03:00:45.977041+00:00,121.7,5,ask,,,11614164
2026-07-08T03:00:45.965019,2026-07-08T03:00:45.977041+00:00,121.4,45,ask,,,11614165
2026-07-08T03:00:47.522556,2026-07-08T03:00:47.534578+00:00,121.7,45,ask,,,11614182
2026-07-08T03:00:47.974136,2026-07-08T03:00:47.982782+00:00,121.9,11,bid,,,11614188
2026-07-08T03:00:48.077821,2026-07-08T03:00:48.085480+00:00,121.7,50,ask,,,11614192
2026-07-08T03:00:48.086461,2026-07-08T03:00:48.096279+00:00,121.9,20,bid,,,11614193
2026-07-08T03:00:49.530103,2026-07-08T03:00:49.538675+00:00,121.9,5,ask,,,11614222
2026-07-08T03:00:49.530103,2026-07-08T03:00:49.543894+00:00,121.8,95,ask,,,11614223
2026-07-08T03:00:49.774542,2026-07-08T03:00:49.782826+00:00,121.8,5,ask,,,11614226
2026-07-08T03:00:50.184417,2026-07-08T03:00:50.196436+00:00,121.8,50,ask,,,11614231
2026-07-08T03:00:51.204516,2026-07-08T03:00:51.212784+00:00,121.6,5,ask,,,11614242
2026-07-08T03:00:51.204516,2026-07-08T03:00:51.212784+00:00,121.3,38,ask,,,11614243
2026-07-08T03:00:51.511959,2026-07-08T03:00:51.518899+00:00,121.6,5,ask,,,11614253
2026-07-08T03:00:51.525384,2026-07-08T03:00:51.534712+00:00,121.4,3,bid,,,11614254
2026-07-08T03:00:51.909990,2026-07-08T03:00:51.920403+00:00,121.4,40,bid,,,11614264
2026-07-08T03:00:51.937500,2026-07-08T03:00:51.946632+00:00,121.4,5,bid,,,11614266
2026-07-08T03:00:52.238122,2026-07-08T03:00:52.249601+00:00,121.4,50,bid,,,11614270
2026-07-08T03:00:52.462692,2026-07-08T03:00:52.469605+00:00,121.4,40,bid,,,11614272
2026-07-08T03:00:52.642420,2026-07-08T03:00:52.653866+00:00,121.4,2,bid,,,11614276
2026-07-08T03:00:53.365624,2026-07-08T03:00:53.377220+00:00,121.7,5,bid,,,11614291
2026-07-08T03:00:53.365624,2026-07-08T03:00:53.377220+00:00,121.9,35,bid,,,11614292
2026-07-08T03:00:53.950789,2026-07-08T03:00:53.958585+00:00,121.5,5,ask,,,11614299
2026-07-08T03:00:53.950789,2026-07-08T03:00:53.958585+00:00,121.4,35,ask,,,11614300
2026-07-08T03:00:54.407788,2026-07-08T03:00:54.415278+00:00,121.5,5,ask,,,11614309
2026-07-08T03:00:54.407788,2026-07-08T03:00:54.420266+00:00,121.4,45,ask,,,11614310
2026-07-08T03:00:54.582350,2026-07-08T03:00:54.590551+00:00,121.4,10,ask,,,11614314
2026-07-08T03:00:55.088306,2026-07-08T03:00:55.100247+00:00,121.6,5,bid,,,11614321
2026-07-08T03:00:55.088306,2026-07-08T03:00:55.100247+00:00,121.8,40,bid,,,11614322
2026-07-08T03:00:56.169571,2026-07-08T03:00:56.176481+00:00,121.3,5,ask,,,11614340
2026-07-08T03:00:57.814562,2026-07-08T03:00:57.823167+00:00,121.5,5,bid,,,11614366
2026-07-08T03:00:57.814562,2026-07-08T03:00:57.823167+00:00,121.6,100,bid,,,11614367
2026-07-08T03:00:57.887262,2026-07-08T03:00:57.897946+00:00,121.6,3,ask,,,11614369
2026-07-08T03:00:58.567947,2026-07-08T03:00:58.579738+00:00,121.8,5,bid,,,11614384
2026-07-08T03:00:58.567947,2026-07-08T03:00:58.579738+00:00,122.0,10,bid,,,11614385
2026-07-08T03:00:58.567947,2026-07-08T03:00:58.579738+00:00,122.1,35,bid,,,11614386
2026-07-08T03:00:58.881202,2026-07-08T03:00:58.888937+00:00,121.6,42,ask,,,11614391
2026-07-08T03:00:59.100178,2026-07-08T03:00:59.110753+00:00,121.6,5,bid,,,11614397
2026-07-08T03:00:59.777719,2026-07-08T03:00:59.785749+00:00,121.5,5,ask,,,11614414
2026-07-08T03:00:59.777719,2026-07-08T03:00:59.791004+00:00,121.4,36,ask,,,11614415
2026-07-08T03:00:59.939674,2026-07-08T03:00:59.950477+00:00,121.4,5,ask,,,11614416
2026-07-08T03:01:00.679526,2026-07-08T03:01:00.691581+00:00,121.8,5,bid,,,11614425
2026-07-08T03:01:00.679526,2026-07-08T03:01:00.691581+00:00,121.9,45,bid,,,11614426
2026-07-08T03:01:01.031079,2026-07-08T03:01:01.042905+00:00,121.5,5,ask,,,11614435
2026-07-08T03:01:01.418522,2026-07-08T03:01:01.430251+00:00,121.5,5,bid,,,11614441
2026-07-08T03:01:01.522225,2026-07-08T03:01:01.533603+00:00,121.4,5,ask,,,11614444
2026-07-08T03:01:02.061555,2026-07-08T03:01:02.071697+00:00,121.5,42,bid,,,11614451
2026-07-08T03:01:02.839443,2026-07-08T03:01:02.851338+00:00,121.3,50,ask,,,11614465
2026-07-08T03:01:03.040715,2026-07-08T03:01:03.047732+00:00,121.4,5,ask,,,11614466
2026-07-08T03:01:03.040715,2026-07-08T03:01:03.053019+00:00,121.3,39,ask,,,11614467
2026-07-08T03:01:03.986127,2026-07-08T03:01:03.995457+00:00,121.5,5,bid,,,11614487
2026-07-08T03:01:04.248991,2026-07-08T03:01:04.258588+00:00,121.6,5,bid,,,11614492
2026-07-08T03:01:04.248991,2026-07-08T03:01:04.258588+00:00,121.8,42,bid,,,11614493
2026-07-08T03:01:04.948990,2026-07-08T03:01:04.955898+00:00,121.5,5,ask,,,11614506
2026-07-08T03:01:04.948990,2026-07-08T03:01:04.955898+00:00,121.3,11,ask,,,11614507
2026-07-08T03:01:04.948990,2026-07-08T03:01:04.955898+00:00,121.3,34,ask,,,11614508
2026-07-08T03:01:07.062646,2026-07-08T03:01:07.071712+00:00,121.4,5,ask,,,11614539
2026-07-08T03:01:07.062646,2026-07-08T03:01:07.071712+00:00,121.3,45,ask,,,11614540
2026-07-08T03:01:07.222535,2026-07-08T03:01:07.233481+00:00,121.3,5,ask,,,11614542
2026-07-08T03:01:07.355193,2026-07-08T03:01:07.366807+00:00,121.4,5,ask,,,11614543
2026-07-08T03:01:07.365583,2026-07-08T03:01:07.372107+00:00,121.3,45,bid,,,11614544
2026-07-08T03:01:09.120563,2026-07-08T03:01:09.132678+00:00,121.3,50,bid,,,11614567
2026-07-08T03:01:09.570958,2026-07-08T03:01:09.582911+00:00,121.1,5,ask,,,11614573
2026-07-08T03:01:09.570958,2026-07-08T03:01:09.582911+00:00,121.0,41,ask,,,11614574
2026-07-08T03:01:11.228979,2026-07-08T03:01:11.240814+00:00,121.3,5,bid,,,11614599
2026-07-08T03:01:11.679993,2026-07-08T03:01:11.690501+00:00,121.2,3,bid,,,11614603
2026-07-08T03:01:12.004653,2026-07-08T03:01:12.015775+00:00,121.2,8,bid,,,11614608
2026-07-08T03:01:14.658956,2026-07-08T03:01:14.669381+00:00,121.2,5,bid,,,11614643
2026-07-08T03:01:15.491552,2026-07-08T03:01:15.503295+00:00,121.1,5,ask,,,11614657
2026-07-08T03:01:15.491552,2026-07-08T03:01:15.503295+00:00,121.0,45,ask,,,11614658
2026-07-08T03:01:17.814789,2026-07-08T03:01:17.823221+00:00,121.1,5,ask,,,11614685
2026-07-08T03:01:17.814789,2026-07-08T03:01:17.823221+00:00,120.9,36,ask,,,11614686
2026-07-08T03:01:18.369209,2026-07-08T03:01:18.376492+00:00,121.3,5,bid,,,11614699
2026-07-08T03:01:18.903823,2026-07-08T03:01:18.911877+00:00,121.3,40,bid,,,11614709
2026-07-08T03:01:19.429030,2026-07-08T03:01:19.436270+00:00,121.3,5,bid,,,11614717
2026-07-08T03:01:19.558347,2026-07-08T03:01:19.570944+00:00,121.3,46,bid,,,11614722
2026-07-08T03:01:19.653630,2026-07-08T03:01:19.665637+00:00,121.3,4,bid,,,11614725
2026-07-08T03:01:19.653630,2026-07-08T03:01:19.665637+00:00,121.3,5,bid,,,11614726
2026-07-08T03:01:19.653630,2026-07-08T03:01:19.665637+00:00,121.4,41,bid,,,11614727
2026-07-08T03:01:21.814938,2026-07-08T03:01:21.823049+00:00,121.2,5,ask,,,11614759
2026-07-08T03:01:21.814938,2026-07-08T03:01:21.828592+00:00,121.1,45,ask,,,11614760
2026-07-08T03:01:23.521933,2026-07-08T03:01:23.533631+00:00,121.1,42,ask,,,11614781
2026-07-08T03:01:24.167962,2026-07-08T03:01:24.176689+00:00,121.2,5,bid,,,11614790
2026-07-08T03:01:24.167962,2026-07-08T03:01:24.176689+00:00,121.3,38,bid,,,11614791
2026-07-08T03:01:26.241295,2026-07-08T03:01:26.248747+00:00,121.0,5,ask,,,11614812
2026-07-08T03:01:26.241295,2026-07-08T03:01:26.254020+00:00,120.9,35,ask,,,11614813
2026-07-08T03:01:28.760965,2026-07-08T03:01:28.770147+00:00,121.0,3,ask,,,11614852
2026-07-08T03:01:29.187895,2026-07-08T03:01:29.199071+00:00,120.9,8,ask,,,11614858
2026-07-08T03:01:29.785718,2026-07-08T03:01:29.794489+00:00,120.8,5,ask,,,11614868
2026-07-08T03:01:29.785718,2026-07-08T03:01:29.800019+00:00,120.6,35,ask,,,11614869
2026-07-08T03:01:30.239224,2026-07-08T03:01:30.245973+00:00,120.6,50,ask,,,11614878
2026-07-08T03:01:30.651635,2026-07-08T03:01:30.653230+00:00,120.8,5,ask,,,11614882
2026-07-08T03:01:30.659638,2026-07-08T03:01:30.669013+00:00,120.8,3,bid,,,11614883
2026-07-08T03:01:31.313074,2026-07-08T03:01:31.319811+00:00,120.8,40,bid,,,11614899
2026-07-08T03:01:31.317487,2026-07-08T03:01:31.325142+00:00,120.8,5,bid,,,11614900
2026-07-08T03:01:31.852261,2026-07-08T03:01:31.858609+00:00,120.8,5,bid,,,11614907
2026-07-08T03:01:32.921452,2026-07-08T03:01:32.929051+00:00,120.8,5,bid,,,11614923
2026-07-08T03:01:34.399598,2026-07-08T03:01:34.411153+00:00,120.9,50,bid,,,11614943
2026-07-08T03:01:35.957257,2026-07-08T03:01:35.968811+00:00,120.9,45,bid,,,11614963
2026-07-08T03:01:36.442792,2026-07-08T03:01:36.454395+00:00,120.7,5,ask,,,11614971
2026-07-08T03:01:36.442792,2026-07-08T03:01:36.454395+00:00,120.6,40,ask,,,11614972
2026-07-08T03:01:36.507117,2026-07-08T03:01:36.519455+00:00,120.9,5,bid,,,11614975
2026-07-08T03:01:36.507117,2026-07-08T03:01:36.519455+00:00,120.9,5,bid,,,11614976
2026-07-08T03:01:36.507117,2026-07-08T03:01:36.519455+00:00,121.1,40,bid,,,11614977
2026-07-08T03:01:38.431943,2026-07-08T03:01:38.441522+00:00,120.8,5,ask,,,11615006
2026-07-08T03:01:38.431943,2026-07-08T03:01:38.441522+00:00,120.7,43,ask,,,11615007
2026-07-08T03:01:38.619946,2026-07-08T03:01:38.631772+00:00,121.0,5,bid,,,11615010
2026-07-08T03:01:38.619946,2026-07-08T03:01:38.631772+00:00,121.1,45,bid,,,11615011
2026-07-08T03:01:40.452845,2026-07-08T03:01:40.464944+00:00,121.0,5,bid,,,11615039
2026-07-08T03:01:40.452845,2026-07-08T03:01:40.464944+00:00,121.1,37,bid,,,11615040
2026-07-08T03:01:40.736573,2026-07-08T03:01:40.748567+00:00,121.1,50,bid,,,11615048
2026-07-08T03:01:42.845313,2026-07-08T03:01:42.858601+00:00,121.0,5,bid,,,11615082
2026-07-08T03:01:42.845313,2026-07-08T03:01:42.858601+00:00,121.1,13,bid,,,11615083
2026-07-08T03:01:42.845313,2026-07-08T03:01:42.858601+00:00,121.3,32,bid,,,11615084
2026-07-08T03:01:43.249522,2026-07-08T03:01:43.258543+00:00,121.0,5,bid,,,11615090
2026-07-08T03:01:43.949049,2026-07-08T03:01:43.958603+00:00,121.0,46,ask,,,11615098
2026-07-08T03:01:44.100380,2026-07-08T03:01:44.110517+00:00,121.0,5,ask,,,11615101
2026-07-08T03:01:44.636289,2026-07-08T03:01:44.643582+00:00,121.0,5,ask,,,11615109
2026-07-08T03:01:44.984576,2026-07-08T03:01:45.000826+00:00,121.1,5,bid,,,11615112
2026-07-08T03:01:44.984576,2026-07-08T03:01:45.000826+00:00,121.3,45,bid,,,11615113
2026-07-08T03:01:44.990634,2026-07-08T03:01:45.000826+00:00,121.0,3,ask,,,11615114
2026-07-08T03:01:45.174202,2026-07-08T03:01:45.180778+00:00,121.0,36,ask,,,11615120
2026-07-08T03:01:45.263874,2026-07-08T03:01:45.273410+00:00,121.0,5,bid,,,11615124
2026-07-08T03:01:45.275027,2026-07-08T03:01:45.284675+00:00,121.1,11,ask,,,11615125
2026-07-08T03:01:45.713067,2026-07-08T03:01:45.720016+00:00,121.1,69,ask,,,11615132
2026-07-08T03:01:46.464094,2026-07-08T03:01:46.476055+00:00,121.1,65,ask,,,11615138
2026-07-08T03:01:47.145492,2026-07-08T03:01:47.142514+00:00,120.8,5,ask,,,11615150
2026-07-08T03:01:47.145492,2026-07-08T03:01:47.142514+00:00,120.6,45,ask,,,11615151
2026-07-08T03:01:49.396163,2026-07-08T03:01:49.406370+00:00,120.9,11,bid,,,11615186
2026-07-08T03:01:49.776524,2026-07-08T03:01:49.787229+00:00,120.9,3,bid,,,11615197
2026-07-08T03:01:49.953391,2026-07-08T03:01:49.964832+00:00,120.9,5,bid,,,11615210
2026-07-08T03:01:51.352389,2026-07-08T03:01:51.358586+00:00,120.9,50,bid,,,11615229
2026-07-08T03:01:52.251545,2026-07-08T03:01:52.258167+00:00,121.0,10,bid,,,11615242
2026-07-08T03:01:52.251545,2026-07-08T03:01:52.258167+00:00,121.1,33,bid,,,11615243
2026-07-08T03:01:53.510299,2026-07-08T03:01:53.516984+00:00,120.8,5,ask,,,11615265
2026-07-08T03:01:53.510299,2026-07-08T03:01:53.521997+00:00,120.7,45,ask,,,11615266
2026-07-08T03:01:53.777482,2026-07-08T03:01:53.789164+00:00,121.1,47,bid,,,11615268
2026-07-08T03:01:53.833469,2026-07-08T03:01:53.840494+00:00,120.8,5,ask,,,11615270
2026-07-08T03:01:53.833469,2026-07-08T03:01:53.845641+00:00,120.7,35,ask,,,11615271
2026-07-08T03:01:54.336200,2026-07-08T03:01:54.343681+00:00,121.1,45,bid,,,11615278
2026-07-08T03:01:55.535898,2026-07-08T03:01:55.544176+00:00,121.0,45,bid,,,11615299
2026-07-08T03:01:55.566818,2026-07-08T03:01:55.578334+00:00,121.0,50,bid,,,11615300
2026-07-08T03:01:55.901361,2026-07-08T03:01:55.919079+00:00,121.0,55,bid,,,11615307
2026-07-08T03:01:55.926318,2026-07-08T03:01:55.938968+00:00,121.0,3,ask,,,11615310
2026-07-08T03:01:56.428808,2026-07-08T03:01:56.440615+00:00,121.0,20,ask,,,11615316
2026-07-08T03:01:57.045306,2026-07-08T03:01:57.058550+00:00,121.0,22,ask,,,11615331
2026-07-08T03:01:57.045306,2026-07-08T03:01:57.058550+00:00,121.0,5,ask,,,11615332
2026-07-08T03:01:57.045306,2026-07-08T03:01:57.058550+00:00,120.5,14,ask,,,11615333
2026-07-08T03:01:57.662211,2026-07-08T03:01:57.702234+00:00,121.0,5,ask,,,11615348
2026-07-08T03:01:57.746233,2026-07-08T03:01:57.758128+00:00,120.5,50,ask,,,11615351
2026-07-08T03:01:58.012890,2026-07-08T03:01:58.021471+00:00,120.7,5,ask,,,11615354
2026-07-08T03:01:59.092898,2026-07-08T03:01:59.102640+00:00,120.9,42,ask,,,11615370
2026-07-08T03:01:59.507162,2026-07-08T03:01:59.518129+00:00,121.0,5,ask,,,11615378
2026-07-08T03:01:59.519544,2026-07-08T03:01:59.528699+00:00,120.9,1,ask,,,11615380
2026-07-08T03:01:59.612447,2026-07-08T03:01:59.620931+00:00,120.9,10,ask,,,11615384
2026-07-08T03:01:59.729146,2026-07-08T03:01:59.736201+00:00,120.9,44,ask,,,11615385
2026-07-08T03:01:59.854169,2026-07-08T03:01:59.865989+00:00,120.9,3,ask,,,11615386
2026-07-08T03:01:59.854169,2026-07-08T03:01:59.865989+00:00,120.7,47,ask,,,11615387
2026-07-08T03:02:00.257744,2026-07-08T03:02:00.269496+00:00,121.2,42,bid,,,11615392
2026-07-08T03:02:00.788740,2026-07-08T03:02:00.802127+00:00,120.8,5,ask,,,11615404
2026-07-08T03:02:00.788740,2026-07-08T03:02:00.802127+00:00,120.7,37,ask,,,11615405
2026-07-08T03:02:01.589073,2026-07-08T03:02:01.599517+00:00,120.8,5,ask,,,11615421
2026-07-08T03:02:01.698324,2026-07-08T03:02:01.705729+00:00,120.5,5,ask,,,11615424
2026-07-08T03:02:01.965191,2026-07-08T03:02:01.974723+00:00,120.6,5,ask,,,11615426
2026-07-08T03:02:01.965191,2026-07-08T03:02:01.974723+00:00,120.5,45,ask,,,11615427
2026-07-08T03:02:02.230505,2026-07-08T03:02:02.240458+00:00,120.5,5,ask,,,11615431
2026-07-08T03:02:02.278776,2026-07-08T03:02:02.285845+00:00,120.6,5,ask,,,11615433
2026-07-08T03:02:02.278776,2026-07-08T03:02:02.291104+00:00,120.5,95,ask,,,11615434
2026-07-08T03:02:02.926395,2026-07-08T03:02:02.936570+00:00,120.8,5,bid,,,11615451
2026-07-08T03:02:02.926395,2026-07-08T03:02:02.936570+00:00,121.0,35,bid,,,11615452
2026-07-08T03:02:04.075482,2026-07-08T03:02:04.087820+00:00,120.5,5,ask,,,11615469
2026-07-08T03:02:04.075482,2026-07-08T03:02:04.087820+00:00,120.0,45,ask,,,11615470
2026-07-08T03:02:04.311470,2026-07-08T03:02:04.324508+00:00,120.4,19,bid,,,11615471
2026-07-08T03:02:04.372437,2026-07-08T03:02:04.381936+00:00,120.4,40,bid,,,11615475
2026-07-08T03:02:04.493271,2026-07-08T03:02:04.500336+00:00,120.4,10,bid,,,11615478
2026-07-08T03:02:04.910897,2026-07-08T03:02:04.919276+00:00,120.4,40,bid,,,11615484
2026-07-08T03:02:04.923971,2026-07-08T03:02:04.935072+00:00,120.4,5,bid,,,11615485
2026-07-08T03:02:05.975255,2026-07-08T03:02:05.987686+00:00,120.4,36,bid,,,11615502
2026-07-08T03:02:05.975255,2026-07-08T03:02:05.987686+00:00,120.5,5,bid,,,11615503
2026-07-08T03:02:05.975255,2026-07-08T03:02:05.992685+00:00,120.7,6,bid,,,11615504
2026-07-08T03:02:06.187092,2026-07-08T03:02:06.199825+00:00,120.4,5,ask,,,11615511
2026-07-08T03:02:06.187092,2026-07-08T03:02:06.199825+00:00,120.2,45,ask,,,11615512
2026-07-08T03:02:08.295629,2026-07-08T03:02:08.307364+00:00,120.4,5,ask,,,11615541
2026-07-08T03:02:08.295629,2026-07-08T03:02:08.307364+00:00,120.3,45,ask,,,11615542
2026-07-08T03:02:08.562842,2026-07-08T03:02:08.572401+00:00,120.6,5,bid,,,11615546
2026-07-08T03:02:09.758740,2026-07-08T03:02:09.768217+00:00,120.6,41,bid,,,11615560
2026-07-08T03:02:10.263875,2026-07-08T03:02:10.274855+00:00,120.4,5,ask,,,11615571
2026-07-08T03:02:10.263875,2026-07-08T03:02:10.280293+00:00,120.3,43,ask,,,11615572
2026-07-08T03:02:11.272579,2026-07-08T03:02:11.284663+00:00,120.4,5,bid,,,11615585
2026-07-08T03:02:11.883324,2026-07-08T03:02:11.887766+00:00,120.2,5,ask,,,11615600
2026-07-08T03:02:11.883324,2026-07-08T03:02:11.887766+00:00,120.1,36,ask,,,11615601
2026-07-08T03:02:12.478171,2026-07-08T03:02:12.490069+00:00,120.5,5,bid,,,11615606
2026-07-08T03:02:12.478171,2026-07-08T03:02:12.490069+00:00,120.6,45,bid,,,11615607
2026-07-08T03:02:13.383163,2026-07-08T03:02:13.392155+00:00,120.3,3,ask,,,11615623
2026-07-08T03:02:14.588528,2026-07-08T03:02:14.600062+00:00,120.3,50,bid,,,11615639
2026-07-08T03:02:14.691821,2026-07-08T03:02:14.700935+00:00,120.3,3,bid,,,11615644
2026-07-08T03:02:14.884646,2026-07-08T03:02:14.891694+00:00,120.3,97,bid,,,11615648
2026-07-08T03:02:14.884646,2026-07-08T03:02:14.897008+00:00,120.3,3,bid,,,11615649
2026-07-08T03:02:15.874199,2026-07-08T03:02:15.884695+00:00,120.6,5,bid,,,11615669
2026-07-08T03:02:15.874199,2026-07-08T03:02:15.884695+00:00,120.8,36,bid,,,11615670
2026-07-08T03:02:16.719409,2026-07-08T03:02:16.731048+00:00,120.6,5,bid,,,11615680
2026-07-08T03:02:16.719409,2026-07-08T03:02:16.731048+00:00,120.8,45,bid,,,11615681
2026-07-08T03:02:16.897403,2026-07-08T03:02:16.906503+00:00,120.8,19,bid,,,11615684
2026-07-08T03:02:16.959527,2026-07-08T03:02:16.970873+00:00,120.8,14,ask,,,11615688
2026-07-08T03:02:17.188895,2026-07-08T03:02:17.197807+00:00,120.8,85,ask,,,11615690
2026-07-08T03:02:18.097641,2026-07-08T03:02:18.107326+00:00,120.8,32,ask,,,11615707
2026-07-08T03:02:18.097641,2026-07-08T03:02:18.107326+00:00,120.8,5,ask,,,11615708
2026-07-08T03:02:18.443356,2026-07-08T03:02:18.463612+00:00,120.5,5,ask,,,11615716
2026-07-08T03:02:18.443356,2026-07-08T03:02:18.463612+00:00,120.2,44,ask,,,11615717
2026-07-08T03:02:18.882137,2026-07-08T03:02:18.884369+00:00,120.4,5,ask,,,11615721
2026-07-08T03:02:18.882137,2026-07-08T03:02:18.894942+00:00,120.2,45,ask,,,11615722
2026-07-08T03:02:20.027510,2026-07-08T03:02:20.034174+00:00,120.7,48,bid,,,11615737
2026-07-08T03:02:20.991798,2026-07-08T03:02:21.000781+00:00,120.4,5,ask,,,11615751
2026-07-08T03:02:20.991798,2026-07-08T03:02:21.000781+00:00,120.2,11,ask,,,11615752
2026-07-08T03:02:20.991798,2026-07-08T03:02:21.005814+00:00,120.1,34,ask,,,11615753
2026-07-08T03:02:21.254184,2026-07-08T03:02:21.263881+00:00,120.6,11,bid,,,11615755
2026-07-08T03:02:22.158719,2026-07-08T03:02:22.168967+00:00,120.6,48,bid,,,11615767
2026-07-08T03:02:22.213808,2026-07-08T03:02:22.222122+00:00,120.5,5,ask,,,11615768
2026-07-08T03:02:22.213808,2026-07-08T03:02:22.222122+00:00,120.2,37,ask,,,11615769
2026-07-08T03:02:22.540049,2026-07-08T03:02:22.548313+00:00,120.6,5,bid,,,11615775
2026-07-08T03:02:23.122558,2026-07-08T03:02:23.135147+00:00,120.5,5,ask,,,11615785
2026-07-08T03:02:23.122558,2026-07-08T03:02:23.135147+00:00,120.3,10,ask,,,11615786
2026-07-08T03:02:23.122558,2026-07-08T03:02:23.135147+00:00,120.2,35,ask,,,11615787
2026-07-08T03:02:23.787726,2026-07-08T03:02:23.797600+00:00,120.6,5,ask,,,11615805
2026-07-08T03:02:24.251941,2026-07-08T03:02:24.263625+00:00,120.6,5,ask,,,11615809
2026-07-08T03:02:24.505646,2026-07-08T03:02:24.515285+00:00,120.6,3,bid,,,11615814
2026-07-08T03:02:24.649044,2026-07-08T03:02:24.658569+00:00,120.6,5,bid,,,11615820
2026-07-08T03:02:25.234426,2026-07-08T03:02:25.241896+00:00,120.5,5,ask,,,11615831
2026-07-08T03:02:25.234426,2026-07-08T03:02:25.246880+00:00,120.3,45,ask,,,11615832
2026-07-08T03:02:25.500718,2026-07-08T03:02:25.512332+00:00,120.6,42,bid,,,11615834
2026-07-08T03:02:25.988559,2026-07-08T03:02:26.000838+00:00,120.5,5,ask,,,11615841
2026-07-08T03:02:25.988559,2026-07-08T03:02:26.000838+00:00,120.3,44,ask,,,11615842
2026-07-08T03:02:26.439460,2026-07-08T03:02:26.450973+00:00,120.5,5,ask,,,11615849
2026-07-08T03:02:27.324391,2026-07-08T03:02:27.331656+00:00,120.5,5,bid,,,11615863
2026-07-08T03:02:27.366016,2026-07-08T03:02:27.373810+00:00,120.4,5,ask,,,11615867
2026-07-08T03:02:27.366016,2026-07-08T03:02:27.378841+00:00,120.2,10,ask,,,11615868
2026-07-08T03:02:27.366016,2026-07-08T03:02:27.378841+00:00,120.1,35,ask,,,11615869
2026-07-08T03:02:27.895462,2026-07-08T03:02:27.904925+00:00,120.5,100,bid,,,11615879
2026-07-08T03:02:28.430975,2026-07-08T03:02:28.442225+00:00,120.5,25,bid,,,11615888
2026-07-08T03:02:29.126394,2026-07-08T03:02:29.136044+00:00,120.5,3,bid,,,11615902
2026-07-08T03:02:29.287139,2026-07-08T03:02:29.297019+00:00,120.5,12,bid,,,11615907
2026-07-08T03:02:29.287139,2026-07-08T03:02:29.297019+00:00,120.5,5,bid,,,11615908
2026-07-08T03:02:29.467960,2026-07-08T03:02:29.476625+00:00,120.6,5,bid,,,11615912
2026-07-08T03:02:29.474627,2026-07-08T03:02:29.482025+00:00,120.1,10,ask,,,11615913
2026-07-08T03:02:29.474627,2026-07-08T03:02:29.487009+00:00,120.1,40,ask,,,11615914
2026-07-08T03:02:29.549186,2026-07-08T03:02:29.563903+00:00,120.6,95,bid,,,11615916
2026-07-08T03:02:29.549186,2026-07-08T03:02:29.563903+00:00,120.6,5,bid,,,11615917
2026-07-08T03:02:29.601674,2026-07-08T03:02:29.611539+00:00,120.8,43,ask,,,11615919
2026-07-08T03:02:29.617790,2026-07-08T03:02:29.627364+00:00,120.8,3,ask,,,11615920
2026-07-08T03:02:29.923736,2026-07-08T03:02:29.935203+00:00,120.8,4,ask,,,11615926
2026-07-08T03:02:30.185065,2026-07-08T03:02:30.195211+00:00,120.5,5,ask,,,11615929
2026-07-08T03:02:30.561441,2026-07-08T03:02:30.571632+00:00,120.7,5,bid,,,11615940
2026-07-08T03:02:30.561441,2026-07-08T03:02:30.571632+00:00,121.3,42,bid,,,11615941
2026-07-08T03:02:30.981076,2026-07-08T03:02:30.990776+00:00,120.5,1,ask,,,11615949
2026-07-08T03:02:33.209799,2026-07-08T03:02:33.220479+00:00,120.6,5,bid,,,11615989
2026-07-08T03:02:33.880266,2026-07-08T03:02:33.891115+00:00,120.6,100,bid,,,11615997
2026-07-08T03:02:35.112828,2026-07-08T03:02:35.124890+00:00,120.5,5,bid,,,11616012
2026-07-08T03:02:35.112828,2026-07-08T03:02:35.124890+00:00,120.6,35,bid,,,11616013
2026-07-08T03:02:35.282272,2026-07-08T03:02:35.291151+00:00,120.6,5,bid,,,11616018
2026-07-08T03:02:35.694861,2026-07-08T03:02:35.704368+00:00,120.5,3,bid,,,11616023
2026-07-08T03:02:35.801744,2026-07-08T03:02:35.808315+00:00,120.6,3,bid,,,11616025
2026-07-08T03:02:35.897130,2026-07-08T03:02:35.919311+00:00,120.6,5,bid,,,11616028
2026-07-08T03:02:35.908791,2026-07-08T03:02:35.919311+00:00,121.0,3,ask,,,11616029
2026-07-08T03:02:36.307779,2026-07-08T03:02:36.319678+00:00,121.0,20,ask,,,11616037
2026-07-08T03:02:36.569693,2026-07-08T03:02:36.581077+00:00,121.0,7,ask,,,11616048
2026-07-08T03:02:36.896314,2026-07-08T03:02:36.902939+00:00,121.0,5,ask,,,11616054
2026-07-08T03:02:37.105472,2026-07-08T03:02:37.125402+00:00,121.0,100,ask,,,11616059
2026-07-08T03:02:37.668248,2026-07-08T03:02:37.676935+00:00,121.0,3,ask,,,11616066
2026-07-08T03:02:37.900709,2026-07-08T03:02:37.908243+00:00,121.0,7,ask,,,11616074
2026-07-08T03:02:37.978202,2026-07-08T03:02:37.988131+00:00,120.8,3,bid,,,11616076
2026-07-08T03:02:39.956083,2026-07-08T03:02:39.962932+00:00,120.8,50,bid,,,11616096
2026-07-08T03:02:40.611903,2026-07-08T03:02:40.620207+00:00,120.8,13,bid,,,11616105
2026-07-08T03:02:42.064572,2026-07-08T03:02:42.076406+00:00,120.7,5,bid,,,11616130
2026-07-08T03:02:42.064572,2026-07-08T03:02:42.076406+00:00,120.8,45,bid,,,11616131
2026-07-08T03:02:42.232841,2026-07-08T03:02:42.244239+00:00,120.7,5,bid,,,11616134
2026-07-08T03:02:43.482914,2026-07-08T03:02:43.494790+00:00,120.7,41,ask,,,11616160
2026-07-08T03:02:43.756935,2026-07-08T03:02:43.768696+00:00,120.7,5,ask,,,11616166
2026-07-08T03:02:44.054342,2026-07-08T03:02:44.058579+00:00,120.8,5,bid,,,11616169
2026-07-08T03:02:44.172694,2026-07-08T03:02:44.184386+00:00,121.1,10,bid,,,11616171
2026-07-08T03:02:44.172694,2026-07-08T03:02:44.184386+00:00,121.2,40,bid,,,11616172
2026-07-08T03:02:44.698509,2026-07-08T03:02:44.710321+00:00,120.8,5,bid,,,11616180
2026-07-08T03:02:44.957476,2026-07-08T03:02:44.969333+00:00,120.9,5,bid,,,11616189
2026-07-08T03:02:46.333323,2026-07-08T03:02:46.345453+00:00,120.8,50,ask,,,11616215
2026-07-08T03:02:47.104366,2026-07-08T03:02:47.116047+00:00,120.8,47,ask,,,11616223
2026-07-08T03:02:47.502551,2026-07-08T03:02:47.513923+00:00,120.8,5,ask,,,11616229
2026-07-08T03:02:48.389842,2026-07-08T03:02:48.396687+00:00,120.9,5,bid,,,11616243
2026-07-08T03:02:49.163138,2026-07-08T03:02:49.174491+00:00,120.6,42,ask,,,11616264
2026-07-08T03:02:52.600519,2026-07-08T03:02:52.612620+00:00,120.6,5,bid,,,11616308
2026-07-08T03:02:52.600519,2026-07-08T03:02:52.612620+00:00,120.7,45,bid,,,11616309
2026-07-08T03:02:52.847044,2026-07-08T03:02:52.858559+00:00,120.7,5,bid,,,11616314
2026-07-08T03:02:54.565147,2026-07-08T03:02:54.576980+00:00,120.7,49,bid,,,11616325
2026-07-08T03:02:54.718546,2026-07-08T03:02:54.728546+00:00,120.7,50,bid,,,11616327
2026-07-08T03:02:54.962353,2026-07-08T03:02:54.974385+00:00,120.7,5,bid,,,11616329
2026-07-08T03:02:55.560891,2026-07-08T03:02:55.572778+00:00,120.7,46,ask,,,11616337
2026-07-08T03:02:56.037649,2026-07-08T03:02:56.049707+00:00,120.9,5,bid,,,11616341
2026-07-08T03:02:56.037649,2026-07-08T03:02:56.049707+00:00,121.2,37,bid,,,11616342
2026-07-08T03:02:56.659671,2026-07-08T03:02:56.669121+00:00,120.8,5,ask,,,11616356
2026-07-08T03:02:57.111338,2026-07-08T03:02:57.120813+00:00,120.7,40,ask,,,11616362
2026-07-08T03:02:57.114482,2026-07-08T03:02:57.126126+00:00,120.9,10,bid,,,11616363
2026-07-08T03:02:57.122431,2026-07-08T03:02:57.131642+00:00,120.7,10,ask,,,11616365
2026-07-08T03:02:57.665230,2026-07-08T03:02:57.676298+00:00,120.7,40,ask,,,11616377
2026-07-08T03:02:57.710549,2026-07-08T03:02:57.723029+00:00,120.7,9,ask,,,11616380
2026-07-08T03:02:57.710549,2026-07-08T03:02:57.723029+00:00,120.6,38,ask,,,11616381
2026-07-08T03:02:57.970006,2026-07-08T03:02:57.979234+00:00,120.8,5,bid,,,11616386
2026-07-08T03:02:58.426593,2026-07-08T03:02:58.435683+00:00,120.8,10,bid,,,11616396
2026-07-08T03:02:58.978343,2026-07-08T03:02:58.985181+00:00,120.7,5,ask,,,11616409
2026-07-08T03:02:58.978343,2026-07-08T03:02:58.990449+00:00,120.6,45,ask,,,11616410
2026-07-08T03:03:01.088689,2026-07-08T03:03:01.100551+00:00,120.4,5,ask,,,11616435
2026-07-08T03:03:01.088689,2026-07-08T03:03:01.100551+00:00,120.3,45,ask,,,11616436
2026-07-08T03:03:01.413492,2026-07-08T03:03:01.423702+00:00,120.4,40,bid,,,11616441
2026-07-08T03:03:01.430320,2026-07-08T03:03:01.439474+00:00,120.4,5,bid,,,11616443
2026-07-08T03:03:01.961810,2026-07-08T03:03:01.971974+00:00,120.4,40,bid,,,11616454
2026-07-08T03:03:02.521912,2026-07-08T03:03:02.528584+00:00,120.4,40,bid,,,11616468
2026-07-08T03:03:03.199372,2026-07-08T03:03:03.208807+00:00,120.2,10,ask,,,11616475
2026-07-08T03:03:03.199372,2026-07-08T03:03:03.208807+00:00,120.1,40,ask,,,11616476
2026-07-08T03:03:04.436223,2026-07-08T03:03:04.451719+00:00,120.4,3,bid,,,11616496
2026-07-08T03:03:04.497669,2026-07-08T03:03:04.509970+00:00,120.5,5,bid,,,11616498
2026-07-08T03:03:04.497669,2026-07-08T03:03:04.509970+00:00,120.6,100,bid,,,11616499
2026-07-08T03:03:05.307452,2026-07-08T03:03:05.319576+00:00,120.6,45,ask,,,11616507
2026-07-08T03:03:07.364922,2026-07-08T03:03:07.376578+00:00,120.8,5,bid,,,11616537
2026-07-08T03:03:07.364922,2026-07-08T03:03:07.376578+00:00,121.0,45,bid,,,11616538
2026-07-08T03:03:07.685968,2026-07-08T03:03:07.697731+00:00,121.0,46,bid,,,11616542
2026-07-08T03:03:07.782788,2026-07-08T03:03:07.789775+00:00,120.7,5,bid,,,11616545
2026-07-08T03:03:07.787869,2026-07-08T03:03:07.794772+00:00,120.7,5,bid,,,11616546
2026-07-08T03:03:08.720267,2026-07-08T03:03:08.732033+00:00,120.7,100,bid,,,11616559
2026-07-08T03:03:08.817102,2026-07-08T03:03:08.829068+00:00,120.7,40,bid,,,11616567
2026-07-08T03:03:08.817102,2026-07-08T03:03:08.829068+00:00,120.8,2,bid,,,11616568
2026-07-08T03:03:09.525588,2026-07-08T03:03:09.537334+00:00,120.5,2,ask,,,11616586
2026-07-08T03:03:09.525588,2026-07-08T03:03:09.537334+00:00,120.2,48,ask,,,11616587
2026-07-08T03:03:11.583760,2026-07-08T03:03:11.595290+00:00,120.6,5,bid,,,11616625
2026-07-08T03:03:13.690320,2026-07-08T03:03:13.699962+00:00,120.6,5,bid,,,11616668
2026-07-08T03:03:13.690320,2026-07-08T03:03:13.699962+00:00,120.8,45,bid,,,11616669
2026-07-08T03:03:14.028168,2026-07-08T03:03:14.039746+00:00,120.3,42,ask,,,11616671
2026-07-08T03:03:15.038369,2026-07-08T03:03:15.048924+00:00,120.3,3,ask,,,11616685
2026-07-08T03:03:15.105599,2026-07-08T03:03:15.117293+00:00,120.6,5,bid,,,11616687
2026-07-08T03:03:15.156943,2026-07-08T03:03:15.155823+00:00,120.3,10,ask,,,11616689
2026-07-08T03:03:15.575572,2026-07-08T03:03:15.587222+00:00,120.3,44,ask,,,11616694
2026-07-08T03:03:15.808028,2026-07-08T03:03:15.820080+00:00,120.4,5,bid,,,11616697
2026-07-08T03:03:16.072058,2026-07-08T03:03:16.084250+00:00,120.7,10,bid,,,11616702
2026-07-08T03:03:16.072058,2026-07-08T03:03:16.084250+00:00,120.8,32,bid,,,11616703
2026-07-08T03:03:16.556792,2026-07-08T03:03:16.568586+00:00,120.4,5,bid,,,11616709
2026-07-08T03:03:16.556792,2026-07-08T03:03:16.568586+00:00,120.8,44,bid,,,11616710
2026-07-08T03:03:16.858533,2026-07-08T03:03:16.868128+00:00,120.6,5,bid,,,11616720
2026-07-08T03:03:17.538183,2026-07-08T03:03:17.550153+00:00,120.6,5,bid,,,11616732
2026-07-08T03:03:17.914188,2026-07-08T03:03:17.927635+00:00,120.5,5,bid,,,11616736
2026-07-08T03:03:17.914188,2026-07-08T03:03:17.927635+00:00,120.8,45,bid,,,11616737
2026-07-08T03:03:20.023427,2026-07-08T03:03:20.030277+00:00,120.5,5,bid,,,11616770
2026-07-08T03:03:20.023427,2026-07-08T03:03:20.035703+00:00,120.8,45,bid,,,11616771
2026-07-08T03:03:20.166823,2026-07-08T03:03:20.178882+00:00,120.3,41,ask,,,11616775
2026-07-08T03:03:20.683217,2026-07-08T03:03:20.692454+00:00,120.4,5,bid,,,11616780
2026-07-08T03:03:20.683217,2026-07-08T03:03:20.692454+00:00,120.7,38,bid,,,11616781
2026-07-08T03:03:22.182679,2026-07-08T03:03:22.194591+00:00,120.4,5,ask,,,11616798
2026-07-08T03:03:23.501392,2026-07-08T03:03:23.510578+00:00,120.4,5,bid,,,11616811
2026-07-08T03:03:23.578392,2026-07-08T03:03:23.589888+00:00,120.4,46,ask,,,11616814
2026-07-08T03:03:25.273279,2026-07-08T03:03:25.280619+00:00,120.4,5,ask,,,11616838
2026-07-08T03:03:25.802384,2026-07-08T03:03:25.813598+00:00,120.4,5,ask,,,11616843
2026-07-08T03:03:26.248382,2026-07-08T03:03:26.257998+00:00,120.4,3,ask,,,11616846
2026-07-08T03:03:26.334410,2026-07-08T03:03:26.342855+00:00,120.4,40,ask,,,11616850
2026-07-08T03:03:26.347269,2026-07-08T03:03:26.358488+00:00,120.4,5,ask,,,11616852
2026-07-08T03:03:26.393856,2026-07-08T03:03:26.405797+00:00,120.4,41,ask,,,11616853
2026-07-08T03:03:26.393856,2026-07-08T03:03:26.405797+00:00,120.3,5,ask,,,11616854
2026-07-08T03:03:26.393856,2026-07-08T03:03:26.405797+00:00,120.2,4,ask,,,11616855
2026-07-08T03:03:26.717165,2026-07-08T03:03:26.725246+00:00,120.2,96,ask,,,11616862
2026-07-08T03:03:26.726537,2026-07-08T03:03:26.735589+00:00,120.1,3,bid,,,11616863
2026-07-08T03:03:27.935556,2026-07-08T03:03:27.947163+00:00,120.1,5,bid,,,11616886
2026-07-08T03:03:28.101592,2026-07-08T03:03:28.113796+00:00,120.0,5,ask,,,11616890
2026-07-08T03:03:28.101592,2026-07-08T03:03:28.113796+00:00,119.9,10,ask,,,11616891
2026-07-08T03:03:28.101592,2026-07-08T03:03:28.113796+00:00,119.7,33,ask,,,11616892
2026-07-08T03:03:28.522483,2026-07-08T03:03:28.535364+00:00,119.9,5,ask,,,11616895
2026-07-08T03:03:28.522483,2026-07-08T03:03:28.535364+00:00,119.7,45,ask,,,11616896
2026-07-08T03:03:30.633757,2026-07-08T03:03:30.644327+00:00,120.0,5,ask,,,11616924
2026-07-08T03:03:30.633757,2026-07-08T03:03:30.644327+00:00,119.8,45,ask,,,11616925
2026-07-08T03:03:30.938185,2026-07-08T03:03:30.948398+00:00,119.8,100,ask,,,11616929
2026-07-08T03:03:31.658705,2026-07-08T03:03:31.670223+00:00,120.3,48,bid,,,11616940
2026-07-08T03:03:32.692532,2026-07-08T03:03:32.703740+00:00,120.2,5,bid,,,11616951
2026-07-08T03:03:32.692532,2026-07-08T03:03:32.703740+00:00,120.3,45,bid,,,11616952
2026-07-08T03:03:33.662345,2026-07-08T03:03:33.674189+00:00,119.9,5,ask,,,11616961
2026-07-08T03:03:33.662345,2026-07-08T03:03:33.674189+00:00,119.6,41,ask,,,11616962
2026-07-08T03:03:34.823379,2026-07-08T03:03:34.834579+00:00,120.1,50,bid,,,11616980
2026-07-08T03:03:36.427189,2026-07-08T03:03:36.435373+00:00,120.1,5,bid,,,11617006
2026-07-08T03:03:36.929223,2026-07-08T03:03:36.941777+00:00,120.0,5,bid,,,11617013
2026-07-08T03:03:36.929223,2026-07-08T03:03:36.941777+00:00,120.1,45,bid,,,11617014
2026-07-08T03:03:36.956570,2026-07-08T03:03:36.963619+00:00,120.1,5,bid,,,11617015
2026-07-08T03:03:38.575982,2026-07-08T03:03:38.582876+00:00,120.1,5,bid,,,11617037
2026-07-08T03:03:39.045056,2026-07-08T03:03:39.056627+00:00,120.1,50,bid,,,11617041
2026-07-08T03:03:39.363401,2026-07-08T03:03:39.375146+00:00,120.1,40,bid,,,11617045
2026-07-08T03:03:41.153650,2026-07-08T03:03:41.165703+00:00,120.2,5,bid,,,11617070
2026-07-08T03:03:41.153650,2026-07-08T03:03:41.165703+00:00,120.3,45,bid,,,11617071
2026-07-08T03:03:41.771782,2026-07-08T03:03:41.778412+00:00,120.3,5,bid,,,11617083
2026-07-08T03:03:42.608794,2026-07-08T03:03:42.618423+00:00,120.2,3,ask,,,11617096
2026-07-08T03:03:42.721427,2026-07-08T03:03:42.730095+00:00,120.2,10,ask,,,11617099
2026-07-08T03:03:42.835830,2026-07-08T03:03:42.843367+00:00,120.2,40,ask,,,11617100
2026-07-08T03:03:42.846529,2026-07-08T03:03:42.853586+00:00,120.2,5,ask,,,11617102
2026-07-08T03:03:42.860622,2026-07-08T03:03:42.868982+00:00,120.2,5,ask,,,11617103
2026-07-08T03:03:43.287717,2026-07-08T03:03:43.299654+00:00,120.3,10,bid,,,11617113
2026-07-08T03:03:43.287717,2026-07-08T03:03:43.299654+00:00,120.4,40,bid,,,11617114
2026-07-08T03:03:43.380695,2026-07-08T03:03:43.388899+00:00,120.2,40,ask,,,11617119
2026-07-08T03:03:45.397344,2026-07-08T03:03:45.408953+00:00,120.4,50,bid,,,11617147
2026-07-08T03:03:45.720901,2026-07-08T03:03:45.730510+00:00,120.2,5,ask,,,11617151
2026-07-08T03:03:45.988747,2026-07-08T03:03:46.000546+00:00,119.9,48,ask,,,11617155
2026-07-08T03:03:47.101076,2026-07-08T03:03:47.107963+00:00,120.2,5,bid,,,11617173
2026-07-08T03:03:47.200014,2026-07-08T03:03:47.211809+00:00,120.2,49,bid,,,11617174
2026-07-08T03:03:47.504814,2026-07-08T03:03:47.511326+00:00,120.2,50,bid,,,11617181
2026-07-08T03:03:47.699387,2026-07-08T03:03:47.711093+00:00,120.1,42,ask,,,11617183
2026-07-08T03:03:47.864995,2026-07-08T03:03:47.909711+00:00,120.2,3,bid,,,11617187
2026-07-08T03:03:47.975939,2026-07-08T03:03:47.987762+00:00,120.2,10,bid,,,11617190
2026-07-08T03:03:48.151929,2026-07-08T03:03:48.154268+00:00,120.2,5,bid,,,11617194
2026-07-08T03:03:48.831294,2026-07-08T03:03:48.843164+00:00,120.3,5,bid,,,11617208
2026-07-08T03:03:49.264735,2026-07-08T03:03:49.274691+00:00,120.3,3,ask,,,11617216
2026-07-08T03:03:49.611986,2026-07-08T03:03:49.618628+00:00,120.4,5,bid,,,11617219
2026-07-08T03:03:49.611986,2026-07-08T03:03:49.618628+00:00,120.5,10,bid,,,11617220
2026-07-08T03:03:49.611986,2026-07-08T03:03:49.618628+00:00,120.6,35,bid,,,11617221
2026-07-08T03:03:50.241734,2026-07-08T03:03:50.264049+00:00,120.6,10,bid,,,11617234
2026-07-08T03:03:50.241734,2026-07-08T03:03:50.264049+00:00,120.6,35,bid,,,11617235
2026-07-08T03:03:50.495165,2026-07-08T03:03:50.504964+00:00,120.3,11,ask,,,11617241
2026-07-08T03:03:53.825499,2026-07-08T03:03:53.827680+00:00,120.4,50,bid,,,11617293
2026-07-08T03:03:55.983552,2026-07-08T03:03:55.995199+00:00,120.2,5,ask,,,11617320
2026-07-08T03:03:55.983552,2026-07-08T03:03:55.995199+00:00,120.1,45,ask,,,11617321
2026-07-08T03:03:56.484411,2026-07-08T03:03:56.491158+00:00,120.1,5,ask,,,11617324
2026-07-08T03:04:00.195085,2026-07-08T03:04:00.205771+00:00,120.2,5,ask,,,11617381
2026-07-08T03:04:00.195085,2026-07-08T03:04:00.205771+00:00,120.1,45,ask,,,11617382
2026-07-08T03:04:00.639917,2026-07-08T03:04:00.651358+00:00,120.1,5,ask,,,11617386
2026-07-08T03:04:02.304048,2026-07-08T03:04:02.315732+00:00,120.2,5,ask,,,11617404
2026-07-08T03:04:02.304048,2026-07-08T03:04:02.315732+00:00,120.1,45,ask,,,11617405
2026-07-08T03:04:04.046682,2026-07-08T03:04:04.053197+00:00,120.3,46,bid,,,11617432
2026-07-08T03:04:04.412671,2026-07-08T03:04:04.419676+00:00,120.1,5,ask,,,11617437
2026-07-08T03:04:04.412671,2026-07-08T03:04:04.424917+00:00,119.9,45,ask,,,11617438
2026-07-08T03:04:05.000633,2026-07-08T03:04:05.009722+00:00,120.2,11,bid,,,11617455
2026-07-08T03:04:05.017195,2026-07-08T03:04:05.030221+00:00,120.2,10,bid,,,11617457
2026-07-08T03:04:05.399675,2026-07-08T03:04:05.410365+00:00,120.2,5,bid,,,11617467
2026-07-08T03:04:06.520846,2026-07-08T03:04:06.532838+00:00,120.1,5,ask,,,11617483
2026-07-08T03:04:06.520846,2026-07-08T03:04:06.532838+00:00,120.0,45,ask,,,11617484
2026-07-08T03:04:07.056381,2026-07-08T03:04:07.058577+00:00,120.1,5,ask,,,11617495
2026-07-08T03:04:07.056381,2026-07-08T03:04:07.070800+00:00,120.0,42,ask,,,11617496
2026-07-08T03:04:08.630838,2026-07-08T03:04:08.643539+00:00,120.1,5,ask,,,11617523
2026-07-08T03:04:08.630838,2026-07-08T03:04:08.643539+00:00,120.0,13,ask,,,11617524
2026-07-08T03:04:08.630838,2026-07-08T03:04:08.643539+00:00,119.8,32,ask,,,11617525
2026-07-08T03:04:10.726132,2026-07-08T03:04:10.737343+00:00,120.0,5,ask,,,11617556
2026-07-08T03:04:10.726132,2026-07-08T03:04:10.737343+00:00,119.8,44,ask,,,11617557
2026-07-08T03:04:10.741516,2026-07-08T03:04:10.758602+00:00,119.8,50,ask,,,11617558
2026-07-08T03:04:11.034082,2026-07-08T03:04:11.041540+00:00,120.0,5,ask,,,11617564
2026-07-08T03:04:11.049070,2026-07-08T03:04:11.058435+00:00,119.8,3,bid,,,11617566
2026-07-08T03:04:11.292825,2026-07-08T03:04:11.299998+00:00,119.8,100,bid,,,11617569
2026-07-08T03:04:11.559673,2026-07-08T03:04:11.568621+00:00,119.8,3,bid,,,11617572
2026-07-08T03:04:11.653498,2026-07-08T03:04:11.665173+00:00,119.8,20,bid,,,11617577
2026-07-08T03:04:11.716198,2026-07-08T03:04:11.727823+00:00,119.8,19,bid,,,11617579
2026-07-08T03:04:11.716198,2026-07-08T03:04:11.727823+00:00,120.0,5,bid,,,11617580
2026-07-08T03:04:11.716198,2026-07-08T03:04:11.727823+00:00,120.1,25,bid,,,11617581
2026-07-08T03:04:11.826479,2026-07-08T03:04:11.835231+00:00,120.1,10,bid,,,11617583
2026-07-08T03:04:12.376186,2026-07-08T03:04:12.386740+00:00,120.0,3,ask,,,11617595
2026-07-08T03:04:14.961537,2026-07-08T03:04:14.968209+00:00,120.0,50,ask,,,11617636
2026-07-08T03:04:15.381921,2026-07-08T03:04:15.393986+00:00,120.0,40,ask,,,11617647
2026-07-08T03:04:15.938666,2026-07-08T03:04:15.950266+00:00,120.3,41,bid,,,11617657
2026-07-08T03:04:16.558220,2026-07-08T03:04:16.569981+00:00,120.1,5,ask,,,11617669
2026-07-08T03:04:16.558220,2026-07-08T03:04:16.569981+00:00,120.0,37,ask,,,11617670
2026-07-08T03:04:17.069046,2026-07-08T03:04:17.078422+00:00,120.0,23,ask,,,11617674
2026-07-08T03:04:17.069046,2026-07-08T03:04:17.078422+00:00,119.9,5,ask,,,11617675
2026-07-08T03:04:17.069046,2026-07-08T03:04:17.083721+00:00,119.8,22,ask,,,11617676
2026-07-08T03:04:17.654798,2026-07-08T03:04:17.664395+00:00,120.0,42,bid,,,11617688
2026-07-08T03:04:18.332263,2026-07-08T03:04:18.343894+00:00,120.0,100,bid,,,11617700
2026-07-08T03:04:19.179939,2026-07-08T03:04:19.193178+00:00,119.5,50,ask,,,11617714
2026-07-08T03:04:21.235835,2026-07-08T03:04:21.247786+00:00,120.2,5,bid,,,11617741
2026-07-08T03:04:21.235835,2026-07-08T03:04:21.247786+00:00,120.3,45,bid,,,11617742
2026-07-08T03:04:23.347291,2026-07-08T03:04:23.358549+00:00,120.1,5,bid,,,11617778
2026-07-08T03:04:23.347291,2026-07-08T03:04:23.358549+00:00,120.2,45,bid,,,11617779
2026-07-08T03:04:23.533629,2026-07-08T03:04:23.540531+00:00,120.2,5,bid,,,11617782
2026-07-08T03:04:23.630223,2026-07-08T03:04:23.639836+00:00,120.1,5,bid,,,11617784
2026-07-08T03:04:24.068636,2026-07-08T03:04:24.075895+00:00,120.2,43,bid,,,11617791
2026-07-08T03:04:24.076376,2026-07-08T03:04:24.086472+00:00,120.2,5,bid,,,11617792
2026-07-08T03:04:24.655215,2026-07-08T03:04:24.667070+00:00,120.2,5,bid,,,11617799
2026-07-08T03:04:24.655215,2026-07-08T03:04:24.667070+00:00,120.6,36,bid,,,11617800
2026-07-08T03:04:24.837941,2026-07-08T03:04:24.849837+00:00,120.1,20,ask,,,11617803
2026-07-08T03:04:25.263788,2026-07-08T03:04:25.275649+00:00,120.1,47,ask,,,11617808
2026-07-08T03:04:25.509088,2026-07-08T03:04:25.520963+00:00,120.1,50,ask,,,11617812
2026-07-08T03:04:25.846862,2026-07-08T03:04:25.854896+00:00,120.2,5,bid,,,11617816
2026-07-08T03:04:25.846862,2026-07-08T03:04:25.854896+00:00,120.5,40,bid,,,11617817
2026-07-08T03:04:27.459585,2026-07-08T03:04:27.471568+00:00,120.1,5,bid,,,11617841
2026-07-08T03:04:27.565356,2026-07-08T03:04:27.577360+00:00,120.2,50,bid,,,11617842
2026-07-08T03:04:27.802347,2026-07-08T03:04:27.810662+00:00,120.2,5,bid,,,11617843
2026-07-08T03:04:29.676220,2026-07-08T03:04:29.685289+00:00,120.2,50,bid,,,11617865
2026-07-08T03:04:29.939531,2026-07-08T03:04:29.954866+00:00,120.1,3,ask,,,11617870
2026-07-08T03:04:29.971545,2026-07-08T03:04:29.982662+00:00,120.2,11,ask,,,11617873
2026-07-08T03:04:30.449555,2026-07-08T03:04:30.458559+00:00,120.2,100,ask,,,11617885
2026-07-08T03:04:30.459050,2026-07-08T03:04:30.470402+00:00,120.2,5,ask,,,11617887
2026-07-08T03:04:30.988905,2026-07-08T03:04:30.996703+00:00,120.2,34,ask,,,11617897
2026-07-08T03:04:31.244503,2026-07-08T03:04:31.254093+00:00,120.2,5,bid,,,11617902
2026-07-08T03:04:31.244503,2026-07-08T03:04:31.254093+00:00,120.2,6,bid,,,11617903
2026-07-08T03:04:31.526683,2026-07-08T03:04:31.536633+00:00,120.2,10,bid,,,11617906
2026-07-08T03:04:32.570951,2026-07-08T03:04:32.582434+00:00,120.2,3,bid,,,11617922
2026-07-08T03:04:32.629297,2026-07-08T03:04:32.636358+00:00,120.2,5,bid,,,11617924
2026-07-08T03:04:33.698227,2026-07-08T03:04:33.709712+00:00,120.1,40,bid,,,11617940
2026-07-08T03:04:33.914539,2026-07-08T03:04:33.925568+00:00,120.1,50,bid,,,11617941
2026-07-08T03:04:34.156845,2026-07-08T03:04:34.168789+00:00,120.1,60,bid,,,11617944
2026-07-08T03:04:35.884047,2026-07-08T03:04:35.892628+00:00,120.2,5,ask,,,11617965
2026-07-08T03:04:35.884047,2026-07-08T03:04:35.892628+00:00,120.1,35,ask,,,11617966
2026-07-08T03:04:36.032201,2026-07-08T03:04:36.044597+00:00,120.4,5,bid,,,11617967
2026-07-08T03:04:36.032201,2026-07-08T03:04:36.044597+00:00,120.6,45,bid,,,11617968
2026-07-08T03:04:37.730493,2026-07-08T03:04:37.742441+00:00,120.4,5,bid,,,11617988
2026-07-08T03:04:38.144542,2026-07-08T03:04:38.146984+00:00,120.4,5,bid,,,11617991
2026-07-08T03:04:38.144542,2026-07-08T03:04:38.146984+00:00,120.5,45,bid,,,11617992
2026-07-08T03:04:40.253332,2026-07-08T03:04:40.264967+00:00,120.4,5,bid,,,11618023
2026-07-08T03:04:40.253332,2026-07-08T03:04:40.264967+00:00,120.5,45,bid,,,11618024
2026-07-08T03:04:41.389994,2026-07-08T03:04:41.401849+00:00,120.3,43,ask,,,11618038
2026-07-08T03:04:41.646692,2026-07-08T03:04:41.654226+00:00,120.3,5,ask,,,11618040
2026-07-08T03:04:42.432823,2026-07-08T03:04:42.443630+00:00,120.3,50,ask,,,11618055
2026-07-08T03:04:44.072858,2026-07-08T03:04:44.084082+00:00,120.4,5,ask,,,11618071
2026-07-08T03:04:44.072858,2026-07-08T03:04:44.084082+00:00,120.3,39,ask,,,11618072
2026-07-08T03:04:46.591324,2026-07-08T03:04:46.603309+00:00,120.5,5,bid,,,11618103
2026-07-08T03:04:46.591324,2026-07-08T03:04:46.603309+00:00,120.7,45,bid,,,11618104
2026-07-08T03:04:47.285719,2026-07-08T03:04:47.298011+00:00,120.5,5,bid,,,11618117
2026-07-08T03:04:47.285719,2026-07-08T03:04:47.298011+00:00,120.7,37,bid,,,11618118
2026-07-08T03:04:48.323789,2026-07-08T03:04:48.333032+00:00,120.4,3,ask,,,11618137
2026-07-08T03:04:48.553539,2026-07-08T03:04:48.558585+00:00,120.2,8,ask,,,11618139
2026-07-08T03:04:50.248124,2026-07-08T03:04:50.258609+00:00,120.3,5,bid,,,11618162
2026-07-08T03:04:50.248124,2026-07-08T03:04:50.258609+00:00,120.4,10,bid,,,11618163
2026-07-08T03:04:50.248124,2026-07-08T03:04:50.258609+00:00,120.5,26,bid,,,11618164
2026-07-08T03:04:50.307917,2026-07-08T03:04:50.324174+00:00,120.1,48,ask,,,11618169
2026-07-08T03:04:50.807694,2026-07-08T03:04:50.814913+00:00,120.3,5,bid,,,11618175
2026-07-08T03:04:50.807694,2026-07-08T03:04:50.819905+00:00,120.5,45,bid,,,11618176
2026-07-08T03:04:51.782073,2026-07-08T03:04:51.789801+00:00,120.1,5,ask,,,11618197
2026-07-08T03:04:52.154914,2026-07-08T03:04:52.158633+00:00,120.2,5,ask,,,11618203
2026-07-08T03:04:52.418728,2026-07-08T03:04:52.430417+00:00,120.2,47,bid,,,11618208
2026-07-08T03:04:52.920827,2026-07-08T03:04:52.932250+00:00,120.2,50,bid,,,11618213
2026-07-08T03:04:53.036622,2026-07-08T03:04:53.048378+00:00,120.2,46,bid,,,11618218
2026-07-08T03:04:53.170835,2026-07-08T03:04:53.183184+00:00,120.2,2,bid,,,11618219
2026-07-08T03:04:53.170835,2026-07-08T03:04:53.183184+00:00,120.2,5,bid,,,11618220
2026-07-08T03:04:55.276476,2026-07-08T03:04:55.286632+00:00,120.4,11,ask,,,11618247
2026-07-08T03:04:55.478364,2026-07-08T03:04:55.487494+00:00,120.4,46,ask,,,11618252
2026-07-08T03:04:55.721197,2026-07-08T03:04:55.732788+00:00,120.4,42,ask,,,11618256
2026-07-08T03:04:57.194827,2026-07-08T03:04:57.206188+00:00,120.4,50,ask,,,11618273
2026-07-08T03:04:59.300920,2026-07-08T03:04:59.307808+00:00,120.3,50,ask,,,11618295
2026-07-08T03:05:01.360054,2026-07-08T03:05:01.369648+00:00,120.5,50,bid,,,11618331
2026-07-08T03:05:01.488370,2026-07-08T03:05:01.498219+00:00,120.5,11,bid,,,11618334
2026-07-08T03:05:03.517442,2026-07-08T03:05:03.532565+00:00,120.6,5,ask,,,11618364
2026-07-08T03:05:03.517442,2026-07-08T03:05:03.532565+00:00,120.4,45,ask,,,11618365
2026-07-08T03:05:05.452661,2026-07-08T03:05:05.458565+00:00,120.6,5,ask,,,11618395
2026-07-08T03:05:05.452661,2026-07-08T03:05:05.458565+00:00,120.4,39,ask,,,11618396
2026-07-08T03:05:05.624403,2026-07-08T03:05:05.636385+00:00,120.4,50,ask,,,11618400
2026-07-08T03:05:06.082233,2026-07-08T03:05:06.094443+00:00,120.6,5,ask,,,11618403
2026-07-08T03:05:07.142651,2026-07-08T03:05:07.163957+00:00,120.5,5,ask,,,11618415
2026-07-08T03:05:07.735926,2026-07-08T03:05:07.748091+00:00,120.5,5,ask,,,11618428
2026-07-08T03:05:07.735926,2026-07-08T03:05:07.748091+00:00,120.3,45,ask,,,11618429
2026-07-08T03:05:08.828249,2026-07-08T03:05:08.839949+00:00,120.5,41,bid,,,11618446
2026-07-08T03:05:09.370636,2026-07-08T03:05:09.380359+00:00,120.5,3,bid,,,11618455
2026-07-08T03:05:09.523016,2026-07-08T03:05:09.534734+00:00,120.5,10,bid,,,11618457
2026-07-08T03:05:09.710347,2026-07-08T03:05:09.720916+00:00,120.5,5,bid,,,11618459
2026-07-08T03:05:09.846269,2026-07-08T03:05:09.858219+00:00,120.4,5,ask,,,11618465
2026-07-08T03:05:09.846269,2026-07-08T03:05:09.858219+00:00,120.0,45,ask,,,11618466
2026-07-08T03:05:10.310682,2026-07-08T03:05:10.322536+00:00,120.5,40,bid,,,11618476
2026-07-08T03:05:10.789313,2026-07-08T03:05:10.805246+00:00,120.5,51,bid,,,11618485
2026-07-08T03:05:10.789313,2026-07-08T03:05:10.805246+00:00,120.5,49,bid,,,11618486
2026-07-08T03:05:11.142500,2026-07-08T03:05:11.158899+00:00,120.5,51,bid,,,11618487
2026-07-08T03:05:11.142500,2026-07-08T03:05:11.158899+00:00,120.6,5,bid,,,11618488
2026-07-08T03:05:11.854066,2026-07-08T03:05:11.858585+00:00,120.7,5,ask,,,11618502
2026-07-08T03:05:11.996262,2026-07-08T03:05:12.005559+00:00,120.7,3,ask,,,11618506
2026-07-08T03:05:12.381774,2026-07-08T03:05:12.392614+00:00,120.7,40,ask,,,11618515
2026-07-08T03:05:12.395849,2026-07-08T03:05:12.402790+00:00,120.7,5,ask,,,11618517
2026-07-08T03:05:13.959637,2026-07-08T03:05:13.971504+00:00,120.5,5,ask,,,11618546
2026-07-08T03:05:13.959637,2026-07-08T03:05:13.971504+00:00,120.4,43,ask,,,11618547
2026-07-08T03:05:14.061793,2026-07-08T03:05:14.073749+00:00,120.5,5,ask,,,11618553
2026-07-08T03:05:14.061793,2026-07-08T03:05:14.073749+00:00,120.4,45,ask,,,11618554
2026-07-08T03:05:14.357186,2026-07-08T03:05:14.364229+00:00,120.4,11,ask,,,11618560
2026-07-08T03:05:14.371822,2026-07-08T03:05:14.381159+00:00,120.3,3,bid,,,11618561
2026-07-08T03:05:14.521922,2026-07-08T03:05:14.533100+00:00,120.3,40,bid,,,11618566
2026-07-08T03:05:15.062544,2026-07-08T03:05:15.070233+00:00,120.3,60,bid,,,11618575
2026-07-08T03:05:15.099468,2026-07-08T03:05:15.107001+00:00,120.3,5,bid,,,11618576
2026-07-08T03:05:15.327565,2026-07-08T03:05:15.339295+00:00,120.3,31,bid,,,11618581
2026-07-08T03:05:16.120391,2026-07-08T03:05:16.132906+00:00,120.6,5,bid,,,11618596
2026-07-08T03:05:16.120391,2026-07-08T03:05:16.132906+00:00,120.8,45,bid,,,11618597
2026-07-08T03:05:16.190769,2026-07-08T03:05:16.202673+00:00,120.6,5,bid,,,11618598
2026-07-08T03:05:16.190769,2026-07-08T03:05:16.202673+00:00,120.8,39,bid,,,11618599
2026-07-08T03:05:17.193449,2026-07-08T03:05:17.201549+00:00,120.4,5,bid,,,11618612
2026-07-08T03:05:17.248010,2026-07-08T03:05:17.255952+00:00,120.3,42,ask,,,11618614
2026-07-08T03:05:18.291892,2026-07-08T03:05:18.299223+00:00,120.5,50,ask,,,11618630
2026-07-08T03:05:19.016002,2026-07-08T03:05:19.027973+00:00,120.6,47,bid,,,11618640
2026-07-08T03:05:19.324737,2026-07-08T03:05:19.334134+00:00,120.5,5,ask,,,11618649
2026-07-08T03:05:19.613596,2026-07-08T03:05:19.625561+00:00,120.6,42,bid,,,11618654
2026-07-08T03:05:20.347758,2026-07-08T03:05:20.358546+00:00,120.6,11,bid,,,11618665
2026-07-08T03:05:20.347758,2026-07-08T03:05:20.358546+00:00,120.6,5,bid,,,11618666
2026-07-08T03:05:20.347758,2026-07-08T03:05:20.358546+00:00,121.0,34,bid,,,11618667
2026-07-08T03:05:21.876871,2026-07-08T03:05:21.884272+00:00,120.5,41,ask,,,11618685
2026-07-08T03:05:22.361778,2026-07-08T03:05:22.374357+00:00,120.6,5,bid,,,11618691
2026-07-08T03:05:22.461309,2026-07-08T03:05:22.472990+00:00,120.9,50,bid,,,11618693
2026-07-08T03:05:23.794586,2026-07-08T03:05:23.804930+00:00,120.6,5,bid,,,11618708
2026-07-08T03:05:23.806665,2026-07-08T03:05:23.816532+00:00,120.7,3,ask,,,11618709
2026-07-08T03:05:24.105850,2026-07-08T03:05:24.115864+00:00,120.7,40,ask,,,11618716
2026-07-08T03:05:24.445507,2026-07-08T03:05:24.452022+00:00,120.8,5,bid,,,11618725
2026-07-08T03:05:24.622619,2026-07-08T03:05:24.634459+00:00,120.7,50,ask,,,11618726
2026-07-08T03:05:24.645175,2026-07-08T03:05:24.653922+00:00,120.7,40,ask,,,11618727
2026-07-08T03:05:25.895530,2026-07-08T03:05:25.907396+00:00,120.8,5,bid,,,11618751
2026-07-08T03:05:26.488415,2026-07-08T03:05:26.500027+00:00,120.8,5,bid,,,11618765
2026-07-08T03:05:26.679715,2026-07-08T03:05:26.689635+00:00,120.9,50,bid,,,11618768
2026-07-08T03:05:27.629417,2026-07-08T03:05:27.641325+00:00,120.7,49,bid,,,11618777
2026-07-08T03:05:27.999994,2026-07-08T03:05:28.011662+00:00,120.7,100,bid,,,11618782
2026-07-08T03:05:28.440369,2026-07-08T03:05:28.450237+00:00,120.6,3,bid,,,11618790
2026-07-08T03:05:28.816338,2026-07-08T03:05:28.828013+00:00,120.6,2,bid,,,11618797
2026-07-08T03:05:28.816338,2026-07-08T03:05:28.828013+00:00,120.7,1,bid,,,11618798
2026-07-08T03:05:28.816338,2026-07-08T03:05:28.828013+00:00,121.2,47,bid,,,11618799
2026-07-08T03:05:30.122619,2026-07-08T03:05:30.132041+00:00,120.9,5,bid,,,11618825
2026-07-08T03:05:30.133299,2026-07-08T03:05:30.144319+00:00,121.1,3,ask,,,11618826
2026-07-08T03:05:30.375564,2026-07-08T03:05:30.387363+00:00,121.2,3,bid,,,11618835
2026-07-08T03:05:30.525091,2026-07-08T03:05:30.533596+00:00,121.2,10,bid,,,11618838
2026-07-08T03:05:30.926703,2026-07-08T03:05:30.938452+00:00,121.2,40,bid,,,11618842
2026-07-08T03:05:30.926703,2026-07-08T03:05:30.938452+00:00,121.3,5,bid,,,11618843
2026-07-08T03:05:30.926703,2026-07-08T03:05:30.938452+00:00,121.6,5,bid,,,11618844
2026-07-08T03:05:32.207282,2026-07-08T03:05:32.216496+00:00,121.3,3,ask,,,11618866
2026-07-08T03:05:32.449034,2026-07-08T03:05:32.458551+00:00,121.3,45,ask,,,11618873
2026-07-08T03:05:32.655832,2026-07-08T03:05:32.658539+00:00,121.3,52,ask,,,11618878
2026-07-08T03:05:33.040359,2026-07-08T03:05:33.047700+00:00,121.5,10,bid,,,11618888
2026-07-08T03:05:33.040359,2026-07-08T03:05:33.052947+00:00,121.6,40,bid,,,11618889
2026-07-08T03:05:33.303467,2026-07-08T03:05:33.325932+00:00,121.5,10,bid,,,11618897
2026-07-08T03:05:33.303467,2026-07-08T03:05:33.325932+00:00,121.6,5,bid,,,11618898
2026-07-08T03:05:33.327213,2026-07-08T03:05:33.339048+00:00,121.6,5,ask,,,11618899
2026-07-08T03:05:33.738620,2026-07-08T03:05:33.747901+00:00,121.6,8,ask,,,11618909
2026-07-08T03:05:34.272638,2026-07-08T03:05:34.274118+00:00,121.6,43,ask,,,11618916
2026-07-08T03:05:34.337342,2026-07-08T03:05:34.348158+00:00,121.6,6,ask,,,11618917
2026-07-08T03:05:34.375800,2026-07-08T03:05:34.387284+00:00,121.6,73,ask,,,11618919
2026-07-08T03:05:34.375800,2026-07-08T03:05:34.387284+00:00,121.6,5,ask,,,11618920
2026-07-08T03:05:35.148141,2026-07-08T03:05:35.158609+00:00,121.6,22,bid,,,11618929
2026-07-08T03:05:35.148141,2026-07-08T03:05:35.158609+00:00,121.6,5,bid,,,11618930
2026-07-08T03:05:35.148141,2026-07-08T03:05:35.158609+00:00,122.1,23,bid,,,11618931
2026-07-08T03:05:37.258327,2026-07-08T03:05:37.270005+00:00,121.6,50,bid,,,11618963
2026-07-08T03:05:37.789898,2026-07-08T03:05:37.801889+00:00,121.3,5,ask,,,11618972
2026-07-08T03:05:37.789898,2026-07-08T03:05:37.801889+00:00,121.3,35,ask,,,11618973
2026-07-08T03:05:37.935277,2026-07-08T03:05:37.945266+00:00,121.3,5,ask,,,11618977
2026-07-08T03:05:39.364681,2026-07-08T03:05:39.376191+00:00,121.6,50,bid,,,11618990
2026-07-08T03:05:39.823962,2026-07-08T03:05:39.835702+00:00,121.8,49,bid,,,11618995
2026-07-08T03:05:39.879465,2026-07-08T03:05:39.891397+00:00,121.4,43,ask,,,11618996
2026-07-08T03:05:40.965744,2026-07-08T03:05:40.977806+00:00,121.7,42,bid,,,11619011
2026-07-08T03:05:41.021356,2026-07-08T03:05:41.033482+00:00,121.4,49,ask,,,11619012
2026-07-08T03:05:41.472772,2026-07-08T03:05:41.484322+00:00,121.7,50,bid,,,11619015
2026-07-08T03:05:41.660099,2026-07-08T03:05:41.672205+00:00,121.4,48,ask,,,11619016
2026-07-08T03:05:42.347856,2026-07-08T03:05:42.364798+00:00,121.4,10,ask,,,11619022
2026-07-08T03:05:42.347856,2026-07-08T03:05:42.364798+00:00,121.4,2,ask,,,11619023
2026-07-08T03:05:42.618816,2026-07-08T03:05:42.628158+00:00,121.2,2,ask,,,11619028
2026-07-08T03:05:42.781883,2026-07-08T03:05:42.790329+00:00,121.7,8,bid,,,11619031
2026-07-08T03:05:42.781883,2026-07-08T03:05:42.790329+00:00,121.8,10,bid,,,11619032
2026-07-08T03:05:42.849996,2026-07-08T03:05:42.858635+00:00,121.2,98,ask,,,11619035
2026-07-08T03:05:42.849996,2026-07-08T03:05:42.858635+00:00,121.2,5,ask,,,11619036
2026-07-08T03:05:42.870649,2026-07-08T03:05:42.879281+00:00,121.1,23,bid,,,11619038
2026-07-08T03:05:43.162445,2026-07-08T03:05:43.168920+00:00,121.1,10,bid,,,11619048
2026-07-08T03:05:43.192639,2026-07-08T03:05:43.204500+00:00,120.8,5,ask,,,11619050
2026-07-08T03:05:43.192639,2026-07-08T03:05:43.204500+00:00,120.6,5,ask,,,11619051
2026-07-08T03:05:43.559007,2026-07-08T03:05:43.573956+00:00,121.1,5,bid,,,11619059
2026-07-08T03:05:43.580206,2026-07-08T03:05:43.589888+00:00,121.1,9,bid,,,11619062
2026-07-08T03:05:43.580206,2026-07-08T03:05:43.589888+00:00,121.1,5,bid,,,11619063
2026-07-08T03:05:44.567143,2026-07-08T03:05:44.578987+00:00,121.6,47,bid,,,11619075
2026-07-08T03:05:45.687879,2026-07-08T03:05:45.696562+00:00,121.6,50,bid,,,11619092
2026-07-08T03:05:46.025025,2026-07-08T03:05:46.036883+00:00,121.2,5,ask,,,11619093
2026-07-08T03:05:46.025025,2026-07-08T03:05:46.036883+00:00,121.2,43,ask,,,11619094
2026-07-08T03:05:46.595277,2026-07-08T03:05:46.604594+00:00,121.4,5,ask,,,11619103
2026-07-08T03:05:46.782882,2026-07-08T03:05:46.792574+00:00,121.2,5,ask,,,11619109
2026-07-08T03:05:46.996076,2026-07-08T03:05:47.005805+00:00,121.4,6,ask,,,11619112
2026-07-08T03:05:47.314002,2026-07-08T03:05:47.320820+00:00,121.4,5,ask,,,11619120
2026-07-08T03:05:47.459615,2026-07-08T03:05:47.469749+00:00,121.4,23,ask,,,11619123
2026-07-08T03:05:47.803756,2026-07-08T03:05:47.823118+00:00,121.7,50,bid,,,11619127
2026-07-08T03:05:47.822266,2026-07-08T03:05:47.833567+00:00,121.4,20,ask,,,11619129
2026-07-08T03:05:48.176957,2026-07-08T03:05:48.188483+00:00,121.4,20,ask,,,11619133
2026-07-08T03:05:48.521122,2026-07-08T03:05:48.532650+00:00,121.4,9,ask,,,11619141
2026-07-08T03:05:48.861547,2026-07-08T03:05:48.873450+00:00,121.4,3,ask,,,11619142
2026-07-08T03:05:48.895335,2026-07-08T03:05:48.902125+00:00,121.7,3,bid,,,11619143
2026-07-08T03:05:49.452805,2026-07-08T03:05:49.464484+00:00,121.4,3,ask,,,11619154
2026-07-08T03:05:49.730226,2026-07-08T03:05:49.741723+00:00,121.4,1,ask,,,11619160
2026-07-08T03:05:49.961628,2026-07-08T03:05:49.973677+00:00,121.4,10,ask,,,11619161
2026-07-08T03:05:49.961628,2026-07-08T03:05:49.973677+00:00,121.2,40,ask,,,11619162
2026-07-08T03:05:50.498631,2026-07-08T03:05:50.509160+00:00,121.4,40,bid,,,11619170
2026-07-08T03:05:51.078390,2026-07-08T03:05:51.090415+00:00,121.2,44,ask,,,11619178
2026-07-08T03:05:52.098547,2026-07-08T03:05:52.105790+00:00,121.2,50,ask,,,11619193
2026-07-08T03:05:52.337611,2026-07-08T03:05:52.345090+00:00,121.1,5,ask,,,11619196
2026-07-08T03:05:52.351409,2026-07-08T03:05:52.363889+00:00,121.0,23,bid,,,11619197
2026-07-08T03:05:52.381747,2026-07-08T03:05:52.393580+00:00,121.0,20,bid,,,11619199
2026-07-08T03:05:52.499276,2026-07-08T03:05:52.509616+00:00,120.9,5,ask,,,11619201
2026-07-08T03:05:52.646919,2026-07-08T03:05:52.653661+00:00,121.0,20,bid,,,11619202
2026-07-08T03:05:52.703757,2026-07-08T03:05:52.714040+00:00,121.0,11,bid,,,11619206
2026-07-08T03:05:52.919251,2026-07-08T03:05:52.931132+00:00,121.0,13,bid,,,11619213
2026-07-08T03:05:53.020511,2026-07-08T03:05:53.027441+00:00,121.0,5,bid,,,11619215
2026-07-08T03:05:53.034066,2026-07-08T03:05:53.042994+00:00,121.0,5,bid,,,11619216
2026-07-08T03:05:53.324454,2026-07-08T03:05:53.330861+00:00,121.0,48,bid,,,11619221
2026-07-08T03:05:53.556672,2026-07-08T03:05:53.564051+00:00,121.1,5,ask,,,11619224
2026-07-08T03:05:54.020692,2026-07-08T03:05:54.029677+00:00,121.2,5,ask,,,11619231
2026-07-08T03:05:54.030786,2026-07-08T03:05:54.039980+00:00,121.1,6,ask,,,11619233
2026-07-08T03:05:54.089102,2026-07-08T03:05:54.097764+00:00,121.1,10,ask,,,11619236
2026-07-08T03:05:54.204882,2026-07-08T03:05:54.219493+00:00,121.1,31,ask,,,11619240
2026-07-08T03:05:54.204882,2026-07-08T03:05:54.219493+00:00,121.1,5,ask,,,11619241
2026-07-08T03:05:54.204882,2026-07-08T03:05:54.219493+00:00,120.5,14,ask,,,11619242
2026-07-08T03:05:55.450077,2026-07-08T03:05:55.456688+00:00,121.2,5,bid,,,11619258
2026-07-08T03:05:56.329861,2026-07-08T03:05:56.341679+00:00,121.2,50,ask,,,11619269
2026-07-08T03:05:57.959540,2026-07-08T03:05:57.970251+00:00,121.2,12,ask,,,11619293
2026-07-08T03:05:58.435735,2026-07-08T03:05:58.447494+00:00,121.2,50,ask,,,11619298
2026-07-08T03:05:59.481044,2026-07-08T03:05:59.493195+00:00,121.1,48,bid,,,11619318
2026-07-08T03:06:00.576441,2026-07-08T03:06:00.596987+00:00,120.8,5,ask,,,11619332
2026-07-08T03:06:00.576441,2026-07-08T03:06:00.596987+00:00,120.6,45,ask,,,11619333
2026-07-08T03:06:01.045714,2026-07-08T03:06:01.058583+00:00,120.9,5,ask,,,11619341
2026-07-08T03:06:02.331934,2026-07-08T03:06:02.343624+00:00,121.1,12,bid,,,11619356
2026-07-08T03:06:02.685040,2026-07-08T03:06:02.696919+00:00,120.9,5,ask,,,11619365
2026-07-08T03:06:02.685040,2026-07-08T03:06:02.696919+00:00,120.7,10,ask,,,11619366
2026-07-08T03:06:02.685040,2026-07-08T03:06:02.696919+00:00,120.6,35,ask,,,11619367
2026-07-08T03:06:04.806134,2026-07-08T03:06:04.818113+00:00,120.9,5,ask,,,11619401
2026-07-08T03:06:04.806134,2026-07-08T03:06:04.818113+00:00,120.7,45,ask,,,11619402
2026-07-08T03:06:04.851019,2026-07-08T03:06:04.857678+00:00,121.1,41,bid,,,11619403
2026-07-08T03:06:05.221496,2026-07-08T03:06:05.233379+00:00,121.0,5,ask,,,11619408
2026-07-08T03:06:05.409751,2026-07-08T03:06:05.416980+00:00,121.2,41,bid,,,11619413
2026-07-08T03:06:05.837558,2026-07-08T03:06:05.846696+00:00,121.2,11,bid,,,11619419
2026-07-08T03:06:06.213171,2026-07-08T03:06:06.220202+00:00,121.3,5,bid,,,11619428
2026-07-08T03:06:06.292894,2026-07-08T03:06:06.304436+00:00,121.2,5,ask,,,11619430
2026-07-08T03:06:06.920099,2026-07-08T03:06:06.929599+00:00,121.2,5,ask,,,11619444
2026-07-08T03:06:06.920099,2026-07-08T03:06:06.929599+00:00,121.0,45,ask,,,11619445
2026-07-08T03:06:07.263621,2026-07-08T03:06:07.270749+00:00,121.0,5,ask,,,11619449
2026-07-08T03:06:09.028283,2026-07-08T03:06:09.040323+00:00,121.2,5,ask,,,11619471
2026-07-08T03:06:09.028283,2026-07-08T03:06:09.040323+00:00,121.0,45,ask,,,11619472
2026-07-08T03:06:09.390012,2026-07-08T03:06:09.396768+00:00,121.1,5,bid,,,11619476
2026-07-08T03:06:09.922154,2026-07-08T03:06:09.932049+00:00,121.1,5,bid,,,11619482
2026-07-08T03:06:11.137340,2026-07-08T03:06:11.158597+00:00,121.0,50,ask,,,11619503
2026-07-08T03:06:13.239421,2026-07-08T03:06:13.251014+00:00,121.0,3,bid,,,11619530
2026-07-08T03:06:13.292315,2026-07-08T03:06:13.304033+00:00,120.8,50,ask,,,11619535
2026-07-08T03:06:13.607144,2026-07-08T03:06:13.614217+00:00,121.0,5,bid,,,11619540
2026-07-08T03:06:15.108422,2026-07-08T03:06:15.118897+00:00,121.0,44,bid,,,11619565
2026-07-08T03:06:15.158744,2026-07-08T03:06:15.166918+00:00,121.0,10,bid,,,11619570
2026-07-08T03:06:15.196496,2026-07-08T03:06:15.203885+00:00,121.0,38,bid,,,11619573
2026-07-08T03:06:15.201316,2026-07-08T03:06:15.209161+00:00,121.1,5,bid,,,11619574
2026-07-08T03:06:15.399583,2026-07-08T03:06:15.411706+00:00,121.0,5,ask,,,11619576
2026-07-08T03:06:15.399583,2026-07-08T03:06:15.411706+00:00,120.6,45,ask,,,11619577
2026-07-08T03:06:15.458762,2026-07-08T03:06:15.473258+00:00,121.1,100,bid,,,11619578
2026-07-08T03:06:15.620549,2026-07-08T03:06:15.632333+00:00,121.0,10,ask,,,11619584
2026-07-08T03:06:15.620549,2026-07-08T03:06:15.632333+00:00,120.6,38,ask,,,11619585
2026-07-08T03:06:15.742223,2026-07-08T03:06:15.750480+00:00,121.1,40,bid,,,11619588
2026-07-08T03:06:16.287143,2026-07-08T03:06:16.296652+00:00,121.1,5,bid,,,11619599
2026-07-08T03:06:16.448571,2026-07-08T03:06:16.455779+00:00,121.1,5,ask,,,11619605
2026-07-08T03:06:17.467170,2026-07-08T03:06:17.479547+00:00,121.3,5,bid,,,11619630
2026-07-08T03:06:17.467170,2026-07-08T03:06:17.484579+00:00,121.6,45,bid,,,11619631
2026-07-08T03:06:18.182627,2026-07-08T03:06:18.189831+00:00,121.2,49,ask,,,11619637
2026-07-08T03:06:18.707686,2026-07-08T03:06:18.719390+00:00,121.4,5,bid,,,11619645
2026-07-08T03:06:18.707686,2026-07-08T03:06:18.719390+00:00,121.5,38,bid,,,11619646
2026-07-08T03:06:19.631271,2026-07-08T03:06:19.638844+00:00,121.2,50,ask,,,11619663
2026-07-08T03:06:19.631473,2026-07-08T03:06:19.644186+00:00,121.2,5,ask,,,11619664
2026-07-08T03:06:19.984201,2026-07-08T03:06:19.991973+00:00,121.2,5,ask,,,11619667
2026-07-08T03:06:20.318151,2026-07-08T03:06:20.329649+00:00,121.3,5,bid,,,11619672
2026-07-08T03:06:20.807886,2026-07-08T03:06:20.819372+00:00,121.2,5,ask,,,11619677
2026-07-08T03:06:20.871212,2026-07-08T03:06:20.878338+00:00,121.1,43,bid,,,11619679
2026-07-08T03:06:21.043544,2026-07-08T03:06:21.050252+00:00,121.1,40,bid,,,11619681
2026-07-08T03:06:21.631126,2026-07-08T03:06:21.641467+00:00,121.0,5,ask,,,11619687
2026-07-08T03:06:21.713104,2026-07-08T03:06:21.720837+00:00,121.1,50,bid,,,11619688
2026-07-08T03:06:22.149681,2026-07-08T03:06:22.164093+00:00,121.1,12,bid,,,11619698
2026-07-08T03:06:22.154364,2026-07-08T03:06:22.164093+00:00,121.3,5,bid,,,11619699
2026-07-08T03:06:23.873515,2026-07-08T03:06:23.880662+00:00,120.9,10,ask,,,11619712
2026-07-08T03:06:23.873515,2026-07-08T03:06:23.886157+00:00,120.9,5,ask,,,11619713
2026-07-08T03:06:23.873515,2026-07-08T03:06:23.886157+00:00,120.8,35,ask,,,11619714
2026-07-08T03:06:23.916571,2026-07-08T03:06:23.928329+00:00,121.2,5,bid,,,11619716
2026-07-08T03:06:24.294891,2026-07-08T03:06:24.301790+00:00,121.2,10,ask,,,11619721
2026-07-08T03:06:24.312951,2026-07-08T03:06:24.322958+00:00,121.3,10,bid,,,11619723
2026-07-08T03:06:25.802665,2026-07-08T03:06:25.805641+00:00,121.2,10,ask,,,11619741
2026-07-08T03:06:25.995312,2026-07-08T03:06:26.007089+00:00,121.2,50,ask,,,11619745
2026-07-08T03:06:26.011379,2026-07-08T03:06:26.023191+00:00,121.2,41,ask,,,11619746
2026-07-08T03:06:28.044128,2026-07-08T03:06:28.058653+00:00,121.2,45,bid,,,11619769
2026-07-08T03:06:28.103480,2026-07-08T03:06:28.115378+00:00,120.8,5,ask,,,11619771
2026-07-08T03:06:28.103480,2026-07-08T03:06:28.115378+00:00,120.7,45,ask,,,11619772
2026-07-08T03:06:32.294691,2026-07-08T03:06:32.306077+00:00,121.2,50,bid,,,11619818
2026-07-08T03:06:34.477460,2026-07-08T03:06:34.489333+00:00,120.9,10,ask,,,11619840
2026-07-08T03:06:34.477460,2026-07-08T03:06:34.489333+00:00,120.8,40,ask,,,11619841
2026-07-08T03:06:34.531572,2026-07-08T03:06:34.543348+00:00,120.8,45,ask,,,11619843
2026-07-08T03:06:34.708924,2026-07-08T03:06:34.718274+00:00,120.8,5,ask,,,11619845
2026-07-08T03:06:35.085517,2026-07-08T03:06:35.097219+00:00,121.2,5,bid,,,11619851
2026-07-08T03:06:35.085517,2026-07-08T03:06:35.097219+00:00,121.3,43,bid,,,11619852
2026-07-08T03:06:35.143154,2026-07-08T03:06:35.163975+00:00,120.8,41,ask,,,11619853
2026-07-08T03:06:36.229322,2026-07-08T03:06:36.239821+00:00,121.1,5,bid,,,11619873
2026-07-08T03:06:36.533748,2026-07-08T03:06:36.545549+00:00,121.3,50,bid,,,11619877
2026-07-08T03:06:36.555243,2026-07-08T03:06:36.556340+00:00,121.3,5,bid,,,11619878
2026-07-08T03:06:37.088791,2026-07-08T03:06:37.096043+00:00,121.2,10,bid,,,11619891
2026-07-08T03:06:38.646921,2026-07-08T03:06:38.669011+00:00,121.2,50,bid,,,11619910
2026-07-08T03:06:40.239906,2026-07-08T03:06:40.246793+00:00,121.1,5,ask,,,11619936
2026-07-08T03:06:40.295892,2026-07-08T03:06:40.307567+00:00,121.1,10,ask,,,11619939
2026-07-08T03:06:41.200709,2026-07-08T03:06:41.212339+00:00,120.8,44,ask,,,11619965
2026-07-08T03:06:42.317373,2026-07-08T03:06:42.327411+00:00,120.8,45,ask,,,11619981
2026-07-08T03:06:42.952618,2026-07-08T03:06:42.957225+00:00,120.8,11,ask,,,11619996
2026-07-08T03:06:42.952618,2026-07-08T03:06:42.957225+00:00,120.8,5,ask,,,11619997
2026-07-08T03:06:45.059932,2026-07-08T03:06:45.070604+00:00,120.7,50,ask,,,11620023
2026-07-08T03:06:47.180228,2026-07-08T03:06:47.191730+00:00,120.7,10,ask,,,11620046
2026-07-08T03:06:47.180228,2026-07-08T03:06:47.191730+00:00,120.5,40,ask,,,11620047
2026-07-08T03:06:47.333640,2026-07-08T03:06:47.345341+00:00,120.8,46,bid,,,11620051
2026-07-08T03:06:47.895110,2026-07-08T03:06:47.908166+00:00,120.8,3,bid,,,11620057
2026-07-08T03:06:48.187320,2026-07-08T03:06:48.198808+00:00,120.8,20,bid,,,11620061
2026-07-08T03:06:48.542351,2026-07-08T03:06:48.553850+00:00,120.8,20,bid,,,11620073
2026-07-08T03:06:48.884846,2026-07-08T03:06:48.891866+00:00,120.8,20,bid,,,11620077
2026-07-08T03:06:49.281347,2026-07-08T03:06:49.293125+00:00,120.9,5,bid,,,11620081
2026-07-08T03:06:49.288198,2026-07-08T03:06:49.298131+00:00,120.9,50,ask,,,11620082
2026-07-08T03:06:49.474793,2026-07-08T03:06:49.486423+00:00,120.9,44,ask,,,11620083
2026-07-08T03:06:49.544911,2026-07-08T03:06:49.554562+00:00,120.9,3,ask,,,11620085
2026-07-08T03:06:49.720039,2026-07-08T03:06:49.729427+00:00,121.0,5,bid,,,11620090
2026-07-08T03:06:51.400144,2026-07-08T03:06:51.411999+00:00,120.9,48,ask,,,11620113
2026-07-08T03:06:51.400144,2026-07-08T03:06:51.411999+00:00,120.5,2,ask,,,11620114
2026-07-08T03:06:55.440331,2026-07-08T03:06:55.447611+00:00,120.9,42,bid,,,11620156
2026-07-08T03:06:55.648854,2026-07-08T03:06:55.656600+00:00,120.6,50,ask,,,11620157
2026-07-08T03:06:57.755147,2026-07-08T03:06:57.766875+00:00,120.5,50,ask,,,11620182
2026-07-08T03:06:59.242166,2026-07-08T03:06:59.258613+00:00,120.8,46,bid,,,11620192
2026-07-08T03:06:59.885958,2026-07-08T03:06:59.897589+00:00,120.5,10,ask,,,11620197
2026-07-08T03:06:59.885958,2026-07-08T03:06:59.897589+00:00,120.4,40,ask,,,11620198
2026-07-08T03:07:00.221962,2026-07-08T03:07:00.233850+00:00,120.8,47,bid,,,11620204
2026-07-08T03:07:00.276608,2026-07-08T03:07:00.288055+00:00,120.4,48,ask,,,11620205
2026-07-08T03:07:01.773728,2026-07-08T03:07:01.785439+00:00,120.8,47,bid,,,11620228
2026-07-08T03:07:02.427838,2026-07-08T03:07:02.439688+00:00,120.6,10,ask,,,11620238
2026-07-08T03:07:02.959948,2026-07-08T03:07:02.969737+00:00,120.6,100,ask,,,11620244
2026-07-08T03:07:04.130090,2026-07-08T03:07:04.139409+00:00,120.6,40,ask,,,11620261
2026-07-08T03:07:05.164999,2026-07-08T03:07:05.174620+00:00,120.4,3,bid,,,11620276
2026-07-08T03:07:05.459535,2026-07-08T03:07:05.471988+00:00,120.4,11,bid,,,11620279
2026-07-08T03:07:05.464462,2026-07-08T03:07:05.471988+00:00,120.4,6,bid,,,11620280
2026-07-08T03:07:05.484943,2026-07-08T03:07:05.492568+00:00,120.4,5,bid,,,11620284
2026-07-08T03:07:05.851827,2026-07-08T03:07:05.858656+00:00,120.4,2,bid,,,11620288
2026-07-08T03:07:06.186365,2026-07-08T03:07:06.194300+00:00,120.4,50,bid,,,11620298
2026-07-08T03:07:06.213236,2026-07-08T03:07:06.220989+00:00,120.4,1,bid,,,11620299
2026-07-08T03:07:06.886823,2026-07-08T03:07:06.898392+00:00,120.4,7,bid,,,11620311
2026-07-08T03:07:07.229926,2026-07-08T03:07:07.241631+00:00,120.4,3,bid,,,11620317
2026-07-08T03:07:07.273775,2026-07-08T03:07:07.283359+00:00,120.1,47,ask,,,11620319
2026-07-08T03:07:08.294609,2026-07-08T03:07:08.301981+00:00,120.5,5,bid,,,11620330
2026-07-08T03:07:08.294609,2026-07-08T03:07:08.307174+00:00,120.6,45,bid,,,11620331
2026-07-08T03:07:08.394065,2026-07-08T03:07:08.405353+00:00,120.6,5,bid,,,11620332
2026-07-08T03:07:09.387655,2026-07-08T03:07:09.396733+00:00,120.2,48,ask,,,11620346
2026-07-08T03:07:09.948459,2026-07-08T03:07:09.960369+00:00,120.7,49,bid,,,11620360
2026-07-08T03:07:10.402482,2026-07-08T03:07:10.414078+00:00,120.7,50,bid,,,11620363
2026-07-08T03:07:11.160405,2026-07-08T03:07:11.172160+00:00,120.2,45,ask,,,11620375
2026-07-08T03:07:12.082652,2026-07-08T03:07:12.093961+00:00,120.5,5,bid,,,11620387
2026-07-08T03:07:12.082652,2026-07-08T03:07:12.093961+00:00,120.7,44,bid,,,11620388
2026-07-08T03:07:12.541861,2026-07-08T03:07:12.548762+00:00,120.5,50,bid,,,11620389
2026-07-08T03:07:12.555693,2026-07-08T03:07:12.559558+00:00,120.5,5,bid,,,11620390
2026-07-08T03:07:14.652806,2026-07-08T03:07:14.664444+00:00,120.4,5,bid,,,11620415
2026-07-08T03:07:14.652806,2026-07-08T03:07:14.664444+00:00,120.5,45,bid,,,11620416
2026-07-08T03:07:14.758643,2026-07-08T03:07:14.770492+00:00,120.1,45,ask,,,11620418
2026-07-08T03:07:15.144927,2026-07-08T03:07:15.163747+00:00,120.6,5,bid,,,11620420
2026-07-08T03:07:15.231236,2026-07-08T03:07:15.242443+00:00,120.5,5,bid,,,11620421
2026-07-08T03:07:15.231236,2026-07-08T03:07:15.242443+00:00,120.6,41,bid,,,11620422
2026-07-08T03:07:15.663807,2026-07-08T03:07:15.674801+00:00,120.6,5,bid,,,11620432
2026-07-08T03:07:16.450408,2026-07-08T03:07:16.459728+00:00,120.3,40,ask,,,11620445
2026-07-08T03:07:16.784179,2026-07-08T03:07:16.795429+00:00,120.5,5,bid,,,11620446
2026-07-08T03:07:16.784179,2026-07-08T03:07:16.795429+00:00,120.6,45,bid,,,11620447
2026-07-08T03:07:17.222723,2026-07-08T03:07:17.233406+00:00,120.6,5,bid,,,11620451
2026-07-08T03:07:18.605317,2026-07-08T03:07:18.614562+00:00,120.4,11,ask,,,11620467
2026-07-08T03:07:18.891737,2026-07-08T03:07:18.903339+00:00,120.6,5,bid,,,11620475
2026-07-08T03:07:18.891737,2026-07-08T03:07:18.903339+00:00,120.8,45,bid,,,11620476
2026-07-08T03:07:19.437801,2026-07-08T03:07:19.446932+00:00,120.4,3,ask,,,11620484
2026-07-08T03:07:19.580991,2026-07-08T03:07:19.592355+00:00,120.4,19,ask,,,11620489
2026-07-08T03:07:20.557563,2026-07-08T03:07:20.569676+00:00,120.4,45,ask,,,11620505
2026-07-08T03:07:21.006683,2026-07-08T03:07:21.015602+00:00,120.5,50,bid,,,11620513
2026-07-08T03:07:21.116602,2026-07-08T03:07:21.124199+00:00,120.5,44,bid,,,11620517
2026-07-08T03:07:23.112843,2026-07-08T03:07:23.124917+00:00,120.5,50,bid,,,11620549
2026-07-08T03:07:23.528327,2026-07-08T03:07:23.537236+00:00,120.5,5,bid,,,11620554
2026-07-08T03:07:24.070752,2026-07-08T03:07:24.081058+00:00,120.6,5,bid,,,11620558
2026-07-08T03:07:24.102269,2026-07-08T03:07:24.112320+00:00,120.7,5,ask,,,11620562
2026-07-08T03:07:24.144647,2026-07-08T03:07:24.158603+00:00,120.7,5,ask,,,11620565
2026-07-08T03:07:24.222875,2026-07-08T03:07:24.234837+00:00,120.7,20,ask,,,11620569
2026-07-08T03:07:24.354664,2026-07-08T03:07:24.361523+00:00,120.7,5,ask,,,11620575
2026-07-08T03:07:24.485624,2026-07-08T03:07:24.497410+00:00,120.7,20,ask,,,11620579
2026-07-08T03:07:24.563979,2026-07-08T03:07:24.570823+00:00,120.7,5,ask,,,11620581
2026-07-08T03:07:24.665778,2026-07-08T03:07:24.674248+00:00,120.7,5,ask,,,11620584
2026-07-08T03:07:24.751624,2026-07-08T03:07:24.758058+00:00,120.7,20,ask,,,11620588
2026-07-08T03:07:24.782453,2026-07-08T03:07:24.794501+00:00,120.7,48,ask,,,11620590
2026-07-08T03:07:25.272500,2026-07-08T03:07:25.284087+00:00,120.7,12,ask,,,11620603
2026-07-08T03:07:25.272500,2026-07-08T03:07:25.284087+00:00,120.5,38,ask,,,11620604
2026-07-08T03:07:26.564759,2026-07-08T03:07:26.575857+00:00,120.6,5,bid,,,11620621
2026-07-08T03:07:26.564759,2026-07-08T03:07:26.575857+00:00,121.0,40,bid,,,11620622
2026-07-08T03:07:27.286294,2026-07-08T03:07:27.294092+00:00,120.5,57,ask,,,11620638
2026-07-08T03:07:27.327643,2026-07-08T03:07:27.336047+00:00,120.4,25,bid,,,11620643
2026-07-08T03:07:28.164522,2026-07-08T03:07:28.172119+00:00,120.4,41,bid,,,11620654
2026-07-08T03:07:30.397650,2026-07-08T03:07:30.409414+00:00,120.4,5,bid,,,11620685
2026-07-08T03:07:30.789311,2026-07-08T03:07:30.806750+00:00,120.5,5,ask,,,11620693
2026-07-08T03:07:30.803584,2026-07-08T03:07:30.811734+00:00,120.5,10,ask,,,11620694
2026-07-08T03:07:31.001261,2026-07-08T03:07:31.011872+00:00,120.5,5,ask,,,11620697
2026-07-08T03:07:31.011825,2026-07-08T03:07:31.022649+00:00,120.5,5,ask,,,11620698
2026-07-08T03:07:31.025401,2026-07-08T03:07:31.032847+00:00,120.5,5,ask,,,11620699
2026-07-08T03:07:31.460177,2026-07-08T03:07:31.471598+00:00,120.5,100,ask,,,11620705
2026-07-08T03:07:31.603938,2026-07-08T03:07:31.616211+00:00,120.5,15,ask,,,11620709
2026-07-08T03:07:31.603938,2026-07-08T03:07:31.616211+00:00,120.2,5,ask,,,11620710
2026-07-08T03:07:31.603938,2026-07-08T03:07:31.616211+00:00,119.9,30,ask,,,11620711
2026-07-08T03:07:33.684983,2026-07-08T03:07:33.693479+00:00,120.4,10,bid,,,11620748
2026-07-08T03:07:33.719174,2026-07-08T03:07:33.730099+00:00,119.9,50,ask,,,11620750
2026-07-08T03:07:36.037805,2026-07-08T03:07:36.048554+00:00,119.9,41,ask,,,11620783
2026-07-08T03:07:36.778057,2026-07-08T03:07:36.789672+00:00,119.8,100,ask,,,11620795
2026-07-08T03:07:36.927164,2026-07-08T03:07:36.936278+00:00,119.8,3,bid,,,11620801
2026-07-08T03:07:37.879049,2026-07-08T03:07:37.888493+00:00,119.8,47,bid,,,11620813
2026-07-08T03:07:37.879049,2026-07-08T03:07:37.888493+00:00,119.8,3,bid,,,11620814
2026-07-08T03:07:39.871395,2026-07-08T03:07:39.882853+00:00,119.8,42,bid,,,11620836
2026-07-08T03:07:39.886432,2026-07-08T03:07:39.893914+00:00,119.8,55,bid,,,11620837
2026-07-08T03:07:40.071838,2026-07-08T03:07:40.081047+00:00,119.9,50,ask,,,11620842
2026-07-08T03:07:40.440574,2026-07-08T03:07:40.452547+00:00,119.9,40,ask,,,11620844
2026-07-08T03:07:40.440574,2026-07-08T03:07:40.452547+00:00,119.8,1,ask,,,11620845
2026-07-08T03:07:41.046110,2026-07-08T03:07:41.058558+00:00,120.1,5,bid,,,11620854
2026-07-08T03:07:41.046110,2026-07-08T03:07:41.058558+00:00,120.2,43,bid,,,11620855
2026-07-08T03:07:41.538246,2026-07-08T03:07:41.545813+00:00,120.2,5,bid,,,11620866
2026-07-08T03:07:42.202677,2026-07-08T03:07:42.211869+00:00,119.8,4,ask,,,11620869
2026-07-08T03:07:42.202677,2026-07-08T03:07:42.211869+00:00,119.7,46,ask,,,11620870
2026-07-08T03:07:44.310526,2026-07-08T03:07:44.363633+00:00,119.6,50,ask,,,11620901
2026-07-08T03:07:44.992519,2026-07-08T03:07:45.004282+00:00,119.6,46,ask,,,11620910
2026-07-08T03:07:46.087041,2026-07-08T03:07:46.098752+00:00,119.8,47,bid,,,11620920
2026-07-08T03:07:46.449349,2026-07-08T03:07:46.455597+00:00,119.6,4,ask,,,11620923
2026-07-08T03:07:46.449349,2026-07-08T03:07:46.455597+00:00,119.6,10,ask,,,11620924
2026-07-08T03:07:46.449349,2026-07-08T03:07:46.455597+00:00,119.5,36,ask,,,11620925
2026-07-08T03:07:46.723347,2026-07-08T03:07:46.725301+00:00,119.5,49,ask,,,11620928
2026-07-08T03:07:47.702617,2026-07-08T03:07:47.714574+00:00,119.9,43,bid,,,11620942
2026-07-08T03:07:48.222868,2026-07-08T03:07:48.231343+00:00,119.9,42,bid,,,11620949
2026-07-08T03:07:48.558871,2026-07-08T03:07:48.570579+00:00,119.5,50,ask,,,11620956
2026-07-08T03:07:49.425998,2026-07-08T03:07:49.486649+00:00,119.5,10,ask,,,11620971
2026-07-08T03:07:49.464517,2026-07-08T03:07:49.486649+00:00,119.5,34,bid,,,11620972
2026-07-08T03:07:49.481393,2026-07-08T03:07:49.486649+00:00,119.5,5,bid,,,11620976
2026-07-08T03:07:49.514223,2026-07-08T03:07:49.526461+00:00,119.5,20,bid,,,11620978
2026-07-08T03:07:49.692325,2026-07-08T03:07:49.698926+00:00,119.5,5,bid,,,11620985
2026-07-08T03:07:49.779008,2026-07-08T03:07:49.790624+00:00,119.5,20,bid,,,11620986
2026-07-08T03:07:49.903540,2026-07-08T03:07:49.914363+00:00,119.5,5,bid,,,11620990
2026-07-08T03:07:50.063599,2026-07-08T03:07:50.070376+00:00,119.5,20,bid,,,11620992
2026-07-08T03:07:50.116132,2026-07-08T03:07:50.126118+00:00,119.5,5,bid,,,11620995
2026-07-08T03:07:50.326254,2026-07-08T03:07:50.333213+00:00,119.5,3,bid,,,11621001
2026-07-08T03:07:50.402203,2026-07-08T03:07:50.413674+00:00,119.5,18,bid,,,11621004
2026-07-08T03:07:50.718382,2026-07-08T03:07:50.730359+00:00,119.5,40,ask,,,11621010
2026-07-08T03:07:51.678901,2026-07-08T03:07:51.690617+00:00,119.5,42,ask,,,11621018
2026-07-08T03:07:52.159336,2026-07-08T03:07:52.170852+00:00,119.8,5,bid,,,11621021
2026-07-08T03:07:52.159336,2026-07-08T03:07:52.170852+00:00,120.0,43,bid,,,11621022
2026-07-08T03:07:52.429841,2026-07-08T03:07:52.439932+00:00,120.0,5,bid,,,11621024
2026-07-08T03:07:52.721623,2026-07-08T03:07:52.733661+00:00,119.8,5,bid,,,11621030
2026-07-08T03:07:52.721623,2026-07-08T03:07:52.733661+00:00,120.0,45,bid,,,11621031
2026-07-08T03:07:52.948215,2026-07-08T03:07:52.959556+00:00,120.0,5,bid,,,11621038
2026-07-08T03:07:53.879532,2026-07-08T03:07:53.895207+00:00,119.5,11,ask,,,11621052
2026-07-08T03:07:54.387635,2026-07-08T03:07:54.396512+00:00,119.5,47,ask,,,11621055
2026-07-08T03:07:54.915055,2026-07-08T03:07:54.922214+00:00,119.8,5,bid,,,11621061
2026-07-08T03:07:54.915055,2026-07-08T03:07:54.927916+00:00,120.0,44,bid,,,11621062
2026-07-08T03:07:55.019825,2026-07-08T03:07:55.030432+00:00,120.0,5,bid,,,11621064
2026-07-08T03:07:56.259631,2026-07-08T03:07:56.271046+00:00,119.5,12,ask,,,11621081
2026-07-08T03:07:56.389549,2026-07-08T03:07:56.397979+00:00,119.5,20,ask,,,11621085
2026-07-08T03:07:57.097731,2026-07-08T03:07:57.106985+00:00,119.4,44,ask,,,11621095
2026-07-08T03:07:59.074767,2026-07-08T03:07:59.086767+00:00,119.7,50,bid,,,11621115
2026-07-08T03:08:00.592724,2026-07-08T03:08:00.604294+00:00,119.8,48,bid,,,11621134
2026-07-08T03:08:01.263249,2026-07-08T03:08:01.274983+00:00,119.7,50,ask,,,11621141
2026-07-08T03:08:03.320719,2026-07-08T03:08:03.331708+00:00,120.0,50,bid,,,11621164
2026-07-08T03:08:03.769570,2026-07-08T03:08:03.781568+00:00,119.6,43,ask,,,11621167
2026-07-08T03:08:04.317662,2026-07-08T03:08:04.329203+00:00,120.0,43,bid,,,11621176
2026-07-08T03:08:04.796502,2026-07-08T03:08:04.808189+00:00,119.6,49,ask,,,11621183
2026-07-08T03:08:05.428786,2026-07-08T03:08:05.440445+00:00,119.7,50,bid,,,11621191
2026-07-08T03:08:06.217763,2026-07-08T03:08:06.229736+00:00,119.7,100,bid,,,11621196
2026-07-08T03:08:07.538969,2026-07-08T03:08:07.548278+00:00,120.0,5,bid,,,11621214
2026-07-08T03:08:07.538969,2026-07-08T03:08:07.548278+00:00,120.3,45,bid,,,11621215
2026-07-08T03:08:08.445083,2026-07-08T03:08:08.462286+00:00,119.8,20,ask,,,11621223
2026-07-08T03:08:08.717803,2026-07-08T03:08:08.729462+00:00,119.8,20,ask,,,11621233
2026-07-08T03:08:08.979739,2026-07-08T03:08:08.991263+00:00,119.8,10,ask,,,11621236
2026-07-08T03:08:09.432907,2026-07-08T03:08:09.442536+00:00,120.1,5,bid,,,11621238
2026-07-08T03:08:09.432907,2026-07-08T03:08:09.442536+00:00,120.3,41,bid,,,11621239
2026-07-08T03:08:09.562244,2026-07-08T03:08:09.569477+00:00,120.1,5,bid,,,11621242
2026-07-08T03:08:09.674341,2026-07-08T03:08:09.686269+00:00,120.0,5,bid,,,11621246
2026-07-08T03:08:09.674341,2026-07-08T03:08:09.686269+00:00,120.1,45,bid,,,11621247
2026-07-08T03:08:10.096525,2026-07-08T03:08:10.106134+00:00,120.1,5,bid,,,11621251
2026-07-08T03:08:11.364373,2026-07-08T03:08:11.376291+00:00,119.8,49,ask,,,11621265
2026-07-08T03:08:11.783601,2026-07-08T03:08:11.795434+00:00,120.0,50,bid,,,11621273
2026-07-08T03:08:12.246275,2026-07-08T03:08:12.254817+00:00,120.0,5,bid,,,11621279
2026-07-08T03:08:12.959426,2026-07-08T03:08:12.971389+00:00,119.8,41,ask,,,11621285
2026-07-08T03:08:13.337835,2026-07-08T03:08:13.346409+00:00,119.8,11,ask,,,11621290
2026-07-08T03:08:13.478060,2026-07-08T03:08:13.489586+00:00,119.8,3,ask,,,11621293
2026-07-08T03:08:16.082689,2026-07-08T03:08:16.095984+00:00,119.8,50,ask,,,11621321
2026-07-08T03:08:18.189428,2026-07-08T03:08:18.201192+00:00,119.7,50,ask,,,11621348
2026-07-08T03:08:20.024117,2026-07-08T03:08:20.034185+00:00,119.9,5,bid,,,11621368
2026-07-08T03:08:20.024117,2026-07-08T03:08:20.034185+00:00,120.0,37,bid,,,11621369
2026-07-08T03:08:20.528132,2026-07-08T03:08:20.535502+00:00,120.0,5,bid,,,11621375
2026-07-08T03:08:21.616666,2026-07-08T03:08:21.628245+00:00,120.0,40,bid,,,11621390
2026-07-08T03:08:23.266051,2026-07-08T03:08:23.275086+00:00,119.7,44,ask,,,11621405
2026-07-08T03:08:24.571866,2026-07-08T03:08:24.584270+00:00,119.5,50,ask,,,11621423
2026-07-08T03:08:25.259805,2026-07-08T03:08:25.270532+00:00,119.9,11,bid,,,11621435
2026-07-08T03:08:25.420317,2026-07-08T03:08:25.429588+00:00,119.9,43,bid,,,11621445
2026-07-08T03:08:26.678194,2026-07-08T03:08:26.689626+00:00,119.5,50,ask,,,11621466
2026-07-08T03:08:27.508185,2026-07-08T03:08:27.519776+00:00,119.9,46,bid,,,11621476
2026-07-08T03:08:27.508185,2026-07-08T03:08:27.519776+00:00,120.0,3,bid,,,11621477
2026-07-08T03:08:27.802937,2026-07-08T03:08:27.810079+00:00,120.1,3,bid,,,11621484
2026-07-08T03:08:28.089720,2026-07-08T03:08:28.101745+00:00,119.6,46,ask,,,11621489
2026-07-08T03:08:28.592938,2026-07-08T03:08:28.604470+00:00,120.0,5,bid,,,11621496
2026-07-08T03:08:28.647475,2026-07-08T03:08:28.658570+00:00,119.8,48,ask,,,11621498
2026-07-08T03:08:28.784788,2026-07-08T03:08:28.796811+00:00,119.8,50,ask,,,11621499
2026-07-08T03:08:28.836861,2026-07-08T03:08:28.844129+00:00,120.1,5,bid,,,11621503
2026-07-08T03:08:30.893403,2026-07-08T03:08:30.904870+00:00,119.8,2,ask,,,11621533
2026-07-08T03:08:30.893403,2026-07-08T03:08:30.904870+00:00,119.6,48,ask,,,11621534
2026-07-08T03:08:31.474994,2026-07-08T03:08:31.486099+00:00,120.1,40,bid,,,11621541
2026-07-08T03:08:33.000832,2026-07-08T03:08:33.012482+00:00,119.9,50,ask,,,11621561
2026-07-08T03:08:33.760359,2026-07-08T03:08:33.771320+00:00,119.9,50,ask,,,11621568
2026-07-08T03:08:33.870047,2026-07-08T03:08:33.879715+00:00,119.9,12,bid,,,11621576
2026-07-08T03:08:35.114467,2026-07-08T03:08:35.126233+00:00,119.4,50,ask,,,11621593
2026-07-08T03:08:38.455646,2026-07-08T03:08:38.467305+00:00,119.9,49,bid,,,11621621
2026-07-08T03:08:39.336015,2026-07-08T03:08:39.347851+00:00,119.5,50,ask,,,11621635
2026-07-08T03:08:40.654735,2026-07-08T03:08:40.666407+00:00,119.4,47,ask,,,11621656
2026-07-08T03:08:40.951304,2026-07-08T03:08:40.960609+00:00,119.6,11,bid,,,11621657
2026-07-08T03:08:41.392379,2026-07-08T03:08:41.403910+00:00,119.6,50,bid,,,11621665
2026-07-08T03:08:43.514542,2026-07-08T03:08:43.526078+00:00,119.7,50,bid,,,11621685
2026-07-08T03:08:44.113698,2026-07-08T03:08:44.125532+00:00,119.7,42,bid,,,11621691
2026-07-08T03:08:45.622035,2026-07-08T03:08:45.633945+00:00,119.9,50,bid,,,11621712
2026-07-08T03:08:47.521274,2026-07-08T03:08:47.532504+00:00,119.8,11,ask,,,11621734
2026-07-08T03:08:47.786531,2026-07-08T03:08:47.798171+00:00,119.8,50,ask,,,11621738
2026-07-08T03:08:49.893232,2026-07-08T03:08:49.900053+00:00,119.7,50,ask,,,11621764
2026-07-08T03:08:50.146931,2026-07-08T03:08:50.157730+00:00,119.7,12,ask,,,11621771
2026-07-08T03:08:52.000532,2026-07-08T03:08:52.012165+00:00,119.4,50,ask,,,11621792
2026-07-08T03:08:52.855857,2026-07-08T03:08:52.867585+00:00,119.1,47,ask,,,11621799
2026-07-08T03:08:53.427150,2026-07-08T03:08:53.437212+00:00,119.1,40,ask,,,11621809
2026-07-08T03:08:53.783913,2026-07-08T03:08:53.793707+00:00,119.3,23,bid,,,11621820
2026-07-08T03:08:54.085380,2026-07-08T03:08:54.094469+00:00,119.3,12,bid,,,11621823
2026-07-08T03:08:54.107874,2026-07-08T03:08:54.115084+00:00,119.1,10,ask,,,11621825
2026-07-08T03:08:54.107874,2026-07-08T03:08:54.120313+00:00,119.0,40,ask,,,11621826
2026-07-08T03:08:54.352148,2026-07-08T03:08:54.358578+00:00,119.3,20,bid,,,11621828
2026-07-08T03:08:54.727069,2026-07-08T03:08:54.736279+00:00,119.3,20,bid,,,11621835
2026-07-08T03:08:55.071564,2026-07-08T03:08:55.083175+00:00,119.3,16,bid,,,11621839
2026-07-08T03:08:55.443994,2026-07-08T03:08:55.458557+00:00,119.3,5,bid,,,11621843
2026-07-08T03:08:55.800648,2026-07-08T03:08:55.807433+00:00,119.3,2,bid,,,11621850
2026-07-08T03:08:56.143247,2026-07-08T03:08:56.150284+00:00,119.3,2,bid,,,11621855
2026-07-08T03:08:56.143247,2026-07-08T03:08:56.150284+00:00,119.3,1,bid,,,11621856
2026-07-08T03:08:56.167735,2026-07-08T03:08:56.174862+00:00,119.3,50,bid,,,11621858
2026-07-08T03:08:56.488858,2026-07-08T03:08:56.498179+00:00,119.3,1,bid,,,11621861
2026-07-08T03:08:56.890546,2026-07-08T03:08:56.904521+00:00,119.3,11,bid,,,11621869
2026-07-08T03:08:57.078627,2026-07-08T03:08:57.089169+00:00,119.3,5,bid,,,11621872
2026-07-08T03:08:57.117293,2026-07-08T03:08:57.128391+00:00,119.3,2,bid,,,11621876
2026-07-08T03:08:58.021644,2026-07-08T03:08:58.030999+00:00,119.2,11,ask,,,11621895
2026-07-08T03:08:58.219685,2026-07-08T03:08:58.230018+00:00,119.2,10,ask,,,11621902
2026-07-08T03:08:58.275728,2026-07-08T03:08:58.287282+00:00,119.3,50,bid,,,11621903
2026-07-08T03:09:00.384284,2026-07-08T03:09:00.396219+00:00,119.5,50,bid,,,11621924
2026-07-08T03:09:02.199322,2026-07-08T03:09:02.213324+00:00,119.5,100,bid,,,11621943
2026-07-08T03:09:02.492495,2026-07-08T03:09:02.504258+00:00,119.6,5,bid,,,11621949
2026-07-08T03:09:02.492495,2026-07-08T03:09:02.504258+00:00,120.0,45,bid,,,11621950
2026-07-08T03:09:02.653793,2026-07-08T03:09:02.665477+00:00,120.0,5,bid,,,11621955
2026-07-08T03:09:02.710149,2026-07-08T03:09:02.725731+00:00,119.5,35,ask,,,11621958
2026-07-08T03:09:02.834104,2026-07-08T03:09:02.846316+00:00,119.5,15,ask,,,11621962
2026-07-08T03:09:04.601278,2026-07-08T03:09:04.612838+00:00,119.4,50,bid,,,11621981
2026-07-08T03:09:04.733808,2026-07-08T03:09:04.745609+00:00,119.4,47,bid,,,11621985
2026-07-08T03:09:05.327472,2026-07-08T03:09:05.335548+00:00,118.9,47,ask,,,11621998
2026-07-08T03:09:06.709161,2026-07-08T03:09:06.721232+00:00,119.3,50,bid,,,11622017
2026-07-08T03:09:07.292610,2026-07-08T03:09:07.304432+00:00,119.3,41,bid,,,11622027
2026-07-08T03:09:07.863526,2026-07-08T03:09:07.875074+00:00,119.3,49,bid,,,11622042
2026-07-08T03:09:08.634911,2026-07-08T03:09:08.646856+00:00,119.4,20,ask,,,11622054
2026-07-08T03:09:08.822775,2026-07-08T03:09:08.833697+00:00,119.5,5,bid,,,11622055
2026-07-08T03:09:08.822775,2026-07-08T03:09:08.833697+00:00,119.7,45,bid,,,11622056
2026-07-08T03:09:08.860467,2026-07-08T03:09:08.871048+00:00,119.7,5,bid,,,11622057
2026-07-08T03:09:08.901598,2026-07-08T03:09:08.912804+00:00,119.4,20,ask,,,11622062
2026-07-08T03:09:09.165020,2026-07-08T03:09:09.176658+00:00,119.4,15,ask,,,11622068
2026-07-08T03:09:10.418039,2026-07-08T03:09:10.426754+00:00,119.4,44,ask,,,11622087
2026-07-08T03:09:10.936336,2026-07-08T03:09:10.946708+00:00,119.9,50,bid,,,11622094
2026-07-08T03:09:11.225503,2026-07-08T03:09:11.238555+00:00,119.4,11,ask,,,11622098
2026-07-08T03:09:11.248427,2026-07-08T03:09:11.260146+00:00,119.4,9,ask,,,11622101
2026-07-08T03:09:11.749639,2026-07-08T03:09:11.761343+00:00,119.4,100,ask,,,11622112
2026-07-08T03:09:12.529939,2026-07-08T03:09:12.551865+00:00,119.4,43,bid,,,11622119
2026-07-08T03:09:13.042425,2026-07-08T03:09:13.058568+00:00,119.3,50,bid,,,11622126
2026-07-08T03:09:14.859876,2026-07-08T03:09:14.871364+00:00,119.3,50,bid,,,11622146
2026-07-08T03:09:14.859876,2026-07-08T03:09:14.871364+00:00,119.3,5,bid,,,11622147
2026-07-08T03:09:14.928569,2026-07-08T03:09:14.937842+00:00,119.3,3,ask,,,11622148
2026-07-08T03:09:15.158173,2026-07-08T03:09:15.168688+00:00,119.5,5,bid,,,11622158
2026-07-08T03:09:15.158173,2026-07-08T03:09:15.168688+00:00,119.7,10,bid,,,11622159
2026-07-08T03:09:15.158173,2026-07-08T03:09:15.168688+00:00,119.8,35,bid,,,11622160
2026-07-08T03:09:17.267012,2026-07-08T03:09:17.274511+00:00,119.7,50,bid,,,11622190
2026-07-08T03:09:17.849686,2026-07-08T03:09:17.864186+00:00,119.3,43,ask,,,11622198
2026-07-08T03:09:19.374150,2026-07-08T03:09:19.385721+00:00,119.3,5,bid,,,11622217
2026-07-08T03:09:19.374150,2026-07-08T03:09:19.385721+00:00,119.4,45,bid,,,11622218
2026-07-08T03:09:19.420669,2026-07-08T03:09:19.427649+00:00,119.4,5,bid,,,11622222
2026-07-08T03:09:20.308821,2026-07-08T03:09:20.318726+00:00,119.3,5,bid,,,11622231
2026-07-08T03:09:20.423647,2026-07-08T03:09:20.431905+00:00,119.1,48,ask,,,11622235
2026-07-08T03:09:20.483992,2026-07-08T03:09:20.494056+00:00,119.4,5,bid,,,11622237
2026-07-08T03:09:20.571946,2026-07-08T03:09:20.583471+00:00,119.3,5,bid,,,11622240
2026-07-08T03:09:21.018011,2026-07-08T03:09:21.029567+00:00,119.4,5,bid,,,11622248
2026-07-08T03:09:21.189112,2026-07-08T03:09:21.200848+00:00,119.3,5,bid,,,11622249
2026-07-08T03:09:23.588466,2026-07-08T03:09:23.595057+00:00,119.4,5,bid,,,11622278
2026-07-08T03:09:23.588466,2026-07-08T03:09:23.600307+00:00,119.6,45,bid,,,11622279
2026-07-08T03:09:25.105146,2026-07-08T03:09:25.115757+00:00,119.4,5,bid,,,11622297
2026-07-08T03:09:25.105146,2026-07-08T03:09:25.115757+00:00,119.6,43,bid,,,11622298
2026-07-08T03:09:25.380972,2026-07-08T03:09:25.392845+00:00,119.4,5,bid,,,11622302
2026-07-08T03:09:25.617260,2026-07-08T03:09:25.629144+00:00,119.4,42,ask,,,11622303
2026-07-08T03:09:25.711931,2026-07-08T03:09:25.723894+00:00,119.7,10,bid,,,11622305
2026-07-08T03:09:25.711931,2026-07-08T03:09:25.729137+00:00,119.8,40,bid,,,11622306
2026-07-08T03:09:27.004931,2026-07-08T03:09:27.016726+00:00,119.5,5,bid,,,11622318
2026-07-08T03:09:27.469653,2026-07-08T03:09:27.476896+00:00,119.7,5,bid,,,11622330
2026-07-08T03:09:27.819854,2026-07-08T03:09:27.831802+00:00,119.9,50,bid,,,11622336
2026-07-08T03:09:28.451443,2026-07-08T03:09:28.453036+00:00,119.7,5,ask,,,11622345
2026-07-08T03:09:28.983159,2026-07-08T03:09:28.991738+00:00,119.7,5,ask,,,11622359
2026-07-08T03:09:29.472333,2026-07-08T03:09:29.479962+00:00,119.7,41,ask,,,11622366
2026-07-08T03:09:30.034547,2026-07-08T03:09:30.041751+00:00,119.7,5,ask,,,11622380
2026-07-08T03:09:30.953992,2026-07-08T03:09:30.955510+00:00,119.7,5,ask,,,11622399
2026-07-08T03:09:31.441058,2026-07-08T03:09:31.453429+00:00,119.8,5,bid,,,11622407
2026-07-08T03:09:31.441058,2026-07-08T03:09:31.453429+00:00,120.0,43,bid,,,11622408
2026-07-08T03:09:32.060633,2026-07-08T03:09:32.072356+00:00,119.8,5,bid,,,11622416
2026-07-08T03:09:32.060633,2026-07-08T03:09:32.072356+00:00,120.0,45,bid,,,11622417
2026-07-08T03:09:32.380402,2026-07-08T03:09:32.390950+00:00,119.7,5,ask,,,11622425
2026-07-08T03:09:33.165701,2026-07-08T03:09:33.177820+00:00,119.6,42,ask,,,11622437
2026-07-08T03:09:33.847774,2026-07-08T03:09:33.868598+00:00,119.8,5,bid,,,11622444
2026-07-08T03:09:33.859550,2026-07-08T03:09:33.868598+00:00,119.8,3,ask,,,11622445
2026-07-08T03:09:33.997715,2026-07-08T03:09:34.006125+00:00,119.8,5,ask,,,11622448
2026-07-08T03:09:34.173369,2026-07-08T03:09:34.184797+00:00,120.0,10,bid,,,11622452
2026-07-08T03:09:34.173369,2026-07-08T03:09:34.184797+00:00,120.1,40,bid,,,11622453
2026-07-08T03:09:34.208775,2026-07-08T03:09:34.219869+00:00,119.8,5,ask,,,11622455
2026-07-08T03:09:34.272832,2026-07-08T03:09:34.279851+00:00,119.8,100,ask,,,11622458
2026-07-08T03:09:34.418665,2026-07-08T03:09:34.425871+00:00,119.8,5,ask,,,11622464
2026-07-08T03:09:34.587731,2026-07-08T03:09:34.599275+00:00,120.1,48,bid,,,11622466
2026-07-08T03:09:34.628091,2026-07-08T03:09:34.634860+00:00,119.8,5,ask,,,11622468
2026-07-08T03:09:34.811454,2026-07-08T03:09:34.821997+00:00,119.8,22,ask,,,11622469
2026-07-08T03:09:35.087475,2026-07-08T03:09:35.099486+00:00,119.7,41,ask,,,11622478
2026-07-08T03:09:35.598702,2026-07-08T03:09:35.610993+00:00,120.0,5,bid,,,11622492
2026-07-08T03:09:35.598702,2026-07-08T03:09:35.610993+00:00,120.1,10,bid,,,11622493
2026-07-08T03:09:36.335463,2026-07-08T03:09:36.344676+00:00,119.8,5,ask,,,11622502
2026-07-08T03:09:36.335463,2026-07-08T03:09:36.344676+00:00,119.7,45,ask,,,11622503
2026-07-08T03:09:36.387375,2026-07-08T03:09:36.395992+00:00,119.7,10,ask,,,11622504
2026-07-08T03:09:37.060512,2026-07-08T03:09:37.073000+00:00,119.8,5,ask,,,11622513
2026-07-08T03:09:37.060512,2026-07-08T03:09:37.073000+00:00,119.7,4,ask,,,11622514
2026-07-08T03:09:37.346326,2026-07-08T03:09:37.357881+00:00,119.6,20,bid,,,11622521
2026-07-08T03:09:38.419367,2026-07-08T03:09:38.434920+00:00,119.6,50,bid,,,11622540
2026-07-08T03:09:38.419704,2026-07-08T03:09:38.434920+00:00,119.6,3,bid,,,11622541
2026-07-08T03:09:38.675184,2026-07-08T03:09:38.685364+00:00,119.6,49,bid,,,11622545
2026-07-08T03:09:39.040626,2026-07-08T03:09:39.051987+00:00,119.6,5,bid,,,11622548
2026-07-08T03:09:39.565964,2026-07-08T03:09:39.576056+00:00,119.6,5,bid,,,11622557
2026-07-08T03:09:40.089833,2026-07-08T03:09:40.096782+00:00,119.6,5,bid,,,11622563
2026-07-08T03:09:40.586441,2026-07-08T03:09:40.598063+00:00,119.7,50,ask,,,11622572
2026-07-08T03:09:40.611210,2026-07-08T03:09:40.618191+00:00,119.7,5,ask,,,11622573
2026-07-08T03:09:42.723823,2026-07-08T03:09:47.161921+00:00,119.7,50,ask,,,11622601
2026-07-08T03:09:43.723269,2026-07-08T03:09:47.161921+00:00,119.7,5,ask,,,11622615
2026-07-08T03:09:43.723269,2026-07-08T03:09:47.161921+00:00,119.4,44,ask,,,11622616
2026-07-08T03:09:44.831599,2026-07-08T03:09:47.161921+00:00,119.7,5,ask,,,11622634
2026-07-08T03:09:44.831599,2026-07-08T03:09:47.161921+00:00,119.4,45,ask,,,11622635
