timestamp,recv_time,price,volume,aggressor_side,buyer,seller,trade_id
2026-07-04T03:00:00.642466,2026-07-04T03:00:00.654201+00:00,131.4,100,bid,EarnestEspressos,DiligentDonuts,6490047
2026-07-04T03:00:00.711563,2026-07-04T03:00:00.723319+00:00,131.4,23,ask,EarnestEspressos,Xuanyu Liu,6490048
2026-07-04T03:00:01.095516,2026-07-04T03:00:01.103705+00:00,131.4,3,ask,EarnestEspressos,Xuanyu Liu,6490053
2026-07-04T03:00:01.609463,2026-07-04T03:00:01.617791+00:00,131.9,50,bid,FlawlessFlatbreads,EarnestEspressos,6490061
2026-07-04T03:00:03.726406,2026-07-04T03:00:03.733029+00:00,131.7,50,bid,FlawlessFlatbreads,DiligentDonuts,6490085
2026-07-04T03:00:05.831197,2026-07-04T03:00:05.842717+00:00,131.4,50,bid,FlawlessFlatbreads,EarnestEspressos,6490118
2026-07-04T03:00:07.943703,2026-07-04T03:00:07.951043+00:00,131.5,50,bid,FlawlessFlatbreads,EarnestEspressos,6490151
2026-07-04T03:00:09.130306,2026-07-04T03:00:09.142347+00:00,131.1,49,ask,DiligentDonuts,CostlyCorianders,6490170
2026-07-04T03:00:10.116975,2026-07-04T03:00:10.129872+00:00,131.1,50,ask,DiligentDonuts,FlawlessFlatbreads,6490182
2026-07-04T03:00:12.155068,2026-07-04T03:00:12.169025+00:00,131.1,43,ask,EarnestEspressos,CostlyCorianders,6490207
2026-07-04T03:00:12.226071,2026-07-04T03:00:12.235522+00:00,131.1,50,ask,EarnestEspressos,FlawlessFlatbreads,6490210
2026-07-04T03:00:12.644457,2026-07-04T03:00:12.656001+00:00,131.1,41,ask,EarnestEspressos,CostlyCorianders,6490219
2026-07-04T03:00:15.768620,2026-07-04T03:00:15.780446+00:00,131.1,48,bid,CostlyCorianders,EarnestEspressos,6490260
2026-07-04T03:00:16.429110,2026-07-04T03:00:16.440637+00:00,130.6,47,ask,DiligentDonuts,CostlyCorianders,6490276
2026-07-04T03:00:16.505143,2026-07-04T03:00:16.514186+00:00,130.6,53,ask,DiligentDonuts,EarnestEspressos,6490278
2026-07-04T03:00:19.616431,2026-07-04T03:00:19.628075+00:00,130.6,100,bid,EarnestEspressos,DiligentDonuts,6490324
2026-07-04T03:00:20.065563,2026-07-04T03:00:20.077054+00:00,131.1,41,bid,CostlyCorianders,EarnestEspressos,6490331
2026-07-04T03:00:22.694375,2026-07-04T03:00:22.705986+00:00,130.9,50,bid,FlawlessFlatbreads,DiligentDonuts,6490362
2026-07-04T03:00:26.905587,2026-07-04T03:00:26.917157+00:00,130.6,50,bid,FlawlessFlatbreads,EarnestEspressos,6490402
2026-07-04T03:00:29.317882,2026-07-04T03:00:29.325325+00:00,130.4,45,ask,DiligentDonuts,CostlyCorianders,6490439
2026-07-04T03:00:31.118097,2026-07-04T03:00:31.130060+00:00,130.7,50,bid,FlawlessFlatbreads,DiligentDonuts,6490463
2026-07-04T03:00:33.226099,2026-07-04T03:00:33.237783+00:00,130.7,50,bid,FlawlessFlatbreads,DiligentDonuts,6490490
2026-07-04T03:00:33.272226,2026-07-04T03:00:33.283921+00:00,130.9,48,bid,CostlyCorianders,EarnestEspressos,6490491
2026-07-04T03:00:33.819104,2026-07-04T03:00:33.830812+00:00,130.5,46,ask,DiligentDonuts,CostlyCorianders,6490496
2026-07-04T03:00:35.332832,2026-07-04T03:00:35.344565+00:00,130.9,50,bid,FlawlessFlatbreads,EarnestEspressos,6490520
2026-07-04T03:00:35.427564,2026-07-04T03:00:35.436542+00:00,131.0,100,bid,EarnestEspressos,DiligentDonuts,6490524
2026-07-04T03:00:35.561274,2026-07-04T03:00:35.569169+00:00,131.0,26,ask,EarnestEspressos,Xuanyu Liu,6490526
2026-07-04T03:00:36.314152,2026-07-04T03:00:36.325973+00:00,131.0,24,ask,EarnestEspressos,CostlyCorianders,6490536
2026-07-04T03:00:36.314152,2026-07-04T03:00:36.325973+00:00,130.5,23,ask,DiligentDonuts,CostlyCorianders,6490537
2026-07-04T03:00:37.440210,2026-07-04T03:00:37.458768+00:00,131.1,50,bid,FlawlessFlatbreads,DiligentDonuts,6490557
2026-07-04T03:00:38.649981,2026-07-04T03:00:38.658109+00:00,130.8,26,bid,Xuanyu Liu,EarnestEspressos,6490571
2026-07-04T03:00:39.199967,2026-07-04T03:00:39.211255+00:00,130.8,40,bid,CostlyCorianders,EarnestEspressos,6490579
2026-07-04T03:00:39.548313,2026-07-04T03:00:39.558592+00:00,130.8,50,bid,FlawlessFlatbreads,EarnestEspressos,6490583
2026-07-04T03:00:39.722232,2026-07-04T03:00:39.732031+00:00,130.8,34,bid,DiligentDonuts,EarnestEspressos,6490584
2026-07-04T03:00:39.810362,2026-07-04T03:00:39.818461+00:00,130.8,49,ask,DiligentDonuts,CostlyCorianders,6490588
2026-07-04T03:00:41.655763,2026-07-04T03:00:41.667357+00:00,131.3,50,bid,FlawlessFlatbreads,DiligentDonuts,6490611
2026-07-04T03:00:43.765216,2026-07-04T03:00:43.775794+00:00,131.5,50,bid,FlawlessFlatbreads,EarnestEspressos,6490642
2026-07-04T03:00:44.921907,2026-07-04T03:00:44.931408+00:00,131.2,14,ask,EarnestEspressos,Xuanyu Liu,6490650
2026-07-04T03:00:45.034466,2026-07-04T03:00:45.040997+00:00,131.5,41,bid,CostlyCorianders,DiligentDonuts,6490653
2026-07-04T03:00:45.586787,2026-07-04T03:00:45.598556+00:00,131.5,42,bid,CostlyCorianders,DiligentDonuts,6490659
2026-07-04T03:00:45.925552,2026-07-04T03:00:45.937331+00:00,131.2,50,ask,EarnestEspressos,FlawlessFlatbreads,6490664
2026-07-04T03:00:48.033140,2026-07-04T03:00:48.044908+00:00,131.2,50,ask,DiligentDonuts,FlawlessFlatbreads,6490694
2026-07-04T03:00:48.699335,2026-07-04T03:00:48.708903+00:00,131.2,12,ask,DiligentDonuts,Xuanyu Liu,6490701
2026-07-04T03:00:48.849192,2026-07-04T03:00:48.855966+00:00,131.2,38,ask,DiligentDonuts,CostlyCorianders,6490704
2026-07-04T03:00:48.849192,2026-07-04T03:00:48.861250+00:00,130.9,7,ask,EarnestEspressos,CostlyCorianders,6490705
2026-07-04T03:00:50.146502,2026-07-04T03:00:50.152787+00:00,130.9,50,ask,EarnestEspressos,FlawlessFlatbreads,6490719
2026-07-04T03:00:52.261672,2026-07-04T03:00:52.269215+00:00,130.8,50,ask,DiligentDonuts,FlawlessFlatbreads,6490747
2026-07-04T03:00:52.641641,2026-07-04T03:00:52.649775+00:00,131.0,12,bid,Xuanyu Liu,EarnestEspressos,6490751
2026-07-04T03:00:53.953143,2026-07-04T03:00:53.963091+00:00,131.0,11,bid,Xuanyu Liu,EarnestEspressos,6490777
2026-07-04T03:00:54.317057,2026-07-04T03:00:54.326674+00:00,131.0,50,bid,FlawlessFlatbreads,EarnestEspressos,6490784
2026-07-04T03:00:54.955078,2026-07-04T03:00:54.958581+00:00,131.1,48,bid,CostlyCorianders,DiligentDonuts,6490789
2026-07-04T03:00:58.601708,2026-07-04T03:00:58.609424+00:00,131.0,50,ask,EarnestEspressos,FlawlessFlatbreads,6490843
2026-07-04T03:00:59.259381,2026-07-04T03:00:59.268608+00:00,131.0,42,ask,EarnestEspressos,CostlyCorianders,6490851
2026-07-04T03:01:00.299840,2026-07-04T03:01:00.309119+00:00,131.0,41,ask,EarnestEspressos,CostlyCorianders,6490859
2026-07-04T03:01:00.517830,2026-07-04T03:01:00.526580+00:00,131.0,11,ask,EarnestEspressos,Xuanyu Liu,6490863
2026-07-04T03:01:00.788580,2026-07-04T03:01:00.796041+00:00,130.8,100,ask,DiligentDonuts,EarnestEspressos,6490868
2026-07-04T03:01:00.802094,2026-07-04T03:01:00.809728+00:00,130.7,11,bid,Xuanyu Liu,EarnestEspressos,6490869
2026-07-04T03:01:01.823535,2026-07-04T03:01:01.831033+00:00,130.7,3,bid,Xuanyu Liu,EarnestEspressos,6490882
2026-07-04T03:01:02.420776,2026-07-04T03:01:02.431531+00:00,130.7,36,bid,CostlyCorianders,EarnestEspressos,6490890
2026-07-04T03:01:02.420776,2026-07-04T03:01:02.431531+00:00,131.0,11,bid,CostlyCorianders,DiligentDonuts,6490891
2026-07-04T03:01:02.761322,2026-07-04T03:01:02.772839+00:00,131.0,50,bid,FlawlessFlatbreads,DiligentDonuts,6490898
2026-07-04T03:01:03.898288,2026-07-04T03:01:03.909960+00:00,131.0,39,bid,EarnestEspressos,DiligentDonuts,6490909
2026-07-04T03:01:03.959374,2026-07-04T03:01:03.967272+00:00,131.0,3,ask,EarnestEspressos,Xuanyu Liu,6490910
2026-07-04T03:01:04.878165,2026-07-04T03:01:04.889665+00:00,131.5,50,bid,FlawlessFlatbreads,EarnestEspressos,6490930
2026-07-04T03:01:05.809227,2026-07-04T03:01:05.815747+00:00,131.3,43,bid,CostlyCorianders,DiligentDonuts,6490944
2026-07-04T03:01:06.281171,2026-07-04T03:01:06.292932+00:00,131.0,44,ask,EarnestEspressos,CostlyCorianders,6490947
2026-07-04T03:01:06.857141,2026-07-04T03:01:06.858682+00:00,131.3,48,bid,CostlyCorianders,DiligentDonuts,6490955
2026-07-04T03:01:08.206728,2026-07-04T03:01:08.215188+00:00,131.1,11,ask,DiligentDonuts,Xuanyu Liu,6490970
2026-07-04T03:01:09.138652,2026-07-04T03:01:09.150056+00:00,131.1,50,ask,DiligentDonuts,FlawlessFlatbreads,6490983
2026-07-04T03:01:11.006350,2026-07-04T03:01:11.014153+00:00,131.1,12,ask,DiligentDonuts,Xuanyu Liu,6491013
2026-07-04T03:01:11.257913,2026-07-04T03:01:11.269172+00:00,131.1,27,ask,DiligentDonuts,FlawlessFlatbreads,6491017
2026-07-04T03:01:11.257913,2026-07-04T03:01:11.269172+00:00,130.9,23,ask,EarnestEspressos,FlawlessFlatbreads,6491018
2026-07-04T03:01:13.366707,2026-07-04T03:01:13.378270+00:00,130.6,50,ask,DiligentDonuts,FlawlessFlatbreads,6491049
2026-07-04T03:01:15.421622,2026-07-04T03:01:15.433523+00:00,130.9,50,bid,FlawlessFlatbreads,DiligentDonuts,6491069
2026-07-04T03:01:17.201805,2026-07-04T03:01:17.210446+00:00,130.6,44,ask,EarnestEspressos,CostlyCorianders,6491095
2026-07-04T03:01:17.359979,2026-07-04T03:01:17.368224+00:00,130.9,23,bid,Xuanyu Liu,DiligentDonuts,6491097
2026-07-04T03:01:17.529455,2026-07-04T03:01:17.537885+00:00,130.9,27,bid,FlawlessFlatbreads,DiligentDonuts,6491100
2026-07-04T03:01:17.529455,2026-07-04T03:01:17.543440+00:00,131.1,23,bid,FlawlessFlatbreads,EarnestEspressos,6491101
2026-07-04T03:01:19.636629,2026-07-04T03:01:19.645624+00:00,131.1,50,bid,FlawlessFlatbreads,EarnestEspressos,6491134
2026-07-04T03:01:20.554165,2026-07-04T03:01:20.565600+00:00,130.7,42,ask,DiligentDonuts,CostlyCorianders,6491145
2026-07-04T03:01:21.792708,2026-07-04T03:01:21.803932+00:00,130.6,50,ask,EarnestEspressos,FlawlessFlatbreads,6491168
2026-07-04T03:01:22.777755,2026-07-04T03:01:22.789792+00:00,131.0,45,bid,CostlyCorianders,DiligentDonuts,6491178
2026-07-04T03:01:23.900486,2026-07-04T03:01:23.912407+00:00,130.5,50,ask,DiligentDonuts,FlawlessFlatbreads,6491194
2026-07-04T03:01:25.890334,2026-07-04T03:01:25.902113+00:00,130.8,45,bid,CostlyCorianders,EarnestEspressos,6491219
2026-07-04T03:01:26.008348,2026-07-04T03:01:26.019971+00:00,130.5,50,ask,DiligentDonuts,FlawlessFlatbreads,6491222
2026-07-04T03:01:26.450374,2026-07-04T03:01:26.456675+00:00,130.7,40,ask,EarnestEspressos,CostlyCorianders,6491230
2026-07-04T03:01:29.935335,2026-07-04T03:01:29.946807+00:00,130.7,43,ask,DiligentDonuts,CostlyCorianders,6491273
2026-07-04T03:01:30.169565,2026-07-04T03:01:30.181286+00:00,131.1,50,bid,FlawlessFlatbreads,EarnestEspressos,6491276
2026-07-04T03:01:32.329562,2026-07-04T03:01:32.341352+00:00,130.5,50,ask,DiligentDonuts,FlawlessFlatbreads,6491314
2026-07-04T03:01:32.500965,2026-07-04T03:01:32.509868+00:00,130.8,11,ask,EarnestEspressos,Xuanyu Liu,6491322
2026-07-04T03:01:33.052433,2026-07-04T03:01:33.063918+00:00,130.8,41,ask,EarnestEspressos,CostlyCorianders,6491332
2026-07-04T03:01:33.580518,2026-07-04T03:01:33.592277+00:00,130.8,98,ask,EarnestEspressos,DiligentDonuts,6491340
2026-07-04T03:01:33.593726,2026-07-04T03:01:33.602859+00:00,130.5,2,bid,Xuanyu Liu,DiligentDonuts,6491343
2026-07-04T03:01:35.610991,2026-07-04T03:01:35.627881+00:00,130.5,9,bid,Xuanyu Liu,EarnestEspressos,6491361
2026-07-04T03:01:36.236049,2026-07-04T03:01:36.247648+00:00,130.5,42,bid,CostlyCorianders,EarnestEspressos,6491373
2026-07-04T03:01:37.236550,2026-07-04T03:01:37.244514+00:00,130.5,3,bid,Xuanyu Liu,EarnestEspressos,6491386
2026-07-04T03:01:37.828905,2026-07-04T03:01:37.840736+00:00,130.5,47,bid,CostlyCorianders,EarnestEspressos,6491390
2026-07-04T03:01:38.592176,2026-07-04T03:01:38.603617+00:00,130.5,49,bid,FlawlessFlatbreads,EarnestEspressos,6491401
2026-07-04T03:01:42.475369,2026-07-04T03:01:42.483017+00:00,130.6,41,ask,EarnestEspressos,CostlyCorianders,6491466
2026-07-04T03:01:42.740686,2026-07-04T03:01:42.748341+00:00,130.6,3,ask,EarnestEspressos,Xuanyu Liu,6491469
2026-07-04T03:01:42.853884,2026-07-04T03:01:42.858585+00:00,130.6,50,ask,EarnestEspressos,FlawlessFlatbreads,6491472
2026-07-04T03:01:43.535891,2026-07-04T03:01:43.547818+00:00,130.8,49,bid,CostlyCorianders,DiligentDonuts,6491484
2026-07-04T03:01:43.793012,2026-07-04T03:01:43.803385+00:00,130.6,11,ask,EarnestEspressos,Xuanyu Liu,6491487
2026-07-04T03:01:44.959974,2026-07-04T03:01:44.968251+00:00,130.6,45,ask,EarnestEspressos,FlawlessFlatbreads,6491510
2026-07-04T03:01:44.959974,2026-07-04T03:01:44.968251+00:00,130.3,5,ask,DiligentDonuts,FlawlessFlatbreads,6491511
2026-07-04T03:01:45.080109,2026-07-04T03:01:45.088640+00:00,130.3,95,ask,DiligentDonuts,EarnestEspressos,6491513
2026-07-04T03:01:45.097146,2026-07-04T03:01:45.111756+00:00,130.2,14,bid,Xuanyu Liu,EarnestEspressos,6491515
2026-07-04T03:01:50.359519,2026-07-04T03:01:50.368814+00:00,130.3,3,ask,EarnestEspressos,Xuanyu Liu,6491595
2026-07-04T03:01:50.631822,2026-07-04T03:01:50.641275+00:00,130.4,46,bid,CostlyCorianders,DiligentDonuts,6491599
2026-07-04T03:01:51.237271,2026-07-04T03:01:51.251043+00:00,130.4,50,bid,FlawlessFlatbreads,DiligentDonuts,6491606
2026-07-04T03:01:51.284940,2026-07-04T03:01:51.292725+00:00,130.3,11,ask,EarnestEspressos,Xuanyu Liu,6491611
2026-07-04T03:01:53.452863,2026-07-04T03:01:53.464338+00:00,130.2,47,ask,DiligentDonuts,CostlyCorianders,6491634
2026-07-04T03:01:54.026961,2026-07-04T03:01:54.038480+00:00,130.2,40,ask,DiligentDonuts,CostlyCorianders,6491640
2026-07-04T03:01:54.290999,2026-07-04T03:01:54.299483+00:00,130.2,12,ask,DiligentDonuts,Xuanyu Liu,6491645
2026-07-04T03:01:55.136141,2026-07-04T03:01:55.147877+00:00,130.2,1,ask,DiligentDonuts,CostlyCorianders,6491661
2026-07-04T03:01:55.136141,2026-07-04T03:01:55.147877+00:00,129.8,45,ask,EarnestEspressos,CostlyCorianders,6491662
2026-07-04T03:01:56.105936,2026-07-04T03:01:56.117626+00:00,130.2,45,bid,CostlyCorianders,DiligentDonuts,6491680
2026-07-04T03:01:57.555837,2026-07-04T03:01:57.567466+00:00,130.2,50,bid,FlawlessFlatbreads,DiligentDonuts,6491706
2026-07-04T03:01:59.662368,2026-07-04T03:01:59.674350+00:00,130.1,50,bid,FlawlessFlatbreads,EarnestEspressos,6491726
2026-07-04T03:02:00.946274,2026-07-04T03:02:00.958586+00:00,130.3,40,bid,CostlyCorianders,DiligentDonuts,6491742
2026-07-04T03:02:01.888634,2026-07-04T03:02:01.900221+00:00,129.8,42,ask,DiligentDonuts,CostlyCorianders,6491755
2026-07-04T03:02:03.469664,2026-07-04T03:02:03.479543+00:00,130.3,49,bid,CostlyCorianders,EarnestEspressos,6491771
2026-07-04T03:02:03.875109,2026-07-04T03:02:03.886897+00:00,130.3,50,bid,FlawlessFlatbreads,EarnestEspressos,6491777
2026-07-04T03:02:06.156652,2026-07-04T03:02:06.168197+00:00,130.4,45,bid,CostlyCorianders,DiligentDonuts,6491809
2026-07-04T03:02:06.794705,2026-07-04T03:02:06.806484+00:00,130.2,48,ask,EarnestEspressos,CostlyCorianders,6491815
2026-07-04T03:02:08.146884,2026-07-04T03:02:08.153328+00:00,130.3,50,ask,EarnestEspressos,FlawlessFlatbreads,6491833
2026-07-04T03:02:10.258655,2026-07-04T03:02:10.266278+00:00,130.3,50,ask,EarnestEspressos,FlawlessFlatbreads,6491856
2026-07-04T03:02:10.867580,2026-07-04T03:02:10.876340+00:00,130.5,48,bid,CostlyCorianders,EarnestEspressos,6491869
2026-07-04T03:02:12.364307,2026-07-04T03:02:12.376060+00:00,130.4,50,ask,DiligentDonuts,FlawlessFlatbreads,6491878
2026-07-04T03:02:13.457117,2026-07-04T03:02:13.468853+00:00,130.4,41,ask,DiligentDonuts,CostlyCorianders,6491887
2026-07-04T03:02:14.471860,2026-07-04T03:02:14.483685+00:00,130.4,9,ask,DiligentDonuts,FlawlessFlatbreads,6491901
2026-07-04T03:02:14.471860,2026-07-04T03:02:14.483685+00:00,130.2,41,ask,EarnestEspressos,FlawlessFlatbreads,6491902
2026-07-04T03:02:15.647823,2026-07-04T03:02:15.658598+00:00,130.2,47,ask,EarnestEspressos,CostlyCorianders,6491914
2026-07-04T03:02:16.563460,2026-07-04T03:02:16.575015+00:00,130.6,46,bid,CostlyCorianders,DiligentDonuts,6491927
2026-07-04T03:02:16.584058,2026-07-04T03:02:16.590676+00:00,130.2,50,ask,EarnestEspressos,FlawlessFlatbreads,6491929
2026-07-04T03:02:16.712536,2026-07-04T03:02:16.723913+00:00,130.1,100,ask,DiligentDonuts,EarnestEspressos,6491931
2026-07-04T03:02:16.725067,2026-07-04T03:02:16.732742+00:00,130.0,26,bid,Xuanyu Liu,EarnestEspressos,6491932
2026-07-04T03:02:17.107454,2026-07-04T03:02:17.118850+00:00,130.0,24,bid,CostlyCorianders,EarnestEspressos,6491939
2026-07-04T03:02:17.691769,2026-07-04T03:02:17.703325+00:00,129.5,46,ask,EarnestEspressos,CostlyCorianders,6491944
2026-07-04T03:02:18.637868,2026-07-04T03:02:18.648806+00:00,130.2,50,bid,FlawlessFlatbreads,DiligentDonuts,6491956
2026-07-04T03:02:20.795983,2026-07-04T03:02:20.803361+00:00,129.9,50,ask,EarnestEspressos,FlawlessFlatbreads,6491986
2026-07-04T03:02:22.903976,2026-07-04T03:02:22.913050+00:00,129.9,50,ask,EarnestEspressos,FlawlessFlatbreads,6492019
2026-07-04T03:02:23.257297,2026-07-04T03:02:23.266637+00:00,130.2,49,bid,CostlyCorianders,EarnestEspressos,6492024
2026-07-04T03:02:24.283476,2026-07-04T03:02:24.292829+00:00,130.2,42,bid,CostlyCorianders,EarnestEspressos,6492042
2026-07-04T03:02:24.864111,2026-07-04T03:02:24.875622+00:00,130.1,47,ask,DiligentDonuts,CostlyCorianders,6492052
2026-07-04T03:02:26.512726,2026-07-04T03:02:26.524747+00:00,130.1,49,ask,DiligentDonuts,CostlyCorianders,6492072
2026-07-04T03:02:27.003857,2026-07-04T03:02:27.011840+00:00,130.1,4,ask,DiligentDonuts,CostlyCorianders,6492083
2026-07-04T03:02:27.063374,2026-07-04T03:02:27.074979+00:00,130.5,50,bid,FlawlessFlatbreads,EarnestEspressos,6492084
2026-07-04T03:02:28.962189,2026-07-04T03:02:28.973987+00:00,130.3,45,bid,CostlyCorianders,DiligentDonuts,6492105
2026-07-04T03:02:29.172193,2026-07-04T03:02:29.183963+00:00,130.3,50,bid,FlawlessFlatbreads,DiligentDonuts,6492106
2026-07-04T03:02:29.310002,2026-07-04T03:02:29.321837+00:00,130.3,5,bid,EarnestEspressos,DiligentDonuts,6492107
2026-07-04T03:02:32.993366,2026-07-04T03:02:33.001557+00:00,130.4,43,ask,EarnestEspressos,CostlyCorianders,6492154
2026-07-04T03:02:33.383449,2026-07-04T03:02:33.392780+00:00,130.6,50,bid,FlawlessFlatbreads,DiligentDonuts,6492165
2026-07-04T03:02:34.215258,2026-07-04T03:02:34.224547+00:00,130.8,46,bid,CostlyCorianders,DiligentDonuts,6492169
2026-07-04T03:02:35.490135,2026-07-04T03:02:35.501961+00:00,130.8,50,bid,FlawlessFlatbreads,DiligentDonuts,6492189
2026-07-04T03:02:36.784707,2026-07-04T03:02:36.793284+00:00,130.4,3,ask,DiligentDonuts,Xuanyu Liu,6492198
2026-07-04T03:02:37.273683,2026-07-04T03:02:37.280758+00:00,130.4,11,ask,DiligentDonuts,Xuanyu Liu,6492205
2026-07-04T03:02:37.546073,2026-07-04T03:02:37.558556+00:00,130.4,47,ask,DiligentDonuts,CostlyCorianders,6492211
2026-07-04T03:02:39.752027,2026-07-04T03:02:39.763730+00:00,130.4,39,ask,DiligentDonuts,FlawlessFlatbreads,6492245
2026-07-04T03:02:39.752027,2026-07-04T03:02:39.763730+00:00,130.1,11,ask,EarnestEspressos,FlawlessFlatbreads,6492246
2026-07-04T03:02:41.810164,2026-07-04T03:02:41.821639+00:00,130.5,50,bid,FlawlessFlatbreads,DiligentDonuts,6492274
2026-07-04T03:02:42.178299,2026-07-04T03:02:42.189931+00:00,130.5,42,bid,CostlyCorianders,DiligentDonuts,6492281
2026-07-04T03:02:42.704544,2026-07-04T03:02:42.716329+00:00,130.2,40,ask,EarnestEspressos,CostlyCorianders,6492288
2026-07-04T03:02:43.919685,2026-07-04T03:02:43.931225+00:00,130.7,50,bid,FlawlessFlatbreads,EarnestEspressos,6492308
2026-07-04T03:02:44.300547,2026-07-04T03:02:44.309447+00:00,130.5,41,ask,DiligentDonuts,CostlyCorianders,6492309
2026-07-04T03:02:45.216126,2026-07-04T03:02:45.225736+00:00,130.5,59,ask,DiligentDonuts,EarnestEspressos,6492325
2026-07-04T03:02:45.819218,2026-07-04T03:02:45.830859+00:00,130.5,42,bid,CostlyCorianders,EarnestEspressos,6492331
2026-07-04T03:02:46.029615,2026-07-04T03:02:46.041508+00:00,130.5,49,bid,FlawlessFlatbreads,EarnestEspressos,6492333
2026-07-04T03:02:46.029615,2026-07-04T03:02:46.041508+00:00,131.0,1,bid,FlawlessFlatbreads,DiligentDonuts,6492334
2026-07-04T03:02:48.137908,2026-07-04T03:02:48.146071+00:00,130.8,50,bid,FlawlessFlatbreads,DiligentDonuts,6492354
2026-07-04T03:02:48.325914,2026-07-04T03:02:48.337988+00:00,130.8,50,bid,EarnestEspressos,DiligentDonuts,6492357
2026-07-04T03:02:48.394925,2026-07-04T03:02:48.402981+00:00,131.1,12,ask,EarnestEspressos,Xuanyu Liu,6492358
2026-07-04T03:02:48.464338,2026-07-04T03:02:48.475951+00:00,131.1,45,ask,EarnestEspressos,CostlyCorianders,6492361
2026-07-04T03:02:48.728588,2026-07-04T03:02:48.737461+00:00,131.1,11,ask,EarnestEspressos,Xuanyu Liu,6492369
2026-07-04T03:02:49.399000,2026-07-04T03:02:49.407105+00:00,131.1,12,ask,EarnestEspressos,Xuanyu Liu,6492383
2026-07-04T03:02:50.297251,2026-07-04T03:02:50.305627+00:00,131.1,20,ask,EarnestEspressos,FlawlessFlatbreads,6492400
2026-07-04T03:02:50.297251,2026-07-04T03:02:50.305627+00:00,130.9,30,ask,DiligentDonuts,FlawlessFlatbreads,6492401
2026-07-04T03:02:51.542836,2026-07-04T03:02:51.563540+00:00,130.9,70,ask,DiligentDonuts,EarnestEspressos,6492415
2026-07-04T03:02:51.555488,2026-07-04T03:02:51.563540+00:00,130.7,12,bid,Xuanyu Liu,EarnestEspressos,6492416
2026-07-04T03:02:52.362284,2026-07-04T03:02:52.368950+00:00,130.7,50,bid,FlawlessFlatbreads,EarnestEspressos,6492425
2026-07-04T03:02:53.026020,2026-07-04T03:02:53.037592+00:00,130.7,18,bid,CostlyCorianders,EarnestEspressos,6492437
2026-07-04T03:02:53.026020,2026-07-04T03:02:53.037592+00:00,130.7,23,bid,CostlyCorianders,DiligentDonuts,6492438
2026-07-04T03:02:53.332830,2026-07-04T03:02:53.340896+00:00,130.7,11,bid,Xuanyu Liu,DiligentDonuts,6492440
2026-07-04T03:02:53.637995,2026-07-04T03:02:53.649504+00:00,130.7,44,bid,CostlyCorianders,DiligentDonuts,6492443
2026-07-04T03:02:54.110593,2026-07-04T03:02:54.117942+00:00,130.2,48,ask,EarnestEspressos,CostlyCorianders,6492451
2026-07-04T03:02:54.468070,2026-07-04T03:02:54.479658+00:00,130.7,22,bid,FlawlessFlatbreads,DiligentDonuts,6492457
2026-07-04T03:02:56.206160,2026-07-04T03:02:56.217770+00:00,131.2,46,bid,CostlyCorianders,EarnestEspressos,6492478
2026-07-04T03:02:56.576535,2026-07-04T03:02:56.588422+00:00,131.2,50,bid,FlawlessFlatbreads,EarnestEspressos,6492486
2026-07-04T03:02:57.833441,2026-07-04T03:02:57.844129+00:00,131.2,23,ask,EarnestEspressos,Xuanyu Liu,6492498
2026-07-04T03:02:58.726572,2026-07-04T03:02:58.738408+00:00,131.2,47,ask,EarnestEspressos,CostlyCorianders,6492512
2026-07-04T03:02:58.734407,2026-07-04T03:02:58.743593+00:00,131.2,50,ask,EarnestEspressos,FlawlessFlatbreads,6492513
2026-07-04T03:02:59.018443,2026-07-04T03:02:59.031332+00:00,131.2,11,ask,EarnestEspressos,Xuanyu Liu,6492515
2026-07-04T03:03:00.841746,2026-07-04T03:03:00.851249+00:00,131.2,19,ask,EarnestEspressos,FlawlessFlatbreads,6492543
2026-07-04T03:03:00.841746,2026-07-04T03:03:00.851249+00:00,130.8,31,ask,DiligentDonuts,FlawlessFlatbreads,6492544
2026-07-04T03:03:00.991676,2026-07-04T03:03:01.003052+00:00,130.8,48,ask,DiligentDonuts,CostlyCorianders,6492550
2026-07-04T03:03:01.044152,2026-07-04T03:03:01.053227+00:00,131.0,11,bid,Xuanyu Liu,EarnestEspressos,6492551
2026-07-04T03:03:02.899835,2026-07-04T03:03:02.909272+00:00,131.0,50,bid,FlawlessFlatbreads,EarnestEspressos,6492567
2026-07-04T03:03:03.818324,2026-07-04T03:03:03.825449+00:00,131.0,23,bid,Xuanyu Liu,EarnestEspressos,6492583
2026-07-04T03:03:04.569694,2026-07-04T03:03:04.581453+00:00,131.0,48,bid,CostlyCorianders,DiligentDonuts,6492601
2026-07-04T03:03:05.006054,2026-07-04T03:03:05.015019+00:00,131.0,50,bid,FlawlessFlatbreads,DiligentDonuts,6492608
2026-07-04T03:03:05.629136,2026-07-04T03:03:05.640979+00:00,131.1,47,bid,CostlyCorianders,EarnestEspressos,6492620
2026-07-04T03:03:05.684493,2026-07-04T03:03:05.695776+00:00,130.9,46,ask,DiligentDonuts,CostlyCorianders,6492622
2026-07-04T03:03:06.195495,2026-07-04T03:03:06.202904+00:00,130.9,45,ask,DiligentDonuts,CostlyCorianders,6492630
2026-07-04T03:03:07.123531,2026-07-04T03:03:07.135248+00:00,131.1,50,bid,FlawlessFlatbreads,EarnestEspressos,6492653
2026-07-04T03:03:07.314218,2026-07-04T03:03:07.322192+00:00,131.3,34,ask,EarnestEspressos,Xuanyu Liu,6492654
2026-07-04T03:03:07.483238,2026-07-04T03:03:07.491036+00:00,131.3,11,ask,EarnestEspressos,Xuanyu Liu,6492657
2026-07-04T03:03:08.183301,2026-07-04T03:03:08.194917+00:00,131.4,43,bid,CostlyCorianders,DiligentDonuts,6492667
2026-07-04T03:03:08.239674,2026-07-04T03:03:08.251357+00:00,131.3,44,ask,EarnestEspressos,CostlyCorianders,6492668
2026-07-04T03:03:08.471642,2026-07-04T03:03:08.483229+00:00,131.3,61,ask,EarnestEspressos,DiligentDonuts,6492670
2026-07-04T03:03:08.732215,2026-07-04T03:03:08.740318+00:00,131.1,11,bid,Xuanyu Liu,DiligentDonuts,6492672
2026-07-04T03:03:09.229923,2026-07-04T03:03:09.241615+00:00,131.1,28,bid,FlawlessFlatbreads,DiligentDonuts,6492680
2026-07-04T03:03:09.229923,2026-07-04T03:03:09.241615+00:00,131.8,22,bid,FlawlessFlatbreads,EarnestEspressos,6492681
2026-07-04T03:03:11.365526,2026-07-04T03:03:11.377265+00:00,131.4,50,bid,FlawlessFlatbreads,EarnestEspressos,6492712
2026-07-04T03:03:13.473649,2026-07-04T03:03:13.482560+00:00,131.4,50,bid,FlawlessFlatbreads,EarnestEspressos,6492741
2026-07-04T03:03:15.642215,2026-07-04T03:03:15.663649+00:00,131.1,50,ask,EarnestEspressos,FlawlessFlatbreads,6492767
2026-07-04T03:03:15.839036,2026-07-04T03:03:15.850995+00:00,131.4,41,bid,CostlyCorianders,DiligentDonuts,6492768
2026-07-04T03:03:15.894998,2026-07-04T03:03:15.902054+00:00,131.1,40,ask,EarnestEspressos,CostlyCorianders,6492769
2026-07-04T03:03:17.591970,2026-07-04T03:03:17.602286+00:00,131.4,47,bid,CostlyCorianders,DiligentDonuts,6492797
2026-07-04T03:03:17.750254,2026-07-04T03:03:17.758590+00:00,130.9,50,ask,DiligentDonuts,FlawlessFlatbreads,6492799
2026-07-04T03:03:18.747058,2026-07-04T03:03:18.758793+00:00,131.2,47,ask,DiligentDonuts,CostlyCorianders,6492809
2026-07-04T03:03:19.857345,2026-07-04T03:03:19.868802+00:00,131.2,50,ask,DiligentDonuts,FlawlessFlatbreads,6492824
2026-07-04T03:03:20.272803,2026-07-04T03:03:20.279510+00:00,131.2,3,ask,DiligentDonuts,CostlyCorianders,6492828
2026-07-04T03:03:21.963410,2026-07-04T03:03:21.971025+00:00,130.8,50,ask,EarnestEspressos,FlawlessFlatbreads,6492851
2026-07-04T03:03:22.409755,2026-07-04T03:03:22.420052+00:00,131.3,41,bid,CostlyCorianders,EarnestEspressos,6492855
2026-07-04T03:03:22.463901,2026-07-04T03:03:22.474664+00:00,130.8,48,ask,EarnestEspressos,CostlyCorianders,6492856
2026-07-04T03:03:23.294945,2026-07-04T03:03:23.302865+00:00,130.9,11,bid,Xuanyu Liu,EarnestEspressos,6492873
2026-07-04T03:03:23.479166,2026-07-04T03:03:23.488220+00:00,130.9,12,bid,Xuanyu Liu,EarnestEspressos,6492877
2026-07-04T03:03:24.069649,2026-07-04T03:03:24.081018+00:00,130.8,50,ask,DiligentDonuts,FlawlessFlatbreads,6492886
2026-07-04T03:03:25.993572,2026-07-04T03:03:26.005228+00:00,130.9,42,bid,CostlyCorianders,EarnestEspressos,6492909
2026-07-04T03:03:26.175755,2026-07-04T03:03:26.182495+00:00,130.6,50,ask,DiligentDonuts,FlawlessFlatbreads,6492914
2026-07-04T03:03:28.230512,2026-07-04T03:03:28.242270+00:00,131.0,50,bid,FlawlessFlatbreads,DiligentDonuts,6492944
2026-07-04T03:03:29.438287,2026-07-04T03:03:29.445565+00:00,131.0,40,bid,CostlyCorianders,DiligentDonuts,6492962
2026-07-04T03:03:30.339230,2026-07-04T03:03:30.351134+00:00,131.0,10,bid,FlawlessFlatbreads,DiligentDonuts,6492968
2026-07-04T03:03:30.339230,2026-07-04T03:03:30.351134+00:00,131.3,40,bid,FlawlessFlatbreads,EarnestEspressos,6492969
2026-07-04T03:03:32.447112,2026-07-04T03:03:32.453380+00:00,131.3,50,bid,FlawlessFlatbreads,EarnestEspressos,6493001
2026-07-04T03:03:32.599832,2026-07-04T03:03:32.608818+00:00,131.0,12,ask,EarnestEspressos,Xuanyu Liu,6493002
2026-07-04T03:03:32.820056,2026-07-04T03:03:32.831602+00:00,131.0,49,ask,EarnestEspressos,CostlyCorianders,6493006
2026-07-04T03:03:33.977546,2026-07-04T03:03:33.988180+00:00,131.0,22,ask,EarnestEspressos,Xuanyu Liu,6493020
2026-07-04T03:03:34.605305,2026-07-04T03:03:34.617030+00:00,131.0,50,ask,EarnestEspressos,FlawlessFlatbreads,6493031
2026-07-04T03:03:34.731747,2026-07-04T03:03:34.740337+00:00,131.0,17,ask,EarnestEspressos,CostlyCorianders,6493033
2026-07-04T03:03:34.731747,2026-07-04T03:03:34.740337+00:00,130.8,32,ask,DiligentDonuts,CostlyCorianders,6493034
2026-07-04T03:03:35.801646,2026-07-04T03:03:35.822721+00:00,130.8,68,ask,DiligentDonuts,EarnestEspressos,6493050
2026-07-04T03:03:35.814562,2026-07-04T03:03:35.822721+00:00,130.8,11,bid,Xuanyu Liu,EarnestEspressos,6493052
2026-07-04T03:03:36.709993,2026-07-04T03:03:36.721403+00:00,130.3,50,ask,EarnestEspressos,FlawlessFlatbreads,6493065
2026-07-04T03:03:36.996567,2026-07-04T03:03:37.005023+00:00,130.7,11,bid,Xuanyu Liu,DiligentDonuts,6493068
2026-07-04T03:03:37.148116,2026-07-04T03:03:37.163847+00:00,130.7,46,bid,CostlyCorianders,DiligentDonuts,6493070
2026-07-04T03:03:38.362498,2026-07-04T03:03:38.373487+00:00,130.7,12,bid,Xuanyu Liu,DiligentDonuts,6493095
2026-07-04T03:03:39.231135,2026-07-04T03:03:39.242733+00:00,130.5,40,ask,EarnestEspressos,CostlyCorianders,6493107
2026-07-04T03:03:40.921372,2026-07-04T03:03:40.932758+00:00,130.5,50,ask,EarnestEspressos,FlawlessFlatbreads,6493130
2026-07-04T03:03:45.131928,2026-07-04T03:03:45.143795+00:00,130.5,50,ask,DiligentDonuts,FlawlessFlatbreads,6493170
2026-07-04T03:03:47.154671,2026-07-04T03:03:47.162874+00:00,130.7,23,bid,Xuanyu Liu,EarnestEspressos,6493203
2026-07-04T03:03:47.189050,2026-07-04T03:03:47.200960+00:00,130.7,50,bid,FlawlessFlatbreads,EarnestEspressos,6493205
2026-07-04T03:03:49.349048,2026-07-04T03:03:49.357985+00:00,130.6,50,ask,EarnestEspressos,FlawlessFlatbreads,6493234
2026-07-04T03:03:51.457824,2026-07-04T03:03:51.465327+00:00,130.6,50,ask,EarnestEspressos,FlawlessFlatbreads,6493267
2026-07-04T03:03:53.566345,2026-07-04T03:03:53.575076+00:00,130.6,50,ask,DiligentDonuts,FlawlessFlatbreads,6493288
2026-07-04T03:03:55.335467,2026-07-04T03:03:55.346707+00:00,130.8,44,bid,CostlyCorianders,EarnestEspressos,6493307
2026-07-04T03:03:55.673760,2026-07-04T03:03:55.682825+00:00,130.6,50,ask,DiligentDonuts,FlawlessFlatbreads,6493310
2026-07-04T03:03:56.342493,2026-07-04T03:03:56.350532+00:00,130.7,11,bid,Xuanyu Liu,DiligentDonuts,6493316
2026-07-04T03:03:57.316483,2026-07-04T03:03:57.326406+00:00,130.7,48,bid,CostlyCorianders,DiligentDonuts,6493330
2026-07-04T03:03:57.782093,2026-07-04T03:03:57.793527+00:00,130.3,50,ask,EarnestEspressos,FlawlessFlatbreads,6493338
2026-07-04T03:03:57.916253,2026-07-04T03:03:57.927605+00:00,130.7,41,bid,CostlyCorianders,DiligentDonuts,6493342
2026-07-04T03:04:01.992300,2026-07-04T03:04:02.000745+00:00,130.6,50,ask,DiligentDonuts,FlawlessFlatbreads,6493388
2026-07-04T03:04:04.098218,2026-07-04T03:04:04.109995+00:00,130.3,50,ask,DiligentDonuts,FlawlessFlatbreads,6493418
2026-07-04T03:04:05.240519,2026-07-04T03:04:05.252213+00:00,130.3,41,ask,DiligentDonuts,CostlyCorianders,6493438
2026-07-04T03:04:05.784751,2026-07-04T03:04:05.796157+00:00,130.4,41,bid,CostlyCorianders,DiligentDonuts,6493451
2026-07-04T03:04:06.227680,2026-07-04T03:04:06.236912+00:00,130.2,50,ask,EarnestEspressos,FlawlessFlatbreads,6493462
2026-07-04T03:04:07.687631,2026-07-04T03:04:07.699054+00:00,129.9,49,ask,DiligentDonuts,CostlyCorianders,6493475
2026-07-04T03:04:08.334336,2026-07-04T03:04:08.345923+00:00,129.9,50,ask,DiligentDonuts,FlawlessFlatbreads,6493488
2026-07-04T03:04:08.652397,2026-07-04T03:04:08.666332+00:00,130.3,3,bid,Xuanyu Liu,DiligentDonuts,6493494
2026-07-04T03:04:10.443184,2026-07-04T03:04:10.464260+00:00,129.9,50,ask,EarnestEspressos,FlawlessFlatbreads,6493511
2026-07-04T03:04:12.549805,2026-07-04T03:04:12.560618+00:00,130.0,50,ask,DiligentDonuts,FlawlessFlatbreads,6493535
2026-07-04T03:04:14.662255,2026-07-04T03:04:14.670078+00:00,130.0,50,ask,DiligentDonuts,FlawlessFlatbreads,6493560
2026-07-04T03:04:14.788234,2026-07-04T03:04:14.797893+00:00,130.3,41,bid,CostlyCorianders,EarnestEspressos,6493565
2026-07-04T03:04:14.959455,2026-07-04T03:04:14.967640+00:00,130.1,3,bid,Xuanyu Liu,DiligentDonuts,6493567
2026-07-04T03:04:16.307580,2026-07-04T03:04:16.319228+00:00,129.8,40,ask,EarnestEspressos,CostlyCorianders,6493581
2026-07-04T03:04:16.772388,2026-07-04T03:04:16.784189+00:00,129.8,50,ask,EarnestEspressos,FlawlessFlatbreads,6493592
2026-07-04T03:04:18.827806,2026-07-04T03:04:18.838845+00:00,130.0,50,bid,FlawlessFlatbreads,EarnestEspressos,6493624
2026-07-04T03:04:20.985986,2026-07-04T03:04:20.997499+00:00,129.6,50,ask,EarnestEspressos,FlawlessFlatbreads,6493649
2026-07-04T03:04:21.316551,2026-07-04T03:04:21.324811+00:00,130.0,11,bid,Xuanyu Liu,DiligentDonuts,6493655
2026-07-04T03:04:23.040959,2026-07-04T03:04:23.052336+00:00,130.0,50,bid,FlawlessFlatbreads,DiligentDonuts,6493683
2026-07-04T03:04:25.147792,2026-07-04T03:04:25.158574+00:00,130.1,50,bid,FlawlessFlatbreads,EarnestEspressos,6493715
2026-07-04T03:04:27.310744,2026-07-04T03:04:27.319512+00:00,129.7,50,ask,EarnestEspressos,FlawlessFlatbreads,6493748
2026-07-04T03:04:27.866793,2026-07-04T03:04:27.874401+00:00,129.9,23,bid,Xuanyu Liu,DiligentDonuts,6493755
2026-07-04T03:04:29.366273,2026-07-04T03:04:29.378173+00:00,129.9,50,bid,FlawlessFlatbreads,DiligentDonuts,6493779
2026-07-04T03:04:31.472903,2026-07-04T03:04:31.484622+00:00,129.8,50,bid,FlawlessFlatbreads,EarnestEspressos,6493808
2026-07-04T03:04:33.092574,2026-07-04T03:04:33.100546+00:00,130.0,46,bid,CostlyCorianders,EarnestEspressos,6493826
2026-07-04T03:04:33.112309,2026-07-04T03:04:33.119390+00:00,129.7,23,ask,DiligentDonuts,Xuanyu Liu,6493828
2026-07-04T03:04:33.574883,2026-07-04T03:04:33.585129+00:00,129.7,44,ask,DiligentDonuts,CostlyCorianders,6493834
2026-07-04T03:04:33.581137,2026-07-04T03:04:33.590522+00:00,130.0,50,bid,FlawlessFlatbreads,EarnestEspressos,6493835
2026-07-04T03:04:35.689340,2026-07-04T03:04:35.700676+00:00,129.8,50,bid,EarnestEspressos,DiligentDonuts,6493866
2026-07-04T03:04:35.841352,2026-07-04T03:04:35.848083+00:00,129.8,50,bid,FlawlessFlatbreads,DiligentDonuts,6493868
2026-07-04T03:04:37.377085,2026-07-04T03:04:37.386740+00:00,130.0,46,ask,EarnestEspressos,CostlyCorianders,6493885
2026-07-04T03:04:37.794547,2026-07-04T03:04:37.806401+00:00,130.4,50,bid,FlawlessFlatbreads,DiligentDonuts,6493892
2026-07-04T03:04:38.371200,2026-07-04T03:04:38.378592+00:00,130.0,11,ask,EarnestEspressos,Xuanyu Liu,6493906
2026-07-04T03:04:39.055658,2026-07-04T03:04:39.057273+00:00,129.9,100,ask,DiligentDonuts,EarnestEspressos,6493913
2026-07-04T03:04:39.676644,2026-07-04T03:04:39.684819+00:00,129.9,11,bid,Xuanyu Liu,EarnestEspressos,6493926
2026-07-04T03:04:39.901641,2026-07-04T03:04:39.913622+00:00,129.9,39,bid,FlawlessFlatbreads,EarnestEspressos,6493930
2026-07-04T03:04:39.901641,2026-07-04T03:04:39.913622+00:00,130.4,11,bid,FlawlessFlatbreads,DiligentDonuts,6493931
2026-07-04T03:04:39.982105,2026-07-04T03:04:39.993635+00:00,130.4,39,bid,CostlyCorianders,DiligentDonuts,6493932
2026-07-04T03:04:42.061970,2026-07-04T03:04:42.073536+00:00,130.0,50,ask,DiligentDonuts,FlawlessFlatbreads,6493958
2026-07-04T03:04:42.179031,2026-07-04T03:04:42.186819+00:00,130.3,14,ask,EarnestEspressos,Xuanyu Liu,6493962
2026-07-04T03:04:42.679756,2026-07-04T03:04:42.691402+00:00,130.5,46,bid,CostlyCorianders,DiligentDonuts,6493970
2026-07-04T03:04:44.169685,2026-07-04T03:04:44.178071+00:00,130.3,50,ask,EarnestEspressos,FlawlessFlatbreads,6493985
2026-07-04T03:04:46.281791,2026-07-04T03:04:46.293808+00:00,130.0,50,ask,DiligentDonuts,FlawlessFlatbreads,6494012
2026-07-04T03:04:48.390570,2026-07-04T03:04:48.401141+00:00,130.0,50,ask,EarnestEspressos,FlawlessFlatbreads,6494047
2026-07-04T03:04:49.963535,2026-07-04T03:04:49.975270+00:00,129.8,44,ask,DiligentDonuts,CostlyCorianders,6494070
2026-07-04T03:04:50.496666,2026-07-04T03:04:50.508216+00:00,129.8,50,ask,DiligentDonuts,FlawlessFlatbreads,6494081
2026-07-04T03:04:53.043036,2026-07-04T03:04:53.054681+00:00,130.1,45,bid,CostlyCorianders,DiligentDonuts,6494113
2026-07-04T03:04:54.708616,2026-07-04T03:04:54.715782+00:00,129.8,50,ask,EarnestEspressos,FlawlessFlatbreads,6494140
2026-07-04T03:04:54.877795,2026-07-04T03:04:54.885206+00:00,130.0,3,bid,Xuanyu Liu,EarnestEspressos,6494148
2026-07-04T03:04:56.039362,2026-07-04T03:04:56.050776+00:00,129.5,41,ask,EarnestEspressos,CostlyCorianders,6494164
2026-07-04T03:04:57.623857,2026-07-04T03:04:57.633495+00:00,130.0,43,bid,CostlyCorianders,EarnestEspressos,6494187
2026-07-04T03:04:58.674813,2026-07-04T03:04:58.685015+00:00,129.5,45,ask,DiligentDonuts,CostlyCorianders,6494207
2026-07-04T03:04:58.888789,2026-07-04T03:04:58.897689+00:00,130.0,50,bid,FlawlessFlatbreads,DiligentDonuts,6494214
2026-07-04T03:05:00.994719,2026-07-04T03:05:01.006332+00:00,129.8,50,bid,FlawlessFlatbreads,DiligentDonuts,6494245
2026-07-04T03:05:01.981611,2026-07-04T03:05:01.990076+00:00,129.7,11,bid,Xuanyu Liu,EarnestEspressos,6494268
2026-07-04T03:05:02.348813,2026-07-04T03:05:02.355072+00:00,129.7,100,bid,DiligentDonuts,EarnestEspressos,6494274
2026-07-04T03:05:03.109046,2026-07-04T03:05:03.117525+00:00,129.7,39,bid,FlawlessFlatbreads,EarnestEspressos,6494281
2026-07-04T03:05:03.109046,2026-07-04T03:05:03.123115+00:00,130.2,11,bid,FlawlessFlatbreads,DiligentDonuts,6494282
2026-07-04T03:05:04.341598,2026-07-04T03:05:04.350862+00:00,129.6,44,ask,EarnestEspressos,CostlyCorianders,6494304
2026-07-04T03:05:05.271609,2026-07-04T03:05:05.281626+00:00,129.6,50,ask,EarnestEspressos,FlawlessFlatbreads,6494323
2026-07-04T03:05:06.088641,2026-07-04T03:05:06.096744+00:00,129.7,44,bid,CostlyCorianders,DiligentDonuts,6494329
2026-07-04T03:05:07.283872,2026-07-04T03:05:07.295406+00:00,129.7,41,bid,CostlyCorianders,DiligentDonuts,6494343
2026-07-04T03:05:08.412438,2026-07-04T03:05:08.423839+00:00,129.7,15,bid,CostlyCorianders,DiligentDonuts,6494355
2026-07-04T03:05:08.412438,2026-07-04T03:05:08.423839+00:00,129.8,26,bid,CostlyCorianders,EarnestEspressos,6494356
2026-07-04T03:05:09.484259,2026-07-04T03:05:09.494776+00:00,129.4,50,ask,DiligentDonuts,FlawlessFlatbreads,6494374
2026-07-04T03:05:11.606597,2026-07-04T03:05:11.616287+00:00,129.4,50,ask,DiligentDonuts,FlawlessFlatbreads,6494408
2026-07-04T03:05:12.971724,2026-07-04T03:05:12.983672+00:00,129.4,47,ask,EarnestEspressos,CostlyCorianders,6494430
2026-07-04T03:05:13.661539,2026-07-04T03:05:13.673293+00:00,129.6,50,bid,FlawlessFlatbreads,DiligentDonuts,6494440
2026-07-04T03:05:15.652305,2026-07-04T03:05:15.656422+00:00,129.6,45,bid,CostlyCorianders,EarnestEspressos,6494462
2026-07-04T03:05:15.769114,2026-07-04T03:05:15.779633+00:00,129.6,50,bid,FlawlessFlatbreads,EarnestEspressos,6494463
2026-07-04T03:05:16.949497,2026-07-04T03:05:16.958702+00:00,129.6,100,bid,EarnestEspressos,DiligentDonuts,6494474
2026-07-04T03:05:17.017557,2026-07-04T03:05:17.021174+00:00,129.7,11,ask,EarnestEspressos,Xuanyu Liu,6494477
2026-07-04T03:05:18.299882,2026-07-04T03:05:18.306880+00:00,129.7,3,ask,EarnestEspressos,Xuanyu Liu,6494497
2026-07-04T03:05:19.981088,2026-07-04T03:05:19.992646+00:00,130.1,50,bid,FlawlessFlatbreads,DiligentDonuts,6494522
2026-07-04T03:05:21.688703,2026-07-04T03:05:21.700290+00:00,129.6,49,ask,DiligentDonuts,CostlyCorianders,6494544
2026-07-04T03:05:22.970640,2026-07-04T03:05:22.977560+00:00,129.7,3,bid,Xuanyu Liu,EarnestEspressos,6494562
2026-07-04T03:05:24.245822,2026-07-04T03:05:24.257303+00:00,129.6,50,ask,DiligentDonuts,FlawlessFlatbreads,6494576
2026-07-04T03:05:26.353018,2026-07-04T03:05:26.364774+00:00,129.5,50,ask,DiligentDonuts,FlawlessFlatbreads,6494610
2026-07-04T03:05:28.271649,2026-07-04T03:05:28.278196+00:00,129.9,42,bid,CostlyCorianders,EarnestEspressos,6494633
2026-07-04T03:05:28.459615,2026-07-04T03:05:28.467745+00:00,129.6,50,ask,DiligentDonuts,FlawlessFlatbreads,6494635
2026-07-04T03:05:28.876968,2026-07-04T03:05:28.888776+00:00,129.9,44,bid,CostlyCorianders,EarnestEspressos,6494639
2026-07-04T03:05:30.572918,2026-07-04T03:05:30.584970+00:00,129.8,50,ask,EarnestEspressos,FlawlessFlatbreads,6494669
2026-07-04T03:05:31.077543,2026-07-04T03:05:31.089385+00:00,129.8,47,ask,EarnestEspressos,CostlyCorianders,6494675
2026-07-04T03:05:31.613241,2026-07-04T03:05:31.624780+00:00,129.8,47,ask,EarnestEspressos,CostlyCorianders,6494684
2026-07-04T03:05:32.681159,2026-07-04T03:05:32.693079+00:00,129.8,6,ask,EarnestEspressos,FlawlessFlatbreads,6494698
2026-07-04T03:05:32.875305,2026-07-04T03:05:32.886292+00:00,129.7,11,bid,Xuanyu Liu,EarnestEspressos,6494703
2026-07-04T03:05:33.470047,2026-07-04T03:05:33.479421+00:00,129.7,12,bid,Xuanyu Liu,EarnestEspressos,6494712
2026-07-04T03:05:34.025422,2026-07-04T03:05:34.035585+00:00,129.7,49,bid,CostlyCorianders,EarnestEspressos,6494722
2026-07-04T03:05:34.666195,2026-07-04T03:05:34.677837+00:00,129.5,48,ask,DiligentDonuts,CostlyCorianders,6494738
2026-07-04T03:05:34.789854,2026-07-04T03:05:34.801068+00:00,129.5,50,ask,DiligentDonuts,FlawlessFlatbreads,6494740
2026-07-04T03:05:35.834327,2026-07-04T03:05:35.843634+00:00,129.7,46,bid,CostlyCorianders,EarnestEspressos,6494754
2026-07-04T03:05:36.939044,2026-07-04T03:05:36.950804+00:00,129.7,47,ask,EarnestEspressos,CostlyCorianders,6494767
2026-07-04T03:05:38.604917,2026-07-04T03:05:38.616968+00:00,129.8,45,bid,CostlyCorianders,DiligentDonuts,6494782
2026-07-04T03:05:38.948269,2026-07-04T03:05:38.958599+00:00,129.8,50,bid,FlawlessFlatbreads,DiligentDonuts,6494791
2026-07-04T03:05:39.776826,2026-07-04T03:05:39.788953+00:00,129.8,5,bid,CostlyCorianders,DiligentDonuts,6494799
2026-07-04T03:05:41.055199,2026-07-04T03:05:41.066908+00:00,130.0,50,bid,FlawlessFlatbreads,DiligentDonuts,6494813
2026-07-04T03:05:41.389454,2026-07-04T03:05:41.401377+00:00,130.0,47,bid,CostlyCorianders,DiligentDonuts,6494821
2026-07-04T03:05:42.078009,2026-07-04T03:05:42.089745+00:00,129.7,49,ask,EarnestEspressos,CostlyCorianders,6494827
2026-07-04T03:05:43.097211,2026-07-04T03:05:43.107362+00:00,130.0,3,bid,CostlyCorianders,DiligentDonuts,6494835
2026-07-04T03:05:43.097211,2026-07-04T03:05:43.107362+00:00,130.1,37,bid,CostlyCorianders,EarnestEspressos,6494836
2026-07-04T03:05:43.692939,2026-07-04T03:05:43.700303+00:00,130.0,40,ask,DiligentDonuts,CostlyCorianders,6494847
2026-07-04T03:05:43.981655,2026-07-04T03:05:43.989405+00:00,130.0,12,ask,DiligentDonuts,Xuanyu Liu,6494852
2026-07-04T03:05:44.743633,2026-07-04T03:05:44.755116+00:00,130.0,41,ask,DiligentDonuts,CostlyCorianders,6494865
2026-07-04T03:05:45.268259,2026-07-04T03:05:45.280311+00:00,130.1,50,bid,FlawlessFlatbreads,EarnestEspressos,6494869
2026-07-04T03:05:47.374332,2026-07-04T03:05:47.385943+00:00,130.1,50,bid,FlawlessFlatbreads,DiligentDonuts,6494898
2026-07-04T03:05:49.480895,2026-07-04T03:05:49.492287+00:00,130.1,50,bid,FlawlessFlatbreads,DiligentDonuts,6494921
2026-07-04T03:05:49.498758,2026-07-04T03:05:49.510468+00:00,130.3,41,bid,CostlyCorianders,EarnestEspressos,6494922
2026-07-04T03:05:51.587107,2026-07-04T03:05:51.598451+00:00,130.3,50,bid,FlawlessFlatbreads,EarnestEspressos,6494956
2026-07-04T03:05:51.771125,2026-07-04T03:05:51.782609+00:00,129.8,43,ask,DiligentDonuts,CostlyCorianders,6494958
2026-07-04T03:05:51.797538,2026-07-04T03:05:51.805092+00:00,130.2,14,ask,EarnestEspressos,Xuanyu Liu,6494961
2026-07-04T03:05:53.062471,2026-07-04T03:05:53.074265+00:00,130.2,100,ask,EarnestEspressos,DiligentDonuts,6494989
2026-07-04T03:05:53.744776,2026-07-04T03:05:53.756369+00:00,130.2,36,ask,EarnestEspressos,FlawlessFlatbreads,6495000
2026-07-04T03:05:53.744776,2026-07-04T03:05:53.756369+00:00,129.7,14,ask,DiligentDonuts,FlawlessFlatbreads,6495001
2026-07-04T03:05:55.787321,2026-07-04T03:05:55.799735+00:00,130.0,3,bid,Xuanyu Liu,EarnestEspressos,6495027
2026-07-04T03:05:55.852362,2026-07-04T03:05:55.862685+00:00,129.7,50,ask,DiligentDonuts,FlawlessFlatbreads,6495034
2026-07-04T03:05:56.762898,2026-07-04T03:05:56.774949+00:00,129.9,46,ask,DiligentDonuts,CostlyCorianders,6495043
2026-07-04T03:05:57.402096,2026-07-04T03:05:57.413781+00:00,130.0,45,bid,CostlyCorianders,EarnestEspressos,6495050
2026-07-04T03:05:57.958589,2026-07-04T03:05:57.970057+00:00,129.9,50,ask,DiligentDonuts,FlawlessFlatbreads,6495059
2026-07-04T03:05:58.473149,2026-07-04T03:05:58.484771+00:00,129.9,4,ask,DiligentDonuts,CostlyCorianders,6495065
2026-07-04T03:05:58.473149,2026-07-04T03:05:58.484771+00:00,129.7,36,ask,EarnestEspressos,CostlyCorianders,6495066
2026-07-04T03:05:59.600075,2026-07-04T03:05:59.609101+00:00,129.9,42,bid,CostlyCorianders,DiligentDonuts,6495080
2026-07-04T03:06:00.035811,2026-07-04T03:06:00.047275+00:00,129.9,50,bid,FlawlessFlatbreads,DiligentDonuts,6495086
2026-07-04T03:06:00.742256,2026-07-04T03:06:00.753823+00:00,129.7,45,ask,EarnestEspressos,CostlyCorianders,6495097
2026-07-04T03:06:01.033093,2026-07-04T03:06:01.040200+00:00,129.9,8,bid,Xuanyu Liu,DiligentDonuts,6495100
2026-07-04T03:06:02.148596,2026-07-04T03:06:02.154997+00:00,130.0,50,bid,FlawlessFlatbreads,EarnestEspressos,6495120
2026-07-04T03:06:04.290584,2026-07-04T03:06:04.301682+00:00,130.0,50,bid,FlawlessFlatbreads,EarnestEspressos,6495149
2026-07-04T03:06:05.363353,2026-07-04T03:06:05.374075+00:00,130.2,41,bid,CostlyCorianders,EarnestEspressos,6495164
2026-07-04T03:06:06.273822,2026-07-04T03:06:06.285433+00:00,130.2,45,bid,CostlyCorianders,EarnestEspressos,6495181
2026-07-04T03:06:06.396986,2026-07-04T03:06:06.408505+00:00,130.2,50,bid,FlawlessFlatbreads,EarnestEspressos,6495182
2026-07-04T03:06:07.600797,2026-07-04T03:06:07.611790+00:00,130.3,100,bid,EarnestEspressos,DiligentDonuts,6495198
2026-07-04T03:06:07.659626,2026-07-04T03:06:07.668431+00:00,130.4,11,ask,EarnestEspressos,Xuanyu Liu,6495199
2026-07-04T03:06:08.505454,2026-07-04T03:06:08.517684+00:00,130.9,50,bid,FlawlessFlatbreads,EarnestEspressos,6495205
2026-07-04T03:06:10.612148,2026-07-04T03:06:10.624091+00:00,130.7,50,bid,FlawlessFlatbreads,DiligentDonuts,6495227
2026-07-04T03:06:12.721516,2026-07-04T03:06:12.733429+00:00,130.6,50,bid,FlawlessFlatbreads,EarnestEspressos,6495251
2026-07-04T03:06:14.136472,2026-07-04T03:06:14.144372+00:00,130.5,3,ask,EarnestEspressos,Xuanyu Liu,6495272
2026-07-04T03:06:14.884663,2026-07-04T03:06:14.896153+00:00,130.5,50,ask,EarnestEspressos,FlawlessFlatbreads,6495284
2026-07-04T03:06:15.243351,2026-07-04T03:06:15.258570+00:00,130.5,42,ask,EarnestEspressos,CostlyCorianders,6495289
2026-07-04T03:06:15.846371,2026-07-04T03:06:15.855008+00:00,130.5,47,ask,EarnestEspressos,CostlyCorianders,6495301
2026-07-04T03:06:16.417193,2026-07-04T03:06:16.424126+00:00,130.5,8,ask,EarnestEspressos,CostlyCorianders,6495311
2026-07-04T03:06:17.145761,2026-07-04T03:06:17.154336+00:00,130.4,3,bid,Xuanyu Liu,EarnestEspressos,6495313
2026-07-04T03:06:18.320236,2026-07-04T03:06:18.331631+00:00,130.4,100,bid,DiligentDonuts,EarnestEspressos,6495326
2026-07-04T03:06:19.059381,2026-07-04T03:06:19.071347+00:00,130.4,47,bid,FlawlessFlatbreads,EarnestEspressos,6495337
2026-07-04T03:06:19.059381,2026-07-04T03:06:19.071347+00:00,130.9,3,bid,FlawlessFlatbreads,DiligentDonuts,6495338
2026-07-04T03:06:20.570687,2026-07-04T03:06:20.582432+00:00,130.9,40,bid,CostlyCorianders,DiligentDonuts,6495351
2026-07-04T03:06:21.167858,2026-07-04T03:06:21.179656+00:00,130.9,50,bid,FlawlessFlatbreads,DiligentDonuts,6495356
2026-07-04T03:06:24.131113,2026-07-04T03:06:24.142920+00:00,130.4,45,ask,EarnestEspressos,CostlyCorianders,6495388
2026-07-04T03:06:25.251522,2026-07-04T03:06:25.259933+00:00,130.4,46,ask,EarnestEspressos,CostlyCorianders,6495398
2026-07-04T03:06:26.620105,2026-07-04T03:06:26.629201+00:00,130.4,100,ask,DiligentDonuts,EarnestEspressos,6495420
2026-07-04T03:06:27.483756,2026-07-04T03:06:27.490778+00:00,130.4,50,bid,FlawlessFlatbreads,EarnestEspressos,6495430
2026-07-04T03:06:29.646234,2026-07-04T03:06:29.664008+00:00,130.0,50,ask,DiligentDonuts,FlawlessFlatbreads,6495448
2026-07-04T03:06:29.726196,2026-07-04T03:06:29.733780+00:00,130.5,100,bid,EarnestEspressos,DiligentDonuts,6495449
2026-07-04T03:06:29.792322,2026-07-04T03:06:29.800170+00:00,130.7,3,ask,EarnestEspressos,Xuanyu Liu,6495452
2026-07-04T03:06:29.901950,2026-07-04T03:06:29.910226+00:00,130.7,11,ask,EarnestEspressos,Xuanyu Liu,6495455
2026-07-04T03:06:31.044512,2026-07-04T03:06:31.058575+00:00,130.7,36,ask,EarnestEspressos,DiligentDonuts,6495473
2026-07-04T03:06:31.752399,2026-07-04T03:06:31.758577+00:00,130.2,50,ask,DiligentDonuts,FlawlessFlatbreads,6495483
2026-07-04T03:06:32.318430,2026-07-04T03:06:32.329877+00:00,130.7,45,bid,CostlyCorianders,DiligentDonuts,6495492
2026-07-04T03:06:33.858913,2026-07-04T03:06:33.870615+00:00,130.2,50,ask,DiligentDonuts,FlawlessFlatbreads,6495509
2026-07-04T03:06:35.139567,2026-07-04T03:06:35.173343+00:00,130.7,11,bid,Xuanyu Liu,EarnestEspressos,6495521
2026-07-04T03:06:35.964746,2026-07-04T03:06:35.976186+00:00,130.3,50,ask,DiligentDonuts,FlawlessFlatbreads,6495533
2026-07-04T03:06:38.072325,2026-07-04T03:06:38.083899+00:00,130.4,50,ask,EarnestEspressos,FlawlessFlatbreads,6495564
2026-07-04T03:06:38.257637,2026-07-04T03:06:38.269223+00:00,130.6,41,bid,CostlyCorianders,DiligentDonuts,6495572
2026-07-04T03:06:39.272686,2026-07-04T03:06:39.280921+00:00,130.4,3,bid,Xuanyu Liu,EarnestEspressos,6495587
2026-07-04T03:06:40.139794,2026-07-04T03:06:40.151546+00:00,130.4,40,bid,CostlyCorianders,EarnestEspressos,6495609
2026-07-04T03:06:40.178655,2026-07-04T03:06:40.190121+00:00,130.1,50,ask,DiligentDonuts,FlawlessFlatbreads,6495611
2026-07-04T03:06:40.826632,2026-07-04T03:06:40.838104+00:00,130.1,45,ask,DiligentDonuts,CostlyCorianders,6495619
2026-07-04T03:06:41.364491,2026-07-04T03:06:41.375949+00:00,130.1,43,ask,DiligentDonuts,CostlyCorianders,6495627
2026-07-04T03:06:42.287251,2026-07-04T03:06:42.297661+00:00,130.1,12,ask,DiligentDonuts,FlawlessFlatbreads,6495636
2026-07-04T03:06:42.287251,2026-07-04T03:06:42.297661+00:00,129.9,38,ask,EarnestEspressos,FlawlessFlatbreads,6495637
2026-07-04T03:06:43.694584,2026-07-04T03:06:43.704144+00:00,130.1,100,ask,EarnestEspressos,DiligentDonuts,6495655
2026-07-04T03:06:45.607920,2026-07-04T03:06:45.616111+00:00,129.9,14,bid,Xuanyu Liu,EarnestEspressos,6495673
2026-07-04T03:06:45.617121,2026-07-04T03:06:45.625740+00:00,129.9,23,bid,Xuanyu Liu,EarnestEspressos,6495675
2026-07-04T03:06:45.662710,2026-07-04T03:06:45.669373+00:00,129.9,46,bid,CostlyCorianders,EarnestEspressos,6495678
2026-07-04T03:06:46.503179,2026-07-04T03:06:46.513425+00:00,129.6,50,ask,DiligentDonuts,FlawlessFlatbreads,6495687
2026-07-04T03:06:46.802270,2026-07-04T03:06:46.809716+00:00,129.9,67,bid,DiligentDonuts,EarnestEspressos,6495693
2026-07-04T03:06:48.233920,2026-07-04T03:06:48.242811+00:00,130.0,11,ask,DiligentDonuts,Xuanyu Liu,6495707
2026-07-04T03:06:48.558254,2026-07-04T03:06:48.569963+00:00,130.5,50,bid,FlawlessFlatbreads,DiligentDonuts,6495717
2026-07-04T03:06:48.716612,2026-07-04T03:06:48.724538+00:00,130.1,12,ask,EarnestEspressos,Xuanyu Liu,6495720
2026-07-04T03:06:50.148005,2026-07-04T03:06:50.163949+00:00,130.5,44,bid,CostlyCorianders,DiligentDonuts,6495742
2026-07-04T03:06:50.664947,2026-07-04T03:06:50.676579+00:00,130.5,50,bid,FlawlessFlatbreads,DiligentDonuts,6495744
2026-07-04T03:06:52.509837,2026-07-04T03:06:52.521618+00:00,130.5,6,bid,CostlyCorianders,DiligentDonuts,6495762
2026-07-04T03:06:52.824597,2026-07-04T03:06:52.833289+00:00,130.3,50,ask,EarnestEspressos,FlawlessFlatbreads,6495769
2026-07-04T03:06:53.130888,2026-07-04T03:06:53.143009+00:00,130.3,43,ask,EarnestEspressos,CostlyCorianders,6495772
2026-07-04T03:06:57.400893,2026-07-04T03:06:57.416441+00:00,130.3,43,ask,DiligentDonuts,CostlyCorianders,6495825
2026-07-04T03:06:57.407624,2026-07-04T03:06:57.416441+00:00,130.3,14,ask,DiligentDonuts,Xuanyu Liu,6495826
2026-07-04T03:06:57.871624,2026-07-04T03:06:57.883159+00:00,130.4,43,bid,CostlyCorianders,EarnestEspressos,6495836
2026-07-04T03:06:58.440166,2026-07-04T03:06:58.446558+00:00,130.3,43,ask,DiligentDonuts,CostlyCorianders,6495843
2026-07-04T03:06:59.072838,2026-07-04T03:06:59.084105+00:00,130.4,44,bid,CostlyCorianders,EarnestEspressos,6495856
2026-07-04T03:06:59.089620,2026-07-04T03:06:59.101453+00:00,130.4,50,bid,FlawlessFlatbreads,EarnestEspressos,6495857
2026-07-04T03:07:01.217381,2026-07-04T03:07:01.228734+00:00,130.4,50,bid,FlawlessFlatbreads,EarnestEspressos,6495877
2026-07-04T03:07:01.352288,2026-07-04T03:07:01.357092+00:00,130.4,100,bid,EarnestEspressos,DiligentDonuts,6495879
2026-07-04T03:07:01.419110,2026-07-04T03:07:01.428885+00:00,130.7,3,ask,EarnestEspressos,Xuanyu Liu,6495880
2026-07-04T03:07:02.675064,2026-07-04T03:07:02.686486+00:00,130.7,47,ask,EarnestEspressos,DiligentDonuts,6495897
2026-07-04T03:07:03.018868,2026-07-04T03:07:03.031718+00:00,130.7,48,bid,CostlyCorianders,DiligentDonuts,6495903
2026-07-04T03:07:03.324315,2026-07-04T03:07:03.335948+00:00,130.7,5,bid,FlawlessFlatbreads,DiligentDonuts,6495907
2026-07-04T03:07:03.324315,2026-07-04T03:07:03.335948+00:00,131.2,45,bid,FlawlessFlatbreads,EarnestEspressos,6495908
2026-07-04T03:07:03.558432,2026-07-04T03:07:03.570206+00:00,130.2,43,ask,DiligentDonuts,CostlyCorianders,6495912
2026-07-04T03:07:05.497244,2026-07-04T03:07:05.508617+00:00,130.2,40,ask,DiligentDonuts,CostlyCorianders,6495932
2026-07-04T03:07:06.081854,2026-07-04T03:07:06.089581+00:00,130.5,3,bid,Xuanyu Liu,EarnestEspressos,6495940
2026-07-04T03:07:07.609228,2026-07-04T03:07:07.621081+00:00,130.2,50,ask,DiligentDonuts,FlawlessFlatbreads,6495964
2026-07-04T03:07:08.527570,2026-07-04T03:07:08.534495+00:00,130.6,45,bid,CostlyCorianders,EarnestEspressos,6495973
2026-07-04T03:07:11.303788,2026-07-04T03:07:11.315862+00:00,130.4,46,ask,EarnestEspressos,CostlyCorianders,6496006
2026-07-04T03:07:11.838911,2026-07-04T03:07:11.850352+00:00,130.4,50,ask,EarnestEspressos,FlawlessFlatbreads,6496013
2026-07-04T03:07:13.943844,2026-07-04T03:07:13.954120+00:00,130.4,50,ask,EarnestEspressos,FlawlessFlatbreads,6496045
2026-07-04T03:07:14.071562,2026-07-04T03:07:14.082957+00:00,130.3,100,ask,DiligentDonuts,EarnestEspressos,6496048
2026-07-04T03:07:14.562487,2026-07-04T03:07:14.570306+00:00,130.2,3,bid,Xuanyu Liu,EarnestEspressos,6496055
2026-07-04T03:07:16.049293,2026-07-04T03:07:16.058555+00:00,129.8,50,ask,DiligentDonuts,FlawlessFlatbreads,6496074
2026-07-04T03:07:18.103620,2026-07-04T03:07:18.115968+00:00,130.3,50,bid,FlawlessFlatbreads,DiligentDonuts,6496104
2026-07-04T03:07:18.504611,2026-07-04T03:07:18.512318+00:00,130.2,100,ask,EarnestEspressos,DiligentDonuts,6496107
2026-07-04T03:07:19.573420,2026-07-04T03:07:19.582391+00:00,130.7,44,bid,CostlyCorianders,EarnestEspressos,6496122
2026-07-04T03:07:20.280662,2026-07-04T03:07:20.292504+00:00,130.2,50,ask,EarnestEspressos,FlawlessFlatbreads,6496133
2026-07-04T03:07:22.391221,2026-07-04T03:07:22.400841+00:00,130.1,50,ask,DiligentDonuts,FlawlessFlatbreads,6496156
2026-07-04T03:07:23.565110,2026-07-04T03:07:23.576624+00:00,130.1,50,ask,DiligentDonuts,EarnestEspressos,6496181
2026-07-04T03:07:24.497981,2026-07-04T03:07:24.509637+00:00,129.6,50,ask,EarnestEspressos,FlawlessFlatbreads,6496194
2026-07-04T03:07:26.605692,2026-07-04T03:07:26.617380+00:00,129.7,50,ask,DiligentDonuts,FlawlessFlatbreads,6496217
2026-07-04T03:07:28.712744,2026-07-04T03:07:28.724402+00:00,129.6,50,ask,EarnestEspressos,FlawlessFlatbreads,6496255
2026-07-04T03:07:29.919789,2026-07-04T03:07:29.929097+00:00,129.9,11,bid,Xuanyu Liu,EarnestEspressos,6496267
2026-07-04T03:07:30.819453,2026-07-04T03:07:30.830917+00:00,129.6,50,ask,DiligentDonuts,FlawlessFlatbreads,6496280
2026-07-04T03:07:31.169874,2026-07-04T03:07:31.177524+00:00,129.8,12,bid,Xuanyu Liu,DiligentDonuts,6496288
2026-07-04T03:07:31.503251,2026-07-04T03:07:31.514147+00:00,129.8,11,bid,Xuanyu Liu,DiligentDonuts,6496292
2026-07-04T03:07:32.925795,2026-07-04T03:07:32.936035+00:00,129.4,50,ask,EarnestEspressos,FlawlessFlatbreads,6496315
2026-07-04T03:07:34.118939,2026-07-04T03:07:34.126590+00:00,129.7,23,bid,Xuanyu Liu,EarnestEspressos,6496329
2026-07-04T03:07:34.982536,2026-07-04T03:07:34.993987+00:00,129.7,50,bid,FlawlessFlatbreads,EarnestEspressos,6496338
2026-07-04T03:07:38.587590,2026-07-04T03:07:38.598919+00:00,129.9,41,bid,CostlyCorianders,DiligentDonuts,6496361
2026-07-04T03:07:39.243280,2026-07-04T03:07:39.250978+00:00,129.5,50,ask,EarnestEspressos,FlawlessFlatbreads,6496367
2026-07-04T03:07:41.349973,2026-07-04T03:07:41.363978+00:00,129.4,50,ask,DiligentDonuts,FlawlessFlatbreads,6496384
2026-07-04T03:07:43.121355,2026-07-04T03:07:43.132796+00:00,129.4,40,ask,DiligentDonuts,CostlyCorianders,6496405
2026-07-04T03:07:43.457643,2026-07-04T03:07:43.469398+00:00,129.4,10,ask,DiligentDonuts,FlawlessFlatbreads,6496409
2026-07-04T03:07:43.457643,2026-07-04T03:07:43.469398+00:00,129.2,40,ask,EarnestEspressos,FlawlessFlatbreads,6496410
2026-07-04T03:07:43.767788,2026-07-04T03:07:43.775244+00:00,129.7,41,bid,CostlyCorianders,EarnestEspressos,6496414
2026-07-04T03:07:45.569685,2026-07-04T03:07:45.577652+00:00,129.3,50,ask,DiligentDonuts,FlawlessFlatbreads,6496442
2026-07-04T03:07:45.867815,2026-07-04T03:07:45.879613+00:00,129.3,45,ask,DiligentDonuts,CostlyCorianders,6496444
2026-07-04T03:07:46.992153,2026-07-04T03:07:47.000383+00:00,129.4,11,bid,Xuanyu Liu,DiligentDonuts,6496456
2026-07-04T03:07:47.235651,2026-07-04T03:07:47.260629+00:00,129.4,12,bid,Xuanyu Liu,DiligentDonuts,6496459
2026-07-04T03:07:47.261787,2026-07-04T03:07:47.269282+00:00,129.4,11,bid,Xuanyu Liu,DiligentDonuts,6496463
2026-07-04T03:07:47.499012,2026-07-04T03:07:47.510947+00:00,129.4,44,bid,CostlyCorianders,DiligentDonuts,6496470
2026-07-04T03:07:47.625821,2026-07-04T03:07:47.633630+00:00,129.4,22,bid,FlawlessFlatbreads,DiligentDonuts,6496471
2026-07-04T03:07:47.625821,2026-07-04T03:07:47.639178+00:00,129.8,28,bid,FlawlessFlatbreads,EarnestEspressos,6496472
2026-07-04T03:07:49.786288,2026-07-04T03:07:49.798143+00:00,129.5,50,ask,EarnestEspressos,FlawlessFlatbreads,6496516
2026-07-04T03:07:51.837175,2026-07-04T03:07:51.848103+00:00,129.8,47,bid,CostlyCorianders,DiligentDonuts,6496538
2026-07-04T03:07:52.321516,2026-07-04T03:07:52.333072+00:00,129.4,47,ask,EarnestEspressos,CostlyCorianders,6496539
2026-07-04T03:07:53.812055,2026-07-04T03:07:53.820085+00:00,129.5,11,ask,DiligentDonuts,Xuanyu Liu,6496557
2026-07-04T03:07:53.998858,2026-07-04T03:07:54.010297+00:00,129.5,50,ask,DiligentDonuts,FlawlessFlatbreads,6496563
2026-07-04T03:07:55.272475,2026-07-04T03:07:55.284141+00:00,129.5,39,ask,DiligentDonuts,CostlyCorianders,6496580
2026-07-04T03:07:56.055311,2026-07-04T03:07:56.056854+00:00,129.9,50,bid,FlawlessFlatbreads,EarnestEspressos,6496597
2026-07-04T03:07:56.647534,2026-07-04T03:07:56.653847+00:00,129.6,43,bid,CostlyCorianders,DiligentDonuts,6496606
2026-07-04T03:07:57.193485,2026-07-04T03:07:57.200750+00:00,129.6,40,bid,CostlyCorianders,DiligentDonuts,6496614
2026-07-04T03:07:58.163585,2026-07-04T03:07:58.175482+00:00,129.6,17,bid,FlawlessFlatbreads,DiligentDonuts,6496618
2026-07-04T03:07:58.163585,2026-07-04T03:07:58.175482+00:00,129.9,33,bid,FlawlessFlatbreads,EarnestEspressos,6496619
2026-07-04T03:08:00.270397,2026-07-04T03:08:00.282220+00:00,130.0,50,bid,FlawlessFlatbreads,EarnestEspressos,6496649
2026-07-04T03:08:00.596619,2026-07-04T03:08:00.604287+00:00,129.7,12,ask,DiligentDonuts,Xuanyu Liu,6496656
2026-07-04T03:08:02.219564,2026-07-04T03:08:02.231425+00:00,129.7,43,ask,DiligentDonuts,CostlyCorianders,6496680
2026-07-04T03:08:02.378726,2026-07-04T03:08:02.385702+00:00,130.2,50,bid,FlawlessFlatbreads,DiligentDonuts,6496685
2026-07-04T03:08:04.485415,2026-07-04T03:08:04.497353+00:00,130.0,50,bid,FlawlessFlatbreads,DiligentDonuts,6496714
2026-07-04T03:08:05.756949,2026-07-04T03:08:05.768783+00:00,130.0,47,bid,CostlyCorianders,DiligentDonuts,6496727
2026-07-04T03:08:05.920129,2026-07-04T03:08:05.928947+00:00,129.9,11,ask,DiligentDonuts,Xuanyu Liu,6496728
2026-07-04T03:08:06.607608,2026-07-04T03:08:06.618438+00:00,130.3,50,bid,FlawlessFlatbreads,EarnestEspressos,6496746
2026-07-04T03:08:06.741048,2026-07-04T03:08:06.752543+00:00,129.9,46,ask,DiligentDonuts,CostlyCorianders,6496751
2026-07-04T03:08:07.825091,2026-07-04T03:08:07.833418+00:00,130.0,11,ask,EarnestEspressos,Xuanyu Liu,6496765
2026-07-04T03:08:08.212729,2026-07-04T03:08:08.220397+00:00,130.0,12,ask,EarnestEspressos,Xuanyu Liu,6496771
2026-07-04T03:08:10.228191,2026-07-04T03:08:10.238400+00:00,130.1,49,bid,CostlyCorianders,DiligentDonuts,6496789
2026-07-04T03:08:10.826898,2026-07-04T03:08:10.836931+00:00,130.1,50,bid,FlawlessFlatbreads,DiligentDonuts,6496793
2026-07-04T03:08:13.470645,2026-07-04T03:08:13.482290+00:00,130.0,45,ask,DiligentDonuts,CostlyCorianders,6496828
2026-07-04T03:08:15.036350,2026-07-04T03:08:15.044446+00:00,130.5,50,bid,FlawlessFlatbreads,DiligentDonuts,6496848
2026-07-04T03:08:15.605810,2026-07-04T03:08:15.617554+00:00,130.5,46,bid,CostlyCorianders,EarnestEspressos,6496853
2026-07-04T03:08:15.682449,2026-07-04T03:08:15.690036+00:00,130.2,46,ask,DiligentDonuts,CostlyCorianders,6496856
2026-07-04T03:08:17.140493,2026-07-04T03:08:17.152272+00:00,130.2,41,ask,DiligentDonuts,CostlyCorianders,6496872
2026-07-04T03:08:17.145632,2026-07-04T03:08:17.158547+00:00,130.5,50,bid,FlawlessFlatbreads,EarnestEspressos,6496873
2026-07-04T03:08:17.312153,2026-07-04T03:08:17.326333+00:00,130.5,23,ask,EarnestEspressos,Xuanyu Liu,6496874
2026-07-04T03:08:17.380392,2026-07-04T03:08:17.388096+00:00,130.5,11,ask,EarnestEspressos,Xuanyu Liu,6496876
2026-07-04T03:08:18.611415,2026-07-04T03:08:18.618169+00:00,130.5,100,ask,EarnestEspressos,DiligentDonuts,6496885
2026-07-04T03:08:19.061722,2026-07-04T03:08:19.070056+00:00,130.5,16,ask,EarnestEspressos,CostlyCorianders,6496893
2026-07-04T03:08:21.213549,2026-07-04T03:08:21.221379+00:00,130.4,11,bid,Xuanyu Liu,EarnestEspressos,6496914
2026-07-04T03:08:21.371848,2026-07-04T03:08:21.383841+00:00,130.4,50,bid,FlawlessFlatbreads,EarnestEspressos,6496921
2026-07-04T03:08:23.554718,2026-07-04T03:08:23.563841+00:00,130.3,50,ask,DiligentDonuts,FlawlessFlatbreads,6496942
2026-07-04T03:08:23.595522,2026-07-04T03:08:23.602746+00:00,130.8,45,bid,CostlyCorianders,DiligentDonuts,6496944
2026-07-04T03:08:25.609489,2026-07-04T03:08:25.621037+00:00,130.6,50,bid,FlawlessFlatbreads,EarnestEspressos,6496965
2026-07-04T03:08:25.876894,2026-07-04T03:08:25.887746+00:00,130.1,44,ask,EarnestEspressos,CostlyCorianders,6496969
2026-07-04T03:08:27.717193,2026-07-04T03:08:27.728861+00:00,130.6,50,bid,FlawlessFlatbreads,DiligentDonuts,6496987
2026-07-04T03:08:28.611774,2026-07-04T03:08:28.623589+00:00,130.6,40,bid,CostlyCorianders,EarnestEspressos,6497003
2026-07-04T03:08:29.207210,2026-07-04T03:08:29.215512+00:00,130.4,11,ask,DiligentDonuts,Xuanyu Liu,6497009
2026-07-04T03:08:29.826552,2026-07-04T03:08:29.834142+00:00,130.6,50,bid,FlawlessFlatbreads,EarnestEspressos,6497020
2026-07-04T03:08:31.932199,2026-07-04T03:08:31.943844+00:00,130.7,50,bid,FlawlessFlatbreads,DiligentDonuts,6497042
2026-07-04T03:08:34.033155,2026-07-04T03:08:34.044782+00:00,130.3,42,ask,EarnestEspressos,CostlyCorianders,6497067
2026-07-04T03:08:34.973755,2026-07-04T03:08:34.985791+00:00,130.7,49,bid,CostlyCorianders,DiligentDonuts,6497081
2026-07-04T03:08:36.226422,2026-07-04T03:08:36.237995+00:00,130.2,50,ask,DiligentDonuts,FlawlessFlatbreads,6497099
2026-07-04T03:08:37.059467,2026-07-04T03:08:37.067083+00:00,130.2,3,ask,DiligentDonuts,Xuanyu Liu,6497107
2026-07-04T03:08:38.332401,2026-07-04T03:08:38.344058+00:00,130.2,50,ask,EarnestEspressos,FlawlessFlatbreads,6497130
2026-07-04T03:08:39.702515,2026-07-04T03:08:39.714159+00:00,130.0,44,ask,DiligentDonuts,CostlyCorianders,6497151
2026-07-04T03:08:40.245613,2026-07-04T03:08:40.258485+00:00,130.1,43,bid,CostlyCorianders,EarnestEspressos,6497163
2026-07-04T03:08:40.439174,2026-07-04T03:08:40.458578+00:00,130.0,50,ask,DiligentDonuts,FlawlessFlatbreads,6497165
2026-07-04T03:08:40.981615,2026-07-04T03:08:40.988886+00:00,130.1,14,bid,Xuanyu Liu,EarnestEspressos,6497171
2026-07-04T03:08:42.366714,2026-07-04T03:08:42.378241+00:00,130.1,44,bid,CostlyCorianders,EarnestEspressos,6497185
2026-07-04T03:08:42.421122,2026-07-04T03:08:42.432544+00:00,129.8,40,ask,DiligentDonuts,CostlyCorianders,6497187
2026-07-04T03:08:42.497126,2026-07-04T03:08:42.508621+00:00,130.1,49,bid,FlawlessFlatbreads,EarnestEspressos,6497189
2026-07-04T03:08:42.497126,2026-07-04T03:08:42.508621+00:00,130.3,1,bid,FlawlessFlatbreads,DiligentDonuts,6497190
2026-07-04T03:08:42.593276,2026-07-04T03:08:42.604994+00:00,130.3,99,bid,EarnestEspressos,DiligentDonuts,6497191
2026-07-04T03:08:42.660196,2026-07-04T03:08:42.670072+00:00,130.4,14,ask,EarnestEspressos,Xuanyu Liu,6497193
2026-07-04T03:08:44.831479,2026-07-04T03:08:44.840401+00:00,130.4,37,ask,EarnestEspressos,CostlyCorianders,6497235
2026-07-04T03:08:44.831479,2026-07-04T03:08:44.840401+00:00,130.2,8,ask,DiligentDonuts,CostlyCorianders,6497236
2026-07-04T03:08:45.934762,2026-07-04T03:08:45.941662+00:00,130.4,45,bid,CostlyCorianders,EarnestEspressos,6497246
2026-07-04T03:08:48.868884,2026-07-04T03:08:48.878171+00:00,130.1,50,ask,DiligentDonuts,FlawlessFlatbreads,6497280
2026-07-04T03:08:49.914784,2026-07-04T03:08:49.926116+00:00,130.1,44,ask,DiligentDonuts,CostlyCorianders,6497295
2026-07-04T03:08:50.923340,2026-07-04T03:08:50.935255+00:00,130.6,50,bid,FlawlessFlatbreads,EarnestEspressos,6497304
2026-07-04T03:08:51.469977,2026-07-04T03:08:51.478244+00:00,130.6,3,bid,Xuanyu Liu,EarnestEspressos,6497311
2026-07-04T03:08:53.031358,2026-07-04T03:08:53.042939+00:00,130.6,50,bid,FlawlessFlatbreads,DiligentDonuts,6497332
2026-07-04T03:08:53.465400,2026-07-04T03:08:53.476869+00:00,130.7,42,bid,CostlyCorianders,EarnestEspressos,6497339
2026-07-04T03:08:53.520804,2026-07-04T03:08:53.530590+00:00,130.3,48,ask,DiligentDonuts,CostlyCorianders,6497342
2026-07-04T03:08:54.063326,2026-07-04T03:08:54.073864+00:00,130.7,44,bid,CostlyCorianders,EarnestEspressos,6497351
2026-07-04T03:08:55.135895,2026-07-04T03:08:55.147506+00:00,130.7,50,bid,FlawlessFlatbreads,EarnestEspressos,6497362
2026-07-04T03:08:55.255399,2026-07-04T03:08:55.258566+00:00,130.8,100,bid,EarnestEspressos,DiligentDonuts,6497363
2026-07-04T03:08:55.317070,2026-07-04T03:08:55.324854+00:00,131.2,17,ask,EarnestEspressos,Xuanyu Liu,6497365
2026-07-04T03:08:56.164174,2026-07-04T03:08:56.175783+00:00,131.2,33,ask,EarnestEspressos,CostlyCorianders,6497375
2026-07-04T03:08:56.164174,2026-07-04T03:08:56.175783+00:00,130.3,13,ask,DiligentDonuts,CostlyCorianders,6497376
2026-07-04T03:08:56.578848,2026-07-04T03:08:56.587815+00:00,130.9,11,bid,Xuanyu Liu,DiligentDonuts,6497382
2026-07-04T03:08:57.245058,2026-07-04T03:08:57.256702+00:00,130.9,50,bid,FlawlessFlatbreads,DiligentDonuts,6497395
2026-07-04T03:08:57.505433,2026-07-04T03:08:57.513416+00:00,130.9,3,bid,Xuanyu Liu,DiligentDonuts,6497400
2026-07-04T03:08:59.112951,2026-07-04T03:08:59.124562+00:00,130.9,36,bid,CostlyCorianders,DiligentDonuts,6497420
2026-07-04T03:08:59.112951,2026-07-04T03:08:59.124562+00:00,131.1,4,bid,CostlyCorianders,EarnestEspressos,6497421
2026-07-04T03:08:59.403542,2026-07-04T03:08:59.415238+00:00,130.6,50,ask,EarnestEspressos,FlawlessFlatbreads,6497425
2026-07-04T03:09:01.513613,2026-07-04T03:09:01.525601+00:00,130.8,50,ask,DiligentDonuts,FlawlessFlatbreads,6497450
2026-07-04T03:09:01.631661,2026-07-04T03:09:01.638892+00:00,130.8,50,ask,DiligentDonuts,EarnestEspressos,6497452
2026-07-04T03:09:03.621078,2026-07-04T03:09:03.628195+00:00,130.3,50,ask,EarnestEspressos,FlawlessFlatbreads,6497473
2026-07-04T03:09:07.784819,2026-07-04T03:09:07.796211+00:00,130.8,50,bid,FlawlessFlatbreads,EarnestEspressos,6497527
2026-07-04T03:09:09.944263,2026-07-04T03:09:09.955643+00:00,130.4,50,ask,EarnestEspressos,FlawlessFlatbreads,6497559
2026-07-04T03:09:11.999732,2026-07-04T03:09:12.068723+00:00,130.7,50,bid,FlawlessFlatbreads,EarnestEspressos,6497589
2026-07-04T03:09:12.399907,2026-07-04T03:09:12.413886+00:00,130.4,3,bid,Xuanyu Liu,DiligentDonuts,6497593
2026-07-04T03:09:13.339553,2026-07-04T03:09:13.351113+00:00,130.4,42,bid,CostlyCorianders,DiligentDonuts,6497609
2026-07-04T03:09:13.705524,2026-07-04T03:09:13.714925+00:00,130.4,11,bid,Xuanyu Liu,DiligentDonuts,6497610
2026-07-04T03:09:14.105284,2026-07-04T03:09:14.117090+00:00,130.4,44,bid,FlawlessFlatbreads,DiligentDonuts,6497619
2026-07-04T03:09:14.105284,2026-07-04T03:09:14.117090+00:00,130.7,6,bid,FlawlessFlatbreads,EarnestEspressos,6497620
2026-07-04T03:09:14.407196,2026-07-04T03:09:14.420535+00:00,130.6,14,ask,EarnestEspressos,Xuanyu Liu,6497626
2026-07-04T03:09:15.006708,2026-07-04T03:09:15.016579+00:00,130.6,41,ask,EarnestEspressos,CostlyCorianders,6497638
2026-07-04T03:09:16.215405,2026-07-04T03:09:16.228175+00:00,130.9,50,bid,FlawlessFlatbreads,DiligentDonuts,6497647
2026-07-04T03:09:17.939245,2026-07-04T03:09:17.951161+00:00,130.4,45,ask,DiligentDonuts,CostlyCorianders,6497672
2026-07-04T03:09:18.322389,2026-07-04T03:09:18.334264+00:00,130.7,50,bid,FlawlessFlatbreads,EarnestEspressos,6497683
2026-07-04T03:09:18.936196,2026-07-04T03:09:18.947542+00:00,130.7,41,bid,CostlyCorianders,EarnestEspressos,6497692
2026-07-04T03:09:20.505240,2026-07-04T03:09:20.514661+00:00,130.5,50,ask,DiligentDonuts,FlawlessFlatbreads,6497709
2026-07-04T03:09:21.786921,2026-07-04T03:09:21.798477+00:00,130.4,45,ask,EarnestEspressos,CostlyCorianders,6497722
2026-07-04T03:09:22.309053,2026-07-04T03:09:22.319392+00:00,130.4,44,ask,EarnestEspressos,CostlyCorianders,6497727
2026-07-04T03:09:22.560276,2026-07-04T03:09:22.571617+00:00,130.8,50,bid,FlawlessFlatbreads,EarnestEspressos,6497729
2026-07-04T03:09:24.665756,2026-07-04T03:09:24.677682+00:00,130.7,50,bid,FlawlessFlatbreads,EarnestEspressos,6497758
2026-07-04T03:09:25.302728,2026-07-04T03:09:25.315553+00:00,130.6,48,bid,CostlyCorianders,DiligentDonuts,6497769
2026-07-04T03:09:26.773067,2026-07-04T03:09:26.784857+00:00,130.6,50,bid,FlawlessFlatbreads,DiligentDonuts,6497780
2026-07-04T03:09:28.879628,2026-07-04T03:09:28.891229+00:00,130.9,50,bid,FlawlessFlatbreads,EarnestEspressos,6497799
2026-07-04T03:09:29.834968,2026-07-04T03:09:29.842942+00:00,130.5,44,ask,DiligentDonuts,CostlyCorianders,6497814
2026-07-04T03:09:30.988704,2026-07-04T03:09:31.000438+00:00,131.0,50,bid,FlawlessFlatbreads,DiligentDonuts,6497835
2026-07-04T03:09:33.096748,2026-07-04T03:09:33.108661+00:00,131.1,50,bid,FlawlessFlatbreads,EarnestEspressos,6497858
2026-07-04T03:09:33.231597,2026-07-04T03:09:33.239943+00:00,131.0,14,ask,EarnestEspressos,Xuanyu Liu,6497859
2026-07-04T03:09:33.394846,2026-07-04T03:09:33.402536+00:00,131.0,23,ask,EarnestEspressos,Xuanyu Liu,6497864
2026-07-04T03:09:34.524750,2026-07-04T03:09:34.536569+00:00,131.0,100,ask,EarnestEspressos,DiligentDonuts,6497875
2026-07-04T03:09:35.017523,2026-07-04T03:09:35.024592+00:00,131.0,12,ask,EarnestEspressos,Xuanyu Liu,6497878
2026-07-04T03:09:35.235868,2026-07-04T03:09:35.244779+00:00,131.0,1,ask,EarnestEspressos,CostlyCorianders,6497886
2026-07-04T03:09:35.235868,2026-07-04T03:09:35.244779+00:00,130.5,47,ask,DiligentDonuts,CostlyCorianders,6497887
2026-07-04T03:09:35.267573,2026-07-04T03:09:35.276179+00:00,130.5,50,ask,DiligentDonuts,FlawlessFlatbreads,6497888
2026-07-04T03:09:35.848877,2026-07-04T03:09:35.860316+00:00,131.5,41,bid,CostlyCorianders,EarnestEspressos,6497897
2026-07-04T03:09:36.445103,2026-07-04T03:09:36.453812+00:00,130.9,12,bid,Xuanyu Liu,EarnestEspressos,6497903
2026-07-04T03:09:37.321562,2026-07-04T03:09:37.328494+00:00,130.9,11,bid,Xuanyu Liu,EarnestEspressos,6497916
2026-07-04T03:09:37.374393,2026-07-04T03:09:37.385876+00:00,130.5,3,ask,DiligentDonuts,FlawlessFlatbreads,6497918
2026-07-04T03:09:37.374393,2026-07-04T03:09:37.385876+00:00,130.4,47,ask,EarnestEspressos,FlawlessFlatbreads,6497919
2026-07-04T03:09:37.446989,2026-07-04T03:09:37.463950+00:00,130.9,43,bid,CostlyCorianders,EarnestEspressos,6497922
2026-07-04T03:09:38.616783,2026-07-04T03:09:38.630030+00:00,130.9,12,bid,Xuanyu Liu,EarnestEspressos,6497937
2026-07-04T03:09:39.481992,2026-07-04T03:09:39.493465+00:00,130.7,50,ask,DiligentDonuts,FlawlessFlatbreads,6497954
2026-07-04T03:09:40.190367,2026-07-04T03:09:40.201792+00:00,131.2,44,bid,CostlyCorianders,DiligentDonuts,6497963
2026-07-04T03:09:41.259453,2026-07-04T03:09:41.267318+00:00,131.1,12,ask,EarnestEspressos,Xuanyu Liu,6497978
2026-07-04T03:09:41.588838,2026-07-04T03:09:41.600699+00:00,131.1,50,ask,EarnestEspressos,FlawlessFlatbreads,6497984
2026-07-04T03:09:42.605367,2026-07-04T03:09:42.616765+00:00,131.1,46,ask,EarnestEspressos,CostlyCorianders,6497998
2026-07-04T03:09:42.767068,2026-07-04T03:09:42.777258+00:00,130.9,23,bid,Xuanyu Liu,EarnestEspressos,6498003
2026-07-04T03:09:43.697131,2026-07-04T03:09:43.708823+00:00,130.8,50,ask,DiligentDonuts,FlawlessFlatbreads,6498018
2026-07-04T03:09:43.989701,2026-07-04T03:09:44.001208+00:00,130.9,42,bid,CostlyCorianders,EarnestEspressos,6498021
2026-07-04T03:09:45.804478,2026-07-04T03:09:45.816116+00:00,130.7,50,ask,DiligentDonuts,FlawlessFlatbreads,6498050
2026-07-04T03:09:46.706015,2026-07-04T03:09:46.717786+00:00,130.7,41,ask,DiligentDonuts,CostlyCorianders,6498060
2026-07-04T03:09:47.875293,2026-07-04T03:09:47.887072+00:00,130.9,45,bid,CostlyCorianders,DiligentDonuts,6498071
2026-07-04T03:09:47.910198,2026-07-04T03:09:47.921866+00:00,130.7,50,ask,EarnestEspressos,FlawlessFlatbreads,6498072
2026-07-04T03:09:49.117713,2026-07-04T03:09:49.127135+00:00,130.8,3,bid,Xuanyu Liu,EarnestEspressos,6498085
2026-07-04T03:09:52.120174,2026-07-04T03:09:52.131988+00:00,130.5,50,ask,DiligentDonuts,FlawlessFlatbreads,6498123
2026-07-04T03:09:53.828088,2026-07-04T03:09:53.839784+00:00,130.5,48,ask,DiligentDonuts,CostlyCorianders,6498150
2026-07-04T03:09:54.227219,2026-07-04T03:09:54.235312+00:00,130.5,50,ask,DiligentDonuts,FlawlessFlatbreads,6498153
2026-07-04T03:09:56.334313,2026-07-04T03:09:56.343959+00:00,130.5,2,ask,DiligentDonuts,FlawlessFlatbreads,6498188
2026-07-04T03:09:56.334313,2026-07-04T03:09:56.343959+00:00,130.4,48,ask,EarnestEspressos,FlawlessFlatbreads,6498189
2026-07-04T03:09:58.035135,2026-07-04T03:09:58.044354+00:00,130.8,47,bid,CostlyCorianders,DiligentDonuts,6498216
2026-07-04T03:09:58.442402,2026-07-04T03:09:58.458581+00:00,130.4,50,ask,EarnestEspressos,FlawlessFlatbreads,6498219
2026-07-04T03:09:59.184139,2026-07-04T03:09:59.195263+00:00,130.8,46,bid,CostlyCorianders,DiligentDonuts,6498232
2026-07-04T03:09:59.219566,2026-07-04T03:09:59.227343+00:00,130.8,3,bid,Xuanyu Liu,DiligentDonuts,6498234
2026-07-04T03:10:01.738011,2026-07-04T03:10:01.749537+00:00,130.7,50,ask,DiligentDonuts,FlawlessFlatbreads,6498270
2026-07-04T03:10:02.658887,2026-07-04T03:10:02.670029+00:00,130.2,50,ask,EarnestEspressos,FlawlessFlatbreads,6498285
2026-07-04T03:10:04.302951,2026-07-04T03:10:04.314689+00:00,130.3,42,ask,DiligentDonuts,CostlyCorianders,6498304
2026-07-04T03:10:04.765506,2026-07-04T03:10:04.777072+00:00,130.3,50,ask,DiligentDonuts,FlawlessFlatbreads,6498308
2026-07-04T03:10:06.238189,2026-07-04T03:10:06.249634+00:00,130.3,42,ask,EarnestEspressos,CostlyCorianders,6498325
2026-07-04T03:10:06.498316,2026-07-04T03:10:06.506473+00:00,130.7,11,bid,Xuanyu Liu,DiligentDonuts,6498328
2026-07-04T03:10:06.871304,2026-07-04T03:10:06.882708+00:00,130.3,50,ask,EarnestEspressos,FlawlessFlatbreads,6498334
2026-07-04T03:10:08.078436,2026-07-04T03:10:08.086351+00:00,130.6,12,bid,Xuanyu Liu,EarnestEspressos,6498355
2026-07-04T03:10:08.789932,2026-07-04T03:10:08.798074+00:00,130.6,11,bid,Xuanyu Liu,EarnestEspressos,6498363
2026-07-04T03:10:08.977016,2026-07-04T03:10:08.988380+00:00,130.2,50,ask,DiligentDonuts,FlawlessFlatbreads,6498369
2026-07-04T03:10:11.084251,2026-07-04T03:10:11.095971+00:00,130.1,50,ask,EarnestEspressos,FlawlessFlatbreads,6498400
2026-07-04T03:10:11.328454,2026-07-04T03:10:11.335342+00:00,130.4,12,bid,Xuanyu Liu,EarnestEspressos,6498406
2026-07-04T03:10:11.386422,2026-07-04T03:10:11.397856+00:00,130.4,49,bid,CostlyCorianders,EarnestEspressos,6498408
2026-07-04T03:10:13.191274,2026-07-04T03:10:13.202555+00:00,130.0,50,ask,DiligentDonuts,FlawlessFlatbreads,6498434
2026-07-04T03:10:14.066138,2026-07-04T03:10:14.076885+00:00,130.4,46,bid,CostlyCorianders,EarnestEspressos,6498445
2026-07-04T03:10:15.297175,2026-07-04T03:10:15.308672+00:00,130.3,50,ask,EarnestEspressos,FlawlessFlatbreads,6498459
2026-07-04T03:10:15.661716,2026-07-04T03:10:15.671011+00:00,130.3,100,ask,EarnestEspressos,DiligentDonuts,6498465
2026-07-04T03:10:17.405218,2026-07-04T03:10:17.416744+00:00,129.8,50,ask,DiligentDonuts,FlawlessFlatbreads,6498486
2026-07-04T03:10:17.567975,2026-07-04T03:10:17.576720+00:00,130.2,11,bid,Xuanyu Liu,EarnestEspressos,6498490
2026-07-04T03:10:19.276364,2026-07-04T03:10:19.286221+00:00,130.2,11,bid,Xuanyu Liu,EarnestEspressos,6498508
2026-07-04T03:10:19.280000,2026-07-04T03:10:19.286221+00:00,129.9,43,ask,DiligentDonuts,CostlyCorianders,6498509
2026-07-04T03:10:19.513034,2026-07-04T03:10:19.524809+00:00,129.9,50,ask,DiligentDonuts,FlawlessFlatbreads,6498515
2026-07-04T03:10:20.588296,2026-07-04T03:10:20.596459+00:00,130.2,12,bid,Xuanyu Liu,EarnestEspressos,6498531
2026-07-04T03:10:20.821019,2026-07-04T03:10:20.827686+00:00,130.4,40,bid,CostlyCorianders,DiligentDonuts,6498537
2026-07-04T03:10:21.886708,2026-07-04T03:10:21.895335+00:00,130.5,49,bid,CostlyCorianders,EarnestEspressos,6498547
2026-07-04T03:10:21.940086,2026-07-04T03:10:21.951698+00:00,130.0,44,ask,EarnestEspressos,CostlyCorianders,6498548
2026-07-04T03:10:22.504709,2026-07-04T03:10:22.515191+00:00,130.5,44,bid,CostlyCorianders,EarnestEspressos,6498566
2026-07-04T03:10:23.659561,2026-07-04T03:10:23.671341+00:00,130.0,43,ask,EarnestEspressos,CostlyCorianders,6498577
2026-07-04T03:10:23.699483,2026-07-04T03:10:23.711061+00:00,130.5,50,bid,FlawlessFlatbreads,EarnestEspressos,6498580
2026-07-04T03:10:24.707300,2026-07-04T03:10:24.718934+00:00,130.5,43,bid,CostlyCorianders,DiligentDonuts,6498593
2026-07-04T03:10:25.114921,2026-07-04T03:10:25.124806+00:00,130.9,25,bid,Richard Zhang,EarnestEspressos,6498600
2026-07-04T03:10:25.807185,2026-07-04T03:10:25.818845+00:00,130.9,50,bid,FlawlessFlatbreads,EarnestEspressos,6498610
2026-07-04T03:10:26.996532,2026-07-04T03:10:27.003645+00:00,130.7,12,ask,EarnestEspressos,Xuanyu Liu,6498628
2026-07-04T03:10:27.915907,2026-07-04T03:10:27.927476+00:00,130.9,50,bid,FlawlessFlatbreads,DiligentDonuts,6498642
2026-07-04T03:10:29.311990,2026-07-04T03:10:29.323802+00:00,130.7,41,ask,EarnestEspressos,CostlyCorianders,6498663
2026-07-04T03:10:29.512041,2026-07-04T03:10:29.519648+00:00,130.7,34,ask,EarnestEspressos,Xuanyu Liu,6498664
2026-07-04T03:10:30.022664,2026-07-04T03:10:30.025877+00:00,131.1,50,bid,FlawlessFlatbreads,DiligentDonuts,6498670
2026-07-04T03:10:30.129164,2026-07-04T03:10:30.135722+00:00,131.1,25,bid,Richard Zhang,DiligentDonuts,6498676
2026-07-04T03:10:30.209790,2026-07-04T03:10:30.221261+00:00,130.6,100,ask,DiligentDonuts,EarnestEspressos,6498677
2026-07-04T03:10:32.181767,2026-07-04T03:10:32.193567+00:00,130.2,50,ask,DiligentDonuts,FlawlessFlatbreads,6498707
2026-07-04T03:10:32.490618,2026-07-04T03:10:32.501949+00:00,130.2,48,ask,DiligentDonuts,CostlyCorianders,6498709
2026-07-04T03:10:33.132797,2026-07-04T03:10:33.140778+00:00,130.6,12,bid,Xuanyu Liu,EarnestEspressos,6498718
2026-07-04T03:10:33.319444,2026-07-04T03:10:33.329231+00:00,130.7,100,bid,EarnestEspressos,DiligentDonuts,6498725
2026-07-04T03:10:34.124682,2026-07-04T03:10:34.136145+00:00,130.7,40,ask,EarnestEspressos,CostlyCorianders,6498738
2026-07-04T03:10:34.295014,2026-07-04T03:10:34.304701+00:00,130.7,10,ask,EarnestEspressos,FlawlessFlatbreads,6498742
2026-07-04T03:10:34.295014,2026-07-04T03:10:34.304701+00:00,130.2,2,ask,DiligentDonuts,FlawlessFlatbreads,6498743
2026-07-04T03:10:35.144028,2026-07-04T03:10:35.151784+00:00,130.7,25,bid,Richard Zhang,DiligentDonuts,6498753
2026-07-04T03:10:36.351098,2026-07-04T03:10:36.352965+00:00,130.7,50,bid,FlawlessFlatbreads,DiligentDonuts,6498776
2026-07-04T03:10:36.772211,2026-07-04T03:10:36.781917+00:00,130.6,11,bid,Xuanyu Liu,EarnestEspressos,6498784
2026-07-04T03:10:37.740841,2026-07-04T03:10:37.752869+00:00,130.6,100,bid,DiligentDonuts,EarnestEspressos,6498793
2026-07-04T03:10:38.456229,2026-07-04T03:10:38.464034+00:00,130.6,39,bid,FlawlessFlatbreads,EarnestEspressos,6498803
2026-07-04T03:10:38.456229,2026-07-04T03:10:38.469029+00:00,131.1,11,bid,FlawlessFlatbreads,DiligentDonuts,6498804
2026-07-04T03:10:39.016577,2026-07-04T03:10:39.028338+00:00,131.1,43,bid,CostlyCorianders,DiligentDonuts,6498809
2026-07-04T03:10:39.654319,2026-07-04T03:10:39.668436+00:00,130.8,11,ask,EarnestEspressos,Xuanyu Liu,6498818
2026-07-04T03:10:39.997087,2026-07-04T03:10:40.009006+00:00,131.1,46,bid,CostlyCorianders,DiligentDonuts,6498822
2026-07-04T03:10:40.156615,2026-07-04T03:10:40.165333+00:00,131.3,25,bid,Richard Zhang,EarnestEspressos,6498827
2026-07-04T03:10:40.565154,2026-07-04T03:10:40.576989+00:00,131.3,50,bid,FlawlessFlatbreads,EarnestEspressos,6498830
2026-07-04T03:10:42.075582,2026-07-04T03:10:42.087186+00:00,130.8,41,ask,EarnestEspressos,CostlyCorianders,6498846
2026-07-04T03:10:42.671341,2026-07-04T03:10:42.682718+00:00,131.1,50,bid,FlawlessFlatbreads,DiligentDonuts,6498856
2026-07-04T03:10:42.825797,2026-07-04T03:10:42.839546+00:00,130.9,12,ask,EarnestEspressos,Xuanyu Liu,6498857
2026-07-04T03:10:44.211197,2026-07-04T03:10:44.218930+00:00,130.9,11,ask,EarnestEspressos,Xuanyu Liu,6498879
2026-07-04T03:10:44.777246,2026-07-04T03:10:44.789060+00:00,131.2,50,bid,FlawlessFlatbreads,DiligentDonuts,6498887
2026-07-04T03:10:45.144602,2026-07-04T03:10:45.152296+00:00,130.9,44,ask,EarnestEspressos,CostlyCorianders,6498896
2026-07-04T03:10:45.736273,2026-07-04T03:10:45.747947+00:00,130.9,45,ask,EarnestEspressos,CostlyCorianders,6498903
2026-07-04T03:10:46.829488,2026-07-04T03:10:46.837875+00:00,130.9,11,bid,Xuanyu Liu,EarnestEspressos,6498922
2026-07-04T03:10:46.883955,2026-07-04T03:10:46.895874+00:00,130.9,50,bid,FlawlessFlatbreads,EarnestEspressos,6498924
2026-07-04T03:10:47.238333,2026-07-04T03:10:47.245802+00:00,130.9,89,bid,DiligentDonuts,EarnestEspressos,6498928
2026-07-04T03:10:48.140048,2026-07-04T03:10:48.148618+00:00,131.0,11,ask,DiligentDonuts,Xuanyu Liu,6498941
2026-07-04T03:10:49.044719,2026-07-04T03:10:49.056085+00:00,130.4,50,ask,EarnestEspressos,FlawlessFlatbreads,6498956
2026-07-04T03:10:51.149479,2026-07-04T03:10:51.163844+00:00,130.7,50,ask,EarnestEspressos,FlawlessFlatbreads,6498986
2026-07-04T03:10:53.256238,2026-07-04T03:10:53.267723+00:00,130.7,50,ask,EarnestEspressos,FlawlessFlatbreads,6499022
2026-07-04T03:10:54.677313,2026-07-04T03:10:54.686391+00:00,131.0,11,bid,Xuanyu Liu,DiligentDonuts,6499045
2026-07-04T03:10:55.367482,2026-07-04T03:10:55.378972+00:00,130.7,50,ask,EarnestEspressos,FlawlessFlatbreads,6499061
2026-07-04T03:10:57.473490,2026-07-04T03:10:57.483452+00:00,130.7,50,ask,DiligentDonuts,FlawlessFlatbreads,6499084
2026-07-04T03:10:59.578672,2026-07-04T03:10:59.590084+00:00,130.7,50,ask,DiligentDonuts,FlawlessFlatbreads,6499109
2026-07-04T03:10:59.782041,2026-07-04T03:10:59.790766+00:00,130.8,12,bid,Xuanyu Liu,EarnestEspressos,6499111
2026-07-04T03:11:01.633738,2026-07-04T03:11:01.640387+00:00,130.8,50,bid,FlawlessFlatbreads,EarnestEspressos,6499129
2026-07-04T03:11:02.648225,2026-07-04T03:11:02.654675+00:00,130.9,45,bid,CostlyCorianders,DiligentDonuts,6499139
2026-07-04T03:11:05.847904,2026-07-04T03:11:05.858568+00:00,131.1,50,bid,FlawlessFlatbreads,DiligentDonuts,6499173
2026-07-04T03:11:07.953790,2026-07-04T03:11:07.958568+00:00,131.0,50,bid,FlawlessFlatbreads,DiligentDonuts,6499188
2026-07-04T03:11:08.421897,2026-07-04T03:11:08.433362+00:00,131.0,46,bid,CostlyCorianders,DiligentDonuts,6499193
2026-07-04T03:11:09.368299,2026-07-04T03:11:09.375758+00:00,131.1,100,bid,DiligentDonuts,EarnestEspressos,6499208
2026-07-04T03:11:10.061002,2026-07-04T03:11:10.068680+00:00,131.1,50,bid,FlawlessFlatbreads,EarnestEspressos,6499215
2026-07-04T03:11:11.310191,2026-07-04T03:11:11.317942+00:00,131.1,23,ask,EarnestEspressos,Xuanyu Liu,6499235
2026-07-04T03:11:12.220386,2026-07-04T03:11:12.227059+00:00,131.1,50,ask,EarnestEspressos,FlawlessFlatbreads,6499242
2026-07-04T03:11:13.265497,2026-07-04T03:11:13.275557+00:00,131.4,45,bid,CostlyCorianders,DiligentDonuts,6499250
2026-07-04T03:11:13.874581,2026-07-04T03:11:13.886021+00:00,131.1,48,ask,EarnestEspressos,CostlyCorianders,6499260
2026-07-04T03:11:14.346445,2026-07-04T03:11:14.353038+00:00,131.1,29,ask,EarnestEspressos,FlawlessFlatbreads,6499262
2026-07-04T03:11:14.346445,2026-07-04T03:11:14.353038+00:00,130.9,21,ask,DiligentDonuts,FlawlessFlatbreads,6499263
2026-07-04T03:11:16.456057,2026-07-04T03:11:16.467800+00:00,130.7,50,ask,DiligentDonuts,FlawlessFlatbreads,6499293
2026-07-04T03:11:16.981604,2026-07-04T03:11:16.993342+00:00,131.1,47,bid,CostlyCorianders,EarnestEspressos,6499296
2026-07-04T03:11:17.959573,2026-07-04T03:11:17.969455+00:00,130.8,43,ask,EarnestEspressos,CostlyCorianders,6499313
2026-07-04T03:11:18.548778,2026-07-04T03:11:18.563778+00:00,130.8,48,ask,EarnestEspressos,CostlyCorianders,6499323
2026-07-04T03:11:20.680788,2026-07-04T03:11:20.694523+00:00,130.8,50,ask,EarnestEspressos,FlawlessFlatbreads,6499349
2026-07-04T03:11:20.851488,2026-07-04T03:11:20.863648+00:00,130.7,34,bid,Xuanyu Liu,EarnestEspressos,6499353
2026-07-04T03:11:21.543043,2026-07-04T03:11:21.550732+00:00,130.7,23,bid,Xuanyu Liu,EarnestEspressos,6499363
2026-07-04T03:11:22.034825,2026-07-04T03:11:22.044184+00:00,130.7,93,bid,DiligentDonuts,EarnestEspressos,6499373
2026-07-04T03:11:22.750742,2026-07-04T03:11:22.758581+00:00,131.3,50,bid,FlawlessFlatbreads,DiligentDonuts,6499387
2026-07-04T03:11:23.354900,2026-07-04T03:11:23.351157+00:00,131.3,44,bid,CostlyCorianders,DiligentDonuts,6499393
2026-07-04T03:11:23.970297,2026-07-04T03:11:23.978774+00:00,131.0,23,ask,EarnestEspressos,Xuanyu Liu,6499395
2026-07-04T03:11:24.855839,2026-07-04T03:11:24.864972+00:00,131.3,6,bid,FlawlessFlatbreads,DiligentDonuts,6499410
2026-07-04T03:11:24.855839,2026-07-04T03:11:24.864972+00:00,131.5,44,bid,FlawlessFlatbreads,EarnestEspressos,6499411
2026-07-04T03:11:24.988930,2026-07-04T03:11:24.998360+00:00,131.0,41,ask,EarnestEspressos,CostlyCorianders,6499413
2026-07-04T03:11:25.978774,2026-07-04T03:11:25.990482+00:00,131.5,42,bid,CostlyCorianders,EarnestEspressos,6499424
2026-07-04T03:11:26.918022,2026-07-04T03:11:26.929588+00:00,131.1,47,ask,DiligentDonuts,CostlyCorianders,6499434
2026-07-04T03:11:26.962841,2026-07-04T03:11:26.974598+00:00,131.5,50,bid,FlawlessFlatbreads,EarnestEspressos,6499435
2026-07-04T03:11:27.125540,2026-07-04T03:11:27.135671+00:00,131.5,23,ask,EarnestEspressos,Xuanyu Liu,6499439
2026-07-04T03:11:27.401921,2026-07-04T03:11:27.413607+00:00,131.6,41,bid,CostlyCorianders,DiligentDonuts,6499446
2026-07-04T03:11:29.071911,2026-07-04T03:11:29.079541+00:00,131.7,50,bid,FlawlessFlatbreads,DiligentDonuts,6499463
2026-07-04T03:11:30.013931,2026-07-04T03:11:30.021184+00:00,131.5,45,ask,EarnestEspressos,CostlyCorianders,6499478
2026-07-04T03:11:31.176857,2026-07-04T03:11:31.188210+00:00,131.7,50,bid,FlawlessFlatbreads,DiligentDonuts,6499497
2026-07-04T03:11:33.296605,2026-07-04T03:11:33.303275+00:00,131.8,50,bid,FlawlessFlatbreads,EarnestEspressos,6499522
2026-07-04T03:11:33.509247,2026-07-04T03:11:33.520655+00:00,131.9,49,bid,CostlyCorianders,DiligentDonuts,6499524
2026-07-04T03:11:33.563477,2026-07-04T03:11:33.574208+00:00,131.6,49,ask,EarnestEspressos,CostlyCorianders,6499525
2026-07-04T03:11:35.285554,2026-07-04T03:11:35.292827+00:00,131.7,11,ask,DiligentDonuts,Xuanyu Liu,6499546
2026-07-04T03:11:35.402718,2026-07-04T03:11:35.410888+00:00,132.1,50,bid,FlawlessFlatbreads,EarnestEspressos,6499548
2026-07-04T03:11:36.098323,2026-07-04T03:11:36.108713+00:00,132.1,47,bid,CostlyCorianders,EarnestEspressos,6499560
2026-07-04T03:11:37.324004,2026-07-04T03:11:37.332024+00:00,131.8,12,ask,EarnestEspressos,Xuanyu Liu,6499579
2026-07-04T03:11:37.511390,2026-07-04T03:11:37.523130+00:00,132.2,50,bid,FlawlessFlatbreads,DiligentDonuts,6499581
2026-07-04T03:11:39.669780,2026-07-04T03:11:39.681330+00:00,131.8,50,ask,EarnestEspressos,FlawlessFlatbreads,6499609
2026-07-04T03:11:41.775681,2026-07-04T03:11:41.787135+00:00,132.0,50,ask,DiligentDonuts,FlawlessFlatbreads,6499643
2026-07-04T03:11:41.831705,2026-07-04T03:11:41.843189+00:00,132.0,41,ask,DiligentDonuts,CostlyCorianders,6499644
2026-07-04T03:11:42.333907,2026-07-04T03:11:42.345153+00:00,132.2,49,bid,CostlyCorianders,EarnestEspressos,6499650
2026-07-04T03:11:43.883921,2026-07-04T03:11:43.895732+00:00,132.0,9,ask,DiligentDonuts,FlawlessFlatbreads,6499672
2026-07-04T03:11:43.883921,2026-07-04T03:11:43.895732+00:00,132.0,41,ask,EarnestEspressos,CostlyCorianders,6499673
2026-07-04T03:11:43.976907,2026-07-04T03:11:43.988332+00:00,132.0,41,ask,EarnestEspressos,FlawlessFlatbreads,6499677
2026-07-04T03:11:45.547356,2026-07-04T03:11:45.555962+00:00,132.2,42,bid,CostlyCorianders,DiligentDonuts,6499692
2026-07-04T03:11:45.991657,2026-07-04T03:11:45.998419+00:00,132.0,50,ask,EarnestEspressos,FlawlessFlatbreads,6499703
2026-07-04T03:11:47.015132,2026-07-04T03:11:47.023956+00:00,131.9,12,bid,Xuanyu Liu,EarnestEspressos,6499718
2026-07-04T03:11:47.335397,2026-07-04T03:11:47.345430+00:00,131.9,100,bid,DiligentDonuts,EarnestEspressos,6499722
2026-07-04T03:11:47.446356,2026-07-04T03:11:47.458600+00:00,131.9,38,bid,CostlyCorianders,EarnestEspressos,6499724
2026-07-04T03:11:48.047397,2026-07-04T03:11:48.055024+00:00,132.4,50,bid,FlawlessFlatbreads,DiligentDonuts,6499735
2026-07-04T03:11:49.273201,2026-07-04T03:11:49.281430+00:00,132.3,12,ask,EarnestEspressos,Xuanyu Liu,6499751
2026-07-04T03:11:49.706605,2026-07-04T03:11:49.714784+00:00,132.3,11,ask,EarnestEspressos,Xuanyu Liu,6499756
2026-07-04T03:11:50.552351,2026-07-04T03:11:50.563879+00:00,132.3,100,ask,EarnestEspressos,DiligentDonuts,6499769
2026-07-04T03:11:51.854579,2026-07-04T03:11:51.863025+00:00,132.3,3,ask,EarnestEspressos,Xuanyu Liu,6499784
2026-07-04T03:11:52.257255,2026-07-04T03:11:52.264356+00:00,132.8,50,bid,FlawlessFlatbreads,EarnestEspressos,6499792
2026-07-04T03:11:53.946535,2026-07-04T03:11:53.958626+00:00,132.0,45,ask,DiligentDonuts,CostlyCorianders,6499825
2026-07-04T03:11:54.364235,2026-07-04T03:11:54.375915+00:00,132.3,50,bid,FlawlessFlatbreads,EarnestEspressos,6499832
2026-07-04T03:11:55.001643,2026-07-04T03:11:55.013062+00:00,132.0,48,ask,DiligentDonuts,CostlyCorianders,6499845
2026-07-04T03:11:56.470515,2026-07-04T03:11:56.482061+00:00,132.5,50,bid,FlawlessFlatbreads,DiligentDonuts,6499871
2026-07-04T03:11:57.130642,2026-07-04T03:11:57.142404+00:00,132.3,49,bid,CostlyCorianders,DiligentDonuts,6499882
2026-07-04T03:11:58.630121,2026-07-04T03:11:58.641645+00:00,132.2,50,ask,EarnestEspressos,FlawlessFlatbreads,6499904
2026-07-04T03:11:59.096005,2026-07-04T03:11:59.102438+00:00,131.8,44,ask,DiligentDonuts,CostlyCorianders,6499907
2026-07-04T03:12:00.685638,2026-07-04T03:12:00.697592+00:00,132.2,50,bid,FlawlessFlatbreads,EarnestEspressos,6499932
2026-07-04T03:12:02.842623,2026-07-04T03:12:02.858550+00:00,131.9,50,ask,EarnestEspressos,FlawlessFlatbreads,6499958
2026-07-04T03:12:04.949498,2026-07-04T03:12:04.958600+00:00,131.9,50,ask,EarnestEspressos,FlawlessFlatbreads,6499979
2026-07-04T03:12:05.185189,2026-07-04T03:12:05.195211+00:00,132.1,3,bid,Xuanyu Liu,EarnestEspressos,6499984
2026-07-04T03:12:05.619610,2026-07-04T03:12:05.631314+00:00,132.1,42,bid,CostlyCorianders,EarnestEspressos,6499995
2026-07-04T03:12:07.056656,2026-07-04T03:12:07.057566+00:00,131.7,50,ask,DiligentDonuts,FlawlessFlatbreads,6500017
2026-07-04T03:12:08.424871,2026-07-04T03:12:08.436363+00:00,132.2,46,bid,CostlyCorianders,DiligentDonuts,6500035
2026-07-04T03:12:09.112925,2026-07-04T03:12:09.124829+00:00,132.2,50,bid,FlawlessFlatbreads,DiligentDonuts,6500052
2026-07-04T03:12:10.633680,2026-07-04T03:12:10.645100+00:00,131.9,44,ask,EarnestEspressos,CostlyCorianders,6500068
2026-07-04T03:12:11.272356,2026-07-04T03:12:11.284092+00:00,131.9,50,ask,EarnestEspressos,FlawlessFlatbreads,6500076
2026-07-04T03:12:11.287987,2026-07-04T03:12:11.296374+00:00,131.9,42,ask,EarnestEspressos,CostlyCorianders,6500078
2026-07-04T03:12:11.450358,2026-07-04T03:12:11.467022+00:00,131.8,100,ask,DiligentDonuts,EarnestEspressos,6500082
2026-07-04T03:12:11.459426,2026-07-04T03:12:11.467022+00:00,131.6,34,bid,Xuanyu Liu,EarnestEspressos,6500083
2026-07-04T03:12:12.429286,2026-07-04T03:12:12.440981+00:00,131.6,16,bid,CostlyCorianders,EarnestEspressos,6500099
2026-07-04T03:12:12.429286,2026-07-04T03:12:12.440981+00:00,132.3,31,bid,CostlyCorianders,DiligentDonuts,6500100
2026-07-04T03:12:13.380528,2026-07-04T03:12:13.390610+00:00,131.8,50,ask,DiligentDonuts,FlawlessFlatbreads,6500114
2026-07-04T03:12:13.432339,2026-07-04T03:12:13.438769+00:00,131.8,40,ask,DiligentDonuts,CostlyCorianders,6500115
2026-07-04T03:12:15.109729,2026-07-04T03:12:15.120016+00:00,132.3,45,bid,CostlyCorianders,DiligentDonuts,6500131
2026-07-04T03:12:15.488178,2026-07-04T03:12:15.497130+00:00,131.9,50,ask,EarnestEspressos,FlawlessFlatbreads,6500139
2026-07-04T03:12:15.959529,2026-07-04T03:12:15.968387+00:00,131.9,23,ask,EarnestEspressos,Xuanyu Liu,6500142
2026-07-04T03:12:17.182331,2026-07-04T03:12:17.194153+00:00,131.9,43,ask,EarnestEspressos,CostlyCorianders,6500163
2026-07-04T03:12:17.544428,2026-07-04T03:12:17.558538+00:00,132.2,50,bid,FlawlessFlatbreads,DiligentDonuts,6500167
2026-07-04T03:12:18.312590,2026-07-04T03:12:18.324147+00:00,131.9,48,bid,CostlyCorianders,EarnestEspressos,6500173
2026-07-04T03:12:19.681667,2026-07-04T03:12:19.691083+00:00,131.9,50,bid,FlawlessFlatbreads,EarnestEspressos,6500192
2026-07-04T03:12:19.813533,2026-07-04T03:12:19.826560+00:00,131.9,45,bid,CostlyCorianders,EarnestEspressos,6500196
2026-07-04T03:12:21.787781,2026-07-04T03:12:21.799625+00:00,132.3,50,bid,FlawlessFlatbreads,DiligentDonuts,6500220
2026-07-04T03:12:23.432278,2026-07-04T03:12:23.444027+00:00,131.9,46,ask,EarnestEspressos,CostlyCorianders,6500242
2026-07-04T03:12:23.895159,2026-07-04T03:12:23.903963+00:00,132.4,50,bid,FlawlessFlatbreads,EarnestEspressos,6500247
2026-07-04T03:12:26.000471,2026-07-04T03:12:26.010220+00:00,132.3,50,bid,FlawlessFlatbreads,EarnestEspressos,6500282
2026-07-04T03:12:27.537713,2026-07-04T03:12:27.546292+00:00,132.1,11,ask,EarnestEspressos,Xuanyu Liu,6500298
2026-07-04T03:12:28.107597,2026-07-04T03:12:28.118872+00:00,132.4,50,bid,FlawlessFlatbreads,DiligentDonuts,6500305
2026-07-04T03:12:30.215304,2026-07-04T03:12:30.227001+00:00,132.5,50,bid,FlawlessFlatbreads,DiligentDonuts,6500328
2026-07-04T03:12:31.652222,2026-07-04T03:12:31.660574+00:00,132.2,3,ask,DiligentDonuts,Xuanyu Liu,6500340
2026-07-04T03:12:32.140444,2026-07-04T03:12:32.151783+00:00,132.2,41,ask,DiligentDonuts,CostlyCorianders,6500350
2026-07-04T03:12:32.323562,2026-07-04T03:12:32.335087+00:00,132.5,50,bid,FlawlessFlatbreads,EarnestEspressos,6500356
2026-07-04T03:12:34.449510,2026-07-04T03:12:34.463613+00:00,132.7,50,bid,FlawlessFlatbreads,DiligentDonuts,6500388
2026-07-04T03:12:35.635718,2026-07-04T03:12:35.643032+00:00,132.3,3,ask,DiligentDonuts,Xuanyu Liu,6500405
2026-07-04T03:12:36.555988,2026-07-04T03:12:36.566707+00:00,132.7,50,bid,FlawlessFlatbreads,EarnestEspressos,6500416
2026-07-04T03:12:38.672104,2026-07-04T03:12:38.683807+00:00,132.5,50,bid,FlawlessFlatbreads,DiligentDonuts,6500448
2026-07-04T03:12:39.554164,2026-07-04T03:12:39.563626+00:00,132.2,44,ask,EarnestEspressos,CostlyCorianders,6500464
2026-07-04T03:12:40.158524,2026-07-04T03:12:40.170602+00:00,132.1,42,ask,EarnestEspressos,CostlyCorianders,6500471
2026-07-04T03:12:40.778785,2026-07-04T03:12:40.790758+00:00,132.5,50,bid,FlawlessFlatbreads,DiligentDonuts,6500480
2026-07-04T03:12:44.297474,2026-07-04T03:12:44.304689+00:00,132.5,100,bid,DiligentDonuts,EarnestEspressos,6500520
2026-07-04T03:12:44.803374,2026-07-04T03:12:44.810989+00:00,132.5,3,bid,Xuanyu Liu,EarnestEspressos,6500529
2026-07-04T03:12:45.064703,2026-07-04T03:12:45.076462+00:00,132.0,50,ask,EarnestEspressos,FlawlessFlatbreads,6500532
2026-07-04T03:12:48.289756,2026-07-04T03:12:48.301482+00:00,132.7,45,bid,CostlyCorianders,DiligentDonuts,6500564
2026-07-04T03:12:48.800226,2026-07-04T03:12:48.811662+00:00,132.7,44,bid,CostlyCorianders,DiligentDonuts,6500572
2026-07-04T03:12:49.275251,2026-07-04T03:12:49.282773+00:00,132.4,50,ask,EarnestEspressos,FlawlessFlatbreads,6500581
2026-07-04T03:12:50.044073,2026-07-04T03:12:50.051965+00:00,132.4,14,ask,EarnestEspressos,Xuanyu Liu,6500588
2026-07-04T03:12:51.361830,2026-07-04T03:12:51.373332+00:00,132.4,44,ask,EarnestEspressos,CostlyCorianders,6500606
2026-07-04T03:12:51.384025,2026-07-04T03:12:51.395358+00:00,132.4,50,ask,EarnestEspressos,FlawlessFlatbreads,6500608
2026-07-04T03:12:52.585115,2026-07-04T03:12:52.597428+00:00,132.2,100,ask,DiligentDonuts,EarnestEspressos,6500619
2026-07-04T03:12:52.603383,2026-07-04T03:12:52.611943+00:00,132.0,14,bid,Xuanyu Liu,EarnestEspressos,6500620
2026-07-04T03:12:53.439332,2026-07-04T03:12:53.446163+00:00,132.0,36,bid,FlawlessFlatbreads,EarnestEspressos,6500631
2026-07-04T03:12:54.365713,2026-07-04T03:12:54.377438+00:00,132.4,41,bid,CostlyCorianders,DiligentDonuts,6500638
2026-07-04T03:12:54.947802,2026-07-04T03:12:54.958568+00:00,131.9,42,ask,DiligentDonuts,CostlyCorianders,6500645
2026-07-04T03:12:55.545437,2026-07-04T03:12:55.551963+00:00,132.4,50,bid,FlawlessFlatbreads,DiligentDonuts,6500653
2026-07-04T03:12:56.411242,2026-07-04T03:12:56.422724+00:00,132.4,9,bid,CostlyCorianders,DiligentDonuts,6500660
2026-07-04T03:12:56.411242,2026-07-04T03:12:56.422724+00:00,132.6,34,bid,CostlyCorianders,EarnestEspressos,6500661
2026-07-04T03:12:56.468731,2026-07-04T03:12:56.477083+00:00,132.1,44,ask,EarnestEspressos,CostlyCorianders,6500664
2026-07-04T03:12:57.653113,2026-07-04T03:12:57.664457+00:00,132.6,50,bid,FlawlessFlatbreads,EarnestEspressos,6500681
2026-07-04T03:12:59.210545,2026-07-04T03:12:59.218343+00:00,132.3,3,ask,EarnestEspressos,Xuanyu Liu,6500704
2026-07-04T03:12:59.759763,2026-07-04T03:12:59.771614+00:00,132.7,50,bid,FlawlessFlatbreads,DiligentDonuts,6500711
2026-07-04T03:13:00.315036,2026-07-04T03:13:00.326512+00:00,132.3,49,ask,EarnestEspressos,CostlyCorianders,6500723
2026-07-04T03:13:01.868077,2026-07-04T03:13:01.876481+00:00,132.8,50,bid,FlawlessFlatbreads,EarnestEspressos,6500737
2026-07-04T03:13:03.974137,2026-07-04T03:13:03.985584+00:00,133.0,50,bid,FlawlessFlatbreads,EarnestEspressos,6500769
2026-07-04T03:13:05.193295,2026-07-04T03:13:05.202171+00:00,132.7,11,ask,EarnestEspressos,Xuanyu Liu,6500786
2026-07-04T03:13:05.371753,2026-07-04T03:13:05.383615+00:00,133.1,46,bid,CostlyCorianders,DiligentDonuts,6500791
2026-07-04T03:13:05.426415,2026-07-04T03:13:05.438233+00:00,132.7,48,ask,EarnestEspressos,CostlyCorianders,6500792
2026-07-04T03:13:06.080208,2026-07-04T03:13:06.091953+00:00,133.1,50,bid,FlawlessFlatbreads,DiligentDonuts,6500801
2026-07-04T03:13:06.439148,2026-07-04T03:13:06.446871+00:00,132.9,23,ask,DiligentDonuts,Xuanyu Liu,6500806
2026-07-04T03:13:06.521112,2026-07-04T03:13:06.529762+00:00,132.9,44,ask,DiligentDonuts,CostlyCorianders,6500811
2026-07-04T03:13:07.073168,2026-07-04T03:13:07.084743+00:00,133.2,48,bid,CostlyCorianders,EarnestEspressos,6500816
2026-07-04T03:13:08.240680,2026-07-04T03:13:08.252374+00:00,132.9,33,ask,DiligentDonuts,FlawlessFlatbreads,6500826
2026-07-04T03:13:08.240680,2026-07-04T03:13:08.252374+00:00,132.7,17,ask,EarnestEspressos,FlawlessFlatbreads,6500827
2026-07-04T03:13:10.052913,2026-07-04T03:13:10.053066+00:00,133.1,41,bid,CostlyCorianders,DiligentDonuts,6500857
2026-07-04T03:13:12.179323,2026-07-04T03:13:12.191194+00:00,133.1,44,bid,CostlyCorianders,DiligentDonuts,6500877
2026-07-04T03:13:12.401411,2026-07-04T03:13:12.413039+00:00,133.1,15,bid,FlawlessFlatbreads,DiligentDonuts,6500887
2026-07-04T03:13:12.401411,2026-07-04T03:13:12.413039+00:00,133.2,35,bid,FlawlessFlatbreads,EarnestEspressos,6500888
2026-07-04T03:13:14.559058,2026-07-04T03:13:14.570632+00:00,133.0,50,ask,DiligentDonuts,FlawlessFlatbreads,6500919
2026-07-04T03:13:14.971310,2026-07-04T03:13:14.980767+00:00,133.0,12,ask,DiligentDonuts,Xuanyu Liu,6500923
2026-07-04T03:13:16.669510,2026-07-04T03:13:16.681350+00:00,132.8,50,ask,EarnestEspressos,FlawlessFlatbreads,6500945
2026-07-04T03:13:18.045850,2026-07-04T03:13:18.052319+00:00,132.8,41,ask,EarnestEspressos,CostlyCorianders,6500959
2026-07-04T03:13:18.726153,2026-07-04T03:13:18.737975+00:00,133.2,50,bid,FlawlessFlatbreads,DiligentDonuts,6500971
2026-07-04T03:13:19.579529,2026-07-04T03:13:19.592484+00:00,132.8,40,ask,EarnestEspressos,CostlyCorianders,6500992
2026-07-04T03:13:20.564483,2026-07-04T03:13:20.573867+00:00,133.3,47,bid,CostlyCorianders,EarnestEspressos,6501003
2026-07-04T03:13:20.618681,2026-07-04T03:13:20.625467+00:00,132.8,40,ask,EarnestEspressos,CostlyCorianders,6501006
2026-07-04T03:13:21.045126,2026-07-04T03:13:21.049545+00:00,132.8,100,ask,DiligentDonuts,EarnestEspressos,6501010
2026-07-04T03:13:21.059520,2026-07-04T03:13:21.067865+00:00,132.7,12,bid,Xuanyu Liu,EarnestEspressos,6501011
2026-07-04T03:13:21.464921,2026-07-04T03:13:21.474168+00:00,132.7,11,bid,Xuanyu Liu,EarnestEspressos,6501019
2026-07-04T03:13:22.947399,2026-07-04T03:13:22.958575+00:00,132.7,27,bid,FlawlessFlatbreads,EarnestEspressos,6501034
