timestamp,recv_time,price,volume,aggressor_side,buyer,seller,trade_id
2026-07-08T02:00:01.268211,2026-07-08T02:00:01.277548+00:00,133.8,11,bid,,,11559830
2026-07-08T02:00:01.387576,2026-07-08T02:00:01.385744+00:00,133.8,5,bid,,,11559832
2026-07-08T02:00:01.437506,2026-07-08T02:00:01.439131+00:00,133.8,20,bid,,,11559835
2026-07-08T02:00:01.705524,2026-07-08T02:00:01.717327+00:00,133.8,20,bid,,,11559837
2026-07-08T02:00:02.253117,2026-07-08T02:00:02.264297+00:00,133.7,5,ask,,,11559850
2026-07-08T02:00:02.253117,2026-07-08T02:00:02.264297+00:00,133.5,45,ask,,,11559851
2026-07-08T02:00:02.578848,2026-07-08T02:00:02.577435+00:00,133.8,44,bid,,,11559861
2026-07-08T02:00:02.578848,2026-07-08T02:00:02.577435+00:00,134.0,1,bid,,,11559862
2026-07-08T02:00:03.157074,2026-07-08T02:00:03.158581+00:00,134.0,46,bid,,,11559869
2026-07-08T02:00:04.364892,2026-07-08T02:00:04.376813+00:00,133.8,50,ask,,,11559886
2026-07-08T02:00:06.500518,2026-07-08T02:00:06.507160+00:00,133.8,5,ask,,,11559915
2026-07-08T02:00:06.500518,2026-07-08T02:00:06.512408+00:00,133.7,45,ask,,,11559916
2026-07-08T02:00:08.230390,2026-07-08T02:00:08.242586+00:00,133.8,5,ask,,,11559936
2026-07-08T02:00:08.230390,2026-07-08T02:00:08.242586+00:00,133.7,39,ask,,,11559937
2026-07-08T02:00:08.557770,2026-07-08T02:00:08.569481+00:00,134.1,50,bid,,,11559945
2026-07-08T02:00:13.993695,2026-07-08T02:00:14.005394+00:00,133.9,48,ask,,,11560016
2026-07-08T02:00:14.678523,2026-07-08T02:00:14.689581+00:00,133.9,25,ask,,,11560032
2026-07-08T02:00:14.985883,2026-07-08T02:00:14.996061+00:00,133.9,50,ask,,,11560036
2026-07-08T02:00:15.385355,2026-07-08T02:00:15.396848+00:00,133.9,27,ask,,,11560043
2026-07-08T02:00:16.749644,2026-07-08T02:00:16.761432+00:00,133.7,5,ask,,,11560053
2026-07-08T02:00:16.762749,2026-07-08T02:00:16.773873+00:00,133.7,3,bid,,,11560054
2026-07-08T02:00:16.810991,2026-07-08T02:00:16.820761+00:00,133.7,5,bid,,,11560056
2026-07-08T02:00:16.940693,2026-07-08T02:00:16.952040+00:00,133.7,10,bid,,,11560065
2026-07-08T02:00:17.096220,2026-07-08T02:00:17.107748+00:00,133.4,50,ask,,,11560068
2026-07-08T02:00:17.337353,2026-07-08T02:00:17.345863+00:00,133.7,40,bid,,,11560071
2026-07-08T02:00:17.884050,2026-07-08T02:00:17.895881+00:00,133.7,40,bid,,,11560081
2026-07-08T02:00:17.889964,2026-07-08T02:00:17.901106+00:00,133.7,5,bid,,,11560082
2026-07-08T02:00:18.430692,2026-07-08T02:00:18.440265+00:00,133.7,42,bid,,,11560095
2026-07-08T02:00:18.436046,2026-07-08T02:00:18.445656+00:00,133.9,5,bid,,,11560096
2026-07-08T02:00:19.213368,2026-07-08T02:00:19.227620+00:00,133.8,5,ask,,,11560112
2026-07-08T02:00:19.213368,2026-07-08T02:00:19.227620+00:00,133.6,45,ask,,,11560113
2026-07-08T02:00:20.034204,2026-07-08T02:00:20.044536+00:00,133.6,5,ask,,,11560129
2026-07-08T02:00:21.320523,2026-07-08T02:00:21.329091+00:00,133.7,5,ask,,,11560144
2026-07-08T02:00:21.320523,2026-07-08T02:00:21.329091+00:00,133.6,45,ask,,,11560145
2026-07-08T02:00:21.380493,2026-07-08T02:00:21.392373+00:00,133.9,5,bid,,,11560146
2026-07-08T02:00:21.380493,2026-07-08T02:00:21.392373+00:00,134.1,39,bid,,,11560147
2026-07-08T02:00:23.027026,2026-07-08T02:00:23.039154+00:00,133.7,100,bid,,,11560170
2026-07-08T02:00:23.460786,2026-07-08T02:00:23.469198+00:00,133.7,50,ask,,,11560176
2026-07-08T02:00:23.564776,2026-07-08T02:00:23.571956+00:00,133.7,5,ask,,,11560178
2026-07-08T02:00:23.564776,2026-07-08T02:00:23.576956+00:00,133.2,44,ask,,,11560179
2026-07-08T02:00:25.202326,2026-07-08T02:00:25.214168+00:00,133.7,5,bid,,,11560205
2026-07-08T02:00:25.202326,2026-07-08T02:00:25.214168+00:00,133.7,44,bid,,,11560206
2026-07-08T02:00:25.568886,2026-07-08T02:00:25.580604+00:00,133.4,5,ask,,,11560209
2026-07-08T02:00:25.568886,2026-07-08T02:00:25.580604+00:00,133.2,45,ask,,,11560210
2026-07-08T02:00:26.247767,2026-07-08T02:00:26.259511+00:00,133.4,5,ask,,,11560224
2026-07-08T02:00:27.710579,2026-07-08T02:00:27.720682+00:00,133.2,50,ask,,,11560243
2026-07-08T02:00:29.110639,2026-07-08T02:00:29.118306+00:00,133.1,10,ask,,,11560259
2026-07-08T02:00:29.766384,2026-07-08T02:00:29.777947+00:00,133.3,5,bid,,,11560263
2026-07-08T02:00:29.766384,2026-07-08T02:00:29.777947+00:00,133.4,45,bid,,,11560264
2026-07-08T02:00:31.789584,2026-07-08T02:00:31.797400+00:00,133.4,5,bid,,,11560293
2026-07-08T02:00:31.873313,2026-07-08T02:00:31.885360+00:00,133.3,5,bid,,,11560296
2026-07-08T02:00:31.873313,2026-07-08T02:00:31.885360+00:00,133.4,45,bid,,,11560297
2026-07-08T02:00:32.320032,2026-07-08T02:00:32.328628+00:00,133.4,5,bid,,,11560303
2026-07-08T02:00:33.991892,2026-07-08T02:00:33.999292+00:00,133.3,5,bid,,,11560323
2026-07-08T02:00:33.991892,2026-07-08T02:00:34.004717+00:00,133.4,45,bid,,,11560324
2026-07-08T02:00:34.270886,2026-07-08T02:00:34.282071+00:00,133.6,46,bid,,,11560325
2026-07-08T02:00:34.725136,2026-07-08T02:00:34.733002+00:00,133.3,5,ask,,,11560333
2026-07-08T02:00:36.366867,2026-07-08T02:00:36.378719+00:00,133.3,44,ask,,,11560352
2026-07-08T02:00:38.278445,2026-07-08T02:00:38.290403+00:00,133.3,50,ask,,,11560380
2026-07-08T02:00:40.417634,2026-07-08T02:00:40.425629+00:00,133.2,50,ask,,,11560406
2026-07-08T02:00:41.354128,2026-07-08T02:00:41.363905+00:00,133.4,40,bid,,,11560414
2026-07-08T02:00:41.666540,2026-07-08T02:00:41.677998+00:00,133.4,46,bid,,,11560417
2026-07-08T02:00:41.896313,2026-07-08T02:00:41.903971+00:00,133.4,8,bid,,,11560429
2026-07-08T02:00:42.524881,2026-07-08T02:00:42.536511+00:00,133.3,50,ask,,,11560437
2026-07-08T02:00:44.637022,2026-07-08T02:00:44.651980+00:00,133.3,50,ask,,,11560458
2026-07-08T02:00:45.333666,2026-07-08T02:00:45.345462+00:00,133.2,41,ask,,,11560473
2026-07-08T02:00:45.887922,2026-07-08T02:00:45.895440+00:00,133.2,44,ask,,,11560481
2026-07-08T02:00:46.743817,2026-07-08T02:00:46.750984+00:00,133.2,15,ask,,,11560491
2026-07-08T02:00:46.743817,2026-07-08T02:00:46.758614+00:00,133.0,35,ask,,,11560492
2026-07-08T02:00:47.207555,2026-07-08T02:00:47.216699+00:00,133.2,3,bid,,,11560499
2026-07-08T02:00:47.446587,2026-07-08T02:00:47.453138+00:00,133.2,20,bid,,,11560501
2026-07-08T02:00:47.790631,2026-07-08T02:00:47.802850+00:00,133.2,20,bid,,,11560506
2026-07-08T02:00:48.140780,2026-07-08T02:00:48.147275+00:00,133.2,20,bid,,,11560510
2026-07-08T02:00:48.484656,2026-07-08T02:00:48.496285+00:00,133.2,10,bid,,,11560519
2026-07-08T02:00:48.534457,2026-07-08T02:00:48.541535+00:00,133.0,10,ask,,,11560522
2026-07-08T02:00:48.764497,2026-07-08T02:00:48.776227+00:00,133.2,9,bid,,,11560526
2026-07-08T02:00:48.852299,2026-07-08T02:00:48.863681+00:00,133.0,50,ask,,,11560528
2026-07-08T02:00:49.028471,2026-07-08T02:00:49.040074+00:00,133.2,4,bid,,,11560531
2026-07-08T02:00:49.293089,2026-07-08T02:00:49.304566+00:00,133.2,1,bid,,,11560537
2026-07-08T02:00:49.562918,2026-07-08T02:00:49.570716+00:00,133.2,1,bid,,,11560547
2026-07-08T02:00:49.831286,2026-07-08T02:00:49.841604+00:00,133.2,11,bid,,,11560554
2026-07-08T02:00:49.937027,2026-07-08T02:00:49.948989+00:00,133.2,1,bid,,,11560557
2026-07-08T02:00:50.963961,2026-07-08T02:00:50.975491+00:00,133.3,50,ask,,,11560566
2026-07-08T02:00:51.569520,2026-07-08T02:00:51.578780+00:00,133.3,50,ask,,,11560573
2026-07-08T02:00:51.712160,2026-07-08T02:00:51.723668+00:00,133.3,3,bid,,,11560575
2026-07-08T02:00:52.433230,2026-07-08T02:00:52.445066+00:00,133.3,44,bid,,,11560590
2026-07-08T02:00:53.942971,2026-07-08T02:00:53.958589+00:00,133.3,46,bid,,,11560609
2026-07-08T02:00:54.512370,2026-07-08T02:00:54.524037+00:00,133.3,7,bid,,,11560615
2026-07-08T02:00:54.512370,2026-07-08T02:00:54.524037+00:00,133.4,5,bid,,,11560616
2026-07-08T02:00:54.512370,2026-07-08T02:00:54.524037+00:00,133.5,30,bid,,,11560617
2026-07-08T02:00:54.571669,2026-07-08T02:00:54.583680+00:00,133.0,47,ask,,,11560619
2026-07-08T02:00:54.867893,2026-07-08T02:00:54.874771+00:00,133.5,5,bid,,,11560623
2026-07-08T02:00:55.125634,2026-07-08T02:00:55.137518+00:00,133.5,50,bid,,,11560629
2026-07-08T02:00:56.183531,2026-07-08T02:00:56.190164+00:00,133.5,15,bid,,,11560642
2026-07-08T02:00:56.183531,2026-07-08T02:00:56.195468+00:00,133.6,5,bid,,,11560643
2026-07-08T02:00:56.401098,2026-07-08T02:00:56.410556+00:00,133.2,11,ask,,,11560654
2026-07-08T02:00:57.233282,2026-07-08T02:00:57.241502+00:00,133.3,50,bid,,,11560667
2026-07-08T02:00:58.027734,2026-07-08T02:00:58.039046+00:00,133.3,5,bid,,,11560687
2026-07-08T02:00:58.372633,2026-07-08T02:00:58.384136+00:00,132.9,49,ask,,,11560689
2026-07-08T02:00:59.300720,2026-07-08T02:00:59.308232+00:00,133.2,5,bid,,,11560703
2026-07-08T02:00:59.300720,2026-07-08T02:00:59.308232+00:00,133.3,44,bid,,,11560704
2026-07-08T02:00:59.341166,2026-07-08T02:00:59.353267+00:00,133.3,1,bid,,,11560705
2026-07-08T02:00:59.341166,2026-07-08T02:00:59.353267+00:00,133.4,49,bid,,,11560706
2026-07-08T02:01:00.805096,2026-07-08T02:01:00.817095+00:00,133.1,41,ask,,,11560726
2026-07-08T02:01:01.304498,2026-07-08T02:01:01.311548+00:00,133.1,40,ask,,,11560735
2026-07-08T02:01:03.604868,2026-07-08T02:01:03.615075+00:00,132.8,50,ask,,,11560764
2026-07-08T02:01:04.406346,2026-07-08T02:01:04.416337+00:00,133.0,5,bid,,,11560775
2026-07-08T02:01:05.712010,2026-07-08T02:01:05.723154+00:00,132.8,50,ask,,,11560788
2026-07-08T02:01:06.511565,2026-07-08T02:01:06.519825+00:00,133.0,11,bid,,,11560804
2026-07-08T02:01:07.823707,2026-07-08T02:01:07.830390+00:00,132.7,50,ask,,,11560826
2026-07-08T02:01:08.474653,2026-07-08T02:01:08.485846+00:00,132.9,43,bid,,,11560840
2026-07-08T02:01:09.932065,2026-07-08T02:01:09.943496+00:00,132.6,50,ask,,,11560859
2026-07-08T02:01:12.037826,2026-07-08T02:01:12.049422+00:00,132.8,50,ask,,,11560886
2026-07-08T02:01:12.767266,2026-07-08T02:01:12.778980+00:00,133.0,49,bid,,,11560904
2026-07-08T02:01:14.093714,2026-07-08T02:01:14.100620+00:00,133.0,50,bid,,,11560921
2026-07-08T02:01:14.366415,2026-07-08T02:01:14.374167+00:00,133.0,1,bid,,,11560924
2026-07-08T02:01:14.925183,2026-07-08T02:01:14.935443+00:00,132.7,48,ask,,,11560933
2026-07-08T02:01:15.426530,2026-07-08T02:01:15.438055+00:00,133.2,49,bid,,,11560943
2026-07-08T02:01:15.481632,2026-07-08T02:01:15.494871+00:00,132.7,49,ask,,,11560944
2026-07-08T02:01:16.201960,2026-07-08T02:01:16.213097+00:00,133.2,50,bid,,,11560961
2026-07-08T02:01:18.361191,2026-07-08T02:01:18.372888+00:00,132.8,50,ask,,,11560983
2026-07-08T02:01:19.360369,2026-07-08T02:01:19.372326+00:00,132.9,43,ask,,,11560988
2026-07-08T02:01:19.831284,2026-07-08T02:01:19.840575+00:00,133.3,47,bid,,,11560996
2026-07-08T02:01:20.476150,2026-07-08T02:01:20.488085+00:00,132.9,50,ask,,,11560999
2026-07-08T02:01:22.534077,2026-07-08T02:01:22.545592+00:00,133.2,50,bid,,,11561026
2026-07-08T02:01:22.977415,2026-07-08T02:01:22.989346+00:00,133.2,49,bid,,,11561030
2026-07-08T02:01:23.150941,2026-07-08T02:01:23.151019+00:00,133.2,100,bid,,,11561035
2026-07-08T02:01:23.150941,2026-07-08T02:01:23.151019+00:00,133.3,5,bid,,,11561036
2026-07-08T02:01:23.596744,2026-07-08T02:01:23.608354+00:00,133.3,41,ask,,,11561041
2026-07-08T02:01:24.640967,2026-07-08T02:01:24.652829+00:00,133.6,5,bid,,,11561052
2026-07-08T02:01:24.640967,2026-07-08T02:01:24.652829+00:00,133.8,45,bid,,,11561053
2026-07-08T02:01:26.315430,2026-07-08T02:01:26.325504+00:00,133.1,46,ask,,,11561071
2026-07-08T02:01:26.323565,2026-07-08T02:01:26.330702+00:00,133.6,10,bid,,,11561072
2026-07-08T02:01:26.751302,2026-07-08T02:01:26.757667+00:00,133.5,50,bid,,,11561082
2026-07-08T02:01:28.314473,2026-07-08T02:01:28.326202+00:00,133.3,48,bid,,,11561102
2026-07-08T02:01:28.820942,2026-07-08T02:01:28.832931+00:00,133.0,43,ask,,,11561106
2026-07-08T02:01:28.870059,2026-07-08T02:01:28.889531+00:00,133.3,50,bid,,,11561107
2026-07-08T02:01:30.977426,2026-07-08T02:01:30.989130+00:00,133.3,2,bid,,,11561140
2026-07-08T02:01:30.977426,2026-07-08T02:01:30.989130+00:00,133.3,48,bid,,,11561141
2026-07-08T02:01:32.750531,2026-07-08T02:01:32.758539+00:00,133.4,5,bid,,,11561164
2026-07-08T02:01:32.750531,2026-07-08T02:01:32.758539+00:00,133.5,43,bid,,,11561165
2026-07-08T02:01:33.096849,2026-07-08T02:01:33.114115+00:00,133.5,50,bid,,,11561169
2026-07-08T02:01:33.123644,2026-07-08T02:01:33.135001+00:00,133.5,5,bid,,,11561171
2026-07-08T02:01:34.224753,2026-07-08T02:01:34.236232+00:00,133.4,5,bid,,,11561187
2026-07-08T02:01:34.713930,2026-07-08T02:01:34.722417+00:00,133.1,43,ask,,,11561199
2026-07-08T02:01:35.257310,2026-07-08T02:01:35.269107+00:00,133.1,50,ask,,,11561203
2026-07-08T02:01:35.632226,2026-07-08T02:01:35.648937+00:00,133.1,7,ask,,,11561211
2026-07-08T02:01:35.836791,2026-07-08T02:01:35.847206+00:00,133.2,7,ask,,,11561220
2026-07-08T02:01:35.886007,2026-07-08T02:01:35.897601+00:00,133.3,5,bid,,,11561223
2026-07-08T02:01:35.886007,2026-07-08T02:01:35.897601+00:00,133.6,37,bid,,,11561224
2026-07-08T02:01:35.890879,2026-07-08T02:01:35.897601+00:00,133.2,20,ask,,,11561225
2026-07-08T02:01:36.893397,2026-07-08T02:01:36.905018+00:00,133.2,20,ask,,,11561237
2026-07-08T02:01:37.161130,2026-07-08T02:01:37.170382+00:00,133.2,20,ask,,,11561241
2026-07-08T02:01:37.347193,2026-07-08T02:01:37.354049+00:00,133.2,5,ask,,,11561242
2026-07-08T02:01:37.385560,2026-07-08T02:01:37.394886+00:00,133.2,50,ask,,,11561246
2026-07-08T02:01:37.427754,2026-07-08T02:01:37.439299+00:00,133.2,20,ask,,,11561248
2026-07-08T02:01:37.675595,2026-07-08T02:01:37.684937+00:00,133.2,8,ask,,,11561251
2026-07-08T02:01:37.675595,2026-07-08T02:01:37.684937+00:00,133.0,5,ask,,,11561252
2026-07-08T02:01:37.888227,2026-07-08T02:01:37.896049+00:00,133.0,10,bid,,,11561262
2026-07-08T02:01:39.441348,2026-07-08T02:01:39.452933+00:00,133.0,50,bid,,,11561285
2026-07-08T02:01:40.897455,2026-07-08T02:01:40.909514+00:00,132.9,5,bid,,,11561309
2026-07-08T02:01:40.897455,2026-07-08T02:01:40.909514+00:00,133.0,38,bid,,,11561310
2026-07-08T02:01:41.007806,2026-07-08T02:01:41.016877+00:00,133.0,5,bid,,,11561312
2026-07-08T02:01:41.550190,2026-07-08T02:01:41.558602+00:00,133.0,50,bid,,,11561316
2026-07-08T02:01:43.708638,2026-07-08T02:01:43.720183+00:00,132.8,50,ask,,,11561344
2026-07-08T02:01:44.624627,2026-07-08T02:01:44.632734+00:00,132.8,47,ask,,,11561359
2026-07-08T02:01:46.245715,2026-07-08T02:01:46.255155+00:00,132.9,3,bid,,,11561376
2026-07-08T02:01:46.289718,2026-07-08T02:01:46.301343+00:00,132.6,47,ask,,,11561378
2026-07-08T02:01:49.643816,2026-07-08T02:01:49.655425+00:00,132.8,42,bid,,,11561419
2026-07-08T02:01:52.079841,2026-07-08T02:01:52.089880+00:00,133.0,50,bid,,,11561444
2026-07-08T02:01:54.050503,2026-07-08T02:01:54.058596+00:00,132.9,5,bid,,,11561476
2026-07-08T02:01:54.186130,2026-07-08T02:01:54.197779+00:00,133.0,50,bid,,,11561479
2026-07-08T02:01:55.575536,2026-07-08T02:01:55.585677+00:00,132.8,5,bid,,,11561495
2026-07-08T02:01:55.666582,2026-07-08T02:01:55.673340+00:00,132.5,46,ask,,,11561496
2026-07-08T02:01:56.345221,2026-07-08T02:01:56.356726+00:00,132.5,50,ask,,,11561504
2026-07-08T02:01:58.062661,2026-07-08T02:01:58.074299+00:00,132.8,5,bid,,,11561523
2026-07-08T02:01:58.062661,2026-07-08T02:01:58.074299+00:00,132.9,44,bid,,,11561524
2026-07-08T02:01:58.188092,2026-07-08T02:01:58.197210+00:00,132.9,5,bid,,,11561527
2026-07-08T02:01:58.450896,2026-07-08T02:01:58.462593+00:00,132.5,50,ask,,,11561529
2026-07-08T02:02:00.558605,2026-07-08T02:02:00.570277+00:00,132.7,50,ask,,,11561555
2026-07-08T02:02:01.997000,2026-07-08T02:02:02.005658+00:00,132.8,11,bid,,,11561579
2026-07-08T02:02:02.614347,2026-07-08T02:02:02.626057+00:00,132.8,50,bid,,,11561588
2026-07-08T02:02:02.941613,2026-07-08T02:02:02.952063+00:00,132.8,89,bid,,,11561592
2026-07-08T02:02:03.280706,2026-07-08T02:02:03.292520+00:00,132.8,11,ask,,,11561597
2026-07-08T02:02:04.291443,2026-07-08T02:02:04.314061+00:00,133.0,5,bid,,,11561606
2026-07-08T02:02:04.304299,2026-07-08T02:02:04.314061+00:00,133.1,11,ask,,,11561607
2026-07-08T02:02:04.313052,2026-07-08T02:02:04.339917+00:00,133.1,45,ask,,,11561609
2026-07-08T02:02:04.414220,2026-07-08T02:02:04.424503+00:00,133.3,5,bid,,,11561610
2026-07-08T02:02:04.721213,2026-07-08T02:02:04.733057+00:00,133.2,5,bid,,,11561617
2026-07-08T02:02:04.721213,2026-07-08T02:02:04.733057+00:00,133.3,45,bid,,,11561618
2026-07-08T02:02:04.933705,2026-07-08T02:02:04.942753+00:00,133.3,5,bid,,,11561619
2026-07-08T02:02:06.159590,2026-07-08T02:02:06.169093+00:00,133.1,89,ask,,,11561635
2026-07-08T02:02:06.830188,2026-07-08T02:02:06.837547+00:00,133.0,5,bid,,,11561645
2026-07-08T02:02:06.830188,2026-07-08T02:02:06.842828+00:00,133.1,11,bid,,,11561646
2026-07-08T02:02:06.830188,2026-07-08T02:02:06.842828+00:00,133.6,34,bid,,,11561647
2026-07-08T02:02:07.566153,2026-07-08T02:02:07.574201+00:00,133.3,5,bid,,,11561657
2026-07-08T02:02:07.762750,2026-07-08T02:02:07.774760+00:00,133.2,5,bid,,,11561660
2026-07-08T02:02:07.762750,2026-07-08T02:02:07.774760+00:00,133.3,44,bid,,,11561661
2026-07-08T02:02:08.086383,2026-07-08T02:02:08.096742+00:00,133.3,5,bid,,,11561663
2026-07-08T02:02:08.832055,2026-07-08T02:02:08.842911+00:00,132.8,49,ask,,,11561675
2026-07-08T02:02:10.354813,2026-07-08T02:02:10.358602+00:00,133.2,5,bid,,,11561692
2026-07-08T02:02:10.354813,2026-07-08T02:02:10.368694+00:00,133.3,43,bid,,,11561693
2026-07-08T02:02:10.926195,2026-07-08T02:02:10.933069+00:00,133.2,5,bid,,,11561702
2026-07-08T02:02:11.102467,2026-07-08T02:02:11.114309+00:00,133.0,50,ask,,,11561707
2026-07-08T02:02:13.209463,2026-07-08T02:02:13.220972+00:00,132.9,50,ask,,,11561732
2026-07-08T02:02:13.914995,2026-07-08T02:02:13.921854+00:00,133.2,10,bid,,,11561745
2026-07-08T02:02:15.199985,2026-07-08T02:02:15.206714+00:00,133.2,49,bid,,,11561758
2026-07-08T02:02:15.317050,2026-07-08T02:02:15.327474+00:00,132.7,50,ask,,,11561760
2026-07-08T02:02:21.592876,2026-07-08T02:02:21.604698+00:00,132.9,50,bid,,,11561861
2026-07-08T02:02:21.947895,2026-07-08T02:02:21.958581+00:00,132.9,100,bid,,,11561863
2026-07-08T02:02:22.843378,2026-07-08T02:02:22.851672+00:00,132.9,11,bid,,,11561873
2026-07-08T02:02:23.279380,2026-07-08T02:02:23.286661+00:00,132.9,5,bid,,,11561880
2026-07-08T02:02:23.292967,2026-07-08T02:02:23.303777+00:00,133.0,11,ask,,,11561881
2026-07-08T02:02:23.701376,2026-07-08T02:02:23.713270+00:00,133.2,5,bid,,,11561888
2026-07-08T02:02:23.701376,2026-07-08T02:02:23.713270+00:00,133.4,45,bid,,,11561889
2026-07-08T02:02:24.152469,2026-07-08T02:02:24.163968+00:00,133.0,41,ask,,,11561899
2026-07-08T02:02:25.218336,2026-07-08T02:02:25.229908+00:00,133.0,47,ask,,,11561917
2026-07-08T02:02:25.652854,2026-07-08T02:02:25.663821+00:00,133.0,3,ask,,,11561929
2026-07-08T02:02:25.683406,2026-07-08T02:02:25.694837+00:00,133.0,4,ask,,,11561932
2026-07-08T02:02:25.806989,2026-07-08T02:02:25.815119+00:00,133.2,40,bid,,,11561934
2026-07-08T02:02:25.952815,2026-07-08T02:02:25.965172+00:00,133.0,5,ask,,,11561938
2026-07-08T02:02:25.968932,2026-07-08T02:02:25.975908+00:00,133.0,5,ask,,,11561939
2026-07-08T02:02:27.966914,2026-07-08T02:02:27.974063+00:00,132.7,50,ask,,,11561975
2026-07-08T02:02:29.705267,2026-07-08T02:02:29.715982+00:00,132.8,20,bid,,,11561988
2026-07-08T02:02:30.038630,2026-07-08T02:02:30.047951+00:00,132.8,50,bid,,,11561993
2026-07-08T02:02:30.807626,2026-07-08T02:02:30.814463+00:00,132.4,42,ask,,,11561999
2026-07-08T02:02:31.238298,2026-07-08T02:02:31.252272+00:00,132.8,3,bid,,,11562006
2026-07-08T02:02:31.350151,2026-07-08T02:02:31.358579+00:00,132.8,48,bid,,,11562010
2026-07-08T02:02:32.195895,2026-07-08T02:02:32.204267+00:00,132.5,50,ask,,,11562017
2026-07-08T02:02:32.804272,2026-07-08T02:02:32.813264+00:00,132.9,5,bid,,,11562024
2026-07-08T02:02:32.812393,2026-07-08T02:02:32.830304+00:00,133.0,5,bid,,,11562025
2026-07-08T02:02:32.815897,2026-07-08T02:02:32.830304+00:00,132.9,3,ask,,,11562026
2026-07-08T02:02:33.514694,2026-07-08T02:02:33.524396+00:00,133.0,3,bid,,,11562037
2026-07-08T02:02:33.654403,2026-07-08T02:02:33.655125+00:00,133.0,48,bid,,,11562041
2026-07-08T02:02:33.746153,2026-07-08T02:02:33.757565+00:00,133.0,11,bid,,,11562043
2026-07-08T02:02:34.324334,2026-07-08T02:02:34.335726+00:00,132.9,50,ask,,,11562057
2026-07-08T02:02:36.430641,2026-07-08T02:02:36.442401+00:00,133.0,50,ask,,,11562078
2026-07-08T02:02:36.615256,2026-07-08T02:02:36.627047+00:00,133.0,46,ask,,,11562081
2026-07-08T02:02:38.566230,2026-07-08T02:02:38.574891+00:00,133.0,50,ask,,,11562109
2026-07-08T02:02:39.188817,2026-07-08T02:02:39.200339+00:00,132.8,100,ask,,,11562124
2026-07-08T02:02:40.673144,2026-07-08T02:02:40.685161+00:00,132.4,10,ask,,,11562142
2026-07-08T02:02:40.673144,2026-07-08T02:02:40.685161+00:00,132.3,40,ask,,,11562143
2026-07-08T02:02:41.246532,2026-07-08T02:02:41.264030+00:00,132.8,42,bid,,,11562155
2026-07-08T02:02:42.778124,2026-07-08T02:02:42.785534+00:00,132.9,50,bid,,,11562176
2026-07-08T02:02:43.524401,2026-07-08T02:02:43.532819+00:00,132.8,10,ask,,,11562185
2026-07-08T02:02:43.927341,2026-07-08T02:02:43.938981+00:00,132.8,44,ask,,,11562191
2026-07-08T02:02:44.886361,2026-07-08T02:02:44.897508+00:00,133.1,50,bid,,,11562204
2026-07-08T02:02:45.418532,2026-07-08T02:02:45.425913+00:00,132.8,10,ask,,,11562211
2026-07-08T02:02:45.418532,2026-07-08T02:02:45.431086+00:00,132.6,32,ask,,,11562212
2026-07-08T02:02:47.008410,2026-07-08T02:02:47.021268+00:00,132.8,50,bid,,,11562231
2026-07-08T02:02:48.884941,2026-07-08T02:02:48.891685+00:00,132.9,45,bid,,,11562256
2026-07-08T02:02:49.116019,2026-07-08T02:02:49.126151+00:00,132.9,50,bid,,,11562259
2026-07-08T02:02:51.229874,2026-07-08T02:02:51.244275+00:00,133.2,50,bid,,,11562294
2026-07-08T02:02:52.165050,2026-07-08T02:02:52.176641+00:00,132.9,48,ask,,,11562315
2026-07-08T02:02:53.098271,2026-07-08T02:02:53.109933+00:00,133.2,5,bid,,,11562322
2026-07-08T02:02:53.098271,2026-07-08T02:02:53.109933+00:00,133.3,43,bid,,,11562323
2026-07-08T02:02:53.389850,2026-07-08T02:02:53.401510+00:00,132.9,50,ask,,,11562325
2026-07-08T02:02:53.468995,2026-07-08T02:02:53.476055+00:00,133.3,5,bid,,,11562327
2026-07-08T02:02:55.469509,2026-07-08T02:02:55.485174+00:00,133.2,50,bid,,,11562350
2026-07-08T02:02:56.641649,2026-07-08T02:02:56.658578+00:00,133.2,40,bid,,,11562360
2026-07-08T02:02:57.578935,2026-07-08T02:02:57.590580+00:00,133.2,50,bid,,,11562373
2026-07-08T02:02:58.124088,2026-07-08T02:02:58.133552+00:00,133.2,11,ask,,,11562379
2026-07-08T02:02:59.769093,2026-07-08T02:02:59.780676+00:00,133.2,50,ask,,,11562400
2026-07-08T02:03:01.877044,2026-07-08T02:03:01.888762+00:00,133.2,50,ask,,,11562422
2026-07-08T02:03:03.654209,2026-07-08T02:03:03.663672+00:00,133.1,41,ask,,,11562456
2026-07-08T02:03:03.987157,2026-07-08T02:03:03.998764+00:00,133.1,50,ask,,,11562459
2026-07-08T02:03:04.755584,2026-07-08T02:03:04.767208+00:00,133.0,47,ask,,,11562478
2026-07-08T02:03:06.112281,2026-07-08T02:03:06.124301+00:00,133.0,50,ask,,,11562495
2026-07-08T02:03:08.243461,2026-07-08T02:03:08.252691+00:00,132.7,50,ask,,,11562521
2026-07-08T02:03:08.663880,2026-07-08T02:03:08.675749+00:00,133.0,42,bid,,,11562528
2026-07-08T02:03:08.931206,2026-07-08T02:03:08.941805+00:00,133.0,11,bid,,,11562535
2026-07-08T02:03:10.349610,2026-07-08T02:03:10.356485+00:00,132.7,10,ask,,,11562553
2026-07-08T02:03:10.349610,2026-07-08T02:03:10.356485+00:00,132.6,40,ask,,,11562554
2026-07-08T02:03:12.478872,2026-07-08T02:03:12.488361+00:00,133.1,12,bid,,,11562586
2026-07-08T02:03:12.487213,2026-07-08T02:03:12.503585+00:00,132.8,50,ask,,,11562588
2026-07-08T02:03:14.598401,2026-07-08T02:03:14.610281+00:00,133.2,43,bid,,,11562626
2026-07-08T02:03:14.603804,2026-07-08T02:03:14.615503+00:00,132.8,10,ask,,,11562627
2026-07-08T02:03:14.603804,2026-07-08T02:03:14.615503+00:00,132.8,40,ask,,,11562628
2026-07-08T02:03:16.714264,2026-07-08T02:03:16.721127+00:00,132.8,10,ask,,,11562661
2026-07-08T02:03:16.714264,2026-07-08T02:03:16.726374+00:00,132.7,40,ask,,,11562662
2026-07-08T02:03:17.033045,2026-07-08T02:03:17.044501+00:00,133.1,42,bid,,,11562667
2026-07-08T02:03:17.328788,2026-07-08T02:03:17.340081+00:00,133.1,11,bid,,,11562669
2026-07-08T02:03:17.521560,2026-07-08T02:03:17.533283+00:00,133.1,20,bid,,,11562672
2026-07-08T02:03:17.783890,2026-07-08T02:03:17.795535+00:00,133.1,12,bid,,,11562677
2026-07-08T02:03:18.047995,2026-07-08T02:03:18.059602+00:00,133.1,4,bid,,,11562686
2026-07-08T02:03:18.316873,2026-07-08T02:03:18.328668+00:00,133.1,2,bid,,,11562691
2026-07-08T02:03:18.820302,2026-07-08T02:03:18.832318+00:00,132.9,50,ask,,,11562700
2026-07-08T02:03:18.953362,2026-07-08T02:03:18.958590+00:00,132.9,47,ask,,,11562702
2026-07-08T02:03:20.403365,2026-07-08T02:03:20.412634+00:00,133.0,3,bid,,,11562719
2026-07-08T02:03:20.817323,2026-07-08T02:03:20.829004+00:00,133.0,1,bid,,,11562725
2026-07-08T02:03:20.895791,2026-07-08T02:03:20.903526+00:00,132.8,1,ask,,,11562726
2026-07-08T02:03:20.949806,2026-07-08T02:03:20.959867+00:00,132.8,50,ask,,,11562728
2026-07-08T02:03:23.055032,2026-07-08T02:03:23.056394+00:00,132.7,43,ask,,,11562750
2026-07-08T02:03:23.058420,2026-07-08T02:03:23.070039+00:00,132.7,50,ask,,,11562751
2026-07-08T02:03:23.330667,2026-07-08T02:03:23.343641+00:00,133.0,1,bid,,,11562763
2026-07-08T02:03:25.337498,2026-07-08T02:03:25.348999+00:00,132.9,12,bid,,,11562785
2026-07-08T02:03:25.586936,2026-07-08T02:03:25.595339+00:00,132.9,2,bid,,,11562792
2026-07-08T02:03:29.344451,2026-07-08T02:03:29.356211+00:00,132.8,50,bid,,,11562849
2026-07-08T02:03:30.293392,2026-07-08T02:03:30.304850+00:00,132.7,41,bid,,,11562868
2026-07-08T02:03:30.863748,2026-07-08T02:03:30.871811+00:00,132.3,46,ask,,,11562876
2026-07-08T02:03:31.215422,2026-07-08T02:03:31.225528+00:00,132.7,22,bid,,,11562882
2026-07-08T02:03:31.453854,2026-07-08T02:03:31.458579+00:00,132.7,50,bid,,,11562885
2026-07-08T02:03:32.955620,2026-07-08T02:03:32.965265+00:00,132.7,11,ask,,,11562906
2026-07-08T02:03:33.407950,2026-07-08T02:03:33.419508+00:00,133.0,44,bid,,,11562909
2026-07-08T02:03:33.560815,2026-07-08T02:03:33.572644+00:00,133.0,50,bid,,,11562913
2026-07-08T02:03:34.411781,2026-07-08T02:03:34.423644+00:00,133.0,6,bid,,,11562928
2026-07-08T02:03:35.669316,2026-07-08T02:03:35.681222+00:00,133.2,50,bid,,,11562941
2026-07-08T02:03:36.120492,2026-07-08T02:03:36.130019+00:00,133.0,11,ask,,,11562945
2026-07-08T02:03:36.362103,2026-07-08T02:03:36.372001+00:00,133.0,10,ask,,,11562951
2026-07-08T02:03:36.740417,2026-07-08T02:03:36.750914+00:00,133.0,23,ask,,,11562954
2026-07-08T02:03:36.829072,2026-07-08T02:03:36.840563+00:00,133.0,20,ask,,,11562958
2026-07-08T02:03:37.093791,2026-07-08T02:03:37.102385+00:00,133.0,2,ask,,,11562961
2026-07-08T02:03:37.533661,2026-07-08T02:03:37.541979+00:00,133.0,46,ask,,,11562970
2026-07-08T02:03:39.388076,2026-07-08T02:03:39.397503+00:00,132.9,49,bid,,,11562992
2026-07-08T02:03:39.958970,2026-07-08T02:03:39.970939+00:00,132.6,50,ask,,,11562999
2026-07-08T02:03:40.498599,2026-07-08T02:03:40.507886+00:00,132.6,47,ask,,,11563009
2026-07-08T02:03:41.145277,2026-07-08T02:03:41.154562+00:00,132.8,11,bid,,,11563017
2026-07-08T02:03:42.067589,2026-07-08T02:03:42.079579+00:00,132.4,50,ask,,,11563029
2026-07-08T02:03:42.464558,2026-07-08T02:03:42.476225+00:00,132.8,49,bid,,,11563035
2026-07-08T02:03:43.522189,2026-07-08T02:03:43.533935+00:00,132.4,10,ask,,,11563043
2026-07-08T02:03:43.522189,2026-07-08T02:03:43.533935+00:00,132.3,38,ask,,,11563044
2026-07-08T02:03:46.031134,2026-07-08T02:03:46.043015+00:00,132.8,48,bid,,,11563089
2026-07-08T02:03:46.229340,2026-07-08T02:03:46.241040+00:00,132.8,50,bid,,,11563091
2026-07-08T02:03:48.337554,2026-07-08T02:03:48.349570+00:00,133.0,50,bid,,,11563126
2026-07-08T02:03:48.873596,2026-07-08T02:03:48.885228+00:00,132.6,42,ask,,,11563135
2026-07-08T02:03:50.447173,2026-07-08T02:03:50.456636+00:00,133.1,50,bid,,,11563150
2026-07-08T02:03:51.943312,2026-07-08T02:03:51.958620+00:00,132.6,40,ask,,,11563170
2026-07-08T02:03:52.554142,2026-07-08T02:03:52.565881+00:00,133.0,50,bid,,,11563180
2026-07-08T02:03:52.981061,2026-07-08T02:03:52.990288+00:00,133.0,40,bid,,,11563183
2026-07-08T02:03:54.032222,2026-07-08T02:03:54.044213+00:00,132.6,10,ask,,,11563195
2026-07-08T02:03:54.032222,2026-07-08T02:03:54.044213+00:00,132.5,38,ask,,,11563196
2026-07-08T02:03:55.211950,2026-07-08T02:03:55.219908+00:00,132.6,10,ask,,,11563219
2026-07-08T02:03:59.761516,2026-07-08T02:03:59.773824+00:00,133.1,5,bid,,,11563281
2026-07-08T02:03:59.761516,2026-07-08T02:03:59.773824+00:00,133.2,35,bid,,,11563282
2026-07-08T02:03:59.992437,2026-07-08T02:04:00.001956+00:00,133.2,5,bid,,,11563283
2026-07-08T02:04:00.102891,2026-07-08T02:04:00.115418+00:00,132.7,11,ask,,,11563288
2026-07-08T02:04:00.189502,2026-07-08T02:04:00.201017+00:00,132.7,10,ask,,,11563292
2026-07-08T02:04:00.871939,2026-07-08T02:04:00.880692+00:00,132.7,49,ask,,,11563305
2026-07-08T02:04:00.976299,2026-07-08T02:04:00.987798+00:00,133.0,50,bid,,,11563310
2026-07-08T02:04:01.486029,2026-07-08T02:04:01.497637+00:00,132.6,23,bid,,,11563315
2026-07-08T02:04:01.759206,2026-07-08T02:04:01.769069+00:00,132.6,20,bid,,,11563322
2026-07-08T02:04:02.863895,2026-07-08T02:04:02.873631+00:00,132.6,45,bid,,,11563343
2026-07-08T02:04:03.133958,2026-07-08T02:04:03.141243+00:00,132.5,50,ask,,,11563344
2026-07-08T02:04:03.236705,2026-07-08T02:04:03.248461+00:00,132.6,62,bid,,,11563346
2026-07-08T02:04:03.882439,2026-07-08T02:04:03.895265+00:00,133.1,40,bid,,,11563352
2026-07-08T02:04:04.578627,2026-07-08T02:04:04.590096+00:00,133.1,60,bid,,,11563365
2026-07-08T02:04:04.591374,2026-07-08T02:04:04.603091+00:00,133.1,23,ask,,,11563366
2026-07-08T02:04:04.892915,2026-07-08T02:04:04.904422+00:00,133.1,20,ask,,,11563375
2026-07-08T02:04:05.091057,2026-07-08T02:04:05.111455+00:00,133.1,12,ask,,,11563378
2026-07-08T02:04:05.159976,2026-07-08T02:04:05.169119+00:00,133.1,20,ask,,,11563383
2026-07-08T02:04:05.241040,2026-07-08T02:04:05.252787+00:00,133.1,15,ask,,,11563385
2026-07-08T02:04:05.241040,2026-07-08T02:04:05.252787+00:00,132.6,35,ask,,,11563386
2026-07-08T02:04:07.350463,2026-07-08T02:04:07.356971+00:00,132.5,50,ask,,,11563421
2026-07-08T02:04:07.969117,2026-07-08T02:04:07.978937+00:00,133.0,12,bid,,,11563432
2026-07-08T02:04:08.828508,2026-07-08T02:04:08.837927+00:00,132.5,44,ask,,,11563443
2026-07-08T02:04:09.459034,2026-07-08T02:04:09.469030+00:00,132.5,6,ask,,,11563456
2026-07-08T02:04:09.459034,2026-07-08T02:04:09.469030+00:00,132.5,44,ask,,,11563457
2026-07-08T02:04:10.601265,2026-07-08T02:04:10.618157+00:00,132.8,11,bid,,,11563478
2026-07-08T02:04:11.568350,2026-07-08T02:04:11.575239+00:00,132.4,50,ask,,,11563497
2026-07-08T02:04:11.841092,2026-07-08T02:04:11.849107+00:00,132.8,44,bid,,,11563505
2026-07-08T02:04:13.673912,2026-07-08T02:04:13.685585+00:00,132.5,50,ask,,,11563531
2026-07-08T02:04:14.122015,2026-07-08T02:04:14.146909+00:00,132.5,50,ask,,,11563535
2026-07-08T02:04:14.135903,2026-07-08T02:04:14.146909+00:00,132.2,12,bid,,,11563536
2026-07-08T02:04:14.952866,2026-07-08T02:04:14.964503+00:00,132.2,48,bid,,,11563551
2026-07-08T02:04:15.730616,2026-07-08T02:04:15.740373+00:00,132.2,40,bid,,,11563561
2026-07-08T02:04:15.730616,2026-07-08T02:04:15.740373+00:00,132.5,5,bid,,,11563562
2026-07-08T02:04:16.088395,2026-07-08T02:04:16.095946+00:00,132.2,5,bid,,,11563579
2026-07-08T02:04:17.263942,2026-07-08T02:04:17.275492+00:00,132.2,95,bid,,,11563599
2026-07-08T02:04:19.775672,2026-07-08T02:04:19.784779+00:00,132.3,12,ask,,,11563632
2026-07-08T02:04:19.951150,2026-07-08T02:04:19.957669+00:00,132.6,50,bid,,,11563637
2026-07-08T02:04:20.482369,2026-07-08T02:04:20.494230+00:00,132.1,100,ask,,,11563646
2026-07-08T02:04:22.061578,2026-07-08T02:04:22.073270+00:00,132.1,50,bid,,,11563672
2026-07-08T02:04:22.935992,2026-07-08T02:04:22.947631+00:00,131.6,49,ask,,,11563685
2026-07-08T02:04:24.169837,2026-07-08T02:04:24.181999+00:00,132.1,50,bid,,,11563702
2026-07-08T02:04:25.824208,2026-07-08T02:04:25.833325+00:00,131.7,45,ask,,,11563723
2026-07-08T02:04:30.509249,2026-07-08T02:04:30.521012+00:00,132.3,50,bid,,,11563782
2026-07-08T02:04:32.623205,2026-07-08T02:04:32.632503+00:00,132.2,50,bid,,,11563806
2026-07-08T02:04:34.761622,2026-07-08T02:04:34.768730+00:00,132.2,50,bid,,,11563836
2026-07-08T02:04:36.872685,2026-07-08T02:04:36.879804+00:00,132.5,50,bid,,,11563862
2026-07-08T02:04:39.011877,2026-07-08T02:04:39.020249+00:00,132.5,41,bid,,,11563890
2026-07-08T02:04:39.035371,2026-07-08T02:04:39.042887+00:00,132.1,50,ask,,,11563891
2026-07-08T02:04:39.069040,2026-07-08T02:04:39.077608+00:00,132.1,41,ask,,,11563894
2026-07-08T02:04:39.444210,2026-07-08T02:04:39.454591+00:00,132.3,11,ask,,,11563897
2026-07-08T02:04:39.547328,2026-07-08T02:04:39.557068+00:00,132.3,20,ask,,,11563900
2026-07-08T02:04:39.811692,2026-07-08T02:04:39.823575+00:00,132.3,2,ask,,,11563906
2026-07-08T02:04:40.818899,2026-07-08T02:04:40.827767+00:00,132.3,12,ask,,,11563923
2026-07-08T02:04:41.147257,2026-07-08T02:04:41.164104+00:00,132.3,50,ask,,,11563929
2026-07-08T02:04:41.251318,2026-07-08T02:04:41.258577+00:00,132.3,55,ask,,,11563930
2026-07-08T02:04:42.112152,2026-07-08T02:04:42.124230+00:00,132.2,12,bid,,,11563944
2026-07-08T02:04:43.255888,2026-07-08T02:04:43.268961+00:00,131.8,50,ask,,,11563957
2026-07-08T02:04:45.839281,2026-07-08T02:04:45.848941+00:00,132.2,11,bid,,,11563987
2026-07-08T02:04:47.492501,2026-07-08T02:04:47.505171+00:00,132.1,50,ask,,,11564011
2026-07-08T02:04:47.554764,2026-07-08T02:04:47.563594+00:00,132.2,100,bid,,,11564017
2026-07-08T02:04:48.238388,2026-07-08T02:04:48.250400+00:00,132.2,39,bid,,,11564022
2026-07-08T02:04:48.238388,2026-07-08T02:04:48.250400+00:00,132.4,1,bid,,,11564023
2026-07-08T02:04:48.294655,2026-07-08T02:04:48.305891+00:00,132.7,1,bid,,,11564025
2026-07-08T02:04:49.602627,2026-07-08T02:04:49.614334+00:00,132.4,50,ask,,,11564035
2026-07-08T02:04:49.980440,2026-07-08T02:04:49.989368+00:00,132.4,11,ask,,,11564046
2026-07-08T02:04:50.771150,2026-07-08T02:04:50.779440+00:00,132.4,89,ask,,,11564054
2026-07-08T02:04:51.289895,2026-07-08T02:04:51.299714+00:00,132.2,11,bid,,,11564064
2026-07-08T02:04:51.661398,2026-07-08T02:04:51.667847+00:00,132.6,5,bid,,,11564069
2026-07-08T02:04:51.921237,2026-07-08T02:04:51.931621+00:00,132.9,5,bid,,,11564073
2026-07-08T02:04:53.838196,2026-07-08T02:04:53.862400+00:00,131.8,50,ask,,,11564097
2026-07-08T02:04:54.104160,2026-07-08T02:04:54.111854+00:00,131.8,47,ask,,,11564104
2026-07-08T02:04:55.320674,2026-07-08T02:04:55.329218+00:00,131.8,100,ask,,,11564116
2026-07-08T02:04:55.335467,2026-07-08T02:04:55.378112+00:00,131.4,46,bid,,,11564117
2026-07-08T02:04:55.483646,2026-07-08T02:04:55.492316+00:00,131.4,4,bid,,,11564122
2026-07-08T02:04:55.895555,2026-07-08T02:04:55.907242+00:00,132.0,5,bid,,,11564128
2026-07-08T02:04:56.063570,2026-07-08T02:04:56.073978+00:00,132.3,5,bid,,,11564132
2026-07-08T02:04:58.028261,2026-07-08T02:04:58.039981+00:00,131.8,50,bid,,,11564153
2026-07-08T02:04:59.048799,2026-07-08T02:04:59.050564+00:00,131.8,44,bid,,,11564168
2026-07-08T02:05:00.024621,2026-07-08T02:05:00.036814+00:00,131.8,6,bid,,,11564178
2026-07-08T02:05:00.024621,2026-07-08T02:05:00.036814+00:00,131.9,40,bid,,,11564179
2026-07-08T02:05:00.185677,2026-07-08T02:05:00.197177+00:00,131.4,50,ask,,,11564180
2026-07-08T02:05:00.233298,2026-07-08T02:05:00.242452+00:00,131.7,23,ask,,,11564182
2026-07-08T02:05:02.242352,2026-07-08T02:05:02.263630+00:00,132.2,50,bid,,,11564215
2026-07-08T02:05:03.338543,2026-07-08T02:05:03.345979+00:00,131.8,4,ask,,,11564233
2026-07-08T02:05:04.352277,2026-07-08T02:05:04.363622+00:00,132.3,50,bid,,,11564241
2026-07-08T02:05:04.830102,2026-07-08T02:05:04.845337+00:00,132.0,45,ask,,,11564256
2026-07-08T02:05:05.785720,2026-07-08T02:05:05.796270+00:00,132.0,23,ask,,,11564275
2026-07-08T02:05:06.356719,2026-07-08T02:05:06.353057+00:00,132.0,49,ask,,,11564281
2026-07-08T02:05:06.512596,2026-07-08T02:05:06.524318+00:00,132.0,33,ask,,,11564282
2026-07-08T02:05:06.983745,2026-07-08T02:05:06.995590+00:00,132.3,46,bid,,,11564290
2026-07-08T02:05:07.592913,2026-07-08T02:05:07.600311+00:00,131.8,48,ask,,,11564300
2026-07-08T02:05:07.997246,2026-07-08T02:05:08.015961+00:00,131.8,52,ask,,,11564306
2026-07-08T02:05:08.006660,2026-07-08T02:05:08.015961+00:00,131.8,23,bid,,,11564307
2026-07-08T02:05:09.702888,2026-07-08T02:05:09.712435+00:00,131.8,75,bid,,,11564333
2026-07-08T02:05:10.724406,2026-07-08T02:05:10.730802+00:00,131.8,25,ask,,,11564354
2026-07-08T02:05:10.724406,2026-07-08T02:05:10.730802+00:00,131.8,10,ask,,,11564355
2026-07-08T02:05:10.724406,2026-07-08T02:05:10.730802+00:00,131.3,15,ask,,,11564356
2026-07-08T02:05:11.218213,2026-07-08T02:05:11.227712+00:00,132.3,48,bid,,,11564363
2026-07-08T02:05:12.837940,2026-07-08T02:05:12.849730+00:00,131.8,50,ask,,,11564382
2026-07-08T02:05:14.894176,2026-07-08T02:05:14.901724+00:00,132.2,50,bid,,,11564411
2026-07-08T02:05:14.925547,2026-07-08T02:05:14.935021+00:00,132.2,48,bid,,,11564412
2026-07-08T02:05:16.127955,2026-07-08T02:05:16.137400+00:00,132.0,11,ask,,,11564429
2026-07-08T02:05:16.305099,2026-07-08T02:05:16.314158+00:00,132.0,11,ask,,,11564434
2026-07-08T02:05:17.000538,2026-07-08T02:05:17.012155+00:00,132.3,50,bid,,,11564444
2026-07-08T02:05:17.259661,2026-07-08T02:05:17.269335+00:00,132.0,12,ask,,,11564451
2026-07-08T02:05:18.185491,2026-07-08T02:05:18.194783+00:00,132.0,48,ask,,,11564462
2026-07-08T02:05:18.792799,2026-07-08T02:05:18.802331+00:00,132.2,45,bid,,,11564466
2026-07-08T02:05:19.108065,2026-07-08T02:05:19.119028+00:00,132.2,50,bid,,,11564475
2026-07-08T02:05:20.594522,2026-07-08T02:05:20.601477+00:00,132.2,100,bid,,,11564485
2026-07-08T02:05:20.607927,2026-07-08T02:05:20.617614+00:00,132.2,11,ask,,,11564486
2026-07-08T02:05:21.216199,2026-07-08T02:05:21.228189+00:00,132.6,5,bid,,,11564491
2026-07-08T02:05:21.216199,2026-07-08T02:05:21.228189+00:00,132.7,45,bid,,,11564492
2026-07-08T02:05:21.587366,2026-07-08T02:05:21.595872+00:00,132.7,5,bid,,,11564500
2026-07-08T02:05:23.376410,2026-07-08T02:05:23.388374+00:00,132.2,39,ask,,,11564518
2026-07-08T02:05:23.376410,2026-07-08T02:05:23.388374+00:00,132.1,11,ask,,,11564519
2026-07-08T02:05:25.435627,2026-07-08T02:05:25.446045+00:00,132.6,50,bid,,,11564538
2026-07-08T02:05:25.999387,2026-07-08T02:05:26.007270+00:00,132.4,46,ask,,,11564542
2026-07-08T02:05:27.148637,2026-07-08T02:05:27.155019+00:00,132.4,43,ask,,,11564556
2026-07-08T02:05:27.542494,2026-07-08T02:05:27.554378+00:00,132.7,50,bid,,,11564558
2026-07-08T02:05:28.326853,2026-07-08T02:05:28.338427+00:00,132.7,44,bid,,,11564564
2026-07-08T02:05:28.382740,2026-07-08T02:05:28.394317+00:00,132.4,11,ask,,,11564565
2026-07-08T02:05:29.478478,2026-07-08T02:05:29.489960+00:00,132.7,43,bid,,,11564580
2026-07-08T02:05:29.700933,2026-07-08T02:05:29.712439+00:00,132.2,50,ask,,,11564582
2026-07-08T02:05:31.813497,2026-07-08T02:05:31.824059+00:00,132.6,50,ask,,,11564608
2026-07-08T02:05:32.086339,2026-07-08T02:05:32.098034+00:00,132.6,23,ask,,,11564615
2026-07-08T02:05:33.390110,2026-07-08T02:05:33.401901+00:00,132.5,23,bid,,,11564635
2026-07-08T02:05:33.921844,2026-07-08T02:05:33.933456+00:00,132.4,50,ask,,,11564642
2026-07-08T02:05:35.069472,2026-07-08T02:05:35.088286+00:00,132.1,42,ask,,,11564655
2026-07-08T02:05:35.979983,2026-07-08T02:05:35.987406+00:00,132.5,50,bid,,,11564673
2026-07-08T02:05:36.139062,2026-07-08T02:05:36.150481+00:00,132.1,40,ask,,,11564675
2026-07-08T02:05:38.097129,2026-07-08T02:05:38.108745+00:00,132.6,50,bid,,,11564700
2026-07-08T02:05:38.284622,2026-07-08T02:05:38.293913+00:00,132.4,100,ask,,,11564704
2026-07-08T02:05:38.847342,2026-07-08T02:05:38.858577+00:00,132.9,42,bid,,,11564709
2026-07-08T02:05:39.455184,2026-07-08T02:05:39.468681+00:00,132.4,43,ask,,,11564712
2026-07-08T02:05:40.204199,2026-07-08T02:05:40.213544+00:00,132.6,50,bid,,,11564730
2026-07-08T02:05:41.316680,2026-07-08T02:05:41.326873+00:00,132.6,49,bid,,,11564745
2026-07-08T02:05:41.989908,2026-07-08T02:05:42.001378+00:00,132.6,47,bid,,,11564749
2026-07-08T02:05:42.313588,2026-07-08T02:05:42.320103+00:00,132.6,4,bid,,,11564757
2026-07-08T02:05:42.313588,2026-07-08T02:05:42.325437+00:00,132.6,46,bid,,,11564758
2026-07-08T02:05:42.785648,2026-07-08T02:05:42.795133+00:00,132.6,54,bid,,,11564766
2026-07-08T02:05:42.785648,2026-07-08T02:05:42.795133+00:00,132.6,5,bid,,,11564767
2026-07-08T02:05:42.854604,2026-07-08T02:05:42.865268+00:00,132.6,12,ask,,,11564769
2026-07-08T02:05:43.952467,2026-07-08T02:05:43.962008+00:00,132.6,11,ask,,,11564785
2026-07-08T02:05:44.424153,2026-07-08T02:05:44.468718+00:00,132.9,5,bid,,,11564788
2026-07-08T02:05:44.424153,2026-07-08T02:05:44.468718+00:00,133.1,45,bid,,,11564789
2026-07-08T02:05:45.269956,2026-07-08T02:05:45.280238+00:00,132.6,3,ask,,,11564812
2026-07-08T02:05:45.716969,2026-07-08T02:05:45.736585+00:00,132.6,9,ask,,,11564817
2026-07-08T02:05:45.980072,2026-07-08T02:05:45.992142+00:00,132.4,5,ask,,,11564821
2026-07-08T02:05:45.980072,2026-07-08T02:05:45.992142+00:00,132.3,36,ask,,,11564822
2026-07-08T02:05:46.531941,2026-07-08T02:05:46.543602+00:00,132.6,5,bid,,,11564832
2026-07-08T02:05:46.531941,2026-07-08T02:05:46.543602+00:00,132.7,45,bid,,,11564833
2026-07-08T02:05:46.601699,2026-07-08T02:05:46.608096+00:00,132.7,5,bid,,,11564836
2026-07-08T02:05:47.673069,2026-07-08T02:05:47.679605+00:00,132.7,5,bid,,,11564858
2026-07-08T02:05:48.664827,2026-07-08T02:05:48.674011+00:00,132.7,50,bid,,,11564866
2026-07-08T02:05:49.114759,2026-07-08T02:05:49.127438+00:00,132.7,5,bid,,,11564868
2026-07-08T02:05:49.226690,2026-07-08T02:05:49.237308+00:00,132.8,5,bid,,,11564869
2026-07-08T02:05:50.822796,2026-07-08T02:05:50.829994+00:00,132.7,50,ask,,,11564890
2026-07-08T02:05:50.959234,2026-07-08T02:05:50.970909+00:00,132.7,95,ask,,,11564891
2026-07-08T02:05:52.888738,2026-07-08T02:05:52.900735+00:00,132.6,50,bid,,,11564915
2026-07-08T02:05:54.199625,2026-07-08T02:05:54.206903+00:00,132.4,45,ask,,,11564928
2026-07-08T02:05:54.674338,2026-07-08T02:05:54.681352+00:00,132.6,41,bid,,,11564934
2026-07-08T02:05:54.996285,2026-07-08T02:05:55.005042+00:00,132.6,50,bid,,,11564939
2026-07-08T02:05:55.444386,2026-07-08T02:05:55.456716+00:00,132.7,5,bid,,,11564946
2026-07-08T02:05:55.504823,2026-07-08T02:05:55.511883+00:00,132.9,5,bid,,,11564947
2026-07-08T02:05:55.781296,2026-07-08T02:05:55.790705+00:00,132.8,3,ask,,,11564952
2026-07-08T02:05:56.024327,2026-07-08T02:05:56.031726+00:00,132.8,40,ask,,,11564956
2026-07-08T02:05:56.034924,2026-07-08T02:05:56.041971+00:00,132.8,5,ask,,,11564958
2026-07-08T02:05:56.312419,2026-07-08T02:05:56.324216+00:00,132.8,49,ask,,,11564964
2026-07-08T02:05:56.567916,2026-07-08T02:05:56.579250+00:00,132.8,40,ask,,,11564968
2026-07-08T02:05:56.602641,2026-07-08T02:05:56.610457+00:00,132.8,5,ask,,,11564971
2026-07-08T02:05:57.184466,2026-07-08T02:05:57.196461+00:00,132.8,3,ask,,,11564981
2026-07-08T02:05:57.184466,2026-07-08T02:05:57.196461+00:00,132.7,5,ask,,,11564982
2026-07-08T02:05:57.184466,2026-07-08T02:05:57.196461+00:00,132.4,42,ask,,,11564983
2026-07-08T02:05:57.313166,2026-07-08T02:05:57.322846+00:00,132.7,3,bid,,,11564985
2026-07-08T02:05:58.796520,2026-07-08T02:05:58.805105+00:00,132.6,80,bid,,,11565008
2026-07-08T02:05:58.801408,2026-07-08T02:05:58.810547+00:00,132.6,5,bid,,,11565009
2026-07-08T02:05:58.820326,2026-07-08T02:05:58.831922+00:00,132.6,49,bid,,,11565010
2026-07-08T02:05:59.295579,2026-07-08T02:05:59.307787+00:00,132.2,50,ask,,,11565018
2026-07-08T02:06:01.374558,2026-07-08T02:06:01.384930+00:00,132.6,16,bid,,,11565048
2026-07-08T02:06:01.374558,2026-07-08T02:06:01.384930+00:00,132.6,34,bid,,,11565049
2026-07-08T02:06:01.768447,2026-07-08T02:06:01.777958+00:00,132.6,66,bid,,,11565054
2026-07-08T02:06:01.768447,2026-07-08T02:06:01.777958+00:00,132.6,5,bid,,,11565055
2026-07-08T02:06:03.489482,2026-07-08T02:06:03.497963+00:00,132.9,5,bid,,,11565078
2026-07-08T02:06:03.489482,2026-07-08T02:06:03.497963+00:00,133.2,45,bid,,,11565079
2026-07-08T02:06:05.467307,2026-07-08T02:06:05.473795+00:00,132.7,48,ask,,,11565104
2026-07-08T02:06:05.599288,2026-07-08T02:06:05.607222+00:00,132.9,5,bid,,,11565107
2026-07-08T02:06:05.599288,2026-07-08T02:06:05.607222+00:00,133.0,45,bid,,,11565108
2026-07-08T02:06:06.109998,2026-07-08T02:06:06.122076+00:00,132.9,5,bid,,,11565121
2026-07-08T02:06:06.109998,2026-07-08T02:06:06.122076+00:00,133.0,41,bid,,,11565122
2026-07-08T02:06:07.706599,2026-07-08T02:06:07.715873+00:00,133.0,5,bid,,,11565141
2026-07-08T02:06:07.706599,2026-07-08T02:06:07.715873+00:00,133.2,45,bid,,,11565142
2026-07-08T02:06:08.908032,2026-07-08T02:06:08.919523+00:00,132.8,42,ask,,,11565164
2026-07-08T02:06:09.402474,2026-07-08T02:06:09.414296+00:00,132.8,49,ask,,,11565171
2026-07-08T02:06:09.844109,2026-07-08T02:06:09.852481+00:00,133.0,5,bid,,,11565173
2026-07-08T02:06:09.844109,2026-07-08T02:06:09.852481+00:00,133.2,45,bid,,,11565174
2026-07-08T02:06:11.264279,2026-07-08T02:06:11.272809+00:00,132.9,5,bid,,,11565194
2026-07-08T02:06:12.004327,2026-07-08T02:06:12.016267+00:00,133.0,50,ask,,,11565207
2026-07-08T02:06:12.059422,2026-07-08T02:06:12.071045+00:00,133.0,5,ask,,,11565208
2026-07-08T02:06:14.140168,2026-07-08T02:06:14.147335+00:00,133.0,50,ask,,,11565236
2026-07-08T02:06:16.196103,2026-07-08T02:06:16.207845+00:00,132.9,5,bid,,,11565267
2026-07-08T02:06:16.196103,2026-07-08T02:06:16.207845+00:00,133.1,45,bid,,,11565268
2026-07-08T02:06:16.769997,2026-07-08T02:06:16.780183+00:00,132.9,3,bid,,,11565280
2026-07-08T02:06:16.883146,2026-07-08T02:06:16.892813+00:00,133.1,40,bid,,,11565285
2026-07-08T02:06:16.888117,2026-07-08T02:06:16.897870+00:00,133.1,8,bid,,,11565286
2026-07-08T02:06:17.113652,2026-07-08T02:06:17.124373+00:00,133.1,45,bid,,,11565289
2026-07-08T02:06:17.597342,2026-07-08T02:06:17.605020+00:00,133.1,100,bid,,,11565297
2026-07-08T02:06:17.597342,2026-07-08T02:06:17.610450+00:00,133.1,5,bid,,,11565298
2026-07-08T02:06:17.659563,2026-07-08T02:06:17.669034+00:00,133.3,3,ask,,,11565299
2026-07-08T02:06:18.365978,2026-07-08T02:06:18.374213+00:00,133.3,42,ask,,,11565312
2026-07-08T02:06:19.423974,2026-07-08T02:06:19.435698+00:00,133.2,5,bid,,,11565323
2026-07-08T02:06:20.473862,2026-07-08T02:06:20.485466+00:00,133.2,50,ask,,,11565340
2026-07-08T02:06:22.203961,2026-07-08T02:06:22.206322+00:00,133.2,5,ask,,,11565368
2026-07-08T02:06:22.609412,2026-07-08T02:06:22.617436+00:00,132.9,5,ask,,,11565373
2026-07-08T02:06:22.609412,2026-07-08T02:06:22.617436+00:00,132.9,10,ask,,,11565374
2026-07-08T02:06:22.609412,2026-07-08T02:06:22.617436+00:00,132.8,35,ask,,,11565375
2026-07-08T02:06:23.381256,2026-07-08T02:06:23.393242+00:00,133.2,5,bid,,,11565389
2026-07-08T02:06:23.381256,2026-07-08T02:06:23.393242+00:00,133.3,37,bid,,,11565390
2026-07-08T02:06:23.778736,2026-07-08T02:06:23.789670+00:00,133.3,5,bid,,,11565392
2026-07-08T02:06:24.720060,2026-07-08T02:06:24.731979+00:00,133.0,5,ask,,,11565408
2026-07-08T02:06:24.720060,2026-07-08T02:06:24.731979+00:00,132.9,45,ask,,,11565409
2026-07-08T02:06:26.856422,2026-07-08T02:06:26.864183+00:00,133.0,5,ask,,,11565433
2026-07-08T02:06:26.856422,2026-07-08T02:06:26.869455+00:00,132.9,45,ask,,,11565434
2026-07-08T02:06:28.489376,2026-07-08T02:06:28.498468+00:00,132.9,44,ask,,,11565449
2026-07-08T02:06:28.963957,2026-07-08T02:06:28.976091+00:00,132.9,10,ask,,,11565457
2026-07-08T02:06:28.963957,2026-07-08T02:06:28.976091+00:00,132.9,40,ask,,,11565458
2026-07-08T02:06:30.086556,2026-07-08T02:06:30.096921+00:00,132.9,42,ask,,,11565471
2026-07-08T02:06:32.496205,2026-07-08T02:06:32.506677+00:00,133.2,3,bid,,,11565507
2026-07-08T02:06:33.151411,2026-07-08T02:06:33.163889+00:00,133.2,50,bid,,,11565513
2026-07-08T02:06:35.317315,2026-07-08T02:06:35.327957+00:00,133.1,50,ask,,,11565551
2026-07-08T02:06:37.423977,2026-07-08T02:06:37.433328+00:00,132.7,50,ask,,,11565578
2026-07-08T02:06:38.498595,2026-07-08T02:06:38.507123+00:00,133.0,11,bid,,,11565591
2026-07-08T02:06:38.663823,2026-07-08T02:06:38.675511+00:00,133.0,20,bid,,,11565595
2026-07-08T02:06:39.014302,2026-07-08T02:06:39.023311+00:00,133.0,20,bid,,,11565601
2026-07-08T02:06:39.480886,2026-07-08T02:06:39.492453+00:00,133.0,49,bid,,,11565608
2026-07-08T02:06:39.480886,2026-07-08T02:06:39.492453+00:00,133.2,1,bid,,,11565609
2026-07-08T02:06:39.700975,2026-07-08T02:06:39.707946+00:00,133.2,5,bid,,,11565611
2026-07-08T02:06:40.040617,2026-07-08T02:06:40.051446+00:00,133.1,5,bid,,,11565619
2026-07-08T02:06:41.397267,2026-07-08T02:06:41.409320+00:00,133.1,41,bid,,,11565639
2026-07-08T02:06:41.591480,2026-07-08T02:06:41.600286+00:00,133.1,50,bid,,,11565644
2026-07-08T02:06:43.021087,2026-07-08T02:06:43.031029+00:00,133.1,11,ask,,,11565667
2026-07-08T02:06:43.186838,2026-07-08T02:06:43.194922+00:00,133.1,10,ask,,,11565674
2026-07-08T02:06:45.580751,2026-07-08T02:06:45.589625+00:00,133.2,43,bid,,,11565707
2026-07-08T02:06:45.647978,2026-07-08T02:06:45.657531+00:00,133.1,3,ask,,,11565711
2026-07-08T02:06:45.674434,2026-07-08T02:06:45.685881+00:00,133.1,20,ask,,,11565714
2026-07-08T02:06:45.942861,2026-07-08T02:06:45.949629+00:00,133.1,20,ask,,,11565719
2026-07-08T02:06:46.783261,2026-07-08T02:06:46.795242+00:00,132.7,49,ask,,,11565732
2026-07-08T02:06:47.930151,2026-07-08T02:06:47.937079+00:00,133.2,50,bid,,,11565745
2026-07-08T02:06:48.698850,2026-07-08T02:06:48.710553+00:00,133.1,5,bid,,,11565753
2026-07-08T02:06:48.698850,2026-07-08T02:06:48.710553+00:00,133.2,41,bid,,,11565754
2026-07-08T02:06:48.937257,2026-07-08T02:06:48.944174+00:00,133.2,5,bid,,,11565755
2026-07-08T02:06:49.299845,2026-07-08T02:06:49.307636+00:00,133.1,5,bid,,,11565762
2026-07-08T02:06:50.039129,2026-07-08T02:06:50.047965+00:00,133.2,5,bid,,,11565779
2026-07-08T02:06:50.039129,2026-07-08T02:06:50.047965+00:00,133.4,45,bid,,,11565780
2026-07-08T02:06:51.943990,2026-07-08T02:06:51.952913+00:00,133.1,10,ask,,,11565807
2026-07-08T02:06:52.149014,2026-07-08T02:06:52.163813+00:00,133.4,50,bid,,,11565811
2026-07-08T02:06:52.442978,2026-07-08T02:06:52.452812+00:00,132.9,40,ask,,,11565818
2026-07-08T02:06:54.282813,2026-07-08T02:06:54.293687+00:00,133.4,50,bid,,,11565849
2026-07-08T02:06:54.929526,2026-07-08T02:06:54.941468+00:00,133.0,41,ask,,,11565856
2026-07-08T02:06:55.627140,2026-07-08T02:06:55.639027+00:00,133.4,5,bid,,,11565870
2026-07-08T02:06:55.627140,2026-07-08T02:06:55.639027+00:00,133.5,100,bid,,,11565871
2026-07-08T02:06:55.988265,2026-07-08T02:06:56.000223+00:00,133.7,5,bid,,,11565877
2026-07-08T02:06:55.988265,2026-07-08T02:06:56.000223+00:00,134.0,44,bid,,,11565878
2026-07-08T02:06:56.388964,2026-07-08T02:06:56.397988+00:00,133.9,10,bid,,,11565885
2026-07-08T02:06:56.388964,2026-07-08T02:06:56.397988+00:00,134.0,40,bid,,,11565886
2026-07-08T02:06:57.135372,2026-07-08T02:06:57.146986+00:00,133.6,5,bid,,,11565896
2026-07-08T02:06:57.536488,2026-07-08T02:06:57.543594+00:00,133.5,5,ask,,,11565904
2026-07-08T02:06:58.053366,2026-07-08T02:06:58.054374+00:00,133.9,5,bid,,,11565909
2026-07-08T02:06:58.228398,2026-07-08T02:06:58.240096+00:00,133.8,5,bid,,,11565911
2026-07-08T02:06:58.490383,2026-07-08T02:06:58.502808+00:00,133.5,40,ask,,,11565916
2026-07-08T02:06:58.490383,2026-07-08T02:06:58.502808+00:00,133.5,5,ask,,,11565917
2026-07-08T02:06:58.490383,2026-07-08T02:06:58.502808+00:00,133.4,3,ask,,,11565918
2026-07-08T02:06:59.114383,2026-07-08T02:06:59.126147+00:00,133.6,5,ask,,,11565929
2026-07-08T02:06:59.559931,2026-07-08T02:06:59.569438+00:00,133.7,5,bid,,,11565935
2026-07-08T02:06:59.559931,2026-07-08T02:06:59.569438+00:00,133.9,38,bid,,,11565936
2026-07-08T02:07:00.190937,2026-07-08T02:07:00.197896+00:00,133.6,5,ask,,,11565945
2026-07-08T02:07:00.211182,2026-07-08T02:07:00.219117+00:00,133.7,5,bid,,,11565946
2026-07-08T02:07:01.776734,2026-07-08T02:07:01.785908+00:00,133.6,47,ask,,,11565964
2026-07-08T02:07:02.037317,2026-07-08T02:07:02.047178+00:00,133.6,100,ask,,,11565969
2026-07-08T02:07:02.259272,2026-07-08T02:07:02.271022+00:00,133.6,43,bid,,,11565971
2026-07-08T02:07:02.744213,2026-07-08T02:07:02.753478+00:00,133.5,3,bid,,,11565978
2026-07-08T02:07:02.848624,2026-07-08T02:07:02.855859+00:00,133.6,7,bid,,,11565981
2026-07-08T02:07:04.059619,2026-07-08T02:07:04.068869+00:00,133.6,3,ask,,,11566004
2026-07-08T02:07:05.145032,2026-07-08T02:07:05.146225+00:00,133.8,5,bid,,,11566023
2026-07-08T02:07:06.051041,2026-07-08T02:07:06.063747+00:00,133.8,5,ask,,,11566032
2026-07-08T02:07:06.595190,2026-07-08T02:07:06.605052+00:00,134.1,43,bid,,,11566040
2026-07-08T02:07:07.004534,2026-07-08T02:07:07.014885+00:00,133.9,5,ask,,,11566046
2026-07-08T02:07:07.004534,2026-07-08T02:07:07.014885+00:00,133.8,45,ask,,,11566047
2026-07-08T02:07:09.111669,2026-07-08T02:07:09.119006+00:00,133.8,50,ask,,,11566083
2026-07-08T02:07:10.631892,2026-07-08T02:07:10.640466+00:00,133.8,41,ask,,,11566104
2026-07-08T02:07:11.219146,2026-07-08T02:07:11.226586+00:00,133.8,50,ask,,,11566115
2026-07-08T02:07:13.503862,2026-07-08T02:07:13.513324+00:00,133.9,40,bid,,,11566138
2026-07-08T02:07:13.705923,2026-07-08T02:07:13.717707+00:00,133.6,10,ask,,,11566143
2026-07-08T02:07:13.705923,2026-07-08T02:07:13.717707+00:00,133.6,5,ask,,,11566144
2026-07-08T02:07:13.705923,2026-07-08T02:07:13.717707+00:00,133.5,27,ask,,,11566145
2026-07-08T02:07:14.057821,2026-07-08T02:07:14.069384+00:00,133.9,1,bid,,,11566154
2026-07-08T02:07:15.382363,2026-07-08T02:07:15.391964+00:00,133.9,5,bid,,,11566177
2026-07-08T02:07:15.382363,2026-07-08T02:07:15.391964+00:00,134.0,45,bid,,,11566178
2026-07-08T02:07:17.502179,2026-07-08T02:07:17.513688+00:00,134.0,50,bid,,,11566208
2026-07-08T02:07:19.667477,2026-07-08T02:07:19.679083+00:00,133.8,50,ask,,,11566241
2026-07-08T02:07:19.783820,2026-07-08T02:07:19.795338+00:00,133.8,10,ask,,,11566245
2026-07-08T02:07:21.448877,2026-07-08T02:07:21.458569+00:00,134.3,42,bid,,,11566276
2026-07-08T02:07:21.724898,2026-07-08T02:07:21.736801+00:00,134.3,50,bid,,,11566278
2026-07-08T02:07:22.562430,2026-07-08T02:07:22.574293+00:00,134.2,5,bid,,,11566293
2026-07-08T02:07:22.562430,2026-07-08T02:07:22.574293+00:00,134.3,8,bid,,,11566294
2026-07-08T02:07:22.562430,2026-07-08T02:07:22.579520+00:00,134.3,33,bid,,,11566295
2026-07-08T02:07:22.622288,2026-07-08T02:07:22.630114+00:00,133.8,40,ask,,,11566297
2026-07-08T02:07:22.622288,2026-07-08T02:07:22.635117+00:00,133.8,6,ask,,,11566298
2026-07-08T02:07:23.654382,2026-07-08T02:07:23.666289+00:00,134.1,41,ask,,,11566316
2026-07-08T02:07:23.886256,2026-07-08T02:07:23.897745+00:00,134.1,50,ask,,,11566323
2026-07-08T02:07:24.315709,2026-07-08T02:07:24.326353+00:00,134.3,5,bid,,,11566326
2026-07-08T02:07:24.315709,2026-07-08T02:07:24.326353+00:00,134.5,36,bid,,,11566327
2026-07-08T02:07:24.808230,2026-07-08T02:07:24.820085+00:00,134.3,5,bid,,,11566338
2026-07-08T02:07:24.808230,2026-07-08T02:07:24.820085+00:00,134.5,40,bid,,,11566339
2026-07-08T02:07:25.991969,2026-07-08T02:07:26.003793+00:00,134.0,50,ask,,,11566353
2026-07-08T02:07:27.300385,2026-07-08T02:07:27.308621+00:00,134.2,5,ask,,,11566366
2026-07-08T02:07:28.100726,2026-07-08T02:07:28.111542+00:00,134.2,50,ask,,,11566379
2026-07-08T02:07:30.208357,2026-07-08T02:07:30.219999+00:00,134.2,50,ask,,,11566405
2026-07-08T02:07:30.994591,2026-07-08T02:07:31.001642+00:00,134.3,25,bid,,,11566410
2026-07-08T02:07:32.265812,2026-07-08T02:07:32.274937+00:00,134.3,50,bid,,,11566428
2026-07-08T02:07:32.839619,2026-07-08T02:07:32.847088+00:00,134.0,10,ask,,,11566433
2026-07-08T02:07:32.839619,2026-07-08T02:07:32.852257+00:00,134.0,39,ask,,,11566434
2026-07-08T02:07:34.371164,2026-07-08T02:07:34.382901+00:00,134.4,5,bid,,,11566448
2026-07-08T02:07:34.371164,2026-07-08T02:07:34.382901+00:00,134.5,45,bid,,,11566449
2026-07-08T02:07:34.516474,2026-07-08T02:07:34.523733+00:00,134.5,47,bid,,,11566451
2026-07-08T02:07:36.479926,2026-07-08T02:07:36.491392+00:00,134.4,5,bid,,,11566473
2026-07-08T02:07:36.479926,2026-07-08T02:07:36.491392+00:00,134.6,45,bid,,,11566474
2026-07-08T02:07:36.608998,2026-07-08T02:07:36.620557+00:00,134.2,41,ask,,,11566476
2026-07-08T02:07:38.535036,2026-07-08T02:07:38.542010+00:00,134.4,5,bid,,,11566506
2026-07-08T02:07:38.587474,2026-07-08T02:07:38.595181+00:00,134.6,50,bid,,,11566508
2026-07-08T02:07:38.706191,2026-07-08T02:07:38.717867+00:00,134.4,10,ask,,,11566510
2026-07-08T02:07:39.462796,2026-07-08T02:07:39.474348+00:00,134.4,43,ask,,,11566521
2026-07-08T02:07:39.928976,2026-07-08T02:07:39.938351+00:00,134.5,5,bid,,,11566523
2026-07-08T02:07:39.928976,2026-07-08T02:07:39.938351+00:00,134.9,38,bid,,,11566524
2026-07-08T02:07:40.489600,2026-07-08T02:07:40.498698+00:00,134.4,5,ask,,,11566534
2026-07-08T02:07:40.695944,2026-07-08T02:07:40.707744+00:00,134.6,10,bid,,,11566536
2026-07-08T02:07:40.695944,2026-07-08T02:07:40.707744+00:00,134.7,40,bid,,,11566537
2026-07-08T02:07:41.536965,2026-07-08T02:07:41.544388+00:00,134.4,5,ask,,,11566554
2026-07-08T02:07:41.554750,2026-07-08T02:07:41.558586+00:00,134.4,5,ask,,,11566555
2026-07-08T02:07:42.803218,2026-07-08T02:07:42.815148+00:00,134.4,5,bid,,,11566574
2026-07-08T02:07:42.803218,2026-07-08T02:07:42.815148+00:00,134.6,45,bid,,,11566575
2026-07-08T02:07:43.153716,2026-07-08T02:07:43.164142+00:00,134.3,5,ask,,,11566579
2026-07-08T02:07:44.775520,2026-07-08T02:07:44.785554+00:00,134.3,5,ask,,,11566602
2026-07-08T02:07:44.913599,2026-07-08T02:07:44.921063+00:00,134.4,5,bid,,,11566604
2026-07-08T02:07:44.913599,2026-07-08T02:07:44.926066+00:00,134.8,45,bid,,,11566605
2026-07-08T02:07:46.300812,2026-07-08T02:07:46.311112+00:00,134.4,5,bid,,,11566626
2026-07-08T02:07:47.021958,2026-07-08T02:07:47.034058+00:00,134.5,5,bid,,,11566637
2026-07-08T02:07:47.021958,2026-07-08T02:07:47.034058+00:00,134.6,45,bid,,,11566638
2026-07-08T02:07:49.148743,2026-07-08T02:07:49.163936+00:00,134.6,5,bid,,,11566664
2026-07-08T02:07:49.148743,2026-07-08T02:07:49.163936+00:00,134.8,45,bid,,,11566665
2026-07-08T02:07:50.062924,2026-07-08T02:07:50.069584+00:00,134.5,5,ask,,,11566676
2026-07-08T02:07:51.193484,2026-07-08T02:07:51.202977+00:00,134.6,5,bid,,,11566682
2026-07-08T02:07:51.204340,2026-07-08T02:07:51.214373+00:00,134.6,3,ask,,,11566683
2026-07-08T02:07:51.260424,2026-07-08T02:07:51.271999+00:00,135.0,50,bid,,,11566685
2026-07-08T02:07:51.345099,2026-07-08T02:07:51.361765+00:00,134.6,11,ask,,,11566687
2026-07-08T02:07:51.649004,2026-07-08T02:07:51.658812+00:00,134.6,81,ask,,,11566692
2026-07-08T02:07:52.202713,2026-07-08T02:07:52.211009+00:00,134.5,39,ask,,,11566698
2026-07-08T02:07:52.327269,2026-07-08T02:07:52.333857+00:00,134.5,44,ask,,,11566702
2026-07-08T02:07:53.380583,2026-07-08T02:07:53.390194+00:00,134.7,50,bid,,,11566713
2026-07-08T02:07:55.539016,2026-07-08T02:07:55.550471+00:00,134.2,50,ask,,,11566740
2026-07-08T02:07:56.626603,2026-07-08T02:07:56.635620+00:00,134.4,11,bid,,,11566760
2026-07-08T02:07:56.873569,2026-07-08T02:07:56.880247+00:00,134.4,5,bid,,,11566762
2026-07-08T02:07:57.027799,2026-07-08T02:07:57.044171+00:00,134.3,5,ask,,,11566767
2026-07-08T02:07:57.174789,2026-07-08T02:07:57.184623+00:00,134.4,47,bid,,,11566772
2026-07-08T02:07:57.623757,2026-07-08T02:07:57.634833+00:00,134.2,50,bid,,,11566780
2026-07-08T02:07:57.944175,2026-07-08T02:07:57.953276+00:00,134.2,5,bid,,,11566785
2026-07-08T02:07:59.530542,2026-07-08T02:07:59.540849+00:00,133.9,10,ask,,,11566807
2026-07-08T02:07:59.781868,2026-07-08T02:07:59.793631+00:00,133.9,50,ask,,,11566815
2026-07-08T02:08:02.480154,2026-07-08T02:08:02.493174+00:00,134.1,5,ask,,,11566846
2026-07-08T02:08:02.649642,2026-07-08T02:08:02.662106+00:00,134.0,5,ask,,,11566848
2026-07-08T02:08:03.945412,2026-07-08T02:08:03.958587+00:00,134.3,50,bid,,,11566861
2026-07-08T02:08:04.518466,2026-07-08T02:08:04.527540+00:00,134.0,6,ask,,,11566868
2026-07-08T02:08:04.895891,2026-07-08T02:08:04.906499+00:00,134.0,12,ask,,,11566873
2026-07-08T02:08:05.046519,2026-07-08T02:08:05.053411+00:00,134.0,20,ask,,,11566883
2026-07-08T02:08:05.356562,2026-07-08T02:08:05.369226+00:00,133.8,100,ask,,,11566887
2026-07-08T02:08:05.356562,2026-07-08T02:08:05.369226+00:00,133.8,5,ask,,,11566888
2026-07-08T02:08:05.832563,2026-07-08T02:08:05.842185+00:00,133.8,26,bid,,,11566900
2026-07-08T02:08:05.982994,2026-07-08T02:08:05.991596+00:00,133.8,19,bid,,,11566904
2026-07-08T02:08:05.982994,2026-07-08T02:08:05.991596+00:00,133.9,1,bid,,,11566905
2026-07-08T02:08:06.108884,2026-07-08T02:08:06.118990+00:00,133.6,5,ask,,,11566911
2026-07-08T02:08:07.159881,2026-07-08T02:08:07.170627+00:00,133.6,3,ask,,,11566926
2026-07-08T02:08:07.356031,2026-07-08T02:08:07.365270+00:00,133.4,3,ask,,,11566930
2026-07-08T02:08:08.214784,2026-07-08T02:08:08.224747+00:00,133.5,5,ask,,,11566943
2026-07-08T02:08:08.214784,2026-07-08T02:08:08.224747+00:00,133.4,45,ask,,,11566944
2026-07-08T02:08:08.469117,2026-07-08T02:08:08.479501+00:00,133.8,41,ask,,,11566948
2026-07-08T02:08:08.480883,2026-07-08T02:08:08.489865+00:00,133.8,11,ask,,,11566949
2026-07-08T02:08:08.999372,2026-07-08T02:08:09.010111+00:00,133.8,14,ask,,,11566953
2026-07-08T02:08:10.240817,2026-07-08T02:08:10.252596+00:00,133.8,84,ask,,,11566972
2026-07-08T02:08:10.240817,2026-07-08T02:08:10.252596+00:00,133.7,5,ask,,,11566973
2026-07-08T02:08:10.337792,2026-07-08T02:08:10.346059+00:00,133.3,10,ask,,,11566976
2026-07-08T02:08:10.337792,2026-07-08T02:08:10.346059+00:00,133.2,40,ask,,,11566977
2026-07-08T02:08:12.452163,2026-07-08T02:08:12.464021+00:00,133.5,5,ask,,,11567004
2026-07-08T02:08:12.452163,2026-07-08T02:08:12.464021+00:00,133.3,45,ask,,,11567005
2026-07-08T02:08:12.767900,2026-07-08T02:08:12.779262+00:00,133.5,5,ask,,,11567010
2026-07-08T02:08:13.138522,2026-07-08T02:08:13.158640+00:00,133.7,11,bid,,,11567012
2026-07-08T02:08:13.138522,2026-07-08T02:08:13.158640+00:00,133.8,32,bid,,,11567013
2026-07-08T02:08:13.434575,2026-07-08T02:08:13.446403+00:00,133.5,5,ask,,,11567019
2026-07-08T02:08:13.724953,2026-07-08T02:08:13.736599+00:00,133.3,44,ask,,,11567023
2026-07-08T02:08:14.585671,2026-07-08T02:08:14.594365+00:00,133.5,5,ask,,,11567041
2026-07-08T02:08:14.585671,2026-07-08T02:08:14.594365+00:00,133.3,45,ask,,,11567042
2026-07-08T02:08:14.658842,2026-07-08T02:08:14.670593+00:00,133.8,43,bid,,,11567045
2026-07-08T02:08:14.852062,2026-07-08T02:08:14.859735+00:00,133.5,5,ask,,,11567048
2026-07-08T02:08:14.866089,2026-07-08T02:08:14.878258+00:00,133.4,14,bid,,,11567049
2026-07-08T02:08:15.092057,2026-07-08T02:08:15.103776+00:00,133.4,10,bid,,,11567054
2026-07-08T02:08:15.328912,2026-07-08T02:08:15.336818+00:00,133.4,40,bid,,,11567060
2026-07-08T02:08:15.340346,2026-07-08T02:08:15.352340+00:00,133.4,5,bid,,,11567061
2026-07-08T02:08:15.866368,2026-07-08T02:08:15.874285+00:00,133.4,40,bid,,,11567067
2026-07-08T02:08:15.882317,2026-07-08T02:08:15.889853+00:00,133.4,5,bid,,,11567069
2026-07-08T02:08:16.187103,2026-07-08T02:08:16.199229+00:00,133.3,49,ask,,,11567074
2026-07-08T02:08:16.642758,2026-07-08T02:08:16.654521+00:00,133.4,31,bid,,,11567085
2026-07-08T02:08:16.642758,2026-07-08T02:08:16.654521+00:00,133.5,5,bid,,,11567086
2026-07-08T02:08:16.642758,2026-07-08T02:08:16.654521+00:00,133.6,14,bid,,,11567087
2026-07-08T02:08:17.262921,2026-07-08T02:08:17.274616+00:00,133.5,5,bid,,,11567102
2026-07-08T02:08:17.262921,2026-07-08T02:08:17.274616+00:00,133.6,44,bid,,,11567103
2026-07-08T02:08:17.961733,2026-07-08T02:08:17.973874+00:00,133.5,5,bid,,,11567112
2026-07-08T02:08:17.961733,2026-07-08T02:08:17.973874+00:00,133.6,42,bid,,,11567113
2026-07-08T02:08:20.684140,2026-07-08T02:08:20.691854+00:00,133.7,48,ask,,,11567158
2026-07-08T02:08:20.703691,2026-07-08T02:08:20.712716+00:00,133.7,5,ask,,,11567159
2026-07-08T02:08:20.910930,2026-07-08T02:08:20.922695+00:00,133.7,50,ask,,,11567165
2026-07-08T02:08:21.180391,2026-07-08T02:08:21.187653+00:00,133.7,100,ask,,,11567170
2026-07-08T02:08:21.180391,2026-07-08T02:08:21.192920+00:00,133.7,5,ask,,,11567171
2026-07-08T02:08:21.788175,2026-07-08T02:08:21.799527+00:00,133.6,5,bid,,,11567179
2026-07-08T02:08:22.853577,2026-07-08T02:08:22.858652+00:00,133.6,5,bid,,,11567194
2026-07-08T02:08:22.967476,2026-07-08T02:08:22.979273+00:00,133.6,35,bid,,,11567195
2026-07-08T02:08:22.967476,2026-07-08T02:08:22.979273+00:00,133.7,5,bid,,,11567196
2026-07-08T02:08:22.967476,2026-07-08T02:08:22.979273+00:00,133.9,10,bid,,,11567197
2026-07-08T02:08:24.280947,2026-07-08T02:08:24.288759+00:00,133.6,5,ask,,,11567217
2026-07-08T02:08:24.307067,2026-07-08T02:08:24.319263+00:00,133.8,5,bid,,,11567218
2026-07-08T02:08:25.101451,2026-07-08T02:08:25.113034+00:00,133.9,50,bid,,,11567224
2026-07-08T02:08:25.409509,2026-07-08T02:08:25.416813+00:00,133.9,40,bid,,,11567231
2026-07-08T02:08:25.409509,2026-07-08T02:08:25.422250+00:00,133.9,4,bid,,,11567232
2026-07-08T02:08:26.041287,2026-07-08T02:08:26.052425+00:00,133.9,5,ask,,,11567242
2026-07-08T02:08:26.416578,2026-07-08T02:08:26.423660+00:00,133.9,49,ask,,,11567244
2026-07-08T02:08:27.120018,2026-07-08T02:08:27.126567+00:00,133.9,5,ask,,,11567251
2026-07-08T02:08:27.653133,2026-07-08T02:08:27.663777+00:00,133.9,5,ask,,,11567257
2026-07-08T02:08:28.183874,2026-07-08T02:08:28.191654+00:00,133.9,5,ask,,,11567268
2026-07-08T02:08:28.382620,2026-07-08T02:08:28.389640+00:00,134.1,5,bid,,,11567272
2026-07-08T02:08:28.382620,2026-07-08T02:08:28.394834+00:00,134.4,42,bid,,,11567273
2026-07-08T02:08:29.239037,2026-07-08T02:08:29.247899+00:00,133.9,5,ask,,,11567291
2026-07-08T02:08:29.364737,2026-07-08T02:08:29.376225+00:00,133.9,50,ask,,,11567293
2026-07-08T02:08:29.769065,2026-07-08T02:08:29.776601+00:00,133.9,5,ask,,,11567295
2026-07-08T02:08:30.321096,2026-07-08T02:08:30.330574+00:00,133.9,5,ask,,,11567310
2026-07-08T02:08:30.780807,2026-07-08T02:08:30.791684+00:00,133.9,3,ask,,,11567317
2026-07-08T02:08:30.850618,2026-07-08T02:08:30.857585+00:00,133.8,8,ask,,,11567320
2026-07-08T02:08:31.471320,2026-07-08T02:08:31.482763+00:00,133.8,50,ask,,,11567327
2026-07-08T02:08:32.435731,2026-07-08T02:08:32.445160+00:00,133.8,40,ask,,,11567340
2026-07-08T02:08:32.449550,2026-07-08T02:08:32.455630+00:00,133.8,5,ask,,,11567343
2026-07-08T02:08:33.040422,2026-07-08T02:08:33.051271+00:00,133.8,43,ask,,,11567355
2026-07-08T02:08:33.508389,2026-07-08T02:08:33.514977+00:00,133.8,16,ask,,,11567360
2026-07-08T02:08:33.576959,2026-07-08T02:08:33.587343+00:00,133.8,46,ask,,,11567362
2026-07-08T02:08:33.576959,2026-07-08T02:08:33.587343+00:00,133.8,4,ask,,,11567363
2026-07-08T02:08:33.853049,2026-07-08T02:08:33.861179+00:00,133.8,1,ask,,,11567367
2026-07-08T02:08:33.853049,2026-07-08T02:08:33.861179+00:00,133.4,100,ask,,,11567368
2026-07-08T02:08:33.867620,2026-07-08T02:08:33.876615+00:00,133.4,3,bid,,,11567370
2026-07-08T02:08:34.039961,2026-07-08T02:08:34.049682+00:00,133.4,46,bid,,,11567380
2026-07-08T02:08:35.631606,2026-07-08T02:08:35.639807+00:00,133.6,5,bid,,,11567412
2026-07-08T02:08:35.634886,2026-07-08T02:08:35.644982+00:00,133.6,44,bid,,,11567413
2026-07-08T02:08:35.689352,2026-07-08T02:08:35.701004+00:00,133.4,5,ask,,,11567414
2026-07-08T02:08:35.689352,2026-07-08T02:08:35.701004+00:00,133.1,45,ask,,,11567415
2026-07-08T02:08:36.092648,2026-07-08T02:08:36.104590+00:00,133.6,41,bid,,,11567416
2026-07-08T02:08:36.147696,2026-07-08T02:08:36.158575+00:00,133.2,10,ask,,,11567417
2026-07-08T02:08:36.147696,2026-07-08T02:08:36.158575+00:00,133.1,35,ask,,,11567418
2026-07-08T02:08:37.085269,2026-07-08T02:08:37.093064+00:00,133.5,10,ask,,,11567432
2026-07-08T02:08:37.159623,2026-07-08T02:08:37.169399+00:00,133.5,44,ask,,,11567433
2026-07-08T02:08:37.792619,2026-07-08T02:08:37.800621+00:00,133.6,10,bid,,,11567442
2026-07-08T02:08:37.792619,2026-07-08T02:08:37.805975+00:00,133.6,5,bid,,,11567443
2026-07-08T02:08:37.792619,2026-07-08T02:08:37.805975+00:00,134.0,32,bid,,,11567444
2026-07-08T02:08:37.804840,2026-07-08T02:08:37.816195+00:00,133.5,50,ask,,,11567446
2026-07-08T02:08:39.577492,2026-07-08T02:08:39.587664+00:00,133.5,46,ask,,,11567472
2026-07-08T02:08:39.577492,2026-07-08T02:08:39.587664+00:00,133.5,1,ask,,,11567473
2026-07-08T02:08:39.911365,2026-07-08T02:08:39.923374+00:00,133.3,5,ask,,,11567478
2026-07-08T02:08:39.911365,2026-07-08T02:08:39.923374+00:00,133.1,45,ask,,,11567479
2026-07-08T02:08:40.415851,2026-07-08T02:08:40.424500+00:00,133.3,40,bid,,,11567487
2026-07-08T02:08:40.430814,2026-07-08T02:08:40.440163+00:00,133.3,5,bid,,,11567489
2026-07-08T02:08:40.782185,2026-07-08T02:08:40.793133+00:00,133.3,44,bid,,,11567492
2026-07-08T02:08:40.961520,2026-07-08T02:08:40.969956+00:00,133.3,40,bid,,,11567496
2026-07-08T02:08:40.978582,2026-07-08T02:08:40.985364+00:00,133.3,5,bid,,,11567498
2026-07-08T02:08:42.019953,2026-07-08T02:08:42.031983+00:00,133.0,10,ask,,,11567524
2026-07-08T02:08:42.019953,2026-07-08T02:08:42.031983+00:00,132.9,5,ask,,,11567525
2026-07-08T02:08:42.019953,2026-07-08T02:08:42.031983+00:00,132.8,35,ask,,,11567526
2026-07-08T02:08:43.092021,2026-07-08T02:08:43.100554+00:00,133.2,38,bid,,,11567540
2026-07-08T02:08:43.096982,2026-07-08T02:08:43.106034+00:00,133.2,5,bid,,,11567541
2026-07-08T02:08:43.174704,2026-07-08T02:08:43.186197+00:00,133.2,42,bid,,,11567544
2026-07-08T02:08:43.301106,2026-07-08T02:08:43.308785+00:00,133.2,15,bid,,,11567545
2026-07-08T02:08:43.301106,2026-07-08T02:08:43.314054+00:00,133.2,5,bid,,,11567546
2026-07-08T02:08:44.128896,2026-07-08T02:08:44.140768+00:00,133.2,50,ask,,,11567560
2026-07-08T02:08:46.237922,2026-07-08T02:08:46.249552+00:00,133.2,50,ask,,,11567585
2026-07-08T02:08:48.294988,2026-07-08T02:08:48.306724+00:00,133.3,50,bid,,,11567607
2026-07-08T02:08:52.232471,2026-07-08T02:08:52.244382+00:00,133.0,45,ask,,,11567646
2026-07-08T02:08:52.508279,2026-07-08T02:08:52.519867+00:00,133.2,50,bid,,,11567647
2026-07-08T02:08:53.623691,2026-07-08T02:08:53.635720+00:00,133.0,46,ask,,,11567657
2026-07-08T02:08:54.667975,2026-07-08T02:08:54.679298+00:00,132.9,50,ask,,,11567671
2026-07-08T02:08:56.774129,2026-07-08T02:08:56.782037+00:00,132.9,10,ask,,,11567697
2026-07-08T02:08:56.774129,2026-07-08T02:08:56.787270+00:00,132.9,5,ask,,,11567698
2026-07-08T02:08:56.774129,2026-07-08T02:08:56.787270+00:00,132.8,35,ask,,,11567699
2026-07-08T02:08:56.933916,2026-07-08T02:08:56.945712+00:00,133.2,45,bid,,,11567700
2026-07-08T02:08:58.520849,2026-07-08T02:08:58.532987+00:00,132.9,46,ask,,,11567720
2026-07-08T02:08:58.887333,2026-07-08T02:08:58.896399+00:00,132.9,50,ask,,,11567722
2026-07-08T02:09:00.002481,2026-07-08T02:09:00.010640+00:00,133.2,49,bid,,,11567735
2026-07-08T02:09:00.943999,2026-07-08T02:09:00.964105+00:00,133.2,50,bid,,,11567752
2026-07-08T02:09:01.007078,2026-07-08T02:09:01.018959+00:00,133.2,3,bid,,,11567754
2026-07-08T02:09:01.298102,2026-07-08T02:09:01.309634+00:00,133.2,20,bid,,,11567759
2026-07-08T02:09:01.647331,2026-07-08T02:09:01.656261+00:00,133.2,20,bid,,,11567763
2026-07-08T02:09:01.683432,2026-07-08T02:09:01.695150+00:00,133.2,8,bid,,,11567765
2026-07-08T02:09:01.683432,2026-07-08T02:09:01.695150+00:00,133.2,34,bid,,,11567766
2026-07-08T02:09:02.003400,2026-07-08T02:09:02.014915+00:00,133.2,13,bid,,,11567770
2026-07-08T02:09:02.297437,2026-07-08T02:09:02.309164+00:00,133.2,53,bid,,,11567775
2026-07-08T02:09:02.297437,2026-07-08T02:09:02.309164+00:00,133.3,5,bid,,,11567776
2026-07-08T02:09:02.366386,2026-07-08T02:09:02.379336+00:00,133.5,6,ask,,,11567779
2026-07-08T02:09:02.389915,2026-07-08T02:09:02.401881+00:00,133.5,43,ask,,,11567781
2026-07-08T02:09:02.696182,2026-07-08T02:09:02.703509+00:00,134.0,5,bid,,,11567788
2026-07-08T02:09:02.720022,2026-07-08T02:09:02.729394+00:00,133.8,3,bid,,,11567789
2026-07-08T02:09:04.008105,2026-07-08T02:09:04.019596+00:00,133.5,40,ask,,,11567810
2026-07-08T02:09:04.486076,2026-07-08T02:09:04.496472+00:00,133.6,5,bid,,,11567822
2026-07-08T02:09:04.486076,2026-07-08T02:09:04.496472+00:00,133.7,42,bid,,,11567823
2026-07-08T02:09:05.161845,2026-07-08T02:09:05.174152+00:00,133.6,5,bid,,,11567836
2026-07-08T02:09:05.161845,2026-07-08T02:09:05.174152+00:00,133.7,45,bid,,,11567837
2026-07-08T02:09:05.899975,2026-07-08T02:09:05.908181+00:00,133.5,13,bid,,,11567850
2026-07-08T02:09:07.097302,2026-07-08T02:09:07.108763+00:00,133.5,42,bid,,,11567862
2026-07-08T02:09:07.323527,2026-07-08T02:09:07.335217+00:00,133.4,50,ask,,,11567870
2026-07-08T02:09:09.432823,2026-07-08T02:09:09.449861+00:00,133.4,50,ask,,,11567896
2026-07-08T02:09:09.843130,2026-07-08T02:09:09.858542+00:00,133.3,44,ask,,,11567905
2026-07-08T02:09:10.371252,2026-07-08T02:09:10.378360+00:00,133.4,44,ask,,,11567913
2026-07-08T02:09:11.557896,2026-07-08T02:09:11.569581+00:00,133.4,50,ask,,,11567926
2026-07-08T02:09:13.664540,2026-07-08T02:09:13.675098+00:00,133.2,50,ask,,,11567953
2026-07-08T02:09:15.008743,2026-07-08T02:09:15.017568+00:00,133.4,3,bid,,,11567969
2026-07-08T02:09:15.199118,2026-07-08T02:09:15.211007+00:00,133.4,2,bid,,,11567973
2026-07-08T02:09:15.750049,2026-07-08T02:09:15.759915+00:00,133.4,50,bid,,,11567979
2026-07-08T02:09:16.560829,2026-07-08T02:09:16.572507+00:00,133.4,49,bid,,,11567997
2026-07-08T02:09:18.086405,2026-07-08T02:09:18.096543+00:00,133.5,11,bid,,,11568007
2026-07-08T02:09:18.341943,2026-07-08T02:09:18.353597+00:00,133.5,7,bid,,,11568014
2026-07-08T02:09:18.623753,2026-07-08T02:09:18.635331+00:00,133.5,2,bid,,,11568016
2026-07-08T02:09:19.399600,2026-07-08T02:09:19.410477+00:00,133.4,11,ask,,,11568041
2026-07-08T02:09:19.701009,2026-07-08T02:09:19.709450+00:00,133.5,43,bid,,,11568048
2026-07-08T02:09:19.755888,2026-07-08T02:09:19.754650+00:00,133.4,45,ask,,,11568049
2026-07-08T02:09:20.028122,2026-07-08T02:09:20.038168+00:00,133.4,50,ask,,,11568053
2026-07-08T02:09:20.889167,2026-07-08T02:09:20.900977+00:00,133.4,44,ask,,,11568066
2026-07-08T02:09:21.343415,2026-07-08T02:09:21.353277+00:00,133.5,11,bid,,,11568075
2026-07-08T02:09:22.135809,2026-07-08T02:09:22.147810+00:00,133.2,50,ask,,,11568086
2026-07-08T02:09:23.438748,2026-07-08T02:09:23.450295+00:00,133.5,40,bid,,,11568099
2026-07-08T02:09:24.267993,2026-07-08T02:09:24.275891+00:00,133.3,50,ask,,,11568107
2026-07-08T02:09:26.375410,2026-07-08T02:09:26.386998+00:00,133.1,50,ask,,,11568128
2026-07-08T02:09:27.934570,2026-07-08T02:09:27.944348+00:00,133.6,12,bid,,,11568145
2026-07-08T02:09:28.483130,2026-07-08T02:09:28.494956+00:00,133.2,50,ask,,,11568149
2026-07-08T02:09:30.591057,2026-07-08T02:09:30.602733+00:00,133.2,50,ask,,,11568171
2026-07-08T02:09:30.822567,2026-07-08T02:09:30.834233+00:00,133.2,100,ask,,,11568172
2026-07-08T02:09:30.822567,2026-07-08T02:09:30.834233+00:00,133.2,10,ask,,,11568173
2026-07-08T02:09:30.836543,2026-07-08T02:09:30.845701+00:00,133.2,34,bid,,,11568174
2026-07-08T02:09:32.708377,2026-07-08T02:09:32.715070+00:00,132.9,50,ask,,,11568200
2026-07-08T02:09:32.768564,2026-07-08T02:09:32.777361+00:00,133.2,6,bid,,,11568203
2026-07-08T02:09:32.848926,2026-07-08T02:09:32.859269+00:00,133.4,41,bid,,,11568206
2026-07-08T02:09:34.814942,2026-07-08T02:09:34.826871+00:00,133.2,50,ask,,,11568232
2026-07-08T02:09:38.987358,2026-07-08T02:09:38.994277+00:00,133.5,50,bid,,,11568296
2026-07-08T02:09:39.150679,2026-07-08T02:09:39.163628+00:00,133.5,47,bid,,,11568297
2026-07-08T02:09:41.094528,2026-07-08T02:09:41.106296+00:00,133.5,3,bid,,,11568326
2026-07-08T02:09:41.094528,2026-07-08T02:09:41.106296+00:00,133.7,47,bid,,,11568327
2026-07-08T02:09:41.317780,2026-07-08T02:09:41.326341+00:00,133.2,47,ask,,,11568333
2026-07-08T02:09:41.971062,2026-07-08T02:09:41.982657+00:00,133.5,47,ask,,,11568336
2026-07-08T02:09:42.590926,2026-07-08T02:09:42.602535+00:00,133.7,48,bid,,,11568346
2026-07-08T02:09:43.077748,2026-07-08T02:09:43.090368+00:00,133.5,17,ask,,,11568357
2026-07-08T02:09:43.098655,2026-07-08T02:09:43.105822+00:00,133.5,10,ask,,,11568360
2026-07-08T02:09:43.224687,2026-07-08T02:09:43.236138+00:00,133.7,50,bid,,,11568362
2026-07-08T02:09:43.238336,2026-07-08T02:09:43.246476+00:00,133.7,5,bid,,,11568364
2026-07-08T02:09:45.331705,2026-07-08T02:09:45.343230+00:00,133.6,50,bid,,,11568387
2026-07-08T02:09:46.592367,2026-07-08T02:09:46.644277+00:00,133.6,50,bid,,,11568399
2026-07-08T02:09:46.633940,2026-07-08T02:09:46.644277+00:00,133.7,12,ask,,,11568400
2026-07-08T02:09:47.438026,2026-07-08T02:09:47.449609+00:00,134.1,5,bid,,,11568411
2026-07-08T02:09:47.438026,2026-07-08T02:09:47.449609+00:00,134.2,45,bid,,,11568412
2026-07-08T02:09:47.506740,2026-07-08T02:09:47.517177+00:00,134.2,5,bid,,,11568415
2026-07-08T02:09:48.315302,2026-07-08T02:09:48.324659+00:00,133.7,11,ask,,,11568422
2026-07-08T02:09:49.546557,2026-07-08T02:09:49.553922+00:00,133.9,50,bid,,,11568435
2026-07-08T02:09:51.052490,2026-07-08T02:09:51.058593+00:00,133.4,41,ask,,,11568447
2026-07-08T02:09:51.654484,2026-07-08T02:09:51.668678+00:00,133.8,50,bid,,,11568455
2026-07-08T02:09:52.474340,2026-07-08T02:09:52.485955+00:00,133.8,48,bid,,,11568462
2026-07-08T02:09:53.763904,2026-07-08T02:09:53.775563+00:00,133.8,2,bid,,,11568483
2026-07-08T02:09:53.763904,2026-07-08T02:09:53.775563+00:00,133.9,48,bid,,,11568484
2026-07-08T02:09:54.881702,2026-07-08T02:09:54.890868+00:00,133.8,12,ask,,,11568503
2026-07-08T02:09:55.205173,2026-07-08T02:09:55.213332+00:00,133.8,44,ask,,,11568506
2026-07-08T02:09:55.795715,2026-07-08T02:09:55.804697+00:00,133.8,11,ask,,,11568517
2026-07-08T02:09:56.298892,2026-07-08T02:09:56.306209+00:00,134.0,5,bid,,,11568523
2026-07-08T02:09:56.298892,2026-07-08T02:09:56.311411+00:00,134.1,37,bid,,,11568524
2026-07-08T02:09:57.551362,2026-07-08T02:09:57.564295+00:00,133.8,3,ask,,,11568537
2026-07-08T02:09:57.630707,2026-07-08T02:09:57.638450+00:00,133.8,20,ask,,,11568542
2026-07-08T02:09:57.804602,2026-07-08T02:09:57.807583+00:00,133.7,5,ask,,,11568545
2026-07-08T02:09:57.927330,2026-07-08T02:09:57.936231+00:00,133.6,41,ask,,,11568548
2026-07-08T02:10:00.138834,2026-07-08T02:10:00.152094+00:00,133.7,14,bid,,,11568580
2026-07-08T02:10:00.143199,2026-07-08T02:10:00.152094+00:00,133.4,50,ask,,,11568581
2026-07-08T02:10:00.218215,2026-07-08T02:10:00.230141+00:00,133.7,47,bid,,,11568584
2026-07-08T02:10:01.888702,2026-07-08T02:10:01.899739+00:00,133.7,11,ask,,,11568609
2026-07-08T02:10:02.249421,2026-07-08T02:10:02.261194+00:00,133.7,50,ask,,,11568614
2026-07-08T02:10:09.641869,2026-07-08T02:10:09.652719+00:00,133.8,11,bid,,,11568716
2026-07-08T02:10:09.973783,2026-07-08T02:10:09.985623+00:00,133.4,49,ask,,,11568722
2026-07-08T02:10:12.776058,2026-07-08T02:10:12.787661+00:00,133.6,50,ask,,,11568751
2026-07-08T02:10:14.883033,2026-07-08T02:10:14.894771+00:00,133.6,50,ask,,,11568775
2026-07-08T02:10:15.122107,2026-07-08T02:10:15.132348+00:00,133.7,12,bid,,,11568778
2026-07-08T02:10:16.445138,2026-07-08T02:10:16.458577+00:00,133.5,45,ask,,,11568799
2026-07-08T02:10:16.990394,2026-07-08T02:10:17.002251+00:00,133.3,50,ask,,,11568804
2026-07-08T02:10:19.098428,2026-07-08T02:10:19.110022+00:00,133.3,50,ask,,,11568832
2026-07-08T02:10:19.969154,2026-07-08T02:10:19.980963+00:00,133.3,100,ask,,,11568844
2026-07-08T02:10:21.215876,2026-07-08T02:10:21.227652+00:00,133.3,50,ask,,,11568862
2026-07-08T02:10:21.448072,2026-07-08T02:10:21.457614+00:00,133.0,57,bid,,,11568866
2026-07-08T02:10:21.549407,2026-07-08T02:10:21.560202+00:00,133.0,17,bid,,,11568868
2026-07-08T02:10:21.928466,2026-07-08T02:10:21.937149+00:00,133.0,3,bid,,,11568879
2026-07-08T02:10:22.358574,2026-07-08T02:10:22.370963+00:00,133.0,11,bid,,,11568882
2026-07-08T02:10:22.969059,2026-07-08T02:10:22.987162+00:00,133.0,6,bid,,,11568892
2026-07-08T02:10:23.084952,2026-07-08T02:10:23.106937+00:00,133.0,56,bid,,,11568896
2026-07-08T02:10:23.097260,2026-07-08T02:10:23.106937+00:00,133.3,17,ask,,,11568897
2026-07-08T02:10:23.323648,2026-07-08T02:10:23.335290+00:00,133.3,27,ask,,,11568902
2026-07-08T02:10:25.431416,2026-07-08T02:10:25.443304+00:00,133.3,50,ask,,,11568925
2026-07-08T02:10:27.294168,2026-07-08T02:10:27.305117+00:00,133.8,43,bid,,,11568955
2026-07-08T02:10:27.539668,2026-07-08T02:10:27.551353+00:00,133.4,50,ask,,,11568957
2026-07-08T02:10:28.942514,2026-07-08T02:10:28.949501+00:00,133.9,44,bid,,,11568972
2026-07-08T02:10:31.336821,2026-07-08T02:10:31.348645+00:00,133.5,43,ask,,,11568998
2026-07-08T02:10:31.739624,2026-07-08T02:10:31.751262+00:00,133.9,50,bid,,,11569007
2026-07-08T02:10:33.860252,2026-07-08T02:10:33.870295+00:00,133.9,50,bid,,,11569043
2026-07-08T02:10:34.845375,2026-07-08T02:10:34.858574+00:00,133.9,47,bid,,,11569054
2026-07-08T02:10:35.770225,2026-07-08T02:10:35.780077+00:00,133.9,12,ask,,,11569069
2026-07-08T02:10:35.967398,2026-07-08T02:10:35.979267+00:00,134.0,50,bid,,,11569073
2026-07-08T02:10:36.936923,2026-07-08T02:10:36.950167+00:00,133.9,22,ask,,,11569090
2026-07-08T02:10:37.032426,2026-07-08T02:10:37.044023+00:00,133.9,20,ask,,,11569096
2026-07-08T02:10:37.723548,2026-07-08T02:10:37.736782+00:00,134.0,46,bid,,,11569107
2026-07-08T02:10:38.089472,2026-07-08T02:10:38.098064+00:00,134.0,50,bid,,,11569115
2026-07-08T02:10:39.559702,2026-07-08T02:10:39.570750+00:00,134.0,11,bid,,,11569130
2026-07-08T02:10:40.196520,2026-07-08T02:10:40.203442+00:00,134.0,43,bid,,,11569141
2026-07-08T02:10:40.196520,2026-07-08T02:10:40.208627+00:00,134.2,7,bid,,,11569142
2026-07-08T02:10:40.369133,2026-07-08T02:10:40.380514+00:00,134.2,93,bid,,,11569146
2026-07-08T02:10:40.369133,2026-07-08T02:10:40.380514+00:00,134.4,5,bid,,,11569147
2026-07-08T02:10:40.432302,2026-07-08T02:10:40.442436+00:00,134.5,34,ask,,,11569149
2026-07-08T02:10:40.879762,2026-07-08T02:10:40.890284+00:00,134.5,18,ask,,,11569158
2026-07-08T02:10:40.879762,2026-07-08T02:10:40.890284+00:00,134.5,5,ask,,,11569159
2026-07-08T02:10:42.259688,2026-07-08T02:10:42.271387+00:00,133.9,42,ask,,,11569179
2026-07-08T02:10:42.336158,2026-07-08T02:10:42.347123+00:00,134.4,50,bid,,,11569180
2026-07-08T02:10:44.442653,2026-07-08T02:10:44.408492+00:00,134.2,50,bid,,,11569209
2026-07-08T02:10:44.810106,2026-07-08T02:10:44.820751+00:00,134.2,11,bid,,,11569214
2026-07-08T02:10:45.907161,2026-07-08T02:10:45.914221+00:00,134.0,48,ask,,,11569226
2026-07-08T02:10:46.550808,2026-07-08T02:10:46.557364+00:00,134.2,50,bid,,,11569236
2026-07-08T02:10:48.660919,2026-07-08T02:10:48.668468+00:00,134.1,50,bid,,,11569264
2026-07-08T02:10:49.604807,2026-07-08T02:10:49.614970+00:00,134.1,44,bid,,,11569270
2026-07-08T02:10:50.148575,2026-07-08T02:10:50.163633+00:00,134.0,45,ask,,,11569276
2026-07-08T02:10:50.767599,2026-07-08T02:10:50.775835+00:00,134.1,6,bid,,,11569279
2026-07-08T02:10:50.767599,2026-07-08T02:10:50.775835+00:00,134.3,5,bid,,,11569280
2026-07-08T02:10:50.767599,2026-07-08T02:10:50.781013+00:00,134.5,39,bid,,,11569281
2026-07-08T02:10:50.990990,2026-07-08T02:10:51.001907+00:00,134.5,5,bid,,,11569283
2026-07-08T02:10:52.150438,2026-07-08T02:10:52.163680+00:00,134.5,45,bid,,,11569299
2026-07-08T02:10:52.877792,2026-07-08T02:10:52.889655+00:00,134.5,50,bid,,,11569305
2026-07-08T02:10:53.039362,2026-07-08T02:10:53.049715+00:00,134.4,11,ask,,,11569306
2026-07-08T02:10:55.052232,2026-07-08T02:10:55.064113+00:00,134.4,50,ask,,,11569334
2026-07-08T02:10:55.325010,2026-07-08T02:10:55.336629+00:00,134.4,40,ask,,,11569338
2026-07-08T02:10:55.919992,2026-07-08T02:10:55.931667+00:00,134.4,44,ask,,,11569342
2026-07-08T02:10:57.159561,2026-07-08T02:10:57.169121+00:00,134.2,50,ask,,,11569357
2026-07-08T02:10:57.992203,2026-07-08T02:10:58.003907+00:00,134.6,41,bid,,,11569365
2026-07-08T02:10:59.295269,2026-07-08T02:10:59.303864+00:00,134.1,50,ask,,,11569388
2026-07-08T02:11:01.350094,2026-07-08T02:11:01.361776+00:00,134.6,50,bid,,,11569407
2026-07-08T02:11:01.645016,2026-07-08T02:11:01.658561+00:00,134.3,47,ask,,,11569409
2026-07-08T02:11:03.510453,2026-07-08T02:11:03.521935+00:00,134.4,50,ask,,,11569424
2026-07-08T02:11:04.205492,2026-07-08T02:11:04.217398+00:00,134.9,48,bid,,,11569436
2026-07-08T02:11:07.722529,2026-07-08T02:11:07.734211+00:00,134.4,50,ask,,,11569474
2026-07-08T02:11:09.349728,2026-07-08T02:11:09.358590+00:00,134.7,42,bid,,,11569505
2026-07-08T02:11:09.761302,2026-07-08T02:11:09.777906+00:00,134.7,11,bid,,,11569511
2026-07-08T02:11:09.778734,2026-07-08T02:11:09.793137+00:00,134.7,47,bid,,,11569515
2026-07-08T02:11:09.778734,2026-07-08T02:11:09.793137+00:00,134.7,3,bid,,,11569516
2026-07-08T02:11:09.818689,2026-07-08T02:11:09.830598+00:00,134.2,41,ask,,,11569517
2026-07-08T02:11:10.430050,2026-07-08T02:11:10.439618+00:00,134.7,48,bid,,,11569527
2026-07-08T02:11:11.887767,2026-07-08T02:11:11.899382+00:00,134.7,50,bid,,,11569543
2026-07-08T02:11:13.995575,2026-07-08T02:11:14.005422+00:00,135.0,50,bid,,,11569570
2026-07-08T02:11:15.804968,2026-07-08T02:11:15.816779+00:00,134.6,42,ask,,,11569600
2026-07-08T02:11:16.102532,2026-07-08T02:11:16.114488+00:00,134.9,5,bid,,,11569604
2026-07-08T02:11:16.102532,2026-07-08T02:11:16.114488+00:00,135.0,45,bid,,,11569605
2026-07-08T02:11:16.411470,2026-07-08T02:11:16.421295+00:00,135.0,5,bid,,,11569608
2026-07-08T02:11:18.133869,2026-07-08T02:11:18.144157+00:00,134.7,11,ask,,,11569624
2026-07-08T02:11:18.261697,2026-07-08T02:11:18.273509+00:00,134.7,50,ask,,,11569626
2026-07-08T02:11:18.663966,2026-07-08T02:11:18.680204+00:00,134.7,39,ask,,,11569631
2026-07-08T02:11:18.663966,2026-07-08T02:11:18.685414+00:00,134.3,2,ask,,,11569632
2026-07-08T02:11:20.318132,2026-07-08T02:11:20.329679+00:00,134.8,50,bid,,,11569650
2026-07-08T02:11:20.789690,2026-07-08T02:11:20.799193+00:00,134.8,43,bid,,,11569654
2026-07-08T02:11:21.519486,2026-07-08T02:11:21.530279+00:00,134.8,5,bid,,,11569659
2026-07-08T02:11:21.606413,2026-07-08T02:11:21.617534+00:00,134.9,5,bid,,,11569662
2026-07-08T02:11:21.809919,2026-07-08T02:11:21.821965+00:00,134.9,44,bid,,,11569663
2026-07-08T02:11:21.865287,2026-07-08T02:11:21.877159+00:00,134.8,43,ask,,,11569664
2026-07-08T02:11:22.359372,2026-07-08T02:11:22.370783+00:00,134.8,41,ask,,,11569672
2026-07-08T02:11:22.424942,2026-07-08T02:11:22.436646+00:00,134.9,50,bid,,,11569676
2026-07-08T02:11:23.833564,2026-07-08T02:11:23.845628+00:00,135.1,5,bid,,,11569692
2026-07-08T02:11:23.833564,2026-07-08T02:11:23.845628+00:00,135.3,40,bid,,,11569693
2026-07-08T02:11:24.582704,2026-07-08T02:11:24.594448+00:00,134.8,50,ask,,,11569706
2026-07-08T02:11:24.960795,2026-07-08T02:11:24.972417+00:00,135.0,44,bid,,,11569714
2026-07-08T02:11:25.272746,2026-07-08T02:11:25.283450+00:00,135.0,5,bid,,,11569716
2026-07-08T02:11:26.640143,2026-07-08T02:11:26.658915+00:00,134.9,5,bid,,,11569741
2026-07-08T02:11:26.640143,2026-07-08T02:11:26.658915+00:00,135.0,45,bid,,,11569742
2026-07-08T02:11:26.828964,2026-07-08T02:11:26.839625+00:00,135.0,5,bid,,,11569746
2026-07-08T02:11:27.845073,2026-07-08T02:11:27.853547+00:00,135.0,5,bid,,,11569757
2026-07-08T02:11:27.854725,2026-07-08T02:11:27.865175+00:00,135.0,3,ask,,,11569758
2026-07-08T02:11:27.897958,2026-07-08T02:11:27.906222+00:00,135.0,20,ask,,,11569763
2026-07-08T02:11:28.163863,2026-07-08T02:11:28.175628+00:00,135.0,20,ask,,,11569768
2026-07-08T02:11:28.251026,2026-07-08T02:11:28.262514+00:00,135.0,48,ask,,,11569769
2026-07-08T02:11:28.428205,2026-07-08T02:11:28.439538+00:00,135.0,14,ask,,,11569773
2026-07-08T02:11:28.746596,2026-07-08T02:11:28.753094+00:00,135.1,5,bid,,,11569777
2026-07-08T02:11:28.746596,2026-07-08T02:11:28.753094+00:00,135.3,45,bid,,,11569778
2026-07-08T02:11:29.658084,2026-07-08T02:11:29.670336+00:00,135.0,40,ask,,,11569790
2026-07-08T02:11:29.658084,2026-07-08T02:11:29.670336+00:00,134.9,4,ask,,,11569791
2026-07-08T02:11:30.907290,2026-07-08T02:11:30.915112+00:00,134.9,50,ask,,,11569806
2026-07-08T02:11:31.060937,2026-07-08T02:11:31.070482+00:00,134.9,46,ask,,,11569809
2026-07-08T02:11:31.060937,2026-07-08T02:11:31.070482+00:00,134.8,5,ask,,,11569810
2026-07-08T02:11:31.071807,2026-07-08T02:11:31.080896+00:00,134.8,3,bid,,,11569811
2026-07-08T02:11:31.578418,2026-07-08T02:11:31.594827+00:00,134.8,5,bid,,,11569820
2026-07-08T02:11:32.860792,2026-07-08T02:11:32.870205+00:00,134.8,49,bid,,,11569832
2026-07-08T02:11:32.963783,2026-07-08T02:11:32.971928+00:00,134.8,42,bid,,,11569833
2026-07-08T02:11:32.963783,2026-07-08T02:11:32.977181+00:00,134.9,5,bid,,,11569834
2026-07-08T02:11:32.963783,2026-07-08T02:11:32.977181+00:00,135.2,3,bid,,,11569835
2026-07-08T02:11:33.970129,2026-07-08T02:11:33.981915+00:00,134.8,5,ask,,,11569847
2026-07-08T02:11:33.970129,2026-07-08T02:11:33.981915+00:00,134.7,40,ask,,,11569848
2026-07-08T02:11:35.075377,2026-07-08T02:11:35.084597+00:00,135.0,5,bid,,,11569857
2026-07-08T02:11:35.075377,2026-07-08T02:11:35.084597+00:00,135.2,45,bid,,,11569858
2026-07-08T02:11:36.847043,2026-07-08T02:11:36.858179+00:00,134.9,3,ask,,,11569886
2026-07-08T02:11:37.183599,2026-07-08T02:11:37.191331+00:00,135.0,5,bid,,,11569891
2026-07-08T02:11:37.183599,2026-07-08T02:11:37.191331+00:00,135.2,45,bid,,,11569892
2026-07-08T02:11:37.440765,2026-07-08T02:11:37.451225+00:00,135.2,48,bid,,,11569897
2026-07-08T02:11:38.515262,2026-07-08T02:11:38.522798+00:00,134.8,45,ask,,,11569916
2026-07-08T02:11:38.759516,2026-07-08T02:11:38.768668+00:00,134.9,3,bid,,,11569921
2026-07-08T02:11:39.005904,2026-07-08T02:11:39.028914+00:00,134.9,2,bid,,,11569925
2026-07-08T02:11:39.018510,2026-07-08T02:11:39.028914+00:00,135.1,3,ask,,,11569926
2026-07-08T02:11:39.449817,2026-07-08T02:11:39.470541+00:00,135.1,10,ask,,,11569941
2026-07-08T02:11:39.580051,2026-07-08T02:11:39.590517+00:00,135.1,47,ask,,,11569944
2026-07-08T02:11:39.583047,2026-07-08T02:11:39.590517+00:00,135.1,5,ask,,,11569945
2026-07-08T02:11:40.117448,2026-07-08T02:11:40.128690+00:00,135.1,5,ask,,,11569951
2026-07-08T02:11:41.178979,2026-07-08T02:11:41.189390+00:00,135.1,5,ask,,,11569960
2026-07-08T02:11:41.193285,2026-07-08T02:11:41.199741+00:00,135.1,5,ask,,,11569961
2026-07-08T02:11:41.277923,2026-07-08T02:11:41.289513+00:00,135.1,18,ask,,,11569963
2026-07-08T02:11:41.396992,2026-07-08T02:11:41.408711+00:00,135.3,50,bid,,,11569965
2026-07-08T02:11:41.906875,2026-07-08T02:11:41.918704+00:00,135.1,5,bid,,,11569969
2026-07-08T02:11:41.906875,2026-07-08T02:11:41.918704+00:00,135.3,43,bid,,,11569970
2026-07-08T02:11:42.238246,2026-07-08T02:11:42.245300+00:00,135.2,5,bid,,,11569973
2026-07-08T02:11:42.374173,2026-07-08T02:11:42.385312+00:00,135.1,5,bid,,,11569976
2026-07-08T02:11:42.374173,2026-07-08T02:11:42.385312+00:00,135.2,44,bid,,,11569977
2026-07-08T02:11:42.956201,2026-07-08T02:11:42.969118+00:00,134.8,40,ask,,,11569983
2026-07-08T02:11:43.552556,2026-07-08T02:11:43.558571+00:00,135.0,5,bid,,,11569998
2026-07-08T02:11:43.552556,2026-07-08T02:11:43.558571+00:00,135.2,35,bid,,,11569999
2026-07-08T02:11:43.558344,2026-07-08T02:11:43.569885+00:00,134.8,50,ask,,,11570000
2026-07-08T02:11:43.607201,2026-07-08T02:11:43.618198+00:00,134.8,45,ask,,,11570004
2026-07-08T02:11:43.750926,2026-07-08T02:11:43.763708+00:00,134.7,100,ask,,,11570005
2026-07-08T02:11:43.750926,2026-07-08T02:11:43.763708+00:00,134.7,5,ask,,,11570006
2026-07-08T02:11:44.369294,2026-07-08T02:11:44.380198+00:00,134.7,40,bid,,,11570017
2026-07-08T02:11:45.664752,2026-07-08T02:11:45.676211+00:00,134.3,50,ask,,,11570035
2026-07-08T02:11:46.194876,2026-07-08T02:11:46.206434+00:00,134.7,5,bid,,,11570040
2026-07-08T02:11:46.194876,2026-07-08T02:11:46.206434+00:00,134.7,5,bid,,,11570041
2026-07-08T02:11:46.194876,2026-07-08T02:11:46.206434+00:00,134.8,34,bid,,,11570042
2026-07-08T02:11:46.454589,2026-07-08T02:11:46.461239+00:00,134.8,5,bid,,,11570044
2026-07-08T02:11:46.861738,2026-07-08T02:11:46.869103+00:00,134.7,5,bid,,,11570048
2026-07-08T02:11:46.861738,2026-07-08T02:11:46.874376+00:00,134.8,61,bid,,,11570049
2026-07-08T02:11:47.787322,2026-07-08T02:11:47.799113+00:00,134.9,50,ask,,,11570067
2026-07-08T02:11:48.240701,2026-07-08T02:11:48.252489+00:00,134.9,34,ask,,,11570071
2026-07-08T02:11:48.240701,2026-07-08T02:11:48.252489+00:00,134.8,5,ask,,,11570072
2026-07-08T02:11:48.240701,2026-07-08T02:11:48.252489+00:00,134.3,5,ask,,,11570073
2026-07-08T02:11:49.893953,2026-07-08T02:11:49.905520+00:00,134.7,50,ask,,,11570091
2026-07-08T02:11:50.484084,2026-07-08T02:11:50.493209+00:00,134.9,3,bid,,,11570099
2026-07-08T02:11:52.002699,2026-07-08T02:11:52.011556+00:00,134.7,50,ask,,,11570123
2026-07-08T02:11:53.981465,2026-07-08T02:11:53.993346+00:00,135.0,5,bid,,,11570161
2026-07-08T02:11:53.981465,2026-07-08T02:11:53.993346+00:00,135.1,38,bid,,,11570162
2026-07-08T02:11:54.315281,2026-07-08T02:11:54.316860+00:00,135.1,5,bid,,,11570165
2026-07-08T02:11:56.212955,2026-07-08T02:11:56.221918+00:00,134.6,50,ask,,,11570191
2026-07-08T02:11:56.276987,2026-07-08T02:11:56.288736+00:00,134.6,49,ask,,,11570192
2026-07-08T02:11:57.423095,2026-07-08T02:11:57.439927+00:00,134.8,48,bid,,,11570209
2026-07-08T02:11:58.326280,2026-07-08T02:11:58.338409+00:00,134.6,10,ask,,,11570227
2026-07-08T02:11:58.326280,2026-07-08T02:11:58.338409+00:00,134.6,40,ask,,,11570228
2026-07-08T02:11:58.442286,2026-07-08T02:11:58.454101+00:00,134.6,40,ask,,,11570229
2026-07-08T02:11:58.448740,2026-07-08T02:11:58.454101+00:00,134.6,10,ask,,,11570230
2026-07-08T02:12:00.063299,2026-07-08T02:12:00.072306+00:00,134.7,49,bid,,,11570245
2026-07-08T02:12:00.459316,2026-07-08T02:12:00.474282+00:00,134.6,10,ask,,,11570253
2026-07-08T02:12:00.459316,2026-07-08T02:12:00.474282+00:00,134.2,40,ask,,,11570254
2026-07-08T02:12:00.637388,2026-07-08T02:12:00.646933+00:00,134.7,49,bid,,,11570256
2026-07-08T02:12:02.567012,2026-07-08T02:12:02.578625+00:00,134.3,10,ask,,,11570276
2026-07-08T02:12:02.567012,2026-07-08T02:12:02.578625+00:00,134.2,40,ask,,,11570277
2026-07-08T02:12:03.589197,2026-07-08T02:12:03.600052+00:00,134.7,11,bid,,,11570296
2026-07-08T02:12:04.159600,2026-07-08T02:12:04.170069+00:00,134.7,12,bid,,,11570304
2026-07-08T02:12:07.575924,2026-07-08T02:12:07.587476+00:00,134.6,40,ask,,,11570343
2026-07-08T02:12:08.185464,2026-07-08T02:12:08.197083+00:00,134.6,42,ask,,,11570353
2026-07-08T02:12:08.834228,2026-07-08T02:12:08.846003+00:00,134.9,50,bid,,,11570363
2026-07-08T02:12:09.107728,2026-07-08T02:12:09.116567+00:00,134.6,11,bid,,,11570367
2026-07-08T02:12:09.130437,2026-07-08T02:12:09.137224+00:00,134.6,20,bid,,,11570369
2026-07-08T02:12:09.499844,2026-07-08T02:12:09.511319+00:00,134.6,20,bid,,,11570373
2026-07-08T02:12:09.865065,2026-07-08T02:12:09.876894+00:00,134.6,20,bid,,,11570377
2026-07-08T02:12:10.211434,2026-07-08T02:12:10.218154+00:00,134.6,6,bid,,,11570381
2026-07-08T02:12:10.214715,2026-07-08T02:12:10.223172+00:00,134.6,41,bid,,,11570382
2026-07-08T02:12:10.565875,2026-07-08T02:12:10.575873+00:00,134.6,3,bid,,,11570388
2026-07-08T02:12:10.655924,2026-07-08T02:12:10.667861+00:00,134.6,29,bid,,,11570392
2026-07-08T02:12:11.203025,2026-07-08T02:12:11.214254+00:00,135.1,5,bid,,,11570399
2026-07-08T02:12:11.437599,2026-07-08T02:12:11.448480+00:00,135.2,5,bid,,,11570408
2026-07-08T02:12:12.122776,2026-07-08T02:12:12.134283+00:00,134.7,44,ask,,,11570416
2026-07-08T02:12:12.219266,2026-07-08T02:12:12.229409+00:00,134.8,11,ask,,,11570418
2026-07-08T02:12:12.802865,2026-07-08T02:12:12.812243+00:00,134.8,12,ask,,,11570429
2026-07-08T02:12:12.979830,2026-07-08T02:12:12.991755+00:00,134.8,20,ask,,,11570433
2026-07-08T02:12:13.047318,2026-07-08T02:12:13.053968+00:00,135.0,5,bid,,,11570436
2026-07-08T02:12:13.047318,2026-07-08T02:12:13.059352+00:00,135.2,45,bid,,,11570437
2026-07-08T02:12:13.247308,2026-07-08T02:12:13.259005+00:00,134.8,20,ask,,,11570444
2026-07-08T02:12:13.512664,2026-07-08T02:12:13.524225+00:00,134.8,20,ask,,,11570455
2026-07-08T02:12:13.800963,2026-07-08T02:12:13.810981+00:00,134.8,19,ask,,,11570463
2026-07-08T02:12:14.063926,2026-07-08T02:12:14.072969+00:00,134.9,5,bid,,,11570471
2026-07-08T02:12:14.178167,2026-07-08T02:12:14.189644+00:00,134.9,46,bid,,,11570472
2026-07-08T02:12:15.206892,2026-07-08T02:12:15.216659+00:00,134.8,48,ask,,,11570482
2026-07-08T02:12:15.206892,2026-07-08T02:12:15.216659+00:00,134.8,2,ask,,,11570483
2026-07-08T02:12:15.223049,2026-07-08T02:12:15.234599+00:00,134.9,48,bid,,,11570484
2026-07-08T02:12:15.830561,2026-07-08T02:12:15.839112+00:00,134.4,49,ask,,,11570489
2026-07-08T02:12:17.265317,2026-07-08T02:12:17.277046+00:00,134.8,50,bid,,,11570503
2026-07-08T02:12:18.060279,2026-07-08T02:12:18.071588+00:00,134.8,12,bid,,,11570510
2026-07-08T02:12:18.925955,2026-07-08T02:12:18.937579+00:00,134.7,47,ask,,,11570523
2026-07-08T02:12:19.372657,2026-07-08T02:12:19.379269+00:00,135.1,50,bid,,,11570529
2026-07-08T02:12:20.064218,2026-07-08T02:12:20.071340+00:00,135.1,46,bid,,,11570537
2026-07-08T02:12:21.480477,2026-07-08T02:12:21.492204+00:00,135.0,5,bid,,,11570559
2026-07-08T02:12:21.480477,2026-07-08T02:12:21.492204+00:00,135.1,45,bid,,,11570560
2026-07-08T02:12:21.591177,2026-07-08T02:12:21.603139+00:00,134.6,41,ask,,,11570562
2026-07-08T02:12:21.834949,2026-07-08T02:12:21.845982+00:00,135.1,5,bid,,,11570567
2026-07-08T02:12:22.664122,2026-07-08T02:12:22.675544+00:00,134.8,48,ask,,,11570581
2026-07-08T02:12:23.299612,2026-07-08T02:12:23.308799+00:00,134.8,12,ask,,,11570591
2026-07-08T02:12:23.790156,2026-07-08T02:12:23.802301+00:00,135.0,40,bid,,,11570600
2026-07-08T02:12:24.293687,2026-07-08T02:12:24.305310+00:00,134.8,40,ask,,,11570608
2026-07-08T02:12:24.613513,2026-07-08T02:12:24.623945+00:00,134.8,11,ask,,,11570613
2026-07-08T02:12:24.719787,2026-07-08T02:12:24.736562+00:00,134.8,2,ask,,,11570616
2026-07-08T02:12:24.738459,2026-07-08T02:12:24.746778+00:00,135.0,2,bid,,,11570617
2026-07-08T02:12:25.897839,2026-07-08T02:12:25.910441+00:00,135.0,40,bid,,,11570634
2026-07-08T02:12:26.891496,2026-07-08T02:12:26.903227+00:00,135.0,43,bid,,,11570644
2026-07-08T02:12:27.401729,2026-07-08T02:12:27.413294+00:00,134.8,44,ask,,,11570654
2026-07-08T02:12:27.848940,2026-07-08T02:12:27.858586+00:00,134.8,50,ask,,,11570660
2026-07-08T02:12:29.955999,2026-07-08T02:12:29.967482+00:00,134.7,50,ask,,,11570683
2026-07-08T02:12:31.682806,2026-07-08T02:12:31.691724+00:00,135.1,43,bid,,,11570701
2026-07-08T02:12:31.985595,2026-07-08T02:12:31.994744+00:00,135.1,11,bid,,,11570705
2026-07-08T02:12:32.212037,2026-07-08T02:12:32.221739+00:00,134.7,10,ask,,,11570711
2026-07-08T02:12:32.212037,2026-07-08T02:12:32.221739+00:00,134.6,36,ask,,,11570712
2026-07-08T02:12:34.115357,2026-07-08T02:12:34.127285+00:00,135.1,50,bid,,,11570729
2026-07-08T02:12:36.222918,2026-07-08T02:12:36.234424+00:00,135.2,50,bid,,,11570757
2026-07-08T02:12:36.413132,2026-07-08T02:12:36.420441+00:00,135.2,47,bid,,,11570760
2026-07-08T02:12:36.961045,2026-07-08T02:12:36.970772+00:00,134.8,10,ask,,,11570768
2026-07-08T02:12:38.260864,2026-07-08T02:12:38.272432+00:00,135.0,40,ask,,,11570787
2026-07-08T02:12:38.330901,2026-07-08T02:12:38.342801+00:00,135.3,50,bid,,,11570788
2026-07-08T02:12:40.438702,2026-07-08T02:12:40.446775+00:00,135.2,5,bid,,,11570815
2026-07-08T02:12:40.438702,2026-07-08T02:12:40.446775+00:00,135.3,45,bid,,,11570816
2026-07-08T02:12:40.519820,2026-07-08T02:12:40.529589+00:00,135.3,5,bid,,,11570817
2026-07-08T02:12:42.546062,2026-07-08T02:12:42.558541+00:00,135.2,5,bid,,,11570843
2026-07-08T02:12:42.546062,2026-07-08T02:12:42.558541+00:00,135.3,45,bid,,,11570844
2026-07-08T02:12:42.608376,2026-07-08T02:12:42.618544+00:00,135.3,5,bid,,,11570846
2026-07-08T02:12:42.980118,2026-07-08T02:12:42.989010+00:00,135.0,11,ask,,,11570855
2026-07-08T02:12:43.048363,2026-07-08T02:12:43.060268+00:00,135.0,42,ask,,,11570857
2026-07-08T02:12:43.094771,2026-07-08T02:12:43.106450+00:00,135.0,2,ask,,,11570859
2026-07-08T02:12:44.365119,2026-07-08T02:12:44.376205+00:00,135.0,3,ask,,,11570872
2026-07-08T02:12:44.692909,2026-07-08T02:12:44.700099+00:00,135.0,5,ask,,,11570875
2026-07-08T02:12:44.712491,2026-07-08T02:12:44.726400+00:00,135.0,37,ask,,,11570877
2026-07-08T02:12:44.712491,2026-07-08T02:12:44.726400+00:00,135.0,13,ask,,,11570878
2026-07-08T02:12:45.227024,2026-07-08T02:12:45.234860+00:00,135.0,5,ask,,,11570885
2026-07-08T02:12:45.539138,2026-07-08T02:12:45.558571+00:00,135.0,100,ask,,,11570895
