timestamp,recv_time,price,volume,aggressor_side,buyer,seller,trade_id
2026-07-02T05:00:01.395877,2026-07-02T05:00:01.401864+00:00,106.3,3,ask,Kelvin Chan,CostlyCorianders,3555051
2026-07-02T05:00:01.395877,2026-07-02T05:00:01.401864+00:00,106.0,39,ask,DiligentDonuts,CostlyCorianders,3555052
2026-07-02T05:00:01.429662,2026-07-02T05:00:01.442042+00:00,106.4,3,bid,FlawlessFlatbreads,EarnestEspressos,3555055
2026-07-02T05:00:02.572204,2026-07-02T05:00:02.583763+00:00,106.5,100,bid,EarnestEspressos,DiligentDonuts,3555062
2026-07-02T05:00:02.572204,2026-07-02T05:00:02.583763+00:00,106.6,1,bid,EarnestEspressos,Kelvin Chan,3555063
2026-07-02T05:00:02.626158,2026-07-02T05:00:02.637666+00:00,106.6,1,ask,EarnestEspressos,Kelvin Chan,3555064
2026-07-02T05:00:02.638945,2026-07-02T05:00:02.648653+00:00,106.6,11,ask,EarnestEspressos,Xuanyu Liu,3555065
2026-07-02T05:00:02.650390,2026-07-02T05:00:02.648653+00:00,106.6,1,ask,EarnestEspressos,Kelvin Chan,3555068
2026-07-02T05:00:02.776026,2026-07-02T05:00:02.782698+00:00,106.6,1,ask,EarnestEspressos,Kelvin Chan,3555070
2026-07-02T05:00:02.793580,2026-07-02T05:00:02.798653+00:00,106.6,1,ask,EarnestEspressos,Kelvin Chan,3555072
2026-07-02T05:00:02.874266,2026-07-02T05:00:02.887933+00:00,106.6,12,ask,EarnestEspressos,Xuanyu Liu,3555079
2026-07-02T05:00:02.879616,2026-07-02T05:00:02.887933+00:00,106.6,1,ask,EarnestEspressos,Kelvin Chan,3555080
2026-07-02T05:00:03.587664,2026-07-02T05:00:03.599123+00:00,106.6,21,ask,EarnestEspressos,FlawlessFlatbreads,3555102
2026-07-02T05:00:03.587664,2026-07-02T05:00:03.599123+00:00,106.3,4,ask,Kelvin Chan,FlawlessFlatbreads,3555103
2026-07-02T05:00:03.587664,2026-07-02T05:00:03.599123+00:00,106.2,25,ask,DiligentDonuts,FlawlessFlatbreads,3555104
2026-07-02T05:00:04.387110,2026-07-02T05:00:04.398748+00:00,106.7,43,bid,CostlyCorianders,DiligentDonuts,3555131
2026-07-02T05:00:05.644551,2026-07-02T05:00:05.658565+00:00,106.7,50,bid,FlawlessFlatbreads,DiligentDonuts,3555153
2026-07-02T05:00:06.058935,2026-07-02T05:00:06.070605+00:00,106.2,41,ask,DiligentDonuts,CostlyCorianders,3555164
2026-07-02T05:00:07.802340,2026-07-02T05:00:07.813909+00:00,106.4,50,ask,DiligentDonuts,FlawlessFlatbreads,3555192
2026-07-02T05:00:08.953690,2026-07-02T05:00:08.965262+00:00,106.4,50,ask,DiligentDonuts,EarnestEspressos,3555218
2026-07-02T05:00:09.858880,2026-07-02T05:00:09.870573+00:00,106.4,50,bid,FlawlessFlatbreads,EarnestEspressos,3555229
2026-07-02T05:00:09.934147,2026-07-02T05:00:09.944273+00:00,106.3,4,ask,Kelvin Chan,CostlyCorianders,3555233
2026-07-02T05:00:09.934147,2026-07-02T05:00:09.944273+00:00,106.0,38,ask,DiligentDonuts,CostlyCorianders,3555234
2026-07-02T05:00:12.828348,2026-07-02T05:00:12.839763+00:00,106.3,2,ask,Kelvin Chan,DiligentDonuts,3555303
2026-07-02T05:00:12.828348,2026-07-02T05:00:12.839763+00:00,106.3,98,ask,EarnestEspressos,DiligentDonuts,3555304
2026-07-02T05:00:13.265994,2026-07-02T05:00:13.277387+00:00,106.8,43,bid,CostlyCorianders,EarnestEspressos,3555318
2026-07-02T05:00:15.426397,2026-07-02T05:00:15.437938+00:00,106.3,5,ask,Kelvin Chan,CostlyCorianders,3555374
2026-07-02T05:00:15.426397,2026-07-02T05:00:15.437938+00:00,106.0,41,ask,EarnestEspressos,CostlyCorianders,3555375
2026-07-02T05:00:16.240485,2026-07-02T05:00:16.252381+00:00,106.3,5,ask,Kelvin Chan,FlawlessFlatbreads,3555389
2026-07-02T05:00:16.240485,2026-07-02T05:00:16.252381+00:00,106.1,45,ask,DiligentDonuts,FlawlessFlatbreads,3555390
2026-07-02T05:00:17.291569,2026-07-02T05:00:17.303993+00:00,106.5,49,bid,CostlyCorianders,EarnestEspressos,3555416
2026-07-02T05:00:18.297370,2026-07-02T05:00:18.309023+00:00,106.5,50,bid,FlawlessFlatbreads,EarnestEspressos,3555445
2026-07-02T05:00:18.387278,2026-07-02T05:00:18.399201+00:00,106.3,45,ask,EarnestEspressos,CostlyCorianders,3555446
2026-07-02T05:00:20.402589,2026-07-02T05:00:20.414191+00:00,106.5,50,bid,FlawlessFlatbreads,DiligentDonuts,3555474
2026-07-02T05:00:21.271005,2026-07-02T05:00:21.282375+00:00,106.3,45,ask,EarnestEspressos,CostlyCorianders,3555493
2026-07-02T05:00:21.765700,2026-07-02T05:00:21.777083+00:00,106.3,42,bid,CostlyCorianders,EarnestEspressos,3555499
2026-07-02T05:00:22.509681,2026-07-02T05:00:22.521097+00:00,106.3,50,bid,FlawlessFlatbreads,EarnestEspressos,3555514
2026-07-02T05:00:24.624342,2026-07-02T05:00:24.635357+00:00,106.3,50,bid,FlawlessFlatbreads,EarnestEspressos,3555547
2026-07-02T05:00:25.425674,2026-07-02T05:00:25.436931+00:00,106.4,48,ask,EarnestEspressos,CostlyCorianders,3555563
2026-07-02T05:00:26.736238,2026-07-02T05:00:26.743355+00:00,106.5,2,bid,FlawlessFlatbreads,Kelvin Chan,3555579
2026-07-02T05:00:26.736238,2026-07-02T05:00:26.748643+00:00,106.6,48,bid,FlawlessFlatbreads,DiligentDonuts,3555580
2026-07-02T05:00:28.858835,2026-07-02T05:00:28.868960+00:00,106.5,2,bid,FlawlessFlatbreads,Kelvin Chan,3555618
2026-07-02T05:00:28.858835,2026-07-02T05:00:28.868960+00:00,106.6,48,bid,FlawlessFlatbreads,EarnestEspressos,3555619
2026-07-02T05:00:30.513392,2026-07-02T05:00:30.525070+00:00,106.6,41,bid,CostlyCorianders,EarnestEspressos,3555654
2026-07-02T05:00:30.972317,2026-07-02T05:00:30.983609+00:00,106.6,50,bid,FlawlessFlatbreads,EarnestEspressos,3555664
2026-07-02T05:00:31.041300,2026-07-02T05:00:31.058544+00:00,106.7,100,bid,EarnestEspressos,DiligentDonuts,3555666
2026-07-02T05:00:31.108843,2026-07-02T05:00:31.122645+00:00,106.8,14,ask,EarnestEspressos,Xuanyu Liu,3555668
2026-07-02T05:00:32.516700,2026-07-02T05:00:32.525477+00:00,107.1,41,bid,CostlyCorianders,DiligentDonuts,3555703
2026-07-02T05:00:33.107395,2026-07-02T05:00:33.115502+00:00,107.1,50,bid,FlawlessFlatbreads,DiligentDonuts,3555709
2026-07-02T05:00:34.912900,2026-07-02T05:00:34.922105+00:00,106.4,5,ask,Kelvin Chan,CostlyCorianders,3555747
2026-07-02T05:00:34.912900,2026-07-02T05:00:34.922105+00:00,106.3,37,ask,EarnestEspressos,CostlyCorianders,3555748
2026-07-02T05:00:35.214422,2026-07-02T05:00:35.226033+00:00,106.8,50,bid,FlawlessFlatbreads,EarnestEspressos,3555754
2026-07-02T05:00:35.812519,2026-07-02T05:00:35.820484+00:00,106.7,42,ask,DiligentDonuts,CostlyCorianders,3555764
2026-07-02T05:00:37.324193,2026-07-02T05:00:37.338546+00:00,107.2,50,bid,FlawlessFlatbreads,DiligentDonuts,3555792
2026-07-02T05:00:38.085711,2026-07-02T05:00:38.092718+00:00,106.8,100,bid,DiligentDonuts,EarnestEspressos,3555811
2026-07-02T05:00:38.790279,2026-07-02T05:00:38.801636+00:00,106.8,47,bid,CostlyCorianders,EarnestEspressos,3555834
2026-07-02T05:00:39.297826,2026-07-02T05:00:39.309462+00:00,106.8,3,bid,CostlyCorianders,EarnestEspressos,3555844
2026-07-02T05:00:40.553121,2026-07-02T05:00:40.561480+00:00,107.1,3,ask,EarnestEspressos,Xuanyu Liu,3555876
2026-07-02T05:00:40.667764,2026-07-02T05:00:40.675648+00:00,107.1,25,ask,EarnestEspressos,Lachlan Han,3555882
2026-07-02T05:00:40.877502,2026-07-02T05:00:40.888894+00:00,107.1,25,ask,EarnestEspressos,Lachlan Han,3555889
2026-07-02T05:00:40.919235,2026-07-02T05:00:40.930914+00:00,107.1,46,ask,EarnestEspressos,CostlyCorianders,3555891
2026-07-02T05:00:40.989431,2026-07-02T05:00:40.998540+00:00,107.1,11,ask,EarnestEspressos,Xuanyu Liu,3555894
2026-07-02T05:00:41.087319,2026-07-02T05:00:41.098673+00:00,107.1,25,ask,EarnestEspressos,Lachlan Han,3555898
2026-07-02T05:00:41.299132,2026-07-02T05:00:41.310931+00:00,107.1,15,ask,EarnestEspressos,Lachlan Han,3555903
2026-07-02T05:00:41.537136,2026-07-02T05:00:41.548644+00:00,107.1,50,bid,FlawlessFlatbreads,DiligentDonuts,3555908
2026-07-02T05:00:43.643751,2026-07-02T05:00:43.658562+00:00,106.9,1,bid,FlawlessFlatbreads,Kelvin Chan,3555942
2026-07-02T05:00:43.643751,2026-07-02T05:00:43.658562+00:00,107.1,49,bid,FlawlessFlatbreads,DiligentDonuts,3555943
2026-07-02T05:00:43.764745,2026-07-02T05:00:43.773715+00:00,106.8,11,bid,Xuanyu Liu,EarnestEspressos,3555947
2026-07-02T05:00:44.031100,2026-07-02T05:00:44.038386+00:00,106.8,49,bid,CostlyCorianders,EarnestEspressos,3555951
2026-07-02T05:00:44.916681,2026-07-02T05:00:44.926077+00:00,106.7,25,ask,DiligentDonuts,Lachlan Han,3555968
2026-07-02T05:00:45.125541,2026-07-02T05:00:45.137157+00:00,106.7,25,ask,DiligentDonuts,Lachlan Han,3555974
2026-07-02T05:00:45.334203,2026-07-02T05:00:45.341942+00:00,106.7,25,ask,DiligentDonuts,Lachlan Han,3555984
2026-07-02T05:00:45.542688,2026-07-02T05:00:45.554441+00:00,106.7,25,ask,DiligentDonuts,Lachlan Han,3555993
2026-07-02T05:00:45.680869,2026-07-02T05:00:45.692238+00:00,106.8,40,bid,CostlyCorianders,EarnestEspressos,3555998
2026-07-02T05:00:45.734108,2026-07-02T05:00:45.745897+00:00,106.6,4,ask,Kelvin Chan,CostlyCorianders,3556000
2026-07-02T05:00:45.734108,2026-07-02T05:00:45.745897+00:00,106.3,40,ask,EarnestEspressos,CostlyCorianders,3556001
2026-07-02T05:00:45.819024,2026-07-02T05:00:45.830668+00:00,106.3,50,ask,EarnestEspressos,FlawlessFlatbreads,3556002
2026-07-02T05:00:47.339924,2026-07-02T05:00:47.348333+00:00,106.4,41,ask,EarnestEspressos,CostlyCorianders,3556043
2026-07-02T05:00:47.873452,2026-07-02T05:00:47.884928+00:00,106.9,1,bid,FlawlessFlatbreads,Kelvin Chan,3556065
2026-07-02T05:00:47.873452,2026-07-02T05:00:47.884928+00:00,106.9,49,bid,FlawlessFlatbreads,EarnestEspressos,3556066
2026-07-02T05:00:50.041065,2026-07-02T05:00:50.058803+00:00,106.5,50,ask,DiligentDonuts,FlawlessFlatbreads,3556100
2026-07-02T05:00:51.286774,2026-07-02T05:00:51.296666+00:00,106.6,3,bid,Xuanyu Liu,DiligentDonuts,3556129
2026-07-02T05:00:51.402243,2026-07-02T05:00:51.413943+00:00,106.6,47,bid,CostlyCorianders,DiligentDonuts,3556134
2026-07-02T05:00:51.888924,2026-07-02T05:00:51.900602+00:00,106.6,2,bid,Kelvin Chan,DiligentDonuts,3556142
2026-07-02T05:00:51.996035,2026-07-02T05:00:52.007463+00:00,106.2,48,ask,EarnestEspressos,CostlyCorianders,3556143
2026-07-02T05:00:52.003973,2026-07-02T05:00:52.012849+00:00,106.6,2,bid,Kelvin Chan,DiligentDonuts,3556145
2026-07-02T05:00:52.064608,2026-07-02T05:00:52.075350+00:00,106.6,2,bid,Kelvin Chan,DiligentDonuts,3556147
2026-07-02T05:00:52.097643,2026-07-02T05:00:52.109229+00:00,106.6,44,bid,FlawlessFlatbreads,DiligentDonuts,3556150
2026-07-02T05:00:52.097643,2026-07-02T05:00:52.109229+00:00,106.7,6,bid,FlawlessFlatbreads,EarnestEspressos,3556151
2026-07-02T05:00:54.206303,2026-07-02T05:00:54.217873+00:00,106.5,50,bid,FlawlessFlatbreads,EarnestEspressos,3556188
2026-07-02T05:00:55.528515,2026-07-02T05:00:55.537207+00:00,106.5,42,bid,CostlyCorianders,EarnestEspressos,3556212
2026-07-02T05:00:56.383179,2026-07-02T05:00:56.393770+00:00,106.4,50,ask,DiligentDonuts,FlawlessFlatbreads,3556223
2026-07-02T05:00:58.492541,2026-07-02T05:00:58.500731+00:00,106.4,50,ask,EarnestEspressos,FlawlessFlatbreads,3556253
2026-07-02T05:01:00.598697,2026-07-02T05:01:00.610155+00:00,106.3,50,ask,EarnestEspressos,FlawlessFlatbreads,3556303
2026-07-02T05:01:01.141175,2026-07-02T05:01:01.152810+00:00,106.3,44,ask,EarnestEspressos,CostlyCorianders,3556317
2026-07-02T05:01:02.704945,2026-07-02T05:01:02.716149+00:00,106.3,50,ask,DiligentDonuts,FlawlessFlatbreads,3556350
2026-07-02T05:01:02.757372,2026-07-02T05:01:02.774549+00:00,106.3,50,ask,DiligentDonuts,EarnestEspressos,3556352
2026-07-02T05:01:02.789651,2026-07-02T05:01:02.800639+00:00,106.1,25,bid,Lachlan Han,EarnestEspressos,3556356
2026-07-02T05:01:03.003735,2026-07-02T05:01:03.018913+00:00,106.1,25,bid,Lachlan Han,EarnestEspressos,3556368
2026-07-02T05:01:03.217217,2026-07-02T05:01:03.224372+00:00,106.1,25,bid,Lachlan Han,EarnestEspressos,3556378
2026-07-02T05:01:03.427783,2026-07-02T05:01:03.434252+00:00,106.1,25,bid,Lachlan Han,EarnestEspressos,3556388
2026-07-02T05:01:04.357859,2026-07-02T05:01:04.369323+00:00,106.2,47,bid,CostlyCorianders,DiligentDonuts,3556411
2026-07-02T05:01:04.812061,2026-07-02T05:01:04.823632+00:00,105.7,50,ask,DiligentDonuts,FlawlessFlatbreads,3556419
2026-07-02T05:01:05.840643,2026-07-02T05:01:05.848778+00:00,106.2,25,bid,Lachlan Han,DiligentDonuts,3556436
2026-07-02T05:01:05.867363,2026-07-02T05:01:05.878866+00:00,106.2,28,bid,EarnestEspressos,DiligentDonuts,3556437
2026-07-02T05:01:06.919714,2026-07-02T05:01:06.929583+00:00,106.3,50,ask,EarnestEspressos,FlawlessFlatbreads,3556462
2026-07-02T05:01:10.099452,2026-07-02T05:01:10.118551+00:00,106.5,43,bid,CostlyCorianders,EarnestEspressos,3556517
2026-07-02T05:01:11.137016,2026-07-02T05:01:11.148480+00:00,106.1,50,ask,DiligentDonuts,FlawlessFlatbreads,3556531
2026-07-02T05:01:12.062048,2026-07-02T05:01:12.073226+00:00,106.5,25,bid,Lachlan Han,EarnestEspressos,3556548
2026-07-02T05:01:12.518378,2026-07-02T05:01:12.529054+00:00,106.5,4,ask,EarnestEspressos,Kelvin Chan,3556551
2026-07-02T05:01:12.925080,2026-07-02T05:01:12.936687+00:00,106.5,100,ask,EarnestEspressos,DiligentDonuts,3556558
2026-07-02T05:01:13.101457,2026-07-02T05:01:13.110100+00:00,106.5,3,ask,EarnestEspressos,Xuanyu Liu,3556563
2026-07-02T05:01:13.247736,2026-07-02T05:01:13.254614+00:00,106.5,43,ask,EarnestEspressos,FlawlessFlatbreads,3556573
2026-07-02T05:01:14.207357,2026-07-02T05:01:14.218696+00:00,105.8,48,ask,DiligentDonuts,CostlyCorianders,3556597
2026-07-02T05:01:14.426578,2026-07-02T05:01:14.434107+00:00,106.5,3,bid,Xuanyu Liu,Kelvin Chan,3556606
2026-07-02T05:01:14.670314,2026-07-02T05:01:14.681988+00:00,106.5,2,bid,CostlyCorianders,Kelvin Chan,3556608
2026-07-02T05:01:15.266968,2026-07-02T05:01:15.278358+00:00,106.5,5,bid,CostlyCorianders,Kelvin Chan,3556622
2026-07-02T05:01:15.353625,2026-07-02T05:01:15.358577+00:00,105.8,50,ask,DiligentDonuts,FlawlessFlatbreads,3556625
2026-07-02T05:01:15.535557,2026-07-02T05:01:15.546901+00:00,106.2,25,bid,Lachlan Han,EarnestEspressos,3556638
2026-07-02T05:01:16.727190,2026-07-02T05:01:16.737037+00:00,106.2,45,bid,CostlyCorianders,EarnestEspressos,3556663
2026-07-02T05:01:17.231202,2026-07-02T05:01:17.242819+00:00,105.8,45,ask,DiligentDonuts,CostlyCorianders,3556673
2026-07-02T05:01:17.408817,2026-07-02T05:01:17.420344+00:00,106.2,50,bid,FlawlessFlatbreads,EarnestEspressos,3556675
2026-07-02T05:01:17.525060,2026-07-02T05:01:17.532100+00:00,106.2,14,bid,Xuanyu Liu,EarnestEspressos,3556679
2026-07-02T05:01:18.521465,2026-07-02T05:01:18.535562+00:00,106.3,100,bid,EarnestEspressos,DiligentDonuts,3556698
2026-07-02T05:01:18.552522,2026-07-02T05:01:18.567249+00:00,106.4,11,ask,EarnestEspressos,Xuanyu Liu,3556702
2026-07-02T05:01:18.561207,2026-07-02T05:01:18.567249+00:00,106.5,5,bid,Lachlan Han,Kelvin Chan,3556704
2026-07-02T05:01:19.990122,2026-07-02T05:01:20.001519+00:00,106.9,47,bid,CostlyCorianders,EarnestEspressos,3556730
2026-07-02T05:01:20.044376,2026-07-02T05:01:20.050780+00:00,106.4,39,ask,EarnestEspressos,CostlyCorianders,3556731
2026-07-02T05:01:20.044376,2026-07-02T05:01:20.050780+00:00,106.4,7,ask,DiligentDonuts,CostlyCorianders,3556732
2026-07-02T05:01:20.976246,2026-07-02T05:01:20.983972+00:00,106.4,45,ask,DiligentDonuts,CostlyCorianders,3556753
2026-07-02T05:01:21.618128,2026-07-02T05:01:21.628301+00:00,106.9,50,bid,FlawlessFlatbreads,EarnestEspressos,3556757
2026-07-02T05:01:21.976949,2026-07-02T05:01:21.983833+00:00,106.5,5,bid,Lachlan Han,Kelvin Chan,3556763
2026-07-02T05:01:22.489558,2026-07-02T05:01:22.498641+00:00,106.8,48,bid,CostlyCorianders,DiligentDonuts,3556772
2026-07-02T05:01:23.104684,2026-07-02T05:01:23.116019+00:00,106.4,46,ask,EarnestEspressos,CostlyCorianders,3556788
2026-07-02T05:01:23.726385,2026-07-02T05:01:23.738000+00:00,106.8,50,bid,FlawlessFlatbreads,DiligentDonuts,3556800
2026-07-02T05:01:24.166613,2026-07-02T05:01:24.178285+00:00,106.8,2,bid,CostlyCorianders,DiligentDonuts,3556805
2026-07-02T05:01:24.166613,2026-07-02T05:01:24.178285+00:00,106.9,45,bid,CostlyCorianders,EarnestEspressos,3556806
2026-07-02T05:01:24.759799,2026-07-02T05:01:24.771162+00:00,106.4,48,ask,EarnestEspressos,CostlyCorianders,3556818
2026-07-02T05:01:25.832792,2026-07-02T05:01:25.844307+00:00,106.6,50,bid,FlawlessFlatbreads,EarnestEspressos,3556833
2026-07-02T05:01:26.735437,2026-07-02T05:01:26.746846+00:00,106.6,46,bid,CostlyCorianders,EarnestEspressos,3556845
2026-07-02T05:01:27.679859,2026-07-02T05:01:27.691244+00:00,106.6,43,bid,CostlyCorianders,EarnestEspressos,3556859
2026-07-02T05:01:27.733727,2026-07-02T05:01:27.745057+00:00,106.3,43,ask,DiligentDonuts,CostlyCorianders,3556861
2026-07-02T05:01:27.937111,2026-07-02T05:01:27.948709+00:00,106.6,11,bid,FlawlessFlatbreads,EarnestEspressos,3556866
2026-07-02T05:01:27.937111,2026-07-02T05:01:27.948709+00:00,106.6,5,bid,FlawlessFlatbreads,Kelvin Chan,3556867
2026-07-02T05:01:27.937111,2026-07-02T05:01:27.948709+00:00,106.8,34,bid,FlawlessFlatbreads,DiligentDonuts,3556868
2026-07-02T05:01:28.015023,2026-07-02T05:01:28.024186+00:00,106.5,3,ask,EarnestEspressos,Xuanyu Liu,3556869
2026-07-02T05:01:28.258659,2026-07-02T05:01:28.269048+00:00,106.8,42,bid,CostlyCorianders,DiligentDonuts,3556874
2026-07-02T05:01:30.100594,2026-07-02T05:01:30.111276+00:00,106.5,50,ask,EarnestEspressos,FlawlessFlatbreads,3556911
2026-07-02T05:01:32.209795,2026-07-02T05:01:32.221338+00:00,106.4,50,ask,DiligentDonuts,FlawlessFlatbreads,3556943
2026-07-02T05:01:34.315415,2026-07-02T05:01:34.324884+00:00,106.4,50,ask,DiligentDonuts,FlawlessFlatbreads,3556977
2026-07-02T05:01:35.062711,2026-07-02T05:01:35.074074+00:00,106.2,45,ask,EarnestEspressos,CostlyCorianders,3556996
2026-07-02T05:01:38.475044,2026-07-02T05:01:38.484843+00:00,106.4,50,bid,FlawlessFlatbreads,EarnestEspressos,3557051
2026-07-02T05:01:40.637135,2026-07-02T05:01:40.648814+00:00,105.9,50,ask,DiligentDonuts,FlawlessFlatbreads,3557077
2026-07-02T05:01:41.159931,2026-07-02T05:01:41.171291+00:00,106.4,46,bid,CostlyCorianders,DiligentDonuts,3557089
2026-07-02T05:01:41.213687,2026-07-02T05:01:41.221115+00:00,106.1,46,ask,EarnestEspressos,CostlyCorianders,3557091
2026-07-02T05:01:41.804104,2026-07-02T05:01:41.812041+00:00,106.2,43,bid,CostlyCorianders,DiligentDonuts,3557110
2026-07-02T05:01:42.745744,2026-07-02T05:01:42.753040+00:00,106.1,50,ask,EarnestEspressos,FlawlessFlatbreads,3557131
2026-07-02T05:01:44.082079,2026-07-02T05:01:44.093687+00:00,105.7,48,ask,DiligentDonuts,CostlyCorianders,3557152
2026-07-02T05:01:44.799529,2026-07-02T05:01:44.810943+00:00,105.9,50,bid,FlawlessFlatbreads,EarnestEspressos,3557165
2026-07-02T05:01:46.906282,2026-07-02T05:01:46.917912+00:00,105.9,50,bid,FlawlessFlatbreads,EarnestEspressos,3557200
2026-07-02T05:01:46.972536,2026-07-02T05:01:46.985526+00:00,106.0,100,bid,EarnestEspressos,DiligentDonuts,3557202
2026-07-02T05:01:47.789906,2026-07-02T05:01:47.796826+00:00,106.0,45,ask,EarnestEspressos,CostlyCorianders,3557221
2026-07-02T05:01:49.080290,2026-07-02T05:01:49.091676+00:00,106.0,5,ask,EarnestEspressos,FlawlessFlatbreads,3557257
2026-07-02T05:01:49.080290,2026-07-02T05:01:49.091676+00:00,106.0,45,ask,DiligentDonuts,FlawlessFlatbreads,3557258
2026-07-02T05:01:50.192454,2026-07-02T05:01:50.201325+00:00,106.0,55,ask,DiligentDonuts,EarnestEspressos,3557269
2026-07-02T05:01:50.329609,2026-07-02T05:01:50.337411+00:00,106.0,3,bid,Xuanyu Liu,EarnestEspressos,3557273
2026-07-02T05:01:50.336616,2026-07-02T05:01:50.352600+00:00,106.0,45,bid,CostlyCorianders,EarnestEspressos,3557275
2026-07-02T05:01:51.187161,2026-07-02T05:01:51.194057+00:00,105.9,50,ask,DiligentDonuts,FlawlessFlatbreads,3557288
2026-07-02T05:01:52.863210,2026-07-02T05:01:52.871742+00:00,106.0,47,bid,CostlyCorianders,EarnestEspressos,3557327
2026-07-02T05:01:52.863210,2026-07-02T05:01:52.871742+00:00,106.3,1,bid,CostlyCorianders,Kelvin Chan,3557328
2026-07-02T05:01:53.244672,2026-07-02T05:01:53.254859+00:00,106.3,3,bid,Lachlan Han,Kelvin Chan,3557339
2026-07-02T05:01:53.295229,2026-07-02T05:01:53.305996+00:00,105.9,50,ask,DiligentDonuts,FlawlessFlatbreads,3557340
2026-07-02T05:01:53.307232,2026-07-02T05:01:53.314339+00:00,106.3,3,ask,EarnestEspressos,Xuanyu Liu,3557341
2026-07-02T05:01:54.073168,2026-07-02T05:01:54.079519+00:00,106.3,100,ask,EarnestEspressos,DiligentDonuts,3557353
2026-07-02T05:01:56.776664,2026-07-02T05:01:56.788198+00:00,105.7,44,ask,DiligentDonuts,CostlyCorianders,3557397
2026-07-02T05:01:59.608455,2026-07-02T05:01:59.614857+00:00,105.8,50,ask,DiligentDonuts,FlawlessFlatbreads,3557468
2026-07-02T05:02:01.713390,2026-07-02T05:02:01.724828+00:00,105.8,50,ask,EarnestEspressos,FlawlessFlatbreads,3557505
2026-07-02T05:02:01.973396,2026-07-02T05:02:01.982898+00:00,106.1,43,bid,CostlyCorianders,DiligentDonuts,3557513
2026-07-02T05:02:02.849288,2026-07-02T05:02:02.857298+00:00,106.0,3,bid,Xuanyu Liu,EarnestEspressos,3557539
2026-07-02T05:02:03.150160,2026-07-02T05:02:03.158535+00:00,106.0,40,bid,CostlyCorianders,EarnestEspressos,3557544
2026-07-02T05:02:03.206039,2026-07-02T05:02:03.217765+00:00,105.6,42,ask,DiligentDonuts,CostlyCorianders,3557545
2026-07-02T05:02:03.447154,2026-07-02T05:02:03.455098+00:00,106.0,11,bid,Xuanyu Liu,EarnestEspressos,3557554
2026-07-02T05:02:03.821172,2026-07-02T05:02:03.832771+00:00,105.7,50,ask,DiligentDonuts,FlawlessFlatbreads,3557559
2026-07-02T05:02:04.714992,2026-07-02T05:02:04.726707+00:00,106.0,45,bid,CostlyCorianders,EarnestEspressos,3557573
2026-07-02T05:02:05.928049,2026-07-02T05:02:05.939343+00:00,105.7,50,ask,DiligentDonuts,FlawlessFlatbreads,3557606
2026-07-02T05:02:06.075227,2026-07-02T05:02:06.083776+00:00,106.0,14,ask,EarnestEspressos,Xuanyu Liu,3557612
2026-07-02T05:02:06.720259,2026-07-02T05:02:06.731677+00:00,106.0,100,ask,EarnestEspressos,DiligentDonuts,3557628
2026-07-02T05:02:06.878031,2026-07-02T05:02:06.885556+00:00,106.2,1,bid,Lachlan Han,Kelvin Chan,3557634
2026-07-02T05:02:07.982763,2026-07-02T05:02:07.992572+00:00,106.5,50,bid,FlawlessFlatbreads,EarnestEspressos,3557660
2026-07-02T05:02:09.978167,2026-07-02T05:02:10.012357+00:00,106.2,3,bid,Xuanyu Liu,DiligentDonuts,3557701
2026-07-02T05:02:10.028962,2026-07-02T05:02:10.039759+00:00,106.2,23,bid,Xuanyu Liu,DiligentDonuts,3557707
2026-07-02T05:02:10.091817,2026-07-02T05:02:10.102946+00:00,106.2,50,bid,FlawlessFlatbreads,DiligentDonuts,3557709
2026-07-02T05:02:10.266762,2026-07-02T05:02:10.278352+00:00,105.8,44,ask,EarnestEspressos,CostlyCorianders,3557712
2026-07-02T05:02:11.179963,2026-07-02T05:02:11.191618+00:00,106.2,24,bid,CostlyCorianders,DiligentDonuts,3557721
2026-07-02T05:02:11.179963,2026-07-02T05:02:11.191618+00:00,106.3,18,bid,CostlyCorianders,EarnestEspressos,3557722
2026-07-02T05:02:14.114553,2026-07-02T05:02:14.120724+00:00,106.2,49,ask,DiligentDonuts,CostlyCorianders,3557790
2026-07-02T05:02:14.357331,2026-07-02T05:02:14.363821+00:00,106.2,50,ask,DiligentDonuts,FlawlessFlatbreads,3557798
2026-07-02T05:02:15.312558,2026-07-02T05:02:15.324401+00:00,106.2,1,ask,DiligentDonuts,CostlyCorianders,3557817
2026-07-02T05:02:15.312558,2026-07-02T05:02:15.324401+00:00,105.9,2,ask,Kelvin Chan,CostlyCorianders,3557818
2026-07-02T05:02:15.312558,2026-07-02T05:02:15.324401+00:00,105.9,41,ask,EarnestEspressos,CostlyCorianders,3557819
2026-07-02T05:02:18.569847,2026-07-02T05:02:18.578068+00:00,105.9,1,ask,Kelvin Chan,FlawlessFlatbreads,3557886
2026-07-02T05:02:18.569847,2026-07-02T05:02:18.578068+00:00,105.8,49,ask,DiligentDonuts,FlawlessFlatbreads,3557887
2026-07-02T05:02:22.730669,2026-07-02T05:02:22.742021+00:00,106.1,50,bid,FlawlessFlatbreads,EarnestEspressos,3557968
2026-07-02T05:02:24.839034,2026-07-02T05:02:24.850412+00:00,106.1,50,bid,FlawlessFlatbreads,EarnestEspressos,3558000
2026-07-02T05:02:24.945943,2026-07-02T05:02:24.958551+00:00,106.1,100,bid,EarnestEspressos,DiligentDonuts,3558001
2026-07-02T05:02:25.304495,2026-07-02T05:02:25.314602+00:00,106.2,6,bid,CostlyCorianders,Kelvin Chan,3558009
2026-07-02T05:02:25.304495,2026-07-02T05:02:25.314602+00:00,106.6,41,bid,CostlyCorianders,EarnestEspressos,3558010
2026-07-02T05:02:27.441365,2026-07-02T05:02:27.452807+00:00,106.5,40,bid,CostlyCorianders,DiligentDonuts,3558056
2026-07-02T05:02:29.048073,2026-07-02T05:02:29.058590+00:00,106.4,50,bid,FlawlessFlatbreads,EarnestEspressos,3558092
2026-07-02T05:02:29.528991,2026-07-02T05:02:29.536071+00:00,106.3,1,bid,Xuanyu Liu,Kelvin Chan,3558099
2026-07-02T05:02:29.672447,2026-07-02T05:02:29.682427+00:00,106.4,11,bid,Xuanyu Liu,EarnestEspressos,3558102
2026-07-02T05:02:29.733689,2026-07-02T05:02:29.741769+00:00,106.3,1,bid,Lachlan Han,Kelvin Chan,3558107
2026-07-02T05:02:29.915974,2026-07-02T05:02:29.927613+00:00,106.2,46,ask,DiligentDonuts,CostlyCorianders,3558114
2026-07-02T05:02:30.737564,2026-07-02T05:02:30.746267+00:00,106.3,1,bid,Xuanyu Liu,Kelvin Chan,3558133
2026-07-02T05:02:31.167111,2026-07-02T05:02:31.175743+00:00,106.4,50,bid,FlawlessFlatbreads,EarnestEspressos,3558141
2026-07-02T05:02:31.281497,2026-07-02T05:02:31.293216+00:00,106.7,100,bid,EarnestEspressos,DiligentDonuts,3558145
2026-07-02T05:02:31.349054,2026-07-02T05:02:31.359602+00:00,106.7,25,ask,EarnestEspressos,Xuanyu Liu,3558147
2026-07-02T05:02:33.273281,2026-07-02T05:02:33.285321+00:00,107.2,50,bid,FlawlessFlatbreads,EarnestEspressos,3558184
2026-07-02T05:02:35.146206,2026-07-02T05:02:35.158592+00:00,106.9,100,bid,DiligentDonuts,EarnestEspressos,3558213
2026-07-02T05:02:35.993476,2026-07-02T05:02:36.005049+00:00,106.9,49,bid,CostlyCorianders,EarnestEspressos,3558222
2026-07-02T05:02:37.485835,2026-07-02T05:02:37.497749+00:00,106.9,1,bid,FlawlessFlatbreads,EarnestEspressos,3558237
2026-07-02T05:02:37.485835,2026-07-02T05:02:37.497749+00:00,107.4,49,bid,FlawlessFlatbreads,DiligentDonuts,3558238
2026-07-02T05:02:37.615914,2026-07-02T05:02:37.624864+00:00,107.1,14,ask,EarnestEspressos,Xuanyu Liu,3558240
2026-07-02T05:02:39.600389,2026-07-02T05:02:39.612150+00:00,107.2,50,bid,FlawlessFlatbreads,DiligentDonuts,3558261
2026-07-02T05:02:40.764719,2026-07-02T05:02:40.776184+00:00,107.2,50,bid,EarnestEspressos,DiligentDonuts,3558274
2026-07-02T05:02:41.063856,2026-07-02T05:02:41.075506+00:00,107.4,44,ask,EarnestEspressos,CostlyCorianders,3558282
2026-07-02T05:02:42.737678,2026-07-02T05:02:42.749073+00:00,107.4,42,ask,EarnestEspressos,CostlyCorianders,3558321
2026-07-02T05:02:43.880710,2026-07-02T05:02:43.889708+00:00,107.4,14,ask,EarnestEspressos,FlawlessFlatbreads,3558341
2026-07-02T05:02:43.880710,2026-07-02T05:02:43.889708+00:00,107.3,36,ask,DiligentDonuts,FlawlessFlatbreads,3558342
2026-07-02T05:02:43.992508,2026-07-02T05:02:44.004191+00:00,107.3,64,ask,DiligentDonuts,EarnestEspressos,3558351
2026-07-02T05:02:45.721578,2026-07-02T05:02:45.733036+00:00,107.1,41,ask,DiligentDonuts,CostlyCorianders,3558378
2026-07-02T05:02:45.988043,2026-07-02T05:02:45.999697+00:00,107.1,50,ask,DiligentDonuts,FlawlessFlatbreads,3558381
2026-07-02T05:02:47.984176,2026-07-02T05:02:47.995793+00:00,107.1,44,bid,CostlyCorianders,DiligentDonuts,3558414
2026-07-02T05:02:50.151804,2026-07-02T05:02:50.158791+00:00,107.1,50,bid,FlawlessFlatbreads,DiligentDonuts,3558457
2026-07-02T05:02:51.225667,2026-07-02T05:02:51.233441+00:00,107.3,45,bid,CostlyCorianders,EarnestEspressos,3558479
2026-07-02T05:02:51.280126,2026-07-02T05:02:51.290106+00:00,107.0,2,ask,Kelvin Chan,CostlyCorianders,3558481
2026-07-02T05:02:51.280126,2026-07-02T05:02:51.290106+00:00,106.8,39,ask,EarnestEspressos,CostlyCorianders,3558482
2026-07-02T05:02:52.308729,2026-07-02T05:02:52.320160+00:00,106.8,50,ask,EarnestEspressos,FlawlessFlatbreads,3558497
2026-07-02T05:02:52.367494,2026-07-02T05:02:52.380412+00:00,107.3,49,bid,CostlyCorianders,EarnestEspressos,3558498
2026-07-02T05:02:54.415049,2026-07-02T05:02:54.421529+00:00,107.0,50,ask,EarnestEspressos,FlawlessFlatbreads,3558545
2026-07-02T05:02:56.376363,2026-07-02T05:02:56.384618+00:00,107.0,49,ask,EarnestEspressos,CostlyCorianders,3558585
2026-07-02T05:02:56.469972,2026-07-02T05:02:56.478761+00:00,107.2,50,bid,FlawlessFlatbreads,DiligentDonuts,3558587
2026-07-02T05:02:56.659493,2026-07-02T05:02:56.669690+00:00,106.8,3,bid,Xuanyu Liu,EarnestEspressos,3558589
2026-07-02T05:02:57.306357,2026-07-02T05:02:57.317814+00:00,106.8,100,bid,DiligentDonuts,EarnestEspressos,3558595
2026-07-02T05:02:58.577978,2026-07-02T05:02:58.585768+00:00,106.8,47,bid,FlawlessFlatbreads,EarnestEspressos,3558631
2026-07-02T05:02:58.577978,2026-07-02T05:02:58.585768+00:00,107.3,3,bid,FlawlessFlatbreads,DiligentDonuts,3558632
2026-07-02T05:03:00.685714,2026-07-02T05:03:00.695481+00:00,107.0,50,bid,FlawlessFlatbreads,DiligentDonuts,3558661
2026-07-02T05:03:01.438741,2026-07-02T05:03:01.446898+00:00,106.9,3,ask,EarnestEspressos,Xuanyu Liu,3558677
2026-07-02T05:03:01.847818,2026-07-02T05:03:01.858613+00:00,106.9,43,ask,EarnestEspressos,CostlyCorianders,3558685
2026-07-02T05:03:02.842417,2026-07-02T05:03:02.853861+00:00,106.9,50,ask,EarnestEspressos,FlawlessFlatbreads,3558711
2026-07-02T05:03:03.499813,2026-07-02T05:03:03.507766+00:00,106.8,1,bid,Kelvin Chan,EarnestEspressos,3558723
2026-07-02T05:03:03.798283,2026-07-02T05:03:03.816461+00:00,106.8,48,bid,CostlyCorianders,EarnestEspressos,3558728
2026-07-02T05:03:03.806403,2026-07-02T05:03:03.816461+00:00,106.8,3,bid,Xuanyu Liu,EarnestEspressos,3558729
2026-07-02T05:03:04.949139,2026-07-02T05:03:04.955307+00:00,106.5,50,ask,DiligentDonuts,FlawlessFlatbreads,3558760
2026-07-02T05:03:07.055427,2026-07-02T05:03:07.066937+00:00,106.6,50,ask,EarnestEspressos,FlawlessFlatbreads,3558797
2026-07-02T05:03:09.070190,2026-07-02T05:03:09.079895+00:00,106.6,3,ask,EarnestEspressos,Xuanyu Liu,3558828
2026-07-02T05:03:09.162280,2026-07-02T05:03:09.184017+00:00,106.6,50,ask,EarnestEspressos,FlawlessFlatbreads,3558832
2026-07-02T05:03:10.381903,2026-07-02T05:03:10.390995+00:00,106.5,3,bid,Xuanyu Liu,EarnestEspressos,3558845
2026-07-02T05:03:11.267485,2026-07-02T05:03:11.278885+00:00,106.1,50,ask,DiligentDonuts,FlawlessFlatbreads,3558856
2026-07-02T05:03:13.375468,2026-07-02T05:03:13.386812+00:00,106.1,50,ask,DiligentDonuts,FlawlessFlatbreads,3558893
2026-07-02T05:03:15.417610,2026-07-02T05:03:15.425704+00:00,106.5,11,bid,Xuanyu Liu,EarnestEspressos,3558927
2026-07-02T05:03:15.481437,2026-07-02T05:03:15.492942+00:00,106.1,50,ask,DiligentDonuts,FlawlessFlatbreads,3558929
2026-07-02T05:03:16.306427,2026-07-02T05:03:16.317796+00:00,106.7,46,bid,CostlyCorianders,EarnestEspressos,3558950
2026-07-02T05:03:16.330656,2026-07-02T05:03:16.342317+00:00,106.2,100,ask,EarnestEspressos,DiligentDonuts,3558951
2026-07-02T05:03:17.587163,2026-07-02T05:03:17.598976+00:00,106.2,50,ask,EarnestEspressos,FlawlessFlatbreads,3558977
2026-07-02T05:03:18.785503,2026-07-02T05:03:18.796809+00:00,106.1,5,ask,Kelvin Chan,EarnestEspressos,3558997
2026-07-02T05:03:18.798082,2026-07-02T05:03:18.807517+00:00,106.1,4,bid,Xuanyu Liu,EarnestEspressos,3558998
2026-07-02T05:03:19.036631,2026-07-02T05:03:19.045251+00:00,106.1,31,bid,Xuanyu Liu,EarnestEspressos,3559004
2026-07-02T05:03:19.440488,2026-07-02T05:03:19.449493+00:00,106.1,100,bid,DiligentDonuts,EarnestEspressos,3559008
2026-07-02T05:03:19.695905,2026-07-02T05:03:19.707318+00:00,105.6,50,ask,EarnestEspressos,FlawlessFlatbreads,3559014
2026-07-02T05:03:20.931566,2026-07-02T05:03:20.942978+00:00,106.1,10,bid,CostlyCorianders,EarnestEspressos,3559039
2026-07-02T05:03:21.804525,2026-07-02T05:03:21.813307+00:00,105.6,50,ask,EarnestEspressos,FlawlessFlatbreads,3559059
2026-07-02T05:03:22.878487,2026-07-02T05:03:22.890065+00:00,106.3,46,bid,CostlyCorianders,EarnestEspressos,3559081
2026-07-02T05:03:23.910304,2026-07-02T05:03:23.921069+00:00,105.8,50,ask,EarnestEspressos,FlawlessFlatbreads,3559100
2026-07-02T05:03:24.033434,2026-07-02T05:03:24.044958+00:00,105.8,47,ask,EarnestEspressos,CostlyCorianders,3559101
2026-07-02T05:03:24.614303,2026-07-02T05:03:24.626075+00:00,105.8,48,ask,EarnestEspressos,CostlyCorianders,3559110
2026-07-02T05:03:25.104511,2026-07-02T05:03:25.125615+00:00,105.8,100,ask,DiligentDonuts,EarnestEspressos,3559119
2026-07-02T05:03:25.117045,2026-07-02T05:03:25.125615+00:00,105.8,11,bid,Xuanyu Liu,EarnestEspressos,3559120
2026-07-02T05:03:25.966653,2026-07-02T05:03:25.976342+00:00,105.8,39,bid,FlawlessFlatbreads,EarnestEspressos,3559135
2026-07-02T05:03:25.966653,2026-07-02T05:03:25.976342+00:00,105.8,11,bid,FlawlessFlatbreads,DiligentDonuts,3559136
2026-07-02T05:03:26.638380,2026-07-02T05:03:26.649846+00:00,105.8,3,bid,Kelvin Chan,DiligentDonuts,3559145
2026-07-02T05:03:26.711159,2026-07-02T05:03:26.722910+00:00,105.8,3,bid,Kelvin Chan,DiligentDonuts,3559148
2026-07-02T05:03:26.857110,2026-07-02T05:03:26.864484+00:00,105.8,3,bid,Kelvin Chan,DiligentDonuts,3559149
2026-07-02T05:03:27.003197,2026-07-02T05:03:27.010442+00:00,105.8,3,bid,Kelvin Chan,DiligentDonuts,3559152
2026-07-02T05:03:27.115311,2026-07-02T05:03:27.124797+00:00,105.8,3,bid,Kelvin Chan,DiligentDonuts,3559153
2026-07-02T05:03:27.987292,2026-07-02T05:03:27.996142+00:00,105.8,49,bid,CostlyCorianders,DiligentDonuts,3559170
2026-07-02T05:03:28.073500,2026-07-02T05:03:28.085033+00:00,105.8,25,bid,FlawlessFlatbreads,DiligentDonuts,3559174
2026-07-02T05:03:28.073500,2026-07-02T05:03:28.085033+00:00,106.3,2,bid,FlawlessFlatbreads,Kelvin Chan,3559175
2026-07-02T05:03:30.182106,2026-07-02T05:03:30.193741+00:00,106.0,50,bid,FlawlessFlatbreads,DiligentDonuts,3559208
2026-07-02T05:03:32.362396,2026-07-02T05:03:32.370799+00:00,105.9,2,ask,Kelvin Chan,FlawlessFlatbreads,3559246
2026-07-02T05:03:32.362396,2026-07-02T05:03:32.370799+00:00,105.9,48,ask,EarnestEspressos,FlawlessFlatbreads,3559247
2026-07-02T05:03:33.616211,2026-07-02T05:03:33.626174+00:00,106.2,3,bid,CostlyCorianders,Kelvin Chan,3559277
2026-07-02T05:03:33.616211,2026-07-02T05:03:33.626174+00:00,106.4,41,bid,CostlyCorianders,EarnestEspressos,3559278
2026-07-02T05:03:36.101358,2026-07-02T05:03:36.110136+00:00,106.1,46,ask,EarnestEspressos,CostlyCorianders,3559323
2026-07-02T05:03:38.226841,2026-07-02T05:03:38.238613+00:00,105.9,2,ask,Kelvin Chan,CostlyCorianders,3559361
2026-07-02T05:03:38.226841,2026-07-02T05:03:38.238613+00:00,105.9,46,ask,DiligentDonuts,CostlyCorianders,3559362
2026-07-02T05:03:38.791173,2026-07-02T05:03:38.800862+00:00,106.3,48,bid,CostlyCorianders,DiligentDonuts,3559364
2026-07-02T05:03:40.713534,2026-07-02T05:03:40.725275+00:00,106.3,47,bid,CostlyCorianders,DiligentDonuts,3559403
2026-07-02T05:03:41.830938,2026-07-02T05:03:41.839432+00:00,106.0,1,ask,Kelvin Chan,Xuanyu Liu,3559422
2026-07-02T05:03:42.745354,2026-07-02T05:03:42.754220+00:00,106.0,1,ask,Kelvin Chan,Xuanyu Liu,3559438
2026-07-02T05:03:42.801669,2026-07-02T05:03:42.811034+00:00,106.0,1,ask,Kelvin Chan,Xuanyu Liu,3559440
2026-07-02T05:03:42.853710,2026-07-02T05:03:42.865336+00:00,106.3,50,bid,FlawlessFlatbreads,EarnestEspressos,3559442
2026-07-02T05:03:43.018050,2026-07-02T05:03:43.025365+00:00,105.9,48,ask,DiligentDonuts,CostlyCorianders,3559444
2026-07-02T05:03:43.545093,2026-07-02T05:03:43.553291+00:00,106.0,1,ask,Kelvin Chan,Xuanyu Liu,3559453
2026-07-02T05:03:43.574311,2026-07-02T05:03:43.583460+00:00,105.9,44,ask,DiligentDonuts,CostlyCorianders,3559455
2026-07-02T05:03:43.653449,2026-07-02T05:03:43.661389+00:00,106.0,1,ask,Kelvin Chan,Xuanyu Liu,3559458
2026-07-02T05:03:43.701657,2026-07-02T05:03:43.709062+00:00,106.0,1,ask,Kelvin Chan,Xuanyu Liu,3559460
2026-07-02T05:03:43.735867,2026-07-02T05:03:43.742819+00:00,106.0,1,ask,Kelvin Chan,Xuanyu Liu,3559464
2026-07-02T05:03:43.770293,2026-07-02T05:03:43.777613+00:00,106.0,1,ask,Kelvin Chan,Xuanyu Liu,3559466
2026-07-02T05:03:45.939456,2026-07-02T05:03:45.946498+00:00,106.0,49,bid,CostlyCorianders,DiligentDonuts,3559505
2026-07-02T05:03:49.240530,2026-07-02T05:03:49.258551+00:00,105.9,50,ask,EarnestEspressos,FlawlessFlatbreads,3559558
2026-07-02T05:03:53.398254,2026-07-02T05:03:53.409328+00:00,106.2,50,bid,FlawlessFlatbreads,EarnestEspressos,3559655
2026-07-02T05:03:53.792747,2026-07-02T05:03:53.802245+00:00,106.3,3,bid,CostlyCorianders,Kelvin Chan,3559680
2026-07-02T05:03:53.792747,2026-07-02T05:03:53.802245+00:00,106.3,46,bid,CostlyCorianders,DiligentDonuts,3559681
2026-07-02T05:03:55.445564,2026-07-02T05:03:55.458600+00:00,106.1,48,ask,DiligentDonuts,CostlyCorianders,3559725
2026-07-02T05:03:55.507863,2026-07-02T05:03:55.519363+00:00,106.5,50,bid,FlawlessFlatbreads,EarnestEspressos,3559727
2026-07-02T05:03:56.697680,2026-07-02T05:03:56.707059+00:00,106.2,3,ask,EarnestEspressos,Xuanyu Liu,3559754
2026-07-02T05:03:57.561684,2026-07-02T05:03:57.570294+00:00,106.2,35,ask,EarnestEspressos,Xuanyu Liu,3559774
2026-07-02T05:03:57.614711,2026-07-02T05:03:57.621623+00:00,106.4,50,bid,FlawlessFlatbreads,DiligentDonuts,3559776
2026-07-02T05:03:59.627048,2026-07-02T05:03:59.636360+00:00,106.2,44,ask,EarnestEspressos,CostlyCorianders,3559816
2026-07-02T05:03:59.720446,2026-07-02T05:03:59.732075+00:00,106.4,50,bid,FlawlessFlatbreads,DiligentDonuts,3559820
2026-07-02T05:04:01.197612,2026-07-02T05:04:01.204760+00:00,106.3,47,bid,CostlyCorianders,EarnestEspressos,3559850
2026-07-02T05:04:01.252980,2026-07-02T05:04:01.264856+00:00,105.9,5,ask,Kelvin Chan,CostlyCorianders,3559851
2026-07-02T05:04:01.252980,2026-07-02T05:04:01.264856+00:00,105.9,44,ask,DiligentDonuts,CostlyCorianders,3559852
2026-07-02T05:04:01.828449,2026-07-02T05:04:01.835252+00:00,106.3,50,bid,FlawlessFlatbreads,EarnestEspressos,3559861
2026-07-02T05:04:03.933897,2026-07-02T05:04:03.941586+00:00,106.4,50,bid,FlawlessFlatbreads,DiligentDonuts,3559907
2026-07-02T05:04:05.535527,2026-07-02T05:04:05.543904+00:00,106.3,1,bid,CostlyCorianders,Kelvin Chan,3559939
2026-07-02T05:04:05.535527,2026-07-02T05:04:05.543904+00:00,106.4,42,bid,CostlyCorianders,DiligentDonuts,3559940
2026-07-02T05:04:06.093672,2026-07-02T05:04:06.105329+00:00,106.1,50,ask,EarnestEspressos,FlawlessFlatbreads,3559950
2026-07-02T05:04:08.200806,2026-07-02T05:04:08.208407+00:00,106.1,50,ask,DiligentDonuts,FlawlessFlatbreads,3559990
2026-07-02T05:04:11.098579,2026-07-02T05:04:11.106194+00:00,105.9,43,ask,EarnestEspressos,CostlyCorianders,3560046
2026-07-02T05:04:13.064036,2026-07-02T05:04:13.074249+00:00,106.1,1,bid,Kelvin Chan,EarnestEspressos,3560085
2026-07-02T05:04:14.346275,2026-07-02T05:04:14.353037+00:00,106.1,43,bid,CostlyCorianders,EarnestEspressos,3560101
2026-07-02T05:04:14.519578,2026-07-02T05:04:14.529076+00:00,106.0,1,ask,Kelvin Chan,FlawlessFlatbreads,3560103
2026-07-02T05:04:14.519578,2026-07-02T05:04:14.529076+00:00,105.9,49,ask,DiligentDonuts,FlawlessFlatbreads,3560104
2026-07-02T05:04:16.349098,2026-07-02T05:04:16.355401+00:00,106.0,1,ask,Kelvin Chan,CostlyCorianders,3560147
2026-07-02T05:04:16.349098,2026-07-02T05:04:16.355401+00:00,105.9,41,ask,EarnestEspressos,CostlyCorianders,3560148
2026-07-02T05:04:16.626071,2026-07-02T05:04:16.637457+00:00,105.9,50,ask,EarnestEspressos,FlawlessFlatbreads,3560152
2026-07-02T05:04:16.951709,2026-07-02T05:04:16.957924+00:00,105.9,49,ask,EarnestEspressos,CostlyCorianders,3560154
2026-07-02T05:04:18.680311,2026-07-02T05:04:18.689896+00:00,106.3,50,bid,FlawlessFlatbreads,DiligentDonuts,3560204
2026-07-02T05:04:18.860357,2026-07-02T05:04:18.871897+00:00,106.0,5,ask,Kelvin Chan,EarnestEspressos,3560208
2026-07-02T05:04:18.860357,2026-07-02T05:04:18.871897+00:00,105.8,100,ask,DiligentDonuts,EarnestEspressos,3560209
2026-07-02T05:04:18.873159,2026-07-02T05:04:18.881358+00:00,105.7,11,bid,Xuanyu Liu,EarnestEspressos,3560210
2026-07-02T05:04:18.882430,2026-07-02T05:04:18.890212+00:00,105.7,12,bid,Xuanyu Liu,EarnestEspressos,3560212
2026-07-02T05:04:19.075973,2026-07-02T05:04:19.086045+00:00,105.7,9,bid,Xuanyu Liu,EarnestEspressos,3560221
2026-07-02T05:04:19.127808,2026-07-02T05:04:19.136744+00:00,105.7,3,bid,Xuanyu Liu,EarnestEspressos,3560223
2026-07-02T05:04:20.363937,2026-07-02T05:04:20.374884+00:00,105.7,5,bid,Kelvin Chan,EarnestEspressos,3560243
2026-07-02T05:04:20.572334,2026-07-02T05:04:20.582887+00:00,105.7,5,bid,Kelvin Chan,EarnestEspressos,3560244
2026-07-02T05:04:20.785918,2026-07-02T05:04:20.793876+00:00,106.0,50,bid,FlawlessFlatbreads,DiligentDonuts,3560246
2026-07-02T05:04:20.970299,2026-07-02T05:04:20.979997+00:00,105.9,5,ask,Kelvin Chan,Xuanyu Liu,3560251
2026-07-02T05:04:21.049052,2026-07-02T05:04:21.057584+00:00,105.9,5,ask,Kelvin Chan,Xuanyu Liu,3560255
2026-07-02T05:04:21.130416,2026-07-02T05:04:21.138548+00:00,105.9,2,ask,Kelvin Chan,Xuanyu Liu,3560258
2026-07-02T05:04:21.180305,2026-07-02T05:04:21.187871+00:00,105.9,3,ask,Kelvin Chan,Xuanyu Liu,3560261
2026-07-02T05:04:21.579411,2026-07-02T05:04:21.590941+00:00,106.0,47,bid,CostlyCorianders,DiligentDonuts,3560268
2026-07-02T05:04:22.492703,2026-07-02T05:04:22.501003+00:00,106.0,3,bid,Xuanyu Liu,DiligentDonuts,3560299
2026-07-02T05:04:22.715825,2026-07-02T05:04:22.724687+00:00,106.3,100,bid,DiligentDonuts,EarnestEspressos,3560307
2026-07-02T05:04:22.892941,2026-07-02T05:04:22.904764+00:00,106.3,50,bid,FlawlessFlatbreads,EarnestEspressos,3560314
2026-07-02T05:04:24.759607,2026-07-02T05:04:24.771110+00:00,106.8,46,bid,CostlyCorianders,DiligentDonuts,3560343
2026-07-02T05:04:25.000532,2026-07-02T05:04:25.011244+00:00,106.2,3,bid,FlawlessFlatbreads,Kelvin Chan,3560355
2026-07-02T05:04:25.000532,2026-07-02T05:04:25.011244+00:00,106.8,47,bid,FlawlessFlatbreads,DiligentDonuts,3560356
2026-07-02T05:04:25.174917,2026-07-02T05:04:25.188642+00:00,106.7,4,ask,EarnestEspressos,Xuanyu Liu,3560361
2026-07-02T05:04:25.189798,2026-07-02T05:04:25.199404+00:00,106.7,33,ask,EarnestEspressos,Xuanyu Liu,3560363
2026-07-02T05:04:25.932359,2026-07-02T05:04:25.944034+00:00,106.7,100,ask,EarnestEspressos,DiligentDonuts,3560386
2026-07-02T05:04:27.107040,2026-07-02T05:04:27.118710+00:00,107.2,50,bid,FlawlessFlatbreads,EarnestEspressos,3560407
2026-07-02T05:04:28.212403,2026-07-02T05:04:28.224141+00:00,106.7,13,ask,EarnestEspressos,CostlyCorianders,3560432
2026-07-02T05:04:28.212403,2026-07-02T05:04:28.224141+00:00,106.2,27,ask,DiligentDonuts,CostlyCorianders,3560433
2026-07-02T05:04:29.235150,2026-07-02T05:04:29.244784+00:00,106.7,50,bid,FlawlessFlatbreads,EarnestEspressos,3560458
2026-07-02T05:04:31.341119,2026-07-02T05:04:31.348507+00:00,106.5,5,bid,FlawlessFlatbreads,Kelvin Chan,3560502
2026-07-02T05:04:31.341119,2026-07-02T05:04:31.348507+00:00,106.7,45,bid,FlawlessFlatbreads,EarnestEspressos,3560503
2026-07-02T05:04:32.302437,2026-07-02T05:04:32.315295+00:00,106.4,44,ask,EarnestEspressos,CostlyCorianders,3560527
2026-07-02T05:04:34.304080,2026-07-02T05:04:34.311564+00:00,106.4,43,ask,EarnestEspressos,CostlyCorianders,3560579
2026-07-02T05:04:35.250134,2026-07-02T05:04:35.256398+00:00,106.7,41,bid,CostlyCorianders,DiligentDonuts,3560591
2026-07-02T05:04:35.556293,2026-07-02T05:04:35.563613+00:00,106.7,50,bid,FlawlessFlatbreads,EarnestEspressos,3560600
2026-07-02T05:04:37.664562,2026-07-02T05:04:37.675952+00:00,106.7,50,bid,FlawlessFlatbreads,EarnestEspressos,3560648
2026-07-02T05:04:39.771797,2026-07-02T05:04:39.779799+00:00,106.8,50,bid,FlawlessFlatbreads,DiligentDonuts,3560695
2026-07-02T05:04:40.890281,2026-07-02T05:04:40.901345+00:00,106.6,3,ask,EarnestEspressos,Kelvin Chan,3560711
2026-07-02T05:04:41.940440,2026-07-02T05:04:41.948534+00:00,106.6,50,ask,EarnestEspressos,FlawlessFlatbreads,3560728
2026-07-02T05:04:42.075671,2026-07-02T05:04:42.086175+00:00,106.6,43,ask,EarnestEspressos,CostlyCorianders,3560730
2026-07-02T05:04:42.164979,2026-07-02T05:04:42.173936+00:00,106.6,14,ask,EarnestEspressos,Xuanyu Liu,3560734
2026-07-02T05:04:42.221653,2026-07-02T05:04:42.231878+00:00,106.6,25,ask,EarnestEspressos,Lachlan Han,3560736
2026-07-02T05:04:42.432720,2026-07-02T05:04:42.444193+00:00,106.6,18,ask,EarnestEspressos,Lachlan Han,3560742
2026-07-02T05:04:43.475937,2026-07-02T05:04:43.486927+00:00,106.7,3,bid,Xuanyu Liu,Kelvin Chan,3560776
2026-07-02T05:04:43.614126,2026-07-02T05:04:43.622766+00:00,106.7,4,bid,Xuanyu Liu,Kelvin Chan,3560783
2026-07-02T05:04:43.762488,2026-07-02T05:04:43.772227+00:00,106.7,4,bid,Xuanyu Liu,Kelvin Chan,3560788
2026-07-02T05:04:44.048048,2026-07-02T05:04:44.063634+00:00,106.4,1,ask,Kelvin Chan,FlawlessFlatbreads,3560797
2026-07-02T05:04:44.048048,2026-07-02T05:04:44.063634+00:00,106.4,49,ask,DiligentDonuts,FlawlessFlatbreads,3560798
2026-07-02T05:04:44.213130,2026-07-02T05:04:44.224525+00:00,106.5,3,bid,Xuanyu Liu,EarnestEspressos,3560802
2026-07-02T05:04:44.250546,2026-07-02T05:04:44.257258+00:00,106.5,25,bid,Lachlan Han,EarnestEspressos,3560805
2026-07-02T05:04:45.717441,2026-07-02T05:04:45.729083+00:00,106.5,43,bid,CostlyCorianders,EarnestEspressos,3560837
2026-07-02T05:04:46.159005,2026-07-02T05:04:46.174160+00:00,106.4,3,ask,Kelvin Chan,FlawlessFlatbreads,3560849
2026-07-02T05:04:46.159005,2026-07-02T05:04:46.174160+00:00,106.3,47,ask,DiligentDonuts,FlawlessFlatbreads,3560850
2026-07-02T05:04:47.293301,2026-07-02T05:04:47.300366+00:00,106.7,1,bid,CostlyCorianders,Kelvin Chan,3560881
2026-07-02T05:04:47.293301,2026-07-02T05:04:47.305598+00:00,106.8,46,bid,CostlyCorianders,DiligentDonuts,3560882
2026-07-02T05:04:48.266832,2026-07-02T05:04:48.278463+00:00,106.4,50,ask,DiligentDonuts,FlawlessFlatbreads,3560900
2026-07-02T05:04:50.322236,2026-07-02T05:04:50.333916+00:00,106.8,50,bid,FlawlessFlatbreads,EarnestEspressos,3560947
2026-07-02T05:04:51.485416,2026-07-02T05:04:51.492210+00:00,106.4,6,ask,Kelvin Chan,CostlyCorianders,3560962
2026-07-02T05:04:51.485416,2026-07-02T05:04:51.497499+00:00,106.3,35,ask,EarnestEspressos,CostlyCorianders,3560963
2026-07-02T05:04:52.420662,2026-07-02T05:04:52.432329+00:00,106.6,44,bid,CostlyCorianders,DiligentDonuts,3560976
2026-07-02T05:04:52.449482,2026-07-02T05:04:52.455653+00:00,106.6,50,bid,FlawlessFlatbreads,DiligentDonuts,3560978
2026-07-02T05:04:54.363681,2026-07-02T05:04:54.375247+00:00,106.4,4,ask,Kelvin Chan,CostlyCorianders,3561029
2026-07-02T05:04:54.363681,2026-07-02T05:04:54.375247+00:00,106.4,40,ask,DiligentDonuts,CostlyCorianders,3561030
2026-07-02T05:04:54.555276,2026-07-02T05:04:54.566552+00:00,106.7,50,bid,FlawlessFlatbreads,EarnestEspressos,3561034
2026-07-02T05:04:56.660846,2026-07-02T05:04:56.669393+00:00,106.7,50,bid,FlawlessFlatbreads,EarnestEspressos,3561058
2026-07-02T05:04:56.811287,2026-07-02T05:04:56.818823+00:00,106.7,1,bid,EarnestEspressos,Kelvin Chan,3561063
2026-07-02T05:04:56.825146,2026-07-02T05:04:56.834557+00:00,106.7,3,ask,EarnestEspressos,Xuanyu Liu,3561064
2026-07-02T05:04:56.878475,2026-07-02T05:04:56.889862+00:00,106.7,25,ask,EarnestEspressos,Lachlan Han,3561066
2026-07-02T05:04:57.017176,2026-07-02T05:04:57.028892+00:00,106.9,41,bid,CostlyCorianders,DiligentDonuts,3561069
2026-07-02T05:04:57.088432,2026-07-02T05:04:57.095126+00:00,106.7,25,ask,EarnestEspressos,Lachlan Han,3561072
2026-07-02T05:04:57.296525,2026-07-02T05:04:57.308212+00:00,106.7,25,ask,EarnestEspressos,Lachlan Han,3561082
2026-07-02T05:04:57.507295,2026-07-02T05:04:57.518293+00:00,106.7,25,ask,EarnestEspressos,Lachlan Han,3561085
2026-07-02T05:04:57.717684,2026-07-02T05:04:57.729077+00:00,106.7,25,ask,EarnestEspressos,Lachlan Han,3561088
2026-07-02T05:04:57.790445,2026-07-02T05:04:57.800883+00:00,106.7,3,ask,EarnestEspressos,Kelvin Chan,3561092
2026-07-02T05:04:58.768414,2026-07-02T05:04:58.779838+00:00,106.9,50,bid,FlawlessFlatbreads,DiligentDonuts,3561115
2026-07-02T05:05:00.878044,2026-07-02T05:05:00.889568+00:00,106.7,50,bid,FlawlessFlatbreads,EarnestEspressos,3561154
2026-07-02T05:05:02.984710,2026-07-02T05:05:02.996269+00:00,106.7,50,bid,FlawlessFlatbreads,EarnestEspressos,3561183
2026-07-02T05:05:04.059363,2026-07-02T05:05:04.070907+00:00,106.6,47,ask,DiligentDonuts,CostlyCorianders,3561224
2026-07-02T05:05:04.541780,2026-07-02T05:05:04.550788+00:00,106.6,25,ask,DiligentDonuts,Lachlan Han,3561232
2026-07-02T05:05:04.751286,2026-07-02T05:05:04.758577+00:00,106.6,25,ask,DiligentDonuts,Lachlan Han,3561240
2026-07-02T05:05:04.960554,2026-07-02T05:05:04.968799+00:00,106.6,3,ask,DiligentDonuts,Lachlan Han,3561245
2026-07-02T05:05:05.092566,2026-07-02T05:05:05.103930+00:00,107.0,50,bid,FlawlessFlatbreads,EarnestEspressos,3561249
2026-07-02T05:05:06.802911,2026-07-02T05:05:06.813185+00:00,106.7,11,ask,EarnestEspressos,Xuanyu Liu,3561285
2026-07-02T05:05:07.046667,2026-07-02T05:05:07.058468+00:00,106.7,100,ask,EarnestEspressos,DiligentDonuts,3561288
2026-07-02T05:05:07.199828,2026-07-02T05:05:07.209748+00:00,106.8,2,bid,FlawlessFlatbreads,Kelvin Chan,3561295
2026-07-02T05:05:07.199828,2026-07-02T05:05:07.209748+00:00,107.2,48,bid,FlawlessFlatbreads,EarnestEspressos,3561296
2026-07-02T05:05:07.208614,2026-07-02T05:05:07.219986+00:00,106.7,39,ask,EarnestEspressos,CostlyCorianders,3561297
2026-07-02T05:05:07.208614,2026-07-02T05:05:07.219986+00:00,106.5,1,ask,Kelvin Chan,CostlyCorianders,3561298
2026-07-02T05:05:09.307279,2026-07-02T05:05:09.310576+00:00,107.2,50,bid,FlawlessFlatbreads,EarnestEspressos,3561335
2026-07-02T05:05:11.018754,2026-07-02T05:05:11.026386+00:00,106.8,1,bid,Xuanyu Liu,Kelvin Chan,3561376
2026-07-02T05:05:11.415043,2026-07-02T05:05:11.417570+00:00,107.1,50,bid,FlawlessFlatbreads,EarnestEspressos,3561386
2026-07-02T05:05:12.010585,2026-07-02T05:05:12.018365+00:00,106.8,1,bid,Xuanyu Liu,Kelvin Chan,3561399
2026-07-02T05:05:12.301512,2026-07-02T05:05:12.311066+00:00,106.9,1,bid,EarnestEspressos,Kelvin Chan,3561403
2026-07-02T05:05:12.619380,2026-07-02T05:05:12.629440+00:00,106.9,1,bid,Xuanyu Liu,Kelvin Chan,3561409
2026-07-02T05:05:12.652330,2026-07-02T05:05:12.658542+00:00,107.0,1,ask,EarnestEspressos,Kelvin Chan,3561410
2026-07-02T05:05:12.859664,2026-07-02T05:05:12.867797+00:00,107.0,3,ask,EarnestEspressos,Xuanyu Liu,3561413
2026-07-02T05:05:12.996958,2026-07-02T05:05:13.008375+00:00,107.0,1,ask,EarnestEspressos,Kelvin Chan,3561417
2026-07-02T05:05:13.080842,2026-07-02T05:05:13.092233+00:00,107.1,48,bid,CostlyCorianders,DiligentDonuts,3561418
2026-07-02T05:05:13.203758,2026-07-02T05:05:13.214210+00:00,107.0,1,ask,EarnestEspressos,Kelvin Chan,3561420
2026-07-02T05:05:15.261189,2026-07-02T05:05:15.267776+00:00,107.0,5,ask,EarnestEspressos,Xuanyu Liu,3561465
2026-07-02T05:05:15.629861,2026-07-02T05:05:15.641264+00:00,107.4,50,bid,FlawlessFlatbreads,DiligentDonuts,3561475
2026-07-02T05:05:16.501826,2026-07-02T05:05:16.510781+00:00,107.0,7,ask,DiligentDonuts,Xuanyu Liu,3561493
2026-07-02T05:05:17.347561,2026-07-02T05:05:17.355659+00:00,107.0,48,ask,DiligentDonuts,CostlyCorianders,3561509
2026-07-02T05:05:17.738490,2026-07-02T05:05:17.749993+00:00,107.4,50,bid,FlawlessFlatbreads,DiligentDonuts,3561525
2026-07-02T05:05:17.867821,2026-07-02T05:05:17.879162+00:00,107.4,40,bid,CostlyCorianders,EarnestEspressos,3561527
2026-07-02T05:05:18.870092,2026-07-02T05:05:18.879625+00:00,107.0,40,ask,DiligentDonuts,CostlyCorianders,3561540
2026-07-02T05:05:18.959505,2026-07-02T05:05:18.969436+00:00,107.2,11,ask,EarnestEspressos,Xuanyu Liu,3561545
2026-07-02T05:05:19.283346,2026-07-02T05:05:19.289949+00:00,107.2,4,ask,EarnestEspressos,Kelvin Chan,3561549
2026-07-02T05:05:19.501267,2026-07-02T05:05:19.510574+00:00,107.2,44,ask,EarnestEspressos,CostlyCorianders,3561552
2026-07-02T05:05:19.743445,2026-07-02T05:05:19.752027+00:00,107.2,4,ask,EarnestEspressos,Kelvin Chan,3561556
2026-07-02T05:05:19.844889,2026-07-02T05:05:19.856581+00:00,107.3,50,bid,FlawlessFlatbreads,DiligentDonuts,3561558
2026-07-02T05:05:20.125678,2026-07-02T05:05:20.133438+00:00,107.2,12,ask,EarnestEspressos,Xuanyu Liu,3561571
2026-07-02T05:05:20.154533,2026-07-02T05:05:20.162130+00:00,107.3,44,bid,CostlyCorianders,DiligentDonuts,3561573
2026-07-02T05:05:20.750979,2026-07-02T05:05:20.755492+00:00,107.2,3,ask,EarnestEspressos,Kelvin Chan,3561578
2026-07-02T05:05:21.532141,2026-07-02T05:05:21.540856+00:00,107.2,11,ask,EarnestEspressos,Xuanyu Liu,3561605
2026-07-02T05:05:21.954844,2026-07-02T05:05:21.958554+00:00,107.3,6,bid,FlawlessFlatbreads,DiligentDonuts,3561615
2026-07-02T05:05:21.954844,2026-07-02T05:05:21.958554+00:00,107.7,44,bid,FlawlessFlatbreads,EarnestEspressos,3561616
2026-07-02T05:05:23.255271,2026-07-02T05:05:23.266607+00:00,107.0,48,ask,DiligentDonuts,CostlyCorianders,3561647
2026-07-02T05:05:24.061482,2026-07-02T05:05:24.073146+00:00,107.4,50,bid,FlawlessFlatbreads,EarnestEspressos,3561662
2026-07-02T05:05:24.871168,2026-07-02T05:05:24.877443+00:00,107.4,49,bid,CostlyCorianders,EarnestEspressos,3561673
2026-07-02T05:05:25.287423,2026-07-02T05:05:25.299040+00:00,107.5,100,bid,EarnestEspressos,DiligentDonuts,3561686
2026-07-02T05:05:25.359552,2026-07-02T05:05:25.368758+00:00,107.6,23,ask,EarnestEspressos,Xuanyu Liu,3561687
2026-07-02T05:05:25.828324,2026-07-02T05:05:25.839296+00:00,107.6,5,ask,EarnestEspressos,Kelvin Chan,3561696
2026-07-02T05:05:26.051216,2026-07-02T05:05:26.044449+00:00,107.6,5,ask,EarnestEspressos,Kelvin Chan,3561699
2026-07-02T05:05:26.145213,2026-07-02T05:05:26.151854+00:00,107.6,5,ask,EarnestEspressos,Kelvin Chan,3561701
2026-07-02T05:05:26.169362,2026-07-02T05:05:26.175893+00:00,108.0,50,bid,FlawlessFlatbreads,DiligentDonuts,3561704
2026-07-02T05:05:26.335249,2026-07-02T05:05:26.345537+00:00,107.6,5,ask,EarnestEspressos,Kelvin Chan,3561706
2026-07-02T05:05:27.149129,2026-07-02T05:05:27.160902+00:00,107.6,5,ask,EarnestEspressos,Kelvin Chan,3561724
2026-07-02T05:05:27.209553,2026-07-02T05:05:27.220973+00:00,107.6,2,ask,EarnestEspressos,Lachlan Han,3561725
2026-07-02T05:05:27.402778,2026-07-02T05:05:27.412919+00:00,107.5,46,ask,DiligentDonuts,CostlyCorianders,3561735
2026-07-02T05:05:28.276972,2026-07-02T05:05:28.285592+00:00,108.0,50,bid,FlawlessFlatbreads,DiligentDonuts,3561753
2026-07-02T05:05:28.501241,2026-07-02T05:05:28.512836+00:00,107.5,54,ask,DiligentDonuts,EarnestEspressos,3561756
2026-07-02T05:05:28.594558,2026-07-02T05:05:28.604405+00:00,107.5,12,bid,Xuanyu Liu,EarnestEspressos,3561758
2026-07-02T05:05:28.946292,2026-07-02T05:05:28.952558+00:00,107.0,41,ask,EarnestEspressos,CostlyCorianders,3561772
2026-07-02T05:05:29.157480,2026-07-02T05:05:29.168981+00:00,107.5,84,bid,DiligentDonuts,EarnestEspressos,3561776
2026-07-02T05:05:29.593634,2026-07-02T05:05:29.605234+00:00,108.0,47,bid,CostlyCorianders,DiligentDonuts,3561786
2026-07-02T05:05:30.437496,2026-07-02T05:05:30.449006+00:00,107.5,16,ask,DiligentDonuts,FlawlessFlatbreads,3561796
2026-07-02T05:05:30.437496,2026-07-02T05:05:30.449006+00:00,107.0,34,ask,EarnestEspressos,FlawlessFlatbreads,3561797
2026-07-02T05:05:32.112442,2026-07-02T05:05:32.124105+00:00,107.2,3,ask,Kelvin Chan,CostlyCorianders,3561831
2026-07-02T05:05:32.112442,2026-07-02T05:05:32.124105+00:00,107.2,42,ask,EarnestEspressos,CostlyCorianders,3561832
2026-07-02T05:05:32.546412,2026-07-02T05:05:32.558595+00:00,107.2,50,ask,EarnestEspressos,FlawlessFlatbreads,3561839
2026-07-02T05:05:32.612302,2026-07-02T05:05:32.619873+00:00,107.5,2,bid,CostlyCorianders,Kelvin Chan,3561841
2026-07-02T05:05:32.612302,2026-07-02T05:05:32.625202+00:00,107.6,46,bid,CostlyCorianders,DiligentDonuts,3561842
2026-07-02T05:05:33.619395,2026-07-02T05:05:33.628419+00:00,107.2,40,ask,EarnestEspressos,CostlyCorianders,3561866
2026-07-02T05:05:34.250483,2026-07-02T05:05:34.256678+00:00,107.2,18,ask,EarnestEspressos,CostlyCorianders,3561876
2026-07-02T05:05:34.660956,2026-07-02T05:05:34.672212+00:00,107.1,50,ask,DiligentDonuts,FlawlessFlatbreads,3561887
2026-07-02T05:05:34.755273,2026-07-02T05:05:34.766847+00:00,107.5,4,bid,CostlyCorianders,Kelvin Chan,3561892
2026-07-02T05:05:34.755273,2026-07-02T05:05:34.766847+00:00,107.6,43,bid,CostlyCorianders,DiligentDonuts,3561893
2026-07-02T05:05:34.833812,2026-07-02T05:05:34.845087+00:00,107.2,1,ask,Kelvin Chan,Lachlan Han,3561897
2026-07-02T05:05:34.837497,2026-07-02T05:05:34.845087+00:00,107.1,50,ask,DiligentDonuts,EarnestEspressos,3561898
2026-07-02T05:05:34.846513,2026-07-02T05:05:34.853629+00:00,107.1,22,bid,Xuanyu Liu,EarnestEspressos,3561900
2026-07-02T05:05:35.481002,2026-07-02T05:05:35.490300+00:00,107.1,78,bid,DiligentDonuts,EarnestEspressos,3561917
2026-07-02T05:05:35.932271,2026-07-02T05:05:35.939285+00:00,107.1,22,ask,DiligentDonuts,CostlyCorianders,3561924
2026-07-02T05:05:36.439768,2026-07-02T05:05:36.449313+00:00,107.2,3,ask,Kelvin Chan,CostlyCorianders,3561934
2026-07-02T05:05:36.773563,2026-07-02T05:05:36.780398+00:00,107.2,4,ask,Kelvin Chan,FlawlessFlatbreads,3561944
2026-07-02T05:05:36.773563,2026-07-02T05:05:36.785634+00:00,106.6,46,ask,EarnestEspressos,FlawlessFlatbreads,3561945
2026-07-02T05:05:37.372523,2026-07-02T05:05:37.383929+00:00,107.5,1,bid,CostlyCorianders,Kelvin Chan,3561949
2026-07-02T05:05:37.372523,2026-07-02T05:05:37.383929+00:00,107.6,41,bid,CostlyCorianders,DiligentDonuts,3561950
2026-07-02T05:05:38.910116,2026-07-02T05:05:38.920282+00:00,107.2,3,ask,Kelvin Chan,FlawlessFlatbreads,3561984
2026-07-02T05:05:38.910116,2026-07-02T05:05:38.920282+00:00,107.0,47,ask,EarnestEspressos,FlawlessFlatbreads,3561985
2026-07-02T05:05:38.952665,2026-07-02T05:05:38.959445+00:00,107.5,2,bid,CostlyCorianders,Kelvin Chan,3561986
2026-07-02T05:05:38.952665,2026-07-02T05:05:38.964633+00:00,107.5,39,bid,CostlyCorianders,EarnestEspressos,3561987
2026-07-02T05:05:39.008871,2026-07-02T05:05:39.020332+00:00,107.0,42,ask,EarnestEspressos,CostlyCorianders,3561992
2026-07-02T05:05:41.017859,2026-07-02T05:05:41.024911+00:00,107.2,2,ask,Kelvin Chan,FlawlessFlatbreads,3562028
2026-07-02T05:05:41.017859,2026-07-02T05:05:41.030178+00:00,107.0,48,ask,EarnestEspressos,FlawlessFlatbreads,3562029
2026-07-02T05:05:41.279245,2026-07-02T05:05:41.289780+00:00,107.2,2,bid,Kelvin Chan,EarnestEspressos,3562032
2026-07-02T05:05:41.536382,2026-07-02T05:05:41.543727+00:00,107.2,1,bid,Kelvin Chan,EarnestEspressos,3562034
2026-07-02T05:05:41.563617,2026-07-02T05:05:41.575014+00:00,107.2,1,bid,Kelvin Chan,EarnestEspressos,3562035
2026-07-02T05:05:41.590595,2026-07-02T05:05:41.597739+00:00,107.2,1,bid,Kelvin Chan,EarnestEspressos,3562036
2026-07-02T05:05:41.626203,2026-07-02T05:05:41.634071+00:00,107.2,1,bid,Kelvin Chan,EarnestEspressos,3562037
2026-07-02T05:05:41.856630,2026-07-02T05:05:41.857831+00:00,107.1,1,ask,Kelvin Chan,Lachlan Han,3562042
2026-07-02T05:05:42.526420,2026-07-02T05:05:42.534225+00:00,107.2,12,bid,Xuanyu Liu,EarnestEspressos,3562063
2026-07-02T05:05:43.133203,2026-07-02T05:05:43.140397+00:00,106.9,50,ask,DiligentDonuts,FlawlessFlatbreads,3562073
2026-07-02T05:05:45.240724,2026-07-02T05:05:45.252361+00:00,107.1,4,ask,Kelvin Chan,FlawlessFlatbreads,3562102
2026-07-02T05:05:45.240724,2026-07-02T05:05:45.252361+00:00,106.8,46,ask,EarnestEspressos,FlawlessFlatbreads,3562103
2026-07-02T05:05:46.614030,2026-07-02T05:05:46.622523+00:00,107.3,43,bid,CostlyCorianders,EarnestEspressos,3562139
2026-07-02T05:05:46.667422,2026-07-02T05:05:46.679139+00:00,107.1,1,ask,Kelvin Chan,CostlyCorianders,3562140
2026-07-02T05:05:46.667422,2026-07-02T05:05:46.679139+00:00,106.8,48,ask,EarnestEspressos,CostlyCorianders,3562141
2026-07-02T05:05:47.349718,2026-07-02T05:05:47.353807+00:00,106.8,50,ask,EarnestEspressos,FlawlessFlatbreads,3562155
2026-07-02T05:05:47.492363,2026-07-02T05:05:47.506565+00:00,106.9,23,bid,Xuanyu Liu,EarnestEspressos,3562156
2026-07-02T05:05:49.075808,2026-07-02T05:05:49.083835+00:00,106.9,14,bid,Xuanyu Liu,EarnestEspressos,3562182
2026-07-02T05:05:49.290828,2026-07-02T05:05:49.302381+00:00,106.9,49,bid,CostlyCorianders,EarnestEspressos,3562191
2026-07-02T05:05:49.456825,2026-07-02T05:05:49.468367+00:00,106.7,50,ask,DiligentDonuts,FlawlessFlatbreads,3562196
2026-07-02T05:05:51.401827,2026-07-02T05:05:51.409906+00:00,106.9,4,ask,Kelvin Chan,Xuanyu Liu,3562225
2026-07-02T05:05:51.481796,2026-07-02T05:05:51.489335+00:00,106.9,4,ask,Kelvin Chan,Xuanyu Liu,3562227
2026-07-02T05:05:51.572440,2026-07-02T05:05:51.585726+00:00,106.6,50,ask,EarnestEspressos,FlawlessFlatbreads,3562231
2026-07-02T05:05:53.680435,2026-07-02T05:05:53.691884+00:00,106.9,1,ask,Kelvin Chan,FlawlessFlatbreads,3562275
2026-07-02T05:05:53.680435,2026-07-02T05:05:53.691884+00:00,106.6,49,ask,EarnestEspressos,FlawlessFlatbreads,3562276
2026-07-02T05:05:55.790553,2026-07-02T05:05:55.801948+00:00,106.8,1,ask,Kelvin Chan,FlawlessFlatbreads,3562304
2026-07-02T05:05:55.790553,2026-07-02T05:05:55.801948+00:00,106.7,49,ask,DiligentDonuts,FlawlessFlatbreads,3562305
2026-07-02T05:05:57.185832,2026-07-02T05:05:57.197537+00:00,106.9,47,bid,CostlyCorianders,EarnestEspressos,3562329
2026-07-02T05:05:57.899091,2026-07-02T05:05:57.908224+00:00,106.8,1,ask,Kelvin Chan,FlawlessFlatbreads,3562343
2026-07-02T05:05:57.899091,2026-07-02T05:05:57.908224+00:00,106.5,49,ask,DiligentDonuts,FlawlessFlatbreads,3562344
2026-07-02T05:05:59.954814,2026-07-02T05:05:59.966336+00:00,106.9,50,bid,FlawlessFlatbreads,EarnestEspressos,3562395
2026-07-02T05:06:00.330021,2026-07-02T05:06:00.341669+00:00,106.8,46,ask,EarnestEspressos,CostlyCorianders,3562404
2026-07-02T05:06:00.869101,2026-07-02T05:06:00.878962+00:00,106.8,43,ask,EarnestEspressos,CostlyCorianders,3562415
2026-07-02T05:06:01.799393,2026-07-02T05:06:01.810499+00:00,106.9,45,bid,CostlyCorianders,DiligentDonuts,3562439
2026-07-02T05:06:02.114905,2026-07-02T05:06:02.124008+00:00,106.8,50,ask,EarnestEspressos,FlawlessFlatbreads,3562449
2026-07-02T05:06:02.203439,2026-07-02T05:06:02.211071+00:00,106.9,8,bid,Xuanyu Liu,DiligentDonuts,3562455
2026-07-02T05:06:03.352906,2026-07-02T05:06:03.364007+00:00,106.9,47,bid,CostlyCorianders,DiligentDonuts,3562487
2026-07-02T05:06:03.352906,2026-07-02T05:06:03.364007+00:00,107.0,1,bid,CostlyCorianders,EarnestEspressos,3562488
2026-07-02T05:06:03.994759,2026-07-02T05:06:04.006569+00:00,106.8,42,ask,DiligentDonuts,CostlyCorianders,3562493
2026-07-02T05:06:06.116220,2026-07-02T05:06:06.127113+00:00,107.0,42,bid,CostlyCorianders,EarnestEspressos,3562526
2026-07-02T05:06:06.171043,2026-07-02T05:06:06.180433+00:00,106.8,40,ask,DiligentDonuts,CostlyCorianders,3562530
2026-07-02T05:06:08.381966,2026-07-02T05:06:08.393560+00:00,107.1,50,bid,FlawlessFlatbreads,EarnestEspressos,3562585
2026-07-02T05:06:14.754501,2026-07-02T05:06:14.766173+00:00,106.6,50,ask,EarnestEspressos,FlawlessFlatbreads,3562671
2026-07-02T05:06:15.543483,2026-07-02T05:06:15.554879+00:00,107.1,41,bid,CostlyCorianders,EarnestEspressos,3562684
2026-07-02T05:06:16.558204,2026-07-02T05:06:16.569404+00:00,106.6,47,ask,EarnestEspressos,CostlyCorianders,3562697
2026-07-02T05:06:19.128386,2026-07-02T05:06:19.139880+00:00,106.8,46,bid,CostlyCorianders,EarnestEspressos,3562742
2026-07-02T05:06:19.337152,2026-07-02T05:06:19.343794+00:00,106.8,25,bid,Lachlan Han,EarnestEspressos,3562749
2026-07-02T05:06:19.546345,2026-07-02T05:06:19.553405+00:00,106.8,25,bid,Lachlan Han,EarnestEspressos,3562761
2026-07-02T05:06:19.756099,2026-07-02T05:06:19.757012+00:00,106.8,25,bid,Lachlan Han,EarnestEspressos,3562764
2026-07-02T05:06:19.967372,2026-07-02T05:06:19.977796+00:00,106.8,25,bid,Lachlan Han,EarnestEspressos,3562769
2026-07-02T05:06:20.176665,2026-07-02T05:06:20.183406+00:00,106.8,4,bid,Lachlan Han,EarnestEspressos,3562771
2026-07-02T05:06:20.704536,2026-07-02T05:06:20.715788+00:00,107.2,45,bid,CostlyCorianders,DiligentDonuts,3562781
2026-07-02T05:06:21.019509,2026-07-02T05:06:21.031262+00:00,107.2,50,bid,FlawlessFlatbreads,DiligentDonuts,3562787
2026-07-02T05:06:22.247590,2026-07-02T05:06:22.256919+00:00,106.8,47,ask,EarnestEspressos,CostlyCorianders,3562795
2026-07-02T05:06:22.843222,2026-07-02T05:06:22.854587+00:00,106.8,48,ask,EarnestEspressos,CostlyCorianders,3562808
2026-07-02T05:06:23.127472,2026-07-02T05:06:23.138844+00:00,107.3,50,bid,FlawlessFlatbreads,EarnestEspressos,3562814
2026-07-02T05:06:24.004001,2026-07-02T05:06:24.010861+00:00,107.3,48,bid,CostlyCorianders,EarnestEspressos,3562821
2026-07-02T05:06:24.622367,2026-07-02T05:06:24.633902+00:00,106.8,40,ask,EarnestEspressos,CostlyCorianders,3562834
2026-07-02T05:06:25.232430,2026-07-02T05:06:25.243928+00:00,106.8,15,ask,EarnestEspressos,CostlyCorianders,3562841
2026-07-02T05:06:25.232430,2026-07-02T05:06:25.243928+00:00,106.8,27,ask,DiligentDonuts,CostlyCorianders,3562842
2026-07-02T05:06:25.238631,2026-07-02T05:06:25.249201+00:00,107.3,50,bid,FlawlessFlatbreads,EarnestEspressos,3562843
2026-07-02T05:06:25.715923,2026-07-02T05:06:25.737325+00:00,107.3,45,bid,CostlyCorianders,DiligentDonuts,3562850
2026-07-02T05:06:25.729107,2026-07-02T05:06:25.737325+00:00,107.0,3,ask,Kelvin Chan,Xuanyu Liu,3562853
2026-07-02T05:06:25.791400,2026-07-02T05:06:25.802735+00:00,107.0,25,ask,Kelvin Chan,Lachlan Han,3562856
2026-07-02T05:06:26.369292,2026-07-02T05:06:26.377394+00:00,107.0,22,ask,Kelvin Chan,CostlyCorianders,3562863
2026-07-02T05:06:26.369292,2026-07-02T05:06:26.377394+00:00,106.9,23,ask,EarnestEspressos,CostlyCorianders,3562864
2026-07-02T05:06:26.802726,2026-07-02T05:06:26.814134+00:00,107.0,25,ask,Kelvin Chan,Lachlan Han,3562877
2026-07-02T05:06:26.940743,2026-07-02T05:06:26.952486+00:00,107.3,32,bid,CostlyCorianders,Kelvin Chan,3562879
2026-07-02T05:06:26.940743,2026-07-02T05:06:26.952486+00:00,107.4,12,bid,CostlyCorianders,EarnestEspressos,3562880
2026-07-02T05:06:27.013078,2026-07-02T05:06:27.024735+00:00,107.0,2,ask,Kelvin Chan,Lachlan Han,3562881
2026-07-02T05:06:27.344549,2026-07-02T05:06:27.352295+00:00,107.4,50,bid,FlawlessFlatbreads,EarnestEspressos,3562893
2026-07-02T05:06:28.626560,2026-07-02T05:06:28.638185+00:00,107.0,25,ask,EarnestEspressos,Lachlan Han,3562920
2026-07-02T05:06:28.836423,2026-07-02T05:06:28.847955+00:00,107.0,25,ask,EarnestEspressos,Lachlan Han,3562927
2026-07-02T05:06:29.127553,2026-07-02T05:06:29.134406+00:00,107.4,43,bid,CostlyCorianders,DiligentDonuts,3562931
2026-07-02T05:06:29.182252,2026-07-02T05:06:29.191161+00:00,107.0,48,ask,EarnestEspressos,CostlyCorianders,3562934
2026-07-02T05:06:29.639357,2026-07-02T05:06:29.650495+00:00,107.0,49,ask,EarnestEspressos,CostlyCorianders,3562939
2026-07-02T05:06:31.553158,2026-07-02T05:06:31.555220+00:00,107.5,50,bid,FlawlessFlatbreads,EarnestEspressos,3562972
2026-07-02T05:06:32.967795,2026-07-02T05:06:32.975157+00:00,107.5,43,bid,CostlyCorianders,EarnestEspressos,3562995
2026-07-02T05:06:33.575486,2026-07-02T05:06:33.587173+00:00,107.5,45,bid,CostlyCorianders,EarnestEspressos,3563005
2026-07-02T05:06:33.711553,2026-07-02T05:06:33.723215+00:00,107.2,50,ask,DiligentDonuts,FlawlessFlatbreads,3563006
2026-07-02T05:06:33.986871,2026-07-02T05:06:33.994718+00:00,107.2,11,ask,DiligentDonuts,Xuanyu Liu,3563008
2026-07-02T05:06:35.767771,2026-07-02T05:06:35.776906+00:00,107.6,50,bid,FlawlessFlatbreads,EarnestEspressos,3563048
2026-07-02T05:06:36.237028,2026-07-02T05:06:36.248774+00:00,107.1,49,ask,EarnestEspressos,CostlyCorianders,3563060
2026-07-02T05:06:37.874227,2026-07-02T05:06:37.883596+00:00,107.3,1,bid,FlawlessFlatbreads,Kelvin Chan,3563090
2026-07-02T05:06:39.730295,2026-07-02T05:06:39.736851+00:00,107.1,40,ask,EarnestEspressos,CostlyCorianders,3563126
2026-07-02T05:06:40.004000,2026-07-02T05:06:40.010726+00:00,107.4,50,bid,FlawlessFlatbreads,DiligentDonuts,3563128
2026-07-02T05:06:40.902795,2026-07-02T05:06:40.914298+00:00,107.4,41,bid,CostlyCorianders,DiligentDonuts,3563149
2026-07-02T05:06:41.958625,2026-07-02T05:06:41.970150+00:00,107.4,3,bid,DiligentDonuts,Kelvin Chan,3563168
2026-07-02T05:06:41.958625,2026-07-02T05:06:41.970150+00:00,107.4,97,bid,DiligentDonuts,EarnestEspressos,3563169
2026-07-02T05:06:42.164585,2026-07-02T05:06:42.176196+00:00,107.0,1,ask,Kelvin Chan,FlawlessFlatbreads,3563173
2026-07-02T05:06:42.164585,2026-07-02T05:06:42.176196+00:00,106.9,49,ask,EarnestEspressos,FlawlessFlatbreads,3563174
2026-07-02T05:06:46.323583,2026-07-02T05:06:46.335381+00:00,107.4,1,bid,FlawlessFlatbreads,Kelvin Chan,3563265
2026-07-02T05:06:46.323583,2026-07-02T05:06:46.335381+00:00,107.6,49,bid,FlawlessFlatbreads,DiligentDonuts,3563266
2026-07-02T05:06:48.491521,2026-07-02T05:06:48.502214+00:00,107.3,50,ask,EarnestEspressos,FlawlessFlatbreads,3563309
2026-07-02T05:06:48.889067,2026-07-02T05:06:48.900581+00:00,107.8,46,bid,CostlyCorianders,EarnestEspressos,3563321
2026-07-02T05:06:50.545775,2026-07-02T05:06:50.552224+00:00,107.8,50,bid,FlawlessFlatbreads,EarnestEspressos,3563349
2026-07-02T05:06:50.689246,2026-07-02T05:06:50.700600+00:00,107.3,44,ask,DiligentDonuts,CostlyCorianders,3563352
2026-07-02T05:06:50.707326,2026-07-02T05:06:50.718634+00:00,107.5,12,ask,EarnestEspressos,Xuanyu Liu,3563353
2026-07-02T05:06:51.326964,2026-07-02T05:06:51.338426+00:00,107.8,42,bid,CostlyCorianders,DiligentDonuts,3563364
2026-07-02T05:06:53.271378,2026-07-02T05:06:53.282776+00:00,107.5,48,ask,EarnestEspressos,CostlyCorianders,3563387
2026-07-02T05:06:53.375365,2026-07-02T05:06:53.382996+00:00,107.5,23,ask,EarnestEspressos,Xuanyu Liu,3563392
2026-07-02T05:06:54.771901,2026-07-02T05:06:54.783864+00:00,107.5,50,bid,FlawlessFlatbreads,EarnestEspressos,3563414
2026-07-02T05:06:56.953551,2026-07-02T05:06:56.969442+00:00,107.0,50,ask,EarnestEspressos,FlawlessFlatbreads,3563438
2026-07-02T05:06:59.008698,2026-07-02T05:06:59.020387+00:00,107.5,50,bid,FlawlessFlatbreads,EarnestEspressos,3563466
2026-07-02T05:07:00.896836,2026-07-02T05:07:00.905965+00:00,107.8,48,bid,CostlyCorianders,EarnestEspressos,3563497
2026-07-02T05:07:01.115923,2026-07-02T05:07:01.127443+00:00,107.7,50,bid,FlawlessFlatbreads,DiligentDonuts,3563499
2026-07-02T05:07:01.906469,2026-07-02T05:07:01.914585+00:00,107.3,2,ask,EarnestEspressos,Lachlan Han,3563514
2026-07-02T05:07:03.223830,2026-07-02T05:07:03.230663+00:00,107.7,50,bid,FlawlessFlatbreads,DiligentDonuts,3563548
2026-07-02T05:07:03.781911,2026-07-02T05:07:03.792051+00:00,107.7,4,ask,EarnestEspressos,Kelvin Chan,3563558
2026-07-02T05:07:03.859500,2026-07-02T05:07:03.867125+00:00,107.7,22,ask,EarnestEspressos,Xuanyu Liu,3563561
2026-07-02T05:07:05.383583,2026-07-02T05:07:05.393212+00:00,107.7,50,ask,EarnestEspressos,FlawlessFlatbreads,3563582
2026-07-02T05:07:06.509832,2026-07-02T05:07:06.521201+00:00,107.3,47,ask,DiligentDonuts,CostlyCorianders,3563612
2026-07-02T05:07:07.155194,2026-07-02T05:07:07.166639+00:00,107.3,40,ask,DiligentDonuts,CostlyCorianders,3563624
2026-07-02T05:07:07.439466,2026-07-02T05:07:07.450814+00:00,107.8,50,bid,FlawlessFlatbreads,EarnestEspressos,3563629
2026-07-02T05:07:09.548881,2026-07-02T05:07:09.557464+00:00,107.8,50,bid,FlawlessFlatbreads,EarnestEspressos,3563667
2026-07-02T05:07:10.208884,2026-07-02T05:07:10.220486+00:00,107.8,43,bid,CostlyCorianders,DiligentDonuts,3563676
2026-07-02T05:07:12.842850,2026-07-02T05:07:12.852629+00:00,107.7,42,bid,CostlyCorianders,DiligentDonuts,3563730
2026-07-02T05:07:15.912887,2026-07-02T05:07:15.924391+00:00,107.4,50,ask,EarnestEspressos,FlawlessFlatbreads,3563800
2026-07-02T05:07:18.302893,2026-07-02T05:07:18.314379+00:00,107.3,2,ask,Kelvin Chan,CostlyCorianders,3563852
2026-07-02T05:07:18.302893,2026-07-02T05:07:18.314379+00:00,107.2,45,ask,EarnestEspressos,CostlyCorianders,3563853
2026-07-02T05:07:19.253189,2026-07-02T05:07:19.264925+00:00,107.4,4,ask,Kelvin Chan,EarnestEspressos,3563868
2026-07-02T05:07:19.353266,2026-07-02T05:07:19.358601+00:00,107.3,4,bid,Kelvin Chan,EarnestEspressos,3563869
2026-07-02T05:07:19.422807,2026-07-02T05:07:19.432939+00:00,107.3,4,bid,Kelvin Chan,EarnestEspressos,3563873
2026-07-02T05:07:20.071983,2026-07-02T05:07:20.083413+00:00,107.3,50,bid,FlawlessFlatbreads,EarnestEspressos,3563893
2026-07-02T05:07:20.409379,2026-07-02T05:07:20.416380+00:00,107.1,47,ask,DiligentDonuts,CostlyCorianders,3563900
2026-07-02T05:07:20.446743,2026-07-02T05:07:20.456197+00:00,107.3,9,bid,Xuanyu Liu,EarnestEspressos,3563903
2026-07-02T05:07:20.895919,2026-07-02T05:07:20.904185+00:00,107.3,2,bid,Xuanyu Liu,EarnestEspressos,3563916
2026-07-02T05:07:22.177669,2026-07-02T05:07:22.188634+00:00,107.3,50,bid,FlawlessFlatbreads,EarnestEspressos,3563940
2026-07-02T05:07:22.190644,2026-07-02T05:07:22.199177+00:00,107.3,5,bid,Kelvin Chan,EarnestEspressos,3563941
2026-07-02T05:07:22.716729,2026-07-02T05:07:22.728236+00:00,107.6,42,bid,CostlyCorianders,DiligentDonuts,3563951
2026-07-02T05:07:24.283852,2026-07-02T05:07:24.295349+00:00,107.6,50,bid,FlawlessFlatbreads,DiligentDonuts,3563986
2026-07-02T05:07:25.217711,2026-07-02T05:07:25.229296+00:00,107.4,42,ask,EarnestEspressos,CostlyCorianders,3564002
2026-07-02T05:07:28.544686,2026-07-02T05:07:28.556199+00:00,107.2,50,ask,EarnestEspressos,FlawlessFlatbreads,3564073
2026-07-02T05:07:29.452944,2026-07-02T05:07:29.464348+00:00,107.5,40,bid,CostlyCorianders,EarnestEspressos,3564087
2026-07-02T05:07:30.652936,2026-07-02T05:07:30.656327+00:00,107.2,50,ask,DiligentDonuts,FlawlessFlatbreads,3564120
2026-07-02T05:07:30.681198,2026-07-02T05:07:30.691855+00:00,107.2,47,ask,DiligentDonuts,CostlyCorianders,3564122
2026-07-02T05:07:31.290983,2026-07-02T05:07:31.302324+00:00,107.5,48,bid,CostlyCorianders,EarnestEspressos,3564130
2026-07-02T05:07:32.767678,2026-07-02T05:07:32.778838+00:00,107.3,50,ask,EarnestEspressos,FlawlessFlatbreads,3564157
2026-07-02T05:07:32.963362,2026-07-02T05:07:32.974804+00:00,107.3,47,ask,EarnestEspressos,CostlyCorianders,3564159
2026-07-02T05:07:34.823480,2026-07-02T05:07:34.835102+00:00,107.4,50,bid,FlawlessFlatbreads,DiligentDonuts,3564194
2026-07-02T05:07:36.980110,2026-07-02T05:07:36.991684+00:00,107.1,50,ask,DiligentDonuts,FlawlessFlatbreads,3564240
2026-07-02T05:07:37.151210,2026-07-02T05:07:37.159300+00:00,107.4,40,bid,CostlyCorianders,EarnestEspressos,3564246
2026-07-02T05:07:39.085830,2026-07-02T05:07:39.094709+00:00,107.1,50,ask,EarnestEspressos,FlawlessFlatbreads,3564271
2026-07-02T05:07:39.138074,2026-07-02T05:07:39.149258+00:00,107.4,5,bid,CostlyCorianders,Kelvin Chan,3564274
2026-07-02T05:07:39.138074,2026-07-02T05:07:39.149258+00:00,107.4,35,bid,CostlyCorianders,DiligentDonuts,3564275
2026-07-02T05:07:39.753834,2026-07-02T05:07:39.765164+00:00,107.1,49,ask,EarnestEspressos,CostlyCorianders,3564288
2026-07-02T05:07:40.215801,2026-07-02T05:07:40.227441+00:00,107.4,45,bid,CostlyCorianders,DiligentDonuts,3564294
2026-07-02T05:07:41.191309,2026-07-02T05:07:41.200378+00:00,107.1,50,ask,EarnestEspressos,FlawlessFlatbreads,3564309
2026-07-02T05:07:41.425559,2026-07-02T05:07:41.435240+00:00,107.1,34,bid,Xuanyu Liu,EarnestEspressos,3564310
2026-07-02T05:07:41.805391,2026-07-02T05:07:41.816900+00:00,106.9,46,ask,DiligentDonuts,CostlyCorianders,3564315
2026-07-02T05:07:42.026141,2026-07-02T05:07:42.037662+00:00,107.1,100,bid,DiligentDonuts,EarnestEspressos,3564318
2026-07-02T05:07:43.297400,2026-07-02T05:07:43.305024+00:00,106.6,50,ask,EarnestEspressos,FlawlessFlatbreads,3564341
2026-07-02T05:07:45.426027,2026-07-02T05:07:45.437362+00:00,106.8,50,ask,EarnestEspressos,FlawlessFlatbreads,3564384
2026-07-02T05:07:47.532098,2026-07-02T05:07:47.543722+00:00,107.0,1,ask,Kelvin Chan,FlawlessFlatbreads,3564427
2026-07-02T05:07:47.532098,2026-07-02T05:07:47.543722+00:00,106.8,49,ask,EarnestEspressos,FlawlessFlatbreads,3564428
2026-07-02T05:07:47.822302,2026-07-02T05:07:47.832254+00:00,106.9,1,bid,Kelvin Chan,EarnestEspressos,3564436
2026-07-02T05:07:48.618089,2026-07-02T05:07:48.627600+00:00,106.9,1,bid,Kelvin Chan,EarnestEspressos,3564450
2026-07-02T05:07:48.809931,2026-07-02T05:07:48.817156+00:00,106.9,1,bid,Kelvin Chan,EarnestEspressos,3564453
2026-07-02T05:07:48.882453,2026-07-02T05:07:48.889447+00:00,106.9,1,bid,Kelvin Chan,EarnestEspressos,3564456
2026-07-02T05:07:48.937843,2026-07-02T05:07:48.948080+00:00,106.9,1,bid,Kelvin Chan,EarnestEspressos,3564459
2026-07-02T05:07:48.981011,2026-07-02T05:07:48.991853+00:00,106.9,1,bid,Kelvin Chan,EarnestEspressos,3564461
2026-07-02T05:07:49.067686,2026-07-02T05:07:49.073875+00:00,106.9,1,bid,Kelvin Chan,EarnestEspressos,3564465
2026-07-02T05:07:49.641273,2026-07-02T05:07:49.658556+00:00,106.7,50,ask,DiligentDonuts,FlawlessFlatbreads,3564476
2026-07-02T05:07:49.793099,2026-07-02T05:07:49.804714+00:00,106.9,47,bid,CostlyCorianders,EarnestEspressos,3564482
2026-07-02T05:07:49.875182,2026-07-02T05:07:49.883709+00:00,106.9,1,bid,Kelvin Chan,EarnestEspressos,3564486
2026-07-02T05:07:49.904974,2026-07-02T05:07:49.914924+00:00,106.9,1,bid,Kelvin Chan,EarnestEspressos,3564487
2026-07-02T05:07:49.976995,2026-07-02T05:07:49.986826+00:00,106.9,1,bid,Kelvin Chan,EarnestEspressos,3564492
2026-07-02T05:07:50.014502,2026-07-02T05:07:50.023876+00:00,106.9,1,bid,Kelvin Chan,EarnestEspressos,3564494
2026-07-02T05:07:50.073507,2026-07-02T05:07:50.082197+00:00,106.9,1,bid,Kelvin Chan,EarnestEspressos,3564495
2026-07-02T05:07:50.110198,2026-07-02T05:07:50.121624+00:00,106.9,1,bid,Kelvin Chan,EarnestEspressos,3564496
2026-07-02T05:07:50.138206,2026-07-02T05:07:50.149655+00:00,106.9,1,bid,Kelvin Chan,EarnestEspressos,3564497
2026-07-02T05:07:50.171484,2026-07-02T05:07:50.183147+00:00,106.9,1,bid,Kelvin Chan,EarnestEspressos,3564498
2026-07-02T05:07:50.219821,2026-07-02T05:07:50.230010+00:00,106.9,1,bid,Kelvin Chan,EarnestEspressos,3564500
2026-07-02T05:07:50.313685,2026-07-02T05:07:50.325098+00:00,106.9,49,bid,CostlyCorianders,EarnestEspressos,3564503
2026-07-02T05:07:50.368083,2026-07-02T05:07:50.379651+00:00,106.7,45,ask,DiligentDonuts,CostlyCorianders,3564504
2026-07-02T05:07:51.746354,2026-07-02T05:07:51.754276+00:00,106.7,50,ask,EarnestEspressos,FlawlessFlatbreads,3564542
2026-07-02T05:07:53.501747,2026-07-02T05:07:53.513352+00:00,106.8,43,bid,CostlyCorianders,DiligentDonuts,3564572
2026-07-02T05:07:53.801582,2026-07-02T05:07:53.813096+00:00,106.8,50,bid,FlawlessFlatbreads,DiligentDonuts,3564579
2026-07-02T05:07:56.503549,2026-07-02T05:07:56.514667+00:00,106.5,49,ask,DiligentDonuts,CostlyCorianders,3564641
2026-07-02T05:07:58.081888,2026-07-02T05:07:58.090567+00:00,106.6,50,ask,EarnestEspressos,FlawlessFlatbreads,3564670
2026-07-02T05:08:00.188647,2026-07-02T05:08:00.200313+00:00,106.6,50,ask,EarnestEspressos,FlawlessFlatbreads,3564712
2026-07-02T05:08:00.379411,2026-07-02T05:08:00.390803+00:00,106.3,100,ask,DiligentDonuts,EarnestEspressos,3564717
2026-07-02T05:08:00.391981,2026-07-02T05:08:00.400144+00:00,106.3,26,bid,Xuanyu Liu,EarnestEspressos,3564718
2026-07-02T05:08:02.296329,2026-07-02T05:08:02.307650+00:00,106.0,50,ask,DiligentDonuts,FlawlessFlatbreads,3564761
2026-07-02T05:08:04.213541,2026-07-02T05:08:04.223394+00:00,106.3,100,ask,EarnestEspressos,DiligentDonuts,3564801
2026-07-02T05:08:04.403061,2026-07-02T05:08:04.414584+00:00,106.3,50,ask,EarnestEspressos,FlawlessFlatbreads,3564802
2026-07-02T05:08:06.156733,2026-07-02T05:08:06.168474+00:00,106.8,5,bid,CostlyCorianders,Kelvin Chan,3564837
2026-07-02T05:08:06.156733,2026-07-02T05:08:06.168474+00:00,106.8,38,bid,CostlyCorianders,EarnestEspressos,3564838
2026-07-02T05:08:06.511161,2026-07-02T05:08:06.519644+00:00,105.7,50,ask,DiligentDonuts,FlawlessFlatbreads,3564841
2026-07-02T05:08:08.619092,2026-07-02T05:08:08.630473+00:00,105.9,50,ask,EarnestEspressos,FlawlessFlatbreads,3564873
2026-07-02T05:08:09.193540,2026-07-02T05:08:09.200107+00:00,105.9,43,ask,EarnestEspressos,CostlyCorianders,3564884
2026-07-02T05:08:09.907308,2026-07-02T05:08:09.913716+00:00,106.0,25,bid,Lachlan Han,EarnestEspressos,3564895
2026-07-02T05:08:10.116959,2026-07-02T05:08:10.123835+00:00,106.0,25,bid,Lachlan Han,EarnestEspressos,3564899
2026-07-02T05:08:10.185595,2026-07-02T05:08:10.200173+00:00,106.0,3,bid,Xuanyu Liu,EarnestEspressos,3564902
2026-07-02T05:08:10.270831,2026-07-02T05:08:10.282173+00:00,106.0,42,bid,CostlyCorianders,EarnestEspressos,3564905
2026-07-02T05:08:10.327654,2026-07-02T05:08:10.338822+00:00,106.0,25,bid,Lachlan Han,EarnestEspressos,3564908
2026-07-02T05:08:10.537612,2026-07-02T05:08:10.543959+00:00,106.0,25,bid,Lachlan Han,EarnestEspressos,3564912
2026-07-02T05:08:10.729080,2026-07-02T05:08:10.738475+00:00,105.9,50,ask,DiligentDonuts,FlawlessFlatbreads,3564914
2026-07-02T05:08:10.746966,2026-07-02T05:08:10.763635+00:00,106.0,5,bid,Lachlan Han,EarnestEspressos,3564916
2026-07-02T05:08:12.244060,2026-07-02T05:08:12.258568+00:00,105.9,46,ask,DiligentDonuts,CostlyCorianders,3564948
2026-07-02T05:08:12.784128,2026-07-02T05:08:12.795635+00:00,106.4,50,bid,FlawlessFlatbreads,DiligentDonuts,3564955
2026-07-02T05:08:12.992357,2026-07-02T05:08:13.001319+00:00,106.1,3,ask,EarnestEspressos,Xuanyu Liu,3564958
2026-07-02T05:08:13.902861,2026-07-02T05:08:13.913192+00:00,106.2,44,bid,CostlyCorianders,DiligentDonuts,3564972
2026-07-02T05:08:13.961436,2026-07-02T05:08:13.968719+00:00,106.2,25,bid,Lachlan Han,DiligentDonuts,3564976
2026-07-02T05:08:14.174279,2026-07-02T05:08:14.184857+00:00,106.2,25,bid,Lachlan Han,DiligentDonuts,3564982
2026-07-02T05:08:14.384940,2026-07-02T05:08:14.395826+00:00,106.2,6,bid,Lachlan Han,DiligentDonuts,3564989
2026-07-02T05:08:14.891219,2026-07-02T05:08:14.902603+00:00,106.6,50,bid,FlawlessFlatbreads,EarnestEspressos,3564996
2026-07-02T05:08:15.827765,2026-07-02T05:08:15.834142+00:00,106.4,5,bid,CostlyCorianders,Kelvin Chan,3565013
2026-07-02T05:08:16.393450,2026-07-02T05:08:16.405119+00:00,106.4,47,ask,EarnestEspressos,CostlyCorianders,3565033
2026-07-02T05:08:17.048954,2026-07-02T05:08:17.058610+00:00,106.4,50,ask,EarnestEspressos,FlawlessFlatbreads,3565046
2026-07-02T05:08:18.046846,2026-07-02T05:08:18.053622+00:00,106.4,3,ask,EarnestEspressos,Kelvin Chan,3565058
2026-07-02T05:08:18.065307,2026-07-02T05:08:18.071964+00:00,106.4,45,ask,EarnestEspressos,CostlyCorianders,3565059
2026-07-02T05:08:19.156401,2026-07-02T05:08:19.164527+00:00,106.4,5,ask,EarnestEspressos,FlawlessFlatbreads,3565088
2026-07-02T05:08:19.156401,2026-07-02T05:08:19.164527+00:00,106.1,3,ask,Kelvin Chan,FlawlessFlatbreads,3565089
2026-07-02T05:08:19.156401,2026-07-02T05:08:19.170010+00:00,106.0,42,ask,DiligentDonuts,FlawlessFlatbreads,3565090
2026-07-02T05:08:21.265070,2026-07-02T05:08:21.271806+00:00,106.1,50,ask,DiligentDonuts,FlawlessFlatbreads,3565130
2026-07-02T05:08:22.043853,2026-07-02T05:08:22.063861+00:00,106.4,49,bid,CostlyCorianders,EarnestEspressos,3565135
2026-07-02T05:08:22.810364,2026-07-02T05:08:22.816928+00:00,106.4,2,bid,Lachlan Han,Kelvin Chan,3565163
2026-07-02T05:08:23.371624,2026-07-02T05:08:23.383474+00:00,106.1,2,ask,Kelvin Chan,FlawlessFlatbreads,3565171
2026-07-02T05:08:23.371624,2026-07-02T05:08:23.383474+00:00,106.1,48,ask,EarnestEspressos,FlawlessFlatbreads,3565172
2026-07-02T05:08:24.608557,2026-07-02T05:08:24.616249+00:00,106.6,43,bid,CostlyCorianders,EarnestEspressos,3565199
2026-07-02T05:08:27.307219,2026-07-02T05:08:27.318474+00:00,106.1,41,ask,EarnestEspressos,CostlyCorianders,3565269
2026-07-02T05:08:27.532706,2026-07-02T05:08:27.544309+00:00,106.4,1,bid,FlawlessFlatbreads,Kelvin Chan,3565273
2026-07-02T05:08:27.532706,2026-07-02T05:08:27.544309+00:00,106.4,49,bid,FlawlessFlatbreads,DiligentDonuts,3565274
2026-07-02T05:08:28.319846,2026-07-02T05:08:28.331313+00:00,106.4,48,bid,CostlyCorianders,DiligentDonuts,3565295
2026-07-02T05:08:28.894097,2026-07-02T05:08:28.903263+00:00,106.1,5,ask,Kelvin Chan,CostlyCorianders,3565303
2026-07-02T05:08:28.894097,2026-07-02T05:08:28.903263+00:00,105.9,43,ask,DiligentDonuts,CostlyCorianders,3565304
2026-07-02T05:08:29.630604,2026-07-02T05:08:29.638212+00:00,106.3,25,bid,Lachlan Han,EarnestEspressos,3565317
2026-07-02T05:08:29.642081,2026-07-02T05:08:29.648944+00:00,106.3,50,bid,FlawlessFlatbreads,EarnestEspressos,3565318
2026-07-02T05:08:31.799326,2026-07-02T05:08:31.810857+00:00,106.1,5,ask,Kelvin Chan,FlawlessFlatbreads,3565365
2026-07-02T05:08:31.799326,2026-07-02T05:08:31.810857+00:00,106.0,45,ask,DiligentDonuts,FlawlessFlatbreads,3565366
2026-07-02T05:08:33.907209,2026-07-02T05:08:33.918729+00:00,106.3,50,ask,EarnestEspressos,FlawlessFlatbreads,3565402
2026-07-02T05:08:35.961575,2026-07-02T05:08:35.973272+00:00,106.5,50,bid,FlawlessFlatbreads,DiligentDonuts,3565450
2026-07-02T05:08:37.097319,2026-07-02T05:08:37.107819+00:00,106.5,46,bid,CostlyCorianders,DiligentDonuts,3565467
2026-07-02T05:08:37.997876,2026-07-02T05:08:38.009756+00:00,106.5,4,bid,CostlyCorianders,DiligentDonuts,3565488
2026-07-02T05:08:37.997876,2026-07-02T05:08:38.009756+00:00,106.6,39,bid,CostlyCorianders,EarnestEspressos,3565489
2026-07-02T05:08:38.068696,2026-07-02T05:08:38.076070+00:00,106.6,50,bid,FlawlessFlatbreads,EarnestEspressos,3565490
2026-07-02T05:08:38.377596,2026-07-02T05:08:38.387784+00:00,106.5,3,ask,EarnestEspressos,Xuanyu Liu,3565499
2026-07-02T05:08:38.450919,2026-07-02T05:08:38.460935+00:00,106.5,25,ask,EarnestEspressos,Lachlan Han,3565503
2026-07-02T05:08:38.660870,2026-07-02T05:08:38.669619+00:00,106.5,25,ask,EarnestEspressos,Lachlan Han,3565508
2026-07-02T05:08:38.872182,2026-07-02T05:08:38.883535+00:00,106.5,25,ask,EarnestEspressos,Lachlan Han,3565513
2026-07-02T05:08:39.081114,2026-07-02T05:08:39.092675+00:00,106.5,25,ask,EarnestEspressos,Lachlan Han,3565515
2026-07-02T05:08:39.291198,2026-07-02T05:08:39.302710+00:00,106.5,25,ask,EarnestEspressos,Lachlan Han,3565519
2026-07-02T05:08:39.501718,2026-07-02T05:08:39.513342+00:00,106.5,22,ask,EarnestEspressos,Lachlan Han,3565523
2026-07-02T05:08:40.174579,2026-07-02T05:08:40.185955+00:00,106.6,50,bid,FlawlessFlatbreads,DiligentDonuts,3565551
2026-07-02T05:08:40.458524,2026-07-02T05:08:40.470000+00:00,106.1,4,ask,Kelvin Chan,CostlyCorianders,3565555
2026-07-02T05:08:40.458524,2026-07-02T05:08:40.470000+00:00,106.1,45,ask,DiligentDonuts,CostlyCorianders,3565556
2026-07-02T05:08:41.498376,2026-07-02T05:08:41.507305+00:00,106.3,3,bid,Xuanyu Liu,EarnestEspressos,3565569
2026-07-02T05:08:41.516789,2026-07-02T05:08:41.528104+00:00,106.3,25,bid,Lachlan Han,EarnestEspressos,3565572
2026-07-02T05:08:41.573064,2026-07-02T05:08:41.582595+00:00,106.1,45,ask,DiligentDonuts,CostlyCorianders,3565573
2026-07-02T05:08:41.725280,2026-07-02T05:08:41.733009+00:00,106.3,25,bid,Lachlan Han,EarnestEspressos,3565577
2026-07-02T05:08:41.933555,2026-07-02T05:08:41.941219+00:00,106.3,25,bid,Lachlan Han,EarnestEspressos,3565583
2026-07-02T05:08:42.144098,2026-07-02T05:08:42.150365+00:00,106.3,25,bid,Lachlan Han,EarnestEspressos,3565592
2026-07-02T05:08:42.334111,2026-07-02T05:08:42.345724+00:00,106.1,50,ask,DiligentDonuts,FlawlessFlatbreads,3565598
2026-07-02T05:08:42.353581,2026-07-02T05:08:42.360445+00:00,106.3,25,bid,Lachlan Han,EarnestEspressos,3565600
2026-07-02T05:08:42.561585,2026-07-02T05:08:42.569358+00:00,106.3,22,bid,Lachlan Han,EarnestEspressos,3565603
2026-07-02T05:08:44.389425,2026-07-02T05:08:44.401215+00:00,106.4,2,bid,FlawlessFlatbreads,Kelvin Chan,3565630
2026-07-02T05:08:44.389425,2026-07-02T05:08:44.401215+00:00,106.6,48,bid,FlawlessFlatbreads,DiligentDonuts,3565631
2026-07-02T05:08:46.513529,2026-07-02T05:08:46.521522+00:00,106.4,2,bid,FlawlessFlatbreads,Kelvin Chan,3565669
2026-07-02T05:08:46.513529,2026-07-02T05:08:46.521522+00:00,106.6,48,bid,FlawlessFlatbreads,DiligentDonuts,3565670
2026-07-02T05:08:47.896814,2026-07-02T05:08:47.908270+00:00,106.5,2,bid,CostlyCorianders,Kelvin Chan,3565695
2026-07-02T05:08:47.896814,2026-07-02T05:08:47.908270+00:00,106.6,41,bid,CostlyCorianders,DiligentDonuts,3565696
2026-07-02T05:08:48.672497,2026-07-02T05:08:48.679654+00:00,106.2,50,ask,EarnestEspressos,FlawlessFlatbreads,3565702
2026-07-02T05:08:50.728709,2026-07-02T05:08:50.740369+00:00,106.5,1,bid,FlawlessFlatbreads,Kelvin Chan,3565748
2026-07-02T05:08:50.728709,2026-07-02T05:08:50.740369+00:00,106.7,49,bid,FlawlessFlatbreads,EarnestEspressos,3565749
2026-07-02T05:08:50.989714,2026-07-02T05:08:51.001444+00:00,106.3,40,ask,EarnestEspressos,CostlyCorianders,3565752
2026-07-02T05:08:52.887427,2026-07-02T05:08:52.899252+00:00,106.3,50,ask,EarnestEspressos,FlawlessFlatbreads,3565794
2026-07-02T05:08:54.742567,2026-07-02T05:08:54.758589+00:00,106.5,1,bid,DiligentDonuts,Kelvin Chan,3565837
2026-07-02T05:08:54.742567,2026-07-02T05:08:54.758589+00:00,106.5,99,bid,DiligentDonuts,EarnestEspressos,3565838
2026-07-02T05:08:54.995346,2026-07-02T05:08:55.003931+00:00,106.1,2,ask,Kelvin Chan,FlawlessFlatbreads,3565839
2026-07-02T05:08:54.995346,2026-07-02T05:08:55.003931+00:00,106.0,48,ask,EarnestEspressos,FlawlessFlatbreads,3565840
2026-07-02T05:08:56.508733,2026-07-02T05:08:56.520460+00:00,106.5,49,bid,CostlyCorianders,EarnestEspressos,3565873
2026-07-02T05:08:56.979223,2026-07-02T05:08:56.990690+00:00,106.2,3,ask,Kelvin Chan,CostlyCorianders,3565878
2026-07-02T05:08:56.979223,2026-07-02T05:08:56.990690+00:00,106.0,37,ask,EarnestEspressos,CostlyCorianders,3565879
2026-07-02T05:08:57.102775,2026-07-02T05:08:57.113667+00:00,106.2,3,ask,Kelvin Chan,FlawlessFlatbreads,3565880
2026-07-02T05:08:57.102775,2026-07-02T05:08:57.113667+00:00,106.0,47,ask,EarnestEspressos,FlawlessFlatbreads,3565881
2026-07-02T05:08:58.068862,2026-07-02T05:08:58.079753+00:00,106.2,2,ask,Kelvin Chan,CostlyCorianders,3565905
2026-07-02T05:08:58.702722,2026-07-02T05:08:58.709390+00:00,106.5,44,bid,CostlyCorianders,EarnestEspressos,3565917
2026-07-02T05:08:59.230847,2026-07-02T05:08:59.240541+00:00,106.2,4,ask,Kelvin Chan,FlawlessFlatbreads,3565922
2026-07-02T05:08:59.230847,2026-07-02T05:08:59.245838+00:00,106.0,46,ask,EarnestEspressos,FlawlessFlatbreads,3565923
2026-07-02T05:09:00.819041,2026-07-02T05:09:00.830449+00:00,106.2,3,ask,Kelvin Chan,CostlyCorianders,3565966
2026-07-02T05:09:00.819041,2026-07-02T05:09:00.830449+00:00,106.0,42,ask,DiligentDonuts,CostlyCorianders,3565967
2026-07-02T05:09:01.337853,2026-07-02T05:09:01.349325+00:00,106.0,50,ask,EarnestEspressos,FlawlessFlatbreads,3565978
2026-07-02T05:09:03.139281,2026-07-02T05:09:03.148477+00:00,106.3,41,bid,CostlyCorianders,DiligentDonuts,3566018
2026-07-02T05:09:03.470798,2026-07-02T05:09:03.479466+00:00,106.1,2,ask,Kelvin Chan,FlawlessFlatbreads,3566023
2026-07-02T05:09:03.470798,2026-07-02T05:09:03.479466+00:00,106.0,48,ask,EarnestEspressos,FlawlessFlatbreads,3566024
2026-07-02T05:09:03.645169,2026-07-02T05:09:03.651395+00:00,106.1,2,ask,Kelvin Chan,EarnestEspressos,3566027
2026-07-02T05:09:03.668610,2026-07-02T05:09:03.680079+00:00,106.1,2,bid,Kelvin Chan,EarnestEspressos,3566028
2026-07-02T05:09:03.699631,2026-07-02T05:09:03.709690+00:00,106.1,1,bid,Kelvin Chan,EarnestEspressos,3566029
2026-07-02T05:09:03.744542,2026-07-02T05:09:03.751875+00:00,106.1,1,bid,Kelvin Chan,EarnestEspressos,3566032
2026-07-02T05:09:03.850479,2026-07-02T05:09:03.858583+00:00,106.1,1,bid,Kelvin Chan,EarnestEspressos,3566033
2026-07-02T05:09:03.874970,2026-07-02T05:09:03.884638+00:00,106.1,1,bid,Kelvin Chan,EarnestEspressos,3566034
2026-07-02T05:09:03.979246,2026-07-02T05:09:03.986827+00:00,106.1,1,bid,Kelvin Chan,EarnestEspressos,3566037
2026-07-02T05:09:04.616181,2026-07-02T05:09:04.624191+00:00,106.1,3,bid,Xuanyu Liu,EarnestEspressos,3566053
2026-07-02T05:09:05.329138,2026-07-02T05:09:05.337376+00:00,106.1,11,bid,Xuanyu Liu,EarnestEspressos,3566068
2026-07-02T05:09:05.526706,2026-07-02T05:09:05.538119+00:00,106.1,50,bid,FlawlessFlatbreads,EarnestEspressos,3566074
2026-07-02T05:09:07.212232,2026-07-02T05:09:07.222935+00:00,106.3,1,bid,Lachlan Han,Kelvin Chan,3566093
2026-07-02T05:09:07.621331,2026-07-02T05:09:07.632293+00:00,106.3,1,bid,Lachlan Han,Kelvin Chan,3566099
2026-07-02T05:09:07.633770,2026-07-02T05:09:07.645075+00:00,106.6,50,bid,FlawlessFlatbreads,EarnestEspressos,3566100
2026-07-02T05:09:09.233019,2026-07-02T05:09:09.242385+00:00,106.3,5,bid,Lachlan Han,Kelvin Chan,3566136
2026-07-02T05:09:09.745057,2026-07-02T05:09:09.753128+00:00,106.4,5,bid,FlawlessFlatbreads,Kelvin Chan,3566145
2026-07-02T05:09:09.745057,2026-07-02T05:09:09.753128+00:00,106.6,45,bid,FlawlessFlatbreads,EarnestEspressos,3566146
2026-07-02T05:09:09.928005,2026-07-02T05:09:09.937133+00:00,106.3,14,ask,EarnestEspressos,Xuanyu Liu,3566149
2026-07-02T05:09:11.246557,2026-07-02T05:09:11.257628+00:00,106.4,5,bid,Lachlan Han,Kelvin Chan,3566180
2026-07-02T05:09:11.853097,2026-07-02T05:09:11.864843+00:00,106.4,5,bid,FlawlessFlatbreads,Kelvin Chan,3566190
2026-07-02T05:09:11.853097,2026-07-02T05:09:11.864843+00:00,106.6,45,bid,FlawlessFlatbreads,DiligentDonuts,3566191
2026-07-02T05:09:12.485726,2026-07-02T05:09:12.493567+00:00,106.4,3,bid,Xuanyu Liu,Kelvin Chan,3566206
2026-07-02T05:09:13.077413,2026-07-02T05:09:13.088954+00:00,106.4,1,bid,EarnestEspressos,Kelvin Chan,3566216
2026-07-02T05:09:13.077413,2026-07-02T05:09:13.088954+00:00,106.6,55,bid,EarnestEspressos,DiligentDonuts,3566217
2026-07-02T05:09:13.152599,2026-07-02T05:09:13.159255+00:00,106.6,4,ask,EarnestEspressos,Kelvin Chan,3566218
2026-07-02T05:09:13.165478,2026-07-02T05:09:13.178831+00:00,106.6,3,ask,EarnestEspressos,Xuanyu Liu,3566219
2026-07-02T05:09:13.191192,2026-07-02T05:09:13.199615+00:00,106.6,4,ask,EarnestEspressos,Kelvin Chan,3566222
2026-07-02T05:09:13.983986,2026-07-02T05:09:14.000728+00:00,107.1,50,bid,FlawlessFlatbreads,EarnestEspressos,3566241
2026-07-02T05:09:14.197218,2026-07-02T05:09:14.206261+00:00,106.7,4,ask,DiligentDonuts,Kelvin Chan,3566242
2026-07-02T05:09:14.227941,2026-07-02T05:09:14.239634+00:00,106.7,4,ask,DiligentDonuts,Kelvin Chan,3566243
2026-07-02T05:09:14.266485,2026-07-02T05:09:14.276763+00:00,106.7,3,ask,DiligentDonuts,Kelvin Chan,3566244
2026-07-02T05:09:14.581815,2026-07-02T05:09:14.593599+00:00,106.7,3,ask,DiligentDonuts,Kelvin Chan,3566251
2026-07-02T05:09:14.991014,2026-07-02T05:09:15.001268+00:00,106.7,3,ask,DiligentDonuts,Kelvin Chan,3566258
2026-07-02T05:09:15.016671,2026-07-02T05:09:15.027476+00:00,106.7,3,ask,DiligentDonuts,Kelvin Chan,3566260
2026-07-02T05:09:15.125342,2026-07-02T05:09:15.135184+00:00,106.7,3,ask,DiligentDonuts,Xuanyu Liu,3566262
2026-07-02T05:09:15.258142,2026-07-02T05:09:15.269498+00:00,106.7,25,ask,DiligentDonuts,Lachlan Han,3566264
2026-07-02T05:09:15.265004,2026-07-02T05:09:15.274765+00:00,106.7,3,ask,DiligentDonuts,Kelvin Chan,3566265
2026-07-02T05:09:15.475618,2026-07-02T05:09:15.486966+00:00,106.7,25,ask,DiligentDonuts,Lachlan Han,3566269
2026-07-02T05:09:15.625434,2026-07-02T05:09:15.632831+00:00,106.7,3,ask,DiligentDonuts,Kelvin Chan,3566272
2026-07-02T05:09:15.686379,2026-07-02T05:09:15.692744+00:00,106.7,21,ask,DiligentDonuts,Lachlan Han,3566273
2026-07-02T05:09:16.005298,2026-07-02T05:09:16.013252+00:00,106.6,3,ask,EarnestEspressos,Kelvin Chan,3566278
2026-07-02T05:09:16.031280,2026-07-02T05:09:16.040319+00:00,106.6,3,ask,EarnestEspressos,Kelvin Chan,3566279
2026-07-02T05:09:16.069817,2026-07-02T05:09:16.077831+00:00,106.6,3,ask,EarnestEspressos,Kelvin Chan,3566280
2026-07-02T05:09:16.091529,2026-07-02T05:09:16.102931+00:00,107.1,50,bid,FlawlessFlatbreads,EarnestEspressos,3566281
2026-07-02T05:09:18.198395,2026-07-02T05:09:18.207548+00:00,106.6,3,bid,FlawlessFlatbreads,Kelvin Chan,3566309
2026-07-02T05:09:18.198395,2026-07-02T05:09:18.207548+00:00,106.7,47,bid,FlawlessFlatbreads,DiligentDonuts,3566310
2026-07-02T05:09:20.311176,2026-07-02T05:09:20.322760+00:00,106.7,3,bid,FlawlessFlatbreads,Kelvin Chan,3566341
2026-07-02T05:09:20.311176,2026-07-02T05:09:20.322760+00:00,106.7,47,bid,FlawlessFlatbreads,DiligentDonuts,3566342
2026-07-02T05:09:24.080825,2026-07-02T05:09:24.091945+00:00,106.7,2,bid,CostlyCorianders,Kelvin Chan,3566384
2026-07-02T05:09:26.674484,2026-07-02T05:09:26.685991+00:00,106.5,50,ask,EarnestEspressos,FlawlessFlatbreads,3566425
2026-07-02T05:09:27.485002,2026-07-02T05:09:27.496556+00:00,106.5,43,ask,EarnestEspressos,CostlyCorianders,3566432
2026-07-02T05:09:30.832722,2026-07-02T05:09:30.843720+00:00,106.6,50,bid,FlawlessFlatbreads,EarnestEspressos,3566480
2026-07-02T05:09:33.551194,2026-07-02T05:09:33.557708+00:00,106.8,1,bid,CostlyCorianders,Kelvin Chan,3566532
2026-07-02T05:09:33.551194,2026-07-02T05:09:33.557708+00:00,106.8,44,bid,CostlyCorianders,EarnestEspressos,3566533
2026-07-02T05:09:34.137308,2026-07-02T05:09:34.144966+00:00,106.5,4,ask,Kelvin Chan,CostlyCorianders,3566543
2026-07-02T05:09:34.137308,2026-07-02T05:09:34.149976+00:00,106.5,44,ask,DiligentDonuts,CostlyCorianders,3566544
2026-07-02T05:09:35.098975,2026-07-02T05:09:35.110440+00:00,106.5,50,ask,DiligentDonuts,FlawlessFlatbreads,3566569
2026-07-02T05:09:35.196657,2026-07-02T05:09:35.208004+00:00,106.8,1,bid,CostlyCorianders,Kelvin Chan,3566576
2026-07-02T05:09:35.196657,2026-07-02T05:09:35.208004+00:00,107.0,39,bid,CostlyCorianders,DiligentDonuts,3566577
2026-07-02T05:09:35.251606,2026-07-02T05:09:35.258683+00:00,106.5,6,ask,DiligentDonuts,CostlyCorianders,3566578
2026-07-02T05:09:35.251606,2026-07-02T05:09:35.263873+00:00,106.5,34,ask,EarnestEspressos,CostlyCorianders,3566579
2026-07-02T05:09:36.322060,2026-07-02T05:09:36.333648+00:00,106.5,45,ask,EarnestEspressos,CostlyCorianders,3566602
2026-07-02T05:09:37.206760,2026-07-02T05:09:37.218525+00:00,106.5,50,ask,EarnestEspressos,FlawlessFlatbreads,3566614
2026-07-02T05:09:37.392528,2026-07-02T05:09:37.403749+00:00,106.7,1,bid,Xuanyu Liu,Kelvin Chan,3566622
2026-07-02T05:09:37.749007,2026-07-02T05:09:37.758703+00:00,106.7,1,bid,Xuanyu Liu,Kelvin Chan,3566626
2026-07-02T05:09:38.460372,2026-07-02T05:09:38.468667+00:00,106.7,1,bid,Xuanyu Liu,EarnestEspressos,3566645
2026-07-02T05:09:39.316331,2026-07-02T05:09:39.324932+00:00,106.4,4,ask,Kelvin Chan,FlawlessFlatbreads,3566664
2026-07-02T05:09:39.316331,2026-07-02T05:09:39.324932+00:00,106.4,46,ask,DiligentDonuts,FlawlessFlatbreads,3566665
2026-07-02T05:09:41.423369,2026-07-02T05:09:41.434800+00:00,106.4,50,ask,DiligentDonuts,FlawlessFlatbreads,3566707
2026-07-02T05:09:42.365516,2026-07-02T05:09:42.377000+00:00,106.5,40,bid,CostlyCorianders,EarnestEspressos,3566733
2026-07-02T05:09:43.530595,2026-07-02T05:09:43.542025+00:00,106.4,2,ask,Kelvin Chan,FlawlessFlatbreads,3566751
2026-07-02T05:09:43.530595,2026-07-02T05:09:43.542025+00:00,106.0,48,ask,EarnestEspressos,FlawlessFlatbreads,3566752
2026-07-02T05:09:44.516113,2026-07-02T05:09:44.527910+00:00,106.5,46,bid,CostlyCorianders,EarnestEspressos,3566764
2026-07-02T05:09:44.996263,2026-07-02T05:09:45.007682+00:00,106.4,2,ask,Kelvin Chan,CostlyCorianders,3566777
2026-07-02T05:09:44.996263,2026-07-02T05:09:45.007682+00:00,106.1,46,ask,EarnestEspressos,CostlyCorianders,3566778
2026-07-02T05:09:45.637943,2026-07-02T05:09:45.645236+00:00,106.3,2,ask,Kelvin Chan,FlawlessFlatbreads,3566784
2026-07-02T05:09:45.637943,2026-07-02T05:09:45.645236+00:00,106.1,48,ask,EarnestEspressos,FlawlessFlatbreads,3566785
2026-07-02T05:09:47.502820,2026-07-02T05:09:47.510163+00:00,106.3,1,ask,Kelvin Chan,CostlyCorianders,3566822
2026-07-02T05:09:47.745986,2026-07-02T05:09:47.758583+00:00,106.1,50,ask,EarnestEspressos,FlawlessFlatbreads,3566826
2026-07-02T05:09:47.936231,2026-07-02T05:09:47.943647+00:00,105.9,100,ask,DiligentDonuts,EarnestEspressos,3566827
2026-07-02T05:09:47.949885,2026-07-02T05:09:47.961953+00:00,105.8,14,bid,Xuanyu Liu,EarnestEspressos,3566828
2026-07-02T05:09:47.960953,2026-07-02T05:09:47.982246+00:00,105.8,25,bid,Lachlan Han,EarnestEspressos,3566832
2026-07-02T05:09:48.169928,2026-07-02T05:09:48.177059+00:00,105.8,11,bid,Lachlan Han,EarnestEspressos,3566836
2026-07-02T05:09:48.778771,2026-07-02T05:09:48.787213+00:00,105.9,25,bid,Lachlan Han,DiligentDonuts,3566849
2026-07-02T05:09:49.187712,2026-07-02T05:09:49.194835+00:00,105.9,3,bid,Lachlan Han,DiligentDonuts,3566858
2026-07-02T05:09:49.396032,2026-07-02T05:09:49.406815+00:00,105.9,2,bid,Lachlan Han,DiligentDonuts,3566865
2026-07-02T05:09:49.801415,2026-07-02T05:09:49.810718+00:00,105.9,50,bid,FlawlessFlatbreads,DiligentDonuts,3566878
2026-07-02T05:09:51.043544,2026-07-02T05:09:51.063911+00:00,105.9,20,bid,EarnestEspressos,DiligentDonuts,3566900
2026-07-02T05:09:51.965292,2026-07-02T05:09:51.972155+00:00,106.0,50,ask,EarnestEspressos,FlawlessFlatbreads,3566909
2026-07-02T05:09:56.125095,2026-07-02T05:09:56.136626+00:00,106.4,3,bid,FlawlessFlatbreads,Kelvin Chan,3566975
2026-07-02T05:09:56.125095,2026-07-02T05:09:56.136626+00:00,106.4,47,bid,FlawlessFlatbreads,EarnestEspressos,3566976
2026-07-02T05:09:58.233546,2026-07-02T05:09:58.245010+00:00,106.5,50,bid,FlawlessFlatbreads,DiligentDonuts,3567026
2026-07-02T05:09:58.514774,2026-07-02T05:09:58.526477+00:00,106.5,48,bid,CostlyCorianders,DiligentDonuts,3567032
2026-07-02T05:09:59.823141,2026-07-02T05:09:59.833019+00:00,106.4,2,bid,Lachlan Han,Kelvin Chan,3567058
2026-07-02T05:10:00.031729,2026-07-02T05:10:00.041403+00:00,106.5,2,bid,Lachlan Han,DiligentDonuts,3567069
2026-07-02T05:10:00.341071,2026-07-02T05:10:00.352516+00:00,106.6,50,bid,FlawlessFlatbreads,EarnestEspressos,3567074
2026-07-02T05:10:00.603460,2026-07-02T05:10:00.617691+00:00,106.4,6,ask,EarnestEspressos,Xuanyu Liu,3567084
2026-07-02T05:10:01.008333,2026-07-02T05:10:01.017086+00:00,106.4,8,ask,EarnestEspressos,Xuanyu Liu,3567092
2026-07-02T05:10:02.451229,2026-07-02T05:10:02.458561+00:00,106.8,50,bid,FlawlessFlatbreads,DiligentDonuts,3567121
2026-07-02T05:10:04.559044,2026-07-02T05:10:04.569497+00:00,106.7,50,bid,FlawlessFlatbreads,EarnestEspressos,3567163
2026-07-02T05:10:06.674707,2026-07-02T05:10:06.683871+00:00,106.7,50,bid,FlawlessFlatbreads,EarnestEspressos,3567205
2026-07-02T05:10:06.745347,2026-07-02T05:10:06.758544+00:00,106.4,47,ask,DiligentDonuts,CostlyCorianders,3567208
2026-07-02T05:10:07.317532,2026-07-02T05:10:07.326012+00:00,106.6,46,ask,EarnestEspressos,CostlyCorianders,3567225
