timestamp,recv_time,price,volume,aggressor_side,buyer,seller,trade_id
2026-06-30T09:00:00.422046,2026-06-29T23:00:01.292887+00:00,65.2,40,bid,,,13415071
2026-06-30T09:00:00.879345,2026-06-29T23:00:01.748013+00:00,65.1,5,ask,,,13415080
2026-06-30T09:00:01.223142,2026-06-29T23:00:02.085442+00:00,64.7,50,ask,,,13415096
2026-06-30T09:00:02.234553,2026-06-29T23:00:03.105095+00:00,65.0,5,bid,,,13415110
2026-06-30T09:00:02.834982,2026-06-29T23:00:03.703443+00:00,65.0,4,bid,,,13415119
2026-06-30T09:00:02.905422,2026-06-29T23:00:03.768904+00:00,65.0,4,bid,,,13415120
2026-06-30T09:00:03.244595,2026-06-29T23:00:04.107500+00:00,65.0,4,bid,,,13415123
2026-06-30T09:00:03.270192,2026-06-29T23:00:04.139805+00:00,65.0,4,bid,,,13415124
2026-06-30T09:00:03.330087,2026-06-29T23:00:04.195112+00:00,64.8,50,ask,,,13415125
2026-06-30T09:00:03.982860,2026-06-29T23:00:04.848357+00:00,64.9,4,ask,,,13415139
2026-06-30T09:00:03.982860,2026-06-29T23:00:04.848357+00:00,64.8,36,ask,,,13415140
2026-06-30T09:00:04.599372,2026-06-29T23:00:05.465192+00:00,65.3,47,bid,,,13415149
2026-06-30T09:00:05.385808,2026-06-29T23:00:06.246552+00:00,65.2,2,bid,,,13415157
2026-06-30T09:00:05.385808,2026-06-29T23:00:06.257625+00:00,65.3,48,bid,,,13415158
2026-06-30T09:00:05.744917,2026-06-29T23:00:06.607417+00:00,65.2,25,bid,,,13415171
2026-06-30T09:00:07.157563,2026-06-29T23:00:08.027402+00:00,65.2,75,bid,,,13415201
2026-06-30T09:00:07.437430,2026-06-29T23:00:08.308265+00:00,65.3,48,ask,,,13415205
2026-06-30T09:00:07.499784,2026-06-29T23:00:08.363103+00:00,65.8,50,bid,,,13415206
2026-06-30T09:00:09.082087,2026-06-29T23:00:09.969895+00:00,65.3,27,ask,,,13415239
2026-06-30T09:00:09.082087,2026-06-29T23:00:09.969895+00:00,65.3,16,ask,,,13415240
2026-06-30T09:00:09.618717,2026-06-29T23:00:10.526079+00:00,65.8,50,bid,,,13415253
2026-06-30T09:00:10.760890,2026-06-29T23:00:11.624134+00:00,65.4,25,bid,,,13415272
2026-06-30T09:00:11.724195,2026-06-29T23:00:12.590808+00:00,65.4,50,bid,,,13415289
2026-06-30T09:00:12.363382,2026-06-29T23:00:13.230707+00:00,65.4,44,bid,,,13415301
2026-06-30T09:00:13.830373,2026-06-29T23:00:14.700997+00:00,65.7,50,bid,,,13415328
2026-06-30T09:00:15.752502,2026-06-29T23:00:16.618481+00:00,65.2,48,ask,,,13415353
2026-06-30T09:00:15.936449,2026-06-29T23:00:16.804215+00:00,65.7,50,bid,,,13415358
2026-06-30T09:00:17.967796,2026-06-29T23:00:18.837820+00:00,65.4,6,bid,,,13415400
2026-06-30T09:00:17.967796,2026-06-29T23:00:18.837820+00:00,65.7,43,bid,,,13415401
2026-06-30T09:00:18.041617,2026-06-29T23:00:18.903265+00:00,65.7,50,bid,,,13415402
2026-06-30T09:00:19.646673,2026-06-29T23:00:20.514054+00:00,65.7,42,bid,,,13415433
2026-06-30T09:00:19.808433,2026-06-29T23:00:20.677217+00:00,65.8,100,bid,,,13415440
2026-06-30T09:00:20.200066,2026-06-29T23:00:21.068662+00:00,65.8,50,ask,,,13415449
2026-06-30T09:00:22.313197,2026-06-29T23:00:23.182881+00:00,65.6,50,ask,,,13415490
2026-06-30T09:00:24.421517,2026-06-29T23:00:25.284091+00:00,65.8,50,ask,,,13415535
2026-06-30T09:00:24.857784,2026-06-29T23:00:25.727450+00:00,65.8,48,ask,,,13415546
2026-06-30T09:00:25.779958,2026-06-29T23:00:26.640953+00:00,65.8,2,ask,,,13415562
2026-06-30T09:00:26.313124,2026-06-29T23:00:27.184097+00:00,65.3,43,ask,,,13415577
2026-06-30T09:00:26.528919,2026-06-29T23:00:27.391024+00:00,65.3,50,ask,,,13415588
2026-06-30T09:00:28.411973,2026-06-29T23:00:29.274395+00:00,65.6,4,bid,,,13415615
2026-06-30T09:00:28.411973,2026-06-29T23:00:29.285459+00:00,65.8,42,bid,,,13415616
2026-06-30T09:00:28.639447,2026-06-29T23:00:29.502907+00:00,65.4,50,ask,,,13415620
2026-06-30T09:00:30.416582,2026-06-29T23:00:31.283057+00:00,65.7,3,bid,,,13415655
2026-06-30T09:00:30.416582,2026-06-29T23:00:31.283057+00:00,65.7,38,bid,,,13415656
2026-06-30T09:00:30.745704,2026-06-29T23:00:31.608793+00:00,65.4,50,ask,,,13415662
2026-06-30T09:00:30.804021,2026-06-29T23:00:31.675170+00:00,65.7,25,bid,,,13415664
2026-06-30T09:00:32.853384,2026-06-29T23:00:33.724280+00:00,65.5,50,ask,,,13415696
2026-06-30T09:00:34.909412,2026-06-29T23:00:35.772028+00:00,65.7,50,bid,,,13415750
2026-06-30T09:00:37.703069,2026-06-29T23:00:38.573272+00:00,65.3,4,ask,,,13415803
2026-06-30T09:00:37.703069,2026-06-29T23:00:38.573272+00:00,65.3,38,ask,,,13415804
2026-06-30T09:00:39.119358,2026-06-29T23:00:39.979754+00:00,65.6,50,bid,,,13415828
2026-06-30T09:00:40.836690,2026-06-29T23:00:41.700923+00:00,65.6,25,bid,,,13415865
2026-06-30T09:00:40.973370,2026-06-29T23:00:41.843902+00:00,65.6,49,bid,,,13415873
2026-06-30T09:00:41.224626,2026-06-29T23:00:42.093063+00:00,65.6,26,bid,,,13415876
2026-06-30T09:00:41.224626,2026-06-29T23:00:42.093063+00:00,65.7,24,bid,,,13415877
2026-06-30T09:00:41.934218,2026-06-29T23:00:42.797494+00:00,65.7,76,bid,,,13415889
2026-06-30T09:00:42.400633,2026-06-29T23:00:43.267063+00:00,65.8,42,ask,,,13415901
2026-06-30T09:00:43.522451,2026-06-29T23:00:44.390071+00:00,66.0,45,bid,,,13415919
2026-06-30T09:00:43.559902,2026-06-29T23:00:44.423270+00:00,65.8,6,ask,,,13415920
2026-06-30T09:00:45.515185,2026-06-29T23:00:46.384030+00:00,65.5,50,ask,,,13415950
2026-06-30T09:00:45.603189,2026-06-29T23:00:46.471144+00:00,65.5,46,ask,,,13415953
2026-06-30T09:00:47.578984,2026-06-29T23:00:48.442393+00:00,65.9,50,bid,,,13416001
2026-06-30T09:00:48.687412,2026-06-29T23:00:49.552840+00:00,66.0,41,bid,,,13416024
2026-06-30T09:00:48.741582,2026-06-29T23:00:49.607179+00:00,65.7,46,ask,,,13416027
2026-06-30T09:00:49.239249,2026-06-29T23:00:50.106974+00:00,65.7,40,ask,,,13416034
2026-06-30T09:00:49.735304,2026-06-29T23:00:50.597808+00:00,65.7,50,ask,,,13416048
2026-06-30T09:00:51.488786,2026-06-29T23:00:52.358522+00:00,65.6,100,ask,,,13416074
2026-06-30T09:00:51.861778,2026-06-29T23:00:52.729748+00:00,65.4,4,ask,,,13416080
2026-06-30T09:00:51.861778,2026-06-29T23:00:52.729748+00:00,65.1,46,ask,,,13416081
2026-06-30T09:00:53.235120,2026-06-29T23:00:54.103026+00:00,65.6,46,bid,,,13416110
2026-06-30T09:00:53.971469,2026-06-29T23:00:54.839015+00:00,65.2,50,ask,,,13416118
2026-06-30T09:00:56.102398,2026-06-29T23:00:56.968980+00:00,65.4,50,ask,,,13416161
2026-06-30T09:00:57.952801,2026-06-29T23:00:58.828987+00:00,65.5,47,bid,,,13416198
2026-06-30T09:01:00.323516,2026-06-29T23:01:01.188891+00:00,65.3,50,ask,,,13416248
2026-06-30T09:01:00.982720,2026-06-29T23:01:01.852832+00:00,65.4,1,ask,,,13416255
2026-06-30T09:01:01.038078,2026-06-29T23:01:01.907178+00:00,65.4,1,bid,,,13416256
2026-06-30T09:01:01.061855,2026-06-29T23:01:01.928333+00:00,65.4,1,bid,,,13416257
2026-06-30T09:01:01.119678,2026-06-29T23:01:01.983179+00:00,65.4,1,bid,,,13416260
2026-06-30T09:01:01.177120,2026-06-29T23:01:02.037549+00:00,65.4,1,bid,,,13416261
2026-06-30T09:01:01.204765,2026-06-29T23:01:02.069823+00:00,65.4,1,bid,,,13416262
2026-06-30T09:01:02.380519,2026-06-29T23:01:03.245202+00:00,65.4,50,bid,,,13416293
2026-06-30T09:01:02.803236,2026-06-29T23:01:03.669673+00:00,65.4,45,bid,,,13416304
2026-06-30T09:01:04.488335,2026-06-29T23:01:05.357770+00:00,65.5,50,bid,,,13416337
2026-06-30T09:01:06.593945,2026-06-29T23:01:07.459854+00:00,65.7,3,bid,,,13416374
2026-06-30T09:01:06.593945,2026-06-29T23:01:07.459854+00:00,65.7,47,bid,,,13416375
2026-06-30T09:01:07.269662,2026-06-29T23:01:08.136320+00:00,65.3,2,ask,,,13416388
2026-06-30T09:01:07.269662,2026-06-29T23:01:08.136320+00:00,65.3,43,ask,,,13416389
2026-06-30T09:01:08.704531,2026-06-29T23:01:09.565487+00:00,65.6,3,bid,,,13416423
2026-06-30T09:01:08.704531,2026-06-29T23:01:09.587613+00:00,65.7,47,bid,,,13416424
2026-06-30T09:01:10.721533,2026-06-29T23:01:11.588725+00:00,65.3,43,ask,,,13416463
2026-06-30T09:01:10.822078,2026-06-29T23:01:11.687347+00:00,65.6,6,bid,,,13416467
2026-06-30T09:01:10.822078,2026-06-29T23:01:11.687347+00:00,65.7,44,bid,,,13416468
2026-06-30T09:01:11.807698,2026-06-29T23:01:12.674133+00:00,65.6,6,bid,,,13416482
2026-06-30T09:01:12.995664,2026-06-29T23:01:13.859770+00:00,65.7,50,ask,,,13416503
2026-06-30T09:01:13.640125,2026-06-29T23:01:14.502946+00:00,65.7,44,ask,,,13416517
2026-06-30T09:01:15.668339,2026-06-29T23:01:16.535431+00:00,65.5,40,ask,,,13416555
2026-06-30T09:01:17.205345,2026-06-29T23:01:18.067186+00:00,65.5,50,ask,,,13416570
2026-06-30T09:01:18.614271,2026-06-29T23:01:19.478770+00:00,65.7,45,bid,,,13416596
2026-06-30T09:01:20.579541,2026-06-29T23:01:21.449074+00:00,65.8,47,bid,,,13416642
2026-06-30T09:01:21.416584,2026-06-29T23:01:22.277630+00:00,65.4,4,ask,,,13416664
2026-06-30T09:01:21.416584,2026-06-29T23:01:22.288260+00:00,65.4,46,ask,,,13416665
2026-06-30T09:01:22.760006,2026-06-29T23:01:23.627243+00:00,65.4,42,ask,,,13416694
2026-06-30T09:01:23.471990,2026-06-29T23:01:24.343061+00:00,65.7,50,bid,,,13416704
2026-06-30T09:01:25.629312,2026-06-29T23:01:26.490151+00:00,65.5,50,ask,,,13416740
2026-06-30T09:01:27.686585,2026-06-29T23:01:28.548850+00:00,65.5,50,bid,,,13416772
2026-06-30T09:01:28.220297,2026-06-29T23:01:29.084366+00:00,65.5,46,bid,,,13416792
2026-06-30T09:01:29.580045,2026-06-29T23:01:30.467269+00:00,65.4,3,ask,,,13416817
2026-06-30T09:01:29.580045,2026-06-29T23:01:30.467269+00:00,65.2,43,ask,,,13416818
2026-06-30T09:01:29.793295,2026-06-29T23:01:30.717368+00:00,65.5,4,bid,,,13416822
2026-06-30T09:01:29.793295,2026-06-29T23:01:30.717368+00:00,65.7,46,bid,,,13416823
2026-06-30T09:01:30.618052,2026-06-29T23:01:31.488563+00:00,65.2,49,ask,,,13416838
2026-06-30T09:01:31.899791,2026-06-29T23:01:32.762110+00:00,65.7,50,bid,,,13416869
2026-06-30T09:01:34.006601,2026-06-29T23:01:34.874061+00:00,65.8,50,bid,,,13416903
2026-06-30T09:01:34.451103,2026-06-29T23:01:35.318686+00:00,65.8,43,bid,,,13416920
2026-06-30T09:01:35.365968,2026-06-29T23:01:36.234405+00:00,65.8,40,bid,,,13416930
2026-06-30T09:01:36.112362,2026-06-29T23:01:36.974078+00:00,65.9,50,bid,,,13416943
2026-06-30T09:01:37.536492,2026-06-29T23:01:38.407356+00:00,65.8,44,ask,,,13416975
2026-06-30T09:01:38.220942,2026-06-29T23:01:39.091799+00:00,66.1,50,bid,,,13416986
2026-06-30T09:01:38.357149,2026-06-29T23:01:39.221967+00:00,65.8,5,ask,,,13416989
2026-06-30T09:01:38.473107,2026-06-29T23:01:39.342278+00:00,65.8,5,ask,,,13416995
2026-06-30T09:01:40.329046,2026-06-29T23:01:41.192962+00:00,66.0,50,bid,,,13417034
2026-06-30T09:01:41.641124,2026-06-29T23:01:42.508558+00:00,65.5,48,ask,,,13417064
2026-06-30T09:01:42.486045,2026-06-29T23:01:43.357308+00:00,65.5,50,ask,,,13417081
2026-06-30T09:01:43.314194,2026-06-29T23:01:44.183029+00:00,65.9,44,bid,,,13417096
2026-06-30T09:01:44.542231,2026-06-29T23:01:45.410898+00:00,65.8,50,bid,,,13417129
2026-06-30T09:01:45.366919,2026-06-29T23:01:46.228817+00:00,65.8,43,bid,,,13417141
2026-06-30T09:01:46.699337,2026-06-29T23:01:47.570764+00:00,65.7,50,ask,,,13417170
2026-06-30T09:01:48.420506,2026-06-29T23:01:49.287683+00:00,65.8,1,bid,,,13417205
2026-06-30T09:01:48.671415,2026-06-29T23:01:49.538476+00:00,65.8,48,ask,,,13417206
2026-06-30T09:01:48.806050,2026-06-29T23:01:49.669907+00:00,65.8,50,ask,,,13417210
2026-06-30T09:01:50.213412,2026-06-29T23:01:51.081099+00:00,65.8,46,ask,,,13417229
2026-06-30T09:01:50.914408,2026-06-29T23:01:51.777334+00:00,65.8,5,ask,,,13417240
2026-06-30T09:01:50.914408,2026-06-29T23:01:51.787923+00:00,65.7,45,ask,,,13417241
2026-06-30T09:01:51.634040,2026-06-29T23:01:52.496134+00:00,65.7,55,ask,,,13417264
2026-06-30T09:01:52.265496,2026-06-29T23:01:53.127226+00:00,65.6,43,bid,,,13417268
2026-06-30T09:01:55.146440,2026-06-29T23:01:56.010777+00:00,65.5,50,ask,,,13417334
2026-06-30T09:01:55.201157,2026-06-29T23:01:56.066080+00:00,65.8,41,bid,,,13417335
2026-06-30T09:01:57.201738,2026-06-29T23:01:58.073150+00:00,65.9,50,bid,,,13417364
2026-06-30T09:01:57.888159,2026-06-29T23:01:58.757795+00:00,65.4,41,ask,,,13417384
2026-06-30T09:01:58.897237,2026-06-29T23:01:59.766443+00:00,65.4,40,ask,,,13417403
2026-06-30T09:01:59.369985,2026-06-29T23:02:00.232318+00:00,65.3,50,ask,,,13417411
2026-06-30T09:02:00.016972,2026-06-29T23:02:00.886137+00:00,65.6,47,bid,,,13417422
2026-06-30T09:02:01.447088,2026-06-29T23:02:02.318866+00:00,65.8,50,bid,,,13417442
2026-06-30T09:02:02.062169,2026-06-29T23:02:02.928448+00:00,65.8,40,bid,,,13417460
2026-06-30T09:02:03.552292,2026-06-29T23:02:04.417968+00:00,65.9,50,bid,,,13417487
2026-06-30T09:02:05.659669,2026-06-29T23:02:06.528694+00:00,65.8,3,bid,,,13417520
2026-06-30T09:02:05.659669,2026-06-29T23:02:06.528694+00:00,66.1,47,bid,,,13417521
2026-06-30T09:02:06.187714,2026-06-29T23:02:07.051870+00:00,65.7,40,ask,,,13417532
2026-06-30T09:02:07.768993,2026-06-29T23:02:08.631883+00:00,65.9,3,bid,,,13417557
2026-06-30T09:02:07.768993,2026-06-29T23:02:08.642946+00:00,66.1,47,bid,,,13417558
2026-06-30T09:02:09.383747,2026-06-29T23:02:10.246345+00:00,65.6,41,ask,,,13417593
2026-06-30T09:02:09.941608,2026-06-29T23:02:10.813176+00:00,65.6,50,ask,,,13417602
2026-06-30T09:02:10.600320,2026-06-29T23:02:11.467374+00:00,65.6,100,ask,,,13417611
2026-06-30T09:02:12.687059,2026-06-29T23:02:13.551773+00:00,65.6,49,bid,,,13417648
2026-06-30T09:02:13.711084,2026-06-29T23:02:14.572800+00:00,65.8,100,bid,,,13417658
2026-06-30T09:02:14.099495,2026-06-29T23:02:14.966577+00:00,65.9,3,bid,,,13417667
2026-06-30T09:02:14.099495,2026-06-29T23:02:14.966577+00:00,66.3,47,bid,,,13417668
2026-06-30T09:02:15.140011,2026-06-29T23:02:16.009830+00:00,65.8,45,ask,,,13417682
2026-06-30T09:02:15.985911,2026-06-29T23:02:16.857074+00:00,65.8,5,ask,,,13417697
2026-06-30T09:02:16.217756,2026-06-29T23:02:17.087113+00:00,65.9,3,bid,,,13417702
2026-06-30T09:02:16.217756,2026-06-29T23:02:17.087113+00:00,66.1,47,bid,,,13417703
2026-06-30T09:02:18.234757,2026-06-29T23:02:19.097363+00:00,65.8,100,bid,,,13417736
2026-06-30T09:02:20.477092,2026-06-29T23:02:21.338328+00:00,65.8,50,ask,,,13417783
2026-06-30T09:02:21.005169,2026-06-29T23:02:21.871013+00:00,65.8,25,ask,,,13417796
2026-06-30T09:02:21.014090,2026-06-29T23:02:21.882076+00:00,65.8,2,ask,,,13417798
2026-06-30T09:02:22.423465,2026-06-29T23:02:23.287599+00:00,66.0,49,bid,,,13417826
2026-06-30T09:02:22.535209,2026-06-29T23:02:23.396348+00:00,66.0,50,bid,,,13417831
2026-06-30T09:02:24.578443,2026-06-29T23:02:25.441917+00:00,65.9,100,bid,,,13417875
2026-06-30T09:02:24.640204,2026-06-29T23:02:25.507846+00:00,65.9,50,bid,,,13417876
2026-06-30T09:02:26.019655,2026-06-29T23:02:26.888458+00:00,65.7,2,ask,,,13417905
2026-06-30T09:02:26.745656,2026-06-29T23:02:27.607698+00:00,66.4,50,bid,,,13417921
2026-06-30T09:02:28.851236,2026-06-29T23:02:29.717390+00:00,66.2,50,bid,,,13417958
2026-06-30T09:02:29.926041,2026-06-29T23:02:30.790000+00:00,65.9,47,ask,,,13417969
2026-06-30T09:02:31.013414,2026-06-29T23:02:31.877378+00:00,66.0,50,ask,,,13417994
2026-06-30T09:02:31.029634,2026-06-29T23:02:31.898601+00:00,66.0,25,ask,,,13417995
2026-06-30T09:02:31.039994,2026-06-29T23:02:31.909682+00:00,66.0,2,ask,,,13417997
2026-06-30T09:02:33.067426,2026-06-29T23:02:33.933899+00:00,66.4,50,bid,,,13418043
2026-06-30T09:02:34.534873,2026-06-29T23:02:35.398582+00:00,65.9,42,ask,,,13418075
2026-06-30T09:02:35.173255,2026-06-29T23:02:36.041842+00:00,66.2,50,bid,,,13418090
2026-06-30T09:02:36.049631,2026-06-29T23:02:36.914393+00:00,65.8,2,ask,,,13418108
2026-06-30T09:02:37.331070,2026-06-29T23:02:38.197134+00:00,65.8,50,ask,,,13418138
2026-06-30T09:02:37.699628,2026-06-29T23:02:38.567117+00:00,66.3,47,bid,,,13418144
2026-06-30T09:02:38.754216,2026-06-29T23:02:39.622285+00:00,65.8,49,ask,,,13418166
2026-06-30T09:02:39.438424,2026-06-29T23:02:40.308461+00:00,65.8,50,ask,,,13418180
2026-06-30T09:02:41.060348,2026-06-29T23:02:41.927739+00:00,65.6,2,ask,,,13418205
2026-06-30T09:02:41.544433,2026-06-29T23:02:42.407423+00:00,65.6,50,ask,,,13418217
2026-06-30T09:02:43.651180,2026-06-29T23:02:44.520934+00:00,65.5,50,ask,,,13418258
2026-06-30T09:02:45.393381,2026-06-29T23:02:46.254349+00:00,65.5,100,ask,,,13418305
2026-06-30T09:02:45.757746,2026-06-29T23:02:46.625490+00:00,65.0,50,ask,,,13418314
2026-06-30T09:02:47.864572,2026-06-29T23:02:48.736470+00:00,65.2,50,ask,,,13418359
2026-06-30T09:02:49.919723,2026-06-29T23:02:50.785423+00:00,65.9,5,bid,,,13418403
2026-06-30T09:02:52.076097,2026-06-29T23:02:52.941019+00:00,65.5,50,ask,,,13418441
2026-06-30T09:02:54.201487,2026-06-29T23:02:55.068986+00:00,65.5,50,ask,,,13418478
2026-06-30T09:02:56.095941,2026-06-29T23:02:56.958766+00:00,65.3,25,bid,,,13418518
2026-06-30T09:02:56.307129,2026-06-29T23:02:57.177175+00:00,65.0,50,ask,,,13418522
2026-06-30T09:02:58.415133,2026-06-29T23:02:59.283368+00:00,65.1,50,ask,,,13418570
2026-06-30T09:02:58.608267,2026-06-29T23:02:59.477671+00:00,65.5,45,bid,,,13418573
2026-06-30T09:03:00.471556,2026-06-29T23:03:01.337371+00:00,65.6,50,bid,,,13418605
2026-06-30T09:03:02.575944,2026-06-29T23:03:03.437409+00:00,65.5,50,bid,,,13418646
2026-06-30T09:03:04.685878,2026-06-29T23:03:05.547231+00:00,65.7,4,bid,,,13418676
2026-06-30T09:03:04.685878,2026-06-29T23:03:05.557858+00:00,65.7,46,bid,,,13418677
2026-06-30T09:03:04.816291,2026-06-29T23:03:05.687712+00:00,65.7,42,bid,,,13418679
2026-06-30T09:03:05.331023,2026-06-29T23:03:06.199208+00:00,65.3,40,ask,,,13418693
2026-06-30T09:03:06.792756,2026-06-29T23:03:07.661871+00:00,65.6,3,bid,,,13418711
2026-06-30T09:03:06.792756,2026-06-29T23:03:07.661871+00:00,65.8,47,bid,,,13418712
2026-06-30T09:03:08.914117,2026-06-29T23:03:09.782254+00:00,65.7,2,bid,,,13418745
2026-06-30T09:03:13.123341,2026-06-29T23:03:13.993865+00:00,65.7,2,bid,,,13418829
2026-06-30T09:03:13.123341,2026-06-29T23:03:13.993865+00:00,65.8,48,bid,,,13418830
2026-06-30T09:03:13.795166,2026-06-29T23:03:14.668376+00:00,65.7,3,bid,,,13418838
2026-06-30T09:03:13.795166,2026-06-29T23:03:14.668376+00:00,65.9,46,bid,,,13418839
2026-06-30T09:03:14.393332,2026-06-29T23:03:15.256458+00:00,65.6,41,ask,,,13418859
2026-06-30T09:03:14.932540,2026-06-29T23:03:15.800966+00:00,65.7,3,bid,,,13418863
2026-06-30T09:03:14.932540,2026-06-29T23:03:15.800966+00:00,65.9,42,bid,,,13418864
2026-06-30T09:03:15.209511,2026-06-29T23:03:16.074302+00:00,65.7,3,bid,,,13418870
2026-06-30T09:03:16.487888,2026-06-29T23:03:17.359022+00:00,65.7,43,ask,,,13418899
2026-06-30T09:03:17.031876,2026-06-29T23:03:17.900137+00:00,65.7,43,ask,,,13418908
2026-06-30T09:03:17.340962,2026-06-29T23:03:18.212284+00:00,65.8,2,bid,,,13418921
2026-06-30T09:03:17.340962,2026-06-29T23:03:18.212284+00:00,66.1,48,bid,,,13418922
2026-06-30T09:03:19.501812,2026-06-29T23:03:20.363251+00:00,65.6,50,ask,,,13418966
2026-06-30T09:03:21.556222,2026-06-29T23:03:22.417743+00:00,65.8,50,bid,,,13419011
2026-06-30T09:03:23.662364,2026-06-29T23:03:24.527260+00:00,65.8,4,bid,,,13419056
2026-06-30T09:03:23.662364,2026-06-29T23:03:24.527260+00:00,65.9,46,bid,,,13419057
2026-06-30T09:03:25.771332,2026-06-29T23:03:26.640131+00:00,66.0,50,bid,,,13419088
2026-06-30T09:03:28.525695,2026-06-29T23:03:29.387497+00:00,65.9,4,ask,,,13419123
2026-06-30T09:03:29.980376,2026-06-29T23:03:30.849684+00:00,66.0,4,bid,,,13419154
2026-06-30T09:03:29.980376,2026-06-29T23:03:30.849684+00:00,66.1,46,bid,,,13419155
2026-06-30T09:03:32.033093,2026-06-29T23:03:32.897269+00:00,66.0,1,bid,,,13419195
2026-06-30T09:03:32.033093,2026-06-29T23:03:32.897269+00:00,66.4,43,bid,,,13419196
2026-06-30T09:03:32.088076,2026-06-29T23:03:32.951212+00:00,66.4,50,bid,,,13419197
2026-06-30T09:03:32.765951,2026-06-29T23:03:33.627319+00:00,66.4,100,bid,,,13419213
2026-06-30T09:03:34.195518,2026-06-29T23:03:35.069638+00:00,66.9,50,bid,,,13419233
2026-06-30T09:03:36.149614,2026-06-29T23:03:37.019647+00:00,66.3,25,ask,,,13419268
2026-06-30T09:03:36.304728,2026-06-29T23:03:37.172161+00:00,66.5,50,bid,,,13419275
2026-06-30T09:03:38.411714,2026-06-29T23:03:39.274267+00:00,66.5,50,bid,,,13419305
2026-06-30T09:03:40.519260,2026-06-29T23:03:41.388876+00:00,67.1,50,bid,,,13419336
2026-06-30T09:03:40.579219,2026-06-29T23:03:41.444127+00:00,66.6,100,ask,,,13419338
2026-06-30T09:03:41.167549,2026-06-29T23:03:42.033035+00:00,66.6,25,ask,,,13419345
2026-06-30T09:03:42.625015,2026-06-29T23:03:43.490977+00:00,66.7,50,bid,,,13419371
2026-06-30T09:03:42.662481,2026-06-29T23:03:43.535231+00:00,66.2,45,ask,,,13419377
2026-06-30T09:03:43.759463,2026-06-29T23:03:44.624214+00:00,66.7,41,bid,,,13419394
2026-06-30T09:03:43.813299,2026-06-29T23:03:44.678617+00:00,66.3,41,ask,,,13419395
2026-06-30T09:03:44.732216,2026-06-29T23:03:45.595332+00:00,66.7,50,bid,,,13419412
2026-06-30T09:03:44.750361,2026-06-29T23:03:45.617458+00:00,66.7,9,bid,,,13419413
2026-06-30T09:03:44.750361,2026-06-29T23:03:45.617458+00:00,66.8,39,bid,,,13419414
2026-06-30T09:03:45.407534,2026-06-29T23:03:46.271040+00:00,66.3,49,ask,,,13419426
2026-06-30T09:03:46.179262,2026-06-29T23:03:47.046322+00:00,66.6,25,ask,,,13419437
2026-06-30T09:03:46.897032,2026-06-29T23:03:47.766174+00:00,66.6,50,ask,,,13419453
2026-06-30T09:03:48.053012,2026-06-29T23:03:48.918392+00:00,66.6,45,ask,,,13419467
2026-06-30T09:03:49.705081,2026-06-29T23:03:50.572981+00:00,66.6,45,bid,,,13419489
2026-06-30T09:03:50.186550,2026-06-29T23:03:51.050687+00:00,66.2,46,ask,,,13419492
2026-06-30T09:03:50.796644,2026-06-29T23:03:51.658909+00:00,66.6,44,bid,,,13419494
2026-06-30T09:03:51.123971,2026-06-29T23:03:51.988206+00:00,66.2,50,ask,,,13419502
2026-06-30T09:03:51.189661,2026-06-29T23:03:52.054143+00:00,66.2,4,ask,,,13419503
2026-06-30T09:03:51.200631,2026-06-29T23:03:52.076268+00:00,66.1,2,ask,,,13419505
2026-06-30T09:03:51.278564,2026-06-29T23:03:52.151802+00:00,66.6,43,bid,,,13419506
2026-06-30T09:03:53.225878,2026-06-29T23:03:54.098583+00:00,66.5,100,ask,,,13419519
2026-06-30T09:03:53.230602,2026-06-29T23:03:54.098583+00:00,66.5,50,ask,,,13419520
2026-06-30T09:03:55.185506,2026-06-29T23:03:56.052245+00:00,66.4,4,ask,,,13419554
2026-06-30T09:03:55.185506,2026-06-29T23:03:56.052245+00:00,66.1,43,ask,,,13419555
2026-06-30T09:03:56.209619,2026-06-29T23:03:57.078301+00:00,66.1,25,ask,,,13419578
2026-06-30T09:03:56.219318,2026-06-29T23:03:57.088880+00:00,66.1,2,ask,,,13419580
2026-06-30T09:03:57.269580,2026-06-29T23:03:58.135399+00:00,66.6,46,bid,,,13419594
2026-06-30T09:03:57.466270,2026-06-29T23:03:58.330752+00:00,66.4,3,ask,,,13419598
2026-06-30T09:03:57.466270,2026-06-29T23:03:58.341835+00:00,66.2,47,ask,,,13419599
2026-06-30T09:03:59.573317,2026-06-29T23:04:00.441112+00:00,66.3,4,ask,,,13419635
2026-06-30T09:03:59.573317,2026-06-29T23:04:00.441112+00:00,66.0,46,ask,,,13419636
2026-06-30T09:04:01.229212,2026-06-29T23:04:02.095081+00:00,66.3,2,ask,,,13419667
2026-06-30T09:04:01.321773,2026-06-29T23:04:02.193286+00:00,66.3,3,ask,,,13419668
2026-06-30T09:04:01.415969,2026-06-29T23:04:02.279885+00:00,66.3,5,bid,,,13419671
2026-06-30T09:04:01.479117,2026-06-29T23:04:02.345801+00:00,66.3,5,bid,,,13419673
2026-06-30T09:04:01.630090,2026-06-29T23:04:02.498323+00:00,66.3,50,bid,,,13419677
2026-06-30T09:04:01.650565,2026-06-29T23:04:02.519981+00:00,66.3,5,bid,,,13419678
2026-06-30T09:04:05.388494,2026-06-29T23:04:06.258834+00:00,66.3,41,bid,,,13419746
2026-06-30T09:04:05.853109,2026-06-29T23:04:06.718470+00:00,66.3,50,bid,,,13419759
2026-06-30T09:04:06.239921,2026-06-29T23:04:07.111079+00:00,65.9,2,ask,,,13419766
2026-06-30T09:04:07.569819,2026-06-29T23:04:08.439884+00:00,65.9,45,ask,,,13419797
2026-06-30T09:04:09.144636,2026-06-29T23:04:10.020792+00:00,66.5,42,bid,,,13419818
2026-06-30T09:04:10.123129,2026-06-29T23:04:10.991029+00:00,66.3,50,ask,,,13419840
2026-06-30T09:04:11.249594,2026-06-29T23:04:12.114145+00:00,66.3,2,ask,,,13419867
2026-06-30T09:04:11.717543,2026-06-29T23:04:12.581856+00:00,66.3,48,ask,,,13419875
2026-06-30T09:04:12.716132,2026-06-29T23:04:13.582334+00:00,66.3,46,ask,,,13419901
2026-06-30T09:04:14.282253,2026-06-29T23:04:15.148482+00:00,66.6,50,bid,,,13419930
2026-06-30T09:04:16.259452,2026-06-29T23:04:17.130754+00:00,66.3,2,ask,,,13419969
2026-06-30T09:04:16.440252,2026-06-29T23:04:17.304369+00:00,66.3,50,ask,,,13419970
2026-06-30T09:04:17.200718,2026-06-29T23:04:18.066042+00:00,66.7,43,bid,,,13419994
2026-06-30T09:04:18.556450,2026-06-29T23:04:19.422214+00:00,66.2,3,ask,,,13420012
2026-06-30T09:04:18.556450,2026-06-29T23:04:19.422214+00:00,66.2,47,ask,,,13420013
2026-06-30T09:04:19.301944,2026-06-29T23:04:20.174791+00:00,66.6,49,bid,,,13420032
2026-06-30T09:04:19.358724,2026-06-29T23:04:20.230100+00:00,66.2,43,ask,,,13420033
2026-06-30T09:04:20.664299,2026-06-29T23:04:21.534312+00:00,66.2,4,ask,,,13420052
2026-06-30T09:04:20.664299,2026-06-29T23:04:21.534312+00:00,66.1,46,ask,,,13420053
2026-06-30T09:04:20.860652,2026-06-29T23:04:21.728156+00:00,66.1,47,ask,,,13420056
2026-06-30T09:04:21.269644,2026-06-29T23:04:22.131859+00:00,66.1,2,ask,,,13420066
2026-06-30T09:04:22.772732,2026-06-29T23:04:23.644151+00:00,65.9,50,ask,,,13420096
2026-06-30T09:04:24.337458,2026-06-29T23:04:25.209045+00:00,66.2,47,bid,,,13420128
2026-06-30T09:04:24.884886,2026-06-29T23:04:25.762273+00:00,65.9,50,ask,,,13420143
2026-06-30T09:04:24.940784,2026-06-29T23:04:25.806533+00:00,66.2,43,bid,,,13420144
2026-06-30T09:04:25.979716,2026-06-29T23:04:26.848636+00:00,65.9,48,ask,,,13420155
2026-06-30T09:04:26.503090,2026-06-29T23:04:27.374137+00:00,66.2,45,bid,,,13420165
2026-06-30T09:04:26.615209,2026-06-29T23:04:27.482898+00:00,66.4,5,bid,,,13420166
2026-06-30T09:04:26.615209,2026-06-29T23:04:27.482898+00:00,66.4,100,bid,,,13420167
2026-06-30T09:04:26.639964,2026-06-29T23:04:27.505025+00:00,66.4,5,ask,,,13420169
2026-06-30T09:04:26.991196,2026-06-29T23:04:27.864257+00:00,66.4,40,ask,,,13420174
2026-06-30T09:04:26.991196,2026-06-29T23:04:27.864257+00:00,66.1,1,ask,,,13420175
2026-06-30T09:04:29.050297,2026-06-29T23:04:29.919052+00:00,66.4,5,bid,,,13420218
2026-06-30T09:04:29.050297,2026-06-29T23:04:29.930135+00:00,66.4,45,bid,,,13420219
2026-06-30T09:04:29.198480,2026-06-29T23:04:30.071056+00:00,66.1,1,ask,,,13420220
2026-06-30T09:04:29.198480,2026-06-29T23:04:30.071056+00:00,65.9,46,ask,,,13420221
2026-06-30T09:04:30.748416,2026-06-29T23:04:31.617680+00:00,66.2,42,bid,,,13420253
2026-06-30T09:04:31.156535,2026-06-29T23:04:32.019962+00:00,66.2,50,bid,,,13420266
2026-06-30T09:04:32.256435,2026-06-29T23:04:33.130855+00:00,66.0,41,ask,,,13420288
2026-06-30T09:04:33.262802,2026-06-29T23:04:34.130129+00:00,66.4,4,bid,,,13420312
2026-06-30T09:04:33.262802,2026-06-29T23:04:34.130129+00:00,66.5,46,bid,,,13420313
2026-06-30T09:04:36.299318,2026-06-29T23:04:37.168667+00:00,66.2,2,ask,,,13420371
2026-06-30T09:04:36.312617,2026-06-29T23:04:37.179748+00:00,66.2,49,ask,,,13420372
2026-06-30T09:04:37.523952,2026-06-29T23:04:38.387919+00:00,66.2,50,ask,,,13420391
2026-06-30T09:04:37.969866,2026-06-29T23:04:38.845457+00:00,66.4,3,bid,,,13420405
2026-06-30T09:04:37.969866,2026-06-29T23:04:38.845457+00:00,66.6,45,bid,,,13420406
2026-06-30T09:04:39.519610,2026-06-29T23:04:40.388814+00:00,66.1,42,ask,,,13420440
2026-06-30T09:04:39.630318,2026-06-29T23:04:40.498012+00:00,66.1,50,ask,,,13420442
2026-06-30T09:04:41.311656,2026-06-29T23:04:42.182902+00:00,66.0,1,ask,,,13420468
2026-06-30T09:04:41.735810,2026-06-29T23:04:42.608353+00:00,66.0,50,ask,,,13420476
2026-06-30T09:04:43.842005,2026-06-29T23:04:44.710017+00:00,65.9,50,ask,,,13420515
2026-06-30T09:04:44.380119,2026-06-29T23:04:45.243174+00:00,66.3,48,bid,,,13420524
2026-06-30T09:04:45.061958,2026-06-29T23:04:45.931944+00:00,66.3,45,bid,,,13420544
2026-06-30T09:04:45.949634,2026-06-29T23:04:46.814993+00:00,66.1,50,ask,,,13420555
2026-06-30T09:04:47.164746,2026-06-29T23:04:48.036365+00:00,66.2,48,bid,,,13420576
2026-06-30T09:04:48.068605,2026-06-29T23:04:48.940890+00:00,66.1,50,ask,,,13420595
2026-06-30T09:04:48.315844,2026-06-29T23:04:49.179054+00:00,66.1,40,ask,,,13420600
2026-06-30T09:04:50.123195,2026-06-29T23:04:50.994998+00:00,66.1,50,bid,,,13420618
2026-06-30T09:04:51.961766,2026-06-29T23:04:52.834136+00:00,66.0,1,ask,,,13420650
2026-06-30T09:04:51.961766,2026-06-29T23:04:52.834136+00:00,65.9,47,ask,,,13420651
2026-06-30T09:04:52.231431,2026-06-29T23:04:53.096446+00:00,66.2,50,bid,,,13420656
2026-06-30T09:04:53.108423,2026-06-29T23:04:53.979817+00:00,66.0,5,ask,,,13420674
2026-06-30T09:04:53.571603,2026-06-29T23:04:54.437414+00:00,66.4,44,bid,,,13420679
2026-06-30T09:04:54.387597,2026-06-29T23:04:55.252034+00:00,66.0,50,ask,,,13420693
2026-06-30T09:04:55.617921,2026-06-29T23:04:56.481949+00:00,66.4,43,bid,,,13420721
2026-06-30T09:04:56.494097,2026-06-29T23:04:57.362914+00:00,66.0,5,ask,,,13420733
2026-06-30T09:04:56.494097,2026-06-29T23:04:57.362914+00:00,66.0,45,ask,,,13420734
2026-06-30T09:04:57.245148,2026-06-29T23:04:58.113005+00:00,66.0,48,ask,,,13420746
2026-06-30T09:04:58.380917,2026-06-29T23:04:59.246100+00:00,66.0,7,ask,,,13420760
2026-06-30T09:04:58.380917,2026-06-29T23:04:59.246100+00:00,66.0,5,ask,,,13420761
2026-06-30T09:04:58.380917,2026-06-29T23:04:59.257173+00:00,66.0,29,ask,,,13420762
2026-06-30T09:04:58.550010,2026-06-29T23:04:59.418925+00:00,66.5,50,bid,,,13420764
2026-06-30T09:04:59.302203,2026-06-29T23:05:00.169910+00:00,66.5,49,bid,,,13420787
2026-06-30T09:05:02.833275,2026-06-29T23:05:03.706146+00:00,66.0,4,ask,,,13420858
2026-06-30T09:05:02.833275,2026-06-29T23:05:03.706146+00:00,65.8,46,ask,,,13420859
2026-06-30T09:05:03.376868,2026-06-29T23:05:04.239008+00:00,66.1,43,bid,,,13420870
2026-06-30T09:05:04.454572,2026-06-29T23:05:05.316865+00:00,65.8,42,ask,,,13420886
2026-06-30T09:05:04.965818,2026-06-29T23:05:05.834539+00:00,65.9,45,bid,,,13420889
2026-06-30T09:05:06.993860,2026-06-29T23:05:07.859034+00:00,65.9,50,bid,,,13420925
2026-06-30T09:05:09.325339,2026-06-29T23:05:10.193443+00:00,66.0,40,ask,,,13420965
2026-06-30T09:05:11.204983,2026-06-29T23:05:12.075130+00:00,66.3,1,bid,,,13421001
2026-06-30T09:05:11.204983,2026-06-29T23:05:12.075130+00:00,66.3,49,bid,,,13421002
2026-06-30T09:05:13.313174,2026-06-29T23:05:14.185779+00:00,66.3,50,bid,,,13421047
2026-06-30T09:05:13.356982,2026-06-29T23:05:14.228098+00:00,66.3,47,bid,,,13421048
2026-06-30T09:05:14.100282,2026-06-29T23:05:14.967618+00:00,66.5,100,bid,,,13421069
2026-06-30T09:05:15.162250,2026-06-29T23:05:16.027168+00:00,66.5,1,ask,,,13421096
2026-06-30T09:05:15.470996,2026-06-29T23:05:16.342963+00:00,66.5,49,ask,,,13421101
2026-06-30T09:05:15.470996,2026-06-29T23:05:16.342963+00:00,66.2,1,ask,,,13421102
2026-06-30T09:05:16.841840,2026-06-29T23:05:17.714259+00:00,66.2,43,ask,,,13421123
2026-06-30T09:05:17.324889,2026-06-29T23:05:18.191975+00:00,66.2,56,ask,,,13421132
2026-06-30T09:05:17.387412,2026-06-29T23:05:18.257397+00:00,65.9,3,ask,,,13421135
2026-06-30T09:05:17.387412,2026-06-29T23:05:18.257397+00:00,65.7,44,ask,,,13421136
2026-06-30T09:05:17.577106,2026-06-29T23:05:18.442147+00:00,65.7,50,ask,,,13421141
2026-06-30T09:05:19.016340,2026-06-29T23:05:19.880994+00:00,65.9,42,ask,,,13421163
2026-06-30T09:05:20.487869,2026-06-29T23:05:21.351772+00:00,65.9,58,ask,,,13421186
2026-06-30T09:05:21.500750,2026-06-29T23:05:22.373316+00:00,65.9,2,bid,,,13421204
2026-06-30T09:05:21.548446,2026-06-29T23:05:22.417567+00:00,65.9,1,bid,,,13421206
2026-06-30T09:05:21.581393,2026-06-29T23:05:22.448865+00:00,65.9,1,bid,,,13421207
2026-06-30T09:05:21.647002,2026-06-29T23:05:22.515285+00:00,65.9,1,bid,,,13421210
2026-06-30T09:05:21.700283,2026-06-29T23:05:22.568704+00:00,65.9,1,bid,,,13421211
2026-06-30T09:05:21.788358,2026-06-29T23:05:22.657218+00:00,65.5,50,ask,,,13421213
2026-06-30T09:05:23.614512,2026-06-29T23:05:24.484006+00:00,66.0,49,bid,,,13421263
2026-06-30T09:05:23.895468,2026-06-29T23:05:24.767489+00:00,65.7,50,ask,,,13421269
2026-06-30T09:05:26.002230,2026-06-29T23:05:26.868175+00:00,65.8,4,ask,,,13421309
2026-06-30T09:05:26.002230,2026-06-29T23:05:26.868175+00:00,65.7,46,ask,,,13421310
2026-06-30T09:05:27.673932,2026-06-29T23:05:28.536520+00:00,65.9,47,bid,,,13421336
2026-06-30T09:05:28.109421,2026-06-29T23:05:28.972044+00:00,65.8,5,ask,,,13421344
2026-06-30T09:05:28.109421,2026-06-29T23:05:28.983108+00:00,65.6,45,ask,,,13421345
2026-06-30T09:05:30.307842,2026-06-29T23:05:31.177303+00:00,65.6,48,ask,,,13421384
2026-06-30T09:05:31.371519,2026-06-29T23:05:32.243940+00:00,65.7,25,bid,,,13421413
2026-06-30T09:05:32.321678,2026-06-29T23:05:33.188825+00:00,65.6,50,ask,,,13421426
2026-06-30T09:05:34.428870,2026-06-29T23:05:35.298200+00:00,65.4,50,ask,,,13421463
2026-06-30T09:05:35.697327,2026-06-29T23:05:36.567938+00:00,65.8,41,bid,,,13421483
2026-06-30T09:05:36.256169,2026-06-29T23:05:37.123200+00:00,65.9,100,bid,,,13421504
2026-06-30T09:05:36.385003,2026-06-29T23:05:37.253071+00:00,66.0,4,bid,,,13421508
2026-06-30T09:05:37.248303,2026-06-29T23:05:38.116346+00:00,65.9,42,ask,,,13421521
2026-06-30T09:05:37.821963,2026-06-29T23:05:38.693266+00:00,66.3,48,bid,,,13421542
2026-06-30T09:05:38.587868,2026-06-29T23:05:39.464067+00:00,66.3,50,bid,,,13421550
2026-06-30T09:05:39.347677,2026-06-29T23:05:40.211183+00:00,66.3,2,bid,,,13421563
2026-06-30T09:05:39.473660,2026-06-29T23:05:40.343057+00:00,65.8,100,ask,,,13421564
2026-06-30T09:05:40.693629,2026-06-29T23:05:41.560736+00:00,65.8,50,bid,,,13421595
2026-06-30T09:05:41.403699,2026-06-29T23:05:42.271082+00:00,66.1,25,bid,,,13421622
2026-06-30T09:05:41.408185,2026-06-29T23:05:42.271082+00:00,66.1,2,bid,,,13421623
2026-06-30T09:05:44.551599,2026-06-29T23:05:45.417896+00:00,65.8,49,ask,,,13421673
2026-06-30T09:05:44.914116,2026-06-29T23:05:45.788970+00:00,66.0,1,bid,,,13421678
2026-06-30T09:05:44.914116,2026-06-29T23:05:45.788970+00:00,66.3,49,bid,,,13421679
2026-06-30T09:05:47.025116,2026-06-29T23:05:47.893221+00:00,66.2,50,bid,,,13421717
2026-06-30T09:05:49.203809,2026-06-29T23:05:50.070910+00:00,65.9,50,ask,,,13421752
2026-06-30T09:05:49.764555,2026-06-29T23:05:50.628250+00:00,66.1,6,bid,,,13421759
2026-06-30T09:05:49.764555,2026-06-29T23:05:50.638840+00:00,66.4,42,bid,,,13421760
2026-06-30T09:05:50.960120,2026-06-29T23:05:51.837359+00:00,65.9,49,ask,,,13421785
2026-06-30T09:05:51.259897,2026-06-29T23:05:52.130903+00:00,66.3,50,bid,,,13421793
2026-06-30T09:05:51.474995,2026-06-29T23:05:52.338849+00:00,66.3,45,bid,,,13421795
2026-06-30T09:05:53.365198,2026-06-29T23:05:54.231175+00:00,66.1,6,bid,,,13421815
2026-06-30T09:05:53.365198,2026-06-29T23:05:54.231175+00:00,66.4,44,bid,,,13421816
2026-06-30T09:05:54.380841,2026-06-29T23:05:55.243074+00:00,66.1,5,ask,,,13421828
2026-06-30T09:05:55.471601,2026-06-29T23:05:56.340000+00:00,66.2,6,bid,,,13421850
2026-06-30T09:05:55.471601,2026-06-29T23:05:56.340000+00:00,66.5,44,bid,,,13421851
2026-06-30T09:05:56.439718,2026-06-29T23:05:57.311051+00:00,66.2,2,bid,,,13421860
2026-06-30T09:05:58.422209,2026-06-29T23:05:59.294962+00:00,66.1,41,ask,,,13421900
2026-06-30T09:05:59.684641,2026-06-29T23:06:00.557548+00:00,66.6,50,bid,,,13421925
2026-06-30T09:05:59.964109,2026-06-29T23:06:00.827365+00:00,66.3,47,bid,,,13421926
2026-06-30T09:06:00.528879,2026-06-29T23:06:01.391140+00:00,66.1,49,ask,,,13421931
2026-06-30T09:06:03.961705,2026-06-29T23:06:04.833954+00:00,66.0,50,ask,,,13422003
2026-06-30T09:06:05.730035,2026-06-29T23:06:06.598087+00:00,66.3,7,bid,,,13422033
2026-06-30T09:06:05.730035,2026-06-29T23:06:06.598087+00:00,66.3,36,bid,,,13422034
2026-06-30T09:06:06.737211,2026-06-29T23:06:07.608442+00:00,66.3,46,bid,,,13422054
2026-06-30T09:06:07.843435,2026-06-29T23:06:08.706358+00:00,66.1,43,ask,,,13422069
2026-06-30T09:06:07.877234,2026-06-29T23:06:08.749699+00:00,66.3,7,bid,,,13422070
2026-06-30T09:06:10.223524,2026-06-29T23:06:11.091911+00:00,66.4,3,bid,,,13422121
2026-06-30T09:06:10.223524,2026-06-29T23:06:11.091911+00:00,66.4,47,bid,,,13422122
2026-06-30T09:06:11.143933,2026-06-29T23:06:12.016266+00:00,66.1,1,ask,,,13422135
2026-06-30T09:06:11.143933,2026-06-29T23:06:12.016266+00:00,66.1,40,ask,,,13422136
2026-06-30T09:06:12.331360,2026-06-29T23:06:13.193834+00:00,66.4,5,bid,,,13422160
2026-06-30T09:06:12.331360,2026-06-29T23:06:13.204883+00:00,66.6,45,bid,,,13422161
2026-06-30T09:06:13.546681,2026-06-29T23:06:14.414281+00:00,66.1,48,ask,,,13422186
2026-06-30T09:06:14.439108,2026-06-29T23:06:15.307790+00:00,66.5,50,bid,,,13422205
2026-06-30T09:06:16.545692,2026-06-29T23:06:17.414115+00:00,66.8,50,bid,,,13422245
2026-06-30T09:06:17.225954,2026-06-29T23:06:18.097693+00:00,66.8,44,bid,,,13422262
2026-06-30T09:06:18.652965,2026-06-29T23:06:19.523260+00:00,67.0,50,bid,,,13422278
2026-06-30T09:06:20.757995,2026-06-29T23:06:21.625061+00:00,66.7,50,bid,,,13422312
2026-06-30T09:06:21.261026,2026-06-29T23:06:22.136003+00:00,66.5,44,ask,,,13422316
2026-06-30T09:06:21.489314,2026-06-29T23:06:22.352019+00:00,66.5,25,ask,,,13422322
2026-06-30T09:06:22.394605,2026-06-29T23:06:23.257350+00:00,66.8,40,bid,,,13422340
2026-06-30T09:06:22.863995,2026-06-29T23:06:23.736559+00:00,66.8,50,bid,,,13422350
2026-06-30T09:06:23.594164,2026-06-29T23:06:24.461932+00:00,66.8,10,bid,,,13422358
2026-06-30T09:06:23.648006,2026-06-29T23:06:24.517252+00:00,66.3,5,ask,,,13422359
2026-06-30T09:06:23.648006,2026-06-29T23:06:24.517252+00:00,66.3,36,ask,,,13422360
2026-06-30T09:06:24.970272,2026-06-29T23:06:25.841991+00:00,66.9,50,bid,,,13422391
2026-06-30T09:06:26.509922,2026-06-29T23:06:27.377915+00:00,66.5,25,ask,,,13422425
2026-06-30T09:06:27.128676,2026-06-29T23:06:27.999064+00:00,66.7,50,ask,,,13422445
2026-06-30T09:06:29.235636,2026-06-29T23:06:30.107349+00:00,66.7,50,ask,,,13422483
2026-06-30T09:06:30.519938,2026-06-29T23:06:31.390683+00:00,66.8,43,bid,,,13422496
2026-06-30T09:06:31.342067,2026-06-29T23:06:32.208202+00:00,66.7,50,ask,,,13422509
2026-06-30T09:06:32.019189,2026-06-29T23:06:32.885260+00:00,66.8,44,bid,,,13422528
2026-06-30T09:06:33.195673,2026-06-29T23:06:34.059862+00:00,66.7,43,ask,,,13422544
2026-06-30T09:06:33.450466,2026-06-29T23:06:34.322177+00:00,66.7,7,ask,,,13422550
2026-06-30T09:06:33.450466,2026-06-29T23:06:34.322177+00:00,66.7,43,ask,,,13422551
2026-06-30T09:06:35.558152,2026-06-29T23:06:36.421915+00:00,66.7,50,ask,,,13422594
2026-06-30T09:06:36.513911,2026-06-29T23:06:37.389614+00:00,66.8,45,bid,,,13422612
2026-06-30T09:06:37.102546,2026-06-29T23:06:37.967486+00:00,66.4,3,ask,,,13422621
2026-06-30T09:06:37.102546,2026-06-29T23:06:37.967486+00:00,66.3,42,ask,,,13422622
2026-06-30T09:06:37.677162,2026-06-29T23:06:38.544311+00:00,66.5,6,ask,,,13422629
2026-06-30T09:06:37.677162,2026-06-29T23:06:38.544311+00:00,66.3,44,ask,,,13422630
2026-06-30T09:06:38.733822,2026-06-29T23:06:39.598514+00:00,66.8,44,bid,,,13422651
2026-06-30T09:06:39.790250,2026-06-29T23:06:40.654230+00:00,66.5,4,ask,,,13422664
2026-06-30T09:06:39.790250,2026-06-29T23:06:40.665293+00:00,66.4,46,ask,,,13422665
2026-06-30T09:06:41.763270,2026-06-29T23:06:42.633259+00:00,66.5,4,ask,,,13422703
2026-06-30T09:06:41.763270,2026-06-29T23:06:42.633259+00:00,66.5,36,ask,,,13422704
2026-06-30T09:06:41.899508,2026-06-29T23:06:42.765014+00:00,66.5,50,ask,,,13422712
2026-06-30T09:06:44.015990,2026-06-29T23:06:44.889980+00:00,66.5,3,ask,,,13422752
2026-06-30T09:06:44.015990,2026-06-29T23:06:44.889980+00:00,66.5,47,ask,,,13422753
2026-06-30T09:06:45.362933,2026-06-29T23:06:46.228656+00:00,66.6,46,bid,,,13422770
2026-06-30T09:06:46.123492,2026-06-29T23:06:46.994303+00:00,66.5,3,ask,,,13422789
2026-06-30T09:06:46.123492,2026-06-29T23:06:46.994303+00:00,66.3,47,ask,,,13422790
2026-06-30T09:06:46.809030,2026-06-29T23:06:47.678942+00:00,66.5,4,ask,,,13422800
2026-06-30T09:06:46.809030,2026-06-29T23:06:47.678942+00:00,66.3,37,ask,,,13422801
2026-06-30T09:06:47.805207,2026-06-29T23:06:48.667596+00:00,66.7,40,bid,,,13422809
2026-06-30T09:06:48.232265,2026-06-29T23:06:49.099694+00:00,66.5,4,ask,,,13422821
2026-06-30T09:06:48.232265,2026-06-29T23:06:49.099694+00:00,66.3,46,ask,,,13422822
2026-06-30T09:06:49.028805,2026-06-29T23:06:49.894851+00:00,66.4,4,ask,,,13422834
2026-06-30T09:06:49.153210,2026-06-29T23:06:50.026545+00:00,66.3,4,bid,,,13422841
2026-06-30T09:06:49.632028,2026-06-29T23:06:50.495235+00:00,66.3,3,bid,,,13422854
2026-06-30T09:06:49.719246,2026-06-29T23:06:50.582852+00:00,66.3,3,bid,,,13422858
2026-06-30T09:06:50.361750,2026-06-29T23:06:51.224203+00:00,65.8,50,ask,,,13422874
2026-06-30T09:06:50.361900,2026-06-29T23:06:51.235257+00:00,66.3,100,bid,,,13422875
2026-06-30T09:06:54.599292,2026-06-29T23:06:55.468002+00:00,66.0,50,ask,,,13422925
2026-06-30T09:06:55.000198,2026-06-29T23:06:55.868261+00:00,66.0,49,ask,,,13422931
2026-06-30T09:06:56.706194,2026-06-29T23:06:57.577308+00:00,66.1,50,ask,,,13422950
2026-06-30T09:06:58.817922,2026-06-29T23:06:59.691931+00:00,65.7,50,ask,,,13422975
2026-06-30T09:06:59.758261,2026-06-29T23:07:00.622797+00:00,66.2,47,bid,,,13422987
2026-06-30T09:07:00.399434,2026-06-29T23:07:01.266128+00:00,66.2,44,bid,,,13422998
2026-06-30T09:07:00.453440,2026-06-29T23:07:01.318531+00:00,65.9,40,ask,,,13422999
2026-06-30T09:07:00.924784,2026-06-29T23:07:01.798253+00:00,65.9,50,ask,,,13423005
2026-06-30T09:07:00.947938,2026-06-29T23:07:01.819914+00:00,65.9,10,ask,,,13423006
2026-06-30T09:07:00.947938,2026-06-29T23:07:01.819914+00:00,65.7,31,ask,,,13423007
2026-06-30T09:07:01.426518,2026-06-29T23:07:02.298012+00:00,66.2,46,bid,,,13423017
2026-06-30T09:07:03.069317,2026-06-29T23:07:03.932989+00:00,66.1,100,ask,,,13423035
2026-06-30T09:07:05.086162,2026-06-29T23:07:05.957719+00:00,65.9,50,bid,,,13423073
2026-06-30T09:07:06.917759,2026-06-29T23:07:07.784243+00:00,65.8,47,ask,,,13423106
2026-06-30T09:07:07.261683,2026-06-29T23:07:08.133141+00:00,65.8,50,ask,,,13423112
2026-06-30T09:07:09.369175,2026-06-29T23:07:10.237269+00:00,66.0,50,ask,,,13423149
2026-06-30T09:07:09.393088,2026-06-29T23:07:10.258408+00:00,66.0,100,ask,,,13423150
2026-06-30T09:07:11.152842,2026-06-29T23:07:12.021165+00:00,65.9,5,ask,,,13423170
2026-06-30T09:07:11.425037,2026-06-29T23:07:12.294424+00:00,65.7,50,bid,,,13423176
2026-06-30T09:07:12.501894,2026-06-29T23:07:13.373949+00:00,65.7,95,bid,,,13423200
2026-06-30T09:07:12.787159,2026-06-29T23:07:13.657006+00:00,66.3,43,bid,,,13423203
2026-06-30T09:07:13.531306,2026-06-29T23:07:14.395837+00:00,66.3,50,bid,,,13423219
2026-06-30T09:07:15.638637,2026-06-29T23:07:16.509971+00:00,66.2,50,bid,,,13423252
2026-06-30T09:07:15.830137,2026-06-29T23:07:16.697172+00:00,66.2,47,bid,,,13423263
2026-06-30T09:07:15.885095,2026-06-29T23:07:16.751089+00:00,65.8,41,ask,,,13423265
2026-06-30T09:07:16.353211,2026-06-29T23:07:17.220647+00:00,65.8,46,ask,,,13423274
2026-06-30T09:07:16.875732,2026-06-29T23:07:17.743267+00:00,66.2,42,bid,,,13423276
2026-06-30T09:07:17.351916,2026-06-29T23:07:18.221955+00:00,66.2,11,bid,,,13423289
2026-06-30T09:07:17.351916,2026-06-29T23:07:18.221955+00:00,66.3,35,bid,,,13423290
2026-06-30T09:07:17.417377,2026-06-29T23:07:18.287375+00:00,66.3,65,bid,,,13423291
2026-06-30T09:07:18.857074,2026-06-29T23:07:19.720935+00:00,66.4,42,ask,,,13423315
2026-06-30T09:07:18.897561,2026-06-29T23:07:19.765189+00:00,66.4,43,ask,,,13423316
2026-06-30T09:07:19.851325,2026-06-29T23:07:20.719761+00:00,66.3,50,bid,,,13423337
2026-06-30T09:07:19.952993,2026-06-29T23:07:20.817349+00:00,66.3,7,bid,,,13423338
2026-06-30T09:07:20.008644,2026-06-29T23:07:20.881857+00:00,65.8,4,ask,,,13423340
2026-06-30T09:07:20.008644,2026-06-29T23:07:20.881857+00:00,65.8,40,ask,,,13423341
2026-06-30T09:07:21.958487,2026-06-29T23:07:22.828462+00:00,66.2,2,bid,,,13423372
2026-06-30T09:07:21.958487,2026-06-29T23:07:22.828462+00:00,66.3,48,bid,,,13423373
2026-06-30T09:07:24.126352,2026-06-29T23:07:24.997233+00:00,66.0,50,ask,,,13423404
2026-06-30T09:07:24.829312,2026-06-29T23:07:25.702092+00:00,66.0,42,ask,,,13423417
2026-06-30T09:07:25.481333,2026-06-29T23:07:26.354415+00:00,66.2,1,bid,,,13423428
2026-06-30T09:07:25.481333,2026-06-29T23:07:26.354415+00:00,66.2,42,bid,,,13423429
2026-06-30T09:07:28.111420,2026-06-29T23:07:28.982117+00:00,66.0,48,ask,,,13423480
2026-06-30T09:07:28.340308,2026-06-29T23:07:29.209650+00:00,66.0,50,ask,,,13423481
2026-06-30T09:07:29.113003,2026-06-29T23:07:29.984957+00:00,66.1,43,bid,,,13423496
2026-06-30T09:07:30.447221,2026-06-29T23:07:31.317538+00:00,65.9,4,ask,,,13423522
2026-06-30T09:07:30.447221,2026-06-29T23:07:31.317538+00:00,65.6,46,ask,,,13423523
2026-06-30T09:07:32.133631,2026-06-29T23:07:32.997548+00:00,66.0,48,bid,,,13423552
2026-06-30T09:07:32.188430,2026-06-29T23:07:33.051931+00:00,65.9,5,ask,,,13423553
2026-06-30T09:07:36.539876,2026-06-29T23:07:37.412238+00:00,66.1,1,bid,,,13423638
2026-06-30T09:07:36.764386,2026-06-29T23:07:37.628179+00:00,65.8,3,ask,,,13423641
2026-06-30T09:07:36.764386,2026-06-29T23:07:37.638756+00:00,65.7,47,ask,,,13423642
2026-06-30T09:07:38.875458,2026-06-29T23:07:39.744213+00:00,65.7,50,ask,,,13423681
2026-06-30T09:07:43.024033,2026-06-29T23:07:43.891297+00:00,66.0,45,bid,,,13423779
2026-06-30T09:07:43.036806,2026-06-29T23:07:43.902359+00:00,66.0,50,bid,,,13423780
2026-06-30T09:07:45.150079,2026-06-29T23:07:46.020151+00:00,66.1,50,bid,,,13423817
2026-06-30T09:07:45.510470,2026-06-29T23:07:46.380125+00:00,65.8,47,ask,,,13423825
2026-06-30T09:07:46.012168,2026-06-29T23:07:46.879933+00:00,65.8,47,ask,,,13423833
2026-06-30T09:07:47.055118,2026-06-29T23:07:47.924361+00:00,66.1,45,bid,,,13423860
2026-06-30T09:07:47.258290,2026-06-29T23:07:48.130746+00:00,66.1,50,bid,,,13423867
2026-06-30T09:07:48.784524,2026-06-29T23:07:49.654335+00:00,65.6,45,ask,,,13423901
2026-06-30T09:07:49.083818,2026-06-29T23:07:49.981718+00:00,65.9,100,bid,,,13423915
2026-06-30T09:07:49.363975,2026-06-29T23:07:50.232996+00:00,66.4,50,bid,,,13423921
2026-06-30T09:07:51.471092,2026-06-29T23:07:52.344193+00:00,66.3,50,bid,,,13423963
2026-06-30T09:07:52.433165,2026-06-29T23:07:53.302769+00:00,66.2,49,bid,,,13423983
2026-06-30T09:07:53.578273,2026-06-29T23:07:54.448171+00:00,66.2,50,bid,,,13424014
2026-06-30T09:07:53.900049,2026-06-29T23:07:54.775333+00:00,66.2,42,bid,,,13424019
2026-06-30T09:07:54.989713,2026-06-29T23:07:55.858699+00:00,66.0,43,ask,,,13424040
2026-06-30T09:07:55.704332,2026-06-29T23:07:56.579083+00:00,66.5,50,bid,,,13424056
2026-06-30T09:07:56.081848,2026-06-29T23:07:56.949097+00:00,66.3,42,ask,,,13424068
2026-06-30T09:07:57.138463,2026-06-29T23:07:58.017804+00:00,66.6,49,bid,,,13424073
2026-06-30T09:07:57.815855,2026-06-29T23:07:58.683210+00:00,66.6,50,bid,,,13424083
2026-06-30T09:07:59.565305,2026-06-29T23:08:00.431166+00:00,66.1,43,ask,,,13424108
2026-06-30T09:07:59.924000,2026-06-29T23:08:00.790039+00:00,66.3,5,bid,,,13424114
2026-06-30T09:07:59.924000,2026-06-29T23:08:00.790039+00:00,66.6,45,bid,,,13424115
2026-06-30T09:08:02.033939,2026-06-29T23:08:02.899658+00:00,66.5,50,bid,,,13424156
2026-06-30T09:08:04.203098,2026-06-29T23:08:05.067242+00:00,66.3,50,ask,,,13424206
2026-06-30T09:08:06.258975,2026-06-29T23:08:07.129940+00:00,66.6,50,bid,,,13424233
2026-06-30T09:08:08.365652,2026-06-29T23:08:09.238479+00:00,66.4,5,bid,,,13424274
2026-06-30T09:08:08.365652,2026-06-29T23:08:09.238479+00:00,66.6,45,bid,,,13424275
2026-06-30T09:08:08.533463,2026-06-29T23:08:09.402075+00:00,66.2,40,ask,,,13424278
2026-06-30T09:08:10.472873,2026-06-29T23:08:11.340806+00:00,66.4,4,bid,,,13424311
2026-06-30T09:08:10.472873,2026-06-29T23:08:11.340806+00:00,66.5,46,bid,,,13424312
2026-06-30T09:08:10.549346,2026-06-29T23:08:11.417305+00:00,66.1,45,ask,,,13424314
2026-06-30T09:08:12.583335,2026-06-29T23:08:13.452939+00:00,66.5,2,bid,,,13424350
2026-06-30T09:08:12.583335,2026-06-29T23:08:13.452939+00:00,66.5,48,bid,,,13424351
2026-06-30T09:08:13.721197,2026-06-29T23:08:14.585976+00:00,66.5,46,bid,,,13424368
2026-06-30T09:08:14.435116,2026-06-29T23:08:15.301942+00:00,66.6,100,bid,,,13424383
2026-06-30T09:08:14.715372,2026-06-29T23:08:15.585400+00:00,67.1,50,bid,,,13424393
2026-06-30T09:08:15.217493,2026-06-29T23:08:16.086272+00:00,66.6,44,ask,,,13424401
2026-06-30T09:08:16.825431,2026-06-29T23:08:17.692379+00:00,67.1,50,bid,,,13424430
2026-06-30T09:08:16.900680,2026-06-29T23:08:17.768892+00:00,67.1,42,bid,,,13424436
2026-06-30T09:08:18.106842,2026-06-29T23:08:18.979663+00:00,66.6,45,ask,,,13424453
2026-06-30T09:08:18.640667,2026-06-29T23:08:19.512273+00:00,66.9,49,bid,,,13424459
2026-06-30T09:08:18.934629,2026-06-29T23:08:19.807253+00:00,66.9,50,bid,,,13424465
2026-06-30T09:08:19.657021,2026-06-29T23:08:20.527611+00:00,66.4,46,ask,,,13424477
2026-06-30T09:08:20.299084,2026-06-29T23:08:21.168990+00:00,66.6,1,bid,,,13424496
2026-06-30T09:08:20.299084,2026-06-29T23:08:21.168990+00:00,66.8,44,bid,,,13424497
2026-06-30T09:08:21.041412,2026-06-29T23:08:21.913022+00:00,66.8,50,bid,,,13424515
2026-06-30T09:08:23.174125,2026-06-29T23:08:24.037417+00:00,66.7,2,bid,,,13424543
2026-06-30T09:08:23.174125,2026-06-29T23:08:24.047507+00:00,67.0,48,bid,,,13424544
2026-06-30T09:08:23.651981,2026-06-29T23:08:24.526214+00:00,66.5,46,ask,,,13424554
2026-06-30T09:08:25.338167,2026-06-29T23:08:26.213163+00:00,66.6,50,ask,,,13424580
2026-06-30T09:08:27.393960,2026-06-29T23:08:28.257317+00:00,66.9,50,bid,,,13424609
2026-06-30T09:08:28.523772,2026-06-29T23:08:29.389077+00:00,66.6,46,ask,,,13424638
2026-06-30T09:08:29.501229,2026-06-29T23:08:30.366284+00:00,66.9,50,bid,,,13424655
2026-06-30T09:08:30.050677,2026-06-29T23:08:30.917567+00:00,66.9,45,bid,,,13424665
2026-06-30T09:08:30.246558,2026-06-29T23:08:31.113422+00:00,67.1,100,bid,,,13424670
2026-06-30T09:08:30.502476,2026-06-29T23:08:31.373178+00:00,67.1,1,ask,,,13424673
2026-06-30T09:08:33.711930,2026-06-29T23:08:34.581968+00:00,67.2,50,bid,,,13424730
2026-06-30T09:08:33.717765,2026-06-29T23:08:34.581968+00:00,67.2,46,bid,,,13424731
2026-06-30T09:08:34.762286,2026-06-29T23:08:35.627070+00:00,67.2,100,bid,,,13424749
2026-06-30T09:08:35.169919,2026-06-29T23:08:36.040015+00:00,66.7,46,ask,,,13424755
2026-06-30T09:08:35.870595,2026-06-29T23:08:36.737295+00:00,66.7,50,ask,,,13424772
2026-06-30T09:08:37.981552,2026-06-29T23:08:38.858281+00:00,66.8,50,ask,,,13424810
2026-06-30T09:08:39.290359,2026-06-29T23:08:40.158806+00:00,67.0,4,bid,,,13424840
2026-06-30T09:08:39.290359,2026-06-29T23:08:40.169888+00:00,67.3,39,bid,,,13424841
2026-06-30T09:08:42.140067,2026-06-29T23:08:43.008325+00:00,67.1,50,bid,,,13424895
2026-06-30T09:08:44.296848,2026-06-29T23:08:45.162907+00:00,66.8,50,ask,,,13424930
2026-06-30T09:08:46.403594,2026-06-29T23:08:47.276092+00:00,66.8,50,ask,,,13424973
2026-06-30T09:08:48.027252,2026-06-29T23:08:48.896485+00:00,66.7,47,ask,,,13424994
2026-06-30T09:08:48.514522,2026-06-29T23:08:49.384306+00:00,66.7,50,ask,,,13425004
2026-06-30T09:08:50.625938,2026-06-29T23:08:51.497615+00:00,66.8,50,ask,,,13425043
2026-06-30T09:08:54.784664,2026-06-29T23:08:55.656396+00:00,67.0,50,bid,,,13425110
2026-06-30T09:08:59.064674,2026-06-29T23:08:59.937651+00:00,66.7,50,ask,,,13425185
2026-06-30T09:09:01.138115,2026-06-29T23:09:02.004225+00:00,67.0,1,bid,,,13425233
2026-06-30T09:09:01.138115,2026-06-29T23:09:02.004225+00:00,67.0,49,bid,,,13425234
2026-06-30T09:09:04.285192,2026-06-29T23:09:05.150212+00:00,67.0,5,bid,,,13425292
2026-06-30T09:09:04.285192,2026-06-29T23:09:05.150212+00:00,67.1,39,bid,,,13425293
2026-06-30T09:09:04.865050,2026-06-29T23:09:05.737587+00:00,67.1,46,bid,,,13425309
2026-06-30T09:09:04.919295,2026-06-29T23:09:05.791973+00:00,66.7,44,ask,,,13425310
2026-06-30T09:09:07.117320,2026-06-29T23:09:07.990987+00:00,67.0,45,ask,,,13425352
2026-06-30T09:09:07.452754,2026-06-29T23:09:08.318185+00:00,67.1,50,bid,,,13425364
2026-06-30T09:09:07.597235,2026-06-29T23:09:08.470751+00:00,67.0,42,ask,,,13425369
2026-06-30T09:09:08.144225,2026-06-29T23:09:09.014376+00:00,67.1,41,bid,,,13425373
2026-06-30T09:09:11.193501,2026-06-29T23:09:12.060178+00:00,67.1,3,bid,,,13425440
2026-06-30T09:09:11.193501,2026-06-29T23:09:12.060178+00:00,67.1,38,bid,,,13425441
2026-06-30T09:09:11.727323,2026-06-29T23:09:12.594209+00:00,66.9,50,ask,,,13425449
2026-06-30T09:09:12.973471,2026-06-29T23:09:13.844329+00:00,66.9,46,ask,,,13425467
2026-06-30T09:09:13.835222,2026-06-29T23:09:14.704188+00:00,66.9,50,ask,,,13425486
2026-06-30T09:09:14.101201,2026-06-29T23:09:14.974970+00:00,67.1,3,bid,,,13425492
2026-06-30T09:09:14.101201,2026-06-29T23:09:14.974970+00:00,67.3,42,bid,,,13425493
2026-06-30T09:09:14.620404,2026-06-29T23:09:15.486188+00:00,67.0,49,bid,,,13425502
2026-06-30T09:09:15.940449,2026-06-29T23:09:16.811857+00:00,66.9,50,ask,,,13425524
2026-06-30T09:09:16.445625,2026-06-29T23:09:17.313081+00:00,66.9,42,ask,,,13425538
2026-06-30T09:09:16.916405,2026-06-29T23:09:17.781019+00:00,67.0,48,bid,,,13425545
2026-06-30T09:09:17.389448,2026-06-29T23:09:18.259760+00:00,66.9,8,ask,,,13425554
2026-06-30T09:09:17.389448,2026-06-29T23:09:18.259760+00:00,66.5,39,ask,,,13425555
2026-06-30T09:09:18.047274,2026-06-29T23:09:18.911113+00:00,66.6,50,ask,,,13425564
2026-06-30T09:09:20.157197,2026-06-29T23:09:21.031032+00:00,66.8,4,ask,,,13425598
2026-06-30T09:09:20.157197,2026-06-29T23:09:21.031032+00:00,66.6,46,ask,,,13425599
2026-06-30T09:09:21.156317,2026-06-29T23:09:22.019745+00:00,66.6,40,ask,,,13425630
2026-06-30T09:09:21.798455,2026-06-29T23:09:22.662205+00:00,66.7,5,bid,,,13425643
2026-06-30T09:09:21.863169,2026-06-29T23:09:22.727605+00:00,66.7,5,bid,,,13425644
2026-06-30T09:09:22.129876,2026-06-29T23:09:22.999029+00:00,66.7,4,bid,,,13425651
2026-06-30T09:09:22.205070,2026-06-29T23:09:23.076496+00:00,66.7,5,bid,,,13425652
2026-06-30T09:09:22.264516,2026-06-29T23:09:23.129899+00:00,66.4,50,ask,,,13425653
2026-06-30T09:09:22.628088,2026-06-29T23:09:23.498342+00:00,66.7,4,bid,,,13425657
2026-06-30T09:09:22.673413,2026-06-29T23:09:23.542126+00:00,66.7,4,bid,,,13425658
2026-06-30T09:09:22.807485,2026-06-29T23:09:23.673985+00:00,66.7,4,bid,,,13425660
2026-06-30T09:09:22.900842,2026-06-29T23:09:23.771195+00:00,66.7,4,bid,,,13425661
2026-06-30T09:09:22.955946,2026-06-29T23:09:23.826549+00:00,66.7,4,bid,,,13425665
2026-06-30T09:09:23.004123,2026-06-29T23:09:23.868385+00:00,66.7,3,bid,,,13425666
2026-06-30T09:09:24.374314,2026-06-29T23:09:25.245231+00:00,66.6,2,ask,,,13425684
2026-06-30T09:09:24.374314,2026-06-29T23:09:25.245231+00:00,66.4,48,ask,,,13425685
2026-06-30T09:09:26.482517,2026-06-29T23:09:27.354080+00:00,66.3,50,ask,,,13425721
2026-06-30T09:09:26.837990,2026-06-29T23:09:27.702947+00:00,66.5,48,bid,,,13425732
2026-06-30T09:09:27.295064,2026-06-29T23:09:28.161097+00:00,66.5,49,bid,,,13425735
2026-06-30T09:09:28.592213,2026-06-29T23:09:29.456433+00:00,66.3,50,ask,,,13425774
2026-06-30T09:09:30.700120,2026-06-29T23:09:31.572872+00:00,66.5,2,ask,,,13425806
2026-06-30T09:09:30.700120,2026-06-29T23:09:31.572872+00:00,66.3,48,ask,,,13425807
2026-06-30T09:09:32.810773,2026-06-29T23:09:33.682817+00:00,66.2,50,ask,,,13425848
2026-06-30T09:09:34.321480,2026-06-29T23:09:35.184905+00:00,66.4,44,bid,,,13425879
2026-06-30T09:09:34.919682,2026-06-29T23:09:35.785476+00:00,66.2,50,ask,,,13425892
2026-06-30T09:09:35.351110,2026-06-29T23:09:36.219656+00:00,66.2,42,ask,,,13425902
2026-06-30T09:09:35.879703,2026-06-29T23:09:36.752226+00:00,66.2,8,ask,,,13425917
2026-06-30T09:09:35.879703,2026-06-29T23:09:36.752226+00:00,65.9,33,ask,,,13425918
2026-06-30T09:09:39.130764,2026-06-29T23:09:40.004309+00:00,65.8,50,ask,,,13425981
2026-06-30T09:09:41.186937,2026-06-29T23:09:42.061036+00:00,66.0,50,bid,,,13426016
2026-06-30T09:09:41.555688,2026-06-29T23:09:42.419905+00:00,66.0,43,bid,,,13426022
2026-06-30T09:09:42.725336,2026-06-29T23:09:43.596283+00:00,65.9,46,ask,,,13426050
2026-06-30T09:09:43.296584,2026-06-29T23:09:44.169743+00:00,66.3,50,bid,,,13426057
2026-06-30T09:09:45.402422,2026-06-29T23:09:46.275347+00:00,66.1,50,bid,,,13426095
2026-06-30T09:09:46.116230,2026-06-29T23:09:46.981726+00:00,66.1,50,bid,,,13426113
2026-06-30T09:09:46.279767,2026-06-29T23:09:47.145289+00:00,66.2,41,ask,,,13426118
2026-06-30T09:09:47.509546,2026-06-29T23:09:48.383058+00:00,66.3,6,bid,,,13426147
2026-06-30T09:09:47.509546,2026-06-29T23:09:48.383058+00:00,66.7,44,bid,,,13426148
2026-06-30T09:09:49.617668,2026-06-29T23:09:50.486207+00:00,66.3,50,bid,,,13426198
2026-06-30T09:09:51.027796,2026-06-29T23:09:51.898781+00:00,66.3,1,bid,,,13426218
2026-06-30T09:09:51.027796,2026-06-29T23:09:51.898781+00:00,66.3,42,bid,,,13426219
2026-06-30T09:09:51.723885,2026-06-29T23:09:52.593478+00:00,66.3,50,bid,,,13426237
2026-06-30T09:09:53.828470,2026-06-29T23:09:54.697681+00:00,66.4,50,bid,,,13426274
2026-06-30T09:09:54.759812,2026-06-29T23:09:55.624018+00:00,66.4,46,bid,,,13426288
2026-06-30T09:09:55.934404,2026-06-29T23:09:56.798523+00:00,66.6,50,bid,,,13426301
2026-06-30T09:09:57.019628,2026-06-29T23:09:57.887286+00:00,66.3,1,bid,,,13426320
2026-06-30T09:09:57.125908,2026-06-29T23:09:57.996544+00:00,66.6,1,ask,,,13426321
2026-06-30T09:09:57.161186,2026-06-29T23:09:58.028282+00:00,66.6,1,ask,,,13426322
2026-06-30T09:09:57.193672,2026-06-29T23:09:58.061022+00:00,66.6,1,ask,,,13426323
2026-06-30T09:09:57.232640,2026-06-29T23:09:58.105269+00:00,66.6,1,ask,,,13426324
2026-06-30T09:09:57.260886,2026-06-29T23:09:58.127394+00:00,66.6,1,ask,,,13426325
2026-06-30T09:09:57.568460,2026-06-29T23:09:58.442147+00:00,66.6,1,ask,,,13426335
2026-06-30T09:09:57.640440,2026-06-29T23:09:58.507553+00:00,66.6,1,ask,,,13426337
2026-06-30T09:09:58.052438,2026-06-29T23:09:58.923911+00:00,66.7,50,bid,,,13426343
2026-06-30T09:09:58.606183,2026-06-29T23:09:59.480834+00:00,66.6,43,ask,,,13426352
2026-06-30T09:09:59.067032,2026-06-29T23:09:59.938488+00:00,66.6,1,ask,,,13426363
2026-06-30T09:10:00.060655,2026-06-29T23:10:00.934637+00:00,66.6,40,ask,,,13426392
2026-06-30T09:10:00.158964,2026-06-29T23:10:01.031771+00:00,66.7,50,bid,,,13426395
2026-06-30T09:10:00.688152,2026-06-29T23:10:01.556201+00:00,66.6,47,bid,,,13426401
2026-06-30T09:10:01.951376,2026-06-29T23:10:02.818294+00:00,66.6,53,bid,,,13426427
2026-06-30T09:10:02.266554,2026-06-29T23:10:03.134429+00:00,67.1,50,bid,,,13426438
2026-06-30T09:10:02.863526,2026-06-29T23:10:03.735097+00:00,66.6,45,ask,,,13426450
2026-06-30T09:10:03.503756,2026-06-29T23:10:04.367466+00:00,67.1,40,bid,,,13426464
2026-06-30T09:10:04.373388,2026-06-29T23:10:05.237532+00:00,67.1,50,bid,,,13426481
2026-06-30T09:10:05.160059,2026-06-29T23:10:06.031943+00:00,66.7,44,ask,,,13426499
2026-06-30T09:10:06.482079,2026-06-29T23:10:07.349701+00:00,67.2,50,bid,,,13426533
2026-06-30T09:10:06.831441,2026-06-29T23:10:07.698540+00:00,66.7,49,ask,,,13426545
2026-06-30T09:10:07.809653,2026-06-29T23:10:08.677538+00:00,67.1,45,bid,,,13426559
2026-06-30T09:10:08.317710,2026-06-29T23:10:09.188631+00:00,67.1,47,bid,,,13426566
2026-06-30T09:10:08.323281,2026-06-29T23:10:09.188631+00:00,66.7,4,ask,,,13426568
2026-06-30T09:10:08.587583,2026-06-29T23:10:09.461097+00:00,67.1,8,bid,,,13426572
2026-06-30T09:10:08.587583,2026-06-29T23:10:09.461097+00:00,67.2,42,bid,,,13426573
2026-06-30T09:10:08.866265,2026-06-29T23:10:09.733932+00:00,66.7,46,ask,,,13426576
2026-06-30T09:10:09.916408,2026-06-29T23:10:10.790774+00:00,66.8,44,ask,,,13426592
2026-06-30T09:10:10.695354,2026-06-29T23:10:11.565102+00:00,67.2,50,bid,,,13426611
2026-06-30T09:10:11.514359,2026-06-29T23:10:12.382155+00:00,67.2,46,bid,,,13426628
2026-06-30T09:10:12.853873,2026-06-29T23:10:13.724238+00:00,66.7,50,ask,,,13426654
2026-06-30T09:10:14.909444,2026-06-29T23:10:15.774037+00:00,67.0,50,bid,,,13426703
2026-06-30T09:10:15.573512,2026-06-29T23:10:16.448385+00:00,66.9,5,ask,,,13426710
2026-06-30T09:10:15.581399,2026-06-29T23:10:16.448385+00:00,67.0,49,bid,,,13426711
2026-06-30T09:10:15.635080,2026-06-29T23:10:16.503242+00:00,66.9,42,ask,,,13426712
2026-06-30T09:10:16.384495,2026-06-29T23:10:17.253239+00:00,66.9,5,ask,,,13426718
2026-06-30T09:10:17.078078,2026-06-29T23:10:17.948454+00:00,66.9,50,ask,,,13426734
2026-06-30T09:10:17.819475,2026-06-29T23:10:18.687398+00:00,66.9,100,ask,,,13426750
2026-06-30T09:10:18.597910,2026-06-29T23:10:19.470812+00:00,66.9,40,bid,,,13426762
2026-06-30T09:10:21.239074,2026-06-29T23:10:22.107585+00:00,67.0,1,bid,,,13426814
2026-06-30T09:10:23.347482,2026-06-29T23:10:24.214074+00:00,67.0,2,bid,,,13426850
2026-06-30T09:10:23.347482,2026-06-29T23:10:24.214074+00:00,67.2,48,bid,,,13426851
2026-06-30T09:10:25.506746,2026-06-29T23:10:26.377533+00:00,67.1,50,ask,,,13426884
2026-06-30T09:10:27.562750,2026-06-29T23:10:28.436031+00:00,67.4,50,bid,,,13426911
2026-06-30T09:10:29.602731,2026-06-29T23:10:30.476437+00:00,67.1,49,ask,,,13426927
2026-06-30T09:10:31.290490,2026-06-29T23:10:32.153887+00:00,67.2,40,ask,,,13426954
2026-06-30T09:10:31.823388,2026-06-29T23:10:32.687018+00:00,67.2,50,ask,,,13426957
2026-06-30T09:10:32.834258,2026-06-29T23:10:33.700994+00:00,67.6,41,bid,,,13426977
2026-06-30T09:10:33.844744,2026-06-29T23:10:34.712240+00:00,67.5,47,bid,,,13426999
2026-06-30T09:10:33.929195,2026-06-29T23:10:34.798812+00:00,67.1,50,ask,,,13427002
2026-06-30T09:10:36.035155,2026-06-29T23:10:36.908242+00:00,67.0,5,ask,,,13427042
2026-06-30T09:10:36.035155,2026-06-29T23:10:36.908242+00:00,67.0,45,ask,,,13427043
2026-06-30T09:10:37.044945,2026-06-29T23:10:37.912028+00:00,67.1,5,ask,,,13427066
2026-06-30T09:10:37.044945,2026-06-29T23:10:37.912028+00:00,67.0,39,ask,,,13427067
2026-06-30T09:10:38.143273,2026-06-29T23:10:39.013001+00:00,67.1,5,ask,,,13427097
2026-06-30T09:10:38.143273,2026-06-29T23:10:39.013001+00:00,67.0,45,ask,,,13427098
2026-06-30T09:10:39.981501,2026-06-29T23:10:40.850998+00:00,67.0,5,ask,,,13427139
2026-06-30T09:10:40.242425,2026-06-29T23:10:41.112219+00:00,67.0,41,bid,,,13427146
2026-06-30T09:10:40.251755,2026-06-29T23:10:41.123293+00:00,66.9,50,ask,,,13427147
2026-06-30T09:10:40.881476,2026-06-29T23:10:41.753015+00:00,67.0,5,bid,,,13427159
2026-06-30T09:10:41.382970,2026-06-29T23:10:42.252860+00:00,66.7,41,ask,,,13427170
2026-06-30T09:10:42.358975,2026-06-29T23:10:43.223897+00:00,66.7,50,ask,,,13427190
2026-06-30T09:10:44.331620,2026-06-29T23:10:45.198871+00:00,67.2,47,bid,,,13427232
2026-06-30T09:10:44.465597,2026-06-29T23:10:45.330065+00:00,66.8,50,ask,,,13427235
2026-06-30T09:10:46.571834,2026-06-29T23:10:47.438671+00:00,66.8,50,ask,,,13427272
2026-06-30T09:10:47.329275,2026-06-29T23:10:48.198783+00:00,66.8,46,ask,,,13427287
2026-06-30T09:10:47.821379,2026-06-29T23:10:48.690099+00:00,66.9,44,ask,,,13427297
2026-06-30T09:10:48.340681,2026-06-29T23:10:49.213191+00:00,67.3,45,bid,,,13427310
2026-06-30T09:10:48.678124,2026-06-29T23:10:49.551088+00:00,66.9,50,ask,,,13427319
2026-06-30T09:10:48.950984,2026-06-29T23:10:49.822903+00:00,67.3,45,bid,,,13427323
2026-06-30T09:10:50.784995,2026-06-29T23:10:51.654487+00:00,66.9,6,ask,,,13427365
2026-06-30T09:10:50.784995,2026-06-29T23:10:51.654487+00:00,66.6,44,ask,,,13427366
2026-06-30T09:10:50.930986,2026-06-29T23:10:51.797391+00:00,66.9,47,bid,,,13427367
2026-06-30T09:10:50.989617,2026-06-29T23:10:51.862948+00:00,66.6,47,ask,,,13427369
2026-06-30T09:10:52.623922,2026-06-29T23:10:53.488285+00:00,66.8,1,ask,,,13427400
2026-06-30T09:10:52.894187,2026-06-29T23:10:53.760775+00:00,66.4,50,ask,,,13427403
2026-06-30T09:10:52.920811,2026-06-29T23:10:53.793934+00:00,66.8,43,bid,,,13427404
2026-06-30T09:10:53.210321,2026-06-29T23:10:54.077187+00:00,66.8,1,bid,,,13427408
2026-06-30T09:10:55.001062,2026-06-29T23:10:55.874003+00:00,66.7,1,ask,,,13427448
2026-06-30T09:10:55.001062,2026-06-29T23:10:55.874003+00:00,66.5,49,ask,,,13427449
2026-06-30T09:10:57.107444,2026-06-29T23:10:57.978023+00:00,66.6,50,ask,,,13427494
2026-06-30T09:10:57.236085,2026-06-29T23:10:58.107944+00:00,66.6,49,ask,,,13427496
2026-06-30T09:10:59.218459,2026-06-29T23:11:00.087359+00:00,66.4,50,ask,,,13427540
2026-06-30T09:10:59.229262,2026-06-29T23:11:00.097960+00:00,66.7,48,bid,,,13427541
2026-06-30T09:11:00.747934,2026-06-29T23:11:01.620129+00:00,66.6,3,ask,,,13427569
2026-06-30T09:11:00.747934,2026-06-29T23:11:01.620129+00:00,66.2,45,ask,,,13427570
2026-06-30T09:11:01.326665,2026-06-29T23:11:02.198102+00:00,66.6,3,ask,,,13427591
2026-06-30T09:11:01.326665,2026-06-29T23:11:02.198102+00:00,66.2,47,ask,,,13427592
2026-06-30T09:11:01.385591,2026-06-29T23:11:02.252965+00:00,66.7,43,bid,,,13427595
2026-06-30T09:11:05.277806,2026-06-29T23:11:06.151995+00:00,66.5,3,ask,,,13427652
2026-06-30T09:11:05.372465,2026-06-29T23:11:06.238562+00:00,66.4,3,bid,,,13427653
2026-06-30T09:11:05.410887,2026-06-29T23:11:06.282873+00:00,66.4,3,bid,,,13427654
2026-06-30T09:11:05.443111,2026-06-29T23:11:06.316059+00:00,66.4,2,bid,,,13427655
2026-06-30T09:11:05.543253,2026-06-29T23:11:06.413232+00:00,66.1,50,ask,,,13427658
2026-06-30T09:11:05.747524,2026-06-29T23:11:06.619697+00:00,66.4,2,bid,,,13427660
2026-06-30T09:11:05.829742,2026-06-29T23:11:06.707761+00:00,66.4,2,bid,,,13427666
2026-06-30T09:11:06.331263,2026-06-29T23:11:07.197422+00:00,66.4,2,bid,,,13427674
2026-06-30T09:11:06.438627,2026-06-29T23:11:07.307039+00:00,66.4,1,bid,,,13427679
2026-06-30T09:11:06.465716,2026-06-29T23:11:07.338817+00:00,66.4,1,bid,,,13427680
2026-06-30T09:11:06.750229,2026-06-29T23:11:07.622232+00:00,66.4,1,bid,,,13427681
2026-06-30T09:11:06.814372,2026-06-29T23:11:07.687656+00:00,66.4,1,bid,,,13427684
2026-06-30T09:11:06.891658,2026-06-29T23:11:07.764144+00:00,66.4,1,bid,,,13427687
2026-06-30T09:11:06.933874,2026-06-29T23:11:07.807430+00:00,66.4,1,bid,,,13427688
2026-06-30T09:11:07.185181,2026-06-29T23:11:08.058216+00:00,65.9,45,ask,,,13427693
2026-06-30T09:11:07.660062,2026-06-29T23:11:08.527313+00:00,65.9,50,ask,,,13427700
2026-06-30T09:11:08.440972,2026-06-29T23:11:09.313219+00:00,66.3,1,ask,,,13427718
2026-06-30T09:11:08.482160,2026-06-29T23:11:09.346419+00:00,66.2,1,bid,,,13427719
2026-06-30T09:11:08.508791,2026-06-29T23:11:09.378212+00:00,66.2,1,bid,,,13427720
2026-06-30T09:11:09.714841,2026-06-29T23:11:10.587421+00:00,66.2,50,bid,,,13427740
2026-06-30T09:11:11.176920,2026-06-29T23:11:12.042821+00:00,66.2,43,bid,,,13427775
2026-06-30T09:11:11.821527,2026-06-29T23:11:12.696256+00:00,66.4,50,bid,,,13427797
2026-06-30T09:11:13.163257,2026-06-29T23:11:14.036309+00:00,66.2,42,bid,,,13427821
2026-06-30T09:11:13.216438,2026-06-29T23:11:14.089810+00:00,65.9,42,ask,,,13427823
2026-06-30T09:11:13.931472,2026-06-29T23:11:14.797479+00:00,66.2,50,bid,,,13427833
2026-06-30T09:11:14.724854,2026-06-29T23:11:15.592784+00:00,65.9,47,ask,,,13427850
2026-06-30T09:11:15.237674,2026-06-29T23:11:16.105672+00:00,66.2,8,bid,,,13427860
2026-06-30T09:11:15.237674,2026-06-29T23:11:16.105672+00:00,66.4,35,bid,,,13427861
2026-06-30T09:11:16.042644,2026-06-29T23:11:16.908908+00:00,66.4,50,bid,,,13427878
2026-06-30T09:11:17.164138,2026-06-29T23:11:18.031731+00:00,66.0,40,ask,,,13427893
2026-06-30T09:11:18.171073,2026-06-29T23:11:19.041989+00:00,66.5,1,bid,,,13427914
2026-06-30T09:11:18.171073,2026-06-29T23:11:19.041989+00:00,66.5,49,bid,,,13427915
2026-06-30T09:11:18.774525,2026-06-29T23:11:19.639102+00:00,66.2,42,ask,,,13427930
2026-06-30T09:11:20.278724,2026-06-29T23:11:21.149090+00:00,66.4,3,bid,,,13427951
2026-06-30T09:11:20.278724,2026-06-29T23:11:21.149090+00:00,66.5,47,bid,,,13427952
2026-06-30T09:11:20.485921,2026-06-29T23:11:21.356511+00:00,66.5,42,bid,,,13427955
2026-06-30T09:11:22.107948,2026-06-29T23:11:22.975988+00:00,66.5,11,bid,,,13427983
2026-06-30T09:11:22.107948,2026-06-29T23:11:22.975988+00:00,66.5,37,bid,,,13427984
2026-06-30T09:11:22.387595,2026-06-29T23:11:23.257936+00:00,66.5,50,bid,,,13427989
2026-06-30T09:11:22.504656,2026-06-29T23:11:23.377703+00:00,66.5,63,bid,,,13427990
2026-06-30T09:11:24.492972,2026-06-29T23:11:25.358237+00:00,67.0,50,bid,,,13428027
2026-06-30T09:11:24.648068,2026-06-29T23:11:25.522805+00:00,66.6,42,ask,,,13428033
2026-06-30T09:11:26.600743,2026-06-29T23:11:27.476056+00:00,67.0,50,bid,,,13428072
2026-06-30T09:11:26.771744,2026-06-29T23:11:27.638719+00:00,66.6,47,ask,,,13428080
2026-06-30T09:11:27.309842,2026-06-29T23:11:28.182870+00:00,67.0,49,bid,,,13428095
2026-06-30T09:11:28.457869,2026-06-29T23:11:29.327279+00:00,66.5,40,ask,,,13428116
2026-06-30T09:11:28.706078,2026-06-29T23:11:29.577445+00:00,66.7,50,bid,,,13428120
2026-06-30T09:11:29.437052,2026-06-29T23:11:30.304009+00:00,66.6,3,ask,,,13428127
2026-06-30T09:11:29.775021,2026-06-29T23:11:30.640789+00:00,66.6,3,ask,,,13428128
2026-06-30T09:11:29.867380,2026-06-29T23:11:30.738456+00:00,66.6,3,ask,,,13428134
2026-06-30T09:11:30.820002,2026-06-29T23:11:31.694364+00:00,67.0,50,bid,,,13428156
2026-06-30T09:11:31.477462,2026-06-29T23:11:32.347835+00:00,66.6,5,ask,,,13428165
2026-06-30T09:11:35.030215,2026-06-29T23:11:35.901060+00:00,66.7,3,bid,,,13428234
2026-06-30T09:11:35.030215,2026-06-29T23:11:35.901060+00:00,67.1,47,bid,,,13428235
2026-06-30T09:11:36.023309,2026-06-29T23:11:36.893324+00:00,66.8,3,ask,,,13428254
2026-06-30T09:11:36.237197,2026-06-29T23:11:37.111840+00:00,66.8,47,ask,,,13428258
2026-06-30T09:11:36.800891,2026-06-29T23:11:37.667569+00:00,67.1,48,bid,,,13428274
2026-06-30T09:11:37.188156,2026-06-29T23:11:38.058708+00:00,66.8,50,ask,,,13428292
2026-06-30T09:11:38.324640,2026-06-29T23:11:39.193906+00:00,66.8,1,bid,,,13428310
2026-06-30T09:11:39.292302,2026-06-29T23:11:40.161582+00:00,66.8,49,ask,,,13428330
2026-06-30T09:11:41.192627,2026-06-29T23:11:42.057260+00:00,67.3,48,bid,,,13428368
2026-06-30T09:11:41.405168,2026-06-29T23:11:42.274213+00:00,67.1,50,ask,,,13428370
2026-06-30T09:11:41.772265,2026-06-29T23:11:42.643220+00:00,67.1,1,ask,,,13428378
2026-06-30T09:11:41.981141,2026-06-29T23:11:42.849623+00:00,67.1,1,ask,,,13428380
2026-06-30T09:11:42.258399,2026-06-29T23:11:43.121894+00:00,67.1,1,ask,,,13428383
2026-06-30T09:11:43.512471,2026-06-29T23:11:44.386363+00:00,67.0,50,ask,,,13428413
2026-06-30T09:11:44.202316,2026-06-29T23:11:45.072137+00:00,67.2,45,bid,,,13428425
2026-06-30T09:11:45.618698,2026-06-29T23:11:46.487499+00:00,67.0,50,ask,,,13428445
2026-06-30T09:11:47.045873,2026-06-29T23:11:47.911164+00:00,66.8,43,ask,,,13428474
2026-06-30T09:11:47.676747,2026-06-29T23:11:48.549997+00:00,67.0,50,bid,,,13428485
2026-06-30T09:11:47.807383,2026-06-29T23:11:48.680954+00:00,67.0,100,bid,,,13428486
2026-06-30T09:11:48.099665,2026-06-29T23:11:48.963349+00:00,67.6,47,bid,,,13428492
2026-06-30T09:11:49.835011,2026-06-29T23:11:50.705429+00:00,67.4,50,ask,,,13428527
2026-06-30T09:11:51.021918,2026-06-29T23:11:51.895100+00:00,67.4,100,ask,,,13428549
2026-06-30T09:11:51.893229,2026-06-29T23:11:52.762888+00:00,67.9,50,bid,,,13428563
2026-06-30T09:11:54.951499,2026-06-29T23:11:55.819848+00:00,67.1,49,ask,,,13428635
2026-06-30T09:11:55.910109,2026-06-29T23:11:56.778364+00:00,67.5,42,bid,,,13428656
2026-06-30T09:11:56.102374,2026-06-29T23:11:56.975223+00:00,67.5,50,bid,,,13428661
2026-06-30T09:11:58.209110,2026-06-29T23:11:59.076541+00:00,67.4,50,bid,,,13428698
2026-06-30T09:11:58.994158,2026-06-29T23:11:59.867883+00:00,67.4,50,bid,,,13428706
2026-06-30T09:12:00.059015,2026-06-29T23:12:00.931019+00:00,67.4,45,ask,,,13428724
2026-06-30T09:12:00.315666,2026-06-29T23:12:01.181237+00:00,67.9,50,bid,,,13428727
2026-06-30T09:12:00.618167,2026-06-29T23:12:01.485269+00:00,67.6,49,bid,,,13428736
2026-06-30T09:12:02.423513,2026-06-29T23:12:03.294149+00:00,67.6,50,bid,,,13428764
2026-06-30T09:12:03.579103,2026-06-29T23:12:04.448118+00:00,67.2,47,ask,,,13428779
2026-06-30T09:12:04.543416,2026-06-29T23:12:05.417202+00:00,67.7,50,bid,,,13428790
2026-06-30T09:12:05.372826,2026-06-29T23:12:06.243385+00:00,67.5,100,ask,,,13428805
2026-06-30T09:12:06.650000,2026-06-29T23:12:07.517423+00:00,67.4,1,bid,,,13428826
2026-06-30T09:12:06.650000,2026-06-29T23:12:07.528024+00:00,67.5,49,bid,,,13428827
2026-06-30T09:12:07.955300,2026-06-29T23:12:08.824315+00:00,67.5,1,bid,,,13428851
2026-06-30T09:12:07.955300,2026-06-29T23:12:08.824315+00:00,67.7,48,bid,,,13428852
2026-06-30T09:12:08.481352,2026-06-29T23:12:09.347958+00:00,67.7,52,bid,,,13428863
2026-06-30T09:12:08.787193,2026-06-29T23:12:09.651982+00:00,68.2,50,bid,,,13428869
2026-06-30T09:12:10.736018,2026-06-29T23:12:11.608059+00:00,67.7,1,ask,,,13428900
2026-06-30T09:12:11.399440,2026-06-29T23:12:12.270025+00:00,67.7,2,ask,,,13428910
2026-06-30T09:12:11.534764,2026-06-29T23:12:12.400906+00:00,67.7,2,ask,,,13428915
2026-06-30T09:12:11.929972,2026-06-29T23:12:12.804013+00:00,67.8,45,ask,,,13428919
2026-06-30T09:12:12.422899,2026-06-29T23:12:13.291878+00:00,67.8,4,ask,,,13428926
2026-06-30T09:12:12.568881,2026-06-29T23:12:13.434300+00:00,67.8,4,ask,,,13428933
2026-06-30T09:12:12.607453,2026-06-29T23:12:13.477594+00:00,67.8,4,ask,,,13428934
2026-06-30T09:12:12.638403,2026-06-29T23:12:13.508899+00:00,67.8,4,ask,,,13428935
2026-06-30T09:12:12.669305,2026-06-29T23:12:13.542112+00:00,67.8,4,ask,,,13428936
2026-06-30T09:12:12.709565,2026-06-29T23:12:13.575305+00:00,67.8,3,ask,,,13428937
2026-06-30T09:12:12.756552,2026-06-29T23:12:13.628694+00:00,67.8,3,ask,,,13428939
2026-06-30T09:12:12.781577,2026-06-29T23:12:13.650848+00:00,67.8,3,ask,,,13428940
2026-06-30T09:12:12.811949,2026-06-29T23:12:13.684033+00:00,67.8,3,ask,,,13428941
2026-06-30T09:12:13.006902,2026-06-29T23:12:13.878910+00:00,68.0,50,bid,,,13428944
2026-06-30T09:12:13.395008,2026-06-29T23:12:14.261015+00:00,67.8,3,ask,,,13428955
2026-06-30T09:12:13.482522,2026-06-29T23:12:14.347556+00:00,67.8,3,ask,,,13428958
2026-06-30T09:12:13.513372,2026-06-29T23:12:14.379800+00:00,67.8,3,ask,,,13428961
2026-06-30T09:12:13.610962,2026-06-29T23:12:14.478456+00:00,67.8,3,ask,,,13428962
2026-06-30T09:12:13.642658,2026-06-29T23:12:14.511176+00:00,67.8,3,ask,,,13428963
2026-06-30T09:12:13.707041,2026-06-29T23:12:14.577573+00:00,67.8,3,ask,,,13428967
2026-06-30T09:12:13.817962,2026-06-29T23:12:14.687266+00:00,67.8,3,ask,,,13428968
2026-06-30T09:12:14.633876,2026-06-29T23:12:15.514473+00:00,67.8,3,ask,,,13428979
2026-06-30T09:12:14.724183,2026-06-29T23:12:15.589879+00:00,67.8,2,ask,,,13428982
2026-06-30T09:12:17.226910,2026-06-29T23:12:18.102136+00:00,67.7,50,bid,,,13429040
2026-06-30T09:12:20.457004,2026-06-29T23:12:21.323045+00:00,67.5,40,ask,,,13429088
2026-06-30T09:12:21.002555,2026-06-29T23:12:21.867313+00:00,67.5,47,ask,,,13429098
2026-06-30T09:12:21.181068,2026-06-29T23:12:22.051062+00:00,67.5,100,ask,,,13429101
2026-06-30T09:12:23.441865,2026-06-29T23:12:24.311009+00:00,67.5,2,bid,,,13429130
2026-06-30T09:12:23.536442,2026-06-29T23:12:24.408624+00:00,67.5,2,bid,,,13429131
2026-06-30T09:12:23.597020,2026-06-29T23:12:24.463951+00:00,67.0,50,ask,,,13429134
2026-06-30T09:12:23.652635,2026-06-29T23:12:24.517326+00:00,67.5,2,bid,,,13429135
2026-06-30T09:12:25.652801,2026-06-29T23:12:26.519120+00:00,67.5,50,bid,,,13429174
2026-06-30T09:12:27.824837,2026-06-29T23:12:28.696223+00:00,67.4,1,ask,,,13429231
2026-06-30T09:12:27.824837,2026-06-29T23:12:28.696223+00:00,67.3,49,ask,,,13429232
2026-06-30T09:12:29.931185,2026-06-29T23:12:30.803084+00:00,67.4,3,ask,,,13429260
2026-06-30T09:12:32.039461,2026-06-29T23:12:32.905381+00:00,67.4,3,ask,,,13429295
2026-06-30T09:12:32.039461,2026-06-29T23:12:32.916444+00:00,67.3,47,ask,,,13429296
2026-06-30T09:12:32.871880,2026-06-29T23:12:33.744181+00:00,67.6,40,bid,,,13429309
2026-06-30T09:12:33.838436,2026-06-29T23:12:34.711891+00:00,67.3,2,ask,,,13429327
2026-06-30T09:12:34.009471,2026-06-29T23:12:34.886541+00:00,67.3,2,bid,,,13429330
2026-06-30T09:12:34.068589,2026-06-29T23:12:34.939974+00:00,67.3,2,bid,,,13429331
2026-06-30T09:12:34.141695,2026-06-29T23:12:35.017412+00:00,67.3,2,bid,,,13429335
2026-06-30T09:12:34.238522,2026-06-29T23:12:35.104050+00:00,67.3,2,bid,,,13429338
2026-06-30T09:12:38.359934,2026-06-29T23:12:39.231936+00:00,67.2,50,ask,,,13429416
2026-06-30T09:12:39.431865,2026-06-29T23:12:40.297296+00:00,67.4,42,bid,,,13429436
2026-06-30T09:12:40.466735,2026-06-29T23:12:41.332198+00:00,67.1,50,ask,,,13429451
2026-06-30T09:12:42.305203,2026-06-29T23:12:43.171203+00:00,67.2,40,ask,,,13429487
2026-06-30T09:12:42.573744,2026-06-29T23:12:43.445006+00:00,67.2,50,ask,,,13429492
2026-06-30T09:12:42.942015,2026-06-29T23:12:43.816101+00:00,67.2,10,ask,,,13429498
2026-06-30T09:12:45.548069,2026-06-29T23:12:46.420024+00:00,67.3,43,bid,,,13429545
2026-06-30T09:12:46.435156,2026-06-29T23:12:47.300021+00:00,67.3,100,bid,,,13429561
2026-06-30T09:12:46.606987,2026-06-29T23:12:47.476132+00:00,67.3,43,ask,,,13429569
2026-06-30T09:12:46.789231,2026-06-29T23:12:47.659432+00:00,67.3,7,ask,,,13429574
2026-06-30T09:12:46.789231,2026-06-29T23:12:47.659432+00:00,66.8,43,ask,,,13429575
2026-06-30T09:12:48.502548,2026-06-29T23:12:49.368780+00:00,67.3,41,bid,,,13429600
2026-06-30T09:12:50.632444,2026-06-29T23:12:51.504007+00:00,66.9,46,bid,,,13429636
2026-06-30T09:12:50.952397,2026-06-29T23:12:51.817725+00:00,66.9,50,bid,,,13429640
2026-06-30T09:12:51.070042,2026-06-29T23:12:51.937543+00:00,66.9,54,bid,,,13429641
2026-06-30T09:12:57.315781,2026-06-29T23:12:58.188671+00:00,67.0,50,ask,,,13429771
2026-06-30T09:12:59.421053,2026-06-29T23:13:00.287420+00:00,66.8,50,ask,,,13429808
2026-06-30T09:13:00.538929,2026-06-29T23:13:01.407492+00:00,66.8,43,ask,,,13429829
2026-06-30T09:13:01.096872,2026-06-29T23:13:01.969970+00:00,67.2,40,bid,,,13429847
2026-06-30T09:13:01.527800,2026-06-29T23:13:02.397169+00:00,66.8,50,ask,,,13429853
2026-06-30T09:13:03.547002,2026-06-29T23:13:04.420979+00:00,66.7,43,ask,,,13429897
2026-06-30T09:13:03.583796,2026-06-29T23:13:04.454163+00:00,67.1,50,bid,,,13429898
2026-06-30T09:13:05.745048,2026-06-29T23:13:06.618956+00:00,66.7,50,ask,,,13429945
2026-06-30T09:13:06.345253,2026-06-29T23:13:07.217417+00:00,67.1,40,bid,,,13429961
2026-06-30T09:13:07.800062,2026-06-29T23:13:08.668260+00:00,67.2,50,bid,,,13429995
2026-06-30T09:13:08.026615,2026-06-29T23:13:08.897333+00:00,67.2,44,bid,,,13429998
2026-06-30T09:13:09.908306,2026-06-29T23:13:10.783352+00:00,67.3,3,bid,,,13430042
2026-06-30T09:13:09.908306,2026-06-29T23:13:10.783352+00:00,67.6,47,bid,,,13430043
2026-06-30T09:13:11.601388,2026-06-29T23:13:12.469645+00:00,67.1,47,ask,,,13430087
2026-06-30T09:13:12.023342,2026-06-29T23:13:12.894920+00:00,67.0,50,bid,,,13430103
2026-06-30T09:13:12.695133,2026-06-29T23:13:13.567502+00:00,66.8,40,ask,,,13430117
2026-06-30T09:13:13.319487,2026-06-29T23:13:14.187158+00:00,67.0,48,bid,,,13430124
2026-06-30T09:13:13.372999,2026-06-29T23:13:14.241043+00:00,66.7,43,ask,,,13430125
2026-06-30T09:13:14.153802,2026-06-29T23:13:15.026323+00:00,67.0,50,bid,,,13430147
2026-06-30T09:13:16.263585,2026-06-29T23:13:17.137797+00:00,67.2,2,bid,,,13430200
2026-06-30T09:13:16.263585,2026-06-29T23:13:17.137797+00:00,67.2,48,bid,,,13430201
2026-06-30T09:13:16.428886,2026-06-29T23:13:17.301877+00:00,67.1,100,ask,,,13430204
2026-06-30T09:13:18.163367,2026-06-29T23:13:19.039114+00:00,66.7,40,ask,,,13430243
2026-06-30T09:13:18.424057,2026-06-29T23:13:19.289782+00:00,66.7,50,ask,,,13430253
2026-06-30T09:13:20.529786,2026-06-29T23:13:21.401045+00:00,66.9,50,ask,,,13430295
2026-06-30T09:13:21.286620,2026-06-29T23:13:22.153010+00:00,66.9,50,ask,,,13430307
2026-06-30T09:13:22.652821,2026-06-29T23:13:23.529725+00:00,66.4,50,ask,,,13430323
2026-06-30T09:13:24.520071,2026-06-29T23:13:25.388527+00:00,66.7,5,bid,,,13430356
2026-06-30T09:13:24.706522,2026-06-29T23:13:25.574290+00:00,66.7,50,bid,,,13430358
2026-06-30T09:13:25.764483,2026-06-29T23:13:26.630146+00:00,66.7,46,bid,,,13430382
2026-06-30T09:13:26.863142,2026-06-29T23:13:27.730088+00:00,66.5,50,ask,,,13430398
2026-06-30T09:13:26.956014,2026-06-29T23:13:27.827738+00:00,66.7,47,bid,,,13430400
2026-06-30T09:13:27.010894,2026-06-29T23:13:27.882094+00:00,66.5,46,ask,,,13430401
2026-06-30T09:13:28.919114,2026-06-29T23:13:29.786539+00:00,67.0,50,bid,,,13430447
2026-06-30T09:13:29.434284,2026-06-29T23:13:30.307691+00:00,66.9,49,bid,,,13430468
2026-06-30T09:13:29.947074,2026-06-29T23:13:30.818164+00:00,66.8,47,ask,,,13430482
2026-06-30T09:13:31.024807,2026-06-29T23:13:31.893968+00:00,66.9,50,bid,,,13430502
2026-06-30T09:13:33.992054,2026-06-29T23:13:34.859947+00:00,66.7,4,ask,,,13430550
2026-06-30T09:13:33.992054,2026-06-29T23:13:34.859947+00:00,66.7,38,ask,,,13430551
2026-06-30T09:13:35.234845,2026-06-29T23:13:36.099462+00:00,67.0,1,bid,,,13430579
2026-06-30T09:13:35.234845,2026-06-29T23:13:36.110524+00:00,67.1,49,bid,,,13430580
2026-06-30T09:13:37.342862,2026-06-29T23:13:38.213161+00:00,67.0,50,bid,,,13430627
2026-06-30T09:13:38.329377,2026-06-29T23:13:39.195262+00:00,67.0,47,bid,,,13430635
2026-06-30T09:13:39.451361,2026-06-29T23:13:40.316367+00:00,67.0,1,bid,,,13430657
2026-06-30T09:13:39.451361,2026-06-29T23:13:40.327431+00:00,67.4,49,bid,,,13430658
2026-06-30T09:13:40.213016,2026-06-29T23:13:41.078048+00:00,67.1,1,bid,,,13430668
2026-06-30T09:13:40.249791,2026-06-29T23:13:41.121830+00:00,67.1,1,ask,,,13430669
2026-06-30T09:13:40.297211,2026-06-29T23:13:41.166077+00:00,67.1,1,ask,,,13430670
2026-06-30T09:13:40.327049,2026-06-29T23:13:41.198328+00:00,67.1,1,ask,,,13430671
2026-06-30T09:13:40.926882,2026-06-29T23:13:41.797327+00:00,67.1,42,ask,,,13430674
2026-06-30T09:13:41.559785,2026-06-29T23:13:42.429620+00:00,67.4,50,bid,,,13430691
2026-06-30T09:13:43.409995,2026-06-29T23:13:44.281726+00:00,67.5,41,bid,,,13430730
2026-06-30T09:13:43.463609,2026-06-29T23:13:44.336979+00:00,67.0,48,ask,,,13430732
2026-06-30T09:13:43.667129,2026-06-29T23:13:44.532286+00:00,67.4,50,bid,,,13430736
2026-06-30T09:13:45.774274,2026-06-29T23:13:46.645054+00:00,67.4,50,bid,,,13430779
2026-06-30T09:13:46.564384,2026-06-29T23:13:47.437659+00:00,67.7,45,bid,,,13430796
2026-06-30T09:13:47.881612,2026-06-29T23:13:48.753252+00:00,67.7,50,bid,,,13430828
2026-06-30T09:13:49.989989,2026-06-29T23:13:50.857572+00:00,68.0,50,bid,,,13430854
2026-06-30T09:13:51.722193,2026-06-29T23:13:52.588218+00:00,67.5,46,ask,,,13430889
2026-06-30T09:13:52.150964,2026-06-29T23:13:53.022184+00:00,67.5,50,ask,,,13430894
2026-06-30T09:13:54.260631,2026-06-29T23:13:55.133397+00:00,67.5,50,ask,,,13430925
2026-06-30T09:13:55.819299,2026-06-29T23:13:56.688670+00:00,67.6,1,bid,,,13430953
2026-06-30T09:13:55.819299,2026-06-29T23:13:56.688670+00:00,67.9,44,bid,,,13430954
2026-06-30T09:13:56.773790,2026-06-29T23:13:57.647612+00:00,67.6,47,ask,,,13430983
2026-06-30T09:13:57.262959,2026-06-29T23:13:58.137453+00:00,67.6,46,ask,,,13430990
2026-06-30T09:13:58.419412,2026-06-29T23:13:59.287270+00:00,67.9,50,bid,,,13431013
2026-06-30T09:14:00.577795,2026-06-29T23:14:01.452983+00:00,67.4,50,ask,,,13431057
2026-06-30T09:14:02.685338,2026-06-29T23:14:03.556240+00:00,67.4,50,ask,,,13431104
2026-06-30T09:14:04.801216,2026-06-29T23:14:05.668543+00:00,67.0,50,ask,,,13431144
2026-06-30T09:14:05.349287,2026-06-29T23:14:06.221755+00:00,67.4,1,bid,,,13431156
2026-06-30T09:14:05.935967,2026-06-29T23:14:06.807252+00:00,67.4,48,bid,,,13431168
2026-06-30T09:14:06.908166,2026-06-29T23:14:07.784439+00:00,67.0,50,ask,,,13431186
2026-06-30T09:14:08.026629,2026-06-29T23:14:08.907605+00:00,67.4,40,bid,,,13431211
2026-06-30T09:14:09.014430,2026-06-29T23:14:09.886257+00:00,67.2,50,ask,,,13431231
2026-06-30T09:14:11.102061,2026-06-29T23:14:11.971132+00:00,67.2,43,ask,,,13431269
2026-06-30T09:14:11.121946,2026-06-29T23:14:11.993257+00:00,67.2,50,ask,,,13431273
2026-06-30T09:14:13.230901,2026-06-29T23:14:14.098685+00:00,67.2,7,ask,,,13431307
2026-06-30T09:14:13.230901,2026-06-29T23:14:14.098685+00:00,67.2,1,ask,,,13431308
2026-06-30T09:14:13.230901,2026-06-29T23:14:14.109766+00:00,66.9,42,ask,,,13431309
2026-06-30T09:14:15.291085,2026-06-29T23:14:16.162958+00:00,67.2,50,bid,,,13431342
2026-06-30T09:14:17.447362,2026-06-29T23:14:18.312848+00:00,66.9,50,ask,,,13431361
2026-06-30T09:14:19.462088,2026-06-29T23:14:20.328955+00:00,67.4,49,bid,,,13431380
2026-06-30T09:14:20.632390,2026-06-29T23:14:21.497298+00:00,67.0,42,ask,,,13431394
2026-06-30T09:14:23.261504,2026-06-29T23:14:24.133300+00:00,67.5,48,bid,,,13431430
2026-06-30T09:14:25.526193,2026-06-29T23:14:26.395171+00:00,67.1,40,ask,,,13431461
2026-06-30T09:14:25.875912,2026-06-29T23:14:26.742070+00:00,67.1,50,ask,,,13431469
2026-06-30T09:14:30.087162,2026-06-29T23:14:30.951996+00:00,67.0,2,ask,,,13431544
2026-06-30T09:14:30.087162,2026-06-29T23:14:30.963079+00:00,67.0,48,ask,,,13431545
2026-06-30T09:14:32.194666,2026-06-29T23:14:33.067380+00:00,67.0,50,ask,,,13431584
2026-06-30T09:14:33.998156,2026-06-29T23:14:34.864096+00:00,67.3,40,bid,,,13431613
2026-06-30T09:14:34.301317,2026-06-29T23:14:35.167521+00:00,67.0,3,ask,,,13431622
2026-06-30T09:14:34.301317,2026-06-29T23:14:35.178519+00:00,66.8,47,ask,,,13431623
2026-06-30T09:14:36.408551,2026-06-29T23:14:37.277848+00:00,67.0,5,ask,,,13431657
2026-06-30T09:14:37.341615,2026-06-29T23:14:38.212072+00:00,67.2,47,bid,,,13431669
2026-06-30T09:14:40.616666,2026-06-29T23:14:41.488913+00:00,67.0,5,ask,,,13431722
2026-06-30T09:14:40.616666,2026-06-29T23:14:41.488913+00:00,66.9,45,ask,,,13431723
2026-06-30T09:14:44.603056,2026-06-29T23:14:45.477283+00:00,67.0,3,ask,,,13431791
2026-06-30T09:14:44.603056,2026-06-29T23:14:45.477283+00:00,66.9,43,ask,,,13431792
2026-06-30T09:14:44.834094,2026-06-29T23:14:45.704382+00:00,66.9,50,ask,,,13431794
2026-06-30T09:14:46.113012,2026-06-29T23:14:46.986595+00:00,67.2,48,bid,,,13431824
2026-06-30T09:14:46.709542,2026-06-29T23:14:47.577761+00:00,67.0,1,ask,,,13431840
2026-06-30T09:14:46.889353,2026-06-29T23:14:47.762363+00:00,67.0,50,bid,,,13431844
2026-06-30T09:14:49.047298,2026-06-29T23:14:49.916080+00:00,66.7,50,ask,,,13431891
2026-06-30T09:14:49.215263,2026-06-29T23:14:50.089814+00:00,66.7,48,ask,,,13431899
2026-06-30T09:14:50.273441,2026-06-29T23:14:51.146082+00:00,67.0,47,bid,,,13431914
2026-06-30T09:14:51.154540,2026-06-29T23:14:52.024048+00:00,66.7,2,ask,,,13431931
2026-06-30T09:14:51.375885,2026-06-29T23:14:52.241045+00:00,66.5,45,ask,,,13431935
2026-06-30T09:14:51.903174,2026-06-29T23:14:52.773110+00:00,66.5,49,ask,,,13431945
2026-06-30T09:14:53.259528,2026-06-29T23:14:54.133249+00:00,66.3,50,ask,,,13431971
2026-06-30T09:14:55.365488,2026-06-29T23:14:56.235337+00:00,66.3,50,ask,,,13432007
2026-06-30T09:14:57.016663,2026-06-29T23:14:57.893069+00:00,66.6,1,bid,,,13432038
2026-06-30T09:14:57.421084,2026-06-29T23:14:58.296312+00:00,66.6,50,bid,,,13432053
2026-06-30T09:14:58.657616,2026-06-29T23:14:59.524179+00:00,66.6,40,bid,,,13432079
2026-06-30T09:14:59.534473,2026-06-29T23:15:00.403981+00:00,66.6,50,bid,,,13432093
2026-06-30T09:15:00.773887,2026-06-29T23:15:01.645470+00:00,66.6,42,bid,,,13432115
2026-06-30T09:15:01.642938,2026-06-29T23:15:02.517245+00:00,66.6,50,bid,,,13432126
2026-06-30T09:15:02.467681,2026-06-29T23:15:03.342826+00:00,66.8,100,bid,,,13432140
2026-06-30T09:15:02.467681,2026-06-29T23:15:03.342826+00:00,66.9,2,bid,,,13432141
2026-06-30T09:15:02.569917,2026-06-29T23:15:03.440111+00:00,66.9,2,ask,,,13432145
2026-06-30T09:15:02.623913,2026-06-29T23:15:03.495422+00:00,66.9,2,ask,,,13432147
2026-06-30T09:15:02.660218,2026-06-29T23:15:03.527704+00:00,66.9,2,ask,,,13432148
2026-06-30T09:15:02.709467,2026-06-29T23:15:03.582068+00:00,66.9,42,ask,,,13432149
2026-06-30T09:15:02.709467,2026-06-29T23:15:03.582068+00:00,66.5,2,ask,,,13432150
2026-06-30T09:15:03.762885,2026-06-29T23:15:04.638201+00:00,67.4,50,bid,,,13432182
2026-06-30T09:15:05.868316,2026-06-29T23:15:06.737990+00:00,67.0,50,bid,,,13432208
2026-06-30T09:15:07.987818,2026-06-29T23:15:08.868678+00:00,67.1,50,bid,,,13432236
2026-06-30T09:15:08.973465,2026-06-29T23:15:09.838704+00:00,67.1,40,bid,,,13432252
2026-06-30T09:15:10.102266,2026-06-29T23:15:10.971119+00:00,66.9,3,bid,,,13432266
2026-06-30T09:15:13.434458,2026-06-29T23:15:14.306359+00:00,66.9,5,bid,,,13432311
2026-06-30T09:15:14.326207,2026-06-29T23:15:15.198265+00:00,66.9,41,ask,,,13432321
2026-06-30T09:15:14.930303,2026-06-29T23:15:15.797297+00:00,67.0,4,bid,,,13432331
2026-06-30T09:15:14.930303,2026-06-29T23:15:15.797297+00:00,67.3,43,bid,,,13432332
2026-06-30T09:15:16.407453,2026-06-29T23:15:17.276334+00:00,66.9,47,ask,,,13432347
2026-06-30T09:15:16.504355,2026-06-29T23:15:17.373874+00:00,66.9,7,ask,,,13432351
2026-06-30T09:15:16.504355,2026-06-29T23:15:17.373874+00:00,66.9,43,ask,,,13432352
2026-06-30T09:15:18.611765,2026-06-29T23:15:19.487148+00:00,66.7,1,ask,,,13432384
2026-06-30T09:15:18.611765,2026-06-29T23:15:19.487148+00:00,66.6,49,ask,,,13432385
2026-06-30T09:15:20.444289,2026-06-29T23:15:21.315231+00:00,67.0,2,bid,,,13432423
2026-06-30T09:15:20.444289,2026-06-29T23:15:21.315231+00:00,67.1,38,bid,,,13432424
2026-06-30T09:15:20.723528,2026-06-29T23:15:21.597655+00:00,66.7,50,ask,,,13432428
2026-06-30T09:15:22.830946,2026-06-29T23:15:23.699101+00:00,66.9,50,ask,,,13432473
2026-06-30T09:15:22.979691,2026-06-29T23:15:23.852080+00:00,66.9,100,ask,,,13432478
2026-06-30T09:15:23.030266,2026-06-29T23:15:23.896341+00:00,66.7,3,ask,,,13432479
2026-06-30T09:15:23.030266,2026-06-29T23:15:23.907403+00:00,66.4,37,ask,,,13432480
2026-06-30T09:15:24.948118,2026-06-29T23:15:25.823897+00:00,66.5,50,ask,,,13432523
2026-06-30T09:15:27.466739,2026-06-29T23:15:28.341097+00:00,67.0,43,bid,,,13432573
2026-06-30T09:15:28.003806,2026-06-29T23:15:28.875479+00:00,67.1,48,bid,,,13432578
2026-06-30T09:15:29.158859,2026-06-29T23:15:30.026318+00:00,66.8,50,ask,,,13432598
2026-06-30T09:15:31.266975,2026-06-29T23:15:32.138998+00:00,66.7,5,ask,,,13432646
2026-06-30T09:15:31.266975,2026-06-29T23:15:32.138998+00:00,66.7,45,ask,,,13432647
2026-06-30T09:15:33.324645,2026-06-29T23:15:34.197985+00:00,67.0,4,bid,,,13432675
2026-06-30T09:15:35.434092,2026-06-29T23:15:36.309021+00:00,66.9,50,bid,,,13432703
2026-06-30T09:15:36.440069,2026-06-29T23:15:37.310876+00:00,66.7,1,ask,,,13432732
2026-06-30T09:15:36.440069,2026-06-29T23:15:37.310876+00:00,66.7,47,ask,,,13432733
2026-06-30T09:15:37.593454,2026-06-29T23:15:38.463276+00:00,66.9,50,ask,,,13432755
2026-06-30T09:15:38.132295,2026-06-29T23:15:39.007577+00:00,66.9,41,ask,,,13432771
2026-06-30T09:15:38.718417,2026-06-29T23:15:39.584427+00:00,67.0,1,bid,,,13432777
2026-06-30T09:15:38.718417,2026-06-29T23:15:39.595502+00:00,67.4,42,bid,,,13432778
2026-06-30T09:15:38.807087,2026-06-29T23:15:39.682081+00:00,66.9,59,ask,,,13432779
2026-06-30T09:15:39.699682,2026-06-29T23:15:40.571219+00:00,66.7,4,ask,,,13432790
2026-06-30T09:15:39.699682,2026-06-29T23:15:40.571219+00:00,66.4,46,ask,,,13432791
2026-06-30T09:15:40.112220,2026-06-29T23:15:40.984980+00:00,66.7,5,ask,,,13432803
2026-06-30T09:15:40.112220,2026-06-29T23:15:40.984980+00:00,66.4,42,ask,,,13432804
2026-06-30T09:15:40.964964,2026-06-29T23:15:41.832255+00:00,66.7,5,bid,,,13432827
2026-06-30T09:15:43.853284,2026-06-29T23:15:44.728627+00:00,66.8,45,bid,,,13432876
2026-06-30T09:15:47.330819,2026-06-29T23:15:48.197235+00:00,66.5,45,ask,,,13432951
2026-06-30T09:15:47.886690,2026-06-29T23:15:48.761955+00:00,66.8,46,bid,,,13432958
2026-06-30T09:15:48.124516,2026-06-29T23:15:48.991058+00:00,66.5,50,ask,,,13432963
2026-06-30T09:15:48.794591,2026-06-29T23:15:49.668222+00:00,66.5,46,ask,,,13432976
2026-06-30T09:15:49.296635,2026-06-29T23:15:50.167676+00:00,66.8,3,bid,,,13432984
2026-06-30T09:15:49.296635,2026-06-29T23:15:50.167676+00:00,66.9,44,bid,,,13432985
2026-06-30T09:15:49.978697,2026-06-29T23:15:50.845433+00:00,66.4,100,ask,,,13432998
2026-06-30T09:15:50.233121,2026-06-29T23:15:51.107169+00:00,65.7,50,ask,,,13433002
2026-06-30T09:15:50.475248,2026-06-29T23:15:51.347319+00:00,66.2,43,bid,,,13433011
2026-06-30T09:15:51.413557,2026-06-29T23:15:52.282810+00:00,66.2,7,bid,,,13433021
2026-06-30T09:15:52.341223,2026-06-29T23:15:53.209997+00:00,66.3,50,ask,,,13433053
2026-06-30T09:15:54.449499,2026-06-29T23:15:55.325185+00:00,66.3,43,ask,,,13433102
2026-06-30T09:15:54.449499,2026-06-29T23:15:55.325185+00:00,66.1,7,ask,,,13433103
2026-06-30T09:15:55.718645,2026-06-29T23:15:56.589893+00:00,66.5,45,bid,,,13433133
2026-06-30T09:15:56.557043,2026-06-29T23:15:57.428087+00:00,66.2,50,ask,,,13433156
2026-06-30T09:15:58.664140,2026-06-29T23:15:59.533193+00:00,66.2,50,ask,,,13433191
2026-06-30T09:15:59.478192,2026-06-29T23:16:00.357997+00:00,66.2,100,ask,,,13433212
2026-06-30T09:16:00.719087,2026-06-29T23:16:01.587424+00:00,66.2,50,bid,,,13433229
2026-06-30T09:16:02.546931,2026-06-29T23:16:03.418875+00:00,65.9,42,ask,,,13433266
2026-06-30T09:16:02.588259,2026-06-29T23:16:03.463142+00:00,66.4,100,bid,,,13433268
2026-06-30T09:16:02.878304,2026-06-29T23:16:03.745575+00:00,66.5,50,ask,,,13433277
2026-06-30T09:16:03.146401,2026-06-29T23:16:04.017331+00:00,65.9,48,ask,,,13433285
2026-06-30T09:16:04.933018,2026-06-29T23:16:05.799876+00:00,66.4,50,bid,,,13433324
2026-06-30T09:16:05.702869,2026-06-29T23:16:06.570133+00:00,66.4,42,bid,,,13433345
2026-06-30T09:16:07.041632,2026-06-29T23:16:07.907673+00:00,66.3,50,bid,,,13433368
2026-06-30T09:16:08.718590,2026-06-29T23:16:09.587362+00:00,66.3,49,bid,,,13433405
2026-06-30T09:16:09.150420,2026-06-29T23:16:10.022315+00:00,66.5,50,bid,,,13433415
2026-06-30T09:16:11.259006,2026-06-29T23:16:12.131134+00:00,66.5,50,bid,,,13433469
2026-06-30T09:16:13.366643,2026-06-29T23:16:14.238005+00:00,66.6,50,bid,,,13433501
2026-06-30T09:16:13.478199,2026-06-29T23:16:14.347269+00:00,66.4,44,ask,,,13433505
2026-06-30T09:16:14.482331,2026-06-29T23:16:15.347901+00:00,66.4,46,ask,,,13433515
2026-06-30T09:16:14.940352,2026-06-29T23:16:15.816486+00:00,66.4,42,ask,,,13433528
2026-06-30T09:16:15.473530,2026-06-29T23:16:16.348764+00:00,66.4,50,bid,,,13433542
2026-06-30T09:16:17.580747,2026-06-29T23:16:18.453208+00:00,66.4,50,bid,,,13433582
2026-06-30T09:16:19.695830,2026-06-29T23:16:20.567584+00:00,66.5,4,bid,,,13433628
2026-06-30T09:16:19.695830,2026-06-29T23:16:20.567584+00:00,66.6,46,bid,,,13433629
2026-06-30T09:16:21.806179,2026-06-29T23:16:22.677117+00:00,66.5,5,bid,,,13433662
2026-06-30T09:16:21.806179,2026-06-29T23:16:22.677117+00:00,66.7,45,bid,,,13433663
2026-06-30T09:16:23.740487,2026-06-29T23:16:24.610776+00:00,66.5,5,bid,,,13433716
2026-06-30T09:16:23.740487,2026-06-29T23:16:24.610776+00:00,66.8,43,bid,,,13433717
2026-06-30T09:16:23.932197,2026-06-29T23:16:24.807554+00:00,66.8,50,bid,,,13433720
2026-06-30T09:16:24.738916,2026-06-29T23:16:25.609685+00:00,66.6,5,bid,,,13433725
2026-06-30T09:16:26.039521,2026-06-29T23:16:26.907997+00:00,66.8,50,bid,,,13433741
2026-06-30T09:16:27.118698,2026-06-29T23:16:27.987793+00:00,66.7,5,ask,,,13433766
2026-06-30T09:16:27.260792,2026-06-29T23:16:28.128228+00:00,66.7,5,ask,,,13433768
2026-06-30T09:16:27.719430,2026-06-29T23:16:28.585244+00:00,66.7,5,ask,,,13433775
2026-06-30T09:16:28.169942,2026-06-29T23:16:29.042318+00:00,66.7,5,bid,,,13433784
2026-06-30T09:16:28.169942,2026-06-29T23:16:29.042318+00:00,66.9,45,bid,,,13433785
2026-06-30T09:16:28.632890,2026-06-29T23:16:29.508457+00:00,66.9,47,bid,,,13433790
2026-06-30T09:16:32.884527,2026-06-29T23:16:33.758933+00:00,66.9,4,ask,,,13433869
2026-06-30T09:16:33.017124,2026-06-29T23:16:33.888724+00:00,66.9,3,ask,,,13433871
2026-06-30T09:16:33.042784,2026-06-29T23:16:33.910898+00:00,66.9,3,ask,,,13433872
2026-06-30T09:16:34.551139,2026-06-29T23:16:35.421170+00:00,66.9,50,ask,,,13433906
2026-06-30T09:16:35.119905,2026-06-29T23:16:35.987226+00:00,66.9,40,ask,,,13433912
2026-06-30T09:16:36.658990,2026-06-29T23:16:37.532947+00:00,66.6,50,ask,,,13433953
2026-06-30T09:16:38.764692,2026-06-29T23:16:39.633154+00:00,66.6,50,ask,,,13433999
2026-06-30T09:16:39.171189,2026-06-29T23:16:40.046401+00:00,66.9,47,bid,,,13434011
2026-06-30T09:16:40.764871,2026-06-29T23:16:41.632192+00:00,66.7,5,ask,,,13434052
2026-06-30T09:16:40.764871,2026-06-29T23:16:41.632192+00:00,66.4,43,ask,,,13434053
2026-06-30T09:16:40.882657,2026-06-29T23:16:41.752037+00:00,66.4,50,ask,,,13434056
2026-06-30T09:16:42.070090,2026-06-29T23:16:42.938586+00:00,66.7,5,ask,,,13434076
2026-06-30T09:16:42.988118,2026-06-29T23:16:43.853881+00:00,66.6,5,ask,,,13434083
2026-06-30T09:16:42.988118,2026-06-29T23:16:43.864943+00:00,66.4,45,ask,,,13434084
2026-06-30T09:16:45.094984,2026-06-29T23:16:45.968277+00:00,66.6,4,ask,,,13434126
2026-06-30T09:16:45.094984,2026-06-29T23:16:45.968277+00:00,66.5,46,ask,,,13434127
2026-06-30T09:16:49.253896,2026-06-29T23:16:50.119777+00:00,66.7,50,bid,,,13434199
2026-06-30T09:16:51.367597,2026-06-29T23:16:52.246130+00:00,66.9,50,bid,,,13434227
2026-06-30T09:16:53.473567,2026-06-29T23:16:54.341864+00:00,66.7,50,bid,,,13434261
2026-06-30T09:16:55.236984,2026-06-29T23:16:56.103623+00:00,66.7,49,bid,,,13434293
2026-06-30T09:16:55.581723,2026-06-29T23:16:56.451860+00:00,66.7,50,bid,,,13434299
2026-06-30T09:16:57.690868,2026-06-29T23:16:58.557429+00:00,67.1,50,bid,,,13434332
2026-06-30T09:16:59.538950,2026-06-29T23:17:00.419673+00:00,66.9,5,bid,,,13434364
2026-06-30T09:16:59.538950,2026-06-29T23:17:00.419673+00:00,67.0,100,bid,,,13434365
2026-06-30T09:16:59.796651,2026-06-29T23:17:00.668931+00:00,67.5,50,bid,,,13434371
2026-06-30T09:17:00.760494,2026-06-29T23:17:01.627999+00:00,67.0,5,ask,,,13434384
2026-06-30T09:17:01.309111,2026-06-29T23:17:02.184181+00:00,67.0,5,ask,,,13434392
2026-06-30T09:17:01.903134,2026-06-29T23:17:02.772105+00:00,67.5,50,bid,,,13434406
2026-06-30T09:17:04.025197,2026-06-29T23:17:04.897209+00:00,67.1,3,bid,,,13434433
2026-06-30T09:17:04.025197,2026-06-29T23:17:04.897209+00:00,67.3,47,bid,,,13434434
2026-06-30T09:17:05.878845,2026-06-29T23:17:06.755029+00:00,67.1,2,bid,,,13434465
2026-06-30T09:17:05.907195,2026-06-29T23:17:06.777191+00:00,67.1,3,ask,,,13434466
2026-06-30T09:17:05.965743,2026-06-29T23:17:06.831149+00:00,67.1,2,ask,,,13434467
2026-06-30T09:17:06.133305,2026-06-29T23:17:07.007259+00:00,67.5,50,bid,,,13434468
2026-06-30T09:17:06.844884,2026-06-29T23:17:07.712252+00:00,67.1,43,ask,,,13434477
2026-06-30T09:17:07.857172,2026-06-29T23:17:08.725430+00:00,67.2,2,ask,,,13434487
2026-06-30T09:17:07.972541,2026-06-29T23:17:08.846269+00:00,67.2,2,ask,,,13434491
2026-06-30T09:17:08.017509,2026-06-29T23:17:08.888622+00:00,67.2,2,ask,,,13434492
2026-06-30T09:17:08.242176,2026-06-29T23:17:09.107587+00:00,67.6,50,bid,,,13434496
2026-06-30T09:17:08.486424,2026-06-29T23:17:09.358300+00:00,67.2,40,ask,,,13434505
2026-06-30T09:17:10.009019,2026-06-29T23:17:10.882794+00:00,67.4,1,ask,,,13434528
2026-06-30T09:17:10.125411,2026-06-29T23:17:10.991086+00:00,67.4,1,ask,,,13434535
2026-06-30T09:17:10.348104,2026-06-29T23:17:11.221211+00:00,67.7,50,bid,,,13434541
2026-06-30T09:17:11.161871,2026-06-29T23:17:12.037772+00:00,67.4,47,ask,,,13434560
2026-06-30T09:17:12.453499,2026-06-29T23:17:13.323365+00:00,67.5,50,bid,,,13434581
2026-06-30T09:17:13.675462,2026-06-29T23:17:14.542087+00:00,67.4,1,bid,,,13434600
2026-06-30T09:17:13.826904,2026-06-29T23:17:14.696060+00:00,67.4,43,ask,,,13434601
2026-06-30T09:17:14.055125,2026-06-29T23:17:14.926139+00:00,67.4,1,ask,,,13434605
2026-06-30T09:17:14.160049,2026-06-29T23:17:15.034406+00:00,67.4,1,ask,,,13434609
2026-06-30T09:17:14.560229,2026-06-29T23:17:15.426093+00:00,67.5,50,bid,,,13434611
2026-06-30T09:17:14.822213,2026-06-29T23:17:15.696919+00:00,67.4,1,ask,,,13434616
2026-06-30T09:17:15.376580,2026-06-29T23:17:16.250745+00:00,67.5,1,bid,,,13434633
2026-06-30T09:17:16.464714,2026-06-29T23:17:17.338553+00:00,67.5,3,ask,,,13434654
2026-06-30T09:17:16.668093,2026-06-29T23:17:17.535176+00:00,67.9,50,bid,,,13434658
2026-06-30T09:17:17.072911,2026-06-29T23:17:17.948899+00:00,67.5,3,ask,,,13434662
2026-06-30T09:17:17.112363,2026-06-29T23:17:17.982063+00:00,67.5,3,ask,,,13434663
2026-06-30T09:17:17.846683,2026-06-29T23:17:18.714137+00:00,67.6,2,bid,,,13434678
2026-06-30T09:17:17.846683,2026-06-29T23:17:18.725187+00:00,67.9,45,bid,,,13434679
2026-06-30T09:17:18.497812,2026-06-29T23:17:19.364922+00:00,67.4,49,ask,,,13434692
2026-06-30T09:17:18.784961,2026-06-29T23:17:19.658455+00:00,67.9,50,bid,,,13434699
2026-06-30T09:17:20.953002,2026-06-29T23:17:21.827124+00:00,67.5,50,ask,,,13434732
2026-06-30T09:17:23.059410,2026-06-29T23:17:23.925367+00:00,67.6,50,ask,,,13434773
2026-06-30T09:17:23.257911,2026-06-29T23:17:24.130815+00:00,67.7,2,bid,,,13434779
2026-06-30T09:17:23.257911,2026-06-29T23:17:24.130815+00:00,67.7,40,bid,,,13434780
2026-06-30T09:17:23.855669,2026-06-29T23:17:24.727438+00:00,67.7,42,bid,,,13434790
2026-06-30T09:17:24.454602,2026-06-29T23:17:25.325041+00:00,67.6,40,ask,,,13434799
2026-06-30T09:17:25.071471,2026-06-29T23:17:25.945182+00:00,67.6,47,bid,,,13434808
2026-06-30T09:17:25.114962,2026-06-29T23:17:25.988499+00:00,67.6,50,bid,,,13434809
2026-06-30T09:17:26.188791,2026-06-29T23:17:27.055296+00:00,67.6,48,bid,,,13434829
2026-06-30T09:17:26.319832,2026-06-29T23:17:27.186188+00:00,67.6,5,bid,,,13434832
2026-06-30T09:17:27.273094,2026-06-29T23:17:28.152272+00:00,67.6,50,ask,,,13434847
2026-06-30T09:17:27.739005,2026-06-29T23:17:28.607806+00:00,67.6,44,ask,,,13434859
2026-06-30T09:17:29.381588,2026-06-29T23:17:30.252305+00:00,67.6,1,ask,,,13434884
2026-06-30T09:17:29.381588,2026-06-29T23:17:30.252305+00:00,67.5,49,ask,,,13434885
2026-06-30T09:17:29.489967,2026-06-29T23:17:30.361062+00:00,67.5,42,ask,,,13434891
2026-06-30T09:17:30.566612,2026-06-29T23:17:31.438775+00:00,67.7,46,bid,,,13434906
2026-06-30T09:17:31.656362,2026-06-29T23:17:32.527526+00:00,67.4,2,ask,,,13434930
2026-06-30T09:17:31.656362,2026-06-29T23:17:32.527526+00:00,67.3,45,ask,,,13434931
2026-06-30T09:17:32.717239,2026-06-29T23:17:33.587195+00:00,67.8,3,bid,,,13434960
2026-06-30T09:17:32.717239,2026-06-29T23:17:33.587195+00:00,67.8,46,bid,,,13434961
