timestamp,recv_time,price,volume,aggressor_side,buyer,seller,trade_id
2026-07-01T19:59:58.747316,2026-07-01T10:00:00.145686+00:00,81.9,10,ask,,,2104647
2026-07-01T19:59:58.747316,2026-07-01T10:00:00.145686+00:00,81.8,1,ask,,,2104648
2026-07-01T19:59:58.747316,2026-07-01T10:00:00.145686+00:00,81.7,39,ask,,,2104649
2026-07-01T20:00:00.293580,2026-07-01T10:00:01.674633+00:00,81.8,10,ask,,,2104690
2026-07-01T20:00:00.293580,2026-07-01T10:00:01.674633+00:00,81.7,36,ask,,,2104691
2026-07-01T20:00:00.858368,2026-07-01T10:00:02.235634+00:00,81.7,50,ask,,,2104700
2026-07-01T20:00:02.914142,2026-07-01T10:00:04.292165+00:00,81.9,50,bid,,,2104742
2026-07-01T20:00:03.099356,2026-07-01T10:00:04.478680+00:00,81.9,41,bid,,,2104745
2026-07-01T20:00:04.368432,2026-07-01T10:00:05.754680+00:00,82.0,100,bid,,,2104773
2026-07-01T20:00:05.045919,2026-07-01T10:00:06.425226+00:00,82.0,50,bid,,,2104797
2026-07-01T20:00:05.085814,2026-07-01T10:00:06.469226+00:00,81.6,10,ask,,,2104799
2026-07-01T20:00:05.085814,2026-07-01T10:00:06.469226+00:00,81.5,34,ask,,,2104800
2026-07-01T20:00:06.104490,2026-07-01T10:00:07.481237+00:00,82.1,5,bid,,,2104831
2026-07-01T20:00:06.104490,2026-07-01T10:00:07.492237+00:00,82.5,41,bid,,,2104832
2026-07-01T20:00:09.309747,2026-07-01T10:00:10.692276+00:00,82.0,50,ask,,,2104897
2026-07-01T20:00:10.369912,2026-07-01T10:00:11.748276+00:00,81.6,42,ask,,,2104938
2026-07-01T20:00:11.298528,2026-07-01T10:00:12.682791+00:00,81.9,47,bid,,,2104954
2026-07-01T20:00:11.365707,2026-07-01T10:00:12.748791+00:00,81.9,50,bid,,,2104957
2026-07-01T20:00:13.471786,2026-07-01T10:00:14.860351+00:00,81.9,3,bid,,,2105023
2026-07-01T20:00:13.471786,2026-07-01T10:00:14.860351+00:00,81.9,10,bid,,,2105024
2026-07-01T20:00:13.471786,2026-07-01T10:00:14.860351+00:00,82.1,6,bid,,,2105025
2026-07-01T20:00:13.471786,2026-07-01T10:00:14.860351+00:00,82.1,31,bid,,,2105026
2026-07-01T20:00:15.575222,2026-07-01T10:00:16.960651+00:00,81.8,48,ask,,,2105068
2026-07-01T20:00:15.638086,2026-07-01T10:00:17.015652+00:00,81.8,50,ask,,,2105069
2026-07-01T20:00:17.695028,2026-07-01T10:00:19.071638+00:00,81.8,50,bid,,,2105113
2026-07-01T20:00:17.711577,2026-07-01T10:00:19.093638+00:00,81.8,48,bid,,,2105115
2026-07-01T20:00:17.767393,2026-07-01T10:00:19.148638+00:00,81.6,41,ask,,,2105118
2026-07-01T20:00:19.307202,2026-07-01T10:00:20.688637+00:00,81.8,2,bid,,,2105158
2026-07-01T20:00:19.307202,2026-07-01T10:00:20.688637+00:00,81.8,10,bid,,,2105159
2026-07-01T20:00:19.801481,2026-07-01T10:00:21.183637+00:00,81.8,50,bid,,,2105169
2026-07-01T20:00:19.979713,2026-07-01T10:00:21.359637+00:00,81.8,46,bid,,,2105173
2026-07-01T20:00:21.908054,2026-07-01T10:00:23.289514+00:00,81.8,50,bid,,,2105230
2026-07-01T20:00:22.697430,2026-07-01T10:00:24.081613+00:00,82.0,100,bid,,,2105245
2026-07-01T20:00:22.697430,2026-07-01T10:00:24.081613+00:00,82.1,3,bid,,,2105246
2026-07-01T20:00:22.996435,2026-07-01T10:00:24.378613+00:00,82.1,4,ask,,,2105248
2026-07-01T20:00:23.855118,2026-07-01T10:00:25.236613+00:00,82.1,43,ask,,,2105273
2026-07-01T20:00:23.855118,2026-07-01T10:00:25.247612+00:00,82.0,1,ask,,,2105274
2026-07-01T20:00:24.018153,2026-07-01T10:00:25.401613+00:00,82.4,10,bid,,,2105278
2026-07-01T20:00:24.018153,2026-07-01T10:00:25.401613+00:00,82.5,40,bid,,,2105279
2026-07-01T20:00:25.915674,2026-07-01T10:00:27.293141+00:00,82.0,99,ask,,,2105314
2026-07-01T20:00:26.129402,2026-07-01T10:00:27.513140+00:00,81.9,50,bid,,,2105330
2026-07-01T20:00:26.502263,2026-07-01T10:00:27.887140+00:00,81.9,1,bid,,,2105338
2026-07-01T20:00:28.238345,2026-07-01T10:00:29.623370+00:00,82.1,1,bid,,,2105376
2026-07-01T20:00:28.238345,2026-07-01T10:00:29.623370+00:00,82.4,49,bid,,,2105377
2026-07-01T20:00:30.701125,2026-07-01T10:00:32.087368+00:00,82.2,5,bid,,,2105437
2026-07-01T20:00:30.701125,2026-07-01T10:00:32.087368+00:00,82.2,10,bid,,,2105438
2026-07-01T20:00:32.742797,2026-07-01T10:00:34.132936+00:00,82.3,10,ask,,,2105479
2026-07-01T20:00:32.742797,2026-07-01T10:00:34.132936+00:00,82.2,34,ask,,,2105480
2026-07-01T20:00:34.608235,2026-07-01T10:00:35.991936+00:00,82.4,50,ask,,,2105514
2026-07-01T20:00:34.853396,2026-07-01T10:00:36.233935+00:00,82.4,49,ask,,,2105520
2026-07-01T20:00:35.871958,2026-07-01T10:00:37.256936+00:00,82.4,1,ask,,,2105534
2026-07-01T20:00:36.714200,2026-07-01T10:00:38.103457+00:00,82.1,50,ask,,,2105550
2026-07-01T20:00:38.820021,2026-07-01T10:00:40.203039+00:00,82.1,10,ask,,,2105591
2026-07-01T20:00:38.820021,2026-07-01T10:00:40.203039+00:00,82.0,40,ask,,,2105592
2026-07-01T20:00:40.868526,2026-07-01T10:00:42.249039+00:00,82.4,10,bid,,,2105615
2026-07-01T20:00:40.868526,2026-07-01T10:00:42.249039+00:00,82.5,35,bid,,,2105616
2026-07-01T20:00:40.936728,2026-07-01T10:00:42.315047+00:00,82.0,50,ask,,,2105621
2026-07-01T20:00:42.993576,2026-07-01T10:00:44.372052+00:00,82.2,50,bid,,,2105664
2026-07-01T20:00:43.832643,2026-07-01T10:00:45.219062+00:00,81.9,40,ask,,,2105678
2026-07-01T20:00:44.451038,2026-07-01T10:00:45.835053+00:00,82.2,42,bid,,,2105689
2026-07-01T20:00:45.046082,2026-07-01T10:00:46.429099+00:00,82.1,41,ask,,,2105709
2026-07-01T20:00:45.152187,2026-07-01T10:00:46.539099+00:00,82.1,50,ask,,,2105710
2026-07-01T20:00:47.262334,2026-07-01T10:00:48.639696+00:00,82.1,50,ask,,,2105743
2026-07-01T20:00:48.686609,2026-07-01T10:00:50.069697+00:00,82.0,100,bid,,,2105782
2026-07-01T20:00:49.317831,2026-07-01T10:00:50.696695+00:00,82.0,50,bid,,,2105799
2026-07-01T20:00:51.496909,2026-07-01T10:00:52.874695+00:00,82.2,50,ask,,,2105834
2026-07-01T20:00:51.901840,2026-07-01T10:00:53.281695+00:00,82.2,100,ask,,,2105859
2026-07-01T20:00:53.608006,2026-07-01T10:00:54.986324+00:00,82.0,10,ask,,,2105881
2026-07-01T20:00:53.608006,2026-07-01T10:00:54.997324+00:00,81.9,4,ask,,,2105882
2026-07-01T20:00:53.608006,2026-07-01T10:00:54.997324+00:00,81.7,36,ask,,,2105883
2026-07-01T20:00:55.733617,2026-07-01T10:00:57.119887+00:00,81.8,10,ask,,,2105930
2026-07-01T20:00:55.733617,2026-07-01T10:00:57.119887+00:00,81.7,40,ask,,,2105931
2026-07-01T20:00:57.278672,2026-07-01T10:00:58.659480+00:00,82.1,45,bid,,,2105968
2026-07-01T20:00:57.800327,2026-07-01T10:00:59.187480+00:00,82.1,41,bid,,,2105979
2026-07-01T20:00:57.843170,2026-07-01T10:00:59.231480+00:00,81.7,50,ask,,,2105982
2026-07-01T20:00:58.368629,2026-07-01T10:00:59.748481+00:00,82.0,42,bid,,,2105990
2026-07-01T20:00:58.985641,2026-07-01T10:01:00.363997+00:00,81.7,49,ask,,,2106019
2026-07-01T20:00:59.957636,2026-07-01T10:01:01.342998+00:00,81.7,50,ask,,,2106028
2026-07-01T20:01:00.453728,2026-07-01T10:01:01.837997+00:00,81.7,49,ask,,,2106043
2026-07-01T20:01:00.785188,2026-07-01T10:01:02.167997+00:00,81.8,3,ask,,,2106048
2026-07-01T20:01:00.785188,2026-07-01T10:01:02.167997+00:00,81.8,10,ask,,,2106049
2026-07-01T20:01:00.989239,2026-07-01T10:01:02.376997+00:00,81.6,47,bid,,,2106058
2026-07-01T20:01:01.363012,2026-07-01T10:01:02.750997+00:00,81.6,90,bid,,,2106069
2026-07-01T20:01:01.585698,2026-07-01T10:01:02.970997+00:00,82.1,2,bid,,,2106086
2026-07-01T20:01:01.585698,2026-07-01T10:01:02.970997+00:00,82.2,42,bid,,,2106087
2026-07-01T20:01:02.065562,2026-07-01T10:01:03.443535+00:00,81.7,10,ask,,,2106099
2026-07-01T20:01:02.065562,2026-07-01T10:01:03.454535+00:00,81.1,40,ask,,,2106100
2026-07-01T20:01:04.181106,2026-07-01T10:01:05.566534+00:00,81.8,4,ask,,,2106149
2026-07-01T20:01:04.181106,2026-07-01T10:01:05.566534+00:00,81.6,46,ask,,,2106150
2026-07-01T20:01:04.955648,2026-07-01T10:01:06.336092+00:00,81.8,10,ask,,,2106159
2026-07-01T20:01:04.955648,2026-07-01T10:01:06.347092+00:00,81.7,38,ask,,,2106160
2026-07-01T20:01:05.979711,2026-07-01T10:01:07.359084+00:00,82.0,10,bid,,,2106192
2026-07-01T20:01:05.979711,2026-07-01T10:01:07.359084+00:00,82.1,38,bid,,,2106193
2026-07-01T20:01:08.342328,2026-07-01T10:01:09.723885+00:00,82.0,50,bid,,,2106256
2026-07-01T20:01:10.463964,2026-07-01T10:01:11.846895+00:00,81.9,50,bid,,,2106306
2026-07-01T20:01:11.591406,2026-07-01T10:01:12.968896+00:00,81.7,3,ask,,,2106325
2026-07-01T20:01:11.591406,2026-07-01T10:01:12.979897+00:00,81.4,42,ask,,,2106326
2026-07-01T20:01:12.171716,2026-07-01T10:01:13.551429+00:00,81.5,10,ask,,,2106337
2026-07-01T20:01:12.574499,2026-07-01T10:01:14.057427+00:00,81.9,50,bid,,,2106347
2026-07-01T20:01:12.781166,2026-07-01T10:01:14.551947+00:00,81.9,45,bid,,,2106353
2026-07-01T20:01:14.690173,2026-07-01T10:01:16.157044+00:00,81.9,50,bid,,,2106403
2026-07-01T20:01:15.722742,2026-07-01T10:01:17.202044+00:00,81.8,45,ask,,,2106425
2026-07-01T20:01:16.339868,2026-07-01T10:01:17.818045+00:00,81.9,45,bid,,,2106453
2026-07-01T20:01:16.798028,2026-07-01T10:01:18.181043+00:00,81.9,5,bid,,,2106463
2026-07-01T20:01:16.798028,2026-07-01T10:01:18.181043+00:00,81.9,10,bid,,,2106464
2026-07-01T20:01:16.798028,2026-07-01T10:01:18.181043+00:00,82.0,2,bid,,,2106465
2026-07-01T20:01:16.798028,2026-07-01T10:01:18.192044+00:00,82.3,33,bid,,,2106466
2026-07-01T20:01:17.420400,2026-07-01T10:01:18.818052+00:00,81.8,49,ask,,,2106485
2026-07-01T20:01:18.038733,2026-07-01T10:01:19.456060+00:00,81.8,44,ask,,,2106497
2026-07-01T20:01:18.948311,2026-07-01T10:01:20.369052+00:00,82.0,1,bid,,,2106524
2026-07-01T20:01:18.948311,2026-07-01T10:01:20.369052+00:00,82.0,10,bid,,,2106525
2026-07-01T20:01:18.948311,2026-07-01T10:01:20.380051+00:00,82.3,39,bid,,,2106526
2026-07-01T20:01:19.072168,2026-07-01T10:01:20.501053+00:00,82.0,1,bid,,,2106528
2026-07-01T20:01:19.072168,2026-07-01T10:01:20.501053+00:00,82.3,43,bid,,,2106529
2026-07-01T20:01:20.055366,2026-07-01T10:01:21.491052+00:00,81.8,40,ask,,,2106558
2026-07-01T20:01:21.059484,2026-07-01T10:01:22.503052+00:00,82.1,2,bid,,,2106571
2026-07-01T20:01:21.059484,2026-07-01T10:01:22.503052+00:00,82.1,10,bid,,,2106572
2026-07-01T20:01:21.059484,2026-07-01T10:01:22.503052+00:00,82.2,38,bid,,,2106573
2026-07-01T20:01:22.603850,2026-07-01T10:01:24.053220+00:00,82.2,40,bid,,,2106605
2026-07-01T20:01:23.177413,2026-07-01T10:01:24.614210+00:00,82.2,22,bid,,,2106627
2026-07-01T20:01:23.177413,2026-07-01T10:01:24.614210+00:00,82.4,28,bid,,,2106628
2026-07-01T20:01:23.193062,2026-07-01T10:01:24.625210+00:00,82.4,48,bid,,,2106629
2026-07-01T20:01:24.742637,2026-07-01T10:01:26.175755+00:00,82.0,46,ask,,,2106672
2026-07-01T20:01:25.271074,2026-07-01T10:01:26.703755+00:00,82.0,45,ask,,,2106685
2026-07-01T20:01:25.285941,2026-07-01T10:01:26.714755+00:00,82.3,10,bid,,,2106686
2026-07-01T20:01:25.285941,2026-07-01T10:01:26.725755+00:00,82.4,40,bid,,,2106687
2026-07-01T20:01:26.762023,2026-07-01T10:01:28.199754+00:00,82.4,100,ask,,,2106721
2026-07-01T20:01:26.830298,2026-07-01T10:01:28.265754+00:00,82.8,10,bid,,,2106725
2026-07-01T20:01:26.830298,2026-07-01T10:01:28.276754+00:00,82.9,37,bid,,,2106726
2026-07-01T20:01:27.429603,2026-07-01T10:01:28.858803+00:00,82.8,10,bid,,,2106737
2026-07-01T20:01:27.429603,2026-07-01T10:01:28.858803+00:00,82.9,40,bid,,,2106738
2026-07-01T20:01:29.538934,2026-07-01T10:01:30.970803+00:00,82.8,10,bid,,,2106788
2026-07-01T20:01:29.538934,2026-07-01T10:01:30.981802+00:00,82.9,40,bid,,,2106789
2026-07-01T20:01:31.427758,2026-07-01T10:01:32.895802+00:00,82.4,40,ask,,,2106835
2026-07-01T20:01:31.649401,2026-07-01T10:01:33.126802+00:00,82.6,50,bid,,,2106843
2026-07-01T20:01:32.542779,2026-07-01T10:01:34.016742+00:00,82.1,47,ask,,,2106869
2026-07-01T20:01:33.759439,2026-07-01T10:01:35.182752+00:00,82.5,50,bid,,,2106914
2026-07-01T20:01:35.889716,2026-07-01T10:01:37.351804+00:00,82.5,50,bid,,,2106960
2026-07-01T20:01:37.997038,2026-07-01T10:01:39.486006+00:00,82.7,10,bid,,,2107008
2026-07-01T20:01:37.997038,2026-07-01T10:01:39.486006+00:00,82.8,40,bid,,,2107009
2026-07-01T20:01:40.132511,2026-07-01T10:01:41.542519+00:00,82.9,50,bid,,,2107063
2026-07-01T20:01:41.939373,2026-07-01T10:01:43.357061+00:00,82.5,35,ask,,,2107121
2026-07-01T20:01:42.030288,2026-07-01T10:01:43.467061+00:00,82.5,35,ask,,,2107123
2026-07-01T20:01:42.119707,2026-07-01T10:01:43.555062+00:00,82.5,35,ask,,,2107127
2026-07-01T20:01:42.126873,2026-07-01T10:01:43.555062+00:00,82.5,25,ask,,,2107128
2026-07-01T20:01:42.209501,2026-07-01T10:01:43.632062+00:00,82.5,20,ask,,,2107133
2026-07-01T20:01:42.241081,2026-07-01T10:01:43.665062+00:00,82.8,10,bid,,,2107136
2026-07-01T20:01:42.241081,2026-07-01T10:01:43.676062+00:00,82.9,40,bid,,,2107137
2026-07-01T20:01:42.691752,2026-07-01T10:01:44.127072+00:00,83.0,42,bid,,,2107148
2026-07-01T20:01:44.355289,2026-07-01T10:01:45.790072+00:00,83.0,50,bid,,,2107185
2026-07-01T20:01:44.966771,2026-07-01T10:01:46.405620+00:00,82.6,35,ask,,,2107207
2026-07-01T20:01:45.056861,2026-07-01T10:01:46.493621+00:00,82.6,18,ask,,,2107212
2026-07-01T20:01:45.295565,2026-07-01T10:01:46.724621+00:00,82.6,47,ask,,,2107215
2026-07-01T20:01:45.295565,2026-07-01T10:01:46.735621+00:00,82.4,2,ask,,,2107216
2026-07-01T20:01:45.940384,2026-07-01T10:01:47.373620+00:00,82.7,40,bid,,,2107231
2026-07-01T20:01:46.461680,2026-07-01T10:01:47.890620+00:00,82.7,50,bid,,,2107250
2026-07-01T20:01:46.465446,2026-07-01T10:01:47.901621+00:00,82.7,10,bid,,,2107251
2026-07-01T20:01:46.465446,2026-07-01T10:01:47.901621+00:00,82.9,36,bid,,,2107252
2026-07-01T20:01:48.598341,2026-07-01T10:01:50.023894+00:00,82.8,3,bid,,,2107299
2026-07-01T20:01:48.598341,2026-07-01T10:01:50.034894+00:00,83.0,47,bid,,,2107300
2026-07-01T20:01:49.240467,2026-07-01T10:01:50.661895+00:00,82.5,49,ask,,,2107316
2026-07-01T20:01:49.752007,2026-07-01T10:01:51.200893+00:00,82.5,49,ask,,,2107328
2026-07-01T20:01:49.913797,2026-07-01T10:01:51.365892+00:00,82.5,52,ask,,,2107333
2026-07-01T20:01:49.913797,2026-07-01T10:01:51.365892+00:00,82.5,100,ask,,,2107334
2026-07-01T20:01:49.913797,2026-07-01T10:01:51.376894+00:00,82.5,2,ask,,,2107335
2026-07-01T20:01:50.706833,2026-07-01T10:01:52.146893+00:00,82.8,3,bid,,,2107368
2026-07-01T20:01:50.706833,2026-07-01T10:01:52.157273+00:00,83.0,47,bid,,,2107369
2026-07-01T20:01:51.905401,2026-07-01T10:01:53.355818+00:00,82.7,43,bid,,,2107404
2026-07-01T20:01:52.358235,2026-07-01T10:01:53.817817+00:00,82.5,1,bid,,,2107415
2026-07-01T20:01:52.413305,2026-07-01T10:01:53.872817+00:00,82.5,1,bid,,,2107416
2026-07-01T20:01:52.449393,2026-07-01T10:01:53.916817+00:00,82.5,1,bid,,,2107418
2026-07-01T20:01:52.849851,2026-07-01T10:01:54.312830+00:00,82.5,50,bid,,,2107424
2026-07-01T20:01:52.926998,2026-07-01T10:01:54.389830+00:00,82.5,1,bid,,,2107425
2026-07-01T20:01:54.183293,2026-07-01T10:01:55.654831+00:00,82.5,1,bid,,,2107456
2026-07-01T20:01:54.958426,2026-07-01T10:01:56.347394+00:00,82.5,45,bid,,,2107488
2026-07-01T20:01:54.958426,2026-07-01T10:01:56.347394+00:00,82.8,4,bid,,,2107489
2026-07-01T20:01:54.958426,2026-07-01T10:01:56.347394+00:00,82.8,1,bid,,,2107490
2026-07-01T20:01:57.070505,2026-07-01T10:01:58.518526+00:00,82.7,5,bid,,,2107522
2026-07-01T20:01:57.070505,2026-07-01T10:01:58.518526+00:00,82.8,45,bid,,,2107523
2026-07-01T20:01:57.737741,2026-07-01T10:01:59.189526+00:00,82.6,46,ask,,,2107538
2026-07-01T20:01:59.179725,2026-07-01T10:02:00.564527+00:00,82.7,10,bid,,,2107571
2026-07-01T20:01:59.179725,2026-07-01T10:02:00.564527+00:00,83.0,40,bid,,,2107572
2026-07-01T20:01:59.709584,2026-07-01T10:02:01.114526+00:00,82.6,42,ask,,,2107584
2026-07-01T20:02:00.857557,2026-07-01T10:02:02.258527+00:00,82.8,3,bid,,,2107609
2026-07-01T20:02:00.857557,2026-07-01T10:02:02.258527+00:00,82.8,10,bid,,,2107610
2026-07-01T20:02:00.857557,2026-07-01T10:02:02.258527+00:00,83.0,34,bid,,,2107611
2026-07-01T20:02:01.312624,2026-07-01T10:02:02.720535+00:00,82.7,50,bid,,,2107622
2026-07-01T20:02:01.548723,2026-07-01T10:02:02.973526+00:00,82.6,40,ask,,,2107628
2026-07-01T20:02:02.156541,2026-07-01T10:02:03.567098+00:00,82.6,25,ask,,,2107641
2026-07-01T20:02:02.295910,2026-07-01T10:02:03.710100+00:00,82.6,4,ask,,,2107643
2026-07-01T20:02:03.420308,2026-07-01T10:02:04.854099+00:00,82.7,50,bid,,,2107659
2026-07-01T20:02:05.554828,2026-07-01T10:02:06.954690+00:00,82.8,4,ask,,,2107684
2026-07-01T20:02:05.981929,2026-07-01T10:02:07.394690+00:00,83.1,44,bid,,,2107698
2026-07-01T20:02:06.593324,2026-07-01T10:02:08.010681+00:00,82.8,42,ask,,,2107705
2026-07-01T20:02:07.176332,2026-07-01T10:02:08.582227+00:00,82.6,25,ask,,,2107711
2026-07-01T20:02:07.535234,2026-07-01T10:02:08.949228+00:00,83.0,47,bid,,,2107722
2026-07-01T20:02:08.809189,2026-07-01T10:02:10.225227+00:00,82.7,4,ask,,,2107751
2026-07-01T20:02:10.035150,2026-07-01T10:02:11.468227+00:00,82.7,48,ask,,,2107774
2026-07-01T20:02:10.915218,2026-07-01T10:02:12.348226+00:00,82.7,46,ask,,,2107786
2026-07-01T20:02:11.411294,2026-07-01T10:02:12.843226+00:00,82.6,45,bid,,,2107804
2026-07-01T20:02:12.149410,2026-07-01T10:02:13.579764+00:00,82.5,4,ask,,,2107822
2026-07-01T20:02:12.199362,2026-07-01T10:02:13.634764+00:00,82.5,25,ask,,,2107823
2026-07-01T20:02:13.972741,2026-07-01T10:02:15.421773+00:00,82.6,50,bid,,,2107867
2026-07-01T20:02:14.672889,2026-07-01T10:02:16.136308+00:00,82.7,10,bid,,,2107879
2026-07-01T20:02:14.672889,2026-07-01T10:02:16.147307+00:00,82.8,39,bid,,,2107880
2026-07-01T20:02:15.156440,2026-07-01T10:02:16.631318+00:00,82.7,10,bid,,,2107894
2026-07-01T20:02:15.156440,2026-07-01T10:02:16.642318+00:00,82.8,37,bid,,,2107895
2026-07-01T20:02:15.788346,2026-07-01T10:02:17.401327+00:00,82.5,48,ask,,,2107912
2026-07-01T20:02:16.082239,2026-07-01T10:02:17.478327+00:00,82.8,50,bid,,,2107919
2026-07-01T20:02:16.701205,2026-07-01T10:02:18.117318+00:00,82.7,10,bid,,,2107934
2026-07-01T20:02:17.217331,2026-07-01T10:02:18.643837+00:00,82.9,25,ask,,,2107942
2026-07-01T20:02:17.439936,2026-07-01T10:02:18.874837+00:00,82.9,100,ask,,,2107948
2026-07-01T20:02:17.914190,2026-07-01T10:02:19.358836+00:00,82.9,15,ask,,,2107963
2026-07-01T20:02:17.914190,2026-07-01T10:02:19.358836+00:00,82.2,25,ask,,,2107964
2026-07-01T20:02:18.478016,2026-07-01T10:02:19.930837+00:00,83.1,3,bid,,,2107977
2026-07-01T20:02:21.434393,2026-07-01T10:02:22.812857+00:00,82.9,44,bid,,,2108049
2026-07-01T20:02:22.048120,2026-07-01T10:02:23.428710+00:00,82.6,1,ask,,,2108069
2026-07-01T20:02:22.231250,2026-07-01T10:02:23.615709+00:00,82.5,25,ask,,,2108070
2026-07-01T20:02:22.459945,2026-07-01T10:02:23.846708+00:00,82.5,50,ask,,,2108075
2026-07-01T20:02:24.400614,2026-07-01T10:02:25.782719+00:00,82.5,8,ask,,,2108131
2026-07-01T20:02:24.522331,2026-07-01T10:02:25.903719+00:00,82.5,8,ask,,,2108140
2026-07-01T20:02:24.571581,2026-07-01T10:02:25.958719+00:00,82.5,50,ask,,,2108147
2026-07-01T20:02:24.642232,2026-07-01T10:02:26.024719+00:00,82.5,6,ask,,,2108149
2026-07-01T20:02:26.679229,2026-07-01T10:02:28.058789+00:00,82.4,50,ask,,,2108215
2026-07-01T20:02:27.242878,2026-07-01T10:02:28.629857+00:00,82.6,4,bid,,,2108222
2026-07-01T20:02:27.309929,2026-07-01T10:02:28.695857+00:00,82.6,3,bid,,,2108225
2026-07-01T20:02:27.609647,2026-07-01T10:02:28.992857+00:00,82.3,10,ask,,,2108233
2026-07-01T20:02:27.609647,2026-07-01T10:02:28.992857+00:00,82.2,35,ask,,,2108234
2026-07-01T20:02:27.974543,2026-07-01T10:02:29.355857+00:00,82.6,3,bid,,,2108241
2026-07-01T20:02:29.632106,2026-07-01T10:02:31.016373+00:00,82.6,47,bid,,,2108261
2026-07-01T20:02:30.841244,2026-07-01T10:02:32.221372+00:00,82.8,2,bid,,,2108287
2026-07-01T20:02:30.841244,2026-07-01T10:02:32.221372+00:00,82.8,48,bid,,,2108288
2026-07-01T20:02:31.631894,2026-07-01T10:02:33.013402+00:00,82.8,40,bid,,,2108297
2026-07-01T20:02:32.948500,2026-07-01T10:02:34.332023+00:00,82.8,1,bid,,,2108347
2026-07-01T20:02:32.948500,2026-07-01T10:02:34.332023+00:00,82.9,49,bid,,,2108348
2026-07-01T20:02:35.115805,2026-07-01T10:02:36.498567+00:00,82.6,50,ask,,,2108393
2026-07-01T20:02:36.025812,2026-07-01T10:02:37.411580+00:00,82.6,46,ask,,,2108401
2026-07-01T20:02:37.223941,2026-07-01T10:02:38.609566+00:00,82.5,1,ask,,,2108434
2026-07-01T20:02:37.223941,2026-07-01T10:02:38.609566+00:00,82.5,49,ask,,,2108435
2026-07-01T20:02:37.689131,2026-07-01T10:02:39.071109+00:00,82.6,5,ask,,,2108452
2026-07-01T20:02:37.689131,2026-07-01T10:02:39.071109+00:00,82.5,40,ask,,,2108453
2026-07-01T20:02:38.759879,2026-07-01T10:02:40.138100+00:00,83.0,49,bid,,,2108476
2026-07-01T20:02:39.333163,2026-07-01T10:02:40.721100+00:00,82.5,50,ask,,,2108494
2026-07-01T20:02:40.167975,2026-07-01T10:02:41.548101+00:00,82.5,5,ask,,,2108518
2026-07-01T20:02:40.167975,2026-07-01T10:02:41.548101+00:00,82.3,10,ask,,,2108519
2026-07-01T20:02:40.167975,2026-07-01T10:02:41.559102+00:00,82.2,28,ask,,,2108520
2026-07-01T20:02:41.441705,2026-07-01T10:02:42.823698+00:00,82.5,5,ask,,,2108556
2026-07-01T20:02:41.441705,2026-07-01T10:02:42.823698+00:00,82.2,45,ask,,,2108557
2026-07-01T20:02:42.080283,2026-07-01T10:02:43.461813+00:00,82.5,5,ask,,,2108572
2026-07-01T20:02:42.744764,2026-07-01T10:02:44.121938+00:00,82.3,5,bid,,,2108588
2026-07-01T20:02:43.550875,2026-07-01T10:02:44.935937+00:00,82.1,50,ask,,,2108603
2026-07-01T20:02:43.850797,2026-07-01T10:02:45.232937+00:00,82.3,43,bid,,,2108612
2026-07-01T20:02:44.122616,2026-07-01T10:02:45.507937+00:00,82.3,35,bid,,,2108626
2026-07-01T20:02:44.210932,2026-07-01T10:02:45.595937+00:00,82.3,35,bid,,,2108632
2026-07-01T20:02:44.299762,2026-07-01T10:02:45.683937+00:00,82.3,27,bid,,,2108635
2026-07-01T20:02:45.188166,2026-07-01T10:02:46.574065+00:00,82.6,100,bid,,,2108648
2026-07-01T20:02:45.441594,2026-07-01T10:02:46.827065+00:00,82.6,50,ask,,,2108664
2026-07-01T20:02:45.657327,2026-07-01T10:02:47.036074+00:00,82.1,50,ask,,,2108669
2026-07-01T20:02:47.377168,2026-07-01T10:02:48.762032+00:00,82.7,45,bid,,,2108703
2026-07-01T20:02:47.769005,2026-07-01T10:02:49.147023+00:00,82.2,50,ask,,,2108707
2026-07-01T20:02:49.878745,2026-07-01T10:02:51.260024+00:00,82.3,50,ask,,,2108744
2026-07-01T20:02:51.951025,2026-07-01T10:02:53.338081+00:00,82.4,50,bid,,,2108794
2026-07-01T20:02:52.018904,2026-07-01T10:02:53.404080+00:00,82.4,35,bid,,,2108797
2026-07-01T20:02:52.108651,2026-07-01T10:02:53.492081+00:00,82.4,35,bid,,,2108800
2026-07-01T20:02:52.199106,2026-07-01T10:02:53.580082+00:00,82.4,30,bid,,,2108803
2026-07-01T20:02:53.340733,2026-07-01T10:02:54.724080+00:00,82.4,10,ask,,,2108834
2026-07-01T20:02:53.340733,2026-07-01T10:02:54.724080+00:00,82.3,30,ask,,,2108835
2026-07-01T20:02:53.835234,2026-07-01T10:02:55.219079+00:00,82.7,4,bid,,,2108849
2026-07-01T20:02:53.889648,2026-07-01T10:02:55.274079+00:00,82.3,47,ask,,,2108850
2026-07-01T20:02:54.055958,2026-07-01T10:02:55.439079+00:00,82.6,5,bid,,,2108853
2026-07-01T20:02:54.055958,2026-07-01T10:02:55.439079+00:00,82.8,45,bid,,,2108854
2026-07-01T20:02:54.705030,2026-07-01T10:02:56.087632+00:00,82.4,35,ask,,,2108867
2026-07-01T20:02:54.795018,2026-07-01T10:02:56.175632+00:00,82.4,35,ask,,,2108869
2026-07-01T20:02:54.884074,2026-07-01T10:02:56.263632+00:00,82.4,35,ask,,,2108873
2026-07-01T20:02:54.978046,2026-07-01T10:02:56.362631+00:00,82.4,35,ask,,,2108875
2026-07-01T20:02:55.068690,2026-07-01T10:02:56.450632+00:00,82.4,7,ask,,,2108879
2026-07-01T20:02:55.408541,2026-07-01T10:02:56.791631+00:00,82.4,3,ask,,,2108893
2026-07-01T20:02:56.194148,2026-07-01T10:02:57.583632+00:00,82.4,50,bid,,,2108912
2026-07-01T20:02:58.303853,2026-07-01T10:02:59.683634+00:00,82.3,50,bid,,,2108966
2026-07-01T20:02:58.616026,2026-07-01T10:03:00.002635+00:00,82.3,35,bid,,,2108983
2026-07-01T20:02:58.712031,2026-07-01T10:03:00.090634+00:00,82.3,35,bid,,,2108985
2026-07-01T20:02:58.802681,2026-07-01T10:03:00.189635+00:00,82.3,30,bid,,,2108987
2026-07-01T20:02:59.704447,2026-07-01T10:03:01.091635+00:00,82.5,44,bid,,,2109008
2026-07-01T20:03:00.415631,2026-07-01T10:03:01.795634+00:00,82.5,50,bid,,,2109032
2026-07-01T20:03:01.154147,2026-07-01T10:03:02.532633+00:00,82.5,6,bid,,,2109053
2026-07-01T20:03:01.154147,2026-07-01T10:03:02.532633+00:00,82.6,5,bid,,,2109054
2026-07-01T20:03:02.060415,2026-07-01T10:03:03.445199+00:00,82.5,5,ask,,,2109072
2026-07-01T20:03:02.152930,2026-07-01T10:03:03.533200+00:00,82.5,5,ask,,,2109075
2026-07-01T20:03:02.259197,2026-07-01T10:03:03.643199+00:00,82.5,45,ask,,,2109078
2026-07-01T20:03:02.578920,2026-07-01T10:03:03.962191+00:00,82.5,45,ask,,,2109098
2026-07-01T20:03:02.677052,2026-07-01T10:03:04.061200+00:00,82.3,73,ask,,,2109102
2026-07-01T20:03:02.772587,2026-07-01T10:03:04.160199+00:00,82.3,27,ask,,,2109105
2026-07-01T20:03:03.157398,2026-07-01T10:03:04.545201+00:00,82.3,48,ask,,,2109112
2026-07-01T20:03:06.087721,2026-07-01T10:03:07.470762+00:00,82.2,1,bid,,,2109166
2026-07-01T20:03:06.309701,2026-07-01T10:03:07.690760+00:00,82.2,35,bid,,,2109170
2026-07-01T20:03:06.400606,2026-07-01T10:03:07.789760+00:00,82.2,35,bid,,,2109173
2026-07-01T20:03:06.496686,2026-07-01T10:03:07.877761+00:00,82.2,35,bid,,,2109178
2026-07-01T20:03:06.592486,2026-07-01T10:03:07.976761+00:00,82.2,35,bid,,,2109182
2026-07-01T20:03:06.681760,2026-07-01T10:03:08.064760+00:00,82.2,9,bid,,,2109187
2026-07-01T20:03:06.820264,2026-07-01T10:03:08.207761+00:00,82.0,50,ask,,,2109189
2026-07-01T20:03:07.344025,2026-07-01T10:03:08.724295+00:00,82.5,100,bid,,,2109204
2026-07-01T20:03:07.421026,2026-07-01T10:03:08.801293+00:00,82.5,35,ask,,,2109207
2026-07-01T20:03:07.510807,2026-07-01T10:03:08.889294+00:00,82.5,15,ask,,,2109209
2026-07-01T20:03:08.956808,2026-07-01T10:03:10.341323+00:00,82.2,50,ask,,,2109249
2026-07-01T20:03:09.180266,2026-07-01T10:03:10.561314+00:00,82.6,5,bid,,,2109265
2026-07-01T20:03:09.180266,2026-07-01T10:03:10.561314+00:00,82.7,40,bid,,,2109266
2026-07-01T20:03:10.560305,2026-07-01T10:03:11.946935+00:00,82.2,50,ask,,,2109297
2026-07-01T20:03:10.560305,2026-07-01T10:03:11.946935+00:00,82.2,1,ask,,,2109298
2026-07-01T20:03:10.721738,2026-07-01T10:03:12.100935+00:00,82.2,35,bid,,,2109304
2026-07-01T20:03:10.810652,2026-07-01T10:03:12.188935+00:00,82.2,35,bid,,,2109307
2026-07-01T20:03:10.850671,2026-07-01T10:03:12.232936+00:00,82.2,29,bid,,,2109309
2026-07-01T20:03:10.850671,2026-07-01T10:03:12.232936+00:00,82.5,5,bid,,,2109310
2026-07-01T20:03:10.850671,2026-07-01T10:03:12.232936+00:00,82.7,9,bid,,,2109311
2026-07-01T20:03:11.066653,2026-07-01T10:03:12.452935+00:00,81.8,10,ask,,,2109319
2026-07-01T20:03:11.066653,2026-07-01T10:03:12.452935+00:00,81.7,40,ask,,,2109320
2026-07-01T20:03:12.896225,2026-07-01T10:03:14.282484+00:00,82.5,4,bid,,,2109361
2026-07-01T20:03:12.896225,2026-07-01T10:03:14.282484+00:00,82.6,36,bid,,,2109362
2026-07-01T20:03:13.186091,2026-07-01T10:03:14.568504+00:00,82.2,1,ask,,,2109363
2026-07-01T20:03:13.186091,2026-07-01T10:03:14.568504+00:00,82.1,49,ask,,,2109364
2026-07-01T20:03:14.292240,2026-07-01T10:03:15.679495+00:00,82.2,1,ask,,,2109399
2026-07-01T20:03:14.292240,2026-07-01T10:03:15.679495+00:00,82.2,39,ask,,,2109400
2026-07-01T20:03:15.295422,2026-07-01T10:03:16.680049+00:00,82.2,50,ask,,,2109417
2026-07-01T20:03:17.425925,2026-07-01T10:03:18.813098+00:00,82.2,1,ask,,,2109478
2026-07-01T20:03:17.425925,2026-07-01T10:03:18.813098+00:00,82.2,10,ask,,,2109479
2026-07-01T20:03:17.425925,2026-07-01T10:03:18.813098+00:00,82.0,39,ask,,,2109480
2026-07-01T20:03:19.536985,2026-07-01T10:03:20.925107+00:00,82.2,1,ask,,,2109526
2026-07-01T20:03:19.536985,2026-07-01T10:03:20.925107+00:00,82.0,49,ask,,,2109527
2026-07-01T20:03:19.857984,2026-07-01T10:03:21.244098+00:00,82.3,46,bid,,,2109530
2026-07-01T20:03:20.430216,2026-07-01T10:03:21.816098+00:00,82.1,1,ask,,,2109535
2026-07-01T20:03:20.430216,2026-07-01T10:03:21.816098+00:00,82.0,39,ask,,,2109536
2026-07-01T20:03:20.722198,2026-07-01T10:03:22.102108+00:00,82.1,1,ask,,,2109539
2026-07-01T20:03:20.739939,2026-07-01T10:03:22.124107+00:00,82.0,22,bid,,,2109543
2026-07-01T20:03:20.815040,2026-07-01T10:03:22.201107+00:00,82.0,1,bid,,,2109551
2026-07-01T20:03:20.902972,2026-07-01T10:03:22.289107+00:00,82.0,1,bid,,,2109558
2026-07-01T20:03:20.985142,2026-07-01T10:03:22.366107+00:00,82.0,2,bid,,,2109561
2026-07-01T20:03:21.052021,2026-07-01T10:03:22.443107+00:00,82.0,1,bid,,,2109565
2026-07-01T20:03:21.124043,2026-07-01T10:03:22.509107+00:00,82.0,2,bid,,,2109567
2026-07-01T20:03:21.163262,2026-07-01T10:03:22.542107+00:00,82.0,1,bid,,,2109568
2026-07-01T20:03:21.197101,2026-07-01T10:03:22.575107+00:00,82.0,2,bid,,,2109570
2026-07-01T20:03:21.228208,2026-07-01T10:03:22.608107+00:00,82.0,1,bid,,,2109571
2026-07-01T20:03:21.669073,2026-07-01T10:03:23.048099+00:00,81.9,50,ask,,,2109572
2026-07-01T20:03:21.778599,2026-07-01T10:03:23.158098+00:00,82.0,1,bid,,,2109573
2026-07-01T20:03:21.859961,2026-07-01T10:03:23.237098+00:00,82.0,1,bid,,,2109574
2026-07-01T20:03:21.885053,2026-07-01T10:03:23.270098+00:00,82.0,1,bid,,,2109575
2026-07-01T20:03:21.914707,2026-07-01T10:03:23.292099+00:00,82.0,1,bid,,,2109576
2026-07-01T20:03:21.944651,2026-07-01T10:03:23.324635+00:00,82.0,1,bid,,,2109577
2026-07-01T20:03:21.976057,2026-07-01T10:03:23.357636+00:00,82.0,1,bid,,,2109578
2026-07-01T20:03:22.010928,2026-07-01T10:03:23.390635+00:00,82.0,1,bid,,,2109581
2026-07-01T20:03:22.076000,2026-07-01T10:03:23.456636+00:00,82.0,1,bid,,,2109582
2026-07-01T20:03:22.140831,2026-07-01T10:03:23.522636+00:00,82.0,1,bid,,,2109589
2026-07-01T20:03:22.241641,2026-07-01T10:03:23.621635+00:00,82.0,1,bid,,,2109590
2026-07-01T20:03:22.383182,2026-07-01T10:03:23.764636+00:00,82.0,1,bid,,,2109601
2026-07-01T20:03:23.014548,2026-07-01T10:03:24.402636+00:00,82.0,1,bid,,,2109606
2026-07-01T20:03:23.074922,2026-07-01T10:03:24.457636+00:00,82.0,1,bid,,,2109607
2026-07-01T20:03:23.147643,2026-07-01T10:03:24.534636+00:00,82.0,1,bid,,,2109609
2026-07-01T20:03:23.215503,2026-07-01T10:03:24.600637+00:00,82.0,1,bid,,,2109611
2026-07-01T20:03:23.304120,2026-07-01T10:03:24.688640+00:00,82.0,1,bid,,,2109616
2026-07-01T20:03:23.776723,2026-07-01T10:03:25.161651+00:00,81.8,50,ask,,,2109627
2026-07-01T20:03:25.895278,2026-07-01T10:03:27.273214+00:00,81.8,50,ask,,,2109676
2026-07-01T20:03:26.405506,2026-07-01T10:03:27.790214+00:00,81.7,150,bid,,,2109697
2026-07-01T20:03:29.418249,2026-07-01T10:03:30.803751+00:00,82.1,46,bid,,,2109772
2026-07-01T20:03:29.485593,2026-07-01T10:03:30.869751+00:00,81.7,10,ask,,,2109773
2026-07-01T20:03:29.485593,2026-07-01T10:03:30.869751+00:00,81.6,31,ask,,,2109774
2026-07-01T20:03:29.947658,2026-07-01T10:03:31.331750+00:00,82.1,42,bid,,,2109781
2026-07-01T20:03:30.002590,2026-07-01T10:03:31.386751+00:00,81.9,47,ask,,,2109784
2026-07-01T20:03:30.085192,2026-07-01T10:03:31.474750+00:00,82.1,12,bid,,,2109790
2026-07-01T20:03:30.085192,2026-07-01T10:03:31.474750+00:00,82.3,2,bid,,,2109791
2026-07-01T20:03:30.085192,2026-07-01T10:03:31.474750+00:00,82.4,36,bid,,,2109792
2026-07-01T20:03:32.200637,2026-07-01T10:03:33.586532+00:00,82.4,50,bid,,,2109837
2026-07-01T20:03:34.487450,2026-07-01T10:03:35.874050+00:00,82.1,42,ask,,,2109895
2026-07-01T20:03:35.008909,2026-07-01T10:03:36.390612+00:00,82.3,48,bid,,,2109907
2026-07-01T20:03:35.627589,2026-07-01T10:03:37.006613+00:00,82.1,43,ask,,,2109922
2026-07-01T20:03:36.266009,2026-07-01T10:03:37.644612+00:00,82.1,43,bid,,,2109935
2026-07-01T20:03:36.444748,2026-07-01T10:03:37.831612+00:00,82.1,50,bid,,,2109940
2026-07-01T20:03:36.874177,2026-07-01T10:03:38.260621+00:00,82.1,41,bid,,,2109952
2026-07-01T20:03:38.551783,2026-07-01T10:03:39.932170+00:00,82.1,16,bid,,,2109992
2026-07-01T20:03:38.551783,2026-07-01T10:03:39.932170+00:00,82.4,34,bid,,,2109993
2026-07-01T20:03:38.589918,2026-07-01T10:03:39.987171+00:00,81.9,3,ask,,,2109994
2026-07-01T20:03:38.589918,2026-07-01T10:03:39.987171+00:00,81.9,45,ask,,,2109995
2026-07-01T20:03:39.089040,2026-07-01T10:03:40.471171+00:00,82.3,35,ask,,,2109999
2026-07-01T20:03:39.186326,2026-07-01T10:03:40.570171+00:00,82.3,35,ask,,,2110001
2026-07-01T20:03:39.276627,2026-07-01T10:03:40.658171+00:00,82.3,35,ask,,,2110009
2026-07-01T20:03:39.368955,2026-07-01T10:03:40.746171+00:00,82.3,35,ask,,,2110017
2026-07-01T20:03:39.465710,2026-07-01T10:03:40.856170+00:00,82.3,10,ask,,,2110024
2026-07-01T20:03:40.713438,2026-07-01T10:03:42.099172+00:00,82.0,1,ask,,,2110044
2026-07-01T20:03:40.713438,2026-07-01T10:03:42.099172+00:00,82.0,49,ask,,,2110045
2026-07-01T20:03:42.516160,2026-07-01T10:03:43.903574+00:00,82.1,42,bid,,,2110087
2026-07-01T20:03:42.576485,2026-07-01T10:03:43.958574+00:00,82.0,49,ask,,,2110089
2026-07-01T20:03:43.136645,2026-07-01T10:03:44.519099+00:00,81.8,10,ask,,,2110097
2026-07-01T20:03:43.650604,2026-07-01T10:03:45.036091+00:00,82.0,2,ask,,,2110112
2026-07-01T20:03:44.687093,2026-07-01T10:03:46.069596+00:00,82.1,41,bid,,,2110130
2026-07-01T20:03:44.742667,2026-07-01T10:03:46.124607+00:00,82.0,2,ask,,,2110132
2026-07-01T20:03:44.955131,2026-07-01T10:03:46.333606+00:00,81.9,2,ask,,,2110139
2026-07-01T20:03:44.955131,2026-07-01T10:03:46.344606+00:00,81.7,48,ask,,,2110140
2026-07-01T20:03:45.767543,2026-07-01T10:03:47.147606+00:00,82.1,45,ask,,,2110145
2026-07-01T20:03:46.073686,2026-07-01T10:03:47.458607+00:00,82.1,100,ask,,,2110152
2026-07-01T20:03:46.661087,2026-07-01T10:03:48.041607+00:00,82.3,3,bid,,,2110172
2026-07-01T20:03:46.661087,2026-07-01T10:03:48.041607+00:00,82.3,10,bid,,,2110173
2026-07-01T20:03:46.661087,2026-07-01T10:03:48.041607+00:00,82.6,32,bid,,,2110174
2026-07-01T20:03:47.065548,2026-07-01T10:03:48.447826+00:00,82.1,5,ask,,,2110177
2026-07-01T20:03:47.065548,2026-07-01T10:03:48.447826+00:00,81.9,2,ask,,,2110178
2026-07-01T20:03:47.065548,2026-07-01T10:03:48.447826+00:00,81.5,43,ask,,,2110179
2026-07-01T20:03:49.762773,2026-07-01T10:03:51.142934+00:00,82.1,41,bid,,,2110227
2026-07-01T20:03:51.127849,2026-07-01T10:03:52.506933+00:00,82.1,50,bid,,,2110256
2026-07-01T20:03:51.175333,2026-07-01T10:03:52.561935+00:00,82.1,59,bid,,,2110260
2026-07-01T20:03:51.297210,2026-07-01T10:03:52.682935+00:00,82.2,3,bid,,,2110266
2026-07-01T20:03:51.297210,2026-07-01T10:03:52.682935+00:00,82.2,32,bid,,,2110267
2026-07-01T20:03:51.297486,2026-07-01T10:03:52.682935+00:00,81.9,2,ask,,,2110268
2026-07-01T20:03:51.297486,2026-07-01T10:03:52.682935+00:00,81.9,10,ask,,,2110269
2026-07-01T20:03:51.297486,2026-07-01T10:03:52.682935+00:00,81.7,38,ask,,,2110270
2026-07-01T20:03:51.395789,2026-07-01T10:03:52.781934+00:00,82.2,35,bid,,,2110276
2026-07-01T20:03:51.486475,2026-07-01T10:03:52.869934+00:00,82.2,21,bid,,,2110279
2026-07-01T20:03:51.685907,2026-07-01T10:03:53.067933+00:00,82.2,12,bid,,,2110283
2026-07-01T20:03:51.766599,2026-07-01T10:03:53.144933+00:00,82.4,4,ask,,,2110284
2026-07-01T20:03:52.441684,2026-07-01T10:03:53.826833+00:00,82.4,134,ask,,,2110305
2026-07-01T20:03:53.409128,2026-07-01T10:03:54.794833+00:00,82.1,50,ask,,,2110316
2026-07-01T20:03:55.465155,2026-07-01T10:03:56.851388+00:00,82.2,4,bid,,,2110362
2026-07-01T20:03:55.465155,2026-07-01T10:03:56.851388+00:00,82.3,46,bid,,,2110363
2026-07-01T20:03:57.244226,2026-07-01T10:03:58.621955+00:00,81.8,41,ask,,,2110407
2026-07-01T20:03:57.630816,2026-07-01T10:03:59.017955+00:00,81.8,50,ask,,,2110417
2026-07-01T20:03:58.106297,2026-07-01T10:03:59.490964+00:00,82.1,8,bid,,,2110430
2026-07-01T20:03:59.638227,2026-07-01T10:04:01.021955+00:00,81.9,44,ask,,,2110478
2026-07-01T20:03:59.759260,2026-07-01T10:04:01.142956+00:00,81.9,50,ask,,,2110479
2026-07-01T20:04:01.158058,2026-07-01T10:04:02.539955+00:00,82.4,44,bid,,,2110499
2026-07-01T20:04:01.297537,2026-07-01T10:04:02.682955+00:00,82.0,1,bid,,,2110500
2026-07-01T20:04:03.806541,2026-07-01T10:04:05.190656+00:00,82.0,43,bid,,,2110552
2026-07-01T20:04:03.860395,2026-07-01T10:04:05.245656+00:00,81.5,44,ask,,,2110553
2026-07-01T20:04:04.010195,2026-07-01T10:04:05.388687+00:00,81.5,50,ask,,,2110555
2026-07-01T20:04:04.382197,2026-07-01T10:04:05.762677+00:00,81.6,10,ask,,,2110562
2026-07-01T20:04:04.382197,2026-07-01T10:04:05.762677+00:00,81.5,32,ask,,,2110563
2026-07-01T20:04:04.407053,2026-07-01T10:04:05.784677+00:00,81.8,134,bid,,,2110565
2026-07-01T20:04:07.351472,2026-07-01T10:04:08.731614+00:00,81.8,16,bid,,,2110612
2026-07-01T20:04:07.356737,2026-07-01T10:04:08.742614+00:00,82.0,2,bid,,,2110613
2026-07-01T20:04:08.171894,2026-07-01T10:04:09.556147+00:00,82.4,50,bid,,,2110634
2026-07-01T20:04:08.242612,2026-07-01T10:04:09.633147+00:00,81.9,100,ask,,,2110636
2026-07-01T20:04:10.069747,2026-07-01T10:04:11.459148+00:00,82.4,49,bid,,,2110682
2026-07-01T20:04:10.350040,2026-07-01T10:04:11.734147+00:00,81.9,50,ask,,,2110688
2026-07-01T20:04:11.299618,2026-07-01T10:04:12.680148+00:00,82.2,40,bid,,,2110711
2026-07-01T20:04:12.367045,2026-07-01T10:04:13.748394+00:00,82.2,2,bid,,,2110734
2026-07-01T20:04:12.407797,2026-07-01T10:04:13.792394+00:00,82.2,50,bid,,,2110735
2026-07-01T20:04:14.524009,2026-07-01T10:04:15.904404+00:00,82.4,10,bid,,,2110771
2026-07-01T20:04:14.524009,2026-07-01T10:04:15.915404+00:00,82.6,40,bid,,,2110772
2026-07-01T20:04:15.226761,2026-07-01T10:04:16.607459+00:00,82.1,46,ask,,,2110786
2026-07-01T20:04:16.232963,2026-07-01T10:04:17.619458+00:00,82.1,1,ask,,,2110796
2026-07-01T20:04:16.311416,2026-07-01T10:04:17.696459+00:00,82.1,1,ask,,,2110799
2026-07-01T20:04:16.334088,2026-07-01T10:04:17.729458+00:00,82.1,40,ask,,,2110800
2026-07-01T20:04:16.685101,2026-07-01T10:04:18.070459+00:00,82.1,50,ask,,,2110806
2026-07-01T20:04:17.378069,2026-07-01T10:04:18.763469+00:00,82.0,2,bid,,,2110818
2026-07-01T20:04:18.792032,2026-07-01T10:04:20.171478+00:00,81.7,4,ask,,,2110841
2026-07-01T20:04:18.792032,2026-07-01T10:04:20.182469+00:00,81.7,46,ask,,,2110842
2026-07-01T20:04:20.261748,2026-07-01T10:04:21.644985+00:00,82.1,2,bid,,,2110873
2026-07-01T20:04:20.261748,2026-07-01T10:04:21.644985+00:00,82.1,38,bid,,,2110874
2026-07-01T20:04:20.902704,2026-07-01T10:04:22.286985+00:00,81.8,4,ask,,,2110889
2026-07-01T20:04:20.902704,2026-07-01T10:04:22.286985+00:00,81.7,46,ask,,,2110890
2026-07-01T20:04:22.388681,2026-07-01T10:04:23.771543+00:00,82.1,2,bid,,,2110929
2026-07-01T20:04:22.784359,2026-07-01T10:04:24.167552+00:00,81.8,4,ask,,,2110947
2026-07-01T20:04:22.784359,2026-07-01T10:04:24.167552+00:00,81.7,39,ask,,,2110948
2026-07-01T20:04:24.092722,2026-07-01T10:04:25.476067+00:00,81.7,100,ask,,,2110986
2026-07-01T20:04:27.217140,2026-07-01T10:04:28.598626+00:00,81.7,4,ask,,,2111060
2026-07-01T20:04:27.217140,2026-07-01T10:04:28.598626+00:00,81.6,46,ask,,,2111061
2026-07-01T20:04:29.273974,2026-07-01T10:04:30.655640+00:00,82.1,50,bid,,,2111102
2026-07-01T20:04:30.534926,2026-07-01T10:04:31.920766+00:00,82.1,43,bid,,,2111125
2026-07-01T20:04:31.382632,2026-07-01T10:04:32.767766+00:00,82.1,50,bid,,,2111148
2026-07-01T20:04:32.101424,2026-07-01T10:04:33.482894+00:00,82.1,45,bid,,,2111171
2026-07-01T20:04:32.411933,2026-07-01T10:04:33.790894+00:00,82.1,12,bid,,,2111180
2026-07-01T20:04:32.419930,2026-07-01T10:04:33.801894+00:00,82.4,2,bid,,,2111181
2026-07-01T20:04:32.814103,2026-07-01T10:04:34.197894+00:00,82.4,98,bid,,,2111190
2026-07-01T20:04:33.489141,2026-07-01T10:04:34.868415+00:00,82.9,50,bid,,,2111204
2026-07-01T20:04:35.595085,2026-07-01T10:04:36.979983+00:00,82.7,50,bid,,,2111250
2026-07-01T20:04:37.654481,2026-07-01T10:04:39.036982+00:00,82.5,49,ask,,,2111295
2026-07-01T20:04:39.862056,2026-07-01T10:04:41.247982+00:00,82.3,50,ask,,,2111360
2026-07-01T20:04:41.973031,2026-07-01T10:04:43.359033+00:00,82.3,50,ask,,,2111403
2026-07-01T20:04:44.028907,2026-07-01T10:04:45.408042+00:00,82.4,2,bid,,,2111452
2026-07-01T20:04:44.028907,2026-07-01T10:04:45.419042+00:00,82.5,48,bid,,,2111453
2026-07-01T20:04:44.837518,2026-07-01T10:04:46.221591+00:00,82.1,4,ask,,,2111461
2026-07-01T20:04:44.837518,2026-07-01T10:04:46.221591+00:00,82.0,38,ask,,,2111462
2026-07-01T20:04:45.414461,2026-07-01T10:04:46.793590+00:00,82.1,4,ask,,,2111478
2026-07-01T20:04:45.414461,2026-07-01T10:04:46.804591+00:00,82.0,36,ask,,,2111479
2026-07-01T20:04:46.138474,2026-07-01T10:04:47.519602+00:00,82.3,50,bid,,,2111492
2026-07-01T20:04:46.393112,2026-07-01T10:04:47.783602+00:00,82.3,44,bid,,,2111504
2026-07-01T20:04:48.244792,2026-07-01T10:04:49.630360+00:00,82.3,50,bid,,,2111543
2026-07-01T20:04:48.411386,2026-07-01T10:04:49.795359+00:00,82.3,6,bid,,,2111545
2026-07-01T20:04:48.411386,2026-07-01T10:04:49.795359+00:00,82.3,42,bid,,,2111546
2026-07-01T20:04:48.637362,2026-07-01T10:04:50.015369+00:00,82.3,58,bid,,,2111547
2026-07-01T20:04:48.694620,2026-07-01T10:04:50.092369+00:00,82.5,35,ask,,,2111549
2026-07-01T20:04:48.818287,2026-07-01T10:04:50.202369+00:00,82.5,35,ask,,,2111552
2026-07-01T20:04:48.881624,2026-07-01T10:04:50.268369+00:00,82.5,22,ask,,,2111556
2026-07-01T20:04:48.881624,2026-07-01T10:04:50.268369+00:00,82.1,4,ask,,,2111557
2026-07-01T20:04:48.881624,2026-07-01T10:04:50.268369+00:00,81.8,20,ask,,,2111558
2026-07-01T20:04:50.351113,2026-07-01T10:04:51.730884+00:00,82.7,50,bid,,,2111584
2026-07-01T20:04:51.870420,2026-07-01T10:04:53.259875+00:00,82.4,1,bid,,,2111620
2026-07-01T20:04:52.459620,2026-07-01T10:04:53.842444+00:00,82.6,50,bid,,,2111631
2026-07-01T20:04:52.836913,2026-07-01T10:04:54.216086+00:00,82.6,45,bid,,,2111644
2026-07-01T20:04:54.566504,2026-07-01T10:04:55.954076+00:00,82.6,50,bid,,,2111685
2026-07-01T20:04:54.964073,2026-07-01T10:04:56.349211+00:00,82.6,10,bid,,,2111692
2026-07-01T20:04:55.013556,2026-07-01T10:04:56.393212+00:00,82.7,35,ask,,,2111694
2026-07-01T20:04:55.103836,2026-07-01T10:04:56.492212+00:00,82.7,35,ask,,,2111699
2026-07-01T20:04:55.195751,2026-07-01T10:04:56.580211+00:00,82.7,35,ask,,,2111701
2026-07-01T20:04:55.284998,2026-07-01T10:04:56.668211+00:00,82.7,3,ask,,,2111704
2026-07-01T20:04:56.674776,2026-07-01T10:04:58.054220+00:00,83.0,10,bid,,,2111738
2026-07-01T20:04:56.674776,2026-07-01T10:04:58.054220+00:00,83.1,40,bid,,,2111739
2026-07-01T20:04:58.783617,2026-07-01T10:05:00.165142+00:00,82.6,40,ask,,,2111784
2026-07-01T20:05:00.912677,2026-07-01T10:05:02.301149+00:00,82.7,50,bid,,,2111849
2026-07-01T20:05:00.913034,2026-07-01T10:05:02.301149+00:00,82.7,46,bid,,,2111850
2026-07-01T20:05:02.024225,2026-07-01T10:05:03.411666+00:00,82.7,46,ask,,,2111870
2026-07-01T20:05:02.727477,2026-07-01T10:05:04.115666+00:00,82.7,48,ask,,,2111887
2026-07-01T20:05:03.072334,2026-07-01T10:05:04.456183+00:00,82.7,50,ask,,,2111889
2026-07-01T20:05:05.127772,2026-07-01T10:05:06.512732+00:00,82.7,50,bid,,,2111943
2026-07-01T20:05:07.234093,2026-07-01T10:05:08.612892+00:00,82.7,50,bid,,,2111988
2026-07-01T20:05:07.421886,2026-07-01T10:05:08.799892+00:00,82.7,44,bid,,,2112001
2026-07-01T20:05:08.626017,2026-07-01T10:05:10.009891+00:00,82.6,150,ask,,,2112033
2026-07-01T20:05:10.843079,2026-07-01T10:05:12.231891+00:00,82.5,100,ask,,,2112096
2026-07-01T20:05:11.288472,2026-07-01T10:05:12.671891+00:00,82.4,1,bid,,,2112109
2026-07-01T20:05:11.468949,2026-07-01T10:05:12.858900+00:00,82.4,49,bid,,,2112114
2026-07-01T20:05:13.628054,2026-07-01T10:05:15.024582+00:00,82.0,50,ask,,,2112162
2026-07-01T20:05:13.780224,2026-07-01T10:05:15.167582+00:00,82.5,48,bid,,,2112168
2026-07-01T20:05:13.952157,2026-07-01T10:05:15.332582+00:00,82.5,52,bid,,,2112172
2026-07-01T20:05:14.441677,2026-07-01T10:05:15.827582+00:00,82.6,6,ask,,,2112186
2026-07-01T20:05:15.683646,2026-07-01T10:05:17.069492+00:00,82.7,5,bid,,,2112208
2026-07-01T20:05:15.683646,2026-07-01T10:05:17.069492+00:00,82.7,45,bid,,,2112209
2026-07-01T20:05:17.883727,2026-07-01T10:05:19.268403+00:00,82.6,50,ask,,,2112261
2026-07-01T20:05:19.991019,2026-07-01T10:05:21.369417+00:00,82.6,50,ask,,,2112295
2026-07-01T20:05:22.027398,2026-07-01T10:05:23.405779+00:00,82.5,42,ask,,,2112342
2026-07-01T20:05:22.125216,2026-07-01T10:05:23.504779+00:00,82.5,50,ask,,,2112347
2026-07-01T20:05:23.093620,2026-07-01T10:05:24.483823+00:00,82.5,49,ask,,,2112362
2026-07-01T20:05:23.509140,2026-07-01T10:05:24.890823+00:00,82.5,1,ask,,,2112375
2026-07-01T20:05:23.509140,2026-07-01T10:05:24.890823+00:00,82.3,100,ask,,,2112376
2026-07-01T20:05:23.525951,2026-07-01T10:05:24.912823+00:00,82.2,1,bid,,,2112378
2026-07-01T20:05:23.588921,2026-07-01T10:05:24.967823+00:00,82.2,35,bid,,,2112380
2026-07-01T20:05:23.680129,2026-07-01T10:05:25.066823+00:00,82.2,13,bid,,,2112382
2026-07-01T20:05:24.233171,2026-07-01T10:05:25.616823+00:00,81.7,50,ask,,,2112392
2026-07-01T20:05:24.252065,2026-07-01T10:05:25.638823+00:00,82.2,35,bid,,,2112393
2026-07-01T20:05:24.344757,2026-07-01T10:05:25.726834+00:00,82.2,35,bid,,,2112402
2026-07-01T20:05:24.406765,2026-07-01T10:05:25.792834+00:00,82.2,30,bid,,,2112408
2026-07-01T20:05:27.610470,2026-07-01T10:05:28.992928+00:00,82.8,4,bid,,,2112465
2026-07-01T20:05:27.610470,2026-07-01T10:05:28.992928+00:00,82.8,37,bid,,,2112466
2026-07-01T20:05:28.395089,2026-07-01T10:05:29.773920+00:00,82.7,4,bid,,,2112479
2026-07-01T20:05:28.395089,2026-07-01T10:05:29.784920+00:00,82.8,46,bid,,,2112480
2026-07-01T20:05:29.156569,2026-07-01T10:05:30.543920+00:00,82.7,4,bid,,,2112494
2026-07-01T20:05:29.156569,2026-07-01T10:05:30.543920+00:00,82.8,41,bid,,,2112495
2026-07-01T20:05:29.812562,2026-07-01T10:05:31.192920+00:00,82.7,35,ask,,,2112513
2026-07-01T20:05:29.903091,2026-07-01T10:05:31.291920+00:00,82.7,35,ask,,,2112517
2026-07-01T20:05:30.003113,2026-07-01T10:05:31.390920+00:00,82.7,35,ask,,,2112520
2026-07-01T20:05:30.092446,2026-07-01T10:05:31.478919+00:00,82.7,13,ask,,,2112522
2026-07-01T20:05:30.505256,2026-07-01T10:05:31.885919+00:00,82.8,10,bid,,,2112530
2026-07-01T20:05:30.529039,2026-07-01T10:05:31.907919+00:00,82.7,32,ask,,,2112531
2026-07-01T20:05:32.235347,2026-07-01T10:05:33.623462+00:00,82.4,1,ask,,,2112563
2026-07-01T20:05:32.235347,2026-07-01T10:05:33.623462+00:00,82.1,41,ask,,,2112564
2026-07-01T20:05:32.610302,2026-07-01T10:05:33.997463+00:00,82.6,50,bid,,,2112569
2026-07-01T20:05:33.942823,2026-07-01T10:05:35.328473+00:00,82.4,3,ask,,,2112600
2026-07-01T20:05:33.942823,2026-07-01T10:05:35.339473+00:00,82.4,38,ask,,,2112601
2026-07-01T20:05:36.875949,2026-07-01T10:05:38.254056+00:00,82.4,1,ask,,,2112652
2026-07-01T20:05:36.875949,2026-07-01T10:05:38.265056+00:00,82.3,49,ask,,,2112653
2026-07-01T20:05:37.011981,2026-07-01T10:05:38.395770+00:00,82.7,2,bid,,,2112659
2026-07-01T20:05:37.011981,2026-07-01T10:05:38.395770+00:00,82.7,39,bid,,,2112660
2026-07-01T20:05:37.549557,2026-07-01T10:05:38.934279+00:00,82.7,43,bid,,,2112672
2026-07-01T20:05:37.603543,2026-07-01T10:05:38.989290+00:00,82.4,2,ask,,,2112675
2026-07-01T20:05:40.268702,2026-07-01T10:05:41.662290+00:00,82.6,100,bid,,,2112740
2026-07-01T20:05:40.305031,2026-07-01T10:05:41.695291+00:00,82.7,4,bid,,,2112743
2026-07-01T20:05:41.056761,2026-07-01T10:05:42.443290+00:00,82.7,6,bid,,,2112762
2026-07-01T20:05:41.056761,2026-07-01T10:05:42.443290+00:00,83.0,44,bid,,,2112763
2026-07-01T20:05:41.581711,2026-07-01T10:05:42.971290+00:00,82.5,31,ask,,,2112776
2026-07-01T20:05:41.626344,2026-07-01T10:05:43.004290+00:00,82.5,2,ask,,,2112779
2026-07-01T20:05:41.987559,2026-07-01T10:05:43.378291+00:00,82.5,25,ask,,,2112792
2026-07-01T20:05:42.701121,2026-07-01T10:05:44.082290+00:00,82.4,1,ask,,,2112815
2026-07-01T20:05:42.701121,2026-07-01T10:05:44.093290+00:00,82.1,39,ask,,,2112816
2026-07-01T20:05:43.165751,2026-07-01T10:05:44.544290+00:00,82.6,50,bid,,,2112828
2026-07-01T20:05:43.703494,2026-07-01T10:05:45.083290+00:00,82.6,48,bid,,,2112835
2026-07-01T20:05:45.273805,2026-07-01T10:05:46.655672+00:00,82.6,50,bid,,,2112872
2026-07-01T20:05:45.606267,2026-07-01T10:05:46.985672+00:00,82.6,100,bid,,,2112884
2026-07-01T20:05:45.606267,2026-07-01T10:05:46.996672+00:00,82.7,5,bid,,,2112885
2026-07-01T20:05:45.673460,2026-07-01T10:05:47.051673+00:00,82.9,45,ask,,,2112889
2026-07-01T20:05:46.344804,2026-07-01T10:05:47.744672+00:00,82.4,41,ask,,,2112901
2026-07-01T20:05:47.340918,2026-07-01T10:05:48.723764+00:00,82.7,6,bid,,,2112925
2026-07-01T20:05:47.340918,2026-07-01T10:05:48.723764+00:00,82.9,36,bid,,,2112926
2026-07-01T20:05:47.381598,2026-07-01T10:05:48.767764+00:00,82.9,50,bid,,,2112927
2026-07-01T20:05:49.488380,2026-07-01T10:05:50.868767+00:00,82.7,4,bid,,,2112977
2026-07-01T20:05:49.488552,2026-07-01T10:05:50.879764+00:00,82.9,50,bid,,,2112978
2026-07-01T20:05:50.401007,2026-07-01T10:05:51.781764+00:00,82.7,4,ask,,,2112998
2026-07-01T20:05:51.594620,2026-07-01T10:05:52.991764+00:00,82.8,3,bid,,,2113024
2026-07-01T20:05:51.594620,2026-07-01T10:05:52.991764+00:00,82.9,47,bid,,,2113025
2026-07-01T20:05:51.907758,2026-07-01T10:05:53.288765+00:00,82.7,43,ask,,,2113040
2026-07-01T20:05:52.008700,2026-07-01T10:05:53.387845+00:00,82.8,25,ask,,,2113041
2026-07-01T20:05:52.417429,2026-07-01T10:05:53.805845+00:00,82.8,3,ask,,,2113051
2026-07-01T20:05:52.469970,2026-07-01T10:05:53.860846+00:00,82.8,3,ask,,,2113053
2026-07-01T20:05:52.499781,2026-07-01T10:05:53.882845+00:00,82.8,3,ask,,,2113055
2026-07-01T20:05:52.546711,2026-07-01T10:05:53.926845+00:00,82.8,25,ask,,,2113060
2026-07-01T20:05:53.432049,2026-07-01T10:05:54.817845+00:00,82.8,3,ask,,,2113075
2026-07-01T20:05:53.705175,2026-07-01T10:05:55.092845+00:00,82.9,2,bid,,,2113080
2026-07-01T20:05:53.705175,2026-07-01T10:05:55.092845+00:00,83.1,48,bid,,,2113081
2026-07-01T20:05:53.887960,2026-07-01T10:05:55.268845+00:00,82.8,45,ask,,,2113083
2026-07-01T20:05:54.584615,2026-07-01T10:05:55.972845+00:00,82.8,5,ask,,,2113094
2026-07-01T20:05:55.814966,2026-07-01T10:05:57.204458+00:00,83.0,50,bid,,,2113119
2026-07-01T20:05:57.025703,2026-07-01T10:05:58.414397+00:00,82.9,25,ask,,,2113139
2026-07-01T20:05:57.561225,2026-07-01T10:05:58.942398+00:00,82.9,25,ask,,,2113158
2026-07-01T20:05:57.979297,2026-07-01T10:05:59.360396+00:00,82.9,50,ask,,,2113161
2026-07-01T20:05:58.775051,2026-07-01T10:06:00.163396+00:00,83.2,49,bid,,,2113177
2026-07-01T20:05:59.884198,2026-07-01T10:06:01.263409+00:00,82.7,42,ask,,,2113197
2026-07-01T20:06:00.085561,2026-07-01T10:06:01.472409+00:00,82.7,50,ask,,,2113202
2026-07-01T20:06:02.193080,2026-07-01T10:06:03.572514+00:00,82.6,50,ask,,,2113231
2026-07-01T20:06:04.300339,2026-07-01T10:06:05.684522+00:00,82.6,50,ask,,,2113282
2026-07-01T20:06:05.860453,2026-07-01T10:06:07.245563+00:00,82.8,43,bid,,,2113314
2026-07-01T20:06:06.405938,2026-07-01T10:06:07.784561+00:00,82.5,50,ask,,,2113327
2026-07-01T20:06:07.695638,2026-07-01T10:06:09.082229+00:00,82.8,47,bid,,,2113357
2026-07-01T20:06:07.898065,2026-07-01T10:06:09.280228+00:00,82.6,50,bid,,,2113362
2026-07-01T20:06:08.527398,2026-07-01T10:06:09.918227+00:00,82.4,50,ask,,,2113371
2026-07-01T20:06:10.404019,2026-07-01T10:06:11.790227+00:00,82.4,44,ask,,,2113428
2026-07-01T20:06:10.562007,2026-07-01T10:06:11.944227+00:00,82.6,4,bid,,,2113438
2026-07-01T20:06:10.593131,2026-07-01T10:06:11.988228+00:00,82.6,35,bid,,,2113441
2026-07-01T20:06:10.705715,2026-07-01T10:06:12.087228+00:00,82.6,35,bid,,,2113447
2026-07-01T20:06:10.795135,2026-07-01T10:06:12.175227+00:00,82.6,26,bid,,,2113451
2026-07-01T20:06:10.903284,2026-07-01T10:06:12.285227+00:00,82.9,1,bid,,,2113455
2026-07-01T20:06:10.903284,2026-07-01T10:06:12.285227+00:00,82.9,100,bid,,,2113456
2026-07-01T20:06:10.980332,2026-07-01T10:06:12.362227+00:00,82.9,35,ask,,,2113467
2026-07-01T20:06:11.073907,2026-07-01T10:06:12.461227+00:00,82.9,14,ask,,,2113474
2026-07-01T20:06:11.529238,2026-07-01T10:06:12.923227+00:00,82.4,6,ask,,,2113485
2026-07-01T20:06:12.587438,2026-07-01T10:06:13.968347+00:00,82.6,5,ask,,,2113513
2026-07-01T20:06:12.597636,2026-07-01T10:06:13.979346+00:00,82.5,2,ask,,,2113515
2026-07-01T20:06:12.702870,2026-07-01T10:06:14.089346+00:00,82.5,44,ask,,,2113517
2026-07-01T20:06:12.751270,2026-07-01T10:06:14.133346+00:00,82.5,50,ask,,,2113518
2026-07-01T20:06:14.849638,2026-07-01T10:06:16.233316+00:00,82.5,4,ask,,,2113564
2026-07-01T20:06:14.856701,2026-07-01T10:06:16.244316+00:00,82.3,50,ask,,,2113565
2026-07-01T20:06:15.106947,2026-07-01T10:06:16.486316+00:00,82.5,4,bid,,,2113568
2026-07-01T20:06:15.569601,2026-07-01T10:06:16.959316+00:00,82.5,4,bid,,,2113584
2026-07-01T20:06:16.967722,2026-07-01T10:06:18.356316+00:00,82.3,50,ask,,,2113622
2026-07-01T20:06:17.335047,2026-07-01T10:06:18.719316+00:00,82.2,50,bid,,,2113629
2026-07-01T20:06:17.415882,2026-07-01T10:06:18.796316+00:00,82.2,100,bid,,,2113636
2026-07-01T20:06:19.023370,2026-07-01T10:06:20.402328+00:00,82.6,50,bid,,,2113691
2026-07-01T20:06:19.749721,2026-07-01T10:06:21.128327+00:00,82.6,28,bid,,,2113715
2026-07-01T20:06:21.189389,2026-07-01T10:06:22.569556+00:00,82.8,40,bid,,,2113744
2026-07-01T20:06:22.621801,2026-07-01T10:06:24.010102+00:00,82.5,2,ask,,,2113776
2026-07-01T20:06:22.867152,2026-07-01T10:06:24.252102+00:00,82.8,43,bid,,,2113785
2026-07-01T20:06:23.233881,2026-07-01T10:06:24.615101+00:00,82.8,17,bid,,,2113789
2026-07-01T20:06:23.233881,2026-07-01T10:06:24.626103+00:00,83.0,33,bid,,,2113790
2026-07-01T20:06:23.692984,2026-07-01T10:06:25.077103+00:00,82.5,35,ask,,,2113807
2026-07-01T20:06:23.790187,2026-07-01T10:06:25.176101+00:00,82.5,35,ask,,,2113812
2026-07-01T20:06:23.928034,2026-07-01T10:06:25.308102+00:00,82.5,35,ask,,,2113820
2026-07-01T20:06:24.520127,2026-07-01T10:06:25.902101+00:00,82.6,40,ask,,,2113832
2026-07-01T20:06:24.904971,2026-07-01T10:06:26.286636+00:00,82.6,35,ask,,,2113851
2026-07-01T20:06:25.001454,2026-07-01T10:06:26.385635+00:00,82.6,25,ask,,,2113863
2026-07-01T20:06:25.148600,2026-07-01T10:06:26.528635+00:00,82.5,45,ask,,,2113868
2026-07-01T20:06:25.148600,2026-07-01T10:06:26.539635+00:00,82.4,3,ask,,,2113869
2026-07-01T20:06:25.413043,2026-07-01T10:06:26.792635+00:00,82.4,2,ask,,,2113878
2026-07-01T20:06:26.850946,2026-07-01T10:06:28.233149+00:00,82.4,35,bid,,,2113903
2026-07-01T20:06:26.944940,2026-07-01T10:06:28.331694+00:00,82.4,35,bid,,,2113908
2026-07-01T20:06:27.044588,2026-07-01T10:06:28.430693+00:00,82.4,35,bid,,,2113911
2026-07-01T20:06:27.069429,2026-07-01T10:06:28.452693+00:00,82.4,25,bid,,,2113915
2026-07-01T20:06:27.135861,2026-07-01T10:06:28.518694+00:00,82.4,20,bid,,,2113917
2026-07-01T20:06:27.559037,2026-07-01T10:06:28.947693+00:00,82.3,50,ask,,,2113932
2026-07-01T20:06:29.666962,2026-07-01T10:06:31.048704+00:00,82.6,10,ask,,,2113992
2026-07-01T20:06:29.666962,2026-07-01T10:06:31.048704+00:00,82.5,6,ask,,,2113993
2026-07-01T20:06:29.666962,2026-07-01T10:06:31.059703+00:00,82.3,34,ask,,,2113994
2026-07-01T20:06:29.936251,2026-07-01T10:06:31.323712+00:00,82.8,100,bid,,,2114006
2026-07-01T20:06:31.742419,2026-07-01T10:06:33.127715+00:00,83.1,50,bid,,,2114054
2026-07-01T20:06:32.652203,2026-07-01T10:06:34.040245+00:00,82.8,2,ask,,,2114074
2026-07-01T20:06:32.854271,2026-07-01T10:06:34.238245+00:00,82.8,48,ask,,,2114082
2026-07-01T20:06:32.951136,2026-07-01T10:06:34.337245+00:00,82.6,35,ask,,,2114086
2026-07-01T20:06:33.041353,2026-07-01T10:06:34.425254+00:00,82.6,35,ask,,,2114090
2026-07-01T20:06:33.133996,2026-07-01T10:06:34.513246+00:00,82.6,7,ask,,,2114094
2026-07-01T20:06:33.154778,2026-07-01T10:06:34.535245+00:00,82.6,23,ask,,,2114097
2026-07-01T20:06:33.219214,2026-07-01T10:06:34.601246+00:00,82.3,35,bid,,,2114100
2026-07-01T20:06:33.309671,2026-07-01T10:06:34.689245+00:00,82.3,35,bid,,,2114104
2026-07-01T20:06:33.400235,2026-07-01T10:06:34.788245+00:00,82.3,35,bid,,,2114107
2026-07-01T20:06:33.490017,2026-07-01T10:06:34.876245+00:00,82.3,12,bid,,,2114109
2026-07-01T20:06:33.849689,2026-07-01T10:06:35.228255+00:00,82.3,10,bid,,,2114114
2026-07-01T20:06:33.849689,2026-07-01T10:06:35.239254+00:00,82.7,40,bid,,,2114115
2026-07-01T20:06:35.987904,2026-07-01T10:06:37.372792+00:00,82.7,50,bid,,,2114178
2026-07-01T20:06:36.270952,2026-07-01T10:06:37.658792+00:00,82.7,10,bid,,,2114182
2026-07-01T20:06:37.663482,2026-07-01T10:06:39.045026+00:00,82.7,2,ask,,,2114224
2026-07-01T20:06:38.095717,2026-07-01T10:06:39.474018+00:00,83.2,50,bid,,,2114243
2026-07-01T20:06:39.524075,2026-07-01T10:06:40.904018+00:00,82.8,35,ask,,,2114296
2026-07-01T20:06:39.623295,2026-07-01T10:06:41.003268+00:00,82.8,35,ask,,,2114300
2026-07-01T20:06:39.713036,2026-07-01T10:06:41.091268+00:00,82.8,35,ask,,,2114310
2026-07-01T20:06:39.804680,2026-07-01T10:06:41.190269+00:00,82.8,35,ask,,,2114312
2026-07-01T20:06:39.899540,2026-07-01T10:06:41.289268+00:00,82.8,10,ask,,,2114317
2026-07-01T20:06:40.254825,2026-07-01T10:06:41.641268+00:00,82.6,50,ask,,,2114322
2026-07-01T20:06:40.529435,2026-07-01T10:06:41.916268+00:00,83.1,40,bid,,,2114325
2026-07-01T20:06:41.638896,2026-07-01T10:06:43.026785+00:00,82.6,42,ask,,,2114347
2026-07-01T20:06:42.362138,2026-07-01T10:06:43.741324+00:00,82.6,8,ask,,,2114366
2026-07-01T20:06:42.362138,2026-07-01T10:06:43.752324+00:00,82.5,4,ask,,,2114367
2026-07-01T20:06:43.150756,2026-07-01T10:06:44.533323+00:00,82.9,47,bid,,,2114380
2026-07-01T20:06:44.284774,2026-07-01T10:06:45.666323+00:00,82.9,49,bid,,,2114412
2026-07-01T20:06:44.421107,2026-07-01T10:06:45.809323+00:00,82.9,50,bid,,,2114418
2026-07-01T20:06:44.842630,2026-07-01T10:06:46.230412+00:00,82.7,44,ask,,,2114430
2026-07-01T20:06:45.517106,2026-07-01T10:06:46.901412+00:00,82.9,4,bid,,,2114439
2026-07-01T20:06:46.100547,2026-07-01T10:06:47.495411+00:00,83.1,31,ask,,,2114466
2026-07-01T20:06:46.470832,2026-07-01T10:06:47.858412+00:00,83.1,100,ask,,,2114471
2026-07-01T20:06:46.579493,2026-07-01T10:06:47.968412+00:00,83.1,19,ask,,,2114473
2026-07-01T20:06:47.949792,2026-07-01T10:06:49.332064+00:00,82.9,4,bid,,,2114499
2026-07-01T20:06:47.978929,2026-07-01T10:06:49.365064+00:00,82.6,46,ask,,,2114501
2026-07-01T20:06:48.698411,2026-07-01T10:06:50.080064+00:00,82.6,50,ask,,,2114539
2026-07-01T20:06:50.805209,2026-07-01T10:06:52.192064+00:00,82.8,50,ask,,,2114572
2026-07-01T20:06:52.601465,2026-07-01T10:06:53.983551+00:00,83.0,43,bid,,,2114631
2026-07-01T20:06:52.912350,2026-07-01T10:06:54.291551+00:00,82.8,10,ask,,,2114636
2026-07-01T20:06:52.912350,2026-07-01T10:06:54.302551+00:00,82.6,40,ask,,,2114637
2026-07-01T20:06:53.955035,2026-07-01T10:06:55.336551+00:00,82.7,5,ask,,,2114661
2026-07-01T20:06:53.955035,2026-07-01T10:06:55.336551+00:00,82.7,10,ask,,,2114662
2026-07-01T20:06:55.022249,2026-07-01T10:06:56.403284+00:00,82.7,5,ask,,,2114683
2026-07-01T20:06:55.022249,2026-07-01T10:06:56.403284+00:00,82.6,45,ask,,,2114684
2026-07-01T20:06:55.970335,2026-07-01T10:06:57.349283+00:00,82.8,48,bid,,,2114703
2026-07-01T20:06:55.977343,2026-07-01T10:06:57.360283+00:00,82.8,52,bid,,,2114704
2026-07-01T20:06:56.869303,2026-07-01T10:06:58.251282+00:00,83.2,47,bid,,,2114724
2026-07-01T20:06:57.131508,2026-07-01T10:06:58.515366+00:00,82.7,50,ask,,,2114729
2026-07-01T20:06:57.846635,2026-07-01T10:06:59.230367+00:00,82.7,40,ask,,,2114750
2026-07-01T20:07:00.749730,2026-07-01T10:07:02.134379+00:00,83.3,42,bid,,,2114820
2026-07-01T20:07:01.296304,2026-07-01T10:07:02.684390+00:00,83.3,50,bid,,,2114825
2026-07-01T20:07:03.403023,2026-07-01T10:07:04.785477+00:00,83.3,50,bid,,,2114863
2026-07-01T20:07:05.298551,2026-07-01T10:07:06.688026+00:00,82.9,41,ask,,,2114906
2026-07-01T20:07:05.561728,2026-07-01T10:07:06.941028+00:00,82.9,50,ask,,,2114910
2026-07-01T20:07:06.496197,2026-07-01T10:07:07.876027+00:00,83.2,40,bid,,,2114928
2026-07-01T20:07:07.426968,2026-07-01T10:07:08.810501+00:00,82.9,45,ask,,,2114962
2026-07-01T20:07:07.669188,2026-07-01T10:07:09.052502+00:00,82.9,14,ask,,,2114969
2026-07-01T20:07:07.669188,2026-07-01T10:07:09.052502+00:00,82.8,2,ask,,,2114970
2026-07-01T20:07:07.669188,2026-07-01T10:07:09.052502+00:00,82.7,34,ask,,,2114971
2026-07-01T20:07:08.013952,2026-07-01T10:07:09.393501+00:00,83.0,121,bid,,,2114979
2026-07-01T20:07:09.728848,2026-07-01T10:07:11.120501+00:00,83.0,29,bid,,,2115041
2026-07-01T20:07:09.728848,2026-07-01T10:07:11.120501+00:00,83.4,21,bid,,,2115042
2026-07-01T20:07:11.273990,2026-07-01T10:07:12.660501+00:00,83.3,41,bid,,,2115076
2026-07-01T20:07:11.842158,2026-07-01T10:07:13.221502+00:00,83.2,4,bid,,,2115091
2026-07-01T20:07:11.842158,2026-07-01T10:07:13.232501+00:00,83.3,46,bid,,,2115092
2026-07-01T20:07:14.220111,2026-07-01T10:07:15.608184+00:00,83.3,100,bid,,,2115155
2026-07-01T20:07:14.294393,2026-07-01T10:07:15.685184+00:00,83.5,35,ask,,,2115160
2026-07-01T20:07:14.383484,2026-07-01T10:07:15.762185+00:00,83.5,15,ask,,,2115164
2026-07-01T20:07:14.955601,2026-07-01T10:07:16.333779+00:00,83.4,35,ask,,,2115186
2026-07-01T20:07:15.047176,2026-07-01T10:07:16.432779+00:00,83.4,35,ask,,,2115188
2026-07-01T20:07:15.138144,2026-07-01T10:07:16.520779+00:00,83.4,30,ask,,,2115192
2026-07-01T20:07:18.165640,2026-07-01T10:07:19.545152+00:00,83.3,50,bid,,,2115273
2026-07-01T20:07:20.274020,2026-07-01T10:07:21.657152+00:00,83.3,50,bid,,,2115313
2026-07-01T20:07:21.215682,2026-07-01T10:07:22.602668+00:00,83.2,100,bid,,,2115339
2026-07-01T20:07:22.387612,2026-07-01T10:07:23.768248+00:00,83.2,50,bid,,,2115349
2026-07-01T20:07:23.713729,2026-07-01T10:07:25.099248+00:00,83.3,1,bid,,,2115382
2026-07-01T20:07:23.727524,2026-07-01T10:07:25.110248+00:00,83.3,27,ask,,,2115384
2026-07-01T20:07:24.079368,2026-07-01T10:07:25.462248+00:00,83.3,122,ask,,,2115397
2026-07-01T20:07:24.496189,2026-07-01T10:07:25.880268+00:00,83.3,50,bid,,,2115403
2026-07-01T20:07:26.603373,2026-07-01T10:07:27.991684+00:00,83.3,50,bid,,,2115445
2026-07-01T20:07:27.544640,2026-07-01T10:07:28.925999+00:00,83.3,100,bid,,,2115463
2026-07-01T20:07:28.764605,2026-07-01T10:07:30.146990+00:00,83.0,3,ask,,,2115491
2026-07-01T20:07:28.764605,2026-07-01T10:07:30.146990+00:00,82.8,47,ask,,,2115492
2026-07-01T20:07:30.876242,2026-07-01T10:07:32.259001+00:00,82.9,50,ask,,,2115550
2026-07-01T20:07:34.354390,2026-07-01T10:07:35.734545+00:00,83.0,43,bid,,,2115633
2026-07-01T20:07:34.409291,2026-07-01T10:07:35.789545+00:00,82.9,47,ask,,,2115638
2026-07-01T20:07:34.634731,2026-07-01T10:07:36.020544+00:00,83.0,35,bid,,,2115644
2026-07-01T20:07:34.740773,2026-07-01T10:07:36.130089+00:00,83.0,35,bid,,,2115649
2026-07-01T20:07:34.841467,2026-07-01T10:07:36.229089+00:00,83.0,35,bid,,,2115652
2026-07-01T20:07:34.883993,2026-07-01T10:07:36.273089+00:00,83.0,2,bid,,,2115655
2026-07-01T20:07:35.088734,2026-07-01T10:07:36.471089+00:00,82.9,50,ask,,,2115662
2026-07-01T20:07:36.462915,2026-07-01T10:07:37.846098+00:00,83.3,35,ask,,,2115697
2026-07-01T20:07:36.552166,2026-07-01T10:07:37.934089+00:00,83.3,35,ask,,,2115699
2026-07-01T20:07:36.641725,2026-07-01T10:07:38.022091+00:00,83.3,35,ask,,,2115703
2026-07-01T20:07:37.081671,2026-07-01T10:07:38.461086+00:00,83.3,45,ask,,,2115711
2026-07-01T20:07:37.287529,2026-07-01T10:07:38.670087+00:00,83.1,35,bid,,,2115720
2026-07-01T20:07:37.376569,2026-07-01T10:07:38.758086+00:00,83.1,20,bid,,,2115726
2026-07-01T20:07:39.313111,2026-07-01T10:07:40.694097+00:00,83.0,3,ask,,,2115770
2026-07-01T20:07:39.313111,2026-07-01T10:07:40.705098+00:00,82.6,47,ask,,,2115771
2026-07-01T20:07:41.451105,2026-07-01T10:07:42.838633+00:00,82.9,2,ask,,,2115806
2026-07-01T20:07:41.451105,2026-07-01T10:07:42.838633+00:00,82.7,48,ask,,,2115807
2026-07-01T20:07:41.689143,2026-07-01T10:07:43.069632+00:00,83.2,40,bid,,,2115809
2026-07-01T20:07:43.561439,2026-07-01T10:07:44.949665+00:00,82.9,50,ask,,,2115858
2026-07-01T20:07:44.555457,2026-07-01T10:07:45.939663+00:00,82.9,49,ask,,,2115880
2026-07-01T20:07:45.672874,2026-07-01T10:07:47.061684+00:00,82.9,1,ask,,,2115905
2026-07-01T20:07:45.672874,2026-07-01T10:07:47.061684+00:00,82.9,1,ask,,,2115906
2026-07-01T20:07:45.672874,2026-07-01T10:07:47.061684+00:00,82.8,48,ask,,,2115907
2026-07-01T20:07:46.028410,2026-07-01T10:07:47.413218+00:00,82.9,1,bid,,,2115912
2026-07-01T20:07:46.132201,2026-07-01T10:07:47.512209+00:00,82.9,35,bid,,,2115914
2026-07-01T20:07:46.240004,2026-07-01T10:07:47.622218+00:00,82.9,35,bid,,,2115920
2026-07-01T20:07:46.334159,2026-07-01T10:07:47.721214+00:00,82.9,35,bid,,,2115924
2026-07-01T20:07:46.424361,2026-07-01T10:07:47.809209+00:00,82.9,17,bid,,,2115931
2026-07-01T20:07:46.447820,2026-07-01T10:07:47.831209+00:00,82.9,27,bid,,,2115933
2026-07-01T20:07:47.244596,2026-07-01T10:07:48.633677+00:00,82.6,10,ask,,,2115951
2026-07-01T20:07:47.783472,2026-07-01T10:07:49.172676+00:00,82.6,10,ask,,,2115962
2026-07-01T20:07:47.783472,2026-07-01T10:07:49.172676+00:00,82.5,40,ask,,,2115963
2026-07-01T20:07:48.869148,2026-07-01T10:07:50.250677+00:00,82.5,47,ask,,,2115986
2026-07-01T20:07:49.052690,2026-07-01T10:07:50.437677+00:00,83.0,100,bid,,,2115990
2026-07-01T20:07:49.903699,2026-07-01T10:07:51.284689+00:00,83.0,50,ask,,,2116010
2026-07-01T20:07:50.858662,2026-07-01T10:07:52.241688+00:00,83.1,41,bid,,,2116024
2026-07-01T20:07:52.013626,2026-07-01T10:07:53.399227+00:00,82.6,50,ask,,,2116045
2026-07-01T20:07:53.020178,2026-07-01T10:07:54.400227+00:00,82.8,95,bid,,,2116068
2026-07-01T20:07:55.401104,2026-07-01T10:07:56.787326+00:00,82.8,100,bid,,,2116121
2026-07-01T20:07:55.754809,2026-07-01T10:07:57.139325+00:00,83.0,5,bid,,,2116131
2026-07-01T20:07:55.754809,2026-07-01T10:07:57.139325+00:00,83.4,37,bid,,,2116132
2026-07-01T20:07:56.178678,2026-07-01T10:07:57.567842+00:00,83.3,10,bid,,,2116133
2026-07-01T20:07:56.178678,2026-07-01T10:07:57.567842+00:00,83.4,40,bid,,,2116134
2026-07-01T20:07:56.440308,2026-07-01T10:07:57.820841+00:00,82.9,46,ask,,,2116141
2026-07-01T20:07:58.348140,2026-07-01T10:07:59.745955+00:00,82.9,4,ask,,,2116170
2026-07-01T20:07:59.879451,2026-07-01T10:08:01.263955+00:00,83.1,45,bid,,,2116203
2026-07-01T20:07:59.934597,2026-07-01T10:08:01.318955+00:00,82.8,41,ask,,,2116205
2026-07-01T20:08:00.409474,2026-07-01T10:08:01.791756+00:00,83.1,50,bid,,,2116215
2026-07-01T20:08:02.385687,2026-07-01T10:08:03.770994+00:00,82.9,44,ask,,,2116260
2026-07-01T20:08:02.515865,2026-07-01T10:08:03.902985+00:00,83.0,4,bid,,,2116261
2026-07-01T20:08:02.515865,2026-07-01T10:08:03.902985+00:00,83.0,10,bid,,,2116262
2026-07-01T20:08:02.515865,2026-07-01T10:08:03.902985+00:00,83.4,36,bid,,,2116263
2026-07-01T20:08:04.644299,2026-07-01T10:08:06.025985+00:00,83.1,50,bid,,,2116308
2026-07-01T20:08:05.077995,2026-07-01T10:08:06.465047+00:00,83.1,47,bid,,,2116323
2026-07-01T20:08:06.707335,2026-07-01T10:08:08.093062+00:00,83.1,3,bid,,,2116350
2026-07-01T20:08:06.707335,2026-07-01T10:08:08.093062+00:00,83.3,38,bid,,,2116351
2026-07-01T20:08:06.757348,2026-07-01T10:08:08.137062+00:00,83.1,3,bid,,,2116352
2026-07-01T20:08:06.757348,2026-07-01T10:08:08.148062+00:00,83.3,47,bid,,,2116353
2026-07-01T20:08:08.059799,2026-07-01T10:08:09.445602+00:00,83.1,2,bid,,,2116388
2026-07-01T20:08:08.137729,2026-07-01T10:08:09.522117+00:00,83.3,5,ask,,,2116394
2026-07-01T20:08:08.198727,2026-07-01T10:08:09.577117+00:00,83.3,40,ask,,,2116396
2026-07-01T20:08:08.946085,2026-07-01T10:08:10.325118+00:00,83.3,3,ask,,,2116410
2026-07-01T20:08:08.950124,2026-07-01T10:08:10.336118+00:00,83.3,50,ask,,,2116411
2026-07-01T20:08:09.089511,2026-07-01T10:08:10.479118+00:00,83.3,3,ask,,,2116413
2026-07-01T20:08:09.120018,2026-07-01T10:08:10.501117+00:00,83.3,3,ask,,,2116415
2026-07-01T20:08:09.148852,2026-07-01T10:08:10.534118+00:00,83.3,3,ask,,,2116416
2026-07-01T20:08:09.178126,2026-07-01T10:08:10.567120+00:00,83.3,3,ask,,,2116417
2026-07-01T20:08:09.215040,2026-07-01T10:08:10.600118+00:00,83.3,3,ask,,,2116418
2026-07-01T20:08:09.251756,2026-07-01T10:08:10.633117+00:00,83.3,3,ask,,,2116419
2026-07-01T20:08:09.879447,2026-07-01T10:08:11.260118+00:00,83.3,2,ask,,,2116435
2026-07-01T20:08:09.907244,2026-07-01T10:08:11.293119+00:00,83.3,2,ask,,,2116438
2026-07-01T20:08:09.947705,2026-07-01T10:08:11.326118+00:00,83.3,2,ask,,,2116439
2026-07-01T20:08:10.122163,2026-07-01T10:08:11.502118+00:00,83.3,2,ask,,,2116446
2026-07-01T20:08:10.202492,2026-07-01T10:08:11.590117+00:00,83.3,2,ask,,,2116448
2026-07-01T20:08:10.257319,2026-07-01T10:08:11.645118+00:00,83.3,2,ask,,,2116449
2026-07-01T20:08:11.082551,2026-07-01T10:08:12.470118+00:00,83.3,20,ask,,,2116459
2026-07-01T20:08:11.082551,2026-07-01T10:08:12.470118+00:00,83.0,30,ask,,,2116460
2026-07-01T20:08:13.190762,2026-07-01T10:08:14.570191+00:00,83.0,4,ask,,,2116512
2026-07-01T20:08:13.190762,2026-07-01T10:08:14.581191+00:00,83.0,46,ask,,,2116513
2026-07-01T20:08:15.304474,2026-07-01T10:08:16.692746+00:00,83.0,5,ask,,,2116554
2026-07-01T20:08:15.304474,2026-07-01T10:08:16.692746+00:00,82.9,45,ask,,,2116555
2026-07-01T20:08:17.360919,2026-07-01T10:08:18.749380+00:00,83.3,50,bid,,,2116608
2026-07-01T20:08:18.157925,2026-07-01T10:08:19.541380+00:00,83.0,5,ask,,,2116633
2026-07-01T20:08:18.157925,2026-07-01T10:08:19.541380+00:00,83.0,43,ask,,,2116634
2026-07-01T20:08:19.468758,2026-07-01T10:08:20.849692+00:00,83.3,50,bid,,,2116662
2026-07-01T20:08:21.610725,2026-07-01T10:08:22.994693+00:00,83.5,50,bid,,,2116717
2026-07-01T20:08:25.872029,2026-07-01T10:08:27.261470+00:00,83.0,2,ask,,,2116812
2026-07-01T20:08:25.872029,2026-07-01T10:08:27.261470+00:00,83.0,48,ask,,,2116813
2026-07-01T20:08:27.927844,2026-07-01T10:08:29.317599+00:00,83.1,50,bid,,,2116847
2026-07-01T20:08:29.459106,2026-07-01T10:08:30.846599+00:00,83.1,48,bid,,,2116887
2026-07-01T20:08:29.727747,2026-07-01T10:08:31.110599+00:00,83.1,5,bid,,,2116899
2026-07-01T20:08:30.038603,2026-07-01T10:08:31.429589+00:00,83.1,47,bid,,,2116908
2026-07-01T20:08:30.038603,2026-07-01T10:08:31.429589+00:00,83.3,1,bid,,,2116909
2026-07-01T20:08:30.038603,2026-07-01T10:08:31.429589+00:00,83.3,2,bid,,,2116910
2026-07-01T20:08:30.201714,2026-07-01T10:08:31.583590+00:00,83.3,98,bid,,,2116912
2026-07-01T20:08:30.229259,2026-07-01T10:08:31.616590+00:00,83.7,35,ask,,,2116915
2026-07-01T20:08:30.321821,2026-07-01T10:08:31.704590+00:00,83.7,17,ask,,,2116917
2026-07-01T20:08:31.132827,2026-07-01T10:08:32.518589+00:00,83.5,35,ask,,,2116941
2026-07-01T20:08:31.223668,2026-07-01T10:08:32.606590+00:00,83.5,35,ask,,,2116945
2026-07-01T20:08:31.321880,2026-07-01T10:08:32.705589+00:00,83.5,30,ask,,,2116949
2026-07-01T20:08:32.200667,2026-07-01T10:08:33.585711+00:00,83.0,1,ask,,,2116986
2026-07-01T20:08:33.731575,2026-07-01T10:08:35.114712+00:00,83.4,35,bid,,,2117039
2026-07-01T20:08:33.822131,2026-07-01T10:08:35.202712+00:00,83.4,35,bid,,,2117045
2026-07-01T20:08:33.911926,2026-07-01T10:08:35.290712+00:00,83.4,35,bid,,,2117047
2026-07-01T20:08:34.002050,2026-07-01T10:08:35.389712+00:00,83.4,35,bid,,,2117049
2026-07-01T20:08:34.094549,2026-07-01T10:08:35.477712+00:00,83.4,10,bid,,,2117055
2026-07-01T20:08:34.256012,2026-07-01T10:08:35.642712+00:00,83.7,50,bid,,,2117057
2026-07-01T20:08:35.274219,2026-07-01T10:08:36.654244+00:00,83.2,41,ask,,,2117078
2026-07-01T20:08:36.364364,2026-07-01T10:08:37.754245+00:00,83.7,50,bid,,,2117109
2026-07-01T20:08:36.593645,2026-07-01T10:08:37.984762+00:00,83.5,35,ask,,,2117114
2026-07-01T20:08:36.683784,2026-07-01T10:08:38.072762+00:00,83.5,35,ask,,,2117116
2026-07-01T20:08:36.775470,2026-07-01T10:08:38.160762+00:00,83.5,35,ask,,,2117124
2026-07-01T20:08:36.871349,2026-07-01T10:08:38.259762+00:00,83.5,35,ask,,,2117128
2026-07-01T20:08:36.943361,2026-07-01T10:08:38.325762+00:00,83.5,10,ask,,,2117129
2026-07-01T20:08:38.476110,2026-07-01T10:08:39.856584+00:00,83.5,50,bid,,,2117172
2026-07-01T20:08:40.584342,2026-07-01T10:08:41.968597+00:00,83.4,50,bid,,,2117223
2026-07-01T20:08:42.695987,2026-07-01T10:08:44.091210+00:00,83.4,50,bid,,,2117274
2026-07-01T20:08:44.803070,2026-07-01T10:08:46.192231+00:00,83.5,2,bid,,,2117328
2026-07-01T20:08:44.803070,2026-07-01T10:08:46.192231+00:00,83.5,10,bid,,,2117329
2026-07-01T20:08:44.803070,2026-07-01T10:08:46.192231+00:00,83.8,38,bid,,,2117330
2026-07-01T20:08:46.917432,2026-07-01T10:08:48.304231+00:00,83.8,10,bid,,,2117368
2026-07-01T20:08:46.917432,2026-07-01T10:08:48.304231+00:00,83.9,40,bid,,,2117369
2026-07-01T20:08:48.265101,2026-07-01T10:08:49.655616+00:00,83.5,35,ask,,,2117403
2026-07-01T20:08:49.026262,2026-07-01T10:08:50.414616+00:00,83.6,3,bid,,,2117414
2026-07-01T20:08:49.026262,2026-07-01T10:08:50.414616+00:00,83.8,10,bid,,,2117415
2026-07-01T20:08:49.026262,2026-07-01T10:08:50.414616+00:00,83.9,37,bid,,,2117416
2026-07-01T20:08:49.181077,2026-07-01T10:08:50.568617+00:00,83.6,3,bid,,,2117418
2026-07-01T20:08:49.191398,2026-07-01T10:08:50.579616+00:00,83.6,147,ask,,,2117420
2026-07-01T20:08:49.632622,2026-07-01T10:08:51.019617+00:00,83.9,10,bid,,,2117434
2026-07-01T20:08:49.632622,2026-07-01T10:08:51.019617+00:00,84.0,33,bid,,,2117435
2026-07-01T20:08:50.775964,2026-07-01T10:08:52.163616+00:00,83.6,43,ask,,,2117460
2026-07-01T20:08:51.136094,2026-07-01T10:08:52.526617+00:00,83.7,5,bid,,,2117468
2026-07-01T20:08:51.136094,2026-07-01T10:08:52.526617+00:00,84.1,45,bid,,,2117469
2026-07-01T20:08:52.386725,2026-07-01T10:08:53.769154+00:00,83.7,2,bid,,,2117503
2026-07-01T20:08:52.386725,2026-07-01T10:08:53.769154+00:00,84.1,45,bid,,,2117504
2026-07-01T20:08:53.295384,2026-07-01T10:08:54.682163+00:00,83.6,50,ask,,,2117518
2026-07-01T20:08:54.468631,2026-07-01T10:08:55.848166+00:00,83.7,2,bid,,,2117540
2026-07-01T20:08:55.403029,2026-07-01T10:08:56.782735+00:00,83.6,50,ask,,,2117557
2026-07-01T20:08:57.510975,2026-07-01T10:08:58.894641+00:00,83.5,3,ask,,,2117600
2026-07-01T20:08:57.510975,2026-07-01T10:08:58.894641+00:00,83.4,47,ask,,,2117601
2026-07-01T20:08:57.821301,2026-07-01T10:08:59.202641+00:00,83.5,4,ask,,,2117609
2026-07-01T20:08:57.831559,2026-07-01T10:08:59.213641+00:00,83.4,2,ask,,,2117611
2026-07-01T20:08:58.723161,2026-07-01T10:09:00.104642+00:00,83.5,3,ask,,,2117642
2026-07-01T20:08:58.936316,2026-07-01T10:09:00.324641+00:00,83.5,3,bid,,,2117646
2026-07-01T20:08:59.568381,2026-07-01T10:09:00.951642+00:00,83.5,50,bid,,,2117662
2026-07-01T20:09:00.994256,2026-07-01T10:09:02.381642+00:00,83.5,44,bid,,,2117688
2026-07-01T20:09:01.416973,2026-07-01T10:09:02.799641+00:00,83.5,35,bid,,,2117703
2026-07-01T20:09:01.509020,2026-07-01T10:09:02.887642+00:00,83.5,15,bid,,,2117712
2026-07-01T20:09:01.728963,2026-07-01T10:09:03.118642+00:00,83.4,2,ask,,,2117718
2026-07-01T20:09:01.728963,2026-07-01T10:09:03.118642+00:00,83.4,10,ask,,,2117719
2026-07-01T20:09:01.728963,2026-07-01T10:09:03.118642+00:00,83.2,38,ask,,,2117720
2026-07-01T20:09:01.833402,2026-07-01T10:09:03.217641+00:00,83.7,100,bid,,,2117722
2026-07-01T20:09:01.833402,2026-07-01T10:09:03.217641+00:00,83.8,2,bid,,,2117723
2026-07-01T20:09:01.908188,2026-07-01T10:09:03.294641+00:00,83.9,5,ask,,,2117725
2026-07-01T20:09:01.955177,2026-07-01T10:09:03.337223+00:00,83.9,38,ask,,,2117728
2026-07-01T20:09:01.959302,2026-07-01T10:09:03.348223+00:00,83.9,5,ask,,,2117729
2026-07-01T20:09:02.696348,2026-07-01T10:09:04.085223+00:00,83.4,2,ask,,,2117758
2026-07-01T20:09:02.696348,2026-07-01T10:09:04.085223+00:00,83.4,33,ask,,,2117759
2026-07-01T20:09:02.786951,2026-07-01T10:09:04.173222+00:00,83.4,10,ask,,,2117761
2026-07-01T20:09:02.841300,2026-07-01T10:09:04.228223+00:00,83.4,2,ask,,,2117762
2026-07-01T20:09:03.791309,2026-07-01T10:09:05.174223+00:00,83.7,4,bid,,,2117788
2026-07-01T20:09:03.791309,2026-07-01T10:09:05.174223+00:00,83.7,10,bid,,,2117789
2026-07-01T20:09:03.791309,2026-07-01T10:09:05.174223+00:00,83.9,36,bid,,,2117790
2026-07-01T20:09:04.087086,2026-07-01T10:09:05.471234+00:00,83.4,41,ask,,,2117797
2026-07-01T20:09:05.952685,2026-07-01T10:09:07.340802+00:00,83.2,50,ask,,,2117832
2026-07-01T20:09:07.153790,2026-07-01T10:09:08.542501+00:00,83.2,46,ask,,,2117846
2026-07-01T20:09:07.851300,2026-07-01T10:09:09.235500+00:00,83.4,1,ask,,,2117864
2026-07-01T20:09:07.851300,2026-07-01T10:09:09.235500+00:00,83.2,1,ask,,,2117865
2026-07-01T20:09:08.076887,2026-07-01T10:09:09.466500+00:00,83.2,50,ask,,,2117874
2026-07-01T20:09:08.083279,2026-07-01T10:09:09.466500+00:00,83.2,3,ask,,,2117875
2026-07-01T20:09:08.242036,2026-07-01T10:09:09.631500+00:00,83.1,100,ask,,,2117884
2026-07-01T20:09:08.252821,2026-07-01T10:09:09.642501+00:00,82.8,50,bid,,,2117885
2026-07-01T20:09:10.182812,2026-07-01T10:09:11.567500+00:00,82.7,50,ask,,,2117941
2026-07-01T20:09:10.567462,2026-07-01T10:09:11.952501+00:00,83.2,35,bid,,,2117954
2026-07-01T20:09:10.659311,2026-07-01T10:09:12.040500+00:00,83.2,35,bid,,,2117962
2026-07-01T20:09:10.753826,2026-07-01T10:09:12.161500+00:00,83.2,30,bid,,,2117967
2026-07-01T20:09:12.326282,2026-07-01T10:09:13.712062+00:00,83.0,50,ask,,,2117997
2026-07-01T20:09:12.627404,2026-07-01T10:09:14.009072+00:00,83.5,44,bid,,,2118004
2026-07-01T20:09:14.435023,2026-07-01T10:09:15.824063+00:00,83.0,50,ask,,,2118040
2026-07-01T20:09:14.615477,2026-07-01T10:09:16.000062+00:00,83.3,35,bid,,,2118042
2026-07-01T20:09:16.544452,2026-07-01T10:09:17.946170+00:00,83.2,1,ask,,,2118092
2026-07-01T20:09:16.544452,2026-07-01T10:09:17.946170+00:00,83.2,10,ask,,,2118093
2026-07-01T20:09:16.544452,2026-07-01T10:09:17.946170+00:00,83.0,39,ask,,,2118094
2026-07-01T20:09:16.816151,2026-07-01T10:09:18.199171+00:00,83.3,47,bid,,,2118097
2026-07-01T20:09:18.654422,2026-07-01T10:09:20.035259+00:00,83.0,50,ask,,,2118150
2026-07-01T20:09:20.785355,2026-07-01T10:09:22.168846+00:00,83.0,50,ask,,,2118199
2026-07-01T20:09:22.893095,2026-07-01T10:09:24.280285+00:00,82.7,50,ask,,,2118239
2026-07-01T20:09:23.690934,2026-07-01T10:09:25.072285+00:00,82.7,43,ask,,,2118258
2026-07-01T20:09:24.065163,2026-07-01T10:09:25.446287+00:00,82.7,100,ask,,,2118263
2026-07-01T20:09:24.075075,2026-07-01T10:09:25.457287+00:00,82.5,50,bid,,,2118264
2026-07-01T20:09:24.845274,2026-07-01T10:09:26.227300+00:00,82.7,100,bid,,,2118291
2026-07-01T20:09:25.004514,2026-07-01T10:09:26.392300+00:00,82.2,50,ask,,,2118301
2026-07-01T20:09:27.270722,2026-07-01T10:09:28.656640+00:00,82.6,46,ask,,,2118338
2026-07-01T20:09:30.268824,2026-07-01T10:09:31.648165+00:00,83.1,42,bid,,,2118403
2026-07-01T20:09:30.502571,2026-07-01T10:09:31.890165+00:00,83.1,47,bid,,,2118411
2026-07-01T20:09:31.275453,2026-07-01T10:09:32.660164+00:00,83.2,4,bid,,,2118424
2026-07-01T20:09:31.275453,2026-07-01T10:09:32.660164+00:00,83.4,46,bid,,,2118425
2026-07-01T20:09:33.384172,2026-07-01T10:09:34.771247+00:00,83.4,50,bid,,,2118492
2026-07-01T20:09:35.343471,2026-07-01T10:09:36.728428+00:00,83.1,40,ask,,,2118543
2026-07-01T20:09:35.564765,2026-07-01T10:09:36.948184+00:00,83.1,50,ask,,,2118557
2026-07-01T20:09:37.672270,2026-07-01T10:09:39.058944+00:00,82.9,1,ask,,,2118608
2026-07-01T20:09:37.672270,2026-07-01T10:09:39.058944+00:00,82.9,49,ask,,,2118609
2026-07-01T20:09:39.779181,2026-07-01T10:09:41.203464+00:00,82.9,50,ask,,,2118671
2026-07-01T20:09:39.890844,2026-07-01T10:09:41.302463+00:00,82.8,100,ask,,,2118673
2026-07-01T20:09:41.884493,2026-07-01T10:09:43.271463+00:00,82.4,10,ask,,,2118717
2026-07-01T20:09:41.884493,2026-07-01T10:09:43.271463+00:00,82.3,40,ask,,,2118718
2026-07-01T20:09:42.930473,2026-07-01T10:09:44.316627+00:00,82.8,25,bid,,,2118735
2026-07-01T20:09:43.001025,2026-07-01T10:09:44.382628+00:00,82.8,100,bid,,,2118737
2026-07-01T20:09:43.992088,2026-07-01T10:09:45.372620+00:00,82.8,50,ask,,,2118776
2026-07-01T20:09:45.265026,2026-07-01T10:09:46.648234+00:00,83.1,5,bid,,,2118811
2026-07-01T20:09:45.265026,2026-07-01T10:09:46.648234+00:00,83.3,40,bid,,,2118812
2026-07-01T20:09:46.099509,2026-07-01T10:09:47.484236+00:00,82.8,50,ask,,,2118833
2026-07-01T20:09:46.232847,2026-07-01T10:09:47.616235+00:00,82.8,50,ask,,,2118835
2026-07-01T20:09:46.633752,2026-07-01T10:09:48.023235+00:00,82.7,4,bid,,,2118838
2026-07-01T20:09:47.954143,2026-07-01T10:09:49.342876+00:00,82.7,25,bid,,,2118873
2026-07-01T20:09:48.208333,2026-07-01T10:09:49.595877+00:00,82.4,10,ask,,,2118884
2026-07-01T20:09:48.208333,2026-07-01T10:09:49.595877+00:00,82.3,40,ask,,,2118885
2026-07-01T20:09:49.617679,2026-07-01T10:09:51.003995+00:00,82.5,43,ask,,,2118918
2026-07-01T20:09:50.144892,2026-07-01T10:09:51.531875+00:00,82.6,10,ask,,,2118941
2026-07-01T20:09:50.185788,2026-07-01T10:09:51.575876+00:00,82.6,49,bid,,,2118945
2026-07-01T20:09:50.266603,2026-07-01T10:09:51.652876+00:00,82.6,41,bid,,,2118960
2026-07-01T20:09:50.266603,2026-07-01T10:09:51.652876+00:00,83.0,9,bid,,,2118961
2026-07-01T20:09:52.375595,2026-07-01T10:09:53.763924+00:00,83.0,50,bid,,,2118999
2026-07-01T20:09:54.482104,2026-07-01T10:09:55.864923+00:00,82.9,50,bid,,,2119061
2026-07-01T20:09:55.462503,2026-07-01T10:09:56.842981+00:00,82.6,47,ask,,,2119083
2026-07-01T20:09:56.600826,2026-07-01T10:09:57.986980+00:00,82.9,4,bid,,,2119106
2026-07-01T20:09:56.641795,2026-07-01T10:09:58.030981+00:00,82.6,50,ask,,,2119107
2026-07-01T20:09:56.657882,2026-07-01T10:09:58.041982+00:00,82.9,44,bid,,,2119110
2026-07-01T20:09:57.807826,2026-07-01T10:09:59.195547+00:00,82.9,49,bid,,,2119136
2026-07-01T20:09:57.978168,2026-07-01T10:09:59.360547+00:00,82.9,25,bid,,,2119143
2026-07-01T20:09:58.750172,2026-07-01T10:10:00.141539+00:00,82.7,5,ask,,,2119154
2026-07-01T20:09:58.750172,2026-07-01T10:10:00.141539+00:00,82.7,10,ask,,,2119155
2026-07-01T20:09:58.750172,2026-07-01T10:10:00.141539+00:00,82.6,35,ask,,,2119156
2026-07-01T20:09:58.849865,2026-07-01T10:10:00.240538+00:00,83.1,100,bid,,,2119160
2026-07-01T20:10:00.716987,2026-07-01T10:10:02.099538+00:00,83.1,49,ask,,,2119219
2026-07-01T20:10:00.861436,2026-07-01T10:10:02.242539+00:00,83.1,1,ask,,,2119224
2026-07-01T20:10:00.861436,2026-07-01T10:10:02.242539+00:00,82.8,49,ask,,,2119225
2026-07-01T20:10:02.969194,2026-07-01T10:10:04.354006+00:00,82.7,50,ask,,,2119267
2026-07-01T20:10:02.998434,2026-07-01T10:10:04.387006+00:00,83.0,25,bid,,,2119273
2026-07-01T20:10:05.075763,2026-07-01T10:10:06.465800+00:00,82.7,50,ask,,,2119323
2026-07-01T20:10:05.972859,2026-07-01T10:10:07.356800+00:00,82.8,100,ask,,,2119345
2026-07-01T20:10:06.684591,2026-07-01T10:10:08.071801+00:00,83.3,47,bid,,,2119364
2026-07-01T20:10:07.182939,2026-07-01T10:10:08.566800+00:00,82.8,50,ask,,,2119378
2026-07-01T20:10:08.642792,2026-07-01T10:10:10.029802+00:00,82.7,43,bid,,,2119418
2026-07-01T20:10:09.081754,2026-07-01T10:10:10.469174+00:00,82.7,100,bid,,,2119431
2026-07-01T20:10:09.294437,2026-07-01T10:10:10.678174+00:00,82.6,1,ask,,,2119438
2026-07-01T20:10:09.294437,2026-07-01T10:10:10.678174+00:00,82.6,10,ask,,,2119439
2026-07-01T20:10:09.294437,2026-07-01T10:10:10.678174+00:00,82.2,39,ask,,,2119440
2026-07-01T20:10:09.800241,2026-07-01T10:10:11.184173+00:00,82.7,4,bid,,,2119456
2026-07-01T20:10:10.538433,2026-07-01T10:10:11.921174+00:00,82.2,44,ask,,,2119467
2026-07-01T20:10:11.548443,2026-07-01T10:10:12.944182+00:00,82.6,48,ask,,,2119491
2026-07-01T20:10:12.583426,2026-07-01T10:10:13.967279+00:00,83.1,47,bid,,,2119516
2026-07-01T20:10:13.024121,2026-07-01T10:10:14.407279+00:00,83.1,25,bid,,,2119532
2026-07-01T20:10:13.163482,2026-07-01T10:10:14.550279+00:00,83.1,4,bid,,,2119533
2026-07-01T20:10:13.512483,2026-07-01T10:10:14.902279+00:00,82.7,10,ask,,,2119539
2026-07-01T20:10:13.512483,2026-07-01T10:10:14.902279+00:00,82.6,40,ask,,,2119540
2026-07-01T20:10:14.679993,2026-07-01T10:10:16.068281+00:00,82.9,5,bid,,,2119557
2026-07-01T20:10:15.569601,2026-07-01T10:10:16.958833+00:00,82.9,5,bid,,,2119590
2026-07-01T20:10:15.569601,2026-07-01T10:10:16.958833+00:00,83.0,45,bid,,,2119591
2026-07-01T20:10:17.236575,2026-07-01T10:10:18.619854+00:00,83.0,46,bid,,,2119624
2026-07-01T20:10:17.680369,2026-07-01T10:10:19.059854+00:00,83.0,50,bid,,,2119630
2026-07-01T20:10:17.805020,2026-07-01T10:10:19.191855+00:00,82.7,10,ask,,,2119633
2026-07-01T20:10:17.805020,2026-07-01T10:10:19.191855+00:00,82.6,1,ask,,,2119634
2026-07-01T20:10:17.805020,2026-07-01T10:10:19.191855+00:00,82.6,36,ask,,,2119635
2026-07-01T20:10:17.832438,2026-07-01T10:10:19.213855+00:00,83.0,2,bid,,,2119640
2026-07-01T20:10:17.832438,2026-07-01T10:10:19.224855+00:00,83.1,100,bid,,,2119641
2026-07-01T20:10:19.597087,2026-07-01T10:10:20.984854+00:00,83.3,1,ask,,,2119690
2026-07-01T20:10:19.788412,2026-07-01T10:10:21.171854+00:00,83.5,50,bid,,,2119696
2026-07-01T20:10:21.903970,2026-07-01T10:10:23.283854+00:00,83.3,50,bid,,,2119758
2026-07-01T20:10:23.045169,2026-07-01T10:10:24.437902+00:00,83.3,25,bid,,,2119781
2026-07-01T20:10:24.063790,2026-07-01T10:10:25.444904+00:00,83.1,50,ask,,,2119797
2026-07-01T20:10:26.150987,2026-07-01T10:10:27.534023+00:00,83.4,50,bid,,,2119826
2026-07-01T20:10:28.060905,2026-07-01T10:10:29.448122+00:00,83.3,10,bid,,,2119877
2026-07-01T20:10:28.067093,2026-07-01T10:10:29.448122+00:00,83.4,2,bid,,,2119878
2026-07-01T20:10:28.257807,2026-07-01T10:10:29.646122+00:00,83.4,50,bid,,,2119881
2026-07-01T20:10:30.385794,2026-07-01T10:10:31.769113+00:00,83.4,50,bid,,,2119916
2026-07-01T20:10:30.626746,2026-07-01T10:10:32.011125+00:00,83.4,46,ask,,,2119928
2026-07-01T20:10:31.326219,2026-07-01T10:10:32.715124+00:00,83.4,2,ask,,,2119934
2026-07-01T20:10:31.620648,2026-07-01T10:10:33.001125+00:00,83.4,41,ask,,,2119939
2026-07-01T20:10:31.745512,2026-07-01T10:10:33.133124+00:00,83.4,2,ask,,,2119940
2026-07-01T20:10:31.774056,2026-07-01T10:10:33.166124+00:00,83.4,2,ask,,,2119941
2026-07-01T20:10:32.495227,2026-07-01T10:10:33.880718+00:00,83.6,50,bid,,,2119961
2026-07-01T20:10:33.076713,2026-07-01T10:10:34.463718+00:00,83.6,2,bid,,,2119970
2026-07-01T20:10:33.127298,2026-07-01T10:10:34.507717+00:00,83.6,48,bid,,,2119971
2026-07-01T20:10:34.285351,2026-07-01T10:10:35.673717+00:00,83.1,40,ask,,,2119994
2026-07-01T20:10:34.603985,2026-07-01T10:10:36.003718+00:00,83.4,1,bid,,,2120012
2026-07-01T20:10:34.603985,2026-07-01T10:10:36.003718+00:00,83.4,10,bid,,,2120013
2026-07-01T20:10:34.603985,2026-07-01T10:10:36.003718+00:00,83.6,39,bid,,,2120014
2026-07-01T20:10:36.716814,2026-07-01T10:10:38.104282+00:00,83.5,1,bid,,,2120086
2026-07-01T20:10:36.716814,2026-07-01T10:10:38.104282+00:00,83.6,49,bid,,,2120087
2026-07-01T20:10:37.438732,2026-07-01T10:10:38.818382+00:00,83.6,2,ask,,,2120110
2026-07-01T20:10:38.445033,2026-07-01T10:10:39.830393+00:00,83.6,3,ask,,,2120125
2026-07-01T20:10:38.554332,2026-07-01T10:10:39.940394+00:00,83.6,2,ask,,,2120135
2026-07-01T20:10:38.858597,2026-07-01T10:10:40.248394+00:00,83.9,50,bid,,,2120140
2026-07-01T20:10:41.016549,2026-07-01T10:10:42.404395+00:00,83.6,50,ask,,,2120200
2026-07-01T20:10:41.825959,2026-07-01T10:10:43.207393+00:00,84.0,10,bid,,,2120224
2026-07-01T20:10:41.883142,2026-07-01T10:10:43.262393+00:00,83.6,42,ask,,,2120226
2026-07-01T20:10:43.123267,2026-07-01T10:10:44.505394+00:00,83.6,50,ask,,,2120254
2026-07-01T20:10:43.222225,2026-07-01T10:10:44.604394+00:00,83.6,50,ask,,,2120256
2026-07-01T20:10:43.974865,2026-07-01T10:10:45.364410+00:00,83.6,43,bid,,,2120274
2026-07-01T20:10:45.178456,2026-07-01T10:10:46.563434+00:00,83.6,50,bid,,,2120297
2026-07-01T20:10:45.534911,2026-07-01T10:10:46.915433+00:00,83.6,7,bid,,,2120299
2026-07-01T20:10:45.534911,2026-07-01T10:10:46.926433+00:00,83.6,41,bid,,,2120300
2026-07-01T20:10:46.330837,2026-07-01T10:10:47.718433+00:00,83.6,59,bid,,,2120304
2026-07-01T20:10:46.330837,2026-07-01T10:10:47.718433+00:00,83.6,10,bid,,,2120305
2026-07-01T20:10:46.330837,2026-07-01T10:10:47.718433+00:00,83.7,2,bid,,,2120306
2026-07-01T20:10:46.459282,2026-07-01T10:10:47.839433+00:00,83.7,5,ask,,,2120315
2026-07-01T20:10:47.681823,2026-07-01T10:10:49.071540+00:00,83.7,40,ask,,,2120343
2026-07-01T20:10:48.251156,2026-07-01T10:10:49.632540+00:00,83.8,6,bid,,,2120349
2026-07-01T20:10:48.251156,2026-07-01T10:10:49.632540+00:00,83.8,10,bid,,,2120350
2026-07-01T20:10:49.165267,2026-07-01T10:10:50.545541+00:00,83.7,34,ask,,,2120385
2026-07-01T20:10:49.165267,2026-07-01T10:10:50.556541+00:00,83.5,1,ask,,,2120386
2026-07-01T20:10:49.165267,2026-07-01T10:10:50.556541+00:00,83.4,10,ask,,,2120387
2026-07-01T20:10:50.871342,2026-07-01T10:10:52.250540+00:00,83.6,46,bid,,,2120422
2026-07-01T20:10:50.926620,2026-07-01T10:10:52.316540+00:00,83.5,2,ask,,,2120423
2026-07-01T20:10:50.926620,2026-07-01T10:10:52.316540+00:00,83.5,10,ask,,,2120424
2026-07-01T20:10:50.926620,2026-07-01T10:10:52.316540+00:00,83.4,35,ask,,,2120425
2026-07-01T20:10:51.497267,2026-07-01T10:10:52.888540+00:00,83.6,50,bid,,,2120444
2026-07-01T20:10:52.294204,2026-07-01T10:10:53.680190+00:00,83.6,40,bid,,,2120454
2026-07-01T20:10:52.661145,2026-07-01T10:10:54.043190+00:00,83.8,1,bid,,,2120457
2026-07-01T20:10:52.827784,2026-07-01T10:10:54.208190+00:00,83.8,1,ask,,,2120461
2026-07-01T20:10:52.958870,2026-07-01T10:10:54.340190+00:00,83.8,1,ask,,,2120473
2026-07-01T20:10:53.627937,2026-07-01T10:10:55.011191+00:00,83.9,50,bid,,,2120493
2026-07-01T20:10:54.031932,2026-07-01T10:10:55.418190+00:00,83.8,35,ask,,,2120500
2026-07-01T20:10:54.121617,2026-07-01T10:10:55.517190+00:00,83.8,35,ask,,,2120504
2026-07-01T20:10:54.211777,2026-07-01T10:10:55.594190+00:00,83.8,35,ask,,,2120508
2026-07-01T20:10:54.305366,2026-07-01T10:10:55.693190+00:00,83.8,35,ask,,,2120519
2026-07-01T20:10:54.309539,2026-07-01T10:10:55.693190+00:00,83.8,7,ask,,,2120520
2026-07-01T20:10:54.909152,2026-07-01T10:10:56.297732+00:00,83.5,2,ask,,,2120532
2026-07-01T20:10:54.909152,2026-07-01T10:10:56.297732+00:00,83.4,38,ask,,,2120533
2026-07-01T20:10:55.735634,2026-07-01T10:10:57.122732+00:00,83.8,4,bid,,,2120549
2026-07-01T20:10:55.735634,2026-07-01T10:10:57.122732+00:00,83.9,46,bid,,,2120550
2026-07-01T20:10:56.452811,2026-07-01T10:10:57.848731+00:00,83.5,2,ask,,,2120561
2026-07-01T20:10:57.456240,2026-07-01T10:10:58.838381+00:00,83.7,40,bid,,,2120600
2026-07-01T20:10:57.870685,2026-07-01T10:10:59.256381+00:00,83.7,50,bid,,,2120608
2026-07-01T20:10:58.111959,2026-07-01T10:10:59.498381+00:00,83.7,42,bid,,,2120610
2026-07-01T20:10:58.141696,2026-07-01T10:10:59.531380+00:00,83.7,2,bid,,,2120611
2026-07-01T20:10:58.267329,2026-07-01T10:10:59.652381+00:00,83.6,100,ask,,,2120618
2026-07-01T20:10:59.980920,2026-07-01T10:11:01.368381+00:00,83.6,50,bid,,,2120650
2026-07-01T20:11:02.108638,2026-07-01T10:11:03.504381+00:00,83.6,50,bid,,,2120705
2026-07-01T20:11:03.907703,2026-07-01T10:11:05.297389+00:00,83.5,44,ask,,,2120744
2026-07-01T20:11:04.216428,2026-07-01T10:11:05.605380+00:00,83.7,10,bid,,,2120750
2026-07-01T20:11:04.216428,2026-07-01T10:11:05.605380+00:00,83.8,1,bid,,,2120751
2026-07-01T20:11:04.216428,2026-07-01T10:11:05.605380+00:00,83.9,39,bid,,,2120752
2026-07-01T20:11:05.010013,2026-07-01T10:11:06.396938+00:00,83.5,49,ask,,,2120775
2026-07-01T20:11:06.391323,2026-07-01T10:11:07.771472+00:00,83.4,50,ask,,,2120811
2026-07-01T20:11:07.624396,2026-07-01T10:11:09.013742+00:00,83.6,44,bid,,,2120846
2026-07-01T20:11:08.446460,2026-07-01T10:11:09.828734+00:00,83.9,50,bid,,,2120855
2026-07-01T20:11:10.553088,2026-07-01T10:11:11.940734+00:00,83.8,50,bid,,,2120910
2026-07-01T20:11:12.710376,2026-07-01T10:11:14.096403+00:00,83.5,50,ask,,,2120964
2026-07-01T20:11:14.118783,2026-07-01T10:11:15.504401+00:00,83.5,35,ask,,,2120994
2026-07-01T20:11:14.149958,2026-07-01T10:11:15.537402+00:00,83.5,41,ask,,,2120995
2026-07-01T20:11:14.210176,2026-07-01T10:11:15.591921+00:00,83.5,24,ask,,,2120998
2026-07-01T20:11:14.210176,2026-07-01T10:11:15.591921+00:00,83.5,1,ask,,,2120999
2026-07-01T20:11:14.649155,2026-07-01T10:11:16.031919+00:00,83.7,10,bid,,,2121014
2026-07-01T20:11:14.649155,2026-07-01T10:11:16.031919+00:00,83.8,2,bid,,,2121015
2026-07-01T20:11:14.649155,2026-07-01T10:11:16.042919+00:00,83.9,37,bid,,,2121016
2026-07-01T20:11:14.868953,2026-07-01T10:11:16.251464+00:00,83.5,2,ask,,,2121021
2026-07-01T20:11:14.868953,2026-07-01T10:11:16.251464+00:00,83.4,100,ask,,,2121022
2026-07-01T20:11:15.359186,2026-07-01T10:11:16.746464+00:00,83.3,48,bid,,,2121033
2026-07-01T20:11:16.871166,2026-07-01T10:11:18.253465+00:00,83.8,50,bid,,,2121075
2026-07-01T20:11:17.653718,2026-07-01T10:11:19.045565+00:00,83.3,40,ask,,,2121083
2026-07-01T20:11:18.172183,2026-07-01T10:11:19.562563+00:00,83.5,25,ask,,,2121099
2026-07-01T20:11:18.566076,2026-07-01T10:11:19.947564+00:00,83.7,10,bid,,,2121105
2026-07-01T20:11:18.566076,2026-07-01T10:11:19.958566+00:00,83.8,32,bid,,,2121106
2026-07-01T20:11:18.979424,2026-07-01T10:11:20.363564+00:00,83.7,10,bid,,,2121114
2026-07-01T20:11:18.979424,2026-07-01T10:11:20.363564+00:00,83.8,5,bid,,,2121115
2026-07-01T20:11:18.979424,2026-07-01T10:11:20.374565+00:00,83.8,35,bid,,,2121116
2026-07-01T20:11:20.600382,2026-07-01T10:11:21.984564+00:00,83.5,44,ask,,,2121146
2026-07-01T20:11:20.647448,2026-07-01T10:11:22.028563+00:00,83.5,81,ask,,,2121149
2026-07-01T20:11:20.647448,2026-07-01T10:11:22.039564+00:00,83.5,1,ask,,,2121150
2026-07-01T20:11:21.142861,2026-07-01T10:11:22.523563+00:00,83.5,1,ask,,,2121154
2026-07-01T20:11:21.142861,2026-07-01T10:11:22.534563+00:00,83.3,49,ask,,,2121155
2026-07-01T20:11:21.193181,2026-07-01T10:11:22.578563+00:00,83.3,51,ask,,,2121159
2026-07-01T20:11:21.934344,2026-07-01T10:11:23.314624+00:00,83.2,99,bid,,,2121184
2026-07-01T20:11:22.528920,2026-07-01T10:11:23.919626+00:00,83.5,1,bid,,,2121190
2026-07-01T20:11:22.580825,2026-07-01T10:11:23.963625+00:00,83.5,1,bid,,,2121192
2026-07-01T20:11:23.253638,2026-07-01T10:11:24.634625+00:00,83.1,10,ask,,,2121210
2026-07-01T20:11:23.253638,2026-07-01T10:11:24.634625+00:00,83.0,40,ask,,,2121211
2026-07-01T20:11:25.310171,2026-07-01T10:11:26.694625+00:00,83.3,50,bid,,,2121252
2026-07-01T20:11:27.420138,2026-07-01T10:11:28.811891+00:00,83.3,50,bid,,,2121288
2026-07-01T20:11:28.434995,2026-07-01T10:11:29.816893+00:00,83.4,12,ask,,,2121299
2026-07-01T20:11:28.512088,2026-07-01T10:11:29.904891+00:00,83.2,44,ask,,,2121305
2026-07-01T20:11:29.527293,2026-07-01T10:11:30.909907+00:00,83.5,50,bid,,,2121316
2026-07-01T20:11:29.855717,2026-07-01T10:11:31.239905+00:00,83.2,106,ask,,,2121323
2026-07-01T20:11:30.695198,2026-07-01T10:11:32.076905+00:00,83.0,100,ask,,,2121336
2026-07-01T20:11:31.211674,2026-07-01T10:11:32.593906+00:00,82.9,35,bid,,,2121348
2026-07-01T20:11:31.309784,2026-07-01T10:11:32.692907+00:00,82.9,15,bid,,,2121352
2026-07-01T20:11:31.632848,2026-07-01T10:11:33.022919+00:00,83.3,50,bid,,,2121356
2026-07-01T20:11:34.087378,2026-07-01T10:11:35.472919+00:00,83.3,41,bid,,,2121395
2026-07-01T20:11:34.512829,2026-07-01T10:11:35.901919+00:00,83.2,4,ask,,,2121400
2026-07-01T20:11:34.642699,2026-07-01T10:11:36.110470+00:00,83.2,4,ask,,,2121404
2026-07-01T20:11:35.189376,2026-07-01T10:11:36.936469+00:00,83.0,35,ask,,,2121419
2026-07-01T20:11:35.277937,2026-07-01T10:11:36.936469+00:00,83.0,15,ask,,,2121423
2026-07-01T20:11:35.529782,2026-07-01T10:11:36.947470+00:00,83.2,3,ask,,,2121431
2026-07-01T20:11:35.911702,2026-07-01T10:11:37.301471+00:00,83.0,50,ask,,,2121438
2026-07-01T20:11:37.023205,2026-07-01T10:11:38.439009+00:00,83.0,100,ask,,,2121452
2026-07-01T20:11:37.535336,2026-07-01T10:11:38.945009+00:00,83.0,2,bid,,,2121458
2026-07-01T20:11:37.661338,2026-07-01T10:11:39.077009+00:00,83.0,2,bid,,,2121466
2026-07-01T20:11:37.735953,2026-07-01T10:11:39.154009+00:00,83.0,2,bid,,,2121468
2026-07-01T20:11:37.788183,2026-07-01T10:11:39.198010+00:00,83.0,2,bid,,,2121471
2026-07-01T20:11:38.018559,2026-07-01T10:11:39.429009+00:00,82.6,50,ask,,,2121474
2026-07-01T20:11:39.563073,2026-07-01T10:11:40.947009+00:00,83.0,42,bid,,,2121509
2026-07-01T20:11:39.563073,2026-07-01T10:11:40.947009+00:00,83.1,7,bid,,,2121510
2026-07-01T20:11:40.076378,2026-07-01T10:11:41.464010+00:00,83.1,50,bid,,,2121523
2026-07-01T20:11:40.133343,2026-07-01T10:11:41.519009+00:00,83.1,43,bid,,,2121524
2026-07-01T20:11:40.251040,2026-07-01T10:11:41.640009+00:00,83.1,40,ask,,,2121525
2026-07-01T20:11:40.815216,2026-07-01T10:11:42.201009+00:00,83.5,1,bid,,,2121538
2026-07-01T20:11:42.236153,2026-07-01T10:11:43.619559+00:00,83.1,50,ask,,,2121560
2026-07-01T20:11:42.876325,2026-07-01T10:11:44.257571+00:00,83.4,47,bid,,,2121580
2026-07-01T20:11:43.460510,2026-07-01T10:11:44.853571+00:00,82.9,40,ask,,,2121599
2026-07-01T20:11:43.954522,2026-07-01T10:11:45.337571+00:00,83.2,41,bid,,,2121607
2026-07-01T20:11:44.009382,2026-07-01T10:11:45.392570+00:00,82.9,44,ask,,,2121608
2026-07-01T20:11:44.342815,2026-07-01T10:11:45.733571+00:00,82.9,50,ask,,,2121621
2026-07-01T20:11:44.936415,2026-07-01T10:11:46.326640+00:00,82.9,6,ask,,,2121628
2026-07-01T20:11:44.936415,2026-07-01T10:11:46.326640+00:00,82.7,36,ask,,,2121629
2026-07-01T20:11:46.035134,2026-07-01T10:11:47.415640+00:00,83.2,43,bid,,,2121654
2026-07-01T20:11:47.649403,2026-07-01T10:11:49.032157+00:00,83.2,47,bid,,,2121682
2026-07-01T20:11:49.310714,2026-07-01T10:11:50.699158+00:00,82.9,46,ask,,,2121720
2026-07-01T20:11:50.279110,2026-07-01T10:11:51.695158+00:00,83.0,42,ask,,,2121746
2026-07-01T20:11:50.663165,2026-07-01T10:11:52.049159+00:00,83.0,50,ask,,,2121756
2026-07-01T20:11:50.745133,2026-07-01T10:11:52.137158+00:00,83.3,3,bid,,,2121761
2026-07-01T20:11:50.745133,2026-07-01T10:11:52.137158+00:00,83.5,37,bid,,,2121762
2026-07-01T20:11:51.731784,2026-07-01T10:11:53.408797+00:00,83.5,47,bid,,,2121788
2026-07-01T20:11:52.790074,2026-07-01T10:11:54.648795+00:00,83.0,50,ask,,,2121808
2026-07-01T20:11:53.589492,2026-07-01T10:11:54.978795+00:00,82.7,41,ask,,,2121826
2026-07-01T20:11:54.572307,2026-07-01T10:11:56.013797+00:00,83.1,40,bid,,,2121850
2026-07-01T20:11:56.264451,2026-07-01T10:11:57.711736+00:00,82.6,46,ask,,,2121878
2026-07-01T20:11:57.028299,2026-07-01T10:11:58.425482+00:00,82.6,50,ask,,,2121891
2026-07-01T20:11:59.136699,2026-07-01T10:12:00.559382+00:00,82.5,50,ask,,,2121949
2026-07-01T20:11:59.251040,2026-07-01T10:12:00.647381+00:00,82.7,35,bid,,,2121951
2026-07-01T20:11:59.342493,2026-07-01T10:12:00.724383+00:00,82.7,35,bid,,,2121953
2026-07-01T20:11:59.431757,2026-07-01T10:12:00.823158+00:00,82.7,35,bid,,,2121955
2026-07-01T20:11:59.522750,2026-07-01T10:12:00.910691+00:00,82.7,35,bid,,,2121957
2026-07-01T20:11:59.613178,2026-07-01T10:12:01.020690+00:00,82.7,10,bid,,,2121965
2026-07-01T20:12:01.248947,2026-07-01T10:12:02.649151+00:00,82.4,10,ask,,,2122016
2026-07-01T20:12:01.248947,2026-07-01T10:12:02.649151+00:00,82.3,40,ask,,,2122017
2026-07-01T20:12:01.449918,2026-07-01T10:12:02.830152+00:00,82.8,40,bid,,,2122022
2026-07-01T20:12:02.110646,2026-07-01T10:12:03.496227+00:00,82.8,45,bid,,,2122037
2026-07-01T20:12:02.165345,2026-07-01T10:12:03.550693+00:00,82.4,10,ask,,,2122038
2026-07-01T20:12:02.165345,2026-07-01T10:12:03.550693+00:00,82.3,35,ask,,,2122039
2026-07-01T20:12:02.290504,2026-07-01T10:12:03.681507+00:00,82.8,15,bid,,,2122042
2026-07-01T20:12:03.047750,2026-07-01T10:12:04.437034+00:00,82.8,100,ask,,,2122062
2026-07-01T20:12:03.357507,2026-07-01T10:12:04.742375+00:00,82.8,35,ask,,,2122072
2026-07-01T20:12:03.357507,2026-07-01T10:12:04.742375+00:00,82.3,15,ask,,,2122073
2026-07-01T20:12:04.393129,2026-07-01T10:12:05.781487+00:00,82.3,43,ask,,,2122094
2026-07-01T20:12:05.466150,2026-07-01T10:12:06.848695+00:00,82.3,42,ask,,,2122122
2026-07-01T20:12:05.466150,2026-07-01T10:12:06.848695+00:00,82.2,8,ask,,,2122123
2026-07-01T20:12:05.554151,2026-07-01T10:12:06.936708+00:00,82.7,35,bid,,,2122125
2026-07-01T20:12:05.643443,2026-07-01T10:12:07.024706+00:00,82.7,15,bid,,,2122128
2026-07-01T20:12:07.581475,2026-07-01T10:12:08.973562+00:00,82.4,10,ask,,,2122171
2026-07-01T20:12:07.581475,2026-07-01T10:12:08.973562+00:00,82.3,40,ask,,,2122172
2026-07-01T20:12:07.917459,2026-07-01T10:12:09.303564+00:00,82.7,100,bid,,,2122181
2026-07-01T20:12:08.236540,2026-07-01T10:12:09.622051+00:00,82.8,25,bid,,,2122193
2026-07-01T20:12:08.615937,2026-07-01T10:12:10.006327+00:00,82.8,75,bid,,,2122197
2026-07-01T20:12:08.615937,2026-07-01T10:12:10.006327+00:00,82.9,7,bid,,,2122198
2026-07-01T20:12:08.649805,2026-07-01T10:12:10.039327+00:00,82.9,7,ask,,,2122199
2026-07-01T20:12:09.545857,2026-07-01T10:12:10.929116+00:00,83.0,43,bid,,,2122216
2026-07-01T20:12:09.599036,2026-07-01T10:12:10.984116+00:00,82.9,40,ask,,,2122218
2026-07-01T20:12:09.690858,2026-07-01T10:12:11.083116+00:00,82.9,21,ask,,,2122220
2026-07-01T20:12:09.690858,2026-07-01T10:12:11.083116+00:00,82.5,29,ask,,,2122221
2026-07-01T20:12:10.075637,2026-07-01T10:12:11.457116+00:00,83.0,49,bid,,,2122227
2026-07-01T20:12:11.801324,2026-07-01T10:12:13.190431+00:00,82.5,50,ask,,,2122285
2026-07-01T20:12:11.839251,2026-07-01T10:12:13.223430+00:00,82.6,71,bid,,,2122286
2026-07-01T20:12:12.479824,2026-07-01T10:12:13.869397+00:00,82.6,79,bid,,,2122300
2026-07-01T20:12:13.368061,2026-07-01T10:12:14.753221+00:00,82.7,21,ask,,,2122335
2026-07-01T20:12:13.368061,2026-07-01T10:12:14.753221+00:00,82.1,21,ask,,,2122336
2026-07-01T20:12:13.856931,2026-07-01T10:12:15.247204+00:00,83.0,1,bid,,,2122344
2026-07-01T20:12:15.963578,2026-07-01T10:12:17.349603+00:00,82.9,50,bid,,,2122398
2026-07-01T20:12:17.871865,2026-07-01T10:12:19.253004+00:00,82.7,46,ask,,,2122454
2026-07-01T20:12:20.064334,2026-07-01T10:12:21.453065+00:00,83.0,42,bid,,,2122494
2026-07-01T20:12:20.179066,2026-07-01T10:12:21.563065+00:00,83.0,50,bid,,,2122496
2026-07-01T20:12:22.335780,2026-07-01T10:12:23.725765+00:00,82.9,50,ask,,,2122533
2026-07-01T20:12:23.313732,2026-07-01T10:12:24.703741+00:00,82.9,40,ask,,,2122561
2026-07-01T20:12:24.391236,2026-07-01T10:12:25.784025+00:00,83.4,50,bid,,,2122597
2026-07-01T20:12:26.497153,2026-07-01T10:12:27.878838+00:00,83.2,50,bid,,,2122645
2026-07-01T20:12:28.606989,2026-07-01T10:12:29.989450+00:00,83.4,50,bid,,,2122690
2026-07-01T20:12:29.240961,2026-07-01T10:12:30.626670+00:00,83.4,49,bid,,,2122718
2026-07-01T20:12:29.816941,2026-07-01T10:12:31.204708+00:00,83.4,47,bid,,,2122727
2026-07-01T20:12:30.716443,2026-07-01T10:12:32.098587+00:00,83.5,50,bid,,,2122749
2026-07-01T20:12:30.838821,2026-07-01T10:12:32.271587+00:00,83.3,35,ask,,,2122751
2026-07-01T20:12:30.928863,2026-07-01T10:12:32.311587+00:00,83.3,35,ask,,,2122753
