timestamp,recv_time,price,volume,aggressor_side,buyer,seller,trade_id
2026-07-06T06:00:01.417799,2026-07-06T06:00:01.429555+00:00,160.2,46,ask,EarnestEspressos,CostlyCorianders,9192374
2026-07-06T06:00:02.067723,2026-07-06T06:00:02.058092+00:00,160.6,50,bid,FlawlessFlatbreads,DiligentDonuts,9192387
2026-07-06T06:00:02.952836,2026-07-06T06:00:02.964551+00:00,160.6,45,bid,CostlyCorianders,DiligentDonuts,9192395
2026-07-06T06:00:04.225622,2026-07-06T06:00:04.233173+00:00,160.1,50,ask,DiligentDonuts,FlawlessFlatbreads,9192413
2026-07-06T06:00:05.061428,2026-07-06T06:00:05.068962+00:00,160.6,42,bid,CostlyCorianders,DiligentDonuts,9192423
2026-07-06T06:00:06.116179,2026-07-06T06:00:06.128118+00:00,160.2,44,ask,DiligentDonuts,CostlyCorianders,9192436
2026-07-06T06:00:06.333059,2026-07-06T06:00:06.343945+00:00,160.2,50,ask,DiligentDonuts,FlawlessFlatbreads,9192442
2026-07-06T06:00:07.929717,2026-07-06T06:00:07.941494+00:00,160.2,6,ask,DiligentDonuts,CostlyCorianders,9192458
2026-07-06T06:00:10.511802,2026-07-06T06:00:10.523754+00:00,160.6,50,bid,FlawlessFlatbreads,DiligentDonuts,9192495
2026-07-06T06:00:11.651453,2026-07-06T06:00:11.658551+00:00,160.6,41,bid,CostlyCorianders,DiligentDonuts,9192512
2026-07-06T06:00:12.213266,2026-07-06T06:00:12.221888+00:00,160.8,45,bid,CostlyCorianders,EarnestEspressos,9192517
2026-07-06T06:00:12.676296,2026-07-06T06:00:12.687869+00:00,160.4,50,ask,DiligentDonuts,FlawlessFlatbreads,9192523
2026-07-06T06:00:13.773754,2026-07-06T06:00:13.785615+00:00,160.4,42,ask,DiligentDonuts,CostlyCorianders,9192535
2026-07-06T06:00:14.798469,2026-07-06T06:00:14.810064+00:00,160.4,8,ask,DiligentDonuts,FlawlessFlatbreads,9192542
2026-07-06T06:00:14.798469,2026-07-06T06:00:14.810064+00:00,160.4,42,ask,EarnestEspressos,FlawlessFlatbreads,9192543
2026-07-06T06:00:16.602666,2026-07-06T06:00:16.614254+00:00,160.3,43,ask,EarnestEspressos,CostlyCorianders,9192567
2026-07-06T06:00:16.906784,2026-07-06T06:00:16.918686+00:00,160.3,50,ask,EarnestEspressos,FlawlessFlatbreads,9192569
2026-07-06T06:00:18.844621,2026-07-06T06:00:18.858597+00:00,160.5,44,bid,CostlyCorianders,DiligentDonuts,9192602
2026-07-06T06:00:19.022850,2026-07-06T06:00:19.032296+00:00,160.3,50,ask,EarnestEspressos,FlawlessFlatbreads,9192607
2026-07-06T06:00:19.686379,2026-07-06T06:00:19.696082+00:00,160.3,14,bid,Xuanyu Liu,EarnestEspressos,9192613
2026-07-06T06:00:20.568267,2026-07-06T06:00:20.579710+00:00,160.3,41,bid,CostlyCorianders,EarnestEspressos,9192627
2026-07-06T06:00:21.128494,2026-07-06T06:00:21.140154+00:00,160.0,50,ask,DiligentDonuts,FlawlessFlatbreads,9192635
2026-07-06T06:00:21.998017,2026-07-06T06:00:22.007186+00:00,160.3,23,bid,Xuanyu Liu,EarnestEspressos,9192643
2026-07-06T06:00:23.109723,2026-07-06T06:00:23.113844+00:00,160.3,42,ask,EarnestEspressos,CostlyCorianders,9192657
2026-07-06T06:00:23.265100,2026-07-06T06:00:23.276800+00:00,160.3,50,ask,EarnestEspressos,FlawlessFlatbreads,9192660
2026-07-06T06:00:25.373198,2026-07-06T06:00:25.384853+00:00,160.6,50,ask,DiligentDonuts,FlawlessFlatbreads,9192689
2026-07-06T06:00:27.503548,2026-07-06T06:00:27.512529+00:00,160.6,50,ask,DiligentDonuts,FlawlessFlatbreads,9192710
2026-07-06T06:00:29.610471,2026-07-06T06:00:29.620740+00:00,160.3,50,ask,DiligentDonuts,FlawlessFlatbreads,9192746
2026-07-06T06:00:30.669012,2026-07-06T06:00:30.680635+00:00,160.7,48,bid,CostlyCorianders,EarnestEspressos,9192759
2026-07-06T06:00:31.723121,2026-07-06T06:00:31.734698+00:00,160.2,50,ask,EarnestEspressos,FlawlessFlatbreads,9192772
2026-07-06T06:00:32.767797,2026-07-06T06:00:32.779198+00:00,160.6,45,bid,CostlyCorianders,DiligentDonuts,9192789
2026-07-06T06:00:33.829526,2026-07-06T06:00:33.841319+00:00,160.2,50,ask,EarnestEspressos,FlawlessFlatbreads,9192802
2026-07-06T06:00:35.969115,2026-07-06T06:00:35.980698+00:00,160.0,50,ask,DiligentDonuts,FlawlessFlatbreads,9192828
2026-07-06T06:00:36.706330,2026-07-06T06:00:36.718254+00:00,160.0,42,ask,DiligentDonuts,CostlyCorianders,9192837
2026-07-06T06:00:38.076600,2026-07-06T06:00:38.088132+00:00,160.0,50,ask,EarnestEspressos,FlawlessFlatbreads,9192857
2026-07-06T06:00:38.682189,2026-07-06T06:00:38.690789+00:00,160.3,23,bid,Xuanyu Liu,EarnestEspressos,9192866
2026-07-06T06:00:39.465649,2026-07-06T06:00:39.476329+00:00,160.3,48,bid,CostlyCorianders,EarnestEspressos,9192884
2026-07-06T06:00:40.092370,2026-07-06T06:00:40.101562+00:00,160.3,34,bid,Xuanyu Liu,EarnestEspressos,9192892
2026-07-06T06:00:40.159810,2026-07-06T06:00:40.168135+00:00,160.3,45,bid,FlawlessFlatbreads,EarnestEspressos,9192894
2026-07-06T06:00:40.159810,2026-07-06T06:00:40.168135+00:00,160.5,5,bid,FlawlessFlatbreads,DiligentDonuts,9192895
2026-07-06T06:00:40.459184,2026-07-06T06:00:40.470847+00:00,160.5,48,bid,CostlyCorianders,DiligentDonuts,9192900
2026-07-06T06:00:41.402085,2026-07-06T06:00:41.411611+00:00,160.5,11,ask,DiligentDonuts,Xuanyu Liu,9192910
2026-07-06T06:00:41.788892,2026-07-06T06:00:41.797928+00:00,160.6,12,ask,EarnestEspressos,Xuanyu Liu,9192917
2026-07-06T06:00:42.318081,2026-07-06T06:00:42.329919+00:00,160.6,50,ask,EarnestEspressos,FlawlessFlatbreads,9192923
2026-07-06T06:00:42.720610,2026-07-06T06:00:42.729021+00:00,160.6,11,ask,EarnestEspressos,Xuanyu Liu,9192936
2026-07-06T06:00:44.426925,2026-07-06T06:00:44.438292+00:00,160.6,50,ask,EarnestEspressos,FlawlessFlatbreads,9192960
2026-07-06T06:00:45.811663,2026-07-06T06:00:45.823239+00:00,160.3,40,ask,DiligentDonuts,CostlyCorianders,9192969
2026-07-06T06:00:46.481230,2026-07-06T06:00:46.492885+00:00,160.6,50,bid,FlawlessFlatbreads,EarnestEspressos,9192980
2026-07-06T06:00:48.589428,2026-07-06T06:00:48.601481+00:00,160.8,50,bid,FlawlessFlatbreads,DiligentDonuts,9193010
2026-07-06T06:00:49.783513,2026-07-06T06:00:49.790095+00:00,160.3,41,ask,DiligentDonuts,CostlyCorianders,9193022
2026-07-06T06:00:50.697369,2026-07-06T06:00:50.709096+00:00,160.7,50,bid,FlawlessFlatbreads,DiligentDonuts,9193044
2026-07-06T06:00:52.705170,2026-07-06T06:00:52.717239+00:00,160.7,46,bid,CostlyCorianders,DiligentDonuts,9193067
2026-07-06T06:00:53.674093,2026-07-06T06:00:53.685998+00:00,160.4,48,ask,DiligentDonuts,CostlyCorianders,9193084
2026-07-06T06:00:54.986666,2026-07-06T06:00:54.998414+00:00,160.4,50,ask,DiligentDonuts,FlawlessFlatbreads,9193094
2026-07-06T06:00:55.220231,2026-07-06T06:00:55.231970+00:00,160.7,49,bid,CostlyCorianders,EarnestEspressos,9193097
2026-07-06T06:00:55.293961,2026-07-06T06:00:55.301831+00:00,160.4,2,ask,DiligentDonuts,CostlyCorianders,9193099
2026-07-06T06:00:55.293961,2026-07-06T06:00:55.307049+00:00,160.2,38,ask,EarnestEspressos,CostlyCorianders,9193100
2026-07-06T06:00:59.145874,2026-07-06T06:00:59.152610+00:00,160.7,50,bid,FlawlessFlatbreads,DiligentDonuts,9193138
2026-07-06T06:01:00.785517,2026-07-06T06:01:00.797039+00:00,160.3,41,ask,DiligentDonuts,CostlyCorianders,9193163
2026-07-06T06:01:01.303818,2026-07-06T06:01:01.315688+00:00,160.3,50,ask,DiligentDonuts,FlawlessFlatbreads,9193168
2026-07-06T06:01:01.356899,2026-07-06T06:01:01.363649+00:00,160.3,9,ask,DiligentDonuts,CostlyCorianders,9193169
2026-07-06T06:01:03.359626,2026-07-06T06:01:03.371255+00:00,160.4,50,bid,FlawlessFlatbreads,DiligentDonuts,9193201
2026-07-06T06:01:05.470002,2026-07-06T06:01:05.478990+00:00,160.4,50,bid,FlawlessFlatbreads,DiligentDonuts,9193233
2026-07-06T06:01:06.213667,2026-07-06T06:01:06.224522+00:00,160.6,41,bid,Kaleb Liu,EarnestEspressos,9193244
2026-07-06T06:01:06.578988,2026-07-06T06:01:06.585808+00:00,160.6,42,bid,CostlyCorianders,EarnestEspressos,9193253
2026-07-06T06:01:07.103260,2026-07-06T06:01:07.112635+00:00,160.5,11,ask,EarnestEspressos,Xuanyu Liu,9193265
2026-07-06T06:01:07.228412,2026-07-06T06:01:07.239539+00:00,160.5,11,ask,EarnestEspressos,Kaleb Liu,9193272
2026-07-06T06:01:07.631033,2026-07-06T06:01:07.639016+00:00,160.5,50,ask,EarnestEspressos,FlawlessFlatbreads,9193279
2026-07-06T06:01:08.014166,2026-07-06T06:01:08.024372+00:00,160.5,12,ask,EarnestEspressos,Xuanyu Liu,9193286
2026-07-06T06:01:08.076639,2026-07-06T06:01:08.088256+00:00,160.5,40,ask,EarnestEspressos,CostlyCorianders,9193289
2026-07-06T06:01:08.242914,2026-07-06T06:01:08.254435+00:00,160.5,4,ask,EarnestEspressos,Kaleb Liu,9193292
2026-07-06T06:01:09.015674,2026-07-06T06:01:09.025693+00:00,160.5,22,ask,EarnestEspressos,CostlyCorianders,9193299
2026-07-06T06:01:09.255578,2026-07-06T06:01:09.258568+00:00,160.0,5,ask,DiligentDonuts,Kaleb Liu,9193304
2026-07-06T06:01:10.318559,2026-07-06T06:01:10.330225+00:00,160.3,12,bid,Xuanyu Liu,EarnestEspressos,9193317
2026-07-06T06:01:11.791896,2026-07-06T06:01:11.803824+00:00,160.3,50,bid,FlawlessFlatbreads,EarnestEspressos,9193338
2026-07-06T06:01:13.900317,2026-07-06T06:01:13.912247+00:00,160.4,50,bid,FlawlessFlatbreads,DiligentDonuts,9193368
2026-07-06T06:01:18.111860,2026-07-06T06:01:18.114336+00:00,160.4,50,bid,FlawlessFlatbreads,EarnestEspressos,9193426
2026-07-06T06:01:18.325195,2026-07-06T06:01:18.340660+00:00,160.1,6,ask,DiligentDonuts,Kaleb Liu,9193429
2026-07-06T06:01:20.217203,2026-07-06T06:01:20.225468+00:00,160.6,50,bid,FlawlessFlatbreads,DiligentDonuts,9193451
2026-07-06T06:01:22.270311,2026-07-06T06:01:22.282146+00:00,160.6,40,bid,CostlyCorianders,EarnestEspressos,9193474
2026-07-06T06:01:22.374430,2026-07-06T06:01:22.386211+00:00,160.2,50,ask,DiligentDonuts,FlawlessFlatbreads,9193475
2026-07-06T06:01:22.832039,2026-07-06T06:01:22.843715+00:00,160.6,48,bid,CostlyCorianders,EarnestEspressos,9193483
2026-07-06T06:01:22.907559,2026-07-06T06:01:22.917610+00:00,160.4,12,ask,EarnestEspressos,Xuanyu Liu,9193484
2026-07-06T06:01:23.837499,2026-07-06T06:01:23.845728+00:00,160.4,11,ask,EarnestEspressos,Xuanyu Liu,9193502
2026-07-06T06:01:24.484897,2026-07-06T06:01:24.492756+00:00,160.4,50,ask,EarnestEspressos,FlawlessFlatbreads,9193507
2026-07-06T06:01:25.498968,2026-07-06T06:01:25.510517+00:00,160.4,41,ask,EarnestEspressos,CostlyCorianders,9193527
2026-07-06T06:01:26.191070,2026-07-06T06:01:26.202722+00:00,160.0,41,ask,DiligentDonuts,CostlyCorianders,9193539
2026-07-06T06:01:26.590828,2026-07-06T06:01:26.602636+00:00,160.0,50,ask,DiligentDonuts,FlawlessFlatbreads,9193543
2026-07-06T06:01:28.095341,2026-07-06T06:01:28.105980+00:00,160.2,11,bid,Xuanyu Liu,DiligentDonuts,9193572
2026-07-06T06:01:28.240620,2026-07-06T06:01:28.249757+00:00,160.0,47,ask,EarnestEspressos,CostlyCorianders,9193577
2026-07-06T06:01:28.855213,2026-07-06T06:01:28.858560+00:00,160.0,49,ask,EarnestEspressos,CostlyCorianders,9193587
2026-07-06T06:01:31.275124,2026-07-06T06:01:31.283695+00:00,160.0,23,bid,Xuanyu Liu,DiligentDonuts,9193612
2026-07-06T06:01:34.989327,2026-07-06T06:01:35.001242+00:00,160.0,50,bid,FlawlessFlatbreads,DiligentDonuts,9193656
2026-07-06T06:01:37.099572,2026-07-06T06:01:37.109881+00:00,160.0,50,bid,FlawlessFlatbreads,DiligentDonuts,9193674
2026-07-06T06:01:37.338746,2026-07-06T06:01:37.350578+00:00,160.0,49,bid,CostlyCorianders,EarnestEspressos,9193678
2026-07-06T06:01:37.517602,2026-07-06T06:01:37.529428+00:00,160.0,100,bid,DiligentDonuts,EarnestEspressos,9193682
2026-07-06T06:01:38.719109,2026-07-06T06:01:38.728004+00:00,160.1,23,ask,EarnestEspressos,Xuanyu Liu,9193695
2026-07-06T06:01:39.207909,2026-07-06T06:01:39.219910+00:00,160.5,50,bid,FlawlessFlatbreads,DiligentDonuts,9193704
2026-07-06T06:01:41.338583,2026-07-06T06:01:41.347401+00:00,160.4,50,bid,FlawlessFlatbreads,DiligentDonuts,9193732
2026-07-06T06:01:41.955966,2026-07-06T06:01:41.958588+00:00,160.2,44,ask,EarnestEspressos,CostlyCorianders,9193741
2026-07-06T06:01:42.429895,2026-07-06T06:01:42.439271+00:00,160.4,44,bid,CostlyCorianders,DiligentDonuts,9193749
2026-07-06T06:01:43.445045,2026-07-06T06:01:43.458577+00:00,160.4,6,bid,FlawlessFlatbreads,DiligentDonuts,9193765
2026-07-06T06:01:43.445045,2026-07-06T06:01:43.458577+00:00,160.7,44,bid,FlawlessFlatbreads,EarnestEspressos,9193766
2026-07-06T06:01:44.460045,2026-07-06T06:01:44.471903+00:00,160.7,45,bid,CostlyCorianders,EarnestEspressos,9193780
2026-07-06T06:01:44.513649,2026-07-06T06:01:44.525209+00:00,160.2,47,ask,EarnestEspressos,CostlyCorianders,9193781
2026-07-06T06:01:45.028471,2026-07-06T06:01:45.039311+00:00,160.7,42,bid,CostlyCorianders,DiligentDonuts,9193790
2026-07-06T06:01:45.552721,2026-07-06T06:01:45.564325+00:00,160.7,50,bid,FlawlessFlatbreads,DiligentDonuts,9193798
2026-07-06T06:01:47.019316,2026-07-06T06:01:47.028306+00:00,160.6,34,ask,DiligentDonuts,Xuanyu Liu,9193810
2026-07-06T06:01:47.670975,2026-07-06T06:01:47.681913+00:00,160.8,50,bid,FlawlessFlatbreads,EarnestEspressos,9193820
2026-07-06T06:01:49.810347,2026-07-06T06:01:49.819539+00:00,161.0,50,bid,FlawlessFlatbreads,EarnestEspressos,9193851
2026-07-06T06:01:51.226904,2026-07-06T06:01:51.238745+00:00,160.7,40,ask,DiligentDonuts,CostlyCorianders,9193875
2026-07-06T06:01:52.406457,2026-07-06T06:01:52.418470+00:00,161.0,48,ask,EarnestEspressos,CostlyCorianders,9193890
2026-07-06T06:01:52.685039,2026-07-06T06:01:52.691473+00:00,161.0,7,ask,EarnestEspressos,Kaleb Liu,9193893
2026-07-06T06:01:54.073852,2026-07-06T06:01:54.085462+00:00,161.0,50,ask,EarnestEspressos,FlawlessFlatbreads,9193919
2026-07-06T06:01:55.706494,2026-07-06T06:01:55.714112+00:00,161.0,5,bid,Kaleb Liu,EarnestEspressos,9193938
2026-07-06T06:01:56.128798,2026-07-06T06:01:56.136353+00:00,161.0,50,bid,FlawlessFlatbreads,EarnestEspressos,9193944
2026-07-06T06:01:57.261119,2026-07-06T06:01:57.272713+00:00,161.0,43,bid,CostlyCorianders,EarnestEspressos,9193958
2026-07-06T06:01:57.726307,2026-07-06T06:01:57.734199+00:00,161.1,5,ask,EarnestEspressos,Kaleb Liu,9193969
2026-07-06T06:01:58.302548,2026-07-06T06:01:58.312009+00:00,161.1,50,ask,EarnestEspressos,FlawlessFlatbreads,9193983
2026-07-06T06:01:59.340993,2026-07-06T06:01:59.352578+00:00,161.3,43,bid,CostlyCorianders,DiligentDonuts,9193994
2026-07-06T06:02:02.528948,2026-07-06T06:02:02.536659+00:00,161.0,50,ask,EarnestEspressos,FlawlessFlatbreads,9194033
2026-07-06T06:02:04.585329,2026-07-06T06:02:04.597081+00:00,161.2,50,bid,FlawlessFlatbreads,DiligentDonuts,9194059
2026-07-06T06:02:06.770943,2026-07-06T06:02:06.779521+00:00,161.1,50,ask,DiligentDonuts,FlawlessFlatbreads,9194085
2026-07-06T06:02:07.975670,2026-07-06T06:02:07.986996+00:00,161.1,48,ask,DiligentDonuts,CostlyCorianders,9194108
2026-07-06T06:02:08.878023,2026-07-06T06:02:08.890227+00:00,161.1,2,ask,DiligentDonuts,FlawlessFlatbreads,9194119
2026-07-06T06:02:08.878023,2026-07-06T06:02:08.890227+00:00,160.7,48,ask,EarnestEspressos,FlawlessFlatbreads,9194120
2026-07-06T06:02:11.013072,2026-07-06T06:02:11.023310+00:00,160.7,50,ask,DiligentDonuts,FlawlessFlatbreads,9194147
2026-07-06T06:02:11.160432,2026-07-06T06:02:11.169767+00:00,160.9,11,bid,Xuanyu Liu,EarnestEspressos,9194149
2026-07-06T06:02:12.837292,2026-07-06T06:02:12.845545+00:00,160.9,5,bid,Kaleb Liu,EarnestEspressos,9194178
2026-07-06T06:02:13.118591,2026-07-06T06:02:13.130362+00:00,160.4,50,ask,EarnestEspressos,FlawlessFlatbreads,9194180
2026-07-06T06:02:13.591643,2026-07-06T06:02:13.600799+00:00,160.8,12,bid,Xuanyu Liu,EarnestEspressos,9194188
2026-07-06T06:02:15.225430,2026-07-06T06:02:15.233558+00:00,160.4,50,ask,DiligentDonuts,FlawlessFlatbreads,9194212
2026-07-06T06:02:15.713361,2026-07-06T06:02:15.724866+00:00,160.8,42,bid,CostlyCorianders,EarnestEspressos,9194214
2026-07-06T06:02:16.787715,2026-07-06T06:02:16.799230+00:00,160.5,49,ask,DiligentDonuts,CostlyCorianders,9194227
2026-07-06T06:02:17.281324,2026-07-06T06:02:17.292869+00:00,161.0,50,bid,FlawlessFlatbreads,DiligentDonuts,9194236
2026-07-06T06:02:19.441129,2026-07-06T06:02:19.453027+00:00,160.5,50,ask,EarnestEspressos,FlawlessFlatbreads,9194261
2026-07-06T06:02:20.008591,2026-07-06T06:02:20.017759+00:00,160.8,45,bid,CostlyCorianders,EarnestEspressos,9194265
2026-07-06T06:02:21.552095,2026-07-06T06:02:21.563638+00:00,160.5,50,ask,DiligentDonuts,FlawlessFlatbreads,9194284
2026-07-06T06:02:23.660531,2026-07-06T06:02:23.671897+00:00,160.4,50,ask,EarnestEspressos,FlawlessFlatbreads,9194306
2026-07-06T06:02:24.221335,2026-07-06T06:02:24.233248+00:00,160.7,45,bid,CostlyCorianders,DiligentDonuts,9194315
2026-07-06T06:02:24.826717,2026-07-06T06:02:24.833853+00:00,160.4,41,ask,EarnestEspressos,CostlyCorianders,9194322
2026-07-06T06:02:25.362550,2026-07-06T06:02:25.370176+00:00,160.4,45,ask,EarnestEspressos,CostlyCorianders,9194335
2026-07-06T06:02:25.767389,2026-07-06T06:02:25.779011+00:00,160.4,14,ask,EarnestEspressos,FlawlessFlatbreads,9194339
2026-07-06T06:02:25.767389,2026-07-06T06:02:25.779011+00:00,160.3,36,ask,DiligentDonuts,FlawlessFlatbreads,9194340
2026-07-06T06:02:26.245485,2026-07-06T06:02:26.254549+00:00,160.3,64,ask,DiligentDonuts,EarnestEspressos,9194343
2026-07-06T06:02:26.259644,2026-07-06T06:02:26.269544+00:00,160.3,45,bid,Xuanyu Liu,EarnestEspressos,9194344
2026-07-06T06:02:27.877052,2026-07-06T06:02:27.884363+00:00,159.8,50,ask,EarnestEspressos,FlawlessFlatbreads,9194357
2026-07-06T06:02:28.786459,2026-07-06T06:02:28.798326+00:00,160.3,41,bid,CostlyCorianders,EarnestEspressos,9194376
2026-07-06T06:02:28.786459,2026-07-06T06:02:28.798326+00:00,160.5,8,bid,CostlyCorianders,DiligentDonuts,9194377
2026-07-06T06:02:29.931915,2026-07-06T06:02:29.940158+00:00,160.5,50,bid,FlawlessFlatbreads,DiligentDonuts,9194388
2026-07-06T06:02:30.870917,2026-07-06T06:02:30.882873+00:00,160.2,42,ask,EarnestEspressos,CostlyCorianders,9194402
2026-07-06T06:02:32.039495,2026-07-06T06:02:32.051033+00:00,160.6,50,bid,FlawlessFlatbreads,DiligentDonuts,9194416
2026-07-06T06:02:32.762527,2026-07-06T06:02:32.774247+00:00,160.6,41,bid,CostlyCorianders,DiligentDonuts,9194426
2026-07-06T06:02:33.012582,2026-07-06T06:02:33.019607+00:00,160.2,5,ask,EarnestEspressos,Kaleb Liu,9194436
2026-07-06T06:02:33.848443,2026-07-06T06:02:33.855055+00:00,160.6,9,bid,CostlyCorianders,DiligentDonuts,9194442
2026-07-06T06:02:33.848443,2026-07-06T06:02:33.855055+00:00,160.7,34,bid,CostlyCorianders,EarnestEspressos,9194443
2026-07-06T06:02:34.038553,2026-07-06T06:02:34.047617+00:00,160.2,8,ask,EarnestEspressos,Kaleb Liu,9194445
2026-07-06T06:02:34.197703,2026-07-06T06:02:34.209304+00:00,160.2,50,ask,EarnestEspressos,FlawlessFlatbreads,9194447
2026-07-06T06:02:36.304509,2026-07-06T06:02:36.316241+00:00,160.4,50,ask,DiligentDonuts,FlawlessFlatbreads,9194471
2026-07-06T06:02:37.661695,2026-07-06T06:02:37.673049+00:00,160.5,100,bid,DiligentDonuts,EarnestEspressos,9194485
2026-07-06T06:02:38.179495,2026-07-06T06:02:38.186343+00:00,160.0,42,ask,EarnestEspressos,CostlyCorianders,9194498
2026-07-06T06:02:38.363004,2026-07-06T06:02:38.375164+00:00,160.5,50,bid,FlawlessFlatbreads,EarnestEspressos,9194502
2026-07-06T06:02:40.520864,2026-07-06T06:02:40.528404+00:00,160.5,50,ask,EarnestEspressos,FlawlessFlatbreads,9194540
2026-07-06T06:02:41.936763,2026-07-06T06:02:41.946135+00:00,160.5,48,ask,EarnestEspressos,CostlyCorianders,9194554
2026-07-06T06:02:42.576443,2026-07-06T06:02:42.600811+00:00,160.6,50,bid,FlawlessFlatbreads,EarnestEspressos,9194566
2026-07-06T06:02:44.681950,2026-07-06T06:02:44.693636+00:00,160.5,50,bid,FlawlessFlatbreads,DiligentDonuts,9194587
2026-07-06T06:02:46.788998,2026-07-06T06:02:46.798602+00:00,160.5,50,bid,FlawlessFlatbreads,DiligentDonuts,9194613
2026-07-06T06:02:48.894874,2026-07-06T06:02:48.906571+00:00,160.6,50,bid,FlawlessFlatbreads,EarnestEspressos,9194641
2026-07-06T06:02:50.006184,2026-07-06T06:02:50.014259+00:00,160.4,22,ask,DiligentDonuts,Xuanyu Liu,9194661
2026-07-06T06:02:50.094316,2026-07-06T06:02:50.105845+00:00,160.6,45,bid,CostlyCorianders,EarnestEspressos,9194664
2026-07-06T06:02:51.053440,2026-07-06T06:02:51.054776+00:00,160.1,50,ask,EarnestEspressos,FlawlessFlatbreads,9194675
2026-07-06T06:02:53.268769,2026-07-06T06:02:53.280306+00:00,160.4,45,ask,EarnestEspressos,CostlyCorianders,9194702
2026-07-06T06:02:55.219817,2026-07-06T06:02:55.229569+00:00,160.8,50,bid,FlawlessFlatbreads,DiligentDonuts,9194730
2026-07-06T06:02:57.326716,2026-07-06T06:02:57.338372+00:00,160.8,50,bid,FlawlessFlatbreads,EarnestEspressos,9194761
2026-07-06T06:02:57.890380,2026-07-06T06:02:57.902034+00:00,161.0,41,bid,CostlyCorianders,DiligentDonuts,9194767
2026-07-06T06:02:58.382308,2026-07-06T06:02:58.389994+00:00,160.9,43,bid,CostlyCorianders,EarnestEspressos,9194780
2026-07-06T06:02:58.436741,2026-07-06T06:02:58.444664+00:00,160.5,40,ask,DiligentDonuts,CostlyCorianders,9194782
2026-07-06T06:03:00.470584,2026-07-06T06:03:00.481899+00:00,160.4,48,ask,EarnestEspressos,CostlyCorianders,9194810
2026-07-06T06:03:01.563187,2026-07-06T06:03:01.569810+00:00,160.8,50,bid,FlawlessFlatbreads,DiligentDonuts,9194826
2026-07-06T06:03:02.080431,2026-07-06T06:03:02.092216+00:00,160.8,49,bid,CostlyCorianders,DiligentDonuts,9194836
2026-07-06T06:03:02.649465,2026-07-06T06:03:02.655976+00:00,160.8,1,bid,CostlyCorianders,DiligentDonuts,9194845
2026-07-06T06:03:02.649465,2026-07-06T06:03:02.655976+00:00,160.9,44,bid,CostlyCorianders,EarnestEspressos,9194846
2026-07-06T06:03:02.971611,2026-07-06T06:03:02.983152+00:00,160.9,100,bid,DiligentDonuts,EarnestEspressos,9194851
2026-07-06T06:03:03.672862,2026-07-06T06:03:03.684191+00:00,160.9,6,bid,FlawlessFlatbreads,EarnestEspressos,9194875
2026-07-06T06:03:03.672862,2026-07-06T06:03:03.684191+00:00,161.4,44,bid,FlawlessFlatbreads,DiligentDonuts,9194876
2026-07-06T06:03:04.207803,2026-07-06T06:03:04.218539+00:00,161.2,35,ask,EarnestEspressos,Xuanyu Liu,9194879
2026-07-06T06:03:04.593167,2026-07-06T06:03:04.604747+00:00,161.2,47,ask,EarnestEspressos,CostlyCorianders,9194887
2026-07-06T06:03:06.153290,2026-07-06T06:03:06.159933+00:00,161.2,18,ask,EarnestEspressos,CostlyCorianders,9194913
2026-07-06T06:03:06.153290,2026-07-06T06:03:06.165094+00:00,160.8,22,ask,DiligentDonuts,CostlyCorianders,9194914
2026-07-06T06:03:07.942350,2026-07-06T06:03:07.949346+00:00,160.8,50,ask,DiligentDonuts,FlawlessFlatbreads,9194938
2026-07-06T06:03:10.035861,2026-07-06T06:03:10.047519+00:00,161.2,44,bid,CostlyCorianders,EarnestEspressos,9194966
2026-07-06T06:03:10.051863,2026-07-06T06:03:10.052805+00:00,160.7,50,ask,EarnestEspressos,FlawlessFlatbreads,9194969
2026-07-06T06:03:10.588443,2026-07-06T06:03:10.596784+00:00,161.1,40,bid,CostlyCorianders,EarnestEspressos,9194976
2026-07-06T06:03:12.163082,2026-07-06T06:03:12.174672+00:00,160.7,50,ask,DiligentDonuts,FlawlessFlatbreads,9194990
2026-07-06T06:03:12.916127,2026-07-06T06:03:12.927592+00:00,160.6,40,ask,EarnestEspressos,CostlyCorianders,9194999
2026-07-06T06:03:14.270911,2026-07-06T06:03:14.282689+00:00,160.5,50,ask,DiligentDonuts,FlawlessFlatbreads,9195013
2026-07-06T06:03:15.677964,2026-07-06T06:03:15.687117+00:00,160.7,23,bid,Xuanyu Liu,DiligentDonuts,9195032
2026-07-06T06:03:16.378606,2026-07-06T06:03:16.390519+00:00,160.5,50,ask,EarnestEspressos,FlawlessFlatbreads,9195041
2026-07-06T06:03:16.746027,2026-07-06T06:03:16.763824+00:00,160.7,41,bid,CostlyCorianders,DiligentDonuts,9195045
2026-07-06T06:03:18.486240,2026-07-06T06:03:18.497815+00:00,160.3,50,ask,EarnestEspressos,FlawlessFlatbreads,9195068
2026-07-06T06:03:20.109793,2026-07-06T06:03:20.118624+00:00,160.6,12,bid,Xuanyu Liu,EarnestEspressos,9195086
2026-07-06T06:03:20.395586,2026-07-06T06:03:20.407486+00:00,160.4,44,ask,DiligentDonuts,CostlyCorianders,9195091
2026-07-06T06:03:20.592966,2026-07-06T06:03:20.604478+00:00,160.4,50,ask,DiligentDonuts,FlawlessFlatbreads,9195092
2026-07-06T06:03:21.017357,2026-07-06T06:03:21.029443+00:00,160.6,43,bid,CostlyCorianders,EarnestEspressos,9195101
2026-07-06T06:03:22.470408,2026-07-06T06:03:22.479329+00:00,160.6,46,bid,CostlyCorianders,EarnestEspressos,9195122
2026-07-06T06:03:22.535203,2026-07-06T06:03:22.542810+00:00,160.1,44,ask,EarnestEspressos,CostlyCorianders,9195124
2026-07-06T06:03:22.649378,2026-07-06T06:03:22.658590+00:00,160.6,49,bid,FlawlessFlatbreads,EarnestEspressos,9195126
2026-07-06T06:03:22.649378,2026-07-06T06:03:22.658590+00:00,160.6,1,bid,FlawlessFlatbreads,DiligentDonuts,9195127
2026-07-06T06:03:24.103005,2026-07-06T06:03:24.114633+00:00,160.6,11,bid,Xuanyu Liu,DiligentDonuts,9195141
2026-07-06T06:03:24.756635,2026-07-06T06:03:24.768353+00:00,160.6,50,bid,FlawlessFlatbreads,DiligentDonuts,9195150
2026-07-06T06:03:26.363281,2026-07-06T06:03:26.375325+00:00,161.0,100,bid,EarnestEspressos,DiligentDonuts,9195170
2026-07-06T06:03:26.573497,2026-07-06T06:03:26.580863+00:00,161.6,41,bid,Kaleb Liu,EarnestEspressos,9195174
2026-07-06T06:03:26.726973,2026-07-06T06:03:26.737191+00:00,161.1,11,ask,EarnestEspressos,Xuanyu Liu,9195177
2026-07-06T06:03:26.865381,2026-07-06T06:03:26.877067+00:00,161.6,50,bid,FlawlessFlatbreads,EarnestEspressos,9195179
2026-07-06T06:03:27.586074,2026-07-06T06:03:27.593483+00:00,161.1,11,ask,EarnestEspressos,Kaleb Liu,9195194
2026-07-06T06:03:28.032432,2026-07-06T06:03:28.040642+00:00,161.1,23,ask,EarnestEspressos,Xuanyu Liu,9195196
2026-07-06T06:03:28.552771,2026-07-06T06:03:28.556196+00:00,161.1,5,ask,EarnestEspressos,CostlyCorianders,9195202
2026-07-06T06:03:28.552771,2026-07-06T06:03:28.556196+00:00,160.8,37,ask,DiligentDonuts,CostlyCorianders,9195203
2026-07-06T06:03:28.972314,2026-07-06T06:03:28.984300+00:00,161.3,50,bid,FlawlessFlatbreads,DiligentDonuts,9195211
2026-07-06T06:03:29.603071,2026-07-06T06:03:29.609975+00:00,160.8,9,ask,DiligentDonuts,Kaleb Liu,9195226
2026-07-06T06:03:29.777882,2026-07-06T06:03:29.789550+00:00,161.2,45,bid,CostlyCorianders,EarnestEspressos,9195230
2026-07-06T06:03:30.265169,2026-07-06T06:03:30.273281+00:00,160.8,43,ask,DiligentDonuts,CostlyCorianders,9195237
2026-07-06T06:03:31.079220,2026-07-06T06:03:31.091130+00:00,161.2,50,bid,FlawlessFlatbreads,EarnestEspressos,9195254
2026-07-06T06:03:32.280657,2026-07-06T06:03:32.292202+00:00,160.8,47,ask,DiligentDonuts,CostlyCorianders,9195267
2026-07-06T06:03:33.187940,2026-07-06T06:03:33.199908+00:00,161.3,50,bid,FlawlessFlatbreads,DiligentDonuts,9195277
2026-07-06T06:03:34.198313,2026-07-06T06:03:34.209979+00:00,161.3,46,bid,CostlyCorianders,DiligentDonuts,9195287
2026-07-06T06:03:34.785804,2026-07-06T06:03:34.797803+00:00,160.8,40,ask,EarnestEspressos,CostlyCorianders,9195302
2026-07-06T06:03:35.297688,2026-07-06T06:03:35.309347+00:00,161.2,50,bid,FlawlessFlatbreads,DiligentDonuts,9195304
2026-07-06T06:03:35.936588,2026-07-06T06:03:35.948314+00:00,161.2,42,bid,CostlyCorianders,DiligentDonuts,9195312
2026-07-06T06:03:37.406487,2026-07-06T06:03:37.418410+00:00,161.2,8,bid,FlawlessFlatbreads,DiligentDonuts,9195321
2026-07-06T06:03:37.406487,2026-07-06T06:03:37.418410+00:00,161.2,42,bid,FlawlessFlatbreads,EarnestEspressos,9195322
2026-07-06T06:03:37.612291,2026-07-06T06:03:37.622705+00:00,160.7,45,ask,DiligentDonuts,CostlyCorianders,9195330
2026-07-06T06:03:37.664644,2026-07-06T06:03:37.675652+00:00,160.7,7,ask,DiligentDonuts,Kaleb Liu,9195332
2026-07-06T06:03:39.520034,2026-07-06T06:03:39.527535+00:00,161.4,50,bid,FlawlessFlatbreads,EarnestEspressos,9195354
2026-07-06T06:03:41.174359,2026-07-06T06:03:41.184008+00:00,161.1,45,ask,DiligentDonuts,CostlyCorianders,9195379
2026-07-06T06:03:41.626003,2026-07-06T06:03:41.635197+00:00,161.4,50,bid,FlawlessFlatbreads,EarnestEspressos,9195383
2026-07-06T06:03:41.751164,2026-07-06T06:03:41.758531+00:00,161.4,46,bid,CostlyCorianders,EarnestEspressos,9195385
2026-07-06T06:03:42.189446,2026-07-06T06:03:42.201254+00:00,161.6,100,bid,EarnestEspressos,DiligentDonuts,9195394
2026-07-06T06:03:42.259538,2026-07-06T06:03:42.269492+00:00,161.6,23,ask,EarnestEspressos,Xuanyu Liu,9195395
2026-07-06T06:03:43.734095,2026-07-06T06:03:43.745969+00:00,162.1,50,bid,FlawlessFlatbreads,EarnestEspressos,9195407
2026-07-06T06:03:44.808122,2026-07-06T06:03:44.819746+00:00,161.6,27,ask,EarnestEspressos,CostlyCorianders,9195417
2026-07-06T06:03:44.808122,2026-07-06T06:03:44.819746+00:00,161.4,20,ask,DiligentDonuts,CostlyCorianders,9195418
2026-07-06T06:03:45.872265,2026-07-06T06:03:45.884648+00:00,161.9,50,bid,FlawlessFlatbreads,DiligentDonuts,9195433
2026-07-06T06:03:49.375206,2026-07-06T06:03:49.382376+00:00,161.9,41,bid,CostlyCorianders,EarnestEspressos,9195474
2026-07-06T06:03:49.706389,2026-07-06T06:03:49.714781+00:00,161.7,3,ask,DiligentDonuts,Xuanyu Liu,9195478
2026-07-06T06:03:49.739557,2026-07-06T06:03:49.746809+00:00,161.7,8,ask,DiligentDonuts,Kaleb Liu,9195482
2026-07-06T06:03:51.411401,2026-07-06T06:03:51.419373+00:00,161.9,43,bid,CostlyCorianders,EarnestEspressos,9195499
2026-07-06T06:03:52.102350,2026-07-06T06:03:52.109958+00:00,161.6,47,ask,EarnestEspressos,CostlyCorianders,9195514
2026-07-06T06:03:52.249441,2026-07-06T06:03:52.256345+00:00,161.6,50,ask,EarnestEspressos,FlawlessFlatbreads,9195516
2026-07-06T06:03:52.591191,2026-07-06T06:03:52.602618+00:00,161.6,45,ask,EarnestEspressos,CostlyCorianders,9195520
2026-07-06T06:03:54.304872,2026-07-06T06:03:54.316362+00:00,161.8,50,bid,FlawlessFlatbreads,DiligentDonuts,9195540
2026-07-06T06:03:55.588847,2026-07-06T06:03:55.596305+00:00,161.5,3,bid,Xuanyu Liu,EarnestEspressos,9195558
2026-07-06T06:03:56.413456,2026-07-06T06:03:56.424964+00:00,161.5,50,bid,FlawlessFlatbreads,EarnestEspressos,9195569
2026-07-06T06:03:56.741470,2026-07-06T06:03:56.748643+00:00,161.5,97,bid,DiligentDonuts,EarnestEspressos,9195574
2026-07-06T06:03:58.192581,2026-07-06T06:03:58.222734+00:00,161.7,3,ask,EarnestEspressos,Xuanyu Liu,9195596
2026-07-06T06:03:58.520220,2026-07-06T06:03:58.532045+00:00,162.1,50,bid,FlawlessFlatbreads,DiligentDonuts,9195601
2026-07-06T06:03:58.809015,2026-07-06T06:03:58.816680+00:00,161.7,12,ask,EarnestEspressos,Kaleb Liu,9195607
2026-07-06T06:04:00.310113,2026-07-06T06:04:00.321861+00:00,162.1,46,bid,CostlyCorianders,DiligentDonuts,9195629
2026-07-06T06:04:00.365508,2026-07-06T06:04:00.377576+00:00,161.7,45,ask,EarnestEspressos,CostlyCorianders,9195630
2026-07-06T06:04:00.627052,2026-07-06T06:04:00.636139+00:00,162.1,50,bid,FlawlessFlatbreads,DiligentDonuts,9195633
2026-07-06T06:04:02.732777,2026-07-06T06:04:02.741788+00:00,161.8,50,bid,FlawlessFlatbreads,EarnestEspressos,9195655
2026-07-06T06:04:03.043929,2026-07-06T06:04:03.058595+00:00,161.8,43,bid,CostlyCorianders,EarnestEspressos,9195660
2026-07-06T06:04:04.843351,2026-07-06T06:04:04.848474+00:00,162.1,50,bid,FlawlessFlatbreads,DiligentDonuts,9195681
2026-07-06T06:04:05.244158,2026-07-06T06:04:05.252559+00:00,161.7,43,ask,EarnestEspressos,CostlyCorianders,9195686
2026-07-06T06:04:06.871543,2026-07-06T06:04:06.883164+00:00,161.7,47,ask,EarnestEspressos,Kaleb Liu,9195703
2026-07-06T06:04:06.930307,2026-07-06T06:04:06.939114+00:00,162.1,49,bid,CostlyCorianders,DiligentDonuts,9195704
2026-07-06T06:04:06.956329,2026-07-06T06:04:06.967810+00:00,162.1,50,bid,FlawlessFlatbreads,DiligentDonuts,9195705
2026-07-06T06:04:08.119721,2026-07-06T06:04:08.131284+00:00,161.6,48,ask,DiligentDonuts,CostlyCorianders,9195718
2026-07-06T06:04:08.765838,2026-07-06T06:04:08.777765+00:00,161.8,42,bid,CostlyCorianders,EarnestEspressos,9195735
2026-07-06T06:04:08.820550,2026-07-06T06:04:08.832402+00:00,161.6,42,ask,DiligentDonuts,CostlyCorianders,9195736
2026-07-06T06:04:09.064811,2026-07-06T06:04:09.075101+00:00,161.8,50,bid,FlawlessFlatbreads,EarnestEspressos,9195737
2026-07-06T06:04:10.435658,2026-07-06T06:04:10.447284+00:00,161.8,45,bid,CostlyCorianders,EarnestEspressos,9195751
2026-07-06T06:04:10.659695,2026-07-06T06:04:10.669231+00:00,161.8,3,ask,EarnestEspressos,Xuanyu Liu,9195761
2026-07-06T06:04:10.713960,2026-07-06T06:04:10.721024+00:00,161.8,35,ask,EarnestEspressos,Tanishq Panjwani,9195766
2026-07-06T06:04:10.803695,2026-07-06T06:04:10.810364+00:00,161.8,35,ask,EarnestEspressos,Tanishq Panjwani,9195768
2026-07-06T06:04:10.911030,2026-07-06T06:04:10.921768+00:00,161.8,35,ask,EarnestEspressos,Tanishq Panjwani,9195772
2026-07-06T06:04:11.000432,2026-07-06T06:04:11.007397+00:00,161.8,35,ask,EarnestEspressos,Tanishq Panjwani,9195775
2026-07-06T06:04:11.088202,2026-07-06T06:04:11.158644+00:00,161.8,7,ask,EarnestEspressos,CostlyCorianders,9195778
2026-07-06T06:04:11.088202,2026-07-06T06:04:11.158644+00:00,161.7,39,ask,DiligentDonuts,CostlyCorianders,9195779
2026-07-06T06:04:11.171630,2026-07-06T06:04:11.178089+00:00,162.2,50,bid,FlawlessFlatbreads,DiligentDonuts,9195781
2026-07-06T06:04:12.749235,2026-07-06T06:04:12.758549+00:00,162.2,48,bid,CostlyCorianders,DiligentDonuts,9195803
2026-07-06T06:04:14.237963,2026-07-06T06:04:14.247265+00:00,161.7,45,ask,DiligentDonuts,CostlyCorianders,9195820
2026-07-06T06:04:14.701656,2026-07-06T06:04:14.711388+00:00,161.7,46,ask,DiligentDonuts,CostlyCorianders,9195825
2026-07-06T06:04:15.354597,2026-07-06T06:04:15.355638+00:00,161.7,9,ask,DiligentDonuts,Tanishq Panjwani,9195844
2026-07-06T06:04:15.391818,2026-07-06T06:04:15.400863+00:00,161.8,50,bid,FlawlessFlatbreads,EarnestEspressos,9195845
2026-07-06T06:04:16.228384,2026-07-06T06:04:16.236525+00:00,161.8,41,bid,CostlyCorianders,EarnestEspressos,9195853
2026-07-06T06:04:16.960829,2026-07-06T06:04:16.974214+00:00,161.9,2,bid,Kaleb Liu,DiligentDonuts,9195869
2026-07-06T06:04:17.553994,2026-07-06T06:04:17.558574+00:00,161.5,50,ask,EarnestEspressos,FlawlessFlatbreads,9195878
2026-07-06T06:04:19.292174,2026-07-06T06:04:19.303145+00:00,161.6,35,ask,DiligentDonuts,Tanishq Panjwani,9195893
2026-07-06T06:04:19.382968,2026-07-06T06:04:19.394123+00:00,161.6,15,ask,DiligentDonuts,Tanishq Panjwani,9195896
2026-07-06T06:04:19.659455,2026-07-06T06:04:19.670998+00:00,161.6,50,ask,DiligentDonuts,FlawlessFlatbreads,9195902
2026-07-06T06:04:19.985004,2026-07-06T06:04:19.992141+00:00,161.5,2,ask,EarnestEspressos,Kaleb Liu,9195906
2026-07-06T06:04:21.002146,2026-07-06T06:04:21.011294+00:00,161.6,6,bid,Kaleb Liu,EarnestEspressos,9195918
2026-07-06T06:04:21.119924,2026-07-06T06:04:21.131665+00:00,161.6,49,bid,CostlyCorianders,EarnestEspressos,9195923
2026-07-06T06:04:22.017216,2026-07-06T06:04:22.026965+00:00,161.6,6,bid,Kaleb Liu,EarnestEspressos,9195929
2026-07-06T06:04:23.886819,2026-07-06T06:04:23.898498+00:00,161.4,50,ask,EarnestEspressos,FlawlessFlatbreads,9195954
2026-07-06T06:04:25.948039,2026-07-06T06:04:25.958558+00:00,161.4,40,ask,EarnestEspressos,CostlyCorianders,9195981
2026-07-06T06:04:25.992871,2026-07-06T06:04:26.004616+00:00,161.4,50,ask,EarnestEspressos,FlawlessFlatbreads,9195982
2026-07-06T06:04:26.057776,2026-07-06T06:04:26.069320+00:00,161.4,10,ask,EarnestEspressos,Kaleb Liu,9195985
2026-07-06T06:04:26.541040,2026-07-06T06:04:26.551174+00:00,161.1,3,bid,Xuanyu Liu,EarnestEspressos,9195992
2026-07-06T06:04:26.601709,2026-07-06T06:04:26.613456+00:00,161.1,35,bid,Tanishq Panjwani,EarnestEspressos,9195996
2026-07-06T06:04:26.732505,2026-07-06T06:04:26.744200+00:00,161.1,35,bid,Tanishq Panjwani,EarnestEspressos,9196001
2026-07-06T06:04:26.823789,2026-07-06T06:04:26.832010+00:00,161.1,35,bid,Tanishq Panjwani,EarnestEspressos,9196005
2026-07-06T06:04:26.912051,2026-07-06T06:04:26.923710+00:00,161.1,35,bid,Tanishq Panjwani,EarnestEspressos,9196007
2026-07-06T06:04:27.003359,2026-07-06T06:04:27.015234+00:00,161.1,7,bid,Tanishq Panjwani,EarnestEspressos,9196010
2026-07-06T06:04:27.085723,2026-07-06T06:04:27.094608+00:00,161.0,2,ask,DiligentDonuts,Kaleb Liu,9196016
2026-07-06T06:04:28.099762,2026-07-06T06:04:28.111246+00:00,161.0,50,ask,DiligentDonuts,FlawlessFlatbreads,9196025
2026-07-06T06:04:30.208968,2026-07-06T06:04:30.220503+00:00,161.3,50,ask,EarnestEspressos,FlawlessFlatbreads,9196046
2026-07-06T06:04:31.287604,2026-07-06T06:04:31.299304+00:00,161.3,43,ask,EarnestEspressos,CostlyCorianders,9196064
2026-07-06T06:04:31.626375,2026-07-06T06:04:31.633960+00:00,161.3,57,ask,EarnestEspressos,DiligentDonuts,9196072
2026-07-06T06:04:32.316598,2026-07-06T06:04:32.326044+00:00,160.8,50,ask,DiligentDonuts,FlawlessFlatbreads,9196080
2026-07-06T06:04:32.864680,2026-07-06T06:04:32.871059+00:00,161.0,35,bid,Tanishq Panjwani,EarnestEspressos,9196086
2026-07-06T06:04:32.956533,2026-07-06T06:04:32.958553+00:00,161.0,17,bid,Tanishq Panjwani,EarnestEspressos,9196091
2026-07-06T06:04:33.641062,2026-07-06T06:04:33.650734+00:00,161.0,42,bid,CostlyCorianders,EarnestEspressos,9196097
2026-07-06T06:04:38.630974,2026-07-06T06:04:38.638297+00:00,161.0,50,ask,EarnestEspressos,FlawlessFlatbreads,9196154
2026-07-06T06:04:39.236542,2026-07-06T06:04:39.248286+00:00,161.3,49,bid,CostlyCorianders,DiligentDonuts,9196162
2026-07-06T06:04:40.738162,2026-07-06T06:04:40.749798+00:00,160.8,50,ask,DiligentDonuts,FlawlessFlatbreads,9196175
2026-07-06T06:04:42.853416,2026-07-06T06:04:42.864991+00:00,160.9,50,ask,EarnestEspressos,FlawlessFlatbreads,9196193
2026-07-06T06:04:43.440901,2026-07-06T06:04:43.447560+00:00,160.9,45,ask,EarnestEspressos,CostlyCorianders,9196201
2026-07-06T06:04:44.961170,2026-07-06T06:04:44.973272+00:00,160.9,50,ask,EarnestEspressos,FlawlessFlatbreads,9196215
2026-07-06T06:04:45.463641,2026-07-06T06:04:45.475537+00:00,161.4,47,bid,CostlyCorianders,DiligentDonuts,9196222
2026-07-06T06:04:45.507083,2026-07-06T06:04:45.516375+00:00,160.9,100,ask,DiligentDonuts,EarnestEspressos,9196224
2026-07-06T06:04:45.517633,2026-07-06T06:04:45.526928+00:00,160.8,37,bid,Xuanyu Liu,EarnestEspressos,9196225
2026-07-06T06:04:46.217337,2026-07-06T06:04:46.227513+00:00,160.8,13,bid,Kaleb Liu,EarnestEspressos,9196239
2026-07-06T06:04:47.067020,2026-07-06T06:04:47.079234+00:00,160.8,8,ask,Kaleb Liu,FlawlessFlatbreads,9196243
2026-07-06T06:04:47.067020,2026-07-06T06:04:47.079234+00:00,160.3,42,ask,EarnestEspressos,FlawlessFlatbreads,9196244
2026-07-06T06:04:47.072953,2026-07-06T06:04:47.084511+00:00,161.4,45,bid,CostlyCorianders,DiligentDonuts,9196245
2026-07-06T06:04:47.254180,2026-07-06T06:04:47.258566+00:00,160.3,21,ask,EarnestEspressos,Kaleb Liu,9196250
2026-07-06T06:04:48.070127,2026-07-06T06:04:48.079331+00:00,160.9,23,ask,DiligentDonuts,Xuanyu Liu,9196264
2026-07-06T06:04:49.125206,2026-07-06T06:04:49.136592+00:00,160.9,43,ask,DiligentDonuts,CostlyCorianders,9196283
2026-07-06T06:04:49.174649,2026-07-06T06:04:49.186142+00:00,160.9,34,ask,DiligentDonuts,FlawlessFlatbreads,9196285
2026-07-06T06:04:49.174649,2026-07-06T06:04:49.186142+00:00,160.5,16,ask,EarnestEspressos,FlawlessFlatbreads,9196286
2026-07-06T06:04:50.246294,2026-07-06T06:04:50.255842+00:00,161.0,44,bid,CostlyCorianders,EarnestEspressos,9196304
2026-07-06T06:04:50.276614,2026-07-06T06:04:50.283814+00:00,161.0,6,bid,Kaleb Liu,EarnestEspressos,9196306
2026-07-06T06:04:51.285328,2026-07-06T06:04:51.295335+00:00,160.8,50,ask,DiligentDonuts,FlawlessFlatbreads,9196323
2026-07-06T06:04:52.295414,2026-07-06T06:04:52.306379+00:00,160.8,6,ask,DiligentDonuts,Kaleb Liu,9196340
2026-07-06T06:04:53.391360,2026-07-06T06:04:53.402918+00:00,160.8,44,ask,DiligentDonuts,FlawlessFlatbreads,9196359
2026-07-06T06:04:53.391360,2026-07-06T06:04:53.402918+00:00,160.7,6,ask,EarnestEspressos,FlawlessFlatbreads,9196360
2026-07-06T06:04:53.784723,2026-07-06T06:04:53.796704+00:00,160.7,100,ask,EarnestEspressos,DiligentDonuts,9196364
2026-07-06T06:04:55.122205,2026-07-06T06:04:55.131098+00:00,160.2,41,ask,EarnestEspressos,CostlyCorianders,9196388
2026-07-06T06:04:55.325501,2026-07-06T06:04:55.336430+00:00,160.7,6,bid,Kaleb Liu,EarnestEspressos,9196391
2026-07-06T06:04:55.448866,2026-07-06T06:04:55.455355+00:00,160.7,50,bid,FlawlessFlatbreads,EarnestEspressos,9196392
2026-07-06T06:04:56.904505,2026-07-06T06:04:56.919737+00:00,160.7,12,bid,Xuanyu Liu,EarnestEspressos,9196412
2026-07-06T06:04:57.343503,2026-07-06T06:04:57.355017+00:00,160.7,6,bid,Kaleb Liu,EarnestEspressos,9196422
2026-07-06T06:04:57.608384,2026-07-06T06:04:57.620465+00:00,160.4,50,ask,DiligentDonuts,FlawlessFlatbreads,9196427
2026-07-06T06:04:59.276844,2026-07-06T06:04:59.288641+00:00,160.9,44,bid,CostlyCorianders,DiligentDonuts,9196453
2026-07-06T06:04:59.341167,2026-07-06T06:04:59.362573+00:00,160.9,8,bid,Xuanyu Liu,DiligentDonuts,9196457
2026-07-06T06:04:59.341167,2026-07-06T06:04:59.362573+00:00,160.9,3,bid,Xuanyu Liu,EarnestEspressos,9196458
2026-07-06T06:04:59.375325,2026-07-06T06:04:59.383453+00:00,160.9,9,bid,Kaleb Liu,EarnestEspressos,9196462
2026-07-06T06:05:00.076771,2026-07-06T06:05:00.088625+00:00,160.9,100,bid,DiligentDonuts,EarnestEspressos,9196471
2026-07-06T06:05:00.882742,2026-07-06T06:05:00.899744+00:00,160.4,46,ask,EarnestEspressos,CostlyCorianders,9196484
2026-07-06T06:05:01.174754,2026-07-06T06:05:01.185286+00:00,160.9,12,bid,Xuanyu Liu,EarnestEspressos,9196489
2026-07-06T06:05:01.395743,2026-07-06T06:05:01.406248+00:00,161.7,13,bid,Kaleb Liu,EarnestEspressos,9196493
2026-07-06T06:05:01.513813,2026-07-06T06:05:01.525725+00:00,161.2,41,ask,EarnestEspressos,CostlyCorianders,9196494
2026-07-06T06:05:01.819228,2026-07-06T06:05:01.830765+00:00,161.2,50,ask,EarnestEspressos,FlawlessFlatbreads,9196502
2026-07-06T06:05:02.497550,2026-07-06T06:05:02.508796+00:00,161.2,12,ask,EarnestEspressos,Xuanyu Liu,9196516
2026-07-06T06:05:03.064847,2026-07-06T06:05:03.073607+00:00,161.2,45,ask,EarnestEspressos,CostlyCorianders,9196523
2026-07-06T06:05:03.875947,2026-07-06T06:05:03.887857+00:00,161.3,50,bid,FlawlessFlatbreads,DiligentDonuts,9196532
2026-07-06T06:05:05.537830,2026-07-06T06:05:05.549663+00:00,161.3,41,bid,CostlyCorianders,DiligentDonuts,9196561
2026-07-06T06:05:06.051119,2026-07-06T06:05:06.058589+00:00,160.9,50,ask,EarnestEspressos,FlawlessFlatbreads,9196563
2026-07-06T06:05:06.676408,2026-07-06T06:05:06.688022+00:00,161.3,49,ask,DiligentDonuts,CostlyCorianders,9196575
2026-07-06T06:05:07.665862,2026-07-06T06:05:07.677451+00:00,161.3,51,ask,DiligentDonuts,EarnestEspressos,9196586
2026-07-06T06:05:07.678893,2026-07-06T06:05:07.688256+00:00,161.1,23,bid,Xuanyu Liu,EarnestEspressos,9196587
2026-07-06T06:05:08.163707,2026-07-06T06:05:08.175187+00:00,160.6,50,ask,EarnestEspressos,FlawlessFlatbreads,9196596
2026-07-06T06:05:08.411150,2026-07-06T06:05:08.421159+00:00,161.1,11,bid,Xuanyu Liu,EarnestEspressos,9196600
2026-07-06T06:05:08.444561,2026-07-06T06:05:08.451911+00:00,161.1,38,bid,Kaleb Liu,EarnestEspressos,9196603
2026-07-06T06:05:09.563313,2026-07-06T06:05:09.574410+00:00,161.1,27,bid,DiligentDonuts,EarnestEspressos,9196618
2026-07-06T06:05:10.091587,2026-07-06T06:05:10.103427+00:00,161.6,48,bid,CostlyCorianders,DiligentDonuts,9196625
2026-07-06T06:05:10.220932,2026-07-06T06:05:10.231987+00:00,161.6,50,bid,FlawlessFlatbreads,DiligentDonuts,9196626
2026-07-06T06:05:11.979256,2026-07-06T06:05:11.990999+00:00,161.5,46,bid,CostlyCorianders,EarnestEspressos,9196656
2026-07-06T06:05:12.384774,2026-07-06T06:05:12.396460+00:00,161.1,50,ask,DiligentDonuts,FlawlessFlatbreads,9196659
2026-07-06T06:05:12.655707,2026-07-06T06:05:12.658572+00:00,161.5,40,bid,CostlyCorianders,EarnestEspressos,9196660
2026-07-06T06:05:13.978768,2026-07-06T06:05:13.987637+00:00,161.5,34,ask,EarnestEspressos,Xuanyu Liu,9196672
2026-07-06T06:05:14.114332,2026-07-06T06:05:14.125925+00:00,161.5,45,ask,EarnestEspressos,CostlyCorianders,9196677
2026-07-06T06:05:14.520555,2026-07-06T06:05:14.529337+00:00,161.5,50,ask,EarnestEspressos,FlawlessFlatbreads,9196682
2026-07-06T06:05:16.576644,2026-07-06T06:05:16.588161+00:00,161.6,50,bid,FlawlessFlatbreads,DiligentDonuts,9196702
2026-07-06T06:05:18.713451,2026-07-06T06:05:18.720640+00:00,161.5,50,bid,FlawlessFlatbreads,EarnestEspressos,9196725
2026-07-06T06:05:19.239582,2026-07-06T06:05:19.251232+00:00,161.5,47,bid,CostlyCorianders,EarnestEspressos,9196727
2026-07-06T06:05:20.476812,2026-07-06T06:05:20.488536+00:00,161.4,40,ask,EarnestEspressos,CostlyCorianders,9196746
2026-07-06T06:05:20.820219,2026-07-06T06:05:20.831999+00:00,161.8,50,bid,FlawlessFlatbreads,DiligentDonuts,9196757
2026-07-06T06:05:23.604913,2026-07-06T06:05:23.614687+00:00,161.4,11,ask,DiligentDonuts,Xuanyu Liu,9196790
2026-07-06T06:05:26.304470,2026-07-06T06:05:26.316388+00:00,161.4,45,ask,DiligentDonuts,CostlyCorianders,9196826
2026-07-06T06:05:28.719682,2026-07-06T06:05:28.728023+00:00,161.6,11,bid,Xuanyu Liu,EarnestEspressos,9196856
2026-07-06T06:05:28.999402,2026-07-06T06:05:29.007621+00:00,161.6,48,bid,CostlyCorianders,EarnestEspressos,9196859
2026-07-06T06:05:29.283180,2026-07-06T06:05:29.290762+00:00,161.6,50,bid,FlawlessFlatbreads,EarnestEspressos,9196863
2026-07-06T06:05:29.785155,2026-07-06T06:05:29.796539+00:00,161.9,100,bid,EarnestEspressos,DiligentDonuts,9196877
2026-07-06T06:05:30.032646,2026-07-06T06:05:30.040904+00:00,161.9,23,ask,EarnestEspressos,Xuanyu Liu,9196881
2026-07-06T06:05:30.508852,2026-07-06T06:05:30.516124+00:00,161.9,27,ask,EarnestEspressos,CostlyCorianders,9196885
2026-07-06T06:05:30.508852,2026-07-06T06:05:30.521388+00:00,161.4,15,ask,DiligentDonuts,CostlyCorianders,9196886
2026-07-06T06:05:31.466944,2026-07-06T06:05:31.474196+00:00,161.4,50,ask,DiligentDonuts,FlawlessFlatbreads,9196894
2026-07-06T06:05:32.662609,2026-07-06T06:05:32.673980+00:00,161.5,49,ask,DiligentDonuts,CostlyCorianders,9196913
2026-07-06T06:05:33.009597,2026-07-06T06:05:33.018794+00:00,161.6,12,bid,Xuanyu Liu,EarnestEspressos,9196921
2026-07-06T06:05:33.573659,2026-07-06T06:05:33.585263+00:00,161.5,50,ask,DiligentDonuts,FlawlessFlatbreads,9196933
2026-07-06T06:05:33.664309,2026-07-06T06:05:33.673612+00:00,161.6,47,bid,CostlyCorianders,EarnestEspressos,9196936
2026-07-06T06:05:35.258310,2026-07-06T06:05:35.270175+00:00,161.6,42,bid,CostlyCorianders,EarnestEspressos,9196956
2026-07-06T06:05:35.694533,2026-07-06T06:05:35.702119+00:00,161.6,11,bid,Xuanyu Liu,EarnestEspressos,9196963
2026-07-06T06:05:35.701764,2026-07-06T06:05:35.717342+00:00,161.2,50,ask,DiligentDonuts,FlawlessFlatbreads,9196965
2026-07-06T06:05:36.109166,2026-07-06T06:05:36.120850+00:00,161.7,100,bid,EarnestEspressos,DiligentDonuts,9196967
2026-07-06T06:05:37.807270,2026-07-06T06:05:37.819189+00:00,161.7,50,ask,EarnestEspressos,FlawlessFlatbreads,9196988
2026-07-06T06:05:39.873725,2026-07-06T06:05:39.888255+00:00,161.6,50,bid,FlawlessFlatbreads,EarnestEspressos,9197012
2026-07-06T06:05:40.390569,2026-07-06T06:05:40.402113+00:00,161.6,44,bid,CostlyCorianders,EarnestEspressos,9197020
2026-07-06T06:05:40.531823,2026-07-06T06:05:40.540319+00:00,161.6,12,bid,Xuanyu Liu,EarnestEspressos,9197024
2026-07-06T06:05:41.177355,2026-07-06T06:05:41.188831+00:00,161.6,44,bid,DiligentDonuts,EarnestEspressos,9197034
2026-07-06T06:05:41.720231,2026-07-06T06:05:41.730508+00:00,161.6,13,ask,DiligentDonuts,Kaleb Liu,9197038
2026-07-06T06:05:42.959649,2026-07-06T06:05:42.969190+00:00,161.9,12,ask,EarnestEspressos,Xuanyu Liu,9197057
2026-07-06T06:05:44.083440,2026-07-06T06:05:44.095434+00:00,162.1,50,bid,FlawlessFlatbreads,DiligentDonuts,9197075
2026-07-06T06:05:44.180664,2026-07-06T06:05:44.190386+00:00,161.9,11,ask,EarnestEspressos,Xuanyu Liu,9197083
2026-07-06T06:05:44.406900,2026-07-06T06:05:44.418478+00:00,161.9,100,ask,EarnestEspressos,DiligentDonuts,9197086
2026-07-06T06:05:44.714894,2026-07-06T06:05:44.729599+00:00,161.9,12,ask,EarnestEspressos,Xuanyu Liu,9197097
2026-07-06T06:05:45.660979,2026-07-06T06:05:45.670514+00:00,161.6,23,bid,Xuanyu Liu,EarnestEspressos,9197116
2026-07-06T06:05:46.242263,2026-07-06T06:05:46.254074+00:00,161.4,50,ask,DiligentDonuts,FlawlessFlatbreads,9197128
2026-07-06T06:05:48.370102,2026-07-06T06:05:48.379977+00:00,161.4,50,ask,DiligentDonuts,FlawlessFlatbreads,9197160
2026-07-06T06:05:50.476512,2026-07-06T06:05:50.483398+00:00,161.4,50,ask,DiligentDonuts,FlawlessFlatbreads,9197185
2026-07-06T06:05:52.586646,2026-07-06T06:05:52.600825+00:00,161.2,50,ask,DiligentDonuts,FlawlessFlatbreads,9197211
2026-07-06T06:05:53.869034,2026-07-06T06:05:53.880589+00:00,161.1,42,ask,EarnestEspressos,CostlyCorianders,9197230
2026-07-06T06:05:54.383088,2026-07-06T06:05:54.389725+00:00,161.1,44,ask,EarnestEspressos,CostlyCorianders,9197234
2026-07-06T06:05:54.642380,2026-07-06T06:05:54.652942+00:00,161.3,50,bid,FlawlessFlatbreads,DiligentDonuts,9197237
2026-07-06T06:05:55.159539,2026-07-06T06:05:55.169188+00:00,161.1,23,bid,Xuanyu Liu,EarnestEspressos,9197245
2026-07-06T06:05:56.268716,2026-07-06T06:05:56.284519+00:00,161.1,48,bid,CostlyCorianders,EarnestEspressos,9197258
2026-07-06T06:05:56.296331,2026-07-06T06:05:56.305554+00:00,161.1,11,bid,Xuanyu Liu,EarnestEspressos,9197261
2026-07-06T06:05:56.750898,2026-07-06T06:05:56.758560+00:00,161.1,50,bid,FlawlessFlatbreads,EarnestEspressos,9197266
2026-07-06T06:05:56.852304,2026-07-06T06:05:56.858601+00:00,161.1,13,bid,Kaleb Liu,EarnestEspressos,9197271
2026-07-06T06:05:57.036139,2026-07-06T06:05:57.047984+00:00,161.1,5,bid,DiligentDonuts,EarnestEspressos,9197274
2026-07-06T06:05:57.866404,2026-07-06T06:05:57.877561+00:00,161.1,5,ask,DiligentDonuts,Kaleb Liu,9197289
2026-07-06T06:05:58.934180,2026-07-06T06:05:58.945605+00:00,161.2,50,ask,EarnestEspressos,FlawlessFlatbreads,9197296
2026-07-06T06:06:00.237648,2026-07-06T06:06:00.245295+00:00,161.2,42,ask,EarnestEspressos,CostlyCorianders,9197310
2026-07-06T06:06:01.040246,2026-07-06T06:06:01.047438+00:00,161.2,50,ask,EarnestEspressos,FlawlessFlatbreads,9197323
2026-07-06T06:06:03.452463,2026-07-06T06:06:03.464042+00:00,161.2,46,bid,CostlyCorianders,EarnestEspressos,9197343
2026-07-06T06:06:05.198834,2026-07-06T06:06:05.207688+00:00,161.4,50,bid,FlawlessFlatbreads,EarnestEspressos,9197357
2026-07-06T06:06:05.413435,2026-07-06T06:06:05.421625+00:00,161.4,49,bid,CostlyCorianders,EarnestEspressos,9197361
2026-07-06T06:06:07.014090,2026-07-06T06:06:07.026012+00:00,161.1,45,ask,DiligentDonuts,CostlyCorianders,9197377
2026-07-06T06:06:07.306292,2026-07-06T06:06:07.318692+00:00,161.4,50,bid,FlawlessFlatbreads,EarnestEspressos,9197382
2026-07-06T06:06:07.738977,2026-07-06T06:06:07.748109+00:00,161.6,100,bid,EarnestEspressos,DiligentDonuts,9197384
2026-07-06T06:06:07.806669,2026-07-06T06:06:07.817123+00:00,161.6,34,ask,EarnestEspressos,Xuanyu Liu,9197385
2026-07-06T06:06:08.046404,2026-07-06T06:06:08.054754+00:00,161.6,16,ask,EarnestEspressos,Xuanyu Liu,9197391
2026-07-06T06:06:09.413664,2026-07-06T06:06:09.425255+00:00,162.1,50,bid,FlawlessFlatbreads,EarnestEspressos,9197411
2026-07-06T06:06:09.960754,2026-07-06T06:06:09.969249+00:00,160.9,8,ask,DiligentDonuts,Kaleb Liu,9197421
2026-07-06T06:06:10.033173,2026-07-06T06:06:10.045318+00:00,160.9,49,ask,DiligentDonuts,CostlyCorianders,9197422
2026-07-06T06:06:11.521345,2026-07-06T06:06:11.564112+00:00,161.4,50,bid,FlawlessFlatbreads,DiligentDonuts,9197441
2026-07-06T06:06:11.695921,2026-07-06T06:06:11.707405+00:00,161.4,40,bid,CostlyCorianders,DiligentDonuts,9197444
2026-07-06T06:06:13.679760,2026-07-06T06:06:13.691411+00:00,161.1,50,ask,DiligentDonuts,FlawlessFlatbreads,9197460
2026-07-06T06:06:15.714282,2026-07-06T06:06:15.725661+00:00,161.1,41,ask,DiligentDonuts,CostlyCorianders,9197476
2026-07-06T06:06:15.736437,2026-07-06T06:06:15.745410+00:00,161.4,50,bid,FlawlessFlatbreads,EarnestEspressos,9197478
2026-07-06T06:06:16.100457,2026-07-06T06:06:16.111400+00:00,161.2,5,bid,Xuanyu Liu,DiligentDonuts,9197484
2026-07-06T06:06:16.368224,2026-07-06T06:06:16.377072+00:00,160.9,48,ask,EarnestEspressos,CostlyCorianders,9197488
2026-07-06T06:06:16.806391,2026-07-06T06:06:16.817010+00:00,161.2,11,bid,Xuanyu Liu,DiligentDonuts,9197494
2026-07-06T06:06:17.893844,2026-07-06T06:06:17.905813+00:00,160.9,50,ask,EarnestEspressos,FlawlessFlatbreads,9197508
2026-07-06T06:06:18.037620,2026-07-06T06:06:18.047356+00:00,161.2,34,bid,Xuanyu Liu,DiligentDonuts,9197511
2026-07-06T06:06:18.063885,2026-07-06T06:06:18.075305+00:00,161.2,13,bid,Kaleb Liu,DiligentDonuts,9197514
2026-07-06T06:06:19.950778,2026-07-06T06:06:19.958604+00:00,161.4,50,bid,FlawlessFlatbreads,EarnestEspressos,9197537
2026-07-06T06:06:20.598976,2026-07-06T06:06:20.610791+00:00,161.5,41,bid,CostlyCorianders,DiligentDonuts,9197546
2026-07-06T06:06:21.191063,2026-07-06T06:06:21.200284+00:00,161.2,11,ask,EarnestEspressos,Xuanyu Liu,9197551
2026-07-06T06:06:22.632781,2026-07-06T06:06:22.644342+00:00,161.7,48,bid,CostlyCorianders,EarnestEspressos,9197569
2026-07-06T06:06:22.687815,2026-07-06T06:06:22.699285+00:00,161.2,43,ask,EarnestEspressos,CostlyCorianders,9197571
2026-07-06T06:06:24.137284,2026-07-06T06:06:24.147171+00:00,161.2,11,ask,DiligentDonuts,Xuanyu Liu,9197594
2026-07-06T06:06:25.826323,2026-07-06T06:06:25.838154+00:00,161.0,48,ask,EarnestEspressos,CostlyCorianders,9197622
2026-07-06T06:06:26.317698,2026-07-06T06:06:26.329521+00:00,161.0,50,ask,EarnestEspressos,FlawlessFlatbreads,9197629
2026-07-06T06:06:26.772452,2026-07-06T06:06:26.784302+00:00,161.0,100,ask,DiligentDonuts,EarnestEspressos,9197633
2026-07-06T06:06:26.785446,2026-07-06T06:06:26.794060+00:00,161.0,11,bid,Xuanyu Liu,EarnestEspressos,9197634
2026-07-06T06:06:27.705617,2026-07-06T06:06:27.714229+00:00,161.0,11,bid,Xuanyu Liu,EarnestEspressos,9197649
2026-07-06T06:06:28.312543,2026-07-06T06:06:28.322461+00:00,161.0,12,bid,Xuanyu Liu,EarnestEspressos,9197657
2026-07-06T06:06:28.424329,2026-07-06T06:06:28.435983+00:00,160.5,50,ask,EarnestEspressos,FlawlessFlatbreads,9197659
2026-07-06T06:06:28.680655,2026-07-06T06:06:28.692141+00:00,161.0,16,bid,DiligentDonuts,EarnestEspressos,9197661
2026-07-06T06:06:28.979131,2026-07-06T06:06:28.990754+00:00,161.5,42,bid,CostlyCorianders,DiligentDonuts,9197665
2026-07-06T06:06:30.531628,2026-07-06T06:06:30.539651+00:00,161.2,50,ask,EarnestEspressos,FlawlessFlatbreads,9197696
2026-07-06T06:06:31.712820,2026-07-06T06:06:31.724836+00:00,161.5,41,bid,CostlyCorianders,DiligentDonuts,9197710
2026-07-06T06:06:32.277207,2026-07-06T06:06:32.287996+00:00,161.2,48,ask,EarnestEspressos,CostlyCorianders,9197720
2026-07-06T06:06:32.622196,2026-07-06T06:06:32.631776+00:00,161.2,12,ask,EarnestEspressos,Xuanyu Liu,9197726
2026-07-06T06:06:32.640206,2026-07-06T06:06:32.647041+00:00,161.2,40,ask,EarnestEspressos,FlawlessFlatbreads,9197728
2026-07-06T06:06:32.640206,2026-07-06T06:06:32.652244+00:00,161.2,10,ask,DiligentDonuts,FlawlessFlatbreads,9197729
2026-07-06T06:06:33.099480,2026-07-06T06:06:33.111505+00:00,161.2,90,ask,DiligentDonuts,EarnestEspressos,9197740
2026-07-06T06:06:33.832721,2026-07-06T06:06:33.841324+00:00,161.2,12,bid,Xuanyu Liu,EarnestEspressos,9197750
2026-07-06T06:06:34.189444,2026-07-06T06:06:34.197896+00:00,161.2,28,bid,Kaleb Liu,EarnestEspressos,9197758
2026-07-06T06:06:36.803695,2026-07-06T06:06:36.819899+00:00,161.6,50,bid,FlawlessFlatbreads,DiligentDonuts,9197792
2026-07-06T06:06:38.910625,2026-07-06T06:06:38.922322+00:00,161.6,50,bid,FlawlessFlatbreads,DiligentDonuts,9197816
2026-07-06T06:06:39.212641,2026-07-06T06:06:39.226380+00:00,161.6,43,bid,CostlyCorianders,DiligentDonuts,9197818
2026-07-06T06:06:41.042882,2026-07-06T06:06:41.054746+00:00,161.6,7,bid,FlawlessFlatbreads,DiligentDonuts,9197838
2026-07-06T06:06:41.042882,2026-07-06T06:06:41.054746+00:00,161.7,43,bid,FlawlessFlatbreads,EarnestEspressos,9197839
2026-07-06T06:06:41.359579,2026-07-06T06:06:41.367810+00:00,161.4,23,ask,DiligentDonuts,Xuanyu Liu,9197843
2026-07-06T06:06:42.252612,2026-07-06T06:06:42.263899+00:00,161.4,46,ask,DiligentDonuts,CostlyCorianders,9197854
2026-07-06T06:06:42.263767,2026-07-06T06:06:42.274374+00:00,161.4,7,ask,DiligentDonuts,Kaleb Liu,9197856
2026-07-06T06:06:43.410993,2026-07-06T06:06:43.422496+00:00,161.8,49,bid,CostlyCorianders,EarnestEspressos,9197868
2026-07-06T06:06:45.267006,2026-07-06T06:06:45.274825+00:00,161.7,50,bid,FlawlessFlatbreads,DiligentDonuts,9197891
2026-07-06T06:06:45.291260,2026-07-06T06:06:45.300677+00:00,161.7,6,bid,Kaleb Liu,DiligentDonuts,9197894
2026-07-06T06:06:46.136346,2026-07-06T06:06:46.146725+00:00,161.5,11,ask,EarnestEspressos,Xuanyu Liu,9197901
2026-07-06T06:06:46.305660,2026-07-06T06:06:46.315742+00:00,161.5,10,ask,EarnestEspressos,Kaleb Liu,9197906
2026-07-06T06:06:46.846299,2026-07-06T06:06:46.864015+00:00,161.7,44,bid,CostlyCorianders,DiligentDonuts,9197914
2026-07-06T06:06:47.375359,2026-07-06T06:06:47.387194+00:00,162.0,50,bid,FlawlessFlatbreads,EarnestEspressos,9197917
2026-07-06T06:06:48.394582,2026-07-06T06:06:48.404175+00:00,161.6,12,ask,DiligentDonuts,Xuanyu Liu,9197923
2026-07-06T06:06:49.329050,2026-07-06T06:06:49.340525+00:00,161.6,4,ask,DiligentDonuts,Kaleb Liu,9197944
2026-07-06T06:06:49.513610,2026-07-06T06:06:49.521840+00:00,162.1,50,bid,FlawlessFlatbreads,DiligentDonuts,9197946
2026-07-06T06:06:51.620864,2026-07-06T06:06:51.632295+00:00,162.1,50,bid,FlawlessFlatbreads,EarnestEspressos,9197969
2026-07-06T06:06:52.038954,2026-07-06T06:06:52.047247+00:00,161.8,11,ask,EarnestEspressos,Xuanyu Liu,9197980
2026-07-06T06:06:52.103462,2026-07-06T06:06:52.114889+00:00,161.8,43,ask,EarnestEspressos,CostlyCorianders,9197982
2026-07-06T06:06:52.353800,2026-07-06T06:06:52.357844+00:00,161.8,5,ask,EarnestEspressos,Kaleb Liu,9197986
2026-07-06T06:06:52.691578,2026-07-06T06:06:52.700016+00:00,161.8,12,ask,EarnestEspressos,Xuanyu Liu,9197992
2026-07-06T06:06:53.187108,2026-07-06T06:06:53.195711+00:00,161.8,42,ask,EarnestEspressos,CostlyCorianders,9198001
2026-07-06T06:06:53.367289,2026-07-06T06:06:53.373878+00:00,161.8,6,ask,EarnestEspressos,Kaleb Liu,9198005
2026-07-06T06:06:53.728365,2026-07-06T06:06:53.735046+00:00,162.1,50,bid,FlawlessFlatbreads,DiligentDonuts,9198008
2026-07-06T06:06:55.240272,2026-07-06T06:06:55.251877+00:00,161.7,100,ask,DiligentDonuts,EarnestEspressos,9198028
2026-07-06T06:06:55.834063,2026-07-06T06:06:55.845661+00:00,161.7,50,bid,FlawlessFlatbreads,EarnestEspressos,9198039
2026-07-06T06:06:57.395689,2026-07-06T06:06:57.402970+00:00,161.3,7,ask,DiligentDonuts,Kaleb Liu,9198060
2026-07-06T06:06:57.942716,2026-07-06T06:06:57.958547+00:00,161.8,50,bid,FlawlessFlatbreads,DiligentDonuts,9198067
2026-07-06T06:06:58.350658,2026-07-06T06:06:58.357158+00:00,161.8,50,bid,EarnestEspressos,DiligentDonuts,9198077
2026-07-06T06:06:58.419609,2026-07-06T06:06:58.428587+00:00,162.1,11,ask,EarnestEspressos,Xuanyu Liu,9198079
2026-07-06T06:06:59.335458,2026-07-06T06:06:59.347042+00:00,162.1,43,ask,EarnestEspressos,CostlyCorianders,9198091
2026-07-06T06:07:00.066742,2026-07-06T06:07:00.078226+00:00,162.6,50,bid,FlawlessFlatbreads,EarnestEspressos,9198097
2026-07-06T06:07:00.559602,2026-07-06T06:07:00.568133+00:00,162.1,3,ask,EarnestEspressos,Xuanyu Liu,9198105
2026-07-06T06:07:00.927437,2026-07-06T06:07:00.939002+00:00,162.1,43,ask,EarnestEspressos,CostlyCorianders,9198109
2026-07-06T06:07:02.175147,2026-07-06T06:07:02.182844+00:00,162.1,50,bid,FlawlessFlatbreads,EarnestEspressos,9198125
2026-07-06T06:07:04.282260,2026-07-06T06:07:04.294256+00:00,162.1,50,bid,FlawlessFlatbreads,EarnestEspressos,9198154
2026-07-06T06:07:04.492094,2026-07-06T06:07:04.500088+00:00,162.1,3,bid,Xuanyu Liu,EarnestEspressos,9198161
2026-07-06T06:07:05.193367,2026-07-06T06:07:05.204822+00:00,162.4,43,bid,CostlyCorianders,DiligentDonuts,9198165
2026-07-06T06:07:05.346937,2026-07-06T06:07:05.354662+00:00,162.3,3,ask,EarnestEspressos,Xuanyu Liu,9198168
2026-07-06T06:07:05.456044,2026-07-06T06:07:05.456017+00:00,162.3,8,ask,EarnestEspressos,Kaleb Liu,9198172
2026-07-06T06:07:06.388767,2026-07-06T06:07:06.400587+00:00,162.4,50,bid,FlawlessFlatbreads,DiligentDonuts,9198180
2026-07-06T06:07:07.485994,2026-07-06T06:07:07.495843+00:00,162.3,12,ask,EarnestEspressos,Kaleb Liu,9198192
2026-07-06T06:07:08.524200,2026-07-06T06:07:08.535003+00:00,162.5,50,bid,FlawlessFlatbreads,EarnestEspressos,9198209
2026-07-06T06:07:09.323455,2026-07-06T06:07:09.332111+00:00,162.3,45,ask,DiligentDonuts,CostlyCorianders,9198215
2026-07-06T06:07:10.388340,2026-07-06T06:07:10.400184+00:00,162.4,45,bid,CostlyCorianders,DiligentDonuts,9198232
2026-07-06T06:07:10.692968,2026-07-06T06:07:10.708968+00:00,162.0,50,ask,EarnestEspressos,FlawlessFlatbreads,9198234
2026-07-06T06:07:11.515213,2026-07-06T06:07:11.525224+00:00,162.4,48,bid,CostlyCorianders,DiligentDonuts,9198246
2026-07-06T06:07:12.014703,2026-07-06T06:07:12.025010+00:00,161.9,43,ask,DiligentDonuts,CostlyCorianders,9198252
2026-07-06T06:07:12.749218,2026-07-06T06:07:12.755738+00:00,162.4,7,bid,FlawlessFlatbreads,DiligentDonuts,9198266
2026-07-06T06:07:12.749218,2026-07-06T06:07:12.755738+00:00,162.4,43,bid,FlawlessFlatbreads,EarnestEspressos,9198267
2026-07-06T06:07:13.023559,2026-07-06T06:07:13.035408+00:00,162.4,100,bid,DiligentDonuts,EarnestEspressos,9198269
2026-07-06T06:07:13.452931,2026-07-06T06:07:13.464526+00:00,162.4,7,bid,CostlyCorianders,EarnestEspressos,9198275
2026-07-06T06:07:13.452931,2026-07-06T06:07:13.464526+00:00,162.9,41,bid,CostlyCorianders,DiligentDonuts,9198276
2026-07-06T06:07:14.181957,2026-07-06T06:07:14.190446+00:00,162.7,14,ask,EarnestEspressos,Xuanyu Liu,9198283
2026-07-06T06:07:14.202802,2026-07-06T06:07:14.210844+00:00,162.7,136,ask,EarnestEspressos,Tanishq Panjwani,9198286
2026-07-06T06:07:17.012062,2026-07-06T06:07:17.020563+00:00,162.2,50,ask,DiligentDonuts,FlawlessFlatbreads,9198325
2026-07-06T06:07:18.704833,2026-07-06T06:07:18.713179+00:00,162.2,49,ask,DiligentDonuts,CostlyCorianders,9198349
2026-07-06T06:07:18.945378,2026-07-06T06:07:18.953683+00:00,162.7,11,bid,Xuanyu Liu,DiligentDonuts,9198354
2026-07-06T06:07:19.120245,2026-07-06T06:07:19.131856+00:00,162.2,1,ask,DiligentDonuts,FlawlessFlatbreads,9198356
2026-07-06T06:07:19.120245,2026-07-06T06:07:19.131856+00:00,162.2,49,ask,EarnestEspressos,FlawlessFlatbreads,9198357
2026-07-06T06:07:19.436933,2026-07-06T06:07:19.446567+00:00,162.6,3,bid,Xuanyu Liu,DiligentDonuts,9198359
2026-07-06T06:07:21.229320,2026-07-06T06:07:21.237933+00:00,162.2,50,ask,EarnestEspressos,FlawlessFlatbreads,9198383
2026-07-06T06:07:23.336567,2026-07-06T06:07:23.341326+00:00,162.2,50,ask,EarnestEspressos,FlawlessFlatbreads,9198408
2026-07-06T06:07:23.736177,2026-07-06T06:07:23.744664+00:00,162.3,3,bid,Xuanyu Liu,EarnestEspressos,9198413
2026-07-06T06:07:23.743580,2026-07-06T06:07:23.759884+00:00,162.3,136,bid,Tanishq Panjwani,EarnestEspressos,9198415
2026-07-06T06:07:25.442987,2026-07-06T06:07:25.454368+00:00,162.1,50,ask,DiligentDonuts,FlawlessFlatbreads,9198439
2026-07-06T06:07:26.447978,2026-07-06T06:07:26.458597+00:00,162.3,11,bid,CostlyCorianders,EarnestEspressos,9198454
2026-07-06T06:07:26.447978,2026-07-06T06:07:26.458597+00:00,162.6,38,bid,CostlyCorianders,DiligentDonuts,9198455
2026-07-06T06:07:27.551262,2026-07-06T06:07:27.558591+00:00,162.4,50,ask,EarnestEspressos,FlawlessFlatbreads,9198467
2026-07-06T06:07:29.102870,2026-07-06T06:07:29.114347+00:00,162.4,47,ask,EarnestEspressos,CostlyCorianders,9198485
2026-07-06T06:07:29.624335,2026-07-06T06:07:29.633590+00:00,162.7,40,bid,CostlyCorianders,DiligentDonuts,9198492
2026-07-06T06:07:29.661835,2026-07-06T06:07:29.673796+00:00,162.4,50,ask,EarnestEspressos,FlawlessFlatbreads,9198493
2026-07-06T06:07:31.142463,2026-07-06T06:07:31.158583+00:00,162.3,41,bid,CostlyCorianders,EarnestEspressos,9198509
2026-07-06T06:07:31.769753,2026-07-06T06:07:31.781431+00:00,162.2,50,ask,DiligentDonuts,FlawlessFlatbreads,9198517
2026-07-06T06:07:33.877640,2026-07-06T06:07:33.889231+00:00,162.0,50,ask,DiligentDonuts,FlawlessFlatbreads,9198549
2026-07-06T06:07:35.986021,2026-07-06T06:07:35.997731+00:00,161.9,50,ask,EarnestEspressos,FlawlessFlatbreads,9198581
2026-07-06T06:07:36.783873,2026-07-06T06:07:36.793955+00:00,162.3,11,bid,Xuanyu Liu,EarnestEspressos,9198586
2026-07-06T06:07:37.948616,2026-07-06T06:07:37.957363+00:00,161.9,46,ask,DiligentDonuts,CostlyCorianders,9198596
2026-07-06T06:07:38.093303,2026-07-06T06:07:38.104934+00:00,161.9,50,ask,DiligentDonuts,FlawlessFlatbreads,9198600
2026-07-06T06:07:38.762977,2026-07-06T06:07:38.773183+00:00,161.8,47,ask,EarnestEspressos,Kaleb Liu,9198610
2026-07-06T06:07:39.016012,2026-07-06T06:07:39.023914+00:00,162.2,47,bid,CostlyCorianders,DiligentDonuts,9198611
2026-07-06T06:07:39.779011,2026-07-06T06:07:39.785566+00:00,162.2,6,bid,Kaleb Liu,DiligentDonuts,9198620
2026-07-06T06:07:39.939596,2026-07-06T06:07:39.949660+00:00,162.2,12,bid,Xuanyu Liu,DiligentDonuts,9198623
2026-07-06T06:07:40.150779,2026-07-06T06:07:40.158582+00:00,162.2,35,bid,FlawlessFlatbreads,DiligentDonuts,9198628
2026-07-06T06:07:40.150779,2026-07-06T06:07:40.158582+00:00,162.2,15,bid,FlawlessFlatbreads,EarnestEspressos,9198629
2026-07-06T06:07:40.492965,2026-07-06T06:07:40.504410+00:00,161.7,48,ask,DiligentDonuts,CostlyCorianders,9198636
2026-07-06T06:07:40.792718,2026-07-06T06:07:40.802766+00:00,162.2,6,bid,Kaleb Liu,EarnestEspressos,9198642
2026-07-06T06:07:41.451718,2026-07-06T06:07:41.460470+00:00,162.2,47,bid,CostlyCorianders,EarnestEspressos,9198651
2026-07-06T06:07:42.259892,2026-07-06T06:07:42.271583+00:00,162.2,50,bid,FlawlessFlatbreads,EarnestEspressos,9198661
2026-07-06T06:07:42.511908,2026-07-06T06:07:42.523528+00:00,162.2,32,bid,CostlyCorianders,EarnestEspressos,9198664
2026-07-06T06:07:43.864882,2026-07-06T06:07:43.873995+00:00,162.3,12,ask,EarnestEspressos,Xuanyu Liu,9198682
2026-07-06T06:07:44.366653,2026-07-06T06:07:44.378093+00:00,162.4,50,bid,FlawlessFlatbreads,DiligentDonuts,9198690
2026-07-06T06:07:44.730800,2026-07-06T06:07:44.742538+00:00,162.3,100,ask,EarnestEspressos,DiligentDonuts,9198696
2026-07-06T06:07:46.474552,2026-07-06T06:07:46.490460+00:00,162.2,50,bid,FlawlessFlatbreads,EarnestEspressos,9198714
2026-07-06T06:07:47.840393,2026-07-06T06:07:47.852431+00:00,162.2,100,bid,DiligentDonuts,EarnestEspressos,9198731
2026-07-06T06:07:48.307876,2026-07-06T06:07:48.314855+00:00,161.7,12,ask,EarnestEspressos,Kaleb Liu,9198739
2026-07-06T06:07:48.579362,2026-07-06T06:07:48.591022+00:00,162.7,50,bid,FlawlessFlatbreads,DiligentDonuts,9198740
2026-07-06T06:07:49.782439,2026-07-06T06:07:49.794274+00:00,162.2,41,ask,EarnestEspressos,CostlyCorianders,9198758
2026-07-06T06:07:50.739101,2026-07-06T06:07:50.750546+00:00,162.2,50,ask,EarnestEspressos,FlawlessFlatbreads,9198768
2026-07-06T06:07:52.535823,2026-07-06T06:07:52.546511+00:00,162.2,46,ask,DiligentDonuts,CostlyCorianders,9198788
2026-07-06T06:07:52.845456,2026-07-06T06:07:52.858561+00:00,162.2,50,ask,DiligentDonuts,FlawlessFlatbreads,9198794
2026-07-06T06:07:53.090615,2026-07-06T06:07:53.105345+00:00,162.5,47,bid,CostlyCorianders,EarnestEspressos,9198797
2026-07-06T06:07:54.719326,2026-07-06T06:07:54.730932+00:00,162.0,49,ask,EarnestEspressos,CostlyCorianders,9198825
2026-07-06T06:07:54.912207,2026-07-06T06:07:54.921592+00:00,162.2,50,bid,FlawlessFlatbreads,DiligentDonuts,9198828
2026-07-06T06:07:56.317559,2026-07-06T06:07:56.327483+00:00,162.2,45,bid,CostlyCorianders,DiligentDonuts,9198848
2026-07-06T06:07:56.353899,2026-07-06T06:07:56.368867+00:00,162.2,1,bid,Kaleb Liu,DiligentDonuts,9198851
2026-07-06T06:07:56.914818,2026-07-06T06:07:56.926637+00:00,162.2,4,bid,CostlyCorianders,DiligentDonuts,9198856
2026-07-06T06:07:57.019541,2026-07-06T06:07:57.027615+00:00,162.4,50,bid,FlawlessFlatbreads,EarnestEspressos,9198859
2026-07-06T06:07:59.180403,2026-07-06T06:07:59.189817+00:00,162.2,50,ask,EarnestEspressos,FlawlessFlatbreads,9198887
2026-07-06T06:08:00.383113,2026-07-06T06:08:00.390244+00:00,162.2,1,ask,EarnestEspressos,Kaleb Liu,9198907
2026-07-06T06:08:01.286934,2026-07-06T06:08:01.298498+00:00,162.2,50,ask,EarnestEspressos,FlawlessFlatbreads,9198918
2026-07-06T06:08:03.421463,2026-07-06T06:08:03.429731+00:00,162.1,50,ask,DiligentDonuts,FlawlessFlatbreads,9198948
2026-07-06T06:08:05.413766,2026-07-06T06:08:05.425226+00:00,162.1,1,bid,Kaleb Liu,EarnestEspressos,9198979
2026-07-06T06:08:05.477030,2026-07-06T06:08:05.488459+00:00,162.1,50,bid,FlawlessFlatbreads,EarnestEspressos,9198981
2026-07-06T06:08:07.426016,2026-07-06T06:08:07.435375+00:00,162.1,43,bid,CostlyCorianders,EarnestEspressos,9199005
2026-07-06T06:08:07.479938,2026-07-06T06:08:07.491427+00:00,161.8,43,ask,DiligentDonuts,CostlyCorianders,9199011
2026-07-06T06:08:07.584324,2026-07-06T06:08:07.595915+00:00,162.1,50,bid,FlawlessFlatbreads,EarnestEspressos,9199015
2026-07-06T06:08:09.690986,2026-07-06T06:08:09.700183+00:00,162.3,50,bid,FlawlessFlatbreads,DiligentDonuts,9199039
2026-07-06T06:08:11.795851,2026-07-06T06:08:11.804628+00:00,162.4,50,bid,FlawlessFlatbreads,DiligentDonuts,9199059
2026-07-06T06:08:13.498391,2026-07-06T06:08:13.510089+00:00,162.3,1,ask,EarnestEspressos,Kaleb Liu,9199079
2026-07-06T06:08:13.909945,2026-07-06T06:08:13.921463+00:00,162.7,50,bid,FlawlessFlatbreads,DiligentDonuts,9199082
2026-07-06T06:08:14.332544,2026-07-06T06:08:14.341780+00:00,162.4,11,ask,EarnestEspressos,Xuanyu Liu,9199091
2026-07-06T06:08:14.833359,2026-07-06T06:08:14.844973+00:00,162.4,46,ask,EarnestEspressos,CostlyCorianders,9199099
2026-07-06T06:08:16.090642,2026-07-06T06:08:16.097105+00:00,162.4,50,ask,EarnestEspressos,FlawlessFlatbreads,9199106
2026-07-06T06:08:16.788751,2026-07-06T06:08:16.797388+00:00,162.7,49,bid,CostlyCorianders,DiligentDonuts,9199117
2026-07-06T06:08:18.197737,2026-07-06T06:08:18.209549+00:00,162.2,50,ask,DiligentDonuts,FlawlessFlatbreads,9199138
2026-07-06T06:08:19.437831,2026-07-06T06:08:19.449727+00:00,161.8,48,ask,EarnestEspressos,CostlyCorianders,9199154
2026-07-06T06:08:20.304831,2026-07-06T06:08:20.316377+00:00,162.1,50,ask,DiligentDonuts,EarnestEspressos,9199164
2026-07-06T06:08:20.669033,2026-07-06T06:08:20.693729+00:00,162.1,50,ask,DiligentDonuts,FlawlessFlatbreads,9199171
2026-07-06T06:08:20.684472,2026-07-06T06:08:20.693729+00:00,162.0,11,bid,Xuanyu Liu,EarnestEspressos,9199172
2026-07-06T06:08:21.582956,2026-07-06T06:08:21.595687+00:00,162.0,1,bid,Kaleb Liu,EarnestEspressos,9199195
2026-07-06T06:08:21.587541,2026-07-06T06:08:21.595687+00:00,162.0,12,bid,Xuanyu Liu,EarnestEspressos,9199196
2026-07-06T06:08:22.654103,2026-07-06T06:08:22.665628+00:00,161.7,41,ask,DiligentDonuts,CostlyCorianders,9199204
2026-07-06T06:08:23.632076,2026-07-06T06:08:23.643733+00:00,162.0,47,bid,CostlyCorianders,EarnestEspressos,9199218
2026-07-06T06:08:24.518561,2026-07-06T06:08:24.527904+00:00,162.0,50,ask,EarnestEspressos,FlawlessFlatbreads,9199232
2026-07-06T06:08:25.656912,2026-07-06T06:08:25.668580+00:00,162.2,49,bid,CostlyCorianders,DiligentDonuts,9199244
2026-07-06T06:08:26.615503,2026-07-06T06:08:26.626402+00:00,162.0,1,ask,EarnestEspressos,Kaleb Liu,9199266
2026-07-06T06:08:26.626199,2026-07-06T06:08:26.636775+00:00,162.0,50,ask,EarnestEspressos,FlawlessFlatbreads,9199267
2026-07-06T06:08:28.731819,2026-07-06T06:08:28.741141+00:00,162.0,50,ask,DiligentDonuts,FlawlessFlatbreads,9199298
2026-07-06T06:08:30.662989,2026-07-06T06:08:30.674388+00:00,162.2,1,bid,Kaleb Liu,EarnestEspressos,9199328
2026-07-06T06:08:30.838924,2026-07-06T06:08:30.847826+00:00,161.8,50,ask,DiligentDonuts,FlawlessFlatbreads,9199332
2026-07-06T06:08:32.685066,2026-07-06T06:08:32.693317+00:00,162.0,2,bid,Kaleb Liu,DiligentDonuts,9199355
2026-07-06T06:08:34.514798,2026-07-06T06:08:34.526234+00:00,161.7,49,ask,EarnestEspressos,CostlyCorianders,9199383
2026-07-06T06:08:35.058255,2026-07-06T06:08:35.069658+00:00,161.7,42,ask,EarnestEspressos,CostlyCorianders,9199397
2026-07-06T06:08:36.512681,2026-07-06T06:08:36.522460+00:00,161.5,11,bid,Xuanyu Liu,EarnestEspressos,9199408
2026-07-06T06:08:36.731515,2026-07-06T06:08:36.738286+00:00,161.5,3,bid,Kaleb Liu,EarnestEspressos,9199417
2026-07-06T06:08:37.101218,2026-07-06T06:08:37.108716+00:00,161.5,50,bid,FlawlessFlatbreads,EarnestEspressos,9199421
2026-07-06T06:08:37.342767,2026-07-06T06:08:37.352273+00:00,161.5,23,bid,Xuanyu Liu,EarnestEspressos,9199423
2026-07-06T06:08:39.207299,2026-07-06T06:08:39.219109+00:00,161.5,50,bid,FlawlessFlatbreads,EarnestEspressos,9199452
2026-07-06T06:08:39.529552,2026-07-06T06:08:39.541355+00:00,161.5,13,bid,CostlyCorianders,EarnestEspressos,9199455
2026-07-06T06:08:39.529552,2026-07-06T06:08:39.541355+00:00,161.7,33,bid,CostlyCorianders,DiligentDonuts,9199456
2026-07-06T06:08:40.626143,2026-07-06T06:08:40.637720+00:00,161.7,48,bid,CostlyCorianders,DiligentDonuts,9199469
2026-07-06T06:08:40.924201,2026-07-06T06:08:40.933196+00:00,161.6,11,ask,EarnestEspressos,Xuanyu Liu,9199474
2026-07-06T06:08:41.135605,2026-07-06T06:08:41.143459+00:00,161.7,19,bid,CostlyCorianders,DiligentDonuts,9199481
2026-07-06T06:08:41.189162,2026-07-06T06:08:41.198792+00:00,161.6,43,ask,EarnestEspressos,CostlyCorianders,9199482
2026-07-06T06:08:41.551006,2026-07-06T06:08:41.559185+00:00,161.6,12,ask,EarnestEspressos,Xuanyu Liu,9199487
2026-07-06T06:08:42.979434,2026-07-06T06:08:42.987643+00:00,161.4,48,ask,DiligentDonuts,CostlyCorianders,9199508
2026-07-06T06:08:43.471832,2026-07-06T06:08:43.480700+00:00,161.4,50,ask,DiligentDonuts,FlawlessFlatbreads,9199514
2026-07-06T06:08:44.947126,2026-07-06T06:08:44.958565+00:00,161.7,48,bid,CostlyCorianders,EarnestEspressos,9199540
2026-07-06T06:08:45.419712,2026-07-06T06:08:45.431754+00:00,161.7,49,bid,CostlyCorianders,EarnestEspressos,9199548
2026-07-06T06:08:45.477015,2026-07-06T06:08:45.484268+00:00,161.2,48,ask,EarnestEspressos,CostlyCorianders,9199550
2026-07-06T06:08:45.527914,2026-07-06T06:08:45.539712+00:00,161.7,50,bid,FlawlessFlatbreads,EarnestEspressos,9199552
2026-07-06T06:08:48.478305,2026-07-06T06:08:48.488040+00:00,161.7,44,bid,CostlyCorianders,DiligentDonuts,9199585
2026-07-06T06:08:48.532833,2026-07-06T06:08:48.544457+00:00,161.6,47,ask,EarnestEspressos,CostlyCorianders,9199586
2026-07-06T06:08:49.790540,2026-07-06T06:08:49.798333+00:00,161.4,50,ask,EarnestEspressos,FlawlessFlatbreads,9199608
2026-07-06T06:08:51.420616,2026-07-06T06:08:51.432453+00:00,161.4,47,ask,EarnestEspressos,CostlyCorianders,9199620
2026-07-06T06:08:51.897468,2026-07-06T06:08:51.907841+00:00,161.4,50,ask,EarnestEspressos,FlawlessFlatbreads,9199626
2026-07-06T06:08:52.307159,2026-07-06T06:08:52.328421+00:00,161.3,100,ask,DiligentDonuts,EarnestEspressos,9199629
2026-07-06T06:08:52.319820,2026-07-06T06:08:52.328421+00:00,161.3,12,bid,Xuanyu Liu,EarnestEspressos,9199630
2026-07-06T06:08:52.840343,2026-07-06T06:08:52.858752+00:00,161.3,4,bid,Kaleb Liu,EarnestEspressos,9199639
2026-07-06T06:08:53.117469,2026-07-06T06:08:53.125231+00:00,161.3,22,bid,Xuanyu Liu,EarnestEspressos,9199643
2026-07-06T06:08:53.931702,2026-07-06T06:08:53.943221+00:00,161.3,12,bid,CostlyCorianders,EarnestEspressos,9199656
2026-07-06T06:08:53.931702,2026-07-06T06:08:53.943221+00:00,161.8,36,bid,CostlyCorianders,DiligentDonuts,9199657
2026-07-06T06:08:54.005095,2026-07-06T06:08:54.014264+00:00,160.8,50,ask,EarnestEspressos,FlawlessFlatbreads,9199658
2026-07-06T06:08:54.548266,2026-07-06T06:08:54.558585+00:00,161.5,42,bid,CostlyCorianders,DiligentDonuts,9199666
2026-07-06T06:08:55.116056,2026-07-06T06:08:55.128124+00:00,161.0,44,ask,DiligentDonuts,CostlyCorianders,9199674
2026-07-06T06:08:56.126491,2026-07-06T06:08:56.135516+00:00,161.1,50,ask,EarnestEspressos,FlawlessFlatbreads,9199688
2026-07-06T06:08:58.233592,2026-07-06T06:08:58.245512+00:00,161.1,50,ask,EarnestEspressos,FlawlessFlatbreads,9199709
2026-07-06T06:08:59.419008,2026-07-06T06:08:59.431117+00:00,161.2,45,bid,CostlyCorianders,EarnestEspressos,9199721
2026-07-06T06:09:00.342851,2026-07-06T06:09:00.356830+00:00,161.1,50,ask,DiligentDonuts,FlawlessFlatbreads,9199729
2026-07-06T06:09:01.753890,2026-07-06T06:09:01.765384+00:00,161.3,49,bid,CostlyCorianders,DiligentDonuts,9199754
2026-07-06T06:09:02.398997,2026-07-06T06:09:02.410167+00:00,161.3,50,bid,FlawlessFlatbreads,DiligentDonuts,9199758
2026-07-06T06:09:03.194070,2026-07-06T06:09:03.205786+00:00,160.9,43,ask,EarnestEspressos,CostlyCorianders,9199766
2026-07-06T06:09:04.580705,2026-07-06T06:09:04.592204+00:00,161.0,50,ask,DiligentDonuts,EarnestEspressos,9199804
2026-07-06T06:09:04.949052,2026-07-06T06:09:04.955475+00:00,161.0,50,ask,DiligentDonuts,FlawlessFlatbreads,9199809
2026-07-06T06:09:05.638097,2026-07-06T06:09:05.648293+00:00,160.4,45,ask,EarnestEspressos,CostlyCorianders,9199816
2026-07-06T06:09:05.964226,2026-07-06T06:09:05.971021+00:00,160.9,5,bid,Kaleb Liu,EarnestEspressos,9199822
2026-07-06T06:09:06.686939,2026-07-06T06:09:06.698941+00:00,160.4,50,ask,EarnestEspressos,FlawlessFlatbreads,9199833
2026-07-06T06:09:06.978749,2026-07-06T06:09:06.993605+00:00,160.9,6,bid,Kaleb Liu,EarnestEspressos,9199836
2026-07-06T06:09:07.771373,2026-07-06T06:09:07.782999+00:00,160.9,43,bid,CostlyCorianders,EarnestEspressos,9199847
2026-07-06T06:09:10.899304,2026-07-06T06:09:10.906354+00:00,160.7,50,ask,EarnestEspressos,FlawlessFlatbreads,9199874
2026-07-06T06:09:12.502779,2026-07-06T06:09:12.510819+00:00,160.8,12,bid,Xuanyu Liu,EarnestEspressos,9199891
2026-07-06T06:09:12.954980,2026-07-06T06:09:12.966685+00:00,160.8,50,bid,FlawlessFlatbreads,EarnestEspressos,9199897
2026-07-06T06:09:13.035225,2026-07-06T06:09:13.045315+00:00,160.8,8,bid,Kaleb Liu,EarnestEspressos,9199900
2026-07-06T06:09:13.423783,2026-07-06T06:09:13.435726+00:00,160.7,44,ask,DiligentDonuts,CostlyCorianders,9199908
2026-07-06T06:09:15.069438,2026-07-06T06:09:15.081434+00:00,161.2,50,bid,FlawlessFlatbreads,DiligentDonuts,9199933
2026-07-06T06:09:18.010005,2026-07-06T06:09:18.021695+00:00,161.2,41,bid,CostlyCorianders,DiligentDonuts,9199966
2026-07-06T06:09:19.342482,2026-07-06T06:09:19.358554+00:00,160.7,50,ask,DiligentDonuts,FlawlessFlatbreads,9199977
2026-07-06T06:09:20.128668,2026-07-06T06:09:20.136345+00:00,161.2,43,bid,CostlyCorianders,EarnestEspressos,9199995
2026-07-06T06:09:20.627126,2026-07-06T06:09:20.635110+00:00,160.7,49,ask,EarnestEspressos,CostlyCorianders,9200003
2026-07-06T06:09:21.448978,2026-07-06T06:09:21.458637+00:00,160.7,50,ask,DiligentDonuts,FlawlessFlatbreads,9200010
2026-07-06T06:09:23.502553,2026-07-06T06:09:23.512192+00:00,161.0,50,bid,FlawlessFlatbreads,DiligentDonuts,9200031
2026-07-06T06:09:24.333369,2026-07-06T06:09:24.339783+00:00,160.6,48,ask,EarnestEspressos,CostlyCorianders,9200040
2026-07-06T06:09:25.609941,2026-07-06T06:09:25.621585+00:00,161.0,50,bid,FlawlessFlatbreads,DiligentDonuts,9200052
2026-07-06T06:09:27.008339,2026-07-06T06:09:27.018903+00:00,161.1,43,bid,CostlyCorianders,EarnestEspressos,9200075
2026-07-06T06:09:27.717092,2026-07-06T06:09:27.732748+00:00,160.9,50,bid,FlawlessFlatbreads,EarnestEspressos,9200083
2026-07-06T06:09:28.636764,2026-07-06T06:09:28.648302+00:00,160.8,41,ask,DiligentDonuts,CostlyCorianders,9200093
2026-07-06T06:09:29.822735,2026-07-06T06:09:29.830063+00:00,160.9,50,bid,FlawlessFlatbreads,EarnestEspressos,9200104
2026-07-06T06:09:30.259692,2026-07-06T06:09:30.270116+00:00,161.1,12,ask,EarnestEspressos,Xuanyu Liu,9200106
2026-07-06T06:09:30.769570,2026-07-06T06:09:30.781604+00:00,161.2,40,bid,CostlyCorianders,DiligentDonuts,9200116
2026-07-06T06:09:31.431643,2026-07-06T06:09:31.440225+00:00,161.1,11,ask,EarnestEspressos,Xuanyu Liu,9200123
2026-07-06T06:09:31.798500,2026-07-06T06:09:31.809960+00:00,161.2,43,bid,CostlyCorianders,DiligentDonuts,9200130
2026-07-06T06:09:31.979672,2026-07-06T06:09:31.991506+00:00,161.1,50,ask,EarnestEspressos,FlawlessFlatbreads,9200134
2026-07-06T06:09:34.088494,2026-07-06T06:09:34.100196+00:00,160.9,50,ask,DiligentDonuts,FlawlessFlatbreads,9200151
2026-07-06T06:09:34.231295,2026-07-06T06:09:34.240453+00:00,160.9,43,ask,DiligentDonuts,CostlyCorianders,9200155
2026-07-06T06:09:36.693556,2026-07-06T06:09:36.702403+00:00,161.2,11,bid,Xuanyu Liu,DiligentDonuts,9200182
2026-07-06T06:09:36.729069,2026-07-06T06:09:36.735583+00:00,161.2,40,bid,CostlyCorianders,DiligentDonuts,9200184
2026-07-06T06:09:37.241498,2026-07-06T06:09:37.251598+00:00,160.9,47,ask,EarnestEspressos,CostlyCorianders,9200188
2026-07-06T06:09:38.300238,2026-07-06T06:09:38.311696+00:00,160.9,50,ask,EarnestEspressos,FlawlessFlatbreads,9200200
2026-07-06T06:09:38.381683,2026-07-06T06:09:38.392105+00:00,161.2,45,bid,CostlyCorianders,DiligentDonuts,9200203
2026-07-06T06:09:38.581667,2026-07-06T06:09:38.593533+00:00,161.4,100,bid,DiligentDonuts,EarnestEspressos,9200208
2026-07-06T06:09:39.413879,2026-07-06T06:09:39.425379+00:00,160.9,44,ask,EarnestEspressos,CostlyCorianders,9200212
2026-07-06T06:09:40.408195,2026-07-06T06:09:40.416685+00:00,160.9,50,ask,EarnestEspressos,FlawlessFlatbreads,9200220
2026-07-06T06:09:41.451483,2026-07-06T06:09:41.460162+00:00,161.4,44,bid,CostlyCorianders,EarnestEspressos,9200233
2026-07-06T06:09:42.462579,2026-07-06T06:09:42.474079+00:00,161.4,50,bid,FlawlessFlatbreads,EarnestEspressos,9200253
2026-07-06T06:09:45.734404,2026-07-06T06:09:45.746032+00:00,160.9,43,ask,EarnestEspressos,CostlyCorianders,9200298
2026-07-06T06:09:48.239334,2026-07-06T06:09:48.251124+00:00,161.3,44,bid,CostlyCorianders,EarnestEspressos,9200329
2026-07-06T06:09:48.779539,2026-07-06T06:09:48.788031+00:00,161.3,50,bid,FlawlessFlatbreads,EarnestEspressos,9200336
2026-07-06T06:09:50.886066,2026-07-06T06:09:50.892727+00:00,161.5,50,bid,FlawlessFlatbreads,DiligentDonuts,9200364
2026-07-06T06:09:52.992082,2026-07-06T06:09:53.003888+00:00,161.6,50,bid,FlawlessFlatbreads,DiligentDonuts,9200386
2026-07-06T06:09:55.004447,2026-07-06T06:09:55.016084+00:00,161.3,42,ask,DiligentDonuts,CostlyCorianders,9200424
2026-07-06T06:09:55.099163,2026-07-06T06:09:55.110682+00:00,161.7,50,bid,FlawlessFlatbreads,EarnestEspressos,9200425
2026-07-06T06:09:55.579989,2026-07-06T06:09:55.589299+00:00,161.5,11,ask,EarnestEspressos,Xuanyu Liu,9200427
2026-07-06T06:09:57.207858,2026-07-06T06:09:57.218468+00:00,161.8,50,bid,FlawlessFlatbreads,DiligentDonuts,9200450
2026-07-06T06:09:58.075287,2026-07-06T06:09:58.086906+00:00,161.5,42,ask,EarnestEspressos,CostlyCorianders,9200460
2026-07-06T06:09:59.085773,2026-07-06T06:09:59.097409+00:00,161.8,47,bid,CostlyCorianders,DiligentDonuts,9200473
2026-07-06T06:09:59.313965,2026-07-06T06:09:59.326066+00:00,161.8,50,bid,FlawlessFlatbreads,DiligentDonuts,9200475
2026-07-06T06:10:00.730164,2026-07-06T06:10:00.740885+00:00,161.6,23,ask,DiligentDonuts,Xuanyu Liu,9200492
2026-07-06T06:10:00.781337,2026-07-06T06:10:00.788424+00:00,161.6,46,ask,DiligentDonuts,CostlyCorianders,9200494
2026-07-06T06:10:01.443491,2026-07-06T06:10:01.464772+00:00,161.8,50,bid,FlawlessFlatbreads,EarnestEspressos,9200501
2026-07-06T06:10:01.451725,2026-07-06T06:10:01.464772+00:00,161.6,11,ask,DiligentDonuts,Xuanyu Liu,9200504
2026-07-06T06:10:02.416381,2026-07-06T06:10:02.424720+00:00,161.8,44,bid,CostlyCorianders,EarnestEspressos,9200521
2026-07-06T06:10:03.550774,2026-07-06T06:10:03.558580+00:00,161.8,50,bid,FlawlessFlatbreads,EarnestEspressos,9200543
2026-07-06T06:10:05.058783,2026-07-06T06:10:05.070264+00:00,161.7,100,bid,EarnestEspressos,DiligentDonuts,9200556
2026-07-06T06:10:05.122964,2026-07-06T06:10:05.131855+00:00,161.7,12,ask,EarnestEspressos,Xuanyu Liu,9200558
2026-07-06T06:10:05.664348,2026-07-06T06:10:05.674290+00:00,162.2,50,bid,FlawlessFlatbreads,EarnestEspressos,9200566
2026-07-06T06:10:05.802315,2026-07-06T06:10:05.814511+00:00,161.7,38,ask,EarnestEspressos,CostlyCorianders,9200568
2026-07-06T06:10:05.802315,2026-07-06T06:10:05.814511+00:00,161.2,7,ask,DiligentDonuts,CostlyCorianders,9200569
2026-07-06T06:10:07.771884,2026-07-06T06:10:07.783585+00:00,162.1,50,bid,FlawlessFlatbreads,DiligentDonuts,9200592
2026-07-06T06:10:09.942047,2026-07-06T06:10:09.952458+00:00,161.6,50,ask,DiligentDonuts,FlawlessFlatbreads,9200620
2026-07-06T06:10:10.088495,2026-07-06T06:10:10.100276+00:00,161.9,49,bid,CostlyCorianders,EarnestEspressos,9200622
2026-07-06T06:10:11.197032,2026-07-06T06:10:11.178500+00:00,161.5,44,ask,DiligentDonuts,CostlyCorianders,9200632
2026-07-06T06:10:12.048844,2026-07-06T06:10:12.057240+00:00,161.5,50,ask,DiligentDonuts,FlawlessFlatbreads,9200638
2026-07-06T06:10:13.442248,2026-07-06T06:10:13.450440+00:00,161.5,14,ask,EarnestEspressos,Xuanyu Liu,9200653
2026-07-06T06:10:14.104152,2026-07-06T06:10:14.115773+00:00,161.6,50,bid,FlawlessFlatbreads,DiligentDonuts,9200662
2026-07-06T06:10:14.888966,2026-07-06T06:10:14.896511+00:00,161.4,46,bid,CostlyCorianders,EarnestEspressos,9200670
2026-07-06T06:10:16.058849,2026-07-06T06:10:16.072339+00:00,161.1,49,ask,DiligentDonuts,CostlyCorianders,9200689
2026-07-06T06:10:16.063844,2026-07-06T06:10:16.072339+00:00,161.4,3,bid,Xuanyu Liu,EarnestEspressos,9200690
2026-07-06T06:10:16.271415,2026-07-06T06:10:16.283037+00:00,161.1,50,ask,DiligentDonuts,FlawlessFlatbreads,9200692
2026-07-06T06:10:16.621496,2026-07-06T06:10:16.629852+00:00,161.3,11,bid,Xuanyu Liu,DiligentDonuts,9200699
2026-07-06T06:10:17.717568,2026-07-06T06:10:17.729167+00:00,161.3,89,bid,EarnestEspressos,DiligentDonuts,9200712
2026-07-06T06:10:20.186685,2026-07-06T06:10:20.198547+00:00,161.3,41,ask,EarnestEspressos,CostlyCorianders,9200734
2026-07-06T06:10:21.659303,2026-07-06T06:10:21.670889+00:00,161.4,43,bid,CostlyCorianders,EarnestEspressos,9200753
2026-07-06T06:10:22.258768,2026-07-06T06:10:22.270370+00:00,161.3,46,ask,DiligentDonuts,CostlyCorianders,9200761
2026-07-06T06:10:22.598112,2026-07-06T06:10:22.609610+00:00,161.3,50,ask,DiligentDonuts,FlawlessFlatbreads,9200766
2026-07-06T06:10:23.453410,2026-07-06T06:10:23.457837+00:00,161.2,48,bid,CostlyCorianders,DiligentDonuts,9200779
2026-07-06T06:10:23.883888,2026-07-06T06:10:23.895593+00:00,161.2,12,bid,Xuanyu Liu,DiligentDonuts,9200783
2026-07-06T06:10:25.782534,2026-07-06T06:10:25.794181+00:00,160.8,48,ask,EarnestEspressos,CostlyCorianders,9200808
2026-07-06T06:10:26.811481,2026-07-06T06:10:26.823306+00:00,160.9,50,ask,DiligentDonuts,FlawlessFlatbreads,9200819
2026-07-06T06:10:28.496790,2026-07-06T06:10:28.508773+00:00,161.4,42,bid,CostlyCorianders,DiligentDonuts,9200837
2026-07-06T06:10:30.160194,2026-07-06T06:10:30.171780+00:00,161.4,44,bid,CostlyCorianders,EarnestEspressos,9200865
2026-07-06T06:10:33.075823,2026-07-06T06:10:33.087486+00:00,161.5,50,bid,FlawlessFlatbreads,DiligentDonuts,9200897
2026-07-06T06:10:35.184842,2026-07-06T06:10:35.196422+00:00,161.5,50,bid,FlawlessFlatbreads,DiligentDonuts,9200921
2026-07-06T06:10:35.549675,2026-07-06T06:10:35.558594+00:00,161.6,100,bid,DiligentDonuts,EarnestEspressos,9200923
2026-07-06T06:10:36.188099,2026-07-06T06:10:36.199833+00:00,161.1,49,ask,EarnestEspressos,CostlyCorianders,9200932
2026-07-06T06:10:37.292530,2026-07-06T06:10:37.304567+00:00,162.1,50,bid,FlawlessFlatbreads,EarnestEspressos,9200948
2026-07-06T06:10:37.778871,2026-07-06T06:10:37.790789+00:00,161.6,47,ask,EarnestEspressos,CostlyCorianders,9200951
2026-07-06T06:10:38.741250,2026-07-06T06:10:38.753204+00:00,162.1,42,bid,CostlyCorianders,EarnestEspressos,9200966
2026-07-06T06:10:39.401160,2026-07-06T06:10:39.412713+00:00,161.9,50,bid,EarnestEspressos,DiligentDonuts,9200972
2026-07-06T06:10:39.867989,2026-07-06T06:10:39.879797+00:00,161.9,50,bid,FlawlessFlatbreads,DiligentDonuts,9200977
2026-07-06T06:10:39.935814,2026-07-06T06:10:39.944935+00:00,161.9,12,ask,EarnestEspressos,Xuanyu Liu,9200978
2026-07-06T06:10:41.369835,2026-07-06T06:10:41.381916+00:00,161.9,43,ask,EarnestEspressos,CostlyCorianders,9200993
2026-07-06T06:10:41.508958,2026-07-06T06:10:41.520509+00:00,162.4,50,bid,FlawlessFlatbreads,EarnestEspressos,9200997
2026-07-06T06:10:42.984732,2026-07-06T06:10:42.994396+00:00,162.2,46,bid,CostlyCorianders,DiligentDonuts,9201016
2026-07-06T06:10:43.616474,2026-07-06T06:10:43.628091+00:00,162.2,50,bid,FlawlessFlatbreads,DiligentDonuts,9201032
2026-07-06T06:10:43.672969,2026-07-06T06:10:43.684368+00:00,162.2,4,bid,CostlyCorianders,DiligentDonuts,9201033
2026-07-06T06:10:43.672969,2026-07-06T06:10:43.684368+00:00,162.2,36,bid,CostlyCorianders,EarnestEspressos,9201034
2026-07-06T06:10:45.057580,2026-07-06T06:10:45.066438+00:00,162.0,11,ask,DiligentDonuts,Xuanyu Liu,9201059
2026-07-06T06:10:45.723917,2026-07-06T06:10:45.735265+00:00,162.2,50,bid,FlawlessFlatbreads,EarnestEspressos,9201068
2026-07-06T06:10:46.393643,2026-07-06T06:10:46.405399+00:00,162.0,42,ask,DiligentDonuts,CostlyCorianders,9201070
2026-07-06T06:10:46.936775,2026-07-06T06:10:46.946847+00:00,162.0,3,ask,DiligentDonuts,Xuanyu Liu,9201078
2026-07-06T06:10:49.932507,2026-07-06T06:10:49.944295+00:00,162.3,50,bid,FlawlessFlatbreads,DiligentDonuts,9201107
2026-07-06T06:10:52.040152,2026-07-06T06:10:52.051749+00:00,162.3,50,bid,FlawlessFlatbreads,DiligentDonuts,9201127
2026-07-06T06:10:54.151218,2026-07-06T06:10:54.156273+00:00,162.3,50,bid,FlawlessFlatbreads,DiligentDonuts,9201144
2026-07-06T06:10:54.932837,2026-07-06T06:10:54.943801+00:00,162.2,28,ask,DiligentDonuts,Kaleb Liu,9201154
2026-07-06T06:10:55.957553,2026-07-06T06:10:55.964636+00:00,162.2,1,ask,DiligentDonuts,Kaleb Liu,9201164
2026-07-06T06:10:58.361030,2026-07-06T06:10:58.369416+00:00,162.4,50,bid,FlawlessFlatbreads,EarnestEspressos,9201199
2026-07-06T06:10:59.109362,2026-07-06T06:10:59.120958+00:00,162.3,45,ask,EarnestEspressos,CostlyCorianders,9201212
2026-07-06T06:10:59.686022,2026-07-06T06:10:59.697609+00:00,162.6,47,bid,CostlyCorianders,DiligentDonuts,9201218
2026-07-06T06:11:00.520418,2026-07-06T06:11:00.533358+00:00,162.3,50,ask,EarnestEspressos,FlawlessFlatbreads,9201228
2026-07-06T06:11:00.714660,2026-07-06T06:11:00.723949+00:00,162.6,46,bid,CostlyCorianders,DiligentDonuts,9201229
2026-07-06T06:11:00.771148,2026-07-06T06:11:00.784634+00:00,162.3,43,ask,EarnestEspressos,CostlyCorianders,9201230
2026-07-06T06:11:00.865598,2026-07-06T06:11:00.877274+00:00,162.8,100,bid,DiligentDonuts,EarnestEspressos,9201233
2026-07-06T06:11:02.628394,2026-07-06T06:11:02.639790+00:00,162.3,50,ask,EarnestEspressos,FlawlessFlatbreads,9201258
2026-07-06T06:11:02.684943,2026-07-06T06:11:02.696663+00:00,162.3,44,ask,EarnestEspressos,CostlyCorianders,9201261
2026-07-06T06:11:03.695471,2026-07-06T06:11:03.707109+00:00,162.3,48,ask,EarnestEspressos,CostlyCorianders,9201278
2026-07-06T06:11:04.024424,2026-07-06T06:11:04.036076+00:00,162.3,1,ask,EarnestEspressos,Kaleb Liu,9201285
2026-07-06T06:11:04.269638,2026-07-06T06:11:04.281344+00:00,162.8,46,bid,CostlyCorianders,EarnestEspressos,9201291
2026-07-06T06:11:04.734818,2026-07-06T06:11:04.746822+00:00,162.5,50,ask,DiligentDonuts,FlawlessFlatbreads,9201296
2026-07-06T06:11:05.224245,2026-07-06T06:11:05.236110+00:00,162.5,50,ask,DiligentDonuts,EarnestEspressos,9201301
2026-07-06T06:11:06.044409,2026-07-06T06:11:06.053648+00:00,162.4,1,bid,Kaleb Liu,EarnestEspressos,9201322
2026-07-06T06:11:06.788733,2026-07-06T06:11:06.800330+00:00,162.4,50,bid,FlawlessFlatbreads,EarnestEspressos,9201336
2026-07-06T06:11:07.186339,2026-07-06T06:11:07.197974+00:00,162.4,49,bid,DiligentDonuts,EarnestEspressos,9201341
2026-07-06T06:11:08.334445,2026-07-06T06:11:08.343584+00:00,162.9,100,bid,EarnestEspressos,DiligentDonuts,9201359
2026-07-06T06:11:08.592788,2026-07-06T06:11:08.600190+00:00,163.2,26,ask,EarnestEspressos,Xuanyu Liu,9201364
2026-07-06T06:11:08.621292,2026-07-06T06:11:08.631085+00:00,163.2,24,ask,EarnestEspressos,Tanishq Panjwani,9201369
2026-07-06T06:11:08.896851,2026-07-06T06:11:08.908759+00:00,163.7,50,bid,FlawlessFlatbreads,EarnestEspressos,9201378
2026-07-06T06:11:09.079526,2026-07-06T06:11:09.089197+00:00,163.7,3,bid,Kaleb Liu,EarnestEspressos,9201383
2026-07-06T06:11:10.095969,2026-07-06T06:11:10.105317+00:00,163.7,7,bid,Kaleb Liu,EarnestEspressos,9201399
2026-07-06T06:11:11.004169,2026-07-06T06:11:11.011934+00:00,163.4,50,bid,FlawlessFlatbreads,DiligentDonuts,9201411
2026-07-06T06:11:12.247100,2026-07-06T06:11:12.255751+00:00,162.9,44,ask,DiligentDonuts,CostlyCorianders,9201431
2026-07-06T06:11:13.133009,2026-07-06T06:11:13.144759+00:00,163.3,50,bid,FlawlessFlatbreads,EarnestEspressos,9201447
2026-07-06T06:11:13.488918,2026-07-06T06:11:13.499924+00:00,163.3,12,bid,Xuanyu Liu,EarnestEspressos,9201453
2026-07-06T06:11:14.508743,2026-07-06T06:11:14.516053+00:00,163.3,43,bid,CostlyCorianders,EarnestEspressos,9201466
2026-07-06T06:11:15.199339,2026-07-06T06:11:15.207155+00:00,163.2,35,ask,EarnestEspressos,Tanishq Panjwani,9201477
2026-07-06T06:11:15.286487,2026-07-06T06:11:15.294373+00:00,163.2,35,ask,EarnestEspressos,Tanishq Panjwani,9201480
2026-07-06T06:11:15.292486,2026-07-06T06:11:15.299814+00:00,163.2,50,ask,EarnestEspressos,FlawlessFlatbreads,9201481
2026-07-06T06:11:15.376243,2026-07-06T06:11:15.386731+00:00,163.2,30,ask,EarnestEspressos,Tanishq Panjwani,9201484
2026-07-06T06:11:16.676316,2026-07-06T06:11:16.683227+00:00,163.1,45,ask,DiligentDonuts,CostlyCorianders,9201505
2026-07-06T06:11:17.397864,2026-07-06T06:11:17.408327+00:00,163.1,50,ask,DiligentDonuts,FlawlessFlatbreads,9201518
2026-07-06T06:11:17.884176,2026-07-06T06:11:17.905826+00:00,163.1,5,ask,DiligentDonuts,EarnestEspressos,9201519
2026-07-06T06:11:17.896879,2026-07-06T06:11:17.905826+00:00,163.1,14,bid,Xuanyu Liu,EarnestEspressos,9201520
2026-07-06T06:11:19.503265,2026-07-06T06:11:19.515084+00:00,162.6,50,ask,EarnestEspressos,FlawlessFlatbreads,9201549
2026-07-06T06:11:20.193852,2026-07-06T06:11:20.201415+00:00,163.0,35,bid,Tanishq Panjwani,DiligentDonuts,9201561
2026-07-06T06:11:20.286091,2026-07-06T06:11:20.297837+00:00,163.0,35,bid,Tanishq Panjwani,DiligentDonuts,9201567
2026-07-06T06:11:20.376089,2026-07-06T06:11:20.386673+00:00,163.0,30,bid,Tanishq Panjwani,DiligentDonuts,9201572
2026-07-06T06:11:21.208263,2026-07-06T06:11:21.219516+00:00,163.1,5,bid,Kaleb Liu,EarnestEspressos,9201583
2026-07-06T06:11:21.867739,2026-07-06T06:11:21.879449+00:00,163.1,46,bid,CostlyCorianders,EarnestEspressos,9201588
2026-07-06T06:11:22.628903,2026-07-06T06:11:22.640535+00:00,163.1,24,bid,Tanishq Panjwani,EarnestEspressos,9201601
2026-07-06T06:11:22.993015,2026-07-06T06:11:23.001816+00:00,163.1,75,bid,DiligentDonuts,EarnestEspressos,9201611
2026-07-06T06:11:23.723704,2026-07-06T06:11:23.735579+00:00,163.1,25,ask,DiligentDonuts,FlawlessFlatbreads,9201620
2026-07-06T06:11:23.723704,2026-07-06T06:11:23.735579+00:00,162.6,25,ask,EarnestEspressos,FlawlessFlatbreads,9201621
2026-07-06T06:11:25.833401,2026-07-06T06:11:25.843526+00:00,163.0,50,ask,EarnestEspressos,FlawlessFlatbreads,9201647
2026-07-06T06:11:27.611784,2026-07-06T06:11:27.620769+00:00,163.2,46,bid,CostlyCorianders,DiligentDonuts,9201670
2026-07-06T06:11:27.939697,2026-07-06T06:11:27.951697+00:00,162.7,50,ask,DiligentDonuts,FlawlessFlatbreads,9201671
2026-07-06T06:11:28.274628,2026-07-06T06:11:28.285031+00:00,162.7,48,ask,DiligentDonuts,CostlyCorianders,9201678
2026-07-06T06:11:29.996635,2026-07-06T06:11:30.008663+00:00,163.1,50,bid,FlawlessFlatbreads,DiligentDonuts,9201704
2026-07-06T06:11:30.406667,2026-07-06T06:11:30.413716+00:00,163.1,40,bid,CostlyCorianders,DiligentDonuts,9201711
2026-07-06T06:11:31.004525,2026-07-06T06:11:31.016162+00:00,162.8,40,ask,EarnestEspressos,CostlyCorianders,9201720
2026-07-06T06:11:31.964675,2026-07-06T06:11:31.976430+00:00,163.1,10,bid,CostlyCorianders,DiligentDonuts,9201729
2026-07-06T06:11:31.964675,2026-07-06T06:11:31.976430+00:00,163.3,34,bid,CostlyCorianders,EarnestEspressos,9201730
2026-07-06T06:11:32.105240,2026-07-06T06:11:32.117026+00:00,163.3,50,bid,FlawlessFlatbreads,EarnestEspressos,9201733
2026-07-06T06:11:32.455834,2026-07-06T06:11:32.458608+00:00,162.8,41,ask,EarnestEspressos,CostlyCorianders,9201735
2026-07-06T06:11:34.135561,2026-07-06T06:11:34.144927+00:00,163.7,43,bid,CostlyCorianders,DiligentDonuts,9201752
2026-07-06T06:11:34.213126,2026-07-06T06:11:34.224876+00:00,163.7,50,bid,FlawlessFlatbreads,DiligentDonuts,9201755
2026-07-06T06:11:36.385572,2026-07-06T06:11:36.397203+00:00,163.6,50,ask,DiligentDonuts,FlawlessFlatbreads,9201791
2026-07-06T06:11:38.346713,2026-07-06T06:11:38.358174+00:00,163.6,15,ask,DiligentDonuts,Kaleb Liu,9201820
2026-07-06T06:11:40.553019,2026-07-06T06:11:40.565091+00:00,163.7,50,bid,FlawlessFlatbreads,EarnestEspressos,9201851
2026-07-06T06:11:41.351577,2026-07-06T06:11:41.357995+00:00,163.3,41,ask,DiligentDonuts,CostlyCorianders,9201860
2026-07-06T06:11:41.976764,2026-07-06T06:11:41.986843+00:00,163.2,41,ask,EarnestEspressos,CostlyCorianders,9201868
2026-07-06T06:11:42.718731,2026-07-06T06:11:42.728939+00:00,163.2,50,ask,EarnestEspressos,FlawlessFlatbreads,9201875
2026-07-06T06:11:46.877899,2026-07-06T06:11:46.885386+00:00,163.3,50,bid,FlawlessFlatbreads,EarnestEspressos,9201924
2026-07-06T06:11:49.036359,2026-07-06T06:11:49.048255+00:00,162.8,50,ask,EarnestEspressos,FlawlessFlatbreads,9201954
2026-07-06T06:11:50.929045,2026-07-06T06:11:50.940979+00:00,163.3,49,bid,CostlyCorianders,DiligentDonuts,9201984
2026-07-06T06:11:54.146102,2026-07-06T06:11:54.158594+00:00,163.0,48,bid,CostlyCorianders,EarnestEspressos,9202023
2026-07-06T06:11:57.402569,2026-07-06T06:11:57.410487+00:00,163.0,50,bid,FlawlessFlatbreads,EarnestEspressos,9202066
2026-07-06T06:11:59.561912,2026-07-06T06:11:59.573593+00:00,162.6,50,ask,DiligentDonuts,FlawlessFlatbreads,9202090
2026-07-06T06:12:00.999960,2026-07-06T06:12:01.009854+00:00,162.6,44,ask,EarnestEspressos,CostlyCorianders,9202112
2026-07-06T06:12:02.140061,2026-07-06T06:12:02.151731+00:00,162.4,49,ask,EarnestEspressos,CostlyCorianders,9202121
2026-07-06T06:12:03.771721,2026-07-06T06:12:03.780369+00:00,162.4,50,ask,EarnestEspressos,FlawlessFlatbreads,9202150
2026-07-06T06:12:05.877814,2026-07-06T06:12:05.889672+00:00,162.6,50,ask,DiligentDonuts,FlawlessFlatbreads,9202176
2026-07-06T06:12:07.935038,2026-07-06T06:12:07.946695+00:00,162.7,50,bid,FlawlessFlatbreads,EarnestEspressos,9202200
2026-07-06T06:12:12.162349,2026-07-06T06:12:12.172295+00:00,162.7,50,bid,FlawlessFlatbreads,DiligentDonuts,9202265
2026-07-06T06:12:15.196923,2026-07-06T06:12:15.208699+00:00,162.3,48,bid,CostlyCorianders,EarnestEspressos,9202316
2026-07-06T06:12:17.603825,2026-07-06T06:12:17.610096+00:00,161.9,42,bid,CostlyCorianders,DiligentDonuts,9202349
2026-07-06T06:12:18.527641,2026-07-06T06:12:18.539348+00:00,161.7,50,ask,EarnestEspressos,FlawlessFlatbreads,9202370
2026-07-06T06:12:20.642151,2026-07-06T06:12:20.650323+00:00,161.8,50,ask,DiligentDonuts,FlawlessFlatbreads,9202392
2026-07-06T06:12:21.167588,2026-07-06T06:12:21.178669+00:00,161.8,45,ask,DiligentDonuts,CostlyCorianders,9202396
2026-07-06T06:12:21.697578,2026-07-06T06:12:21.709546+00:00,161.8,5,ask,DiligentDonuts,CostlyCorianders,9202405
2026-07-06T06:12:21.697578,2026-07-06T06:12:21.709546+00:00,161.8,42,ask,EarnestEspressos,CostlyCorianders,9202406
2026-07-06T06:12:22.731443,2026-07-06T06:12:22.741061+00:00,161.8,1,ask,EarnestEspressos,Kaleb Liu,9202419
2026-07-06T06:12:22.749285,2026-07-06T06:12:22.760818+00:00,161.8,50,ask,EarnestEspressos,FlawlessFlatbreads,9202420
2026-07-06T06:12:23.751008,2026-07-06T06:12:23.754526+00:00,162.0,1,bid,Kaleb Liu,DiligentDonuts,9202430
2026-07-06T06:12:24.297861,2026-07-06T06:12:24.333604+00:00,161.7,3,bid,Xuanyu Liu,EarnestEspressos,9202434
2026-07-06T06:12:24.805475,2026-07-06T06:12:24.815133+00:00,161.7,50,bid,FlawlessFlatbreads,EarnestEspressos,9202441
2026-07-06T06:12:26.852646,2026-07-06T06:12:26.864492+00:00,161.7,44,bid,CostlyCorianders,EarnestEspressos,9202470
2026-07-06T06:12:26.912031,2026-07-06T06:12:26.923519+00:00,161.7,50,bid,FlawlessFlatbreads,EarnestEspressos,9202471
2026-07-06T06:12:29.530256,2026-07-06T06:12:29.541820+00:00,162.3,42,bid,CostlyCorianders,EarnestEspressos,9202500
2026-07-06T06:12:30.993547,2026-07-06T06:12:31.001971+00:00,161.9,3,ask,EarnestEspressos,Xuanyu Liu,9202531
2026-07-06T06:12:31.173697,2026-07-06T06:12:31.185528+00:00,161.9,50,ask,EarnestEspressos,FlawlessFlatbreads,9202534
2026-07-06T06:12:33.229237,2026-07-06T06:12:33.240870+00:00,162.1,50,bid,FlawlessFlatbreads,DiligentDonuts,9202560
2026-07-06T06:12:34.817976,2026-07-06T06:12:34.824860+00:00,161.7,41,ask,EarnestEspressos,CostlyCorianders,9202593
2026-07-06T06:12:35.386695,2026-07-06T06:12:35.398330+00:00,161.7,50,ask,EarnestEspressos,FlawlessFlatbreads,9202602
2026-07-06T06:12:35.473258,2026-07-06T06:12:35.485029+00:00,161.7,41,ask,EarnestEspressos,CostlyCorianders,9202603
2026-07-06T06:12:35.865244,2026-07-06T06:12:35.874753+00:00,161.7,1,ask,EarnestEspressos,Kaleb Liu,9202609
2026-07-06T06:12:36.928013,2026-07-06T06:12:36.937294+00:00,161.6,100,ask,DiligentDonuts,EarnestEspressos,9202623
2026-07-06T06:12:36.938516,2026-07-06T06:12:36.947104+00:00,161.5,3,bid,Xuanyu Liu,EarnestEspressos,9202624
2026-07-06T06:12:37.099348,2026-07-06T06:12:37.108124+00:00,161.5,11,bid,Xuanyu Liu,EarnestEspressos,9202629
2026-07-06T06:12:37.495441,2026-07-06T06:12:37.507368+00:00,161.0,50,ask,EarnestEspressos,FlawlessFlatbreads,9202640
2026-07-06T06:12:37.884519,2026-07-06T06:12:37.895450+00:00,161.5,2,bid,Kaleb Liu,EarnestEspressos,9202647
2026-07-06T06:12:39.244438,2026-07-06T06:12:39.252759+00:00,161.5,12,bid,Xuanyu Liu,EarnestEspressos,9202664
2026-07-06T06:12:39.602440,2026-07-06T06:12:39.614147+00:00,161.3,50,ask,DiligentDonuts,FlawlessFlatbreads,9202676
2026-07-06T06:12:39.906549,2026-07-06T06:12:39.913060+00:00,161.3,2,ask,DiligentDonuts,Kaleb Liu,9202680
2026-07-06T06:12:40.919324,2026-07-06T06:12:40.928348+00:00,161.5,1,bid,Kaleb Liu,EarnestEspressos,9202693
2026-07-06T06:12:41.300185,2026-07-06T06:12:41.307424+00:00,161.5,44,bid,CostlyCorianders,EarnestEspressos,9202695
2026-07-06T06:12:41.713423,2026-07-06T06:12:41.722805+00:00,161.3,48,ask,DiligentDonuts,FlawlessFlatbreads,9202697
