timestamp,recv_time,price,volume,aggressor_side,buyer,seller,trade_id
2026-07-03T21:00:00.004297,2026-07-03T21:00:00.000410+00:00,118.7,50,ask,EarnestEspressos,FlawlessFlatbreads,6187881
2026-07-03T21:00:02.110804,2026-07-03T21:00:02.073895+00:00,118.9,50,ask,EarnestEspressos,FlawlessFlatbreads,6187908
2026-07-03T21:00:03.176253,2026-07-03T21:00:03.187968+00:00,118.9,47,ask,EarnestEspressos,CostlyCorianders,6187919
2026-07-03T21:00:03.514418,2026-07-03T21:00:03.522737+00:00,118.7,3,bid,Xuanyu Liu,EarnestEspressos,6187925
2026-07-03T21:00:04.167253,2026-07-03T21:00:04.174586+00:00,118.7,50,bid,FlawlessFlatbreads,EarnestEspressos,6187939
2026-07-03T21:00:07.975275,2026-07-03T21:00:07.983698+00:00,118.5,44,ask,DiligentDonuts,CostlyCorianders,6187989
2026-07-03T21:00:08.435473,2026-07-03T21:00:08.446962+00:00,118.8,41,bid,CostlyCorianders,EarnestEspressos,6187996
2026-07-03T21:00:09.935093,2026-07-03T21:00:09.946543+00:00,118.4,43,ask,EarnestEspressos,CostlyCorianders,6188015
2026-07-03T21:00:11.015110,2026-07-03T21:00:11.027017+00:00,118.8,42,bid,CostlyCorianders,DiligentDonuts,6188034
2026-07-03T21:00:12.583393,2026-07-03T21:00:12.594907+00:00,118.9,50,bid,FlawlessFlatbreads,EarnestEspressos,6188061
2026-07-03T21:00:13.775754,2026-07-03T21:00:13.783482+00:00,119.0,3,ask,EarnestEspressos,Xuanyu Liu,6188077
2026-07-03T21:00:13.943465,2026-07-03T21:00:13.954890+00:00,119.0,43,ask,EarnestEspressos,CostlyCorianders,6188079
2026-07-03T21:00:14.529519,2026-07-03T21:00:14.541360+00:00,119.5,41,bid,CostlyCorianders,EarnestEspressos,6188084
2026-07-03T21:00:14.690361,2026-07-03T21:00:14.697028+00:00,119.1,50,bid,FlawlessFlatbreads,DiligentDonuts,6188085
2026-07-03T21:00:16.797847,2026-07-03T21:00:16.809340+00:00,119.1,50,bid,FlawlessFlatbreads,DiligentDonuts,6188119
2026-07-03T21:00:17.806539,2026-07-03T21:00:17.817972+00:00,119.1,48,ask,DiligentDonuts,CostlyCorianders,6188131
2026-07-03T21:00:18.905045,2026-07-03T21:00:18.916641+00:00,119.2,50,bid,FlawlessFlatbreads,EarnestEspressos,6188144
2026-07-03T21:00:19.023073,2026-07-03T21:00:19.031205+00:00,119.1,11,ask,DiligentDonuts,Xuanyu Liu,6188148
2026-07-03T21:00:21.011203,2026-07-03T21:00:21.018054+00:00,119.4,50,bid,FlawlessFlatbreads,DiligentDonuts,6188184
2026-07-03T21:00:21.645667,2026-07-03T21:00:21.654756+00:00,119.2,23,ask,EarnestEspressos,Xuanyu Liu,6188192
2026-07-03T21:00:22.059518,2026-07-03T21:00:22.071079+00:00,119.2,47,ask,EarnestEspressos,CostlyCorianders,6188203
2026-07-03T21:00:23.167790,2026-07-03T21:00:23.179188+00:00,119.0,50,ask,EarnestEspressos,FlawlessFlatbreads,6188220
2026-07-03T21:00:25.303900,2026-07-03T21:00:25.315626+00:00,119.1,50,ask,DiligentDonuts,EarnestEspressos,6188249
2026-07-03T21:00:25.683679,2026-07-03T21:00:25.691422+00:00,119.1,50,ask,DiligentDonuts,FlawlessFlatbreads,6188254
2026-07-03T21:00:25.697798,2026-07-03T21:00:25.706728+00:00,119.0,34,bid,Xuanyu Liu,EarnestEspressos,6188255
2026-07-03T21:00:25.859365,2026-07-03T21:00:25.871168+00:00,119.0,3,bid,Xuanyu Liu,EarnestEspressos,6188258
2026-07-03T21:00:27.410080,2026-07-03T21:00:27.421979+00:00,118.9,50,ask,DiligentDonuts,FlawlessFlatbreads,6188284
2026-07-03T21:00:29.524727,2026-07-03T21:00:29.534229+00:00,119.2,50,ask,EarnestEspressos,FlawlessFlatbreads,6188318
2026-07-03T21:00:30.392411,2026-07-03T21:00:30.403949+00:00,119.2,100,ask,EarnestEspressos,DiligentDonuts,6188322
2026-07-03T21:00:31.136604,2026-07-03T21:00:31.148132+00:00,119.7,43,bid,CostlyCorianders,EarnestEspressos,6188336
2026-07-03T21:00:31.630777,2026-07-03T21:00:31.642557+00:00,118.7,50,ask,DiligentDonuts,FlawlessFlatbreads,6188342
2026-07-03T21:00:32.090718,2026-07-03T21:00:32.102217+00:00,119.2,45,bid,CostlyCorianders,EarnestEspressos,6188350
2026-07-03T21:00:35.857777,2026-07-03T21:00:35.869455+00:00,118.9,50,ask,DiligentDonuts,FlawlessFlatbreads,6188396
2026-07-03T21:00:37.571254,2026-07-03T21:00:37.583133+00:00,119.3,47,bid,CostlyCorianders,DiligentDonuts,6188420
2026-07-03T21:00:37.911755,2026-07-03T21:00:37.919257+00:00,119.3,50,bid,FlawlessFlatbreads,DiligentDonuts,6188425
2026-07-03T21:00:39.116956,2026-07-03T21:00:39.129093+00:00,119.0,42,ask,EarnestEspressos,CostlyCorianders,6188441
2026-07-03T21:00:39.665381,2026-07-03T21:00:39.677037+00:00,119.3,3,bid,CostlyCorianders,DiligentDonuts,6188444
2026-07-03T21:00:39.665381,2026-07-03T21:00:39.677037+00:00,119.5,45,bid,CostlyCorianders,EarnestEspressos,6188445
2026-07-03T21:00:39.720733,2026-07-03T21:00:39.732489+00:00,119.0,41,ask,EarnestEspressos,CostlyCorianders,6188447
2026-07-03T21:00:40.068470,2026-07-03T21:00:40.080056+00:00,119.0,50,ask,EarnestEspressos,FlawlessFlatbreads,6188451
2026-07-03T21:00:42.186302,2026-07-03T21:00:42.200441+00:00,119.0,50,ask,DiligentDonuts,FlawlessFlatbreads,6188477
2026-07-03T21:00:42.376079,2026-07-03T21:00:42.387836+00:00,119.1,48,bid,CostlyCorianders,EarnestEspressos,6188479
2026-07-03T21:00:42.633206,2026-07-03T21:00:42.640758+00:00,119.1,3,bid,Xuanyu Liu,EarnestEspressos,6188482
2026-07-03T21:00:43.003156,2026-07-03T21:00:43.010184+00:00,119.1,99,bid,DiligentDonuts,EarnestEspressos,6188494
2026-07-03T21:00:44.295691,2026-07-03T21:00:44.307262+00:00,119.1,1,ask,DiligentDonuts,FlawlessFlatbreads,6188511
2026-07-03T21:00:44.295691,2026-07-03T21:00:44.307262+00:00,118.6,49,ask,EarnestEspressos,FlawlessFlatbreads,6188512
2026-07-03T21:00:46.436761,2026-07-03T21:00:46.444163+00:00,119.1,50,ask,EarnestEspressos,FlawlessFlatbreads,6188551
2026-07-03T21:00:46.436946,2026-07-03T21:00:46.448494+00:00,119.2,41,bid,CostlyCorianders,DiligentDonuts,6188552
2026-07-03T21:00:48.546417,2026-07-03T21:00:48.558606+00:00,119.0,50,ask,EarnestEspressos,FlawlessFlatbreads,6188585
2026-07-03T21:00:50.670887,2026-07-03T21:00:50.679611+00:00,119.0,50,ask,EarnestEspressos,FlawlessFlatbreads,6188625
2026-07-03T21:00:54.170153,2026-07-03T21:00:54.178070+00:00,118.7,11,bid,Xuanyu Liu,EarnestEspressos,6188668
2026-07-03T21:00:54.348437,2026-07-03T21:00:54.356121+00:00,118.7,12,bid,Xuanyu Liu,EarnestEspressos,6188671
2026-07-03T21:00:54.830033,2026-07-03T21:00:54.841611+00:00,118.7,50,bid,FlawlessFlatbreads,EarnestEspressos,6188678
2026-07-03T21:00:55.197800,2026-07-03T21:00:55.209371+00:00,118.7,46,bid,CostlyCorianders,EarnestEspressos,6188685
2026-07-03T21:00:55.656559,2026-07-03T21:00:55.668330+00:00,118.7,31,bid,DiligentDonuts,EarnestEspressos,6188687
2026-07-03T21:00:56.388349,2026-07-03T21:00:56.400175+00:00,118.7,45,ask,DiligentDonuts,CostlyCorianders,6188694
2026-07-03T21:00:56.984731,2026-07-03T21:00:56.996750+00:00,118.7,24,ask,DiligentDonuts,CostlyCorianders,6188700
2026-07-03T21:00:56.984731,2026-07-03T21:00:56.996750+00:00,118.2,17,ask,EarnestEspressos,CostlyCorianders,6188701
2026-07-03T21:00:57.287080,2026-07-03T21:00:57.295862+00:00,118.9,12,ask,EarnestEspressos,Xuanyu Liu,6188707
2026-07-03T21:00:58.874114,2026-07-03T21:00:58.885950+00:00,118.9,100,ask,EarnestEspressos,DiligentDonuts,6188732
2026-07-03T21:00:59.095091,2026-07-03T21:00:59.106679+00:00,118.9,38,ask,EarnestEspressos,FlawlessFlatbreads,6188734
2026-07-03T21:00:59.095091,2026-07-03T21:00:59.106679+00:00,118.4,12,ask,DiligentDonuts,FlawlessFlatbreads,6188735
2026-07-03T21:01:01.008100,2026-07-03T21:01:01.015716+00:00,118.9,12,bid,Xuanyu Liu,EarnestEspressos,6188771
2026-07-03T21:01:01.203332,2026-07-03T21:01:01.215052+00:00,118.4,50,ask,DiligentDonuts,FlawlessFlatbreads,6188774
2026-07-03T21:01:01.331733,2026-07-03T21:01:01.343709+00:00,118.9,43,bid,CostlyCorianders,EarnestEspressos,6188776
2026-07-03T21:01:02.842196,2026-07-03T21:01:02.858589+00:00,118.8,49,ask,DiligentDonuts,CostlyCorianders,6188795
2026-07-03T21:01:03.310028,2026-07-03T21:01:03.321480+00:00,118.8,50,ask,DiligentDonuts,FlawlessFlatbreads,6188800
2026-07-03T21:01:04.893575,2026-07-03T21:01:04.905063+00:00,118.8,1,ask,DiligentDonuts,CostlyCorianders,6188814
2026-07-03T21:01:05.416875,2026-07-03T21:01:05.428595+00:00,118.4,50,ask,EarnestEspressos,FlawlessFlatbreads,6188820
2026-07-03T21:01:07.523748,2026-07-03T21:01:07.535306+00:00,118.4,50,ask,DiligentDonuts,FlawlessFlatbreads,6188851
2026-07-03T21:01:08.870046,2026-07-03T21:01:08.878047+00:00,118.6,11,bid,Xuanyu Liu,DiligentDonuts,6188872
2026-07-03T21:01:09.537555,2026-07-03T21:01:09.549530+00:00,118.6,46,bid,CostlyCorianders,DiligentDonuts,6188884
2026-07-03T21:01:11.001302,2026-07-03T21:01:11.013086+00:00,118.6,43,bid,CostlyCorianders,DiligentDonuts,6188913
2026-07-03T21:01:11.745243,2026-07-03T21:01:11.758588+00:00,118.5,50,ask,DiligentDonuts,FlawlessFlatbreads,6188922
2026-07-03T21:01:13.853445,2026-07-03T21:01:13.865269+00:00,118.5,50,ask,DiligentDonuts,FlawlessFlatbreads,6188948
2026-07-03T21:01:15.960766,2026-07-03T21:01:15.972212+00:00,118.4,50,ask,EarnestEspressos,FlawlessFlatbreads,6188971
2026-07-03T21:01:16.199522,2026-07-03T21:01:16.211236+00:00,118.4,45,ask,EarnestEspressos,CostlyCorianders,6188976
2026-07-03T21:01:16.328001,2026-07-03T21:01:16.336711+00:00,118.3,23,bid,Xuanyu Liu,EarnestEspressos,6188977
2026-07-03T21:01:16.830241,2026-07-03T21:01:16.841762+00:00,118.3,41,bid,CostlyCorianders,EarnestEspressos,6188985
2026-07-03T21:01:17.759057,2026-07-03T21:01:17.769624+00:00,117.8,43,ask,EarnestEspressos,CostlyCorianders,6188997
2026-07-03T21:01:19.803921,2026-07-03T21:01:19.815347+00:00,118.4,46,bid,CostlyCorianders,EarnestEspressos,6189019
2026-07-03T21:01:20.124528,2026-07-03T21:01:20.133055+00:00,118.4,50,bid,FlawlessFlatbreads,EarnestEspressos,6189024
2026-07-03T21:01:21.786395,2026-07-03T21:01:21.798113+00:00,118.1,47,ask,DiligentDonuts,CostlyCorianders,6189048
2026-07-03T21:01:22.005277,2026-07-03T21:01:22.013382+00:00,118.4,11,bid,Xuanyu Liu,EarnestEspressos,6189050
2026-07-03T21:01:22.191529,2026-07-03T21:01:22.199516+00:00,118.4,12,bid,Xuanyu Liu,EarnestEspressos,6189052
2026-07-03T21:01:22.230698,2026-07-03T21:01:22.242605+00:00,118.4,31,bid,FlawlessFlatbreads,EarnestEspressos,6189054
2026-07-03T21:01:22.230698,2026-07-03T21:01:22.242605+00:00,118.6,19,bid,FlawlessFlatbreads,DiligentDonuts,6189055
2026-07-03T21:01:22.374011,2026-07-03T21:01:22.385780+00:00,118.6,40,bid,CostlyCorianders,DiligentDonuts,6189057
2026-07-03T21:01:22.592345,2026-07-03T21:01:22.604202+00:00,118.6,41,bid,EarnestEspressos,DiligentDonuts,6189060
2026-07-03T21:01:22.659469,2026-07-03T21:01:22.667181+00:00,118.8,34,ask,EarnestEspressos,Xuanyu Liu,6189064
2026-07-03T21:01:23.350918,2026-07-03T21:01:23.359945+00:00,118.8,12,ask,EarnestEspressos,Xuanyu Liu,6189078
2026-07-03T21:01:24.168434,2026-07-03T21:01:24.176387+00:00,118.8,63,ask,EarnestEspressos,DiligentDonuts,6189088
2026-07-03T21:01:24.341638,2026-07-03T21:01:24.353104+00:00,118.8,37,bid,FlawlessFlatbreads,DiligentDonuts,6189091
2026-07-03T21:01:24.341638,2026-07-03T21:01:24.353104+00:00,119.3,13,bid,FlawlessFlatbreads,EarnestEspressos,6189092
2026-07-03T21:01:26.448798,2026-07-03T21:01:26.463747+00:00,118.7,50,bid,FlawlessFlatbreads,EarnestEspressos,6189119
2026-07-03T21:01:27.260296,2026-07-03T21:01:27.268733+00:00,118.7,23,bid,Xuanyu Liu,EarnestEspressos,6189129
2026-07-03T21:01:27.277399,2026-07-03T21:01:27.284223+00:00,118.7,77,bid,DiligentDonuts,EarnestEspressos,6189131
2026-07-03T21:01:28.562239,2026-07-03T21:01:28.580380+00:00,119.2,50,bid,FlawlessFlatbreads,DiligentDonuts,6189145
2026-07-03T21:01:28.572382,2026-07-03T21:01:28.580380+00:00,118.7,11,ask,DiligentDonuts,Xuanyu Liu,6189146
2026-07-03T21:01:29.564309,2026-07-03T21:01:29.575045+00:00,118.7,12,ask,DiligentDonuts,CostlyCorianders,6189168
2026-07-03T21:01:29.564309,2026-07-03T21:01:29.575045+00:00,118.7,36,ask,EarnestEspressos,CostlyCorianders,6189169
2026-07-03T21:01:30.668974,2026-07-03T21:01:30.678249+00:00,119.0,50,bid,FlawlessFlatbreads,DiligentDonuts,6189190
2026-07-03T21:01:31.663498,2026-07-03T21:01:31.674702+00:00,119.0,49,bid,CostlyCorianders,DiligentDonuts,6189207
2026-07-03T21:01:32.678694,2026-07-03T21:01:32.690570+00:00,118.6,41,ask,EarnestEspressos,CostlyCorianders,6189220
2026-07-03T21:01:32.775748,2026-07-03T21:01:32.787415+00:00,119.0,1,bid,FlawlessFlatbreads,DiligentDonuts,6189223
2026-07-03T21:01:32.775748,2026-07-03T21:01:32.787415+00:00,119.1,49,bid,FlawlessFlatbreads,EarnestEspressos,6189224
2026-07-03T21:01:33.813895,2026-07-03T21:01:33.823167+00:00,118.8,23,ask,DiligentDonuts,Xuanyu Liu,6189243
2026-07-03T21:01:34.363023,2026-07-03T21:01:34.374462+00:00,118.8,42,ask,DiligentDonuts,CostlyCorianders,6189253
2026-07-03T21:01:34.882792,2026-07-03T21:01:34.894410+00:00,119.1,50,bid,FlawlessFlatbreads,EarnestEspressos,6189260
2026-07-03T21:01:35.129513,2026-07-03T21:01:35.137887+00:00,118.8,23,ask,DiligentDonuts,Xuanyu Liu,6189262
2026-07-03T21:01:35.335969,2026-07-03T21:01:35.345249+00:00,118.8,12,ask,DiligentDonuts,CostlyCorianders,6189265
2026-07-03T21:01:35.335969,2026-07-03T21:01:35.345249+00:00,118.5,29,ask,EarnestEspressos,CostlyCorianders,6189266
2026-07-03T21:01:36.989672,2026-07-03T21:01:37.000015+00:00,118.9,50,bid,FlawlessFlatbreads,DiligentDonuts,6189284
2026-07-03T21:01:37.748154,2026-07-03T21:01:37.759021+00:00,118.9,11,bid,Xuanyu Liu,DiligentDonuts,6189291
2026-07-03T21:01:39.095923,2026-07-03T21:01:39.106227+00:00,118.9,39,bid,FlawlessFlatbreads,DiligentDonuts,6189314
2026-07-03T21:01:39.095923,2026-07-03T21:01:39.106227+00:00,119.2,11,bid,FlawlessFlatbreads,EarnestEspressos,6189315
2026-07-03T21:01:41.202554,2026-07-03T21:01:41.214406+00:00,119.2,50,bid,FlawlessFlatbreads,EarnestEspressos,6189345
2026-07-03T21:01:41.519094,2026-07-03T21:01:41.527181+00:00,119.2,43,bid,CostlyCorianders,EarnestEspressos,6189351
2026-07-03T21:01:41.613947,2026-07-03T21:01:41.624870+00:00,119.2,11,ask,EarnestEspressos,Xuanyu Liu,6189355
2026-07-03T21:01:42.661810,2026-07-03T21:01:42.673702+00:00,119.2,44,ask,EarnestEspressos,CostlyCorianders,6189378
2026-07-03T21:01:43.317656,2026-07-03T21:01:43.327749+00:00,119.2,46,ask,EarnestEspressos,CostlyCorianders,6189387
2026-07-03T21:01:43.318050,2026-07-03T21:01:43.332754+00:00,119.3,50,bid,FlawlessFlatbreads,DiligentDonuts,6189389
2026-07-03T21:01:45.381549,2026-07-03T21:01:45.393122+00:00,119.3,44,bid,FlawlessFlatbreads,EarnestEspressos,6189415
2026-07-03T21:01:45.425117,2026-07-03T21:01:45.435149+00:00,119.3,6,bid,FlawlessFlatbreads,DiligentDonuts,6189418
2026-07-03T21:01:45.425117,2026-07-03T21:01:45.435149+00:00,119.3,44,bid,CostlyCorianders,DiligentDonuts,6189419
2026-07-03T21:01:46.934800,2026-07-03T21:01:46.949639+00:00,119.2,3,ask,DiligentDonuts,Xuanyu Liu,6189439
2026-07-03T21:01:47.419247,2026-07-03T21:01:47.430610+00:00,119.2,40,ask,DiligentDonuts,CostlyCorianders,6189443
2026-07-03T21:01:50.343738,2026-07-03T21:01:50.358579+00:00,119.4,45,bid,CostlyCorianders,EarnestEspressos,6189488
2026-07-03T21:01:50.974615,2026-07-03T21:01:50.986179+00:00,119.4,43,bid,CostlyCorianders,EarnestEspressos,6189505
2026-07-03T21:01:51.739851,2026-07-03T21:01:51.746187+00:00,119.5,50,bid,FlawlessFlatbreads,DiligentDonuts,6189515
2026-07-03T21:01:53.575763,2026-07-03T21:01:53.587277+00:00,119.2,41,ask,EarnestEspressos,CostlyCorianders,6189534
2026-07-03T21:01:53.874862,2026-07-03T21:01:53.886375+00:00,119.7,50,bid,FlawlessFlatbreads,EarnestEspressos,6189536
2026-07-03T21:01:54.565664,2026-07-03T21:01:54.573658+00:00,119.3,45,ask,EarnestEspressos,CostlyCorianders,6189543
2026-07-03T21:01:56.032091,2026-07-03T21:01:56.040748+00:00,119.3,50,ask,EarnestEspressos,FlawlessFlatbreads,6189566
2026-07-03T21:01:57.609708,2026-07-03T21:01:57.621300+00:00,119.4,46,bid,CostlyCorianders,EarnestEspressos,6189585
2026-07-03T21:01:58.238957,2026-07-03T21:01:58.250756+00:00,119.4,41,bid,CostlyCorianders,EarnestEspressos,6189591
2026-07-03T21:01:59.896568,2026-07-03T21:01:59.907996+00:00,119.4,49,bid,CostlyCorianders,EarnestEspressos,6189622
2026-07-03T21:02:00.190269,2026-07-03T21:02:00.201807+00:00,119.4,14,bid,FlawlessFlatbreads,EarnestEspressos,6189626
2026-07-03T21:02:00.190269,2026-07-03T21:02:00.201807+00:00,119.8,36,bid,FlawlessFlatbreads,DiligentDonuts,6189627
2026-07-03T21:02:00.594662,2026-07-03T21:02:00.603221+00:00,119.7,3,ask,EarnestEspressos,Xuanyu Liu,6189633
2026-07-03T21:02:01.133654,2026-07-03T21:02:01.145162+00:00,119.7,49,ask,EarnestEspressos,CostlyCorianders,6189642
2026-07-03T21:02:02.308605,2026-07-03T21:02:02.319192+00:00,119.7,46,ask,EarnestEspressos,CostlyCorianders,6189657
2026-07-03T21:02:02.349032,2026-07-03T21:02:02.358106+00:00,119.7,50,ask,EarnestEspressos,FlawlessFlatbreads,6189658
2026-07-03T21:02:03.868013,2026-07-03T21:02:03.875291+00:00,119.5,47,ask,DiligentDonuts,CostlyCorianders,6189672
2026-07-03T21:02:03.999812,2026-07-03T21:02:04.007449+00:00,119.6,3,bid,Xuanyu Liu,EarnestEspressos,6189678
2026-07-03T21:02:05.376544,2026-07-03T21:02:05.388117+00:00,119.6,49,bid,CostlyCorianders,EarnestEspressos,6189705
2026-07-03T21:02:06.559726,2026-07-03T21:02:06.571187+00:00,119.3,50,ask,DiligentDonuts,FlawlessFlatbreads,6189714
2026-07-03T21:02:07.880981,2026-07-03T21:02:07.892751+00:00,119.4,40,ask,EarnestEspressos,CostlyCorianders,6189734
2026-07-03T21:02:08.665652,2026-07-03T21:02:08.677183+00:00,119.4,50,ask,EarnestEspressos,FlawlessFlatbreads,6189748
2026-07-03T21:02:12.825413,2026-07-03T21:02:12.834089+00:00,119.3,50,bid,FlawlessFlatbreads,DiligentDonuts,6189805
2026-07-03T21:02:13.887367,2026-07-03T21:02:13.895185+00:00,119.3,44,bid,CostlyCorianders,DiligentDonuts,6189819
2026-07-03T21:02:14.349157,2026-07-03T21:02:14.360804+00:00,119.3,6,bid,CostlyCorianders,DiligentDonuts,6189829
2026-07-03T21:02:14.349157,2026-07-03T21:02:14.360804+00:00,119.3,34,bid,CostlyCorianders,EarnestEspressos,6189830
2026-07-03T21:02:14.932728,2026-07-03T21:02:14.944300+00:00,119.3,50,bid,FlawlessFlatbreads,EarnestEspressos,6189833
2026-07-03T21:02:18.357685,2026-07-03T21:02:18.369147+00:00,119.2,46,ask,DiligentDonuts,CostlyCorianders,6189873
2026-07-03T21:02:19.198448,2026-07-03T21:02:19.209957+00:00,119.2,50,ask,DiligentDonuts,FlawlessFlatbreads,6189880
2026-07-03T21:02:20.137274,2026-07-03T21:02:20.148286+00:00,119.5,49,bid,CostlyCorianders,EarnestEspressos,6189897
2026-07-03T21:02:21.305351,2026-07-03T21:02:21.316896+00:00,119.1,50,ask,DiligentDonuts,FlawlessFlatbreads,6189909
2026-07-03T21:02:22.298875,2026-07-03T21:02:22.310287+00:00,119.1,44,ask,DiligentDonuts,CostlyCorianders,6189922
2026-07-03T21:02:22.826827,2026-07-03T21:02:22.838575+00:00,119.6,42,bid,CostlyCorianders,DiligentDonuts,6189930
2026-07-03T21:02:23.361644,2026-07-03T21:02:23.374351+00:00,119.6,50,bid,FlawlessFlatbreads,DiligentDonuts,6189939
2026-07-03T21:02:25.469086,2026-07-03T21:02:25.476356+00:00,119.5,50,bid,FlawlessFlatbreads,DiligentDonuts,6189967
2026-07-03T21:02:27.632197,2026-07-03T21:02:27.643839+00:00,119.4,50,ask,EarnestEspressos,FlawlessFlatbreads,6189999
2026-07-03T21:02:28.759515,2026-07-03T21:02:28.767436+00:00,119.4,3,ask,EarnestEspressos,Xuanyu Liu,6190018
2026-07-03T21:02:30.205261,2026-07-03T21:02:30.216707+00:00,119.2,41,ask,DiligentDonuts,CostlyCorianders,6190032
2026-07-03T21:02:30.714853,2026-07-03T21:02:30.726449+00:00,119.3,44,bid,CostlyCorianders,DiligentDonuts,6190038
2026-07-03T21:02:31.849711,2026-07-03T21:02:31.856309+00:00,119.1,50,ask,EarnestEspressos,FlawlessFlatbreads,6190054
2026-07-03T21:02:32.292521,2026-07-03T21:02:32.304354+00:00,118.8,44,ask,DiligentDonuts,CostlyCorianders,6190057
2026-07-03T21:02:32.431887,2026-07-03T21:02:32.440262+00:00,119.0,3,bid,Xuanyu Liu,EarnestEspressos,6190064
2026-07-03T21:02:33.958766,2026-07-03T21:02:33.970573+00:00,118.8,50,ask,DiligentDonuts,FlawlessFlatbreads,6190080
2026-07-03T21:02:34.499638,2026-07-03T21:02:34.511227+00:00,119.0,41,bid,CostlyCorianders,EarnestEspressos,6190090
2026-07-03T21:02:36.073395,2026-07-03T21:02:36.081781+00:00,118.8,50,ask,DiligentDonuts,FlawlessFlatbreads,6190106
2026-07-03T21:02:37.732561,2026-07-03T21:02:37.744116+00:00,118.6,42,ask,EarnestEspressos,CostlyCorianders,6190125
2026-07-03T21:02:38.178402,2026-07-03T21:02:38.186771+00:00,118.6,50,ask,EarnestEspressos,FlawlessFlatbreads,6190133
2026-07-03T21:02:40.283467,2026-07-03T21:02:40.290048+00:00,118.4,50,ask,EarnestEspressos,FlawlessFlatbreads,6190164
2026-07-03T21:02:41.750912,2026-07-03T21:02:41.763343+00:00,118.8,3,bid,Xuanyu Liu,EarnestEspressos,6190181
2026-07-03T21:02:42.390946,2026-07-03T21:02:42.397263+00:00,118.4,50,ask,DiligentDonuts,FlawlessFlatbreads,6190193
2026-07-03T21:02:44.511650,2026-07-03T21:02:44.519242+00:00,118.3,50,ask,EarnestEspressos,FlawlessFlatbreads,6190218
2026-07-03T21:02:44.904056,2026-07-03T21:02:44.913014+00:00,118.3,100,ask,DiligentDonuts,EarnestEspressos,6190224
2026-07-03T21:02:44.914577,2026-07-03T21:02:44.922758+00:00,118.3,23,bid,Xuanyu Liu,EarnestEspressos,6190227
2026-07-03T21:02:46.062066,2026-07-03T21:02:46.070000+00:00,118.3,11,bid,Xuanyu Liu,EarnestEspressos,6190249
2026-07-03T21:02:46.567690,2026-07-03T21:02:46.579492+00:00,118.3,16,bid,FlawlessFlatbreads,EarnestEspressos,6190261
2026-07-03T21:02:46.567690,2026-07-03T21:02:46.579492+00:00,118.4,34,bid,FlawlessFlatbreads,DiligentDonuts,6190262
2026-07-03T21:02:47.222198,2026-07-03T21:02:47.234213+00:00,118.4,49,bid,CostlyCorianders,DiligentDonuts,6190270
2026-07-03T21:02:48.017849,2026-07-03T21:02:48.028671+00:00,118.4,17,bid,EarnestEspressos,DiligentDonuts,6190281
2026-07-03T21:02:48.082879,2026-07-03T21:02:48.090860+00:00,118.4,11,ask,EarnestEspressos,Xuanyu Liu,6190282
2026-07-03T21:02:48.683122,2026-07-03T21:02:48.691480+00:00,118.9,50,bid,FlawlessFlatbreads,EarnestEspressos,6190298
2026-07-03T21:02:49.850461,2026-07-03T21:02:49.858554+00:00,118.6,48,bid,CostlyCorianders,DiligentDonuts,6190313
2026-07-03T21:02:49.905519,2026-07-03T21:02:49.917284+00:00,118.4,40,ask,EarnestEspressos,CostlyCorianders,6190315
2026-07-03T21:02:50.511150,2026-07-03T21:02:50.522842+00:00,118.6,42,bid,CostlyCorianders,DiligentDonuts,6190320
2026-07-03T21:02:50.789756,2026-07-03T21:02:50.796662+00:00,118.6,10,bid,FlawlessFlatbreads,DiligentDonuts,6190326
2026-07-03T21:02:50.789756,2026-07-03T21:02:50.802040+00:00,118.9,40,bid,FlawlessFlatbreads,EarnestEspressos,6190327
2026-07-03T21:02:51.244534,2026-07-03T21:02:51.252130+00:00,118.5,12,ask,EarnestEspressos,Xuanyu Liu,6190336
2026-07-03T21:02:52.150610,2026-07-03T21:02:52.158565+00:00,118.5,49,ask,EarnestEspressos,CostlyCorianders,6190345
2026-07-03T21:02:54.964366,2026-07-03T21:02:54.971530+00:00,118.5,47,ask,DiligentDonuts,CostlyCorianders,6190371
2026-07-03T21:02:55.071060,2026-07-03T21:02:55.079163+00:00,118.5,50,ask,DiligentDonuts,FlawlessFlatbreads,6190372
2026-07-03T21:02:57.177938,2026-07-03T21:02:57.189489+00:00,118.3,50,ask,EarnestEspressos,FlawlessFlatbreads,6190406
2026-07-03T21:02:59.886257,2026-07-03T21:02:59.897743+00:00,118.5,43,bid,CostlyCorianders,DiligentDonuts,6190444
2026-07-03T21:03:01.389699,2026-07-03T21:03:01.402096+00:00,118.2,50,ask,EarnestEspressos,FlawlessFlatbreads,6190460
2026-07-03T21:03:01.489029,2026-07-03T21:03:01.497682+00:00,118.5,12,bid,Xuanyu Liu,DiligentDonuts,6190466
2026-07-03T21:03:03.703895,2026-07-03T21:03:03.715379+00:00,118.3,41,ask,DiligentDonuts,CostlyCorianders,6190492
2026-07-03T21:03:04.427436,2026-07-03T21:03:04.435189+00:00,118.6,11,bid,Xuanyu Liu,EarnestEspressos,6190506
2026-07-03T21:03:05.357157,2026-07-03T21:03:05.363753+00:00,118.6,100,bid,DiligentDonuts,EarnestEspressos,6190523
2026-07-03T21:03:05.600134,2026-07-03T21:03:05.609836+00:00,118.1,50,ask,EarnestEspressos,FlawlessFlatbreads,6190525
2026-07-03T21:03:07.706831,2026-07-03T21:03:07.718389+00:00,118.3,50,ask,EarnestEspressos,FlawlessFlatbreads,6190549
2026-07-03T21:03:09.812935,2026-07-03T21:03:09.824550+00:00,118.3,50,ask,EarnestEspressos,FlawlessFlatbreads,6190585
2026-07-03T21:03:10.971124,2026-07-03T21:03:10.978981+00:00,118.4,23,bid,Xuanyu Liu,EarnestEspressos,6190595
2026-07-03T21:03:10.973405,2026-07-03T21:03:10.978981+00:00,118.4,48,bid,CostlyCorianders,EarnestEspressos,6190596
2026-07-03T21:03:11.175999,2026-07-03T21:03:11.183815+00:00,118.4,11,bid,Xuanyu Liu,EarnestEspressos,6190602
2026-07-03T21:03:11.681503,2026-07-03T21:03:11.690913+00:00,118.4,68,bid,DiligentDonuts,EarnestEspressos,6190609
2026-07-03T21:03:11.920041,2026-07-03T21:03:11.926908+00:00,118.4,32,ask,DiligentDonuts,FlawlessFlatbreads,6190612
2026-07-03T21:03:11.920041,2026-07-03T21:03:11.932092+00:00,117.9,18,ask,EarnestEspressos,FlawlessFlatbreads,6190613
2026-07-03T21:03:13.326122,2026-07-03T21:03:13.334511+00:00,118.8,22,ask,EarnestEspressos,Xuanyu Liu,6190631
2026-07-03T21:03:13.612254,2026-07-03T21:03:13.624209+00:00,118.8,12,ask,EarnestEspressos,Xuanyu Liu,6190640
2026-07-03T21:03:14.028145,2026-07-03T21:03:14.038128+00:00,118.8,50,ask,EarnestEspressos,FlawlessFlatbreads,6190648
2026-07-03T21:03:14.192148,2026-07-03T21:03:14.201160+00:00,118.9,44,bid,CostlyCorianders,DiligentDonuts,6190651
2026-07-03T21:03:14.786711,2026-07-03T21:03:14.798199+00:00,118.8,48,ask,EarnestEspressos,CostlyCorianders,6190656
2026-07-03T21:03:14.914227,2026-07-03T21:03:14.935616+00:00,118.8,18,ask,EarnestEspressos,DiligentDonuts,6190661
2026-07-03T21:03:14.927907,2026-07-03T21:03:14.935616+00:00,118.6,23,bid,Xuanyu Liu,DiligentDonuts,6190664
2026-07-03T21:03:16.134480,2026-07-03T21:03:16.146022+00:00,118.1,50,ask,DiligentDonuts,FlawlessFlatbreads,6190674
2026-07-03T21:03:17.070791,2026-07-03T21:03:17.082467+00:00,118.6,44,bid,CostlyCorianders,DiligentDonuts,6190690
2026-07-03T21:03:17.699550,2026-07-03T21:03:17.710920+00:00,118.6,15,bid,CostlyCorianders,DiligentDonuts,6190694
2026-07-03T21:03:17.699550,2026-07-03T21:03:17.710920+00:00,118.7,32,bid,CostlyCorianders,EarnestEspressos,6190695
2026-07-03T21:03:18.241651,2026-07-03T21:03:18.253121+00:00,118.3,50,ask,DiligentDonuts,FlawlessFlatbreads,6190702
2026-07-03T21:03:20.349053,2026-07-03T21:03:20.355408+00:00,118.3,50,ask,DiligentDonuts,FlawlessFlatbreads,6190723
2026-07-03T21:03:21.475464,2026-07-03T21:03:21.482401+00:00,118.4,11,bid,Xuanyu Liu,DiligentDonuts,6190740
2026-07-03T21:03:22.101005,2026-07-03T21:03:22.112557+00:00,118.2,40,ask,EarnestEspressos,CostlyCorianders,6190743
2026-07-03T21:03:22.455085,2026-07-03T21:03:22.463642+00:00,118.2,50,ask,EarnestEspressos,FlawlessFlatbreads,6190748
2026-07-03T21:03:22.784542,2026-07-03T21:03:22.793232+00:00,118.4,12,bid,Xuanyu Liu,DiligentDonuts,6190754
2026-07-03T21:03:23.679741,2026-07-03T21:03:23.686894+00:00,118.4,43,bid,CostlyCorianders,DiligentDonuts,6190778
2026-07-03T21:03:24.093769,2026-07-03T21:03:24.101873+00:00,118.4,11,bid,Xuanyu Liu,DiligentDonuts,6190783
2026-07-03T21:03:24.345735,2026-07-03T21:03:24.358571+00:00,118.4,100,bid,DiligentDonuts,EarnestEspressos,6190786
2026-07-03T21:03:24.511322,2026-07-03T21:03:24.519568+00:00,118.4,50,bid,FlawlessFlatbreads,EarnestEspressos,6190789
2026-07-03T21:03:25.968963,2026-07-03T21:03:25.979108+00:00,118.2,11,ask,EarnestEspressos,Xuanyu Liu,6190814
2026-07-03T21:03:26.617616,2026-07-03T21:03:26.629243+00:00,118.7,50,bid,FlawlessFlatbreads,EarnestEspressos,6190824
2026-07-03T21:03:28.723482,2026-07-03T21:03:28.730110+00:00,118.6,50,bid,FlawlessFlatbreads,DiligentDonuts,6190860
2026-07-03T21:03:29.117855,2026-07-03T21:03:29.129290+00:00,118.6,50,bid,EarnestEspressos,DiligentDonuts,6190863
2026-07-03T21:03:29.179994,2026-07-03T21:03:29.188649+00:00,118.7,23,ask,EarnestEspressos,Xuanyu Liu,6190864
2026-07-03T21:03:29.194521,2026-07-03T21:03:29.204187+00:00,118.7,45,ask,EarnestEspressos,CostlyCorianders,6190866
2026-07-03T21:03:30.104899,2026-07-03T21:03:30.116720+00:00,118.7,32,ask,EarnestEspressos,CostlyCorianders,6190880
2026-07-03T21:03:30.104899,2026-07-03T21:03:30.116720+00:00,118.1,16,ask,DiligentDonuts,CostlyCorianders,6190881
2026-07-03T21:03:30.829032,2026-07-03T21:03:30.837919+00:00,118.8,50,bid,FlawlessFlatbreads,DiligentDonuts,6190891
2026-07-03T21:03:32.945775,2026-07-03T21:03:32.954108+00:00,118.5,50,bid,FlawlessFlatbreads,EarnestEspressos,6190913
2026-07-03T21:03:35.898909,2026-07-03T21:03:35.908318+00:00,118.4,11,ask,DiligentDonuts,Xuanyu Liu,6190960
2026-07-03T21:03:37.159704,2026-07-03T21:03:37.174443+00:00,118.4,50,bid,FlawlessFlatbreads,DiligentDonuts,6190979
2026-07-03T21:03:37.211611,2026-07-03T21:03:37.223568+00:00,118.4,11,bid,Xuanyu Liu,DiligentDonuts,6190985
2026-07-03T21:03:38.637390,2026-07-03T21:03:38.648766+00:00,118.4,39,bid,CostlyCorianders,DiligentDonuts,6191004
2026-07-03T21:03:39.267876,2026-07-03T21:03:39.276449+00:00,118.3,50,bid,FlawlessFlatbreads,EarnestEspressos,6191015
2026-07-03T21:03:41.258184,2026-07-03T21:03:41.269569+00:00,118.0,49,ask,DiligentDonuts,CostlyCorianders,6191041
2026-07-03T21:03:41.373071,2026-07-03T21:03:41.384745+00:00,118.3,50,bid,FlawlessFlatbreads,EarnestEspressos,6191044
2026-07-03T21:03:41.829908,2026-07-03T21:03:41.841451+00:00,118.5,46,bid,CostlyCorianders,DiligentDonuts,6191050
2026-07-03T21:03:42.373236,2026-07-03T21:03:42.383082+00:00,118.1,42,ask,EarnestEspressos,CostlyCorianders,6191061
2026-07-03T21:03:43.489718,2026-07-03T21:03:43.501102+00:00,118.6,50,bid,FlawlessFlatbreads,EarnestEspressos,6191072
2026-07-03T21:03:43.779157,2026-07-03T21:03:43.786860+00:00,118.2,11,ask,DiligentDonuts,Xuanyu Liu,6191082
2026-07-03T21:03:45.596469,2026-07-03T21:03:45.608314+00:00,118.6,50,bid,FlawlessFlatbreads,EarnestEspressos,6191106
2026-07-03T21:03:46.588506,2026-07-03T21:03:46.595190+00:00,118.1,47,ask,EarnestEspressos,CostlyCorianders,6191126
2026-07-03T21:03:47.793400,2026-07-03T21:03:47.796136+00:00,118.6,40,bid,CostlyCorianders,EarnestEspressos,6191146
2026-07-03T21:03:48.100066,2026-07-03T21:03:48.110246+00:00,118.4,12,ask,EarnestEspressos,Xuanyu Liu,6191149
2026-07-03T21:03:48.295812,2026-07-03T21:03:48.307363+00:00,118.4,46,ask,EarnestEspressos,CostlyCorianders,6191151
2026-07-03T21:03:48.710427,2026-07-03T21:03:48.718622+00:00,118.4,11,ask,EarnestEspressos,Xuanyu Liu,6191158
2026-07-03T21:03:49.873780,2026-07-03T21:03:49.882091+00:00,118.4,50,ask,EarnestEspressos,FlawlessFlatbreads,6191182
2026-07-03T21:03:50.508179,2026-07-03T21:03:50.516439+00:00,118.7,49,bid,CostlyCorianders,DiligentDonuts,6191188
2026-07-03T21:03:51.564534,2026-07-03T21:03:51.571220+00:00,118.4,43,bid,CostlyCorianders,EarnestEspressos,6191208
2026-07-03T21:03:51.979343,2026-07-03T21:03:51.990815+00:00,118.2,50,ask,DiligentDonuts,FlawlessFlatbreads,6191213
2026-07-03T21:03:52.212205,2026-07-03T21:03:52.224009+00:00,118.2,42,ask,DiligentDonuts,CostlyCorianders,6191217
2026-07-03T21:03:54.086814,2026-07-03T21:03:54.098260+00:00,118.0,50,ask,DiligentDonuts,FlawlessFlatbreads,6191248
2026-07-03T21:03:54.650660,2026-07-03T21:03:54.657051+00:00,118.2,45,ask,EarnestEspressos,CostlyCorianders,6191257
2026-07-03T21:03:55.238623,2026-07-03T21:03:55.250364+00:00,118.5,45,bid,CostlyCorianders,DiligentDonuts,6191268
2026-07-03T21:03:56.196650,2026-07-03T21:03:56.204140+00:00,118.2,50,ask,EarnestEspressos,FlawlessFlatbreads,6191278
2026-07-03T21:03:57.642661,2026-07-03T21:03:57.651052+00:00,118.4,11,bid,Xuanyu Liu,EarnestEspressos,6191295
2026-07-03T21:03:58.221342,2026-07-03T21:03:58.230626+00:00,118.4,12,bid,Xuanyu Liu,EarnestEspressos,6191303
2026-07-03T21:03:58.302652,2026-07-03T21:03:58.314079+00:00,118.2,50,ask,DiligentDonuts,FlawlessFlatbreads,6191306
2026-07-03T21:03:59.540430,2026-07-03T21:03:59.548435+00:00,118.4,11,bid,Xuanyu Liu,EarnestEspressos,6191318
2026-07-03T21:04:00.409209,2026-07-03T21:04:00.420793+00:00,118.1,50,ask,DiligentDonuts,FlawlessFlatbreads,6191335
2026-07-03T21:04:01.813601,2026-07-03T21:04:01.825614+00:00,118.6,47,bid,CostlyCorianders,DiligentDonuts,6191358
2026-07-03T21:04:02.516436,2026-07-03T21:04:02.527947+00:00,118.2,50,ask,EarnestEspressos,FlawlessFlatbreads,6191367
2026-07-03T21:04:02.897357,2026-07-03T21:04:02.909290+00:00,118.2,41,ask,EarnestEspressos,CostlyCorianders,6191374
2026-07-03T21:04:03.851835,2026-07-03T21:04:03.858614+00:00,118.5,43,bid,CostlyCorianders,DiligentDonuts,6191394
2026-07-03T21:04:03.966969,2026-07-03T21:04:03.976292+00:00,118.2,11,bid,Xuanyu Liu,EarnestEspressos,6191395
2026-07-03T21:04:04.392102,2026-07-03T21:04:04.403900+00:00,118.0,42,ask,DiligentDonuts,CostlyCorianders,6191398
2026-07-03T21:04:04.624153,2026-07-03T21:04:04.635984+00:00,118.0,50,ask,DiligentDonuts,FlawlessFlatbreads,6191405
2026-07-03T21:04:06.679534,2026-07-03T21:04:06.691022+00:00,118.2,50,bid,FlawlessFlatbreads,EarnestEspressos,6191438
2026-07-03T21:04:08.788000,2026-07-03T21:04:08.799776+00:00,118.3,50,bid,FlawlessFlatbreads,EarnestEspressos,6191465
2026-07-03T21:04:10.896204,2026-07-03T21:04:10.908118+00:00,118.3,50,bid,FlawlessFlatbreads,DiligentDonuts,6191488
2026-07-03T21:04:12.565532,2026-07-03T21:04:12.577040+00:00,118.2,45,bid,CostlyCorianders,DiligentDonuts,6191508
2026-07-03T21:04:13.004179,2026-07-03T21:04:13.032214+00:00,118.2,50,bid,FlawlessFlatbreads,DiligentDonuts,6191512
2026-07-03T21:04:13.596105,2026-07-03T21:04:13.606082+00:00,118.2,5,bid,CostlyCorianders,DiligentDonuts,6191518
2026-07-03T21:04:15.161841,2026-07-03T21:04:15.173631+00:00,118.3,50,ask,DiligentDonuts,FlawlessFlatbreads,6191543
2026-07-03T21:04:15.281030,2026-07-03T21:04:15.289364+00:00,118.3,11,ask,DiligentDonuts,Xuanyu Liu,6191544
2026-07-03T21:04:17.268555,2026-07-03T21:04:17.280218+00:00,118.3,39,ask,DiligentDonuts,FlawlessFlatbreads,6191579
2026-07-03T21:04:19.325411,2026-07-03T21:04:19.335906+00:00,118.5,50,bid,FlawlessFlatbreads,EarnestEspressos,6191609
2026-07-03T21:04:20.146632,2026-07-03T21:04:20.163814+00:00,118.5,46,bid,CostlyCorianders,DiligentDonuts,6191617
2026-07-03T21:04:21.431625,2026-07-03T21:04:21.443045+00:00,118.6,50,bid,FlawlessFlatbreads,DiligentDonuts,6191635
2026-07-03T21:04:21.608530,2026-07-03T21:04:21.620019+00:00,118.4,48,ask,EarnestEspressos,CostlyCorianders,6191639
2026-07-03T21:04:22.105705,2026-07-03T21:04:22.117110+00:00,118.4,42,ask,EarnestEspressos,CostlyCorianders,6191651
2026-07-03T21:04:23.102554,2026-07-03T21:04:23.114356+00:00,118.5,47,bid,CostlyCorianders,EarnestEspressos,6191661
2026-07-03T21:04:23.536582,2026-07-03T21:04:23.548053+00:00,118.5,50,bid,FlawlessFlatbreads,EarnestEspressos,6191671
2026-07-03T21:04:24.648014,2026-07-03T21:04:24.659624+00:00,118.2,45,ask,DiligentDonuts,CostlyCorianders,6191689
2026-07-03T21:04:25.645436,2026-07-03T21:04:25.651843+00:00,118.5,50,bid,FlawlessFlatbreads,EarnestEspressos,6191703
2026-07-03T21:04:26.044095,2026-07-03T21:04:26.053984+00:00,118.6,11,ask,EarnestEspressos,Xuanyu Liu,6191707
2026-07-03T21:04:26.246605,2026-07-03T21:04:26.255932+00:00,118.6,12,ask,EarnestEspressos,Xuanyu Liu,6191712
2026-07-03T21:04:27.459510,2026-07-03T21:04:27.467478+00:00,118.6,11,ask,EarnestEspressos,Xuanyu Liu,6191728
2026-07-03T21:04:27.665911,2026-07-03T21:04:27.675317+00:00,118.6,100,ask,EarnestEspressos,DiligentDonuts,6191731
2026-07-03T21:04:27.803894,2026-07-03T21:04:27.814392+00:00,118.6,16,ask,EarnestEspressos,FlawlessFlatbreads,6191735
2026-07-03T21:04:27.803894,2026-07-03T21:04:27.814392+00:00,118.1,34,ask,DiligentDonuts,FlawlessFlatbreads,6191736
2026-07-03T21:04:29.266308,2026-07-03T21:04:29.273968+00:00,118.5,11,bid,Xuanyu Liu,EarnestEspressos,6191761
2026-07-03T21:04:29.861798,2026-07-03T21:04:29.870160+00:00,118.5,50,bid,FlawlessFlatbreads,EarnestEspressos,6191775
2026-07-03T21:04:31.204477,2026-07-03T21:04:31.216367+00:00,118.5,49,bid,CostlyCorianders,EarnestEspressos,6191797
2026-07-03T21:04:31.966574,2026-07-03T21:04:31.978492+00:00,118.5,40,bid,FlawlessFlatbreads,EarnestEspressos,6191808
2026-07-03T21:04:31.966574,2026-07-03T21:04:31.978492+00:00,118.9,10,bid,FlawlessFlatbreads,DiligentDonuts,6191809
2026-07-03T21:04:34.085438,2026-07-03T21:04:34.096210+00:00,118.9,50,bid,FlawlessFlatbreads,DiligentDonuts,6191847
2026-07-03T21:04:34.342801,2026-07-03T21:04:34.363650+00:00,118.5,47,ask,EarnestEspressos,CostlyCorianders,6191852
2026-07-03T21:04:36.190255,2026-07-03T21:04:36.200280+00:00,118.8,50,bid,FlawlessFlatbreads,EarnestEspressos,6191871
2026-07-03T21:04:37.449203,2026-07-03T21:04:37.458598+00:00,118.5,43,ask,DiligentDonuts,CostlyCorianders,6191885
2026-07-03T21:04:38.300742,2026-07-03T21:04:38.312278+00:00,118.8,50,bid,FlawlessFlatbreads,EarnestEspressos,6191903
2026-07-03T21:04:38.691490,2026-07-03T21:04:38.701342+00:00,118.7,11,ask,EarnestEspressos,Xuanyu Liu,6191906
2026-07-03T21:04:38.906575,2026-07-03T21:04:38.914635+00:00,118.7,26,ask,EarnestEspressos,Xuanyu Liu,6191910
2026-07-03T21:04:40.065254,2026-07-03T21:04:40.071959+00:00,119.0,48,bid,CostlyCorianders,DiligentDonuts,6191926
2026-07-03T21:04:40.458617,2026-07-03T21:04:40.470165+00:00,118.7,50,ask,EarnestEspressos,FlawlessFlatbreads,6191935
2026-07-03T21:04:42.568592,2026-07-03T21:04:42.579555+00:00,118.3,50,ask,DiligentDonuts,FlawlessFlatbreads,6191963
2026-07-03T21:04:45.450845,2026-07-03T21:04:45.460223+00:00,118.5,3,bid,Xuanyu Liu,EarnestEspressos,6192001
2026-07-03T21:04:46.727189,2026-07-03T21:04:46.738934+00:00,118.5,50,bid,FlawlessFlatbreads,EarnestEspressos,6192013
2026-07-03T21:04:46.830637,2026-07-03T21:04:46.838469+00:00,118.5,11,bid,Xuanyu Liu,EarnestEspressos,6192016
2026-07-03T21:04:48.078608,2026-07-03T21:04:48.090838+00:00,118.5,23,bid,Xuanyu Liu,EarnestEspressos,6192033
2026-07-03T21:04:48.186033,2026-07-03T21:04:48.195125+00:00,118.6,100,bid,EarnestEspressos,DiligentDonuts,6192037
2026-07-03T21:04:48.251482,2026-07-03T21:04:48.259199+00:00,118.9,23,ask,EarnestEspressos,Xuanyu Liu,6192038
2026-07-03T21:04:49.265408,2026-07-03T21:04:49.273849+00:00,118.9,11,ask,EarnestEspressos,Xuanyu Liu,6192056
2026-07-03T21:04:50.959264,2026-07-03T21:04:50.971076+00:00,119.2,50,bid,FlawlessFlatbreads,DiligentDonuts,6192074
2026-07-03T21:04:51.517225,2026-07-03T21:04:51.528878+00:00,118.7,48,ask,DiligentDonuts,CostlyCorianders,6192082
2026-07-03T21:04:53.129346,2026-07-03T21:04:53.140789+00:00,118.8,50,ask,DiligentDonuts,FlawlessFlatbreads,6192104
2026-07-03T21:04:54.564578,2026-07-03T21:04:54.576250+00:00,118.8,50,ask,DiligentDonuts,EarnestEspressos,6192125
2026-07-03T21:04:54.638215,2026-07-03T21:04:54.673826+00:00,118.8,11,bid,Xuanyu Liu,EarnestEspressos,6192127
2026-07-03T21:04:54.910465,2026-07-03T21:04:54.922170+00:00,118.8,43,bid,CostlyCorianders,EarnestEspressos,6192131
2026-07-03T21:04:55.235307,2026-07-03T21:04:55.241563+00:00,118.3,50,ask,EarnestEspressos,FlawlessFlatbreads,6192136
2026-07-03T21:04:57.290977,2026-07-03T21:04:57.302572+00:00,118.8,46,bid,FlawlessFlatbreads,EarnestEspressos,6192162
2026-07-03T21:04:57.290977,2026-07-03T21:04:57.302572+00:00,118.9,4,bid,FlawlessFlatbreads,DiligentDonuts,6192163
2026-07-03T21:04:58.988169,2026-07-03T21:04:58.999707+00:00,118.6,46,ask,EarnestEspressos,CostlyCorianders,6192186
2026-07-03T21:04:59.399232,2026-07-03T21:04:59.410800+00:00,119.1,50,bid,FlawlessFlatbreads,EarnestEspressos,6192195
2026-07-03T21:05:01.505954,2026-07-03T21:05:01.513346+00:00,119.1,50,bid,FlawlessFlatbreads,DiligentDonuts,6192223
2026-07-03T21:05:04.586205,2026-07-03T21:05:04.592915+00:00,119.2,41,bid,CostlyCorianders,DiligentDonuts,6192274
2026-07-03T21:05:05.770177,2026-07-03T21:05:05.780499+00:00,118.8,50,ask,EarnestEspressos,FlawlessFlatbreads,6192291
2026-07-03T21:05:07.825367,2026-07-03T21:05:07.835606+00:00,119.1,50,bid,FlawlessFlatbreads,EarnestEspressos,6192321
2026-07-03T21:05:12.085758,2026-07-03T21:05:12.097368+00:00,118.7,50,ask,DiligentDonuts,FlawlessFlatbreads,6192380
2026-07-03T21:05:13.308851,2026-07-03T21:05:13.317906+00:00,118.7,48,ask,DiligentDonuts,CostlyCorianders,6192398
2026-07-03T21:05:14.193436,2026-07-03T21:05:14.202832+00:00,118.7,2,ask,DiligentDonuts,FlawlessFlatbreads,6192409
2026-07-03T21:05:14.193436,2026-07-03T21:05:14.202832+00:00,118.7,48,ask,EarnestEspressos,FlawlessFlatbreads,6192410
2026-07-03T21:05:14.373449,2026-07-03T21:05:14.384132+00:00,118.7,11,ask,EarnestEspressos,Xuanyu Liu,6192413
2026-07-03T21:05:15.117146,2026-07-03T21:05:15.128704+00:00,118.7,91,ask,EarnestEspressos,DiligentDonuts,6192425
2026-07-03T21:05:16.146608,2026-07-03T21:05:16.158223+00:00,118.7,9,bid,CostlyCorianders,DiligentDonuts,6192440
2026-07-03T21:05:16.146608,2026-07-03T21:05:16.158223+00:00,119.2,35,bid,CostlyCorianders,EarnestEspressos,6192441
2026-07-03T21:05:16.710816,2026-07-03T21:05:16.722527+00:00,118.6,11,bid,Xuanyu Liu,EarnestEspressos,6192444
2026-07-03T21:05:18.227401,2026-07-03T21:05:18.238907+00:00,118.6,100,bid,DiligentDonuts,EarnestEspressos,6192459
2026-07-03T21:05:18.352188,2026-07-03T21:05:18.358067+00:00,118.6,39,bid,FlawlessFlatbreads,EarnestEspressos,6192463
2026-07-03T21:05:18.352188,2026-07-03T21:05:18.358067+00:00,119.1,11,bid,FlawlessFlatbreads,DiligentDonuts,6192464
2026-07-03T21:05:18.535901,2026-07-03T21:05:18.547683+00:00,118.1,48,ask,EarnestEspressos,CostlyCorianders,6192465
2026-07-03T21:05:20.512297,2026-07-03T21:05:20.522091+00:00,118.4,50,ask,EarnestEspressos,FlawlessFlatbreads,6192494
2026-07-03T21:05:21.116989,2026-07-03T21:05:21.128350+00:00,118.9,45,bid,CostlyCorianders,EarnestEspressos,6192502
2026-07-03T21:05:22.618123,2026-07-03T21:05:22.629836+00:00,118.4,50,ask,EarnestEspressos,FlawlessFlatbreads,6192523
2026-07-03T21:05:24.673790,2026-07-03T21:05:24.683870+00:00,118.7,50,bid,FlawlessFlatbreads,EarnestEspressos,6192544
2026-07-03T21:05:24.767503,2026-07-03T21:05:24.778878+00:00,118.3,40,ask,DiligentDonuts,CostlyCorianders,6192545
2026-07-03T21:05:27.899247,2026-07-03T21:05:27.910830+00:00,118.6,42,bid,CostlyCorianders,DiligentDonuts,6192578
2026-07-03T21:05:28.885427,2026-07-03T21:05:28.893892+00:00,118.6,50,bid,FlawlessFlatbreads,DiligentDonuts,6192585
2026-07-03T21:05:29.610368,2026-07-03T21:05:29.620292+00:00,118.3,47,ask,EarnestEspressos,CostlyCorianders,6192597
2026-07-03T21:05:30.630818,2026-07-03T21:05:30.642689+00:00,118.6,8,bid,CostlyCorianders,DiligentDonuts,6192613
2026-07-03T21:05:30.630818,2026-07-03T21:05:30.642689+00:00,118.8,33,bid,CostlyCorianders,EarnestEspressos,6192614
2026-07-03T21:05:30.993590,2026-07-03T21:05:31.000309+00:00,118.8,50,bid,FlawlessFlatbreads,EarnestEspressos,6192620
2026-07-03T21:05:32.596310,2026-07-03T21:05:32.607858+00:00,118.6,44,ask,EarnestEspressos,CostlyCorianders,6192645
2026-07-03T21:05:33.099163,2026-07-03T21:05:33.110920+00:00,118.9,50,bid,FlawlessFlatbreads,DiligentDonuts,6192650
2026-07-03T21:05:34.127210,2026-07-03T21:05:34.138702+00:00,119.1,45,bid,CostlyCorianders,EarnestEspressos,6192662
2026-07-03T21:05:35.055799,2026-07-03T21:05:35.067427+00:00,118.6,45,ask,EarnestEspressos,CostlyCorianders,6192676
2026-07-03T21:05:35.228523,2026-07-03T21:05:35.238808+00:00,119.1,50,bid,FlawlessFlatbreads,EarnestEspressos,6192677
2026-07-03T21:05:37.340530,2026-07-03T21:05:37.347730+00:00,119.2,50,bid,FlawlessFlatbreads,EarnestEspressos,6192706
2026-07-03T21:05:37.650186,2026-07-03T21:05:37.654791+00:00,119.2,43,bid,CostlyCorianders,EarnestEspressos,6192711
2026-07-03T21:05:38.792902,2026-07-03T21:05:38.804843+00:00,119.2,100,bid,EarnestEspressos,DiligentDonuts,6192726
2026-07-03T21:05:38.864869,2026-07-03T21:05:38.873764+00:00,119.2,14,ask,EarnestEspressos,Xuanyu Liu,6192728
2026-07-03T21:05:39.462636,2026-07-03T21:05:39.479812+00:00,119.7,50,bid,FlawlessFlatbreads,EarnestEspressos,6192735
2026-07-03T21:05:41.569090,2026-07-03T21:05:41.576265+00:00,119.7,50,bid,FlawlessFlatbreads,EarnestEspressos,6192764
2026-07-03T21:05:42.567603,2026-07-03T21:05:42.575631+00:00,119.4,3,ask,EarnestEspressos,Xuanyu Liu,6192775
2026-07-03T21:05:43.697872,2026-07-03T21:05:43.705286+00:00,119.7,50,bid,FlawlessFlatbreads,DiligentDonuts,6192786
2026-07-03T21:05:44.305679,2026-07-03T21:05:44.313130+00:00,119.4,44,ask,EarnestEspressos,CostlyCorianders,6192797
2026-07-03T21:05:44.994902,2026-07-03T21:05:45.006312+00:00,119.4,44,ask,EarnestEspressos,CostlyCorianders,6192804
2026-07-03T21:05:45.516181,2026-07-03T21:05:45.523000+00:00,119.3,47,bid,CostlyCorianders,EarnestEspressos,6192813
2026-07-03T21:05:45.804267,2026-07-03T21:05:45.815861+00:00,119.3,50,bid,FlawlessFlatbreads,EarnestEspressos,6192816
2026-07-03T21:05:46.689479,2026-07-03T21:05:46.701247+00:00,119.3,53,bid,DiligentDonuts,EarnestEspressos,6192826
2026-07-03T21:05:47.913054,2026-07-03T21:05:47.924727+00:00,119.8,50,bid,FlawlessFlatbreads,DiligentDonuts,6192849
2026-07-03T21:05:48.669111,2026-07-03T21:05:48.680792+00:00,119.3,45,ask,DiligentDonuts,CostlyCorianders,6192860
2026-07-03T21:05:49.796019,2026-07-03T21:05:49.807373+00:00,119.3,2,ask,DiligentDonuts,Xuanyu Liu,6192880
2026-07-03T21:05:49.796019,2026-07-03T21:05:49.807373+00:00,119.3,9,ask,EarnestEspressos,Xuanyu Liu,6192881
2026-07-03T21:05:49.835432,2026-07-03T21:05:49.843895+00:00,119.3,47,ask,EarnestEspressos,CostlyCorianders,6192887
2026-07-03T21:05:50.017688,2026-07-03T21:05:50.029257+00:00,119.5,50,bid,FlawlessFlatbreads,DiligentDonuts,6192889
2026-07-03T21:05:52.037418,2026-07-03T21:05:52.049274+00:00,119.5,40,bid,CostlyCorianders,DiligentDonuts,6192914
2026-07-03T21:05:52.123630,2026-07-03T21:05:52.129956+00:00,119.5,10,bid,FlawlessFlatbreads,DiligentDonuts,6192915
2026-07-03T21:05:52.123630,2026-07-03T21:05:52.129956+00:00,119.6,40,bid,FlawlessFlatbreads,EarnestEspressos,6192916
2026-07-03T21:05:54.241952,2026-07-03T21:05:54.253539+00:00,119.6,50,bid,FlawlessFlatbreads,EarnestEspressos,6192945
2026-07-03T21:05:54.613190,2026-07-03T21:05:54.620844+00:00,119.4,12,ask,EarnestEspressos,Xuanyu Liu,6192952
2026-07-03T21:05:55.065044,2026-07-03T21:05:55.074747+00:00,119.4,11,ask,EarnestEspressos,Xuanyu Liu,6192960
2026-07-03T21:05:55.289235,2026-07-03T21:05:55.301096+00:00,119.4,46,ask,EarnestEspressos,CostlyCorianders,6192966
2026-07-03T21:05:56.348528,2026-07-03T21:05:56.358617+00:00,119.7,50,bid,FlawlessFlatbreads,DiligentDonuts,6192977
2026-07-03T21:05:58.352641,2026-07-03T21:05:58.363951+00:00,119.5,44,bid,CostlyCorianders,EarnestEspressos,6192989
2026-07-03T21:05:58.453292,2026-07-03T21:05:58.463625+00:00,119.5,50,bid,FlawlessFlatbreads,EarnestEspressos,6192991
2026-07-03T21:05:59.003807,2026-07-03T21:05:59.015241+00:00,119.5,40,bid,CostlyCorianders,EarnestEspressos,6193001
2026-07-03T21:05:59.058002,2026-07-03T21:05:59.069833+00:00,119.2,43,ask,DiligentDonuts,CostlyCorianders,6193002
2026-07-03T21:05:59.630415,2026-07-03T21:05:59.641948+00:00,119.5,16,bid,CostlyCorianders,EarnestEspressos,6193015
2026-07-03T21:05:59.630415,2026-07-03T21:05:59.641948+00:00,119.7,26,bid,CostlyCorianders,DiligentDonuts,6193016
2026-07-03T21:06:00.559020,2026-07-03T21:06:00.570683+00:00,119.7,50,bid,FlawlessFlatbreads,DiligentDonuts,6193024
2026-07-03T21:06:00.934268,2026-07-03T21:06:00.943532+00:00,119.6,12,ask,EarnestEspressos,Xuanyu Liu,6193028
2026-07-03T21:06:01.611254,2026-07-03T21:06:01.623641+00:00,119.6,11,ask,EarnestEspressos,Xuanyu Liu,6193043
2026-07-03T21:06:01.865704,2026-07-03T21:06:01.877249+00:00,119.6,42,ask,EarnestEspressos,CostlyCorianders,6193049
2026-07-03T21:06:02.666344,2026-07-03T21:06:02.674732+00:00,119.9,50,bid,FlawlessFlatbreads,DiligentDonuts,6193056
2026-07-03T21:06:02.847181,2026-07-03T21:06:02.863691+00:00,119.9,49,bid,CostlyCorianders,DiligentDonuts,6193057
2026-07-03T21:06:05.681194,2026-07-03T21:06:05.690470+00:00,119.6,11,ask,DiligentDonuts,Xuanyu Liu,6193091
2026-07-03T21:06:06.328652,2026-07-03T21:06:06.340160+00:00,119.6,41,ask,DiligentDonuts,CostlyCorianders,6193102
2026-07-03T21:06:06.785683,2026-07-03T21:06:06.793178+00:00,119.6,12,ask,DiligentDonuts,Xuanyu Liu,6193108
2026-07-03T21:06:06.845253,2026-07-03T21:06:06.854441+00:00,119.6,11,ask,DiligentDonuts,Xuanyu Liu,6193113
2026-07-03T21:06:06.925981,2026-07-03T21:06:06.937594+00:00,119.6,25,ask,DiligentDonuts,FlawlessFlatbreads,6193116
2026-07-03T21:06:06.925981,2026-07-03T21:06:06.937594+00:00,119.2,25,ask,EarnestEspressos,FlawlessFlatbreads,6193117
2026-07-03T21:06:07.313644,2026-07-03T21:06:07.321533+00:00,119.4,11,bid,Xuanyu Liu,EarnestEspressos,6193118
2026-07-03T21:06:07.450276,2026-07-03T21:06:07.463613+00:00,119.4,40,bid,CostlyCorianders,EarnestEspressos,6193124
2026-07-03T21:06:07.997707,2026-07-03T21:06:08.005499+00:00,119.4,23,bid,Xuanyu Liu,EarnestEspressos,6193142
2026-07-03T21:06:08.829612,2026-07-03T21:06:08.840223+00:00,119.4,76,bid,DiligentDonuts,EarnestEspressos,6193154
2026-07-03T21:06:09.033727,2026-07-03T21:06:09.042996+00:00,119.4,24,ask,DiligentDonuts,FlawlessFlatbreads,6193156
2026-07-03T21:06:09.033727,2026-07-03T21:06:09.042996+00:00,118.9,26,ask,EarnestEspressos,FlawlessFlatbreads,6193157
2026-07-03T21:06:10.760629,2026-07-03T21:06:10.769539+00:00,119.5,11,ask,EarnestEspressos,Xuanyu Liu,6193178
2026-07-03T21:06:11.141148,2026-07-03T21:06:11.152828+00:00,119.5,50,ask,EarnestEspressos,FlawlessFlatbreads,6193187
2026-07-03T21:06:11.635391,2026-07-03T21:06:11.643620+00:00,119.5,12,ask,EarnestEspressos,Xuanyu Liu,6193192
2026-07-03T21:06:12.043780,2026-07-03T21:06:12.063662+00:00,119.5,77,ask,EarnestEspressos,DiligentDonuts,6193201
2026-07-03T21:06:12.065427,2026-07-03T21:06:12.077334+00:00,119.3,12,bid,Xuanyu Liu,DiligentDonuts,6193204
2026-07-03T21:06:12.080830,2026-07-03T21:06:12.097479+00:00,119.3,11,bid,Xuanyu Liu,DiligentDonuts,6193208
2026-07-03T21:06:12.957693,2026-07-03T21:06:12.969452+00:00,118.8,43,ask,DiligentDonuts,CostlyCorianders,6193221
2026-07-03T21:06:13.247313,2026-07-03T21:06:13.263916+00:00,118.8,50,ask,DiligentDonuts,FlawlessFlatbreads,6193222
2026-07-03T21:06:15.038450,2026-07-03T21:06:15.050198+00:00,119.3,48,bid,CostlyCorianders,EarnestEspressos,6193248
2026-07-03T21:06:15.984803,2026-07-03T21:06:15.992944+00:00,118.9,43,ask,DiligentDonuts,CostlyCorianders,6193260
2026-07-03T21:06:16.459782,2026-07-03T21:06:16.471686+00:00,119.3,47,bid,CostlyCorianders,EarnestEspressos,6193266
2026-07-03T21:06:17.301831,2026-07-03T21:06:17.310573+00:00,119.4,11,bid,Xuanyu Liu,DiligentDonuts,6193281
2026-07-03T21:06:19.562038,2026-07-03T21:06:19.573895+00:00,119.2,50,ask,EarnestEspressos,FlawlessFlatbreads,6193320
2026-07-03T21:06:20.630848,2026-07-03T21:06:20.642495+00:00,119.1,45,ask,DiligentDonuts,CostlyCorianders,6193343
2026-07-03T21:06:21.669517,2026-07-03T21:06:21.681116+00:00,119.0,50,ask,EarnestEspressos,FlawlessFlatbreads,6193352
2026-07-03T21:06:23.065675,2026-07-03T21:06:23.075874+00:00,119.2,12,bid,Xuanyu Liu,DiligentDonuts,6193367
2026-07-03T21:06:23.786471,2026-07-03T21:06:23.797887+00:00,118.9,50,ask,EarnestEspressos,FlawlessFlatbreads,6193378
2026-07-03T21:06:24.031364,2026-07-03T21:06:24.042306+00:00,119.2,47,bid,CostlyCorianders,DiligentDonuts,6193385
2026-07-03T21:06:24.592664,2026-07-03T21:06:24.604070+00:00,118.9,41,ask,EarnestEspressos,CostlyCorianders,6193393
2026-07-03T21:06:25.893945,2026-07-03T21:06:25.901725+00:00,119.0,50,ask,DiligentDonuts,FlawlessFlatbreads,6193408
2026-07-03T21:06:26.127568,2026-07-03T21:06:26.138340+00:00,119.4,44,bid,CostlyCorianders,EarnestEspressos,6193412
2026-07-03T21:06:27.154880,2026-07-03T21:06:27.166311+00:00,119.5,47,bid,CostlyCorianders,DiligentDonuts,6193430
2026-07-03T21:06:28.001243,2026-07-03T21:06:28.012951+00:00,119.4,50,ask,DiligentDonuts,FlawlessFlatbreads,6193444
2026-07-03T21:06:31.029012,2026-07-03T21:06:31.035806+00:00,119.1,41,ask,EarnestEspressos,CostlyCorianders,6193488
2026-07-03T21:06:32.123548,2026-07-03T21:06:32.133419+00:00,119.3,11,bid,Xuanyu Liu,DiligentDonuts,6193497
2026-07-03T21:06:32.216502,2026-07-03T21:06:32.228121+00:00,119.1,50,ask,EarnestEspressos,FlawlessFlatbreads,6193502
2026-07-03T21:06:32.613120,2026-07-03T21:06:32.626359+00:00,118.8,46,ask,DiligentDonuts,CostlyCorianders,6193506
2026-07-03T21:06:32.618168,2026-07-03T21:06:32.626359+00:00,119.2,12,bid,Xuanyu Liu,EarnestEspressos,6193507
2026-07-03T21:06:34.322876,2026-07-03T21:06:34.334604+00:00,118.7,50,ask,EarnestEspressos,FlawlessFlatbreads,6193527
2026-07-03T21:06:35.786743,2026-07-03T21:06:35.795194+00:00,119.0,11,bid,Xuanyu Liu,EarnestEspressos,6193544
2026-07-03T21:06:36.429993,2026-07-03T21:06:36.439467+00:00,118.7,50,ask,DiligentDonuts,FlawlessFlatbreads,6193559
2026-07-03T21:06:38.359559,2026-07-03T21:06:38.367410+00:00,118.9,3,bid,Xuanyu Liu,DiligentDonuts,6193588
2026-07-03T21:06:38.485770,2026-07-03T21:06:38.497688+00:00,118.9,50,bid,FlawlessFlatbreads,DiligentDonuts,6193590
2026-07-03T21:06:40.651791,2026-07-03T21:06:40.658586+00:00,119.1,40,bid,CostlyCorianders,EarnestEspressos,6193618
2026-07-03T21:06:40.667085,2026-07-03T21:06:40.678091+00:00,118.7,50,ask,DiligentDonuts,FlawlessFlatbreads,6193621
2026-07-03T21:06:42.722034,2026-07-03T21:06:42.733535+00:00,119.0,50,bid,FlawlessFlatbreads,EarnestEspressos,6193652
2026-07-03T21:06:44.828314,2026-07-03T21:06:44.837175+00:00,119.0,50,bid,FlawlessFlatbreads,EarnestEspressos,6193680
2026-07-03T21:06:45.226217,2026-07-03T21:06:45.237877+00:00,119.1,100,bid,EarnestEspressos,DiligentDonuts,6193685
2026-07-03T21:06:45.495109,2026-07-03T21:06:45.507938+00:00,119.1,3,ask,EarnestEspressos,Xuanyu Liu,6193691
2026-07-03T21:06:46.033252,2026-07-03T21:06:46.042144+00:00,119.1,45,ask,EarnestEspressos,CostlyCorianders,6193708
2026-07-03T21:06:46.574779,2026-07-03T21:06:46.581498+00:00,119.6,41,bid,CostlyCorianders,EarnestEspressos,6193713
2026-07-03T21:06:46.933452,2026-07-03T21:06:46.945075+00:00,119.5,50,bid,FlawlessFlatbreads,DiligentDonuts,6193719
2026-07-03T21:06:49.039827,2026-07-03T21:06:49.051480+00:00,119.2,50,bid,FlawlessFlatbreads,EarnestEspressos,6193745
2026-07-03T21:06:49.770989,2026-07-03T21:06:49.782832+00:00,119.0,40,ask,DiligentDonuts,CostlyCorianders,6193755
2026-07-03T21:06:51.195254,2026-07-03T21:06:51.206795+00:00,118.8,50,ask,DiligentDonuts,FlawlessFlatbreads,6193776
2026-07-03T21:06:53.039174,2026-07-03T21:06:53.050065+00:00,119.1,48,bid,CostlyCorianders,EarnestEspressos,6193808
2026-07-03T21:06:55.380420,2026-07-03T21:06:55.392029+00:00,119.1,50,bid,FlawlessFlatbreads,DiligentDonuts,6193837
2026-07-03T21:06:55.645477,2026-07-03T21:06:55.658552+00:00,119.0,49,ask,EarnestEspressos,CostlyCorianders,6193846
2026-07-03T21:06:57.486522,2026-07-03T21:06:57.497970+00:00,119.4,50,bid,FlawlessFlatbreads,DiligentDonuts,6193872
2026-07-03T21:06:59.239861,2026-07-03T21:06:59.251612+00:00,119.4,46,bid,CostlyCorianders,DiligentDonuts,6193902
2026-07-03T21:06:59.465841,2026-07-03T21:06:59.472799+00:00,119.4,11,ask,DiligentDonuts,Xuanyu Liu,6193907
2026-07-03T21:06:59.599859,2026-07-03T21:06:59.608949+00:00,119.5,50,bid,FlawlessFlatbreads,EarnestEspressos,6193911
2026-07-03T21:06:59.850217,2026-07-03T21:06:59.856645+00:00,119.4,48,ask,DiligentDonuts,CostlyCorianders,6193919
2026-07-03T21:07:00.487603,2026-07-03T21:07:00.495935+00:00,119.5,47,bid,CostlyCorianders,EarnestEspressos,6193924
2026-07-03T21:07:01.705611,2026-07-03T21:07:01.711938+00:00,119.9,50,bid,FlawlessFlatbreads,DiligentDonuts,6193940
2026-07-03T21:07:02.671470,2026-07-03T21:07:02.680307+00:00,119.4,42,ask,EarnestEspressos,CostlyCorianders,6193957
2026-07-03T21:07:03.887254,2026-07-03T21:07:03.898791+00:00,119.4,50,ask,EarnestEspressos,FlawlessFlatbreads,6193967
2026-07-03T21:07:05.589172,2026-07-03T21:07:05.599071+00:00,119.6,40,bid,CostlyCorianders,EarnestEspressos,6193988
2026-07-03T21:07:05.996161,2026-07-03T21:07:06.007524+00:00,119.3,50,ask,DiligentDonuts,FlawlessFlatbreads,6193993
2026-07-03T21:07:08.105015,2026-07-03T21:07:08.116627+00:00,119.3,50,ask,DiligentDonuts,FlawlessFlatbreads,6194018
2026-07-03T21:07:10.212303,2026-07-03T21:07:10.224199+00:00,119.0,50,ask,EarnestEspressos,FlawlessFlatbreads,6194039
2026-07-03T21:07:10.570894,2026-07-03T21:07:10.582462+00:00,119.2,46,bid,CostlyCorianders,EarnestEspressos,6194046
2026-07-03T21:07:11.559213,2026-07-03T21:07:11.570589+00:00,118.9,49,ask,DiligentDonuts,CostlyCorianders,6194061
2026-07-03T21:07:12.497797,2026-07-03T21:07:12.506396+00:00,118.8,47,ask,DiligentDonuts,CostlyCorianders,6194066
2026-07-03T21:07:14.370588,2026-07-03T21:07:14.382220+00:00,119.3,50,bid,FlawlessFlatbreads,DiligentDonuts,6194089
2026-07-03T21:07:16.531600,2026-07-03T21:07:16.542905+00:00,118.9,50,ask,EarnestEspressos,FlawlessFlatbreads,6194123
2026-07-03T21:07:17.114582,2026-07-03T21:07:17.125923+00:00,119.2,44,bid,CostlyCorianders,DiligentDonuts,6194133
2026-07-03T21:07:17.688890,2026-07-03T21:07:17.700273+00:00,118.8,48,ask,EarnestEspressos,CostlyCorianders,6194143
2026-07-03T21:07:18.637849,2026-07-03T21:07:18.653723+00:00,118.8,50,ask,EarnestEspressos,FlawlessFlatbreads,6194153
2026-07-03T21:07:20.075560,2026-07-03T21:07:20.084722+00:00,118.8,14,bid,Xuanyu Liu,EarnestEspressos,6194168
2026-07-03T21:07:20.743547,2026-07-03T21:07:20.758575+00:00,118.7,50,ask,DiligentDonuts,FlawlessFlatbreads,6194179
2026-07-03T21:07:21.158634,2026-07-03T21:07:21.168712+00:00,118.8,49,bid,CostlyCorianders,EarnestEspressos,6194185
2026-07-03T21:07:21.588533,2026-07-03T21:07:21.593087+00:00,118.8,87,bid,DiligentDonuts,EarnestEspressos,6194190
2026-07-03T21:07:22.851271,2026-07-03T21:07:22.857556+00:00,118.8,13,ask,DiligentDonuts,FlawlessFlatbreads,6194209
2026-07-03T21:07:23.473721,2026-07-03T21:07:23.481190+00:00,119.3,41,bid,CostlyCorianders,DiligentDonuts,6194214
2026-07-03T21:07:24.808006,2026-07-03T21:07:24.816633+00:00,119.1,100,ask,EarnestEspressos,DiligentDonuts,6194238
2026-07-03T21:07:24.957274,2026-07-03T21:07:24.969064+00:00,119.1,50,ask,EarnestEspressos,FlawlessFlatbreads,6194243
2026-07-03T21:07:27.015668,2026-07-03T21:07:27.027388+00:00,119.2,50,bid,FlawlessFlatbreads,EarnestEspressos,6194266
2026-07-03T21:07:28.062279,2026-07-03T21:07:28.073637+00:00,119.1,46,ask,DiligentDonuts,CostlyCorianders,6194280
2026-07-03T21:07:28.617500,2026-07-03T21:07:28.629180+00:00,119.1,42,ask,DiligentDonuts,CostlyCorianders,6194289
2026-07-03T21:07:29.118222,2026-07-03T21:07:29.129156+00:00,119.2,42,bid,CostlyCorianders,EarnestEspressos,6194296
2026-07-03T21:07:29.122656,2026-07-03T21:07:29.129156+00:00,119.2,50,bid,FlawlessFlatbreads,EarnestEspressos,6194297
2026-07-03T21:07:30.769759,2026-07-03T21:07:30.781286+00:00,119.6,44,bid,CostlyCorianders,DiligentDonuts,6194312
2026-07-03T21:07:31.280257,2026-07-03T21:07:31.288011+00:00,119.2,50,ask,EarnestEspressos,FlawlessFlatbreads,6194317
2026-07-03T21:07:33.387102,2026-07-03T21:07:33.398504+00:00,119.0,50,ask,DiligentDonuts,FlawlessFlatbreads,6194346
2026-07-03T21:07:35.495981,2026-07-03T21:07:35.507364+00:00,119.0,50,ask,EarnestEspressos,FlawlessFlatbreads,6194374
2026-07-03T21:07:39.656369,2026-07-03T21:07:39.668139+00:00,119.2,50,bid,FlawlessFlatbreads,DiligentDonuts,6194422
2026-07-03T21:07:40.259898,2026-07-03T21:07:40.271924+00:00,118.8,43,ask,EarnestEspressos,CostlyCorianders,6194428
2026-07-03T21:07:41.818380,2026-07-03T21:07:41.830008+00:00,118.8,50,ask,EarnestEspressos,FlawlessFlatbreads,6194453
2026-07-03T21:07:42.200958,2026-07-03T21:07:42.212712+00:00,118.8,100,ask,DiligentDonuts,EarnestEspressos,6194454
2026-07-03T21:07:42.390805,2026-07-03T21:07:42.398621+00:00,118.8,3,bid,Xuanyu Liu,EarnestEspressos,6194458
2026-07-03T21:07:43.925366,2026-07-03T21:07:43.934248+00:00,118.4,50,ask,DiligentDonuts,FlawlessFlatbreads,6194475
2026-07-03T21:07:43.940824,2026-07-03T21:07:43.948751+00:00,118.8,11,bid,Xuanyu Liu,EarnestEspressos,6194476
2026-07-03T21:07:44.814576,2026-07-03T21:07:44.823203+00:00,118.8,12,bid,Xuanyu Liu,EarnestEspressos,6194491
2026-07-03T21:07:45.324021,2026-07-03T21:07:45.332554+00:00,118.8,12,ask,EarnestEspressos,Xuanyu Liu,6194502
2026-07-03T21:07:45.804574,2026-07-03T21:07:45.816230+00:00,118.9,40,bid,CostlyCorianders,DiligentDonuts,6194511
2026-07-03T21:07:46.034813,2026-07-03T21:07:46.043402+00:00,118.8,50,ask,EarnestEspressos,FlawlessFlatbreads,6194519
2026-07-03T21:07:46.617124,2026-07-03T21:07:46.624614+00:00,118.8,11,ask,EarnestEspressos,Xuanyu Liu,6194524
2026-07-03T21:07:46.749094,2026-07-03T21:07:46.755900+00:00,118.9,43,bid,CostlyCorianders,DiligentDonuts,6194527
2026-07-03T21:07:48.141209,2026-07-03T21:07:48.158560+00:00,118.8,50,ask,EarnestEspressos,FlawlessFlatbreads,6194543
2026-07-03T21:07:48.321472,2026-07-03T21:07:48.333369+00:00,118.8,27,ask,EarnestEspressos,CostlyCorianders,6194548
2026-07-03T21:07:48.321472,2026-07-03T21:07:48.333369+00:00,118.5,13,ask,DiligentDonuts,CostlyCorianders,6194549
2026-07-03T21:07:48.530740,2026-07-03T21:07:48.540079+00:00,118.7,11,bid,Xuanyu Liu,EarnestEspressos,6194555
2026-07-03T21:07:48.814463,2026-07-03T21:07:48.826277+00:00,118.5,41,ask,DiligentDonuts,CostlyCorianders,6194558
2026-07-03T21:07:50.266787,2026-07-03T21:07:50.278625+00:00,118.5,50,ask,DiligentDonuts,FlawlessFlatbreads,6194572
2026-07-03T21:07:55.860207,2026-07-03T21:07:55.872016+00:00,118.6,40,bid,CostlyCorianders,EarnestEspressos,6194644
2026-07-03T21:07:57.887126,2026-07-03T21:07:57.898720+00:00,118.3,47,ask,DiligentDonuts,CostlyCorianders,6194674
2026-07-03T21:08:00.412734,2026-07-03T21:08:00.420725+00:00,118.7,44,bid,CostlyCorianders,DiligentDonuts,6194705
2026-07-03T21:08:01.016094,2026-07-03T21:08:01.027944+00:00,118.7,46,bid,CostlyCorianders,DiligentDonuts,6194711
2026-07-03T21:08:01.085253,2026-07-03T21:08:01.093167+00:00,118.7,10,bid,Xuanyu Liu,DiligentDonuts,6194714
2026-07-03T21:08:02.846801,2026-07-03T21:08:02.858587+00:00,118.9,50,bid,FlawlessFlatbreads,DiligentDonuts,6194748
2026-07-03T21:08:03.536853,2026-07-03T21:08:03.545694+00:00,118.5,47,ask,EarnestEspressos,CostlyCorianders,6194758
2026-07-03T21:08:04.962522,2026-07-03T21:08:04.973877+00:00,118.6,50,bid,FlawlessFlatbreads,EarnestEspressos,6194775
2026-07-03T21:08:07.070617,2026-07-03T21:08:07.082130+00:00,118.6,50,bid,FlawlessFlatbreads,EarnestEspressos,6194798
2026-07-03T21:08:07.229012,2026-07-03T21:08:07.240985+00:00,118.6,46,bid,CostlyCorianders,EarnestEspressos,6194800
2026-07-03T21:08:07.469728,2026-07-03T21:08:07.478225+00:00,118.7,10,ask,EarnestEspressos,Xuanyu Liu,6194802
2026-07-03T21:08:09.178630,2026-07-03T21:08:09.190302+00:00,119.1,50,bid,FlawlessFlatbreads,DiligentDonuts,6194824
2026-07-03T21:08:10.200426,2026-07-03T21:08:10.208474+00:00,118.7,11,ask,EarnestEspressos,Xuanyu Liu,6194836
2026-07-03T21:08:11.210468,2026-07-03T21:08:11.216965+00:00,118.6,44,ask,DiligentDonuts,CostlyCorianders,6194851
2026-07-03T21:08:11.287253,2026-07-03T21:08:11.296156+00:00,119.1,50,bid,FlawlessFlatbreads,DiligentDonuts,6194852
2026-07-03T21:08:13.392708,2026-07-03T21:08:13.404394+00:00,119.1,50,bid,FlawlessFlatbreads,EarnestEspressos,6194890
2026-07-03T21:08:15.552507,2026-07-03T21:08:15.564069+00:00,118.6,50,ask,EarnestEspressos,FlawlessFlatbreads,6194907
2026-07-03T21:08:18.123312,2026-07-03T21:08:18.133056+00:00,118.6,3,ask,DiligentDonuts,Xuanyu Liu,6194937
2026-07-03T21:08:19.717006,2026-07-03T21:08:19.727382+00:00,118.9,50,bid,FlawlessFlatbreads,EarnestEspressos,6194967
2026-07-03T21:08:19.987539,2026-07-03T21:08:19.999426+00:00,118.9,41,bid,CostlyCorianders,EarnestEspressos,6194973
2026-07-03T21:08:20.041803,2026-07-03T21:08:20.053367+00:00,118.4,47,ask,EarnestEspressos,CostlyCorianders,6194975
2026-07-03T21:08:20.644615,2026-07-03T21:08:20.656519+00:00,118.7,48,ask,EarnestEspressos,CostlyCorianders,6194979
2026-07-03T21:08:21.822707,2026-07-03T21:08:21.834562+00:00,119.1,50,bid,FlawlessFlatbreads,DiligentDonuts,6194995
2026-07-03T21:08:23.931748,2026-07-03T21:08:23.942254+00:00,118.9,50,bid,FlawlessFlatbreads,EarnestEspressos,6195021
2026-07-03T21:08:26.036440,2026-07-03T21:08:26.047739+00:00,118.9,50,bid,FlawlessFlatbreads,EarnestEspressos,6195040
2026-07-03T21:08:27.754386,2026-07-03T21:08:27.763989+00:00,119.2,45,bid,CostlyCorianders,DiligentDonuts,6195065
2026-07-03T21:08:28.401713,2026-07-03T21:08:28.411321+00:00,118.9,48,ask,EarnestEspressos,CostlyCorianders,6195076
2026-07-03T21:08:28.922244,2026-07-03T21:08:28.933630+00:00,119.3,40,bid,CostlyCorianders,DiligentDonuts,6195082
2026-07-03T21:08:29.526465,2026-07-03T21:08:29.538197+00:00,118.9,44,ask,EarnestEspressos,CostlyCorianders,6195089
2026-07-03T21:08:30.949977,2026-07-03T21:08:30.956573+00:00,119.0,46,bid,CostlyCorianders,EarnestEspressos,6195115
2026-07-03T21:08:31.184618,2026-07-03T21:08:31.196348+00:00,119.0,100,bid,DiligentDonuts,EarnestEspressos,6195121
2026-07-03T21:08:32.137358,2026-07-03T21:08:32.148763+00:00,118.5,48,ask,EarnestEspressos,CostlyCorianders,6195130
2026-07-03T21:08:32.401321,2026-07-03T21:08:32.409981+00:00,118.5,50,ask,EarnestEspressos,FlawlessFlatbreads,6195133
2026-07-03T21:08:36.559175,2026-07-03T21:08:36.571254+00:00,119.2,50,bid,FlawlessFlatbreads,DiligentDonuts,6195199
2026-07-03T21:08:36.800873,2026-07-03T21:08:36.807091+00:00,119.2,42,bid,CostlyCorianders,DiligentDonuts,6195203
2026-07-03T21:08:37.781710,2026-07-03T21:08:37.789966+00:00,119.1,3,ask,DiligentDonuts,Xuanyu Liu,6195216
2026-07-03T21:08:38.717294,2026-07-03T21:08:38.726552+00:00,119.1,50,ask,DiligentDonuts,FlawlessFlatbreads,6195226
2026-07-03T21:08:40.771779,2026-07-03T21:08:40.783399+00:00,119.3,50,bid,FlawlessFlatbreads,EarnestEspressos,6195256
2026-07-03T21:08:41.092744,2026-07-03T21:08:41.101363+00:00,119.3,48,bid,CostlyCorianders,EarnestEspressos,6195262
2026-07-03T21:08:42.881405,2026-07-03T21:08:42.893247+00:00,119.5,50,bid,FlawlessFlatbreads,DiligentDonuts,6195291
2026-07-03T21:08:43.047350,2026-07-03T21:08:43.054421+00:00,119.3,23,ask,EarnestEspressos,Xuanyu Liu,6195296
2026-07-03T21:08:45.007292,2026-07-03T21:08:45.019267+00:00,119.5,50,bid,FlawlessFlatbreads,DiligentDonuts,6195325
2026-07-03T21:08:47.131328,2026-07-03T21:08:47.143954+00:00,119.5,50,bid,FlawlessFlatbreads,EarnestEspressos,6195355
2026-07-03T21:08:49.007828,2026-07-03T21:08:49.017652+00:00,119.3,23,ask,EarnestEspressos,Xuanyu Liu,6195387
2026-07-03T21:08:49.290773,2026-07-03T21:08:49.302362+00:00,119.3,50,ask,EarnestEspressos,FlawlessFlatbreads,6195392
2026-07-03T21:08:52.939484,2026-07-03T21:08:52.951195+00:00,119.2,43,ask,DiligentDonuts,CostlyCorianders,6195454
2026-07-03T21:08:55.604562,2026-07-03T21:08:55.616353+00:00,119.1,50,ask,EarnestEspressos,FlawlessFlatbreads,6195491
2026-07-03T21:08:57.660158,2026-07-03T21:08:57.671274+00:00,119.3,50,bid,FlawlessFlatbreads,DiligentDonuts,6195522
2026-07-03T21:08:58.122874,2026-07-03T21:08:58.132691+00:00,119.2,12,bid,Xuanyu Liu,EarnestEspressos,6195526
2026-07-03T21:08:58.646243,2026-07-03T21:08:58.655446+00:00,119.2,11,bid,Xuanyu Liu,EarnestEspressos,6195531
2026-07-03T21:08:59.654361,2026-07-03T21:08:59.665953+00:00,119.2,100,bid,DiligentDonuts,EarnestEspressos,6195543
2026-07-03T21:08:59.767374,2026-07-03T21:08:59.779146+00:00,119.2,27,bid,FlawlessFlatbreads,EarnestEspressos,6195544
2026-07-03T21:09:01.230080,2026-07-03T21:09:01.240182+00:00,119.6,11,ask,EarnestEspressos,Xuanyu Liu,6195571
2026-07-03T21:09:01.924759,2026-07-03T21:09:01.935050+00:00,119.6,50,ask,EarnestEspressos,FlawlessFlatbreads,6195588
2026-07-03T21:09:02.603737,2026-07-03T21:09:02.615129+00:00,119.6,47,ask,EarnestEspressos,CostlyCorianders,6195596
2026-07-03T21:09:02.890945,2026-07-03T21:09:02.898987+00:00,119.6,42,ask,EarnestEspressos,DiligentDonuts,6195604
2026-07-03T21:09:03.979475,2026-07-03T21:09:03.985887+00:00,119.6,50,bid,FlawlessFlatbreads,DiligentDonuts,6195615
2026-07-03T21:09:05.352393,2026-07-03T21:09:05.361044+00:00,119.5,23,bid,Xuanyu Liu,EarnestEspressos,6195634
2026-07-03T21:09:06.001762,2026-07-03T21:09:06.012868+00:00,119.5,100,bid,DiligentDonuts,EarnestEspressos,6195643
2026-07-03T21:09:06.086532,2026-07-03T21:09:06.098386+00:00,119.5,27,bid,FlawlessFlatbreads,EarnestEspressos,6195644
2026-07-03T21:09:06.086532,2026-07-03T21:09:06.098386+00:00,120.1,23,bid,FlawlessFlatbreads,DiligentDonuts,6195645
2026-07-03T21:09:07.552863,2026-07-03T21:09:07.562955+00:00,119.6,23,ask,EarnestEspressos,Xuanyu Liu,6195673
2026-07-03T21:09:08.248067,2026-07-03T21:09:08.263895+00:00,119.6,50,ask,EarnestEspressos,FlawlessFlatbreads,6195685
2026-07-03T21:09:09.064199,2026-07-03T21:09:09.072243+00:00,119.6,48,ask,EarnestEspressos,CostlyCorianders,6195701
2026-07-03T21:09:09.706989,2026-07-03T21:09:09.718886+00:00,119.7,49,bid,CostlyCorianders,DiligentDonuts,6195711
2026-07-03T21:09:10.303246,2026-07-03T21:09:10.315026+00:00,119.7,50,bid,FlawlessFlatbreads,DiligentDonuts,6195717
2026-07-03T21:09:11.947280,2026-07-03T21:09:11.951393+00:00,119.2,43,ask,DiligentDonuts,CostlyCorianders,6195739
2026-07-03T21:09:12.411058,2026-07-03T21:09:12.422637+00:00,119.7,50,bid,FlawlessFlatbreads,EarnestEspressos,6195749
2026-07-03T21:09:12.561960,2026-07-03T21:09:12.573486+00:00,119.7,49,bid,CostlyCorianders,EarnestEspressos,6195752
2026-07-03T21:09:14.529171,2026-07-03T21:09:14.536931+00:00,119.9,50,bid,FlawlessFlatbreads,DiligentDonuts,6195781
2026-07-03T21:09:15.132771,2026-07-03T21:09:15.144453+00:00,119.4,49,ask,DiligentDonuts,CostlyCorianders,6195790
2026-07-03T21:09:16.240785,2026-07-03T21:09:16.249245+00:00,119.7,49,bid,CostlyCorianders,DiligentDonuts,6195805
2026-07-03T21:09:16.636185,2026-07-03T21:09:16.647874+00:00,119.7,50,bid,FlawlessFlatbreads,DiligentDonuts,6195812
2026-07-03T21:09:18.663668,2026-07-03T21:09:18.677321+00:00,119.8,12,ask,DiligentDonuts,Xuanyu Liu,6195841
2026-07-03T21:09:18.742484,2026-07-03T21:09:18.753936+00:00,119.9,50,bid,FlawlessFlatbreads,EarnestEspressos,6195844
2026-07-03T21:09:19.788671,2026-07-03T21:09:19.796392+00:00,119.8,11,ask,DiligentDonuts,Xuanyu Liu,6195858
2026-07-03T21:09:20.901160,2026-07-03T21:09:20.912099+00:00,119.8,50,ask,DiligentDonuts,FlawlessFlatbreads,6195870
2026-07-03T21:09:22.660434,2026-07-03T21:09:22.671949+00:00,119.6,45,ask,EarnestEspressos,CostlyCorianders,6195895
2026-07-03T21:09:23.006948,2026-07-03T21:09:23.016736+00:00,119.6,50,ask,EarnestEspressos,FlawlessFlatbreads,6195896
2026-07-03T21:09:25.112517,2026-07-03T21:09:25.124120+00:00,119.4,50,ask,EarnestEspressos,FlawlessFlatbreads,6195923
2026-07-03T21:09:25.300305,2026-07-03T21:09:25.311458+00:00,119.9,44,bid,CostlyCorianders,EarnestEspressos,6195929
2026-07-03T21:09:26.509504,2026-07-03T21:09:26.523254+00:00,119.4,41,ask,DiligentDonuts,CostlyCorianders,6195954
2026-07-03T21:09:27.218561,2026-07-03T21:09:27.226961+00:00,119.4,50,ask,DiligentDonuts,FlawlessFlatbreads,6195966
2026-07-03T21:09:29.192581,2026-07-03T21:09:29.199495+00:00,119.1,41,ask,EarnestEspressos,CostlyCorianders,6195990
2026-07-03T21:09:29.323831,2026-07-03T21:09:29.335546+00:00,119.1,50,ask,EarnestEspressos,FlawlessFlatbreads,6195992
2026-07-03T21:09:29.739868,2026-07-03T21:09:29.766988+00:00,119.1,100,ask,DiligentDonuts,EarnestEspressos,6195995
2026-07-03T21:09:29.751287,2026-07-03T21:09:29.766988+00:00,119.0,34,bid,Xuanyu Liu,EarnestEspressos,6195996
2026-07-03T21:09:29.755402,2026-07-03T21:09:29.766988+00:00,119.0,16,bid,CostlyCorianders,EarnestEspressos,6195997
2026-07-03T21:09:29.755402,2026-07-03T21:09:29.766988+00:00,119.6,24,bid,CostlyCorianders,DiligentDonuts,6195998
2026-07-03T21:09:31.385897,2026-07-03T21:09:31.392877+00:00,119.1,12,bid,Xuanyu Liu,DiligentDonuts,6196022
2026-07-03T21:09:31.430214,2026-07-03T21:09:31.439918+00:00,118.6,50,ask,DiligentDonuts,FlawlessFlatbreads,6196025
2026-07-03T21:09:32.848045,2026-07-03T21:09:32.850694+00:00,119.1,88,bid,EarnestEspressos,DiligentDonuts,6196043
2026-07-03T21:09:32.904061,2026-07-03T21:09:32.910620+00:00,119.8,41,bid,CostlyCorianders,EarnestEspressos,6196047
2026-07-03T21:09:32.911838,2026-07-03T21:09:32.919573+00:00,119.3,23,ask,EarnestEspressos,Xuanyu Liu,6196048
2026-07-03T21:09:33.536864,2026-07-03T21:09:33.546031+00:00,119.3,39,ask,EarnestEspressos,FlawlessFlatbreads,6196058
2026-07-03T21:09:33.536864,2026-07-03T21:09:33.546031+00:00,118.6,11,ask,DiligentDonuts,FlawlessFlatbreads,6196059
2026-07-03T21:09:35.644481,2026-07-03T21:09:35.653072+00:00,118.9,50,ask,DiligentDonuts,FlawlessFlatbreads,6196081
2026-07-03T21:09:35.976053,2026-07-03T21:09:35.984559+00:00,119.4,47,bid,CostlyCorianders,DiligentDonuts,6196087
2026-07-03T21:09:36.566634,2026-07-03T21:09:36.578294+00:00,119.0,44,ask,EarnestEspressos,CostlyCorianders,6196096
2026-07-03T21:09:37.114593,2026-07-03T21:09:37.126362+00:00,119.4,48,bid,CostlyCorianders,DiligentDonuts,6196112
2026-07-03T21:09:37.702777,2026-07-03T21:09:37.710065+00:00,119.5,50,bid,FlawlessFlatbreads,EarnestEspressos,6196118
2026-07-03T21:09:37.730684,2026-07-03T21:09:37.742162+00:00,119.1,41,ask,DiligentDonuts,CostlyCorianders,6196119
2026-07-03T21:09:38.251606,2026-07-03T21:09:38.258598+00:00,119.5,46,bid,CostlyCorianders,EarnestEspressos,6196130
2026-07-03T21:09:39.277969,2026-07-03T21:09:39.289399+00:00,119.4,44,ask,EarnestEspressos,CostlyCorianders,6196139
2026-07-03T21:09:39.879419,2026-07-03T21:09:39.890789+00:00,119.4,50,ask,EarnestEspressos,FlawlessFlatbreads,6196149
2026-07-03T21:09:40.839987,2026-07-03T21:09:40.851776+00:00,119.4,56,ask,EarnestEspressos,DiligentDonuts,6196162
2026-07-03T21:09:41.934186,2026-07-03T21:09:41.943300+00:00,119.3,44,bid,FlawlessFlatbreads,DiligentDonuts,6196174
2026-07-03T21:09:42.405886,2026-07-03T21:09:42.414352+00:00,119.0,34,bid,Xuanyu Liu,EarnestEspressos,6196184
2026-07-03T21:09:42.983714,2026-07-03T21:09:42.995154+00:00,119.0,46,bid,CostlyCorianders,EarnestEspressos,6196193
2026-07-03T21:09:44.092686,2026-07-03T21:09:44.100204+00:00,118.9,50,ask,DiligentDonuts,FlawlessFlatbreads,6196214
2026-07-03T21:09:46.200701,2026-07-03T21:09:46.209134+00:00,118.9,50,ask,DiligentDonuts,FlawlessFlatbreads,6196244
2026-07-03T21:09:48.318863,2026-07-03T21:09:48.330411+00:00,118.8,50,ask,EarnestEspressos,FlawlessFlatbreads,6196269
2026-07-03T21:09:50.423691,2026-07-03T21:09:50.429984+00:00,118.7,50,ask,DiligentDonuts,FlawlessFlatbreads,6196302
2026-07-03T21:09:52.540288,2026-07-03T21:09:52.550444+00:00,118.7,50,ask,DiligentDonuts,FlawlessFlatbreads,6196334
2026-07-03T21:09:54.644902,2026-07-03T21:09:54.652530+00:00,118.6,50,ask,EarnestEspressos,FlawlessFlatbreads,6196359
2026-07-03T21:09:54.703989,2026-07-03T21:09:54.715877+00:00,118.6,48,ask,EarnestEspressos,CostlyCorianders,6196360
2026-07-03T21:09:55.059396,2026-07-03T21:09:55.069867+00:00,118.7,3,bid,Xuanyu Liu,EarnestEspressos,6196365
2026-07-03T21:09:56.266649,2026-07-03T21:09:56.282770+00:00,118.7,42,bid,CostlyCorianders,EarnestEspressos,6196396
2026-07-03T21:09:56.751955,2026-07-03T21:09:56.759303+00:00,118.3,50,ask,DiligentDonuts,FlawlessFlatbreads,6196401
2026-07-03T21:09:58.392905,2026-07-03T21:09:58.404393+00:00,118.5,49,bid,CostlyCorianders,EarnestEspressos,6196424
2026-07-03T21:09:58.861169,2026-07-03T21:09:58.872810+00:00,118.3,50,ask,DiligentDonuts,FlawlessFlatbreads,6196428
2026-07-03T21:10:00.798587,2026-07-03T21:10:00.810381+00:00,118.0,49,ask,EarnestEspressos,CostlyCorianders,6196460
2026-07-03T21:10:00.967647,2026-07-03T21:10:00.979239+00:00,118.0,50,ask,EarnestEspressos,FlawlessFlatbreads,6196462
2026-07-03T21:10:01.747219,2026-07-03T21:10:01.755922+00:00,118.3,14,bid,Xuanyu Liu,EarnestEspressos,6196470
2026-07-03T21:10:02.473027,2026-07-03T21:10:02.484665+00:00,118.3,49,bid,CostlyCorianders,EarnestEspressos,6196479
2026-07-03T21:10:03.077141,2026-07-03T21:10:03.085019+00:00,118.1,50,ask,DiligentDonuts,FlawlessFlatbreads,6196492
2026-07-03T21:10:03.582599,2026-07-03T21:10:03.594158+00:00,118.1,41,ask,DiligentDonuts,CostlyCorianders,6196498
2026-07-03T21:10:04.108059,2026-07-03T21:10:04.119184+00:00,118.3,12,bid,Xuanyu Liu,EarnestEspressos,6196504
2026-07-03T21:10:05.183373,2026-07-03T21:10:05.192105+00:00,118.5,50,ask,EarnestEspressos,FlawlessFlatbreads,6196514
2026-07-03T21:10:05.187822,2026-07-03T21:10:05.197099+00:00,118.5,44,ask,EarnestEspressos,CostlyCorianders,6196515
2026-07-03T21:10:05.323240,2026-07-03T21:10:05.331306+00:00,118.5,12,ask,EarnestEspressos,Xuanyu Liu,6196521
2026-07-03T21:10:06.136981,2026-07-03T21:10:06.148488+00:00,118.5,44,ask,EarnestEspressos,DiligentDonuts,6196543
2026-07-03T21:10:06.526965,2026-07-03T21:10:06.535771+00:00,118.3,12,bid,Xuanyu Liu,DiligentDonuts,6196550
2026-07-03T21:10:07.289980,2026-07-03T21:10:07.301424+00:00,117.8,50,ask,DiligentDonuts,FlawlessFlatbreads,6196561
2026-07-03T21:10:08.306056,2026-07-03T21:10:08.313679+00:00,118.1,11,bid,Xuanyu Liu,EarnestEspressos,6196575
2026-07-03T21:10:09.345038,2026-07-03T21:10:09.358532+00:00,118.1,50,bid,FlawlessFlatbreads,EarnestEspressos,6196584
2026-07-03T21:10:11.503113,2026-07-03T21:10:11.514564+00:00,118.0,50,ask,EarnestEspressos,FlawlessFlatbreads,6196605
2026-07-03T21:10:12.427186,2026-07-03T21:10:12.438798+00:00,118.5,49,bid,CostlyCorianders,EarnestEspressos,6196620
2026-07-03T21:10:13.558681,2026-07-03T21:10:13.570052+00:00,118.2,50,bid,FlawlessFlatbreads,DiligentDonuts,6196624
2026-07-03T21:10:13.981936,2026-07-03T21:10:13.993602+00:00,118.2,46,bid,CostlyCorianders,DiligentDonuts,6196631
2026-07-03T21:10:15.716382,2026-07-03T21:10:15.727684+00:00,118.1,50,ask,DiligentDonuts,FlawlessFlatbreads,6196659
2026-07-03T21:10:16.146599,2026-07-03T21:10:16.155717+00:00,118.1,23,ask,DiligentDonuts,Xuanyu Liu,6196665
2026-07-03T21:10:16.487103,2026-07-03T21:10:16.498553+00:00,118.1,27,ask,DiligentDonuts,CostlyCorianders,6196674
2026-07-03T21:10:16.487103,2026-07-03T21:10:16.498553+00:00,117.9,20,ask,EarnestEspressos,CostlyCorianders,6196675
2026-07-03T21:10:17.481350,2026-07-03T21:10:17.489064+00:00,117.8,12,bid,Xuanyu Liu,EarnestEspressos,6196690
2026-07-03T21:10:17.821138,2026-07-03T21:10:17.828304+00:00,117.3,50,ask,EarnestEspressos,FlawlessFlatbreads,6196695
2026-07-03T21:10:17.872650,2026-07-03T21:10:17.880231+00:00,117.8,43,bid,CostlyCorianders,EarnestEspressos,6196698
2026-07-03T21:10:18.618744,2026-07-03T21:10:18.626927+00:00,117.8,11,bid,Xuanyu Liu,EarnestEspressos,6196711
2026-07-03T21:10:19.483528,2026-07-03T21:10:19.495345+00:00,117.4,48,ask,DiligentDonuts,CostlyCorianders,6196729
2026-07-03T21:10:19.875925,2026-07-03T21:10:19.887341+00:00,117.8,50,bid,FlawlessFlatbreads,EarnestEspressos,6196733
2026-07-03T21:10:20.588917,2026-07-03T21:10:20.600323+00:00,117.7,48,ask,EarnestEspressos,CostlyCorianders,6196742
2026-07-03T21:10:21.954522,2026-07-03T21:10:21.965992+00:00,117.7,100,ask,EarnestEspressos,DiligentDonuts,6196760
2026-07-03T21:10:22.032434,2026-07-03T21:10:22.044005+00:00,117.7,2,ask,EarnestEspressos,FlawlessFlatbreads,6196761
2026-07-03T21:10:22.032434,2026-07-03T21:10:22.044005+00:00,117.2,48,ask,DiligentDonuts,FlawlessFlatbreads,6196762
2026-07-03T21:10:24.141888,2026-07-03T21:10:24.148569+00:00,117.2,50,ask,DiligentDonuts,FlawlessFlatbreads,6196794
2026-07-03T21:10:24.643275,2026-07-03T21:10:24.654198+00:00,117.6,41,bid,CostlyCorianders,EarnestEspressos,6196797
2026-07-03T21:10:25.357635,2026-07-03T21:10:25.365429+00:00,117.3,12,bid,Xuanyu Liu,DiligentDonuts,6196815
2026-07-03T21:10:25.860265,2026-07-03T21:10:25.871333+00:00,117.3,11,bid,Xuanyu Liu,DiligentDonuts,6196817
2026-07-03T21:10:26.172506,2026-07-03T21:10:26.183922+00:00,117.3,46,bid,CostlyCorianders,DiligentDonuts,6196824
2026-07-03T21:10:26.247794,2026-07-03T21:10:26.258565+00:00,117.1,50,ask,EarnestEspressos,FlawlessFlatbreads,6196826
2026-07-03T21:10:27.857067,2026-07-03T21:10:27.860611+00:00,117.3,31,bid,CostlyCorianders,DiligentDonuts,6196840
2026-07-03T21:10:27.857067,2026-07-03T21:10:27.870974+00:00,117.4,18,bid,CostlyCorianders,EarnestEspressos,6196841
2026-07-03T21:10:28.354193,2026-07-03T21:10:28.365772+00:00,117.3,50,ask,DiligentDonuts,FlawlessFlatbreads,6196848
2026-07-03T21:10:29.946670,2026-07-03T21:10:29.953380+00:00,117.3,45,ask,DiligentDonuts,CostlyCorianders,6196868
2026-07-03T21:10:30.461610,2026-07-03T21:10:30.469987+00:00,117.3,5,ask,DiligentDonuts,FlawlessFlatbreads,6196872
2026-07-03T21:10:30.461610,2026-07-03T21:10:30.474956+00:00,116.9,45,ask,EarnestEspressos,FlawlessFlatbreads,6196873
2026-07-03T21:10:30.512861,2026-07-03T21:10:30.519913+00:00,116.9,45,ask,EarnestEspressos,CostlyCorianders,6196875
2026-07-03T21:10:32.569207,2026-07-03T21:10:32.580682+00:00,116.9,50,ask,EarnestEspressos,FlawlessFlatbreads,6196908
2026-07-03T21:10:33.008108,2026-07-03T21:10:33.017165+00:00,117.0,34,bid,Xuanyu Liu,EarnestEspressos,6196911
2026-07-03T21:10:33.231032,2026-07-03T21:10:33.241387+00:00,117.0,6,bid,Xuanyu Liu,EarnestEspressos,6196922
2026-07-03T21:10:34.548342,2026-07-03T21:10:34.563667+00:00,117.0,100,bid,DiligentDonuts,EarnestEspressos,6196947
2026-07-03T21:10:34.676869,2026-07-03T21:10:34.688853+00:00,116.5,50,ask,EarnestEspressos,FlawlessFlatbreads,6196950
2026-07-03T21:10:36.800799,2026-07-03T21:10:36.808741+00:00,116.9,50,ask,EarnestEspressos,FlawlessFlatbreads,6196980
2026-07-03T21:10:37.097791,2026-07-03T21:10:37.108484+00:00,117.4,49,bid,CostlyCorianders,EarnestEspressos,6196983
2026-07-03T21:10:38.906130,2026-07-03T21:10:38.917780+00:00,116.9,50,ask,EarnestEspressos,FlawlessFlatbreads,6197001
2026-07-03T21:10:39.239426,2026-07-03T21:10:39.246866+00:00,117.4,48,bid,CostlyCorianders,DiligentDonuts,6197007
2026-07-03T21:10:40.883158,2026-07-03T21:10:40.894694+00:00,116.7,43,ask,EarnestEspressos,CostlyCorianders,6197024
2026-07-03T21:10:40.975765,2026-07-03T21:10:40.990462+00:00,117.2,50,bid,FlawlessFlatbreads,EarnestEspressos,6197025
2026-07-03T21:10:43.082279,2026-07-03T21:10:43.093081+00:00,117.2,50,bid,FlawlessFlatbreads,DiligentDonuts,6197045
2026-07-03T21:10:45.215060,2026-07-03T21:10:45.224824+00:00,117.2,50,bid,FlawlessFlatbreads,EarnestEspressos,6197067
2026-07-03T21:10:46.356257,2026-07-03T21:10:46.368007+00:00,117.0,6,ask,DiligentDonuts,Xuanyu Liu,6197081
2026-07-03T21:10:46.856308,2026-07-03T21:10:46.864261+00:00,117.2,48,bid,CostlyCorianders,EarnestEspressos,6197088
2026-07-03T21:10:46.909858,2026-07-03T21:10:46.918694+00:00,117.0,40,ask,DiligentDonuts,CostlyCorianders,6197089
2026-07-03T21:10:47.373542,2026-07-03T21:10:47.384927+00:00,116.8,50,ask,DiligentDonuts,FlawlessFlatbreads,6197096
2026-07-03T21:10:47.396077,2026-07-03T21:10:47.407530+00:00,117.2,49,bid,CostlyCorianders,EarnestEspressos,6197097
2026-07-03T21:10:48.781690,2026-07-03T21:10:48.791255+00:00,117.1,11,ask,EarnestEspressos,Xuanyu Liu,6197112
2026-07-03T21:10:49.428354,2026-07-03T21:10:49.436181+00:00,117.3,50,bid,FlawlessFlatbreads,DiligentDonuts,6197118
2026-07-03T21:10:51.533795,2026-07-03T21:10:51.540652+00:00,117.3,50,bid,FlawlessFlatbreads,DiligentDonuts,6197140
2026-07-03T21:10:51.874569,2026-07-03T21:10:51.885375+00:00,117.1,43,ask,EarnestEspressos,CostlyCorianders,6197147
2026-07-03T21:10:52.439101,2026-07-03T21:10:52.448436+00:00,117.0,45,ask,EarnestEspressos,CostlyCorianders,6197154
2026-07-03T21:10:53.647047,2026-07-03T21:10:53.653259+00:00,117.3,50,bid,FlawlessFlatbreads,DiligentDonuts,6197176
2026-07-03T21:10:55.666748,2026-07-03T21:10:55.678315+00:00,117.1,49,bid,CostlyCorianders,EarnestEspressos,6197204
2026-07-03T21:10:56.674060,2026-07-03T21:10:56.685570+00:00,117.1,51,bid,DiligentDonuts,EarnestEspressos,6197221
2026-07-03T21:10:57.125286,2026-07-03T21:10:57.136827+00:00,117.1,49,ask,DiligentDonuts,CostlyCorianders,6197234
2026-07-03T21:10:57.650535,2026-07-03T21:10:57.656930+00:00,117.6,45,bid,CostlyCorianders,DiligentDonuts,6197239
2026-07-03T21:10:57.860591,2026-07-03T21:10:57.863194+00:00,117.6,50,bid,FlawlessFlatbreads,DiligentDonuts,6197240
2026-07-03T21:10:58.259572,2026-07-03T21:10:58.267578+00:00,117.3,12,ask,EarnestEspressos,Xuanyu Liu,6197245
2026-07-03T21:10:59.475799,2026-07-03T21:10:59.483810+00:00,117.3,22,ask,EarnestEspressos,Xuanyu Liu,6197266
2026-07-03T21:11:00.037217,2026-07-03T21:11:00.048813+00:00,117.3,50,ask,EarnestEspressos,FlawlessFlatbreads,6197273
2026-07-03T21:11:00.573049,2026-07-03T21:11:00.584750+00:00,117.3,49,ask,EarnestEspressos,CostlyCorianders,6197279
2026-07-03T21:11:01.170010,2026-07-03T21:11:01.181430+00:00,117.4,45,bid,CostlyCorianders,DiligentDonuts,6197290
2026-07-03T21:11:01.751132,2026-07-03T21:11:01.758558+00:00,117.2,46,bid,CostlyCorianders,EarnestEspressos,6197296
2026-07-03T21:11:02.093982,2026-07-03T21:11:02.105252+00:00,117.2,50,bid,FlawlessFlatbreads,EarnestEspressos,6197301
2026-07-03T21:11:04.272533,2026-07-03T21:11:04.284190+00:00,117.0,50,ask,DiligentDonuts,FlawlessFlatbreads,6197326
2026-07-03T21:11:07.546225,2026-07-03T21:11:07.557702+00:00,117.0,49,ask,EarnestEspressos,CostlyCorianders,6197372
2026-07-03T21:11:08.440846,2026-07-03T21:11:08.458547+00:00,117.5,50,bid,FlawlessFlatbreads,DiligentDonuts,6197386
2026-07-03T21:11:10.547172,2026-07-03T21:11:10.558711+00:00,117.7,50,bid,FlawlessFlatbreads,EarnestEspressos,6197418
2026-07-03T21:11:12.658149,2026-07-03T21:11:12.669181+00:00,117.4,50,bid,FlawlessFlatbreads,EarnestEspressos,6197443
2026-07-03T21:11:14.159962,2026-07-03T21:11:14.171508+00:00,117.2,42,ask,EarnestEspressos,CostlyCorianders,6197469
2026-07-03T21:11:14.742990,2026-07-03T21:11:14.758599+00:00,117.6,46,bid,CostlyCorianders,DiligentDonuts,6197476
2026-07-03T21:11:14.817779,2026-07-03T21:11:14.829318+00:00,117.2,50,ask,EarnestEspressos,FlawlessFlatbreads,6197478
2026-07-03T21:11:15.506994,2026-07-03T21:11:15.513951+00:00,117.2,12,ask,EarnestEspressos,Xuanyu Liu,6197489
2026-07-03T21:11:16.924437,2026-07-03T21:11:16.935961+00:00,117.2,46,ask,EarnestEspressos,FlawlessFlatbreads,6197506
2026-07-03T21:11:16.924437,2026-07-03T21:11:16.935961+00:00,117.0,4,ask,DiligentDonuts,FlawlessFlatbreads,6197507
2026-07-03T21:11:17.284774,2026-07-03T21:11:17.300699+00:00,117.0,96,ask,DiligentDonuts,EarnestEspressos,6197508
2026-07-03T21:11:17.312466,2026-07-03T21:11:17.320623+00:00,117.0,23,bid,Xuanyu Liu,EarnestEspressos,6197511
2026-07-03T21:11:18.399626,2026-07-03T21:11:18.411266+00:00,117.0,31,bid,CostlyCorianders,EarnestEspressos,6197530
2026-07-03T21:11:18.455038,2026-07-03T21:11:18.466845+00:00,116.5,40,ask,EarnestEspressos,CostlyCorianders,6197531
2026-07-03T21:11:18.982743,2026-07-03T21:11:18.989733+00:00,117.3,50,bid,FlawlessFlatbreads,DiligentDonuts,6197537
2026-07-03T21:11:21.090436,2026-07-03T21:11:21.102176+00:00,117.3,50,bid,FlawlessFlatbreads,DiligentDonuts,6197565
2026-07-03T21:11:23.094388,2026-07-03T21:11:23.102138+00:00,117.2,11,ask,DiligentDonuts,Xuanyu Liu,6197587
2026-07-03T21:11:24.405403,2026-07-03T21:11:24.413567+00:00,117.2,12,ask,DiligentDonuts,Xuanyu Liu,6197603
2026-07-03T21:11:25.353761,2026-07-03T21:11:25.365362+00:00,117.0,50,ask,EarnestEspressos,FlawlessFlatbreads,6197616
2026-07-03T21:11:25.986337,2026-07-03T21:11:25.998138+00:00,117.0,48,ask,EarnestEspressos,CostlyCorianders,6197626
2026-07-03T21:11:26.785429,2026-07-03T21:11:26.795150+00:00,117.1,12,bid,Xuanyu Liu,EarnestEspressos,6197636
2026-07-03T21:11:27.464215,2026-07-03T21:11:27.476082+00:00,116.9,50,ask,DiligentDonuts,FlawlessFlatbreads,6197647
2026-07-03T21:11:28.343663,2026-07-03T21:11:28.353075+00:00,117.1,11,bid,Xuanyu Liu,EarnestEspressos,6197659
2026-07-03T21:11:29.520993,2026-07-03T21:11:29.532370+00:00,117.1,50,bid,FlawlessFlatbreads,EarnestEspressos,6197671
2026-07-03T21:11:30.342721,2026-07-03T21:11:30.354132+00:00,117.2,49,bid,CostlyCorianders,DiligentDonuts,6197682
2026-07-03T21:11:31.278507,2026-07-03T21:11:31.289885+00:00,117.2,40,bid,CostlyCorianders,DiligentDonuts,6197694
2026-07-03T21:11:31.476332,2026-07-03T21:11:31.484111+00:00,117.3,11,ask,DiligentDonuts,Xuanyu Liu,6197703
2026-07-03T21:11:33.675424,2026-07-03T21:11:33.683249+00:00,117.3,23,ask,DiligentDonuts,Xuanyu Liu,6197725
2026-07-03T21:11:34.342865,2026-07-03T21:11:34.358589+00:00,117.3,43,ask,DiligentDonuts,CostlyCorianders,6197734
2026-07-03T21:11:35.835328,2026-07-03T21:11:35.846984+00:00,117.3,50,bid,FlawlessFlatbreads,DiligentDonuts,6197753
2026-07-03T21:11:37.941857,2026-07-03T21:11:37.952742+00:00,117.2,50,bid,FlawlessFlatbreads,EarnestEspressos,6197774
2026-07-03T21:11:38.602473,2026-07-03T21:11:38.610918+00:00,117.2,44,bid,CostlyCorianders,EarnestEspressos,6197789
2026-07-03T21:11:38.655713,2026-07-03T21:11:38.667485+00:00,117.0,47,ask,DiligentDonuts,CostlyCorianders,6197790
2026-07-03T21:11:40.048881,2026-07-03T21:11:40.055096+00:00,117.5,50,bid,FlawlessFlatbreads,DiligentDonuts,6197807
2026-07-03T21:11:41.399233,2026-07-03T21:11:41.410599+00:00,117.1,49,ask,DiligentDonuts,CostlyCorianders,6197829
2026-07-03T21:11:42.155447,2026-07-03T21:11:42.158579+00:00,117.5,50,bid,FlawlessFlatbreads,EarnestEspressos,6197837
2026-07-03T21:11:42.770005,2026-07-03T21:11:42.777897+00:00,117.5,12,ask,EarnestEspressos,Xuanyu Liu,6197847
2026-07-03T21:11:44.163672,2026-07-03T21:11:44.175208+00:00,117.5,100,ask,EarnestEspressos,DiligentDonuts,6197865
2026-07-03T21:11:44.314963,2026-07-03T21:11:44.326970+00:00,117.5,38,ask,EarnestEspressos,FlawlessFlatbreads,6197866
2026-07-03T21:11:44.314963,2026-07-03T21:11:44.326970+00:00,116.9,12,ask,DiligentDonuts,FlawlessFlatbreads,6197867
2026-07-03T21:11:46.371368,2026-07-03T21:11:46.382958+00:00,117.2,50,bid,FlawlessFlatbreads,EarnestEspressos,6197890
2026-07-03T21:11:46.374866,2026-07-03T21:11:46.382958+00:00,117.2,42,bid,CostlyCorianders,EarnestEspressos,6197891
2026-07-03T21:11:46.697019,2026-07-03T21:11:46.706263+00:00,117.2,12,bid,Xuanyu Liu,EarnestEspressos,6197898
2026-07-03T21:11:50.588233,2026-07-03T21:11:50.596702+00:00,117.7,50,bid,FlawlessFlatbreads,EarnestEspressos,6197950
2026-07-03T21:11:52.033107,2026-07-03T21:11:52.043317+00:00,117.7,12,ask,EarnestEspressos,Xuanyu Liu,6197972
2026-07-03T21:11:52.398902,2026-07-03T21:11:52.406624+00:00,117.7,11,ask,EarnestEspressos,Xuanyu Liu,6197981
2026-07-03T21:11:53.038193,2026-07-03T21:11:53.047433+00:00,117.7,3,ask,EarnestEspressos,Xuanyu Liu,6197989
2026-07-03T21:11:53.657484,2026-07-03T21:11:53.664411+00:00,117.7,100,ask,EarnestEspressos,DiligentDonuts,6198001
2026-07-03T21:11:54.015149,2026-07-03T21:11:54.026696+00:00,117.7,24,ask,EarnestEspressos,CostlyCorianders,6198004
2026-07-03T21:11:54.015149,2026-07-03T21:11:54.026696+00:00,117.2,20,ask,DiligentDonuts,CostlyCorianders,6198005
2026-07-03T21:11:55.235808,2026-07-03T21:11:55.257444+00:00,117.2,80,ask,DiligentDonuts,EarnestEspressos,6198022
2026-07-03T21:11:55.248435,2026-07-03T21:11:55.257444+00:00,117.1,14,bid,Xuanyu Liu,EarnestEspressos,6198023
2026-07-03T21:11:55.459901,2026-07-03T21:11:55.466888+00:00,117.1,12,bid,Xuanyu Liu,EarnestEspressos,6198028
2026-07-03T21:11:55.878330,2026-07-03T21:11:55.886008+00:00,117.1,34,bid,Xuanyu Liu,EarnestEspressos,6198036
2026-07-03T21:11:56.915855,2026-07-03T21:11:56.927845+00:00,117.1,10,bid,FlawlessFlatbreads,EarnestEspressos,6198051
2026-07-03T21:11:56.915855,2026-07-03T21:11:56.927845+00:00,117.5,40,bid,FlawlessFlatbreads,DiligentDonuts,6198052
2026-07-03T21:11:58.353268,2026-07-03T21:11:58.363427+00:00,117.4,34,ask,EarnestEspressos,Xuanyu Liu,6198063
2026-07-03T21:11:59.032454,2026-07-03T21:11:59.043728+00:00,117.5,50,bid,FlawlessFlatbreads,DiligentDonuts,6198071
2026-07-03T21:11:59.811932,2026-07-03T21:11:59.823291+00:00,117.4,12,ask,EarnestEspressos,Xuanyu Liu,6198089
2026-07-03T21:12:00.053670,2026-07-03T21:12:00.063810+00:00,117.4,47,ask,EarnestEspressos,CostlyCorianders,6198094
2026-07-03T21:12:01.150960,2026-07-03T21:12:01.158591+00:00,117.9,50,bid,FlawlessFlatbreads,EarnestEspressos,6198113
2026-07-03T21:12:01.190382,2026-07-03T21:12:01.201733+00:00,117.9,40,bid,CostlyCorianders,EarnestEspressos,6198114
2026-07-03T21:12:02.818903,2026-07-03T21:12:02.830603+00:00,117.4,49,ask,DiligentDonuts,CostlyCorianders,6198135
2026-07-03T21:12:03.258210,2026-07-03T21:12:03.267515+00:00,117.8,50,bid,FlawlessFlatbreads,EarnestEspressos,6198138
2026-07-03T21:12:04.685232,2026-07-03T21:12:04.695611+00:00,117.6,14,ask,EarnestEspressos,Xuanyu Liu,6198165
2026-07-03T21:12:05.418890,2026-07-03T21:12:05.430562+00:00,117.6,50,ask,EarnestEspressos,FlawlessFlatbreads,6198174
2026-07-03T21:12:07.909077,2026-07-03T21:12:07.920471+00:00,117.8,49,bid,CostlyCorianders,DiligentDonuts,6198214
2026-07-03T21:12:08.541342,2026-07-03T21:12:08.558601+00:00,117.8,41,bid,CostlyCorianders,DiligentDonuts,6198223
2026-07-03T21:12:08.596027,2026-07-03T21:12:08.607532+00:00,117.5,48,ask,EarnestEspressos,CostlyCorianders,6198224
2026-07-03T21:12:09.585039,2026-07-03T21:12:09.596756+00:00,118.0,50,bid,FlawlessFlatbreads,EarnestEspressos,6198241
2026-07-03T21:12:09.618054,2026-07-03T21:12:09.629917+00:00,118.0,40,bid,CostlyCorianders,EarnestEspressos,6198242
2026-07-03T21:12:11.690574,2026-07-03T21:12:11.700395+00:00,118.2,50,bid,FlawlessFlatbreads,DiligentDonuts,6198279
2026-07-03T21:12:15.425630,2026-07-03T21:12:15.434683+00:00,117.8,45,ask,DiligentDonuts,CostlyCorianders,6198315
2026-07-03T21:12:15.905957,2026-07-03T21:12:15.917762+00:00,118.1,50,bid,FlawlessFlatbreads,EarnestEspressos,6198324
2026-07-03T21:12:16.925082,2026-07-03T21:12:16.933350+00:00,117.8,3,ask,DiligentDonuts,Xuanyu Liu,6198333
2026-07-03T21:12:18.065882,2026-07-03T21:12:18.077169+00:00,117.8,50,ask,DiligentDonuts,FlawlessFlatbreads,6198349
2026-07-03T21:12:19.553256,2026-07-03T21:12:19.561240+00:00,117.7,3,bid,Xuanyu Liu,DiligentDonuts,6198370
2026-07-03T21:12:20.172706,2026-07-03T21:12:20.179383+00:00,117.5,50,ask,EarnestEspressos,FlawlessFlatbreads,6198376
2026-07-03T21:12:21.058100,2026-07-03T21:12:21.070053+00:00,117.7,42,bid,CostlyCorianders,DiligentDonuts,6198392
2026-07-03T21:12:22.229568,2026-07-03T21:12:22.241113+00:00,118.0,50,bid,FlawlessFlatbreads,DiligentDonuts,6198411
2026-07-03T21:12:24.335932,2026-07-03T21:12:24.347929+00:00,117.9,50,bid,FlawlessFlatbreads,EarnestEspressos,6198437
2026-07-03T21:12:28.529171,2026-07-03T21:12:28.539077+00:00,117.5,42,ask,EarnestEspressos,CostlyCorianders,6198490
2026-07-03T21:12:28.596646,2026-07-03T21:12:28.606539+00:00,117.5,50,ask,EarnestEspressos,FlawlessFlatbreads,6198492
2026-07-03T21:12:30.008624,2026-07-03T21:12:30.020318+00:00,117.4,44,ask,DiligentDonuts,CostlyCorianders,6198514
2026-07-03T21:12:32.757756,2026-07-03T21:12:32.769101+00:00,117.6,50,bid,FlawlessFlatbreads,EarnestEspressos,6198565
2026-07-03T21:12:34.915038,2026-07-03T21:12:34.925102+00:00,117.4,50,ask,EarnestEspressos,FlawlessFlatbreads,6198602
2026-07-03T21:12:35.309647,2026-07-03T21:12:35.317187+00:00,117.4,3,ask,EarnestEspressos,Xuanyu Liu,6198606
2026-07-03T21:12:36.268162,2026-07-03T21:12:36.279791+00:00,117.7,42,bid,CostlyCorianders,DiligentDonuts,6198620
2026-07-03T21:12:36.357742,2026-07-03T21:12:36.369257+00:00,117.2,100,ask,DiligentDonuts,EarnestEspressos,6198623
2026-07-03T21:12:36.619004,2026-07-03T21:12:36.626751+00:00,117.2,6,bid,Xuanyu Liu,EarnestEspressos,6198630
2026-07-03T21:12:37.022362,2026-07-03T21:12:37.033824+00:00,116.7,50,ask,EarnestEspressos,FlawlessFlatbreads,6198633
2026-07-03T21:12:37.824034,2026-07-03T21:12:37.836712+00:00,117.2,43,bid,CostlyCorianders,EarnestEspressos,6198644
2026-07-03T21:12:38.864125,2026-07-03T21:12:38.875640+00:00,117.2,1,bid,CostlyCorianders,EarnestEspressos,6198658
2026-07-03T21:12:38.918746,2026-07-03T21:12:38.930340+00:00,117.1,43,ask,DiligentDonuts,CostlyCorianders,6198659
2026-07-03T21:12:39.129031,2026-07-03T21:12:39.135455+00:00,117.1,50,ask,DiligentDonuts,FlawlessFlatbreads,6198662
2026-07-03T21:12:39.479627,2026-07-03T21:12:39.488128+00:00,117.3,3,ask,EarnestEspressos,Xuanyu Liu,6198664
2026-07-03T21:12:40.863800,2026-07-03T21:12:40.874306+00:00,117.6,47,bid,CostlyCorianders,DiligentDonuts,6198679
2026-07-03T21:12:41.239019,2026-07-03T21:12:41.250577+00:00,117.3,50,ask,EarnestEspressos,FlawlessFlatbreads,6198683
2026-07-03T21:12:43.345923,2026-07-03T21:12:43.352195+00:00,117.2,50,ask,EarnestEspressos,FlawlessFlatbreads,6198714
2026-07-03T21:12:45.402595,2026-07-03T21:12:45.412593+00:00,117.4,50,bid,FlawlessFlatbreads,DiligentDonuts,6198742
2026-07-03T21:12:45.498116,2026-07-03T21:12:45.507517+00:00,117.2,48,ask,EarnestEspressos,CostlyCorianders,6198746
2026-07-03T21:12:45.974924,2026-07-03T21:12:45.983065+00:00,117.2,43,bid,CostlyCorianders,EarnestEspressos,6198765
2026-07-03T21:12:47.080529,2026-07-03T21:12:47.092447+00:00,117.2,48,bid,CostlyCorianders,EarnestEspressos,6198779
2026-07-03T21:12:47.514818,2026-07-03T21:12:47.523336+00:00,117.2,50,bid,FlawlessFlatbreads,EarnestEspressos,6198785
2026-07-03T21:12:49.620941,2026-07-03T21:12:49.632281+00:00,117.6,50,bid,FlawlessFlatbreads,DiligentDonuts,6198803
2026-07-03T21:12:51.777641,2026-07-03T21:12:51.789427+00:00,117.3,50,ask,EarnestEspressos,FlawlessFlatbreads,6198829
2026-07-03T21:12:53.304650,2026-07-03T21:12:53.316000+00:00,117.0,43,ask,DiligentDonuts,CostlyCorianders,6198854
2026-07-03T21:12:53.834161,2026-07-03T21:12:53.845918+00:00,117.4,50,bid,FlawlessFlatbreads,DiligentDonuts,6198860
2026-07-03T21:12:55.958790,2026-07-03T21:12:55.968801+00:00,117.4,50,bid,FlawlessFlatbreads,DiligentDonuts,6198876
2026-07-03T21:12:56.495534,2026-07-03T21:12:56.507086+00:00,117.2,44,ask,EarnestEspressos,CostlyCorianders,6198885
2026-07-03T21:12:58.066804,2026-07-03T21:12:58.078659+00:00,117.7,50,bid,FlawlessFlatbreads,EarnestEspressos,6198906
2026-07-03T21:12:59.133412,2026-07-03T21:12:59.144868+00:00,117.2,47,ask,DiligentDonuts,CostlyCorianders,6198921
2026-07-03T21:13:00.177196,2026-07-03T21:13:00.185330+00:00,117.6,50,bid,FlawlessFlatbreads,DiligentDonuts,6198945
2026-07-03T21:13:02.282991,2026-07-03T21:13:02.294677+00:00,117.5,50,bid,FlawlessFlatbreads,EarnestEspressos,6198977
2026-07-03T21:13:04.814466,2026-07-03T21:13:04.826132+00:00,117.7,45,bid,CostlyCorianders,DiligentDonuts,6199005
2026-07-03T21:13:05.947587,2026-07-03T21:13:05.958545+00:00,117.2,43,ask,DiligentDonuts,CostlyCorianders,6199020
2026-07-03T21:13:10.134485,2026-07-03T21:13:10.146359+00:00,117.8,41,bid,CostlyCorianders,EarnestEspressos,6199066
2026-07-03T21:13:10.778670,2026-07-03T21:13:10.790247+00:00,117.3,50,ask,EarnestEspressos,FlawlessFlatbreads,6199074
2026-07-03T21:13:11.978743,2026-07-03T21:13:11.990228+00:00,117.7,46,bid,CostlyCorianders,EarnestEspressos,6199088
2026-07-03T21:13:12.835963,2026-07-03T21:13:12.847425+00:00,117.7,50,bid,FlawlessFlatbreads,EarnestEspressos,6199098
2026-07-03T21:13:13.774330,2026-07-03T21:13:13.785889+00:00,117.5,41,ask,DiligentDonuts,CostlyCorianders,6199112
2026-07-03T21:13:14.234178,2026-07-03T21:13:14.245615+00:00,117.5,45,ask,DiligentDonuts,CostlyCorianders,6199119
2026-07-03T21:13:14.268298,2026-07-03T21:13:14.277630+00:00,117.8,14,ask,EarnestEspressos,Xuanyu Liu,6199120
2026-07-03T21:13:14.999412,2026-07-03T21:13:15.011147+00:00,117.8,50,ask,EarnestEspressos,FlawlessFlatbreads,6199129
2026-07-03T21:13:15.365119,2026-07-03T21:13:15.374377+00:00,118.0,47,bid,CostlyCorianders,DiligentDonuts,6199133
2026-07-03T21:13:17.054807,2026-07-03T21:13:17.063648+00:00,117.9,50,bid,FlawlessFlatbreads,DiligentDonuts,6199157
2026-07-03T21:13:18.684356,2026-07-03T21:13:18.696249+00:00,117.9,45,bid,CostlyCorianders,DiligentDonuts,6199175
2026-07-03T21:13:19.213617,2026-07-03T21:13:19.220373+00:00,117.7,50,ask,DiligentDonuts,FlawlessFlatbreads,6199177
2026-07-03T21:13:19.791777,2026-07-03T21:13:19.803451+00:00,117.7,42,ask,DiligentDonuts,CostlyCorianders,6199191
2026-07-03T21:13:21.320374,2026-07-03T21:13:21.332210+00:00,117.7,8,ask,DiligentDonuts,FlawlessFlatbreads,6199202
2026-07-03T21:13:21.320374,2026-07-03T21:13:21.332210+00:00,117.7,42,ask,EarnestEspressos,FlawlessFlatbreads,6199203
2026-07-03T21:13:22.088429,2026-07-03T21:13:22.100101+00:00,117.7,40,ask,EarnestEspressos,CostlyCorianders,6199215
2026-07-03T21:13:22.706553,2026-07-03T21:13:22.715106+00:00,118.1,40,bid,CostlyCorianders,DiligentDonuts,6199224
2026-07-03T21:13:23.430864,2026-07-03T21:13:23.442235+00:00,117.7,50,ask,EarnestEspressos,FlawlessFlatbreads,6199231
2026-07-03T21:13:23.799357,2026-07-03T21:13:23.807783+00:00,117.6,100,ask,DiligentDonuts,EarnestEspressos,6199234
2026-07-03T21:13:23.809808,2026-07-03T21:13:23.817761+00:00,117.6,14,bid,Xuanyu Liu,EarnestEspressos,6199235
2026-07-03T21:13:25.536191,2026-07-03T21:13:25.543531+00:00,117.3,50,ask,DiligentDonuts,FlawlessFlatbreads,6199267
2026-07-03T21:13:25.743392,2026-07-03T21:13:25.755422+00:00,117.6,36,bid,CostlyCorianders,EarnestEspressos,6199271
2026-07-03T21:13:25.743392,2026-07-03T21:13:25.755422+00:00,117.8,11,bid,CostlyCorianders,DiligentDonuts,6199272
2026-07-03T21:13:25.800797,2026-07-03T21:13:25.812447+00:00,117.3,48,ask,DiligentDonuts,CostlyCorianders,6199274
2026-07-03T21:13:27.653255,2026-07-03T21:13:27.664695+00:00,117.7,50,ask,EarnestEspressos,FlawlessFlatbreads,6199298
2026-07-03T21:13:28.584159,2026-07-03T21:13:28.595448+00:00,117.7,100,ask,EarnestEspressos,DiligentDonuts,6199321
2026-07-03T21:13:29.759141,2026-07-03T21:13:29.770808+00:00,116.9,50,ask,DiligentDonuts,FlawlessFlatbreads,6199333
2026-07-03T21:13:30.512795,2026-07-03T21:13:30.524482+00:00,117.1,40,ask,EarnestEspressos,CostlyCorianders,6199345
2026-07-03T21:13:31.744200,2026-07-03T21:13:31.755517+00:00,117.6,42,bid,CostlyCorianders,EarnestEspressos,6199358
2026-07-03T21:13:31.866480,2026-07-03T21:13:31.875041+00:00,117.2,50,ask,DiligentDonuts,FlawlessFlatbreads,6199360
2026-07-03T21:13:32.332663,2026-07-03T21:13:32.344050+00:00,117.2,49,ask,DiligentDonuts,CostlyCorianders,6199367
