timestamp,recv_time,price,volume,aggressor_side,buyer,seller,trade_id
2026-07-07T10:00:01.154654,2026-07-07T10:00:01.166681+00:00,153.0,40,ask,,,10692295
2026-07-07T10:00:01.632364,2026-07-07T10:00:01.644187+00:00,153.0,49,ask,,,10692300
2026-07-07T10:00:02.282346,2026-07-07T10:00:02.294169+00:00,153.2,44,bid,,,10692311
2026-07-07T10:00:04.360790,2026-07-07T10:00:04.370579+00:00,153.1,48,bid,,,10692341
2026-07-07T10:00:05.528812,2026-07-07T10:00:05.538606+00:00,152.9,20,ask,,,10692361
2026-07-07T10:00:05.528812,2026-07-07T10:00:05.538606+00:00,152.7,29,ask,,,10692362
2026-07-07T10:00:06.156640,2026-07-07T10:00:06.163786+00:00,152.8,20,ask,,,10692368
2026-07-07T10:00:06.156640,2026-07-07T10:00:06.169004+00:00,152.7,30,ask,,,10692369
2026-07-07T10:00:07.770112,2026-07-07T10:00:07.778915+00:00,152.8,12,bid,,,10692391
2026-07-07T10:00:07.842350,2026-07-07T10:00:07.854195+00:00,152.8,25,bid,,,10692395
2026-07-07T10:00:08.063959,2026-07-07T10:00:08.070533+00:00,152.8,25,bid,,,10692402
2026-07-07T10:00:08.280441,2026-07-07T10:00:08.290680+00:00,152.7,50,ask,,,10692405
2026-07-07T10:00:08.288627,2026-07-07T10:00:08.296132+00:00,152.8,5,bid,,,10692407
2026-07-07T10:00:10.226758,2026-07-07T10:00:10.239123+00:00,152.8,43,bid,,,10692428
2026-07-07T10:00:10.388593,2026-07-07T10:00:10.398316+00:00,152.4,50,ask,,,10692429
2026-07-07T10:00:11.984641,2026-07-07T10:00:11.996229+00:00,152.8,47,ask,,,10692463
2026-07-07T10:00:12.514862,2026-07-07T10:00:12.525586+00:00,152.8,50,ask,,,10692471
2026-07-07T10:00:13.007021,2026-07-07T10:00:13.018140+00:00,152.8,45,ask,,,10692474
2026-07-07T10:00:13.054404,2026-07-07T10:00:13.064101+00:00,152.8,8,ask,,,10692475
2026-07-07T10:00:13.585325,2026-07-07T10:00:13.597439+00:00,152.7,41,bid,,,10692488
2026-07-07T10:00:16.756992,2026-07-07T10:00:16.765811+00:00,152.2,50,ask,,,10692531
2026-07-07T10:00:17.259441,2026-07-07T10:00:17.269256+00:00,152.5,11,bid,,,10692541
2026-07-07T10:00:18.866210,2026-07-07T10:00:18.873748+00:00,152.2,50,ask,,,10692570
2026-07-07T10:00:19.125532,2026-07-07T10:00:19.140807+00:00,152.5,40,bid,,,10692573
2026-07-07T10:00:19.143705,2026-07-07T10:00:19.158802+00:00,152.5,4,bid,,,10692575
2026-07-07T10:00:19.643868,2026-07-07T10:00:19.646124+00:00,152.5,47,bid,,,10692581
2026-07-07T10:00:20.644632,2026-07-07T10:00:20.664015+00:00,152.4,43,ask,,,10692595
2026-07-07T10:00:20.973662,2026-07-07T10:00:20.981983+00:00,152.4,50,ask,,,10692599
2026-07-07T10:00:22.364038,2026-07-07T10:00:22.375833+00:00,152.4,49,ask,,,10692621
2026-07-07T10:00:22.543167,2026-07-07T10:00:22.555029+00:00,152.4,8,ask,,,10692625
2026-07-07T10:00:23.079529,2026-07-07T10:00:23.091634+00:00,151.8,50,ask,,,10692637
2026-07-07T10:00:23.580100,2026-07-07T10:00:23.592750+00:00,151.9,11,bid,,,10692646
2026-07-07T10:00:24.011302,2026-07-07T10:00:24.023031+00:00,151.9,23,bid,,,10692654
2026-07-07T10:00:24.178648,2026-07-07T10:00:24.196766+00:00,151.9,49,bid,,,10692661
2026-07-07T10:00:24.642010,2026-07-07T10:00:24.650956+00:00,151.9,6,bid,,,10692667
2026-07-07T10:00:25.188702,2026-07-07T10:00:25.195681+00:00,151.8,50,ask,,,10692673
2026-07-07T10:00:26.676281,2026-07-07T10:00:26.688359+00:00,152.0,100,bid,,,10692690
2026-07-07T10:00:28.557524,2026-07-07T10:00:28.569469+00:00,152.5,40,bid,,,10692710
2026-07-07T10:00:29.350595,2026-07-07T10:00:29.358546+00:00,152.4,50,bid,,,10692717
2026-07-07T10:00:31.257912,2026-07-07T10:00:31.269712+00:00,152.2,47,bid,,,10692743
2026-07-07T10:00:31.477969,2026-07-07T10:00:31.489854+00:00,152.2,50,bid,,,10692749
2026-07-07T10:00:33.021344,2026-07-07T10:00:33.036987+00:00,152.1,6,ask,,,10692762
2026-07-07T10:00:33.312419,2026-07-07T10:00:33.324100+00:00,152.1,40,ask,,,10692769
2026-07-07T10:00:33.586411,2026-07-07T10:00:33.598432+00:00,152.5,50,bid,,,10692772
2026-07-07T10:00:33.953587,2026-07-07T10:00:33.965482+00:00,152.1,48,ask,,,10692778
2026-07-07T10:00:34.517137,2026-07-07T10:00:34.526671+00:00,152.1,11,ask,,,10692786
2026-07-07T10:00:35.209579,2026-07-07T10:00:35.220320+00:00,152.5,45,bid,,,10692792
2026-07-07T10:00:35.722348,2026-07-07T10:00:35.733675+00:00,152.5,50,bid,,,10692802
2026-07-07T10:00:35.862962,2026-07-07T10:00:35.875133+00:00,152.1,45,ask,,,10692804
2026-07-07T10:00:35.862962,2026-07-07T10:00:35.875133+00:00,152.0,3,ask,,,10692805
2026-07-07T10:00:36.234014,2026-07-07T10:00:36.243807+00:00,152.0,97,ask,,,10692806
2026-07-07T10:00:37.127963,2026-07-07T10:00:37.138036+00:00,151.9,11,bid,,,10692822
2026-07-07T10:00:37.832272,2026-07-07T10:00:37.841418+00:00,151.9,42,bid,,,10692835
2026-07-07T10:00:37.832272,2026-07-07T10:00:37.841418+00:00,152.5,5,bid,,,10692836
2026-07-07T10:00:37.832272,2026-07-07T10:00:37.846637+00:00,152.7,3,bid,,,10692837
2026-07-07T10:00:39.967884,2026-07-07T10:00:39.979679+00:00,152.6,50,bid,,,10692872
2026-07-07T10:00:41.076264,2026-07-07T10:00:41.088733+00:00,152.3,3,ask,,,10692883
2026-07-07T10:00:41.076264,2026-07-07T10:00:41.088733+00:00,152.3,8,ask,,,10692884
2026-07-07T10:00:42.075567,2026-07-07T10:00:42.085687+00:00,152.8,9,bid,,,10692896
2026-07-07T10:00:42.075567,2026-07-07T10:00:42.085687+00:00,152.8,41,bid,,,10692897
2026-07-07T10:00:42.670505,2026-07-07T10:00:42.681497+00:00,152.7,9,ask,,,10692907
2026-07-07T10:00:42.905647,2026-07-07T10:00:42.912956+00:00,152.8,40,bid,,,10692916
2026-07-07T10:00:44.193643,2026-07-07T10:00:44.200944+00:00,152.8,50,bid,,,10692938
2026-07-07T10:00:44.652522,2026-07-07T10:00:44.661473+00:00,152.8,14,ask,,,10692949
2026-07-07T10:00:45.363589,2026-07-07T10:00:45.373301+00:00,152.8,7,ask,,,10692962
2026-07-07T10:00:46.301268,2026-07-07T10:00:46.314509+00:00,153.0,12,bid,,,10692979
2026-07-07T10:00:46.301268,2026-07-07T10:00:46.314509+00:00,153.0,20,bid,,,10692980
2026-07-07T10:00:46.301268,2026-07-07T10:00:46.314509+00:00,153.1,18,bid,,,10692981
2026-07-07T10:00:46.420733,2026-07-07T10:00:46.429931+00:00,152.8,23,ask,,,10692982
2026-07-07T10:00:46.990444,2026-07-07T10:00:47.001484+00:00,152.8,43,ask,,,10692988
2026-07-07T10:00:47.395034,2026-07-07T10:00:47.406333+00:00,152.8,8,ask,,,10692993
2026-07-07T10:00:48.434724,2026-07-07T10:00:48.446854+00:00,152.9,12,bid,,,10693010
2026-07-07T10:00:48.434724,2026-07-07T10:00:48.446854+00:00,152.9,38,bid,,,10693011
2026-07-07T10:00:49.052813,2026-07-07T10:00:49.060616+00:00,152.9,44,bid,,,10693018
2026-07-07T10:00:49.690872,2026-07-07T10:00:49.702881+00:00,152.6,12,ask,,,10693030
2026-07-07T10:00:49.690872,2026-07-07T10:00:49.702881+00:00,152.5,28,ask,,,10693031
2026-07-07T10:00:50.544237,2026-07-07T10:00:50.552522+00:00,152.8,20,bid,,,10693042
2026-07-07T10:00:50.544237,2026-07-07T10:00:50.552522+00:00,152.9,18,bid,,,10693043
2026-07-07T10:00:50.544237,2026-07-07T10:00:50.552522+00:00,153.0,12,bid,,,10693044
2026-07-07T10:00:52.683431,2026-07-07T10:00:52.692722+00:00,153.0,12,bid,,,10693078
2026-07-07T10:00:52.683431,2026-07-07T10:00:52.698030+00:00,153.1,38,bid,,,10693079
2026-07-07T10:00:53.340674,2026-07-07T10:00:53.352526+00:00,153.0,20,bid,,,10693089
2026-07-07T10:00:53.340674,2026-07-07T10:00:53.352526+00:00,153.1,23,bid,,,10693090
2026-07-07T10:00:54.794428,2026-07-07T10:00:54.801824+00:00,153.1,50,bid,,,10693119
2026-07-07T10:00:55.170932,2026-07-07T10:00:55.179581+00:00,152.8,45,ask,,,10693126
2026-07-07T10:00:55.191565,2026-07-07T10:00:55.201389+00:00,153.1,11,ask,,,10693128
2026-07-07T10:00:55.471605,2026-07-07T10:00:55.479366+00:00,153.1,5,ask,,,10693141
2026-07-07T10:00:55.504478,2026-07-07T10:00:55.517886+00:00,153.1,12,ask,,,10693142
2026-07-07T10:00:55.574581,2026-07-07T10:00:55.585191+00:00,153.1,25,ask,,,10693147
2026-07-07T10:00:55.795063,2026-07-07T10:00:55.803573+00:00,153.1,25,ask,,,10693150
2026-07-07T10:00:56.019703,2026-07-07T10:00:56.028692+00:00,153.1,25,ask,,,10693154
2026-07-07T10:00:56.242527,2026-07-07T10:00:56.253291+00:00,153.1,25,ask,,,10693159
2026-07-07T10:00:56.467013,2026-07-07T10:00:56.478639+00:00,153.1,22,ask,,,10693167
2026-07-07T10:00:56.569486,2026-07-07T10:00:56.581312+00:00,153.2,12,bid,,,10693170
2026-07-07T10:00:56.569486,2026-07-07T10:00:56.581312+00:00,153.3,31,bid,,,10693171
2026-07-07T10:00:56.906314,2026-07-07T10:00:56.912972+00:00,153.3,50,bid,,,10693177
2026-07-07T10:00:57.075537,2026-07-07T10:00:57.087930+00:00,152.9,20,ask,,,10693180
2026-07-07T10:00:57.075537,2026-07-07T10:00:57.087930+00:00,152.8,28,ask,,,10693181
2026-07-07T10:00:57.610778,2026-07-07T10:00:57.619460+00:00,153.4,12,bid,,,10693189
2026-07-07T10:00:57.610778,2026-07-07T10:00:57.619460+00:00,153.5,33,bid,,,10693190
2026-07-07T10:00:58.801553,2026-07-07T10:00:58.811162+00:00,153.0,44,ask,,,10693208
2026-07-07T10:00:59.015769,2026-07-07T10:00:59.023754+00:00,153.1,50,bid,,,10693210
2026-07-07T10:00:59.101649,2026-07-07T10:00:59.112767+00:00,153.1,12,bid,,,10693212
2026-07-07T10:01:00.383497,2026-07-07T10:01:00.395544+00:00,153.0,41,ask,,,10693232
2026-07-07T10:01:01.122490,2026-07-07T10:01:01.134590+00:00,153.1,50,bid,,,10693245
2026-07-07T10:01:03.235350,2026-07-07T10:01:03.242961+00:00,153.5,50,bid,,,10693275
2026-07-07T10:01:05.344322,2026-07-07T10:01:05.356119+00:00,153.5,12,bid,,,10693308
2026-07-07T10:01:05.344322,2026-07-07T10:01:05.356119+00:00,153.6,38,bid,,,10693309
2026-07-07T10:01:07.451158,2026-07-07T10:01:07.457751+00:00,153.5,12,bid,,,10693329
2026-07-07T10:01:07.451158,2026-07-07T10:01:07.457751+00:00,153.6,36,bid,,,10693330
2026-07-07T10:01:07.511891,2026-07-07T10:01:07.521545+00:00,153.3,50,ask,,,10693332
2026-07-07T10:01:09.618254,2026-07-07T10:01:09.630400+00:00,153.3,50,ask,,,10693358
2026-07-07T10:01:10.889886,2026-07-07T10:01:10.898789+00:00,153.3,49,ask,,,10693372
2026-07-07T10:01:11.675650,2026-07-07T10:01:11.687426+00:00,153.6,50,bid,,,10693384
2026-07-07T10:01:13.316857,2026-07-07T10:01:13.328729+00:00,153.6,44,bid,,,10693399
2026-07-07T10:01:13.785425,2026-07-07T10:01:13.795392+00:00,153.6,50,bid,,,10693412
2026-07-07T10:01:16.080597,2026-07-07T10:01:16.091254+00:00,153.1,45,ask,,,10693448
2026-07-07T10:01:17.274257,2026-07-07T10:01:17.287070+00:00,153.6,48,bid,,,10693468
2026-07-07T10:01:17.335290,2026-07-07T10:01:17.345572+00:00,153.6,12,bid,,,10693471
2026-07-07T10:01:17.335290,2026-07-07T10:01:17.345572+00:00,153.6,20,bid,,,10693472
2026-07-07T10:01:17.335290,2026-07-07T10:01:17.345572+00:00,153.8,100,bid,,,10693473
2026-07-07T10:01:17.821376,2026-07-07T10:01:17.832828+00:00,153.8,12,ask,,,10693487
2026-07-07T10:01:17.832038,2026-07-07T10:01:17.848539+00:00,153.8,6,ask,,,10693489
2026-07-07T10:01:17.995812,2026-07-07T10:01:18.007538+00:00,153.9,12,bid,,,10693495
2026-07-07T10:01:17.995812,2026-07-07T10:01:18.007538+00:00,154.0,12,bid,,,10693496
2026-07-07T10:01:17.995812,2026-07-07T10:01:18.007538+00:00,154.3,26,bid,,,10693497
2026-07-07T10:01:18.400041,2026-07-07T10:01:18.411838+00:00,153.5,12,ask,,,10693501
2026-07-07T10:01:18.400041,2026-07-07T10:01:18.411838+00:00,153.4,20,ask,,,10693502
2026-07-07T10:01:18.400041,2026-07-07T10:01:18.411838+00:00,153.3,10,ask,,,10693503
2026-07-07T10:01:19.454885,2026-07-07T10:01:19.465879+00:00,153.8,11,ask,,,10693517
2026-07-07T10:01:19.584956,2026-07-07T10:01:19.594380+00:00,153.8,20,ask,,,10693519
2026-07-07T10:01:19.708437,2026-07-07T10:01:19.717208+00:00,153.8,13,ask,,,10693525
2026-07-07T10:01:19.921612,2026-07-07T10:01:19.929010+00:00,153.9,12,bid,,,10693529
2026-07-07T10:01:19.921612,2026-07-07T10:01:19.934023+00:00,154.3,36,bid,,,10693530
2026-07-07T10:01:19.976924,2026-07-07T10:01:19.987062+00:00,153.8,40,ask,,,10693531
2026-07-07T10:01:20.156937,2026-07-07T10:01:20.163815+00:00,153.8,16,ask,,,10693536
2026-07-07T10:01:20.156937,2026-07-07T10:01:20.168998+00:00,153.5,12,ask,,,10693537
2026-07-07T10:01:21.518682,2026-07-07T10:01:21.532581+00:00,153.6,49,bid,,,10693561
2026-07-07T10:01:24.351561,2026-07-07T10:01:24.358468+00:00,153.5,42,ask,,,10693603
2026-07-07T10:01:24.372002,2026-07-07T10:01:24.379742+00:00,153.5,50,ask,,,10693606
2026-07-07T10:01:25.319167,2026-07-07T10:01:25.331408+00:00,153.8,46,bid,,,10693622
2026-07-07T10:01:25.847499,2026-07-07T10:01:25.859403+00:00,153.5,12,ask,,,10693628
2026-07-07T10:01:25.847499,2026-07-07T10:01:25.859403+00:00,153.5,20,ask,,,10693629
2026-07-07T10:01:25.918519,2026-07-07T10:01:25.929011+00:00,153.3,46,ask,,,10693636
2026-07-07T10:01:26.479900,2026-07-07T10:01:26.487252+00:00,153.3,50,ask,,,10693642
2026-07-07T10:01:28.602407,2026-07-07T10:01:28.614587+00:00,153.1,12,ask,,,10693668
2026-07-07T10:01:28.602407,2026-07-07T10:01:28.614587+00:00,153.1,20,ask,,,10693669
2026-07-07T10:01:28.602407,2026-07-07T10:01:28.614587+00:00,153.0,18,ask,,,10693670
2026-07-07T10:01:29.285608,2026-07-07T10:01:29.294756+00:00,153.5,42,bid,,,10693683
2026-07-07T10:01:30.718161,2026-07-07T10:01:30.727416+00:00,153.1,50,ask,,,10693709
2026-07-07T10:01:32.001360,2026-07-07T10:01:32.013312+00:00,153.2,12,ask,,,10693726
2026-07-07T10:01:32.001360,2026-07-07T10:01:32.013312+00:00,153.2,20,ask,,,10693727
2026-07-07T10:01:32.001360,2026-07-07T10:01:32.013312+00:00,153.1,10,ask,,,10693728
2026-07-07T10:01:32.259551,2026-07-07T10:01:32.269111+00:00,153.5,23,bid,,,10693735
2026-07-07T10:01:32.833260,2026-07-07T10:01:32.845544+00:00,153.4,12,ask,,,10693744
2026-07-07T10:01:32.833260,2026-07-07T10:01:32.845544+00:00,153.3,20,ask,,,10693745
2026-07-07T10:01:32.833260,2026-07-07T10:01:32.845544+00:00,153.1,18,ask,,,10693746
2026-07-07T10:01:34.946098,2026-07-07T10:01:34.958579+00:00,153.4,50,ask,,,10693781
2026-07-07T10:01:37.054124,2026-07-07T10:01:37.058581+00:00,153.4,12,ask,,,10693809
2026-07-07T10:01:37.054124,2026-07-07T10:01:37.058581+00:00,153.2,38,ask,,,10693810
2026-07-07T10:01:38.825500,2026-07-07T10:01:38.834568+00:00,153.4,11,bid,,,10693838
2026-07-07T10:01:38.949424,2026-07-07T10:01:38.958559+00:00,153.4,49,bid,,,10693840
2026-07-07T10:01:39.122161,2026-07-07T10:01:39.132719+00:00,153.4,12,bid,,,10693844
2026-07-07T10:01:39.162320,2026-07-07T10:01:39.174256+00:00,153.3,20,ask,,,10693848
2026-07-07T10:01:39.162320,2026-07-07T10:01:39.174256+00:00,153.1,30,ask,,,10693849
2026-07-07T10:01:40.125665,2026-07-07T10:01:40.137070+00:00,153.2,20,ask,,,10693864
2026-07-07T10:01:40.125665,2026-07-07T10:01:40.137070+00:00,153.1,29,ask,,,10693865
2026-07-07T10:01:41.273326,2026-07-07T10:01:41.283135+00:00,153.3,12,ask,,,10693880
2026-07-07T10:01:41.273326,2026-07-07T10:01:41.283135+00:00,153.1,38,ask,,,10693881
2026-07-07T10:01:43.382276,2026-07-07T10:01:43.394397+00:00,153.3,50,ask,,,10693921
2026-07-07T10:01:44.530147,2026-07-07T10:01:44.538182+00:00,153.4,48,bid,,,10693940
2026-07-07T10:01:45.491732,2026-07-07T10:01:45.503406+00:00,153.0,50,ask,,,10693956
2026-07-07T10:01:46.016909,2026-07-07T10:01:46.026395+00:00,153.3,47,bid,,,10693968
2026-07-07T10:01:47.550561,2026-07-07T10:01:47.551984+00:00,153.3,50,bid,,,10693981
2026-07-07T10:01:49.556835,2026-07-07T10:01:49.553260+00:00,153.1,43,ask,,,10694014
2026-07-07T10:01:49.658300,2026-07-07T10:01:49.670142+00:00,153.3,50,bid,,,10694015
2026-07-07T10:01:50.178236,2026-07-07T10:01:50.189923+00:00,153.1,47,ask,,,10694023
2026-07-07T10:01:50.799807,2026-07-07T10:01:50.812084+00:00,153.3,44,bid,,,10694024
2026-07-07T10:01:51.382222,2026-07-07T10:01:51.391403+00:00,153.4,12,bid,,,10694037
2026-07-07T10:01:51.791970,2026-07-07T10:01:51.799003+00:00,153.6,50,bid,,,10694042
2026-07-07T10:01:53.948307,2026-07-07T10:01:53.955126+00:00,153.1,50,ask,,,10694077
2026-07-07T10:01:54.884428,2026-07-07T10:01:54.896089+00:00,153.4,45,bid,,,10694079
2026-07-07T10:01:58.121181,2026-07-07T10:01:58.133507+00:00,153.4,50,bid,,,10694113
2026-07-07T10:02:00.281209,2026-07-07T10:02:00.289839+00:00,153.1,12,ask,,,10694151
2026-07-07T10:02:00.281209,2026-07-07T10:02:00.289839+00:00,153.1,38,ask,,,10694152
2026-07-07T10:02:02.338273,2026-07-07T10:02:02.350411+00:00,153.5,12,bid,,,10694178
2026-07-07T10:02:03.099894,2026-07-07T10:02:03.110083+00:00,153.6,5,bid,,,10694188
2026-07-07T10:02:04.504100,2026-07-07T10:02:04.512682+00:00,153.2,50,ask,,,10694198
2026-07-07T10:02:06.282190,2026-07-07T10:02:06.294191+00:00,153.2,41,ask,,,10694223
2026-07-07T10:02:06.559497,2026-07-07T10:02:06.571500+00:00,153.6,50,bid,,,10694224
2026-07-07T10:02:07.630113,2026-07-07T10:02:07.641846+00:00,153.2,20,ask,,,10694247
2026-07-07T10:02:07.630113,2026-07-07T10:02:07.641846+00:00,153.1,28,ask,,,10694248
2026-07-07T10:02:08.726057,2026-07-07T10:02:08.735485+00:00,153.3,50,ask,,,10694259
2026-07-07T10:02:10.330611,2026-07-07T10:02:10.342754+00:00,153.3,41,ask,,,10694272
2026-07-07T10:02:10.837461,2026-07-07T10:02:10.849430+00:00,153.3,50,ask,,,10694279
2026-07-07T10:02:11.181440,2026-07-07T10:02:11.190424+00:00,153.3,12,bid,,,10694281
2026-07-07T10:02:11.279076,2026-07-07T10:02:11.286949+00:00,153.3,25,bid,,,10694284
2026-07-07T10:02:11.501133,2026-07-07T10:02:11.512231+00:00,153.3,25,bid,,,10694289
2026-07-07T10:02:12.945337,2026-07-07T10:02:12.958716+00:00,153.1,12,ask,,,10694302
2026-07-07T10:02:12.945337,2026-07-07T10:02:12.958716+00:00,153.0,38,ask,,,10694303
2026-07-07T10:02:15.053783,2026-07-07T10:02:15.065349+00:00,152.8,50,ask,,,10694328
2026-07-07T10:02:17.160438,2026-07-07T10:02:17.172119+00:00,152.8,50,ask,,,10694355
2026-07-07T10:02:17.511369,2026-07-07T10:02:17.523744+00:00,152.9,11,bid,,,10694363
2026-07-07T10:02:18.252874,2026-07-07T10:02:18.265464+00:00,152.9,23,bid,,,10694372
2026-07-07T10:02:18.460587,2026-07-07T10:02:18.470650+00:00,152.9,11,bid,,,10694379
2026-07-07T10:02:19.253684,2026-07-07T10:02:19.264421+00:00,152.9,28,bid,,,10694389
2026-07-07T10:02:19.267437,2026-07-07T10:02:19.274860+00:00,152.7,50,ask,,,10694391
2026-07-07T10:02:19.575448,2026-07-07T10:02:19.584672+00:00,152.9,45,bid,,,10694397
2026-07-07T10:02:20.622165,2026-07-07T10:02:20.631630+00:00,153.2,11,ask,,,10694411
2026-07-07T10:02:21.374174,2026-07-07T10:02:21.386225+00:00,153.2,50,ask,,,10694422
2026-07-07T10:02:22.081110,2026-07-07T10:02:22.095142+00:00,153.3,44,bid,,,10694433
2026-07-07T10:02:22.202926,2026-07-07T10:02:22.210942+00:00,153.2,12,ask,,,10694437
2026-07-07T10:02:22.277891,2026-07-07T10:02:22.285647+00:00,153.2,3,ask,,,10694440
2026-07-07T10:02:23.495138,2026-07-07T10:02:23.504010+00:00,153.2,50,ask,,,10694457
2026-07-07T10:02:23.584186,2026-07-07T10:02:23.595635+00:00,153.2,24,ask,,,10694458
2026-07-07T10:02:25.603175,2026-07-07T10:02:25.612091+00:00,152.9,50,ask,,,10694476
2026-07-07T10:02:25.637942,2026-07-07T10:02:25.649333+00:00,153.2,47,bid,,,10694477
2026-07-07T10:02:26.133395,2026-07-07T10:02:26.141836+00:00,153.2,12,bid,,,10694486
2026-07-07T10:02:26.306966,2026-07-07T10:02:26.316416+00:00,153.2,3,bid,,,10694491
2026-07-07T10:02:27.715051,2026-07-07T10:02:27.722949+00:00,153.0,50,ask,,,10694507
2026-07-07T10:02:28.001274,2026-07-07T10:02:28.012825+00:00,153.0,47,ask,,,10694509
2026-07-07T10:02:29.822256,2026-07-07T10:02:29.829846+00:00,153.0,50,ask,,,10694531
2026-07-07T10:02:29.978352,2026-07-07T10:02:29.989674+00:00,153.4,44,bid,,,10694532
2026-07-07T10:02:30.159019,2026-07-07T10:02:30.165992+00:00,152.9,100,ask,,,10694540
2026-07-07T10:02:30.172377,2026-07-07T10:02:30.182326+00:00,152.8,17,bid,,,10694541
2026-07-07T10:02:31.876983,2026-07-07T10:02:31.888595+00:00,152.8,33,bid,,,10694573
2026-07-07T10:02:31.876983,2026-07-07T10:02:31.888595+00:00,153.4,17,bid,,,10694574
2026-07-07T10:02:34.223392,2026-07-07T10:02:34.230020+00:00,153.3,47,bid,,,10694600
2026-07-07T10:02:35.383869,2026-07-07T10:02:35.393072+00:00,152.9,41,ask,,,10694612
2026-07-07T10:02:36.395924,2026-07-07T10:02:36.407655+00:00,152.7,42,ask,,,10694623
2026-07-07T10:02:36.431367,2026-07-07T10:02:36.438605+00:00,153.2,100,bid,,,10694627
2026-07-07T10:02:36.444931,2026-07-07T10:02:36.454299+00:00,153.2,6,ask,,,10694628
2026-07-07T10:02:37.420812,2026-07-07T10:02:37.434078+00:00,153.2,44,ask,,,10694638
2026-07-07T10:02:38.197235,2026-07-07T10:02:38.208734+00:00,153.7,50,bid,,,10694649
2026-07-07T10:02:38.396240,2026-07-07T10:02:38.406111+00:00,153.7,42,bid,,,10694653
2026-07-07T10:02:40.306587,2026-07-07T10:02:40.315749+00:00,153.4,50,bid,,,10694674
2026-07-07T10:02:42.234354,2026-07-07T10:02:42.246178+00:00,153.4,45,bid,,,10694702
2026-07-07T10:02:44.568140,2026-07-07T10:02:44.577181+00:00,153.1,50,ask,,,10694731
2026-07-07T10:02:45.683246,2026-07-07T10:02:45.693351+00:00,153.1,11,ask,,,10694745
2026-07-07T10:02:46.382085,2026-07-07T10:02:46.393939+00:00,152.9,49,ask,,,10694758
2026-07-07T10:02:46.623125,2026-07-07T10:02:46.634841+00:00,153.2,50,bid,,,10694761
2026-07-07T10:02:48.730189,2026-07-07T10:02:48.741736+00:00,153.2,50,bid,,,10694790
2026-07-07T10:02:50.889133,2026-07-07T10:02:50.899870+00:00,153.1,50,ask,,,10694821
2026-07-07T10:02:51.192043,2026-07-07T10:02:51.203737+00:00,153.3,48,bid,,,10694825
2026-07-07T10:02:52.195208,2026-07-07T10:02:52.202962+00:00,152.8,42,ask,,,10694842
2026-07-07T10:02:53.212826,2026-07-07T10:02:53.223165+00:00,153.3,44,bid,,,10694855
2026-07-07T10:02:55.165946,2026-07-07T10:02:55.177787+00:00,152.9,48,ask,,,10694888
2026-07-07T10:02:55.349789,2026-07-07T10:02:55.364443+00:00,152.9,12,ask,,,10694894
2026-07-07T10:02:55.464178,2026-07-07T10:02:55.475047+00:00,152.6,100,ask,,,10694899
2026-07-07T10:02:57.234261,2026-07-07T10:02:57.245741+00:00,151.9,50,ask,,,10694920
2026-07-07T10:02:57.585673,2026-07-07T10:02:57.595937+00:00,152.4,12,bid,,,10694922
2026-07-07T10:02:58.907344,2026-07-07T10:02:58.918917+00:00,152.4,45,bid,,,10694948
2026-07-07T10:02:59.423293,2026-07-07T10:02:59.435356+00:00,152.3,40,ask,,,10694959
2026-07-07T10:02:59.650553,2026-07-07T10:02:59.659425+00:00,152.4,17,bid,,,10694966
2026-07-07T10:03:01.398783,2026-07-07T10:03:01.407413+00:00,152.8,44,bid,,,10694986
2026-07-07T10:03:01.455889,2026-07-07T10:03:01.469756+00:00,152.3,50,ask,,,10694988
2026-07-07T10:03:03.562398,2026-07-07T10:03:03.574303+00:00,152.3,50,ask,,,10695019
2026-07-07T10:03:05.528686,2026-07-07T10:03:05.537523+00:00,152.7,49,bid,,,10695048
2026-07-07T10:03:05.582322,2026-07-07T10:03:05.590681+00:00,152.4,43,ask,,,10695051
2026-07-07T10:03:06.058578,2026-07-07T10:03:06.068938+00:00,152.7,47,bid,,,10695060
2026-07-07T10:03:07.095539,2026-07-07T10:03:07.107134+00:00,152.2,49,ask,,,10695074
2026-07-07T10:03:07.741470,2026-07-07T10:03:07.752842+00:00,152.4,47,bid,,,10695085
2026-07-07T10:03:07.745855,2026-07-07T10:03:07.752842+00:00,152.4,50,bid,,,10695086
2026-07-07T10:03:07.796139,2026-07-07T10:03:07.807838+00:00,152.2,44,ask,,,10695089
2026-07-07T10:03:09.853128,2026-07-07T10:03:09.864971+00:00,152.4,3,bid,,,10695113
2026-07-07T10:03:09.853128,2026-07-07T10:03:09.864971+00:00,152.7,47,bid,,,10695114
2026-07-07T10:03:11.421499,2026-07-07T10:03:11.433108+00:00,152.9,47,bid,,,10695139
2026-07-07T10:03:11.773812,2026-07-07T10:03:11.785818+00:00,152.7,6,ask,,,10695145
2026-07-07T10:03:11.966257,2026-07-07T10:03:11.972982+00:00,152.9,50,bid,,,10695148
2026-07-07T10:03:12.050612,2026-07-07T10:03:12.064247+00:00,152.7,11,ask,,,10695149
2026-07-07T10:03:12.969922,2026-07-07T10:03:12.979567+00:00,152.7,12,ask,,,10695163
2026-07-07T10:03:12.987865,2026-07-07T10:03:12.994946+00:00,152.7,45,ask,,,10695165
2026-07-07T10:03:13.718523,2026-07-07T10:03:13.728603+00:00,152.7,3,ask,,,10695172
2026-07-07T10:03:14.108384,2026-07-07T10:03:14.116436+00:00,152.9,50,bid,,,10695175
2026-07-07T10:03:14.180512,2026-07-07T10:03:14.189507+00:00,152.7,11,ask,,,10695176
2026-07-07T10:03:14.458233,2026-07-07T10:03:14.481490+00:00,152.4,100,ask,,,10695178
2026-07-07T10:03:14.470992,2026-07-07T10:03:14.481490+00:00,152.4,23,bid,,,10695179
2026-07-07T10:03:14.733388,2026-07-07T10:03:14.743890+00:00,152.4,3,bid,,,10695183
2026-07-07T10:03:15.056833,2026-07-07T10:03:15.063755+00:00,152.4,24,bid,,,10695189
2026-07-07T10:03:16.109011,2026-07-07T10:03:16.120835+00:00,151.9,43,ask,,,10695203
2026-07-07T10:03:16.219154,2026-07-07T10:03:16.230870+00:00,152.9,50,bid,,,10695205
2026-07-07T10:03:17.817048,2026-07-07T10:03:17.828498+00:00,152.9,20,bid,,,10695224
2026-07-07T10:03:18.405803,2026-07-07T10:03:18.415523+00:00,152.5,50,ask,,,10695231
2026-07-07T10:03:19.296313,2026-07-07T10:03:19.303027+00:00,152.5,43,ask,,,10695245
2026-07-07T10:03:20.462618,2026-07-07T10:03:20.470429+00:00,152.7,50,bid,,,10695275
2026-07-07T10:03:21.411576,2026-07-07T10:03:21.422296+00:00,152.7,20,bid,,,10695284
2026-07-07T10:03:22.646011,2026-07-07T10:03:22.657533+00:00,152.5,50,ask,,,10695296
2026-07-07T10:03:24.753355,2026-07-07T10:03:24.742653+00:00,152.5,50,ask,,,10695325
2026-07-07T10:03:25.121172,2026-07-07T10:03:25.130324+00:00,152.8,45,bid,,,10695331
2026-07-07T10:03:26.820981,2026-07-07T10:03:26.832416+00:00,152.7,50,bid,,,10695350
2026-07-07T10:03:26.980951,2026-07-07T10:03:26.992577+00:00,152.3,42,ask,,,10695355
2026-07-07T10:03:28.934754,2026-07-07T10:03:28.944358+00:00,152.7,50,bid,,,10695375
2026-07-07T10:03:31.062168,2026-07-07T10:03:31.074461+00:00,152.8,50,bid,,,10695400
2026-07-07T10:03:31.959728,2026-07-07T10:03:31.971186+00:00,152.8,45,bid,,,10695418
2026-07-07T10:03:33.931800,2026-07-07T10:03:33.943403+00:00,152.8,44,ask,,,10695443
2026-07-07T10:03:34.768243,2026-07-07T10:03:34.777576+00:00,152.8,12,ask,,,10695458
2026-07-07T10:03:34.895045,2026-07-07T10:03:34.905750+00:00,152.8,3,ask,,,10695463
2026-07-07T10:03:35.328035,2026-07-07T10:03:35.339471+00:00,152.8,50,ask,,,10695468
2026-07-07T10:03:35.547415,2026-07-07T10:03:35.558986+00:00,152.8,40,ask,,,10695470
2026-07-07T10:03:36.936504,2026-07-07T10:03:36.945633+00:00,152.8,3,bid,,,10695487
2026-07-07T10:03:37.384507,2026-07-07T10:03:37.394399+00:00,152.8,50,bid,,,10695494
2026-07-07T10:03:38.957903,2026-07-07T10:03:38.969550+00:00,152.7,3,ask,,,10695527
2026-07-07T10:03:39.972702,2026-07-07T10:03:39.983867+00:00,152.9,3,bid,,,10695540
2026-07-07T10:03:40.990463,2026-07-07T10:03:40.998723+00:00,152.8,3,ask,,,10695552
2026-07-07T10:03:41.041813,2026-07-07T10:03:41.050146+00:00,152.8,10,ask,,,10695553
2026-07-07T10:03:41.624652,2026-07-07T10:03:41.632724+00:00,152.9,50,bid,,,10695569
2026-07-07T10:03:42.011010,2026-07-07T10:03:42.022102+00:00,152.9,3,bid,,,10695578
2026-07-07T10:03:43.024239,2026-07-07T10:03:43.030834+00:00,152.8,3,ask,,,10695589
2026-07-07T10:03:44.837572,2026-07-07T10:03:44.846671+00:00,152.8,1,ask,,,10695610
2026-07-07T10:03:45.044059,2026-07-07T10:03:45.054009+00:00,152.8,4,ask,,,10695614
2026-07-07T10:03:45.899670,2026-07-07T10:03:45.908920+00:00,152.8,10,ask,,,10695620
2026-07-07T10:03:45.899670,2026-07-07T10:03:45.908920+00:00,152.6,40,ask,,,10695621
2026-07-07T10:03:46.058281,2026-07-07T10:03:46.069521+00:00,152.9,6,bid,,,10695625
2026-07-07T10:03:47.082218,2026-07-07T10:03:47.092894+00:00,152.6,2,ask,,,10695639
2026-07-07T10:03:47.958437,2026-07-07T10:03:47.965361+00:00,152.8,50,bid,,,10695655
2026-07-07T10:03:48.098167,2026-07-07T10:03:48.106847+00:00,152.8,3,bid,,,10695659
2026-07-07T10:03:48.140659,2026-07-07T10:03:48.158789+00:00,152.8,49,bid,,,10695661
2026-07-07T10:03:48.411769,2026-07-07T10:03:48.422066+00:00,152.8,6,bid,,,10695668
2026-07-07T10:03:49.114292,2026-07-07T10:03:49.124251+00:00,152.7,3,ask,,,10695678
2026-07-07T10:03:50.080063,2026-07-07T10:03:50.091472+00:00,152.9,20,bid,,,10695701
2026-07-07T10:03:50.094024,2026-07-07T10:03:50.102138+00:00,153.0,12,bid,,,10695704
2026-07-07T10:03:50.094024,2026-07-07T10:03:50.102138+00:00,153.0,10,bid,,,10695705
2026-07-07T10:03:50.094024,2026-07-07T10:03:50.107398+00:00,153.2,28,bid,,,10695706
2026-07-07T10:03:50.135803,2026-07-07T10:03:50.147155+00:00,152.8,44,ask,,,10695707
2026-07-07T10:03:51.134429,2026-07-07T10:03:51.146063+00:00,152.8,43,ask,,,10695720
2026-07-07T10:03:51.393142,2026-07-07T10:03:51.402857+00:00,152.8,11,ask,,,10695724
2026-07-07T10:03:52.139770,2026-07-07T10:03:52.158815+00:00,152.8,8,ask,,,10695741
2026-07-07T10:03:52.199659,2026-07-07T10:03:52.211320+00:00,152.8,44,ask,,,10695743
2026-07-07T10:03:52.199659,2026-07-07T10:03:52.211320+00:00,152.8,5,ask,,,10695744
2026-07-07T10:03:52.277004,2026-07-07T10:03:52.284664+00:00,152.8,5,ask,,,10695746
2026-07-07T10:03:52.277004,2026-07-07T10:03:52.289898+00:00,152.7,45,ask,,,10695747
2026-07-07T10:03:52.461671,2026-07-07T10:03:52.487825+00:00,152.7,55,ask,,,10695751
2026-07-07T10:03:52.461671,2026-07-07T10:03:52.487825+00:00,152.7,12,ask,,,10695752
2026-07-07T10:03:52.475912,2026-07-07T10:03:52.487825+00:00,152.5,11,bid,,,10695753
2026-07-07T10:03:52.901306,2026-07-07T10:03:52.910289+00:00,152.5,11,bid,,,10695762
2026-07-07T10:03:52.952148,2026-07-07T10:03:52.960268+00:00,152.5,20,bid,,,10695765
2026-07-07T10:03:54.333789,2026-07-07T10:03:54.345918+00:00,152.5,41,bid,,,10695778
2026-07-07T10:03:54.333789,2026-07-07T10:03:54.345918+00:00,152.5,9,bid,,,10695779
2026-07-07T10:03:55.573712,2026-07-07T10:03:55.596067+00:00,152.6,10,bid,,,10695807
2026-07-07T10:03:55.573712,2026-07-07T10:03:55.596067+00:00,152.7,100,bid,,,10695808
2026-07-07T10:03:55.586580,2026-07-07T10:03:55.596067+00:00,152.7,10,ask,,,10695809
2026-07-07T10:03:56.443946,2026-07-07T10:03:56.455817+00:00,152.9,10,bid,,,10695820
2026-07-07T10:03:56.443946,2026-07-07T10:03:56.455817+00:00,152.9,20,bid,,,10695821
2026-07-07T10:03:56.443946,2026-07-07T10:03:56.455817+00:00,153.0,12,bid,,,10695822
2026-07-07T10:03:56.443946,2026-07-07T10:03:56.461013+00:00,153.2,8,bid,,,10695823
2026-07-07T10:03:56.525397,2026-07-07T10:03:56.535814+00:00,152.7,1,ask,,,10695826
2026-07-07T10:03:58.557690,2026-07-07T10:03:58.564354+00:00,152.8,20,bid,,,10695854
2026-07-07T10:03:58.557690,2026-07-07T10:03:58.569493+00:00,152.9,12,bid,,,10695855
2026-07-07T10:03:58.557690,2026-07-07T10:03:58.569493+00:00,152.9,10,bid,,,10695856
2026-07-07T10:03:58.557690,2026-07-07T10:03:58.569493+00:00,153.1,8,bid,,,10695857
2026-07-07T10:03:58.792410,2026-07-07T10:03:58.803373+00:00,152.7,10,ask,,,10695861
2026-07-07T10:04:00.884442,2026-07-07T10:04:00.897143+00:00,152.7,48,bid,,,10695876
2026-07-07T10:04:02.795369,2026-07-07T10:04:02.807217+00:00,153.0,50,bid,,,10695904
2026-07-07T10:04:04.906310,2026-07-07T10:04:04.919742+00:00,153.0,50,bid,,,10695932
2026-07-07T10:04:05.080431,2026-07-07T10:04:05.089403+00:00,153.1,10,bid,,,10695936
2026-07-07T10:04:05.080431,2026-07-07T10:04:05.089403+00:00,153.1,20,bid,,,10695937
2026-07-07T10:04:05.095599,2026-07-07T10:04:05.107005+00:00,153.1,10,ask,,,10695938
2026-07-07T10:04:05.181687,2026-07-07T10:04:05.190189+00:00,153.2,1,ask,,,10695945
2026-07-07T10:04:05.216974,2026-07-07T10:04:05.224443+00:00,153.3,48,bid,,,10695947
2026-07-07T10:04:05.737001,2026-07-07T10:04:05.748497+00:00,153.3,42,bid,,,10695961
2026-07-07T10:04:06.261637,2026-07-07T10:04:06.274417+00:00,153.2,10,ask,,,10695983
2026-07-07T10:04:07.021965,2026-07-07T10:04:07.030435+00:00,153.2,4,bid,,,10695995
2026-07-07T10:04:07.021965,2026-07-07T10:04:07.030435+00:00,153.2,20,bid,,,10695996
2026-07-07T10:04:07.021965,2026-07-07T10:04:07.035874+00:00,153.3,10,bid,,,10695997
2026-07-07T10:04:07.021965,2026-07-07T10:04:07.035874+00:00,153.3,10,bid,,,10695998
2026-07-07T10:04:07.021965,2026-07-07T10:04:07.035874+00:00,153.4,6,bid,,,10695999
2026-07-07T10:04:07.212993,2026-07-07T10:04:07.224820+00:00,153.3,20,bid,,,10696004
2026-07-07T10:04:07.344348,2026-07-07T10:04:07.344996+00:00,153.4,48,ask,,,10696007
2026-07-07T10:04:09.133533,2026-07-07T10:04:09.145225+00:00,153.5,20,bid,,,10696032
2026-07-07T10:04:09.133533,2026-07-07T10:04:09.145225+00:00,153.6,10,bid,,,10696033
2026-07-07T10:04:09.133533,2026-07-07T10:04:09.145225+00:00,153.7,12,bid,,,10696034
2026-07-07T10:04:09.133533,2026-07-07T10:04:09.158586+00:00,153.7,8,bid,,,10696035
2026-07-07T10:04:09.823047,2026-07-07T10:04:09.835054+00:00,153.6,12,bid,,,10696044
2026-07-07T10:04:09.823047,2026-07-07T10:04:09.835054+00:00,153.7,36,bid,,,10696045
2026-07-07T10:04:09.891848,2026-07-07T10:04:09.900420+00:00,153.5,2,ask,,,10696047
2026-07-07T10:04:09.910998,2026-07-07T10:04:09.921027+00:00,153.5,8,ask,,,10696050
2026-07-07T10:04:10.141486,2026-07-07T10:04:10.152273+00:00,153.5,10,ask,,,10696062
2026-07-07T10:04:10.582442,2026-07-07T10:04:10.593573+00:00,153.5,10,ask,,,10696069
2026-07-07T10:04:11.028663,2026-07-07T10:04:11.038895+00:00,153.5,10,ask,,,10696083
2026-07-07T10:04:12.568746,2026-07-07T10:04:12.579673+00:00,153.4,47,ask,,,10696109
2026-07-07T10:04:13.175573,2026-07-07T10:04:13.182223+00:00,153.4,43,ask,,,10696124
2026-07-07T10:04:13.427652,2026-07-07T10:04:13.439419+00:00,153.4,50,ask,,,10696127
2026-07-07T10:04:14.628498,2026-07-07T10:04:14.640182+00:00,153.4,10,ask,,,10696139
2026-07-07T10:04:14.628498,2026-07-07T10:04:14.640182+00:00,153.4,12,ask,,,10696140
2026-07-07T10:04:14.866239,2026-07-07T10:04:14.877821+00:00,153.4,48,bid,,,10696144
2026-07-07T10:04:15.538982,2026-07-07T10:04:15.550674+00:00,153.3,12,ask,,,10696151
2026-07-07T10:04:15.538982,2026-07-07T10:04:15.550674+00:00,153.2,38,ask,,,10696152
2026-07-07T10:04:16.379247,2026-07-07T10:04:16.388173+00:00,153.4,12,bid,,,10696158
2026-07-07T10:04:16.866340,2026-07-07T10:04:16.877032+00:00,153.4,12,bid,,,10696165
2026-07-07T10:04:17.649760,2026-07-07T10:04:17.656506+00:00,153.3,50,ask,,,10696170
2026-07-07T10:04:18.011221,2026-07-07T10:04:18.022686+00:00,153.3,44,ask,,,10696179
2026-07-07T10:04:19.757685,2026-07-07T10:04:19.769642+00:00,153.3,6,ask,,,10696200
2026-07-07T10:04:19.757685,2026-07-07T10:04:19.769642+00:00,153.2,44,ask,,,10696201
2026-07-07T10:04:21.853732,2026-07-07T10:04:21.865635+00:00,153.4,40,bid,,,10696229
2026-07-07T10:04:22.030184,2026-07-07T10:04:22.040837+00:00,153.4,11,bid,,,10696235
2026-07-07T10:04:22.492813,2026-07-07T10:04:22.504457+00:00,153.3,20,ask,,,10696246
2026-07-07T10:04:22.492813,2026-07-07T10:04:22.504457+00:00,153.2,28,ask,,,10696247
2026-07-07T10:04:23.379152,2026-07-07T10:04:23.385910+00:00,153.2,5,ask,,,10696262
2026-07-07T10:04:23.981825,2026-07-07T10:04:23.993507+00:00,153.2,50,ask,,,10696267
2026-07-07T10:04:24.159692,2026-07-07T10:04:24.170461+00:00,153.3,11,bid,,,10696269
2026-07-07T10:04:24.317970,2026-07-07T10:04:24.329235+00:00,153.3,25,bid,,,10696274
2026-07-07T10:04:24.539269,2026-07-07T10:04:24.548261+00:00,153.3,25,bid,,,10696277
2026-07-07T10:04:24.762760,2026-07-07T10:04:24.770042+00:00,153.3,25,bid,,,10696284
2026-07-07T10:04:25.006898,2026-07-07T10:04:25.018306+00:00,153.3,25,bid,,,10696291
2026-07-07T10:04:25.227736,2026-07-07T10:04:25.236161+00:00,153.3,18,bid,,,10696297
2026-07-07T10:04:26.090689,2026-07-07T10:04:26.102108+00:00,153.2,50,ask,,,10696305
2026-07-07T10:04:26.498519,2026-07-07T10:04:26.507280+00:00,153.3,12,bid,,,10696310
2026-07-07T10:04:28.182564,2026-07-07T10:04:28.191355+00:00,153.5,22,ask,,,10696341
2026-07-07T10:04:28.197882,2026-07-07T10:04:28.206683+00:00,153.5,50,ask,,,10696343
2026-07-07T10:04:29.435304,2026-07-07T10:04:29.446740+00:00,153.5,78,ask,,,10696356
2026-07-07T10:04:30.304811,2026-07-07T10:04:30.311430+00:00,153.3,6,ask,,,10696367
2026-07-07T10:04:30.304811,2026-07-07T10:04:30.316716+00:00,152.9,44,ask,,,10696368
2026-07-07T10:04:30.482246,2026-07-07T10:04:30.494191+00:00,153.2,11,bid,,,10696369
2026-07-07T10:04:30.840446,2026-07-07T10:04:30.851878+00:00,153.2,45,bid,,,10696376
2026-07-07T10:04:31.824110,2026-07-07T10:04:31.833820+00:00,153.2,47,bid,,,10696385
2026-07-07T10:04:32.110799,2026-07-07T10:04:32.120687+00:00,153.2,11,bid,,,10696388
2026-07-07T10:04:32.412527,2026-07-07T10:04:32.423952+00:00,152.9,50,ask,,,10696397
2026-07-07T10:04:33.273288,2026-07-07T10:04:33.285136+00:00,153.2,36,bid,,,10696406
2026-07-07T10:04:34.302097,2026-07-07T10:04:34.309071+00:00,153.3,45,ask,,,10696422
2026-07-07T10:04:34.468531,2026-07-07T10:04:34.480224+00:00,153.5,50,bid,,,10696426
2026-07-07T10:04:36.576759,2026-07-07T10:04:36.584745+00:00,153.4,20,bid,,,10696459
2026-07-07T10:04:36.576759,2026-07-07T10:04:36.589819+00:00,153.5,30,bid,,,10696460
2026-07-07T10:04:38.685428,2026-07-07T10:04:38.693983+00:00,153.4,20,bid,,,10696486
2026-07-07T10:04:38.685428,2026-07-07T10:04:38.699404+00:00,153.5,30,bid,,,10696487
2026-07-07T10:04:38.722372,2026-07-07T10:04:38.734060+00:00,153.1,45,ask,,,10696488
2026-07-07T10:04:39.520416,2026-07-07T10:04:39.534133+00:00,153.2,22,ask,,,10696502
2026-07-07T10:04:39.535078,2026-07-07T10:04:39.549817+00:00,153.2,4,ask,,,10696504
2026-07-07T10:04:39.915742,2026-07-07T10:04:39.925220+00:00,153.2,12,ask,,,10696513
2026-07-07T10:04:39.952343,2026-07-07T10:04:39.954899+00:00,153.2,62,ask,,,10696515
2026-07-07T10:04:39.971305,2026-07-07T10:04:39.979956+00:00,152.8,11,bid,,,10696516
2026-07-07T10:04:40.152323,2026-07-07T10:04:40.164134+00:00,152.8,4,bid,,,10696521
2026-07-07T10:04:40.332930,2026-07-07T10:04:40.344766+00:00,152.8,46,bid,,,10696525
2026-07-07T10:04:40.691142,2026-07-07T10:04:40.702090+00:00,152.8,12,bid,,,10696530
2026-07-07T10:04:40.797098,2026-07-07T10:04:40.809123+00:00,152.8,15,bid,,,10696533
2026-07-07T10:04:40.797098,2026-07-07T10:04:40.809123+00:00,153.2,20,bid,,,10696534
2026-07-07T10:04:40.797098,2026-07-07T10:04:40.809123+00:00,153.2,12,bid,,,10696535
2026-07-07T10:04:41.361142,2026-07-07T10:04:41.369081+00:00,152.9,4,ask,,,10696546
2026-07-07T10:04:41.545280,2026-07-07T10:04:41.558610+00:00,152.8,19,bid,,,10696553
2026-07-07T10:04:42.178688,2026-07-07T10:04:42.188472+00:00,152.6,4,bid,,,10696560
2026-07-07T10:04:42.572653,2026-07-07T10:04:42.579714+00:00,152.6,1,bid,,,10696570
2026-07-07T10:04:42.591321,2026-07-07T10:04:42.600944+00:00,152.6,40,bid,,,10696572
2026-07-07T10:04:42.624824,2026-07-07T10:04:42.632266+00:00,152.6,25,bid,,,10696575
2026-07-07T10:04:42.760685,2026-07-07T10:04:42.772656+00:00,152.6,3,bid,,,10696576
2026-07-07T10:04:42.781124,2026-07-07T10:04:42.788186+00:00,152.6,12,bid,,,10696577
2026-07-07T10:04:42.854184,2026-07-07T10:04:42.863629+00:00,152.6,15,bid,,,10696580
2026-07-07T10:04:42.909923,2026-07-07T10:04:42.921762+00:00,153.1,12,bid,,,10696582
2026-07-07T10:04:42.909923,2026-07-07T10:04:42.921762+00:00,153.3,20,bid,,,10696583
2026-07-07T10:04:43.130045,2026-07-07T10:04:43.142443+00:00,153.3,51,ask,,,10696588
2026-07-07T10:04:43.178459,2026-07-07T10:04:43.188701+00:00,153.3,35,ask,,,10696593
2026-07-07T10:04:43.285385,2026-07-07T10:04:43.297094+00:00,153.3,25,ask,,,10696597
2026-07-07T10:04:43.386558,2026-07-07T10:04:43.398058+00:00,153.3,4,ask,,,10696605
2026-07-07T10:04:43.512058,2026-07-07T10:04:43.520748+00:00,153.3,25,ask,,,10696611
2026-07-07T10:04:43.574271,2026-07-07T10:04:43.581550+00:00,153.3,3,ask,,,10696615
2026-07-07T10:04:43.589062,2026-07-07T10:04:43.597522+00:00,153.3,4,ask,,,10696617
2026-07-07T10:04:43.897773,2026-07-07T10:04:43.908318+00:00,152.8,20,bid,,,10696632
2026-07-07T10:04:43.897773,2026-07-07T10:04:43.908318+00:00,152.8,10,bid,,,10696633
2026-07-07T10:04:44.004382,2026-07-07T10:04:44.012283+00:00,153.3,4,bid,,,10696637
2026-07-07T10:04:44.371372,2026-07-07T10:04:44.379313+00:00,152.8,10,ask,,,10696643
2026-07-07T10:04:44.371372,2026-07-07T10:04:44.379313+00:00,152.8,20,ask,,,10696644
2026-07-07T10:04:44.882706,2026-07-07T10:04:44.894554+00:00,152.9,10,bid,,,10696656
2026-07-07T10:04:44.882706,2026-07-07T10:04:44.894554+00:00,152.9,20,bid,,,10696657
2026-07-07T10:04:46.276465,2026-07-07T10:04:46.287896+00:00,152.9,100,ask,,,10696681
2026-07-07T10:04:47.475595,2026-07-07T10:04:47.484567+00:00,152.8,5,bid,,,10696705
2026-07-07T10:04:47.869933,2026-07-07T10:04:47.881777+00:00,152.8,41,bid,,,10696710
2026-07-07T10:04:47.924735,2026-07-07T10:04:47.936622+00:00,152.7,10,ask,,,10696712
2026-07-07T10:04:47.924735,2026-07-07T10:04:47.936622+00:00,152.5,20,ask,,,10696713
2026-07-07T10:04:47.924735,2026-07-07T10:04:47.936622+00:00,152.3,16,ask,,,10696714
2026-07-07T10:04:49.286649,2026-07-07T10:04:49.294608+00:00,152.6,12,ask,,,10696741
2026-07-07T10:04:49.286649,2026-07-07T10:04:49.299867+00:00,152.4,38,ask,,,10696742
2026-07-07T10:04:50.497297,2026-07-07T10:04:50.504232+00:00,152.7,45,ask,,,10696759
2026-07-07T10:04:51.036549,2026-07-07T10:04:51.046366+00:00,152.7,49,ask,,,10696766
2026-07-07T10:04:51.581626,2026-07-07T10:04:51.593513+00:00,152.7,56,ask,,,10696769
2026-07-07T10:04:52.538010,2026-07-07T10:04:52.549867+00:00,152.6,44,bid,,,10696779
2026-07-07T10:04:53.447157,2026-07-07T10:04:53.458696+00:00,152.6,50,bid,,,10696792
2026-07-07T10:04:53.501555,2026-07-07T10:04:53.510938+00:00,152.5,3,ask,,,10696794
2026-07-07T10:04:53.527766,2026-07-07T10:04:53.536582+00:00,152.6,11,bid,,,10696795
2026-07-07T10:04:55.558133,2026-07-07T10:04:55.569570+00:00,152.6,50,bid,,,10696822
2026-07-07T10:04:56.369059,2026-07-07T10:04:56.381015+00:00,152.6,47,ask,,,10696839
2026-07-07T10:04:57.493004,2026-07-07T10:04:57.500485+00:00,152.6,33,ask,,,10696860
2026-07-07T10:04:57.718598,2026-07-07T10:04:57.726517+00:00,152.6,50,ask,,,10696865
2026-07-07T10:04:59.827911,2026-07-07T10:04:59.837288+00:00,152.6,50,ask,,,10696912
2026-07-07T10:05:01.035928,2026-07-07T10:05:01.048288+00:00,152.7,45,bid,,,10696924
2026-07-07T10:05:04.053910,2026-07-07T10:05:04.065921+00:00,152.4,20,ask,,,10696960
2026-07-07T10:05:04.053910,2026-07-07T10:05:04.065921+00:00,152.3,30,ask,,,10696961
2026-07-07T10:05:05.668206,2026-07-07T10:05:05.679656+00:00,152.8,12,bid,,,10696981
2026-07-07T10:05:05.668206,2026-07-07T10:05:05.679656+00:00,152.8,28,bid,,,10696982
2026-07-07T10:05:06.114817,2026-07-07T10:05:06.122031+00:00,152.8,50,bid,,,10696989
2026-07-07T10:05:06.733099,2026-07-07T10:05:06.742413+00:00,152.8,22,bid,,,10696997
2026-07-07T10:05:06.733099,2026-07-07T10:05:06.742413+00:00,152.8,23,bid,,,10696998
2026-07-07T10:05:08.300632,2026-07-07T10:05:08.312192+00:00,152.6,12,ask,,,10697021
2026-07-07T10:05:08.922786,2026-07-07T10:05:08.932968+00:00,152.5,48,ask,,,10697035
2026-07-07T10:05:09.456213,2026-07-07T10:05:09.458559+00:00,152.9,12,bid,,,10697043
2026-07-07T10:05:09.456213,2026-07-07T10:05:09.469201+00:00,152.9,20,bid,,,10697044
2026-07-07T10:05:10.438333,2026-07-07T10:05:10.449709+00:00,152.5,50,ask,,,10697059
2026-07-07T10:05:13.913574,2026-07-07T10:05:13.925299+00:00,152.5,12,ask,,,10697122
2026-07-07T10:05:13.913574,2026-07-07T10:05:13.925299+00:00,152.4,35,ask,,,10697123
2026-07-07T10:05:15.111264,2026-07-07T10:05:15.122727+00:00,152.7,47,bid,,,10697140
2026-07-07T10:05:16.713440,2026-07-07T10:05:16.725059+00:00,152.7,50,bid,,,10697161
2026-07-07T10:05:17.707449,2026-07-07T10:05:17.718233+00:00,152.4,48,ask,,,10697174
2026-07-07T10:05:18.777816,2026-07-07T10:05:18.785542+00:00,152.4,40,ask,,,10697192
2026-07-07T10:05:18.823055,2026-07-07T10:05:18.834951+00:00,152.6,50,bid,,,10697193
2026-07-07T10:05:18.907172,2026-07-07T10:05:18.922047+00:00,152.6,11,bid,,,10697197
2026-07-07T10:05:18.991371,2026-07-07T10:05:18.999770+00:00,152.6,25,bid,,,10697203
2026-07-07T10:05:19.220087,2026-07-07T10:05:19.228165+00:00,152.6,25,bid,,,10697209
2026-07-07T10:05:19.443938,2026-07-07T10:05:19.453607+00:00,152.6,25,bid,,,10697212
2026-07-07T10:05:19.504370,2026-07-07T10:05:19.512966+00:00,152.6,12,bid,,,10697214
2026-07-07T10:05:19.664904,2026-07-07T10:05:19.673027+00:00,152.6,2,bid,,,10697221
2026-07-07T10:05:20.311608,2026-07-07T10:05:20.318147+00:00,152.9,41,bid,,,10697226
2026-07-07T10:05:20.963227,2026-07-07T10:05:20.969865+00:00,152.9,50,bid,,,10697242
2026-07-07T10:05:21.060668,2026-07-07T10:05:21.068731+00:00,152.9,9,bid,,,10697245
2026-07-07T10:05:21.060668,2026-07-07T10:05:21.068731+00:00,152.9,20,bid,,,10697246
2026-07-07T10:05:21.075109,2026-07-07T10:05:21.083890+00:00,152.9,23,ask,,,10697247
2026-07-07T10:05:22.298790,2026-07-07T10:05:22.310588+00:00,153.1,20,bid,,,10697267
2026-07-07T10:05:22.298790,2026-07-07T10:05:22.310588+00:00,153.2,12,bid,,,10697268
2026-07-07T10:05:22.298790,2026-07-07T10:05:22.310588+00:00,153.4,11,bid,,,10697269
2026-07-07T10:05:23.266301,2026-07-07T10:05:23.277586+00:00,152.9,44,ask,,,10697286
2026-07-07T10:05:24.798392,2026-07-07T10:05:24.804915+00:00,153.1,20,bid,,,10697308
2026-07-07T10:05:24.798392,2026-07-07T10:05:24.804915+00:00,153.2,12,bid,,,10697309
2026-07-07T10:05:24.798392,2026-07-07T10:05:24.804915+00:00,153.2,11,bid,,,10697310
2026-07-07T10:05:25.203538,2026-07-07T10:05:25.212987+00:00,153.1,20,bid,,,10697316
2026-07-07T10:05:25.203538,2026-07-07T10:05:25.212987+00:00,153.2,30,bid,,,10697317
2026-07-07T10:05:27.310766,2026-07-07T10:05:27.322669+00:00,153.2,50,bid,,,10697340
2026-07-07T10:05:27.402662,2026-07-07T10:05:27.415473+00:00,153.2,23,ask,,,10697341
2026-07-07T10:05:27.406202,2026-07-07T10:05:27.415473+00:00,153.2,25,ask,,,10697342
2026-07-07T10:05:27.636502,2026-07-07T10:05:27.645858+00:00,153.2,25,ask,,,10697350
2026-07-07T10:05:27.858685,2026-07-07T10:05:27.870331+00:00,153.2,25,ask,,,10697356
2026-07-07T10:05:28.079473,2026-07-07T10:05:28.087560+00:00,153.2,17,ask,,,10697362
2026-07-07T10:05:29.128478,2026-07-07T10:05:29.140056+00:00,153.2,35,ask,,,10697380
2026-07-07T10:05:29.128478,2026-07-07T10:05:29.140056+00:00,153.2,10,ask,,,10697381
2026-07-07T10:05:29.422208,2026-07-07T10:05:29.434043+00:00,153.4,50,bid,,,10697388
2026-07-07T10:05:29.631788,2026-07-07T10:05:29.643383+00:00,153.5,12,bid,,,10697391
2026-07-07T10:05:29.631788,2026-07-07T10:05:29.643383+00:00,153.7,31,bid,,,10697392
2026-07-07T10:05:30.599437,2026-07-07T10:05:30.611159+00:00,153.3,100,ask,,,10697410
2026-07-07T10:05:31.317292,2026-07-07T10:05:31.329204+00:00,153.1,20,ask,,,10697417
2026-07-07T10:05:31.317292,2026-07-07T10:05:31.329204+00:00,153.0,12,ask,,,10697418
2026-07-07T10:05:31.317292,2026-07-07T10:05:31.329204+00:00,152.8,12,ask,,,10697419
2026-07-07T10:05:31.530419,2026-07-07T10:05:31.542211+00:00,153.3,50,bid,,,10697422
2026-07-07T10:05:32.362497,2026-07-07T10:05:32.372496+00:00,153.1,20,ask,,,10697441
2026-07-07T10:05:33.645571,2026-07-07T10:05:33.654095+00:00,153.3,50,bid,,,10697463
2026-07-07T10:05:33.709472,2026-07-07T10:05:33.720853+00:00,153.3,50,bid,,,10697465
2026-07-07T10:05:33.753395,2026-07-07T10:05:33.759620+00:00,153.4,25,ask,,,10697469
2026-07-07T10:05:33.984472,2026-07-07T10:05:33.991526+00:00,153.4,25,ask,,,10697471
2026-07-07T10:05:35.808322,2026-07-07T10:05:35.814979+00:00,153.4,50,ask,,,10697500
2026-07-07T10:05:36.002722,2026-07-07T10:05:36.013287+00:00,153.5,12,bid,,,10697509
2026-07-07T10:05:36.002722,2026-07-07T10:05:36.013287+00:00,153.7,30,bid,,,10697510
2026-07-07T10:05:37.158842,2026-07-07T10:05:37.170563+00:00,153.4,40,bid,,,10697529
2026-07-07T10:05:37.800128,2026-07-07T10:05:37.811407+00:00,153.2,48,ask,,,10697540
2026-07-07T10:05:37.914374,2026-07-07T10:05:37.926112+00:00,153.2,50,ask,,,10697542
2026-07-07T10:05:38.357289,2026-07-07T10:05:38.369296+00:00,153.2,2,ask,,,10697555
2026-07-07T10:05:38.357289,2026-07-07T10:05:38.369296+00:00,153.1,12,ask,,,10697556
2026-07-07T10:05:38.357289,2026-07-07T10:05:38.369296+00:00,153.0,20,ask,,,10697557
2026-07-07T10:05:38.357289,2026-07-07T10:05:38.374805+00:00,152.9,11,ask,,,10697558
2026-07-07T10:05:40.023936,2026-07-07T10:05:40.030341+00:00,153.0,50,ask,,,10697577
2026-07-07T10:05:42.130486,2026-07-07T10:05:42.142403+00:00,153.0,50,ask,,,10697616
2026-07-07T10:05:42.543102,2026-07-07T10:05:42.558579+00:00,153.1,49,bid,,,10697621
2026-07-07T10:05:44.058341,2026-07-07T10:05:44.069788+00:00,152.9,20,ask,,,10697643
2026-07-07T10:05:44.058341,2026-07-07T10:05:44.069788+00:00,152.8,12,ask,,,10697644
2026-07-07T10:05:44.058341,2026-07-07T10:05:44.069788+00:00,152.8,14,ask,,,10697645
2026-07-07T10:05:44.239412,2026-07-07T10:05:44.254057+00:00,152.8,50,ask,,,10697647
2026-07-07T10:05:44.244203,2026-07-07T10:05:44.254057+00:00,153.1,12,bid,,,10697648
2026-07-07T10:05:46.347148,2026-07-07T10:05:46.355648+00:00,153.1,12,ask,,,10697674
2026-07-07T10:05:46.347148,2026-07-07T10:05:46.360672+00:00,153.1,20,ask,,,10697675
2026-07-07T10:05:46.347148,2026-07-07T10:05:46.360672+00:00,152.9,18,ask,,,10697676
2026-07-07T10:05:46.869654,2026-07-07T10:05:46.879917+00:00,153.3,11,bid,,,10697686
2026-07-07T10:05:48.072524,2026-07-07T10:05:48.084375+00:00,153.3,43,bid,,,10697701
2026-07-07T10:05:48.458650,2026-07-07T10:05:48.467476+00:00,153.2,20,ask,,,10697710
2026-07-07T10:05:48.458650,2026-07-07T10:05:48.472456+00:00,152.9,30,ask,,,10697711
2026-07-07T10:05:49.071199,2026-07-07T10:05:49.082776+00:00,153.2,20,ask,,,10697720
2026-07-07T10:05:49.071199,2026-07-07T10:05:49.082776+00:00,153.1,21,ask,,,10697721
2026-07-07T10:05:50.568908,2026-07-07T10:05:50.580428+00:00,153.2,50,ask,,,10697744
2026-07-07T10:05:52.677867,2026-07-07T10:05:52.686686+00:00,153.1,20,ask,,,10697763
2026-07-07T10:05:52.677867,2026-07-07T10:05:52.691962+00:00,152.9,30,ask,,,10697764
2026-07-07T10:05:54.788061,2026-07-07T10:05:54.799763+00:00,153.1,20,ask,,,10697789
2026-07-07T10:05:54.788061,2026-07-07T10:05:54.799763+00:00,153.0,30,ask,,,10697790
2026-07-07T10:05:56.895476,2026-07-07T10:05:56.907302+00:00,152.9,50,ask,,,10697822
2026-07-07T10:05:58.082450,2026-07-07T10:05:58.093346+00:00,153.1,23,bid,,,10697845
2026-07-07T10:05:58.225262,2026-07-07T10:05:58.237171+00:00,153.1,25,bid,,,10697848
2026-07-07T10:05:58.487075,2026-07-07T10:05:58.494386+00:00,153.1,25,bid,,,10697854
2026-07-07T10:05:59.003090,2026-07-07T10:05:59.014894+00:00,152.7,10,ask,,,10697862
2026-07-07T10:05:59.003090,2026-07-07T10:05:59.014894+00:00,152.6,40,ask,,,10697863
2026-07-07T10:06:00.119963,2026-07-07T10:06:00.131203+00:00,153.1,27,bid,,,10697880
2026-07-07T10:06:00.119963,2026-07-07T10:06:00.131203+00:00,153.1,15,bid,,,10697881
2026-07-07T10:06:01.114517,2026-07-07T10:06:01.122081+00:00,152.6,50,ask,,,10697899
2026-07-07T10:06:01.781681,2026-07-07T10:06:01.790606+00:00,153.0,46,bid,,,10697909
2026-07-07T10:06:02.883698,2026-07-07T10:06:02.895210+00:00,153.0,41,bid,,,10697924
2026-07-07T10:06:03.220971,2026-07-07T10:06:03.232470+00:00,152.8,50,ask,,,10697929
2026-07-07T10:06:03.938930,2026-07-07T10:06:03.947612+00:00,153.0,11,bid,,,10697942
2026-07-07T10:06:05.329441,2026-07-07T10:06:05.340941+00:00,153.0,50,ask,,,10697967
2026-07-07T10:06:07.438192,2026-07-07T10:06:07.449708+00:00,153.0,50,ask,,,10697993
2026-07-07T10:06:08.207658,2026-07-07T10:06:08.219390+00:00,152.8,40,ask,,,10698001
2026-07-07T10:06:08.742996,2026-07-07T10:06:08.754812+00:00,153.0,43,bid,,,10698005
2026-07-07T10:06:09.549129,2026-07-07T10:06:09.561301+00:00,152.7,50,ask,,,10698023
2026-07-07T10:06:10.327361,2026-07-07T10:06:10.339056+00:00,152.7,45,ask,,,10698032
2026-07-07T10:06:10.485420,2026-07-07T10:06:10.494543+00:00,153.0,6,bid,,,10698037
2026-07-07T10:06:11.664995,2026-07-07T10:06:11.672843+00:00,152.5,50,ask,,,10698053
2026-07-07T10:06:13.722374,2026-07-07T10:06:13.729291+00:00,153.0,50,bid,,,10698082
2026-07-07T10:06:15.830124,2026-07-07T10:06:15.839187+00:00,153.0,50,bid,,,10698105
2026-07-07T10:06:16.146843,2026-07-07T10:06:16.163611+00:00,153.0,40,bid,,,10698108
2026-07-07T10:06:17.936180,2026-07-07T10:06:17.947742+00:00,153.2,50,bid,,,10698135
2026-07-07T10:06:20.039318,2026-07-07T10:06:20.058599+00:00,152.7,48,ask,,,10698156
2026-07-07T10:06:20.045748,2026-07-07T10:06:20.058599+00:00,153.2,50,bid,,,10698157
2026-07-07T10:06:21.084392,2026-07-07T10:06:21.095910+00:00,153.2,45,bid,,,10698165
2026-07-07T10:06:22.152599,2026-07-07T10:06:22.164531+00:00,153.4,50,bid,,,10698179
2026-07-07T10:06:23.155211,2026-07-07T10:06:23.164051+00:00,152.9,44,ask,,,10698186
2026-07-07T10:06:23.791921,2026-07-07T10:06:23.800077+00:00,152.9,48,ask,,,10698194
2026-07-07T10:06:24.262737,2026-07-07T10:06:24.274518+00:00,153.3,20,bid,,,10698198
2026-07-07T10:06:24.262737,2026-07-07T10:06:24.274518+00:00,153.4,30,bid,,,10698199
2026-07-07T10:06:24.387659,2026-07-07T10:06:24.397111+00:00,153.1,41,bid,,,10698204
2026-07-07T10:06:24.951320,2026-07-07T10:06:24.957753+00:00,153.1,40,bid,,,10698212
2026-07-07T10:06:25.570935,2026-07-07T10:06:25.580029+00:00,152.9,6,ask,,,10698221
2026-07-07T10:06:26.379610,2026-07-07T10:06:26.391466+00:00,153.1,50,bid,,,10698235
2026-07-07T10:06:27.489057,2026-07-07T10:06:27.496224+00:00,153.0,100,bid,,,10698255
2026-07-07T10:06:27.502245,2026-07-07T10:06:27.512894+00:00,153.1,23,ask,,,10698256
2026-07-07T10:06:27.671856,2026-07-07T10:06:27.683522+00:00,153.1,27,ask,,,10698260
2026-07-07T10:06:27.671856,2026-07-07T10:06:27.683522+00:00,152.7,18,ask,,,10698261
2026-07-07T10:06:28.488667,2026-07-07T10:06:28.498221+00:00,153.2,20,bid,,,10698274
2026-07-07T10:06:28.488667,2026-07-07T10:06:28.498221+00:00,153.3,12,bid,,,10698275
2026-07-07T10:06:28.488667,2026-07-07T10:06:28.503461+00:00,153.6,18,bid,,,10698276
2026-07-07T10:06:30.389616,2026-07-07T10:06:30.407151+00:00,153.5,12,bid,,,10698302
2026-07-07T10:06:30.389616,2026-07-07T10:06:30.407151+00:00,153.5,37,bid,,,10698303
2026-07-07T10:06:30.604309,2026-07-07T10:06:30.610864+00:00,153.5,50,bid,,,10698314
2026-07-07T10:06:32.405235,2026-07-07T10:06:32.416820+00:00,153.0,48,ask,,,10698337
2026-07-07T10:06:32.710924,2026-07-07T10:06:32.725257+00:00,153.3,20,bid,,,10698347
2026-07-07T10:06:32.710924,2026-07-07T10:06:32.725257+00:00,153.4,30,bid,,,10698348
2026-07-07T10:06:34.847013,2026-07-07T10:06:34.858547+00:00,153.4,50,bid,,,10698375
2026-07-07T10:06:36.954417,2026-07-07T10:06:36.966410+00:00,153.6,12,bid,,,10698399
2026-07-07T10:06:36.954417,2026-07-07T10:06:36.966410+00:00,153.6,20,bid,,,10698400
2026-07-07T10:06:36.954417,2026-07-07T10:06:36.966410+00:00,153.8,18,bid,,,10698401
2026-07-07T10:06:39.093815,2026-07-07T10:06:39.105235+00:00,153.7,50,bid,,,10698436
2026-07-07T10:06:39.379278,2026-07-07T10:06:39.389079+00:00,153.6,11,ask,,,10698440
2026-07-07T10:06:39.463978,2026-07-07T10:06:39.477598+00:00,153.7,12,bid,,,10698444
2026-07-07T10:06:40.151029,2026-07-07T10:06:40.163704+00:00,154.1,100,bid,,,10698457
2026-07-07T10:06:40.151029,2026-07-07T10:06:40.163704+00:00,154.1,12,bid,,,10698458
2026-07-07T10:06:40.690010,2026-07-07T10:06:40.699736+00:00,154.2,23,ask,,,10698467
2026-07-07T10:06:40.781787,2026-07-07T10:06:40.790514+00:00,154.2,15,ask,,,10698470
2026-07-07T10:06:41.202152,2026-07-07T10:06:41.213701+00:00,154.0,20,bid,,,10698477
2026-07-07T10:06:41.202152,2026-07-07T10:06:41.213701+00:00,154.3,12,bid,,,10698478
2026-07-07T10:06:41.202152,2026-07-07T10:06:41.213701+00:00,154.7,18,bid,,,10698479
2026-07-07T10:06:42.341776,2026-07-07T10:06:42.350734+00:00,154.0,20,bid,,,10698496
2026-07-07T10:06:42.536730,2026-07-07T10:06:42.544444+00:00,154.0,25,ask,,,10698505
2026-07-07T10:06:42.781657,2026-07-07T10:06:42.789290+00:00,154.0,25,ask,,,10698514
2026-07-07T10:06:42.943483,2026-07-07T10:06:42.952125+00:00,154.0,30,ask,,,10698519
2026-07-07T10:06:42.943483,2026-07-07T10:06:42.952125+00:00,153.9,10,ask,,,10698520
2026-07-07T10:06:43.329558,2026-07-07T10:06:43.339349+00:00,154.4,12,bid,,,10698528
2026-07-07T10:06:43.329558,2026-07-07T10:06:43.339349+00:00,154.5,38,bid,,,10698529
2026-07-07T10:06:43.457023,2026-07-07T10:06:43.458595+00:00,154.3,40,bid,,,10698531
2026-07-07T10:06:45.437681,2026-07-07T10:06:45.449244+00:00,154.3,50,bid,,,10698561
2026-07-07T10:06:47.551897,2026-07-07T10:06:47.557617+00:00,154.3,12,bid,,,10698583
2026-07-07T10:06:47.551897,2026-07-07T10:06:47.557617+00:00,154.3,38,bid,,,10698584
2026-07-07T10:06:49.660906,2026-07-07T10:06:49.669282+00:00,154.4,12,bid,,,10698608
2026-07-07T10:06:49.660906,2026-07-07T10:06:49.669282+00:00,154.4,20,bid,,,10698609
2026-07-07T10:06:49.660906,2026-07-07T10:06:49.674595+00:00,154.5,18,bid,,,10698610
2026-07-07T10:06:51.848115,2026-07-07T10:06:51.854685+00:00,154.3,50,ask,,,10698648
2026-07-07T10:06:52.784863,2026-07-07T10:06:52.796143+00:00,154.3,42,ask,,,10698662
2026-07-07T10:06:53.903767,2026-07-07T10:06:53.911787+00:00,154.6,50,bid,,,10698670
2026-07-07T10:06:53.994887,2026-07-07T10:06:54.008360+00:00,154.3,8,ask,,,10698672
2026-07-07T10:06:53.994887,2026-07-07T10:06:54.013384+00:00,154.3,12,ask,,,10698673
2026-07-07T10:06:53.994887,2026-07-07T10:06:54.013384+00:00,154.1,28,ask,,,10698674
2026-07-07T10:06:55.104686,2026-07-07T10:06:55.117549+00:00,154.5,42,bid,,,10698683
2026-07-07T10:06:56.136078,2026-07-07T10:06:56.147693+00:00,154.5,40,bid,,,10698694
2026-07-07T10:06:58.166244,2026-07-07T10:06:58.177758+00:00,154.3,50,ask,,,10698716
2026-07-07T10:07:00.292394,2026-07-07T10:07:00.304396+00:00,154.3,12,ask,,,10698744
2026-07-07T10:07:00.292394,2026-07-07T10:07:00.304396+00:00,154.2,38,ask,,,10698745
2026-07-07T10:07:01.623670,2026-07-07T10:07:01.635281+00:00,154.3,49,ask,,,10698766
2026-07-07T10:07:02.351449,2026-07-07T10:07:02.358639+00:00,154.7,12,bid,,,10698774
2026-07-07T10:07:02.351449,2026-07-07T10:07:02.358639+00:00,154.7,13,bid,,,10698775
2026-07-07T10:07:02.351449,2026-07-07T10:07:02.363626+00:00,154.8,25,bid,,,10698776
2026-07-07T10:07:04.130507,2026-07-07T10:07:04.142199+00:00,154.7,40,bid,,,10698810
2026-07-07T10:07:06.842237,2026-07-07T10:07:06.858617+00:00,154.4,42,ask,,,10698836
2026-07-07T10:07:07.961492,2026-07-07T10:07:07.973267+00:00,154.8,12,bid,,,10698860
2026-07-07T10:07:07.961492,2026-07-07T10:07:07.973267+00:00,154.8,32,bid,,,10698861
2026-07-07T10:07:08.725486,2026-07-07T10:07:08.737575+00:00,154.4,12,ask,,,10698879
2026-07-07T10:07:08.725486,2026-07-07T10:07:08.737575+00:00,154.4,38,ask,,,10698880
2026-07-07T10:07:10.835327,2026-07-07T10:07:10.846858+00:00,154.3,12,ask,,,10698916
2026-07-07T10:07:10.835327,2026-07-07T10:07:10.846858+00:00,154.1,38,ask,,,10698917
2026-07-07T10:07:12.943777,2026-07-07T10:07:12.959975+00:00,154.2,20,ask,,,10698954
2026-07-07T10:07:12.943777,2026-07-07T10:07:12.959975+00:00,154.1,30,ask,,,10698955
2026-07-07T10:07:14.819664,2026-07-07T10:07:14.828371+00:00,154.3,12,bid,,,10698991
2026-07-07T10:07:14.880487,2026-07-07T10:07:14.892435+00:00,154.3,45,bid,,,10698993
2026-07-07T10:07:14.935945,2026-07-07T10:07:14.947719+00:00,154.2,12,ask,,,10698994
2026-07-07T10:07:14.935945,2026-07-07T10:07:14.947719+00:00,154.0,20,ask,,,10698995
2026-07-07T10:07:14.935945,2026-07-07T10:07:14.947719+00:00,153.8,9,ask,,,10698996
2026-07-07T10:07:15.051716,2026-07-07T10:07:15.063820+00:00,154.0,50,ask,,,10698999
2026-07-07T10:07:15.456796,2026-07-07T10:07:15.468661+00:00,154.2,12,ask,,,10699007
2026-07-07T10:07:15.456796,2026-07-07T10:07:15.468661+00:00,154.1,20,ask,,,10699008
2026-07-07T10:07:15.456796,2026-07-07T10:07:15.468661+00:00,154.0,17,ask,,,10699009
2026-07-07T10:07:16.493603,2026-07-07T10:07:16.502646+00:00,154.3,43,bid,,,10699017
2026-07-07T10:07:16.493603,2026-07-07T10:07:16.502646+00:00,154.5,2,bid,,,10699018
2026-07-07T10:07:17.057549,2026-07-07T10:07:17.065905+00:00,154.2,12,ask,,,10699032
2026-07-07T10:07:17.057549,2026-07-07T10:07:17.070944+00:00,154.0,37,ask,,,10699033
2026-07-07T10:07:17.157724,2026-07-07T10:07:17.169512+00:00,154.3,50,ask,,,10699035
2026-07-07T10:07:18.192916,2026-07-07T10:07:18.199586+00:00,154.3,50,ask,,,10699051
2026-07-07T10:07:18.192916,2026-07-07T10:07:18.204846+00:00,154.3,12,ask,,,10699052
2026-07-07T10:07:18.228796,2026-07-07T10:07:18.240502+00:00,154.2,22,bid,,,10699053
2026-07-07T10:07:19.265627,2026-07-07T10:07:19.272513+00:00,154.1,20,ask,,,10699070
2026-07-07T10:07:19.265627,2026-07-07T10:07:19.277902+00:00,153.7,30,ask,,,10699071
2026-07-07T10:07:19.559958,2026-07-07T10:07:19.569423+00:00,154.2,42,bid,,,10699081
2026-07-07T10:07:23.428208,2026-07-07T10:07:23.436953+00:00,154.4,50,bid,,,10699143
2026-07-07T10:07:24.201661,2026-07-07T10:07:24.213237+00:00,154.4,49,bid,,,10699148
2026-07-07T10:07:24.281674,2026-07-07T10:07:24.290351+00:00,154.3,2,ask,,,10699149
2026-07-07T10:07:24.281674,2026-07-07T10:07:24.290351+00:00,154.3,40,ask,,,10699150
2026-07-07T10:07:24.761885,2026-07-07T10:07:24.774050+00:00,154.5,45,ask,,,10699157
2026-07-07T10:07:25.535443,2026-07-07T10:07:25.547537+00:00,154.7,12,bid,,,10699161
2026-07-07T10:07:25.535443,2026-07-07T10:07:25.547537+00:00,154.8,38,bid,,,10699162
2026-07-07T10:07:26.691650,2026-07-07T10:07:26.701780+00:00,154.5,43,ask,,,10699175
2026-07-07T10:07:27.644146,2026-07-07T10:07:27.654722+00:00,154.7,50,bid,,,10699183
2026-07-07T10:07:29.476562,2026-07-07T10:07:29.485075+00:00,154.7,45,bid,,,10699203
2026-07-07T10:07:29.965351,2026-07-07T10:07:29.972275+00:00,154.8,42,bid,,,10699210
2026-07-07T10:07:30.481110,2026-07-07T10:07:30.492446+00:00,154.6,43,ask,,,10699217
2026-07-07T10:07:31.856832,2026-07-07T10:07:31.868713+00:00,154.9,12,bid,,,10699239
2026-07-07T10:07:31.856832,2026-07-07T10:07:31.868713+00:00,154.9,20,bid,,,10699240
2026-07-07T10:07:31.856832,2026-07-07T10:07:31.868713+00:00,155.1,18,bid,,,10699241
2026-07-07T10:07:33.217456,2026-07-07T10:07:33.229103+00:00,154.9,20,bid,,,10699261
2026-07-07T10:07:33.217456,2026-07-07T10:07:33.229103+00:00,155.0,21,bid,,,10699262
2026-07-07T10:07:33.969018,2026-07-07T10:07:33.976065+00:00,155.0,50,bid,,,10699269
2026-07-07T10:07:34.321198,2026-07-07T10:07:34.333047+00:00,154.7,12,ask,,,10699273
2026-07-07T10:07:34.321198,2026-07-07T10:07:34.333047+00:00,154.7,30,ask,,,10699274
2026-07-07T10:07:35.850913,2026-07-07T10:07:35.863942+00:00,155.0,29,bid,,,10699299
2026-07-07T10:07:35.850913,2026-07-07T10:07:35.863942+00:00,155.1,12,bid,,,10699300
2026-07-07T10:07:35.850913,2026-07-07T10:07:35.863942+00:00,155.2,5,bid,,,10699301
2026-07-07T10:07:36.075496,2026-07-07T10:07:36.086219+00:00,155.1,20,bid,,,10699302
2026-07-07T10:07:36.132714,2026-07-07T10:07:36.141183+00:00,154.9,22,ask,,,10699304
2026-07-07T10:07:36.344133,2026-07-07T10:07:36.358575+00:00,154.9,20,ask,,,10699306
2026-07-07T10:07:37.450940,2026-07-07T10:07:37.462721+00:00,154.9,45,ask,,,10699319
2026-07-07T10:07:39.088185,2026-07-07T10:07:39.099892+00:00,155.1,42,bid,,,10699346
2026-07-07T10:07:40.308801,2026-07-07T10:07:40.320445+00:00,155.3,50,bid,,,10699357
2026-07-07T10:07:43.118111,2026-07-07T10:07:43.129837+00:00,155.1,42,ask,,,10699399
2026-07-07T10:07:43.774537,2026-07-07T10:07:43.786226+00:00,155.1,46,ask,,,10699402
2026-07-07T10:07:44.149273,2026-07-07T10:07:44.158539+00:00,155.1,12,ask,,,10699408
2026-07-07T10:07:46.678059,2026-07-07T10:07:46.685143+00:00,154.9,50,ask,,,10699445
2026-07-07T10:07:48.786577,2026-07-07T10:07:48.797820+00:00,154.9,50,ask,,,10699477
2026-07-07T10:07:51.794647,2026-07-07T10:07:51.806240+00:00,155.0,47,bid,,,10699525
2026-07-07T10:07:53.790293,2026-07-07T10:07:53.802098+00:00,155.1,43,bid,,,10699557
2026-07-07T10:07:55.125665,2026-07-07T10:07:55.137708+00:00,154.9,12,ask,,,10699573
2026-07-07T10:07:55.125665,2026-07-07T10:07:55.137708+00:00,154.8,38,ask,,,10699574
2026-07-07T10:07:55.252577,2026-07-07T10:07:55.264525+00:00,154.8,40,ask,,,10699577
2026-07-07T10:07:56.159038,2026-07-07T10:07:56.169000+00:00,155.0,20,ask,,,10699599
2026-07-07T10:07:56.170304,2026-07-07T10:07:56.179363+00:00,155.0,11,bid,,,10699600
2026-07-07T10:07:57.184592,2026-07-07T10:07:57.196611+00:00,155.0,50,bid,,,10699622
2026-07-07T10:07:59.292680,2026-07-07T10:07:59.303596+00:00,155.3,12,bid,,,10699655
2026-07-07T10:07:59.292680,2026-07-07T10:07:59.303596+00:00,155.4,38,bid,,,10699656
2026-07-07T10:08:01.455094,2026-07-07T10:08:01.453529+00:00,155.0,50,ask,,,10699706
2026-07-07T10:08:03.565620,2026-07-07T10:08:03.573333+00:00,155.1,12,ask,,,10699727
2026-07-07T10:08:03.565620,2026-07-07T10:08:03.578526+00:00,155.0,38,ask,,,10699728
2026-07-07T10:08:04.720027,2026-07-07T10:08:04.731824+00:00,155.4,12,bid,,,10699739
2026-07-07T10:08:04.720027,2026-07-07T10:08:04.731824+00:00,155.4,37,bid,,,10699740
2026-07-07T10:08:05.674886,2026-07-07T10:08:05.686490+00:00,155.3,12,ask,,,10699751
2026-07-07T10:08:05.674886,2026-07-07T10:08:05.686490+00:00,155.2,20,ask,,,10699752
2026-07-07T10:08:05.674886,2026-07-07T10:08:05.686490+00:00,155.2,18,ask,,,10699753
2026-07-07T10:08:06.844215,2026-07-07T10:08:06.855689+00:00,155.2,42,ask,,,10699774
2026-07-07T10:08:07.786957,2026-07-07T10:08:07.798790+00:00,155.2,50,ask,,,10699784
2026-07-07T10:08:08.817375,2026-07-07T10:08:08.829436+00:00,155.1,12,ask,,,10699805
2026-07-07T10:08:08.817375,2026-07-07T10:08:08.829436+00:00,154.9,100,ask,,,10699806
2026-07-07T10:08:08.817375,2026-07-07T10:08:08.829436+00:00,154.9,20,ask,,,10699807
2026-07-07T10:08:08.836046,2026-07-07T10:08:08.852396+00:00,154.9,11,bid,,,10699808
2026-07-07T10:08:09.125535,2026-07-07T10:08:09.133935+00:00,154.9,7,bid,,,10699813
2026-07-07T10:08:09.762191,2026-07-07T10:08:09.774315+00:00,155.3,12,bid,,,10699822
2026-07-07T10:08:09.762191,2026-07-07T10:08:09.774315+00:00,155.4,31,bid,,,10699823
2026-07-07T10:08:09.899918,2026-07-07T10:08:09.911809+00:00,154.9,5,ask,,,10699827
2026-07-07T10:08:11.313409,2026-07-07T10:08:11.325143+00:00,154.8,20,ask,,,10699848
2026-07-07T10:08:11.313409,2026-07-07T10:08:11.325143+00:00,154.7,12,ask,,,10699849
2026-07-07T10:08:11.313409,2026-07-07T10:08:11.325143+00:00,154.6,14,ask,,,10699850
2026-07-07T10:08:11.933796,2026-07-07T10:08:11.943001+00:00,155.1,100,bid,,,10699860
2026-07-07T10:08:14.110042,2026-07-07T10:08:14.121197+00:00,155.3,50,ask,,,10699891
2026-07-07T10:08:15.138499,2026-07-07T10:08:15.147002+00:00,155.3,11,ask,,,10699907
2026-07-07T10:08:16.017582,2026-07-07T10:08:16.029363+00:00,155.3,39,ask,,,10699929
2026-07-07T10:08:16.218962,2026-07-07T10:08:16.230940+00:00,155.0,20,ask,,,10699930
2026-07-07T10:08:16.218962,2026-07-07T10:08:16.230940+00:00,154.9,30,ask,,,10699931
2026-07-07T10:08:20.382151,2026-07-07T10:08:20.390787+00:00,155.1,50,bid,,,10700011
2026-07-07T10:08:21.860484,2026-07-07T10:08:21.872162+00:00,155.2,2,bid,,,10700025
2026-07-07T10:08:22.540352,2026-07-07T10:08:22.551963+00:00,154.8,20,ask,,,10700038
2026-07-07T10:08:22.540352,2026-07-07T10:08:22.551963+00:00,154.7,30,ask,,,10700039
2026-07-07T10:08:22.870589,2026-07-07T10:08:22.882091+00:00,155.2,2,bid,,,10700047
2026-07-07T10:08:23.880301,2026-07-07T10:08:23.891786+00:00,155.2,2,bid,,,10700058
2026-07-07T10:08:24.329629,2026-07-07T10:08:24.339638+00:00,155.2,11,bid,,,10700066
2026-07-07T10:08:24.599579,2026-07-07T10:08:24.607798+00:00,155.2,50,bid,,,10700071
2026-07-07T10:08:24.894591,2026-07-07T10:08:24.904086+00:00,155.1,2,bid,,,10700078
2026-07-07T10:08:26.707157,2026-07-07T10:08:26.716335+00:00,155.1,11,bid,,,10700105
2026-07-07T10:08:26.707157,2026-07-07T10:08:26.716335+00:00,155.1,20,bid,,,10700106
2026-07-07T10:08:26.808582,2026-07-07T10:08:26.815415+00:00,155.0,100,ask,,,10700109
2026-07-07T10:08:26.951693,2026-07-07T10:08:26.960209+00:00,155.0,11,ask,,,10700118
2026-07-07T10:08:27.806539,2026-07-07T10:08:27.851831+00:00,154.6,20,ask,,,10700129
2026-07-07T10:08:27.840051,2026-07-07T10:08:27.851831+00:00,154.6,23,bid,,,10700130
2026-07-07T10:08:27.855730,2026-07-07T10:08:27.867038+00:00,154.6,25,bid,,,10700133
2026-07-07T10:08:27.986568,2026-07-07T10:08:27.997609+00:00,154.6,11,bid,,,10700135
2026-07-07T10:08:28.091110,2026-07-07T10:08:28.102805+00:00,154.6,25,bid,,,10700140
2026-07-07T10:08:28.129268,2026-07-07T10:08:28.140807+00:00,154.6,9,bid,,,10700142
2026-07-07T10:08:28.313633,2026-07-07T10:08:28.324643+00:00,154.6,25,bid,,,10700145
2026-07-07T10:08:28.549646,2026-07-07T10:08:28.556717+00:00,154.6,7,bid,,,10700152
2026-07-07T10:08:28.817155,2026-07-07T10:08:28.829152+00:00,154.6,5,bid,,,10700155
2026-07-07T10:08:28.817155,2026-07-07T10:08:28.829152+00:00,155.1,9,bid,,,10700156
2026-07-07T10:08:28.817155,2026-07-07T10:08:28.829152+00:00,155.1,20,bid,,,10700157
2026-07-07T10:08:29.983517,2026-07-07T10:08:29.994966+00:00,155.0,11,ask,,,10700181
2026-07-07T10:08:30.411844,2026-07-07T10:08:30.422545+00:00,155.0,12,ask,,,10700190
2026-07-07T10:08:30.891129,2026-07-07T10:08:30.908486+00:00,155.3,9,bid,,,10700199
2026-07-07T10:08:30.891129,2026-07-07T10:08:30.914067+00:00,155.5,33,bid,,,10700200
2026-07-07T10:08:30.979630,2026-07-07T10:08:30.991665+00:00,155.0,50,ask,,,10700205
2026-07-07T10:08:33.087916,2026-07-07T10:08:33.098238+00:00,155.0,9,ask,,,10700227
2026-07-07T10:08:33.087916,2026-07-07T10:08:33.098238+00:00,154.9,41,ask,,,10700228
2026-07-07T10:08:35.144812,2026-07-07T10:08:35.163971+00:00,155.2,20,bid,,,10700254
2026-07-07T10:08:35.209142,2026-07-07T10:08:35.217994+00:00,155.4,43,bid,,,10700256
2026-07-07T10:08:37.306094,2026-07-07T10:08:37.317656+00:00,154.9,50,ask,,,10700279
2026-07-07T10:08:39.962817,2026-07-07T10:08:39.972354+00:00,154.8,11,ask,,,10700310
2026-07-07T10:08:41.468567,2026-07-07T10:08:41.475817+00:00,154.9,12,bid,,,10700337
2026-07-07T10:08:41.468567,2026-07-07T10:08:41.481113+00:00,154.9,38,bid,,,10700338
2026-07-07T10:08:43.164830,2026-07-07T10:08:43.175406+00:00,154.6,47,ask,,,10700377
2026-07-07T10:08:43.652476,2026-07-07T10:08:43.659420+00:00,154.7,50,ask,,,10700385
2026-07-07T10:08:45.708621,2026-07-07T10:08:45.720371+00:00,154.9,50,bid,,,10700414
2026-07-07T10:08:47.820877,2026-07-07T10:08:47.836244+00:00,155.0,20,bid,,,10700444
2026-07-07T10:08:47.820877,2026-07-07T10:08:47.836244+00:00,155.1,30,bid,,,10700445
2026-07-07T10:08:48.452385,2026-07-07T10:08:48.458627+00:00,155.1,40,bid,,,10700455
2026-07-07T10:08:49.988828,2026-07-07T10:08:49.996470+00:00,154.9,50,ask,,,10700477
2026-07-07T10:08:52.114320,2026-07-07T10:08:52.123898+00:00,154.9,12,ask,,,10700513
2026-07-07T10:08:52.114320,2026-07-07T10:08:52.123898+00:00,154.8,38,ask,,,10700514
2026-07-07T10:08:52.544622,2026-07-07T10:08:52.558566+00:00,154.8,12,ask,,,10700524
2026-07-07T10:08:52.544622,2026-07-07T10:08:52.558566+00:00,154.8,29,ask,,,10700525
2026-07-07T10:08:54.222006,2026-07-07T10:08:54.230335+00:00,154.8,50,ask,,,10700555
2026-07-07T10:08:56.329731,2026-07-07T10:08:56.338063+00:00,154.7,40,ask,,,10700581
2026-07-07T10:08:56.329731,2026-07-07T10:08:56.338063+00:00,154.7,10,ask,,,10700582
2026-07-07T10:08:56.755031,2026-07-07T10:08:56.766972+00:00,154.9,46,bid,,,10700587
2026-07-07T10:08:58.405792,2026-07-07T10:08:58.415287+00:00,154.7,48,ask,,,10700609
2026-07-07T10:08:59.485919,2026-07-07T10:08:59.497218+00:00,154.9,49,bid,,,10700627
2026-07-07T10:09:00.065644,2026-07-07T10:09:00.074535+00:00,154.9,47,bid,,,10700636
2026-07-07T10:09:00.491084,2026-07-07T10:09:00.502787+00:00,154.9,4,bid,,,10700643
2026-07-07T10:09:00.491084,2026-07-07T10:09:00.502787+00:00,154.9,46,bid,,,10700644
2026-07-07T10:09:00.657934,2026-07-07T10:09:00.669661+00:00,154.4,43,ask,,,10700646
2026-07-07T10:09:01.869198,2026-07-07T10:09:01.880900+00:00,154.6,44,ask,,,10700664
2026-07-07T10:09:02.395395,2026-07-07T10:09:02.405725+00:00,154.9,41,bid,,,10700677
2026-07-07T10:09:02.679533,2026-07-07T10:09:02.691298+00:00,154.7,50,ask,,,10700684
2026-07-07T10:09:02.992081,2026-07-07T10:09:03.000496+00:00,154.7,42,ask,,,10700687
2026-07-07T10:09:04.537810,2026-07-07T10:09:04.545455+00:00,154.7,49,ask,,,10700708
2026-07-07T10:09:04.737709,2026-07-07T10:09:04.746959+00:00,154.9,50,bid,,,10700709
2026-07-07T10:09:05.625620,2026-07-07T10:09:05.633567+00:00,154.9,12,bid,,,10700719
2026-07-07T10:09:05.625620,2026-07-07T10:09:05.639107+00:00,155.0,33,bid,,,10700720
2026-07-07T10:09:05.823677,2026-07-07T10:09:05.833265+00:00,154.6,11,bid,,,10700725
2026-07-07T10:09:05.955952,2026-07-07T10:09:05.967581+00:00,154.6,50,bid,,,10700728
2026-07-07T10:09:06.366525,2026-07-07T10:09:06.374523+00:00,154.6,12,bid,,,10700737
2026-07-07T10:09:06.844553,2026-07-07T10:09:06.856156+00:00,154.6,50,bid,,,10700746
2026-07-07T10:09:07.343815,2026-07-07T10:09:07.352596+00:00,154.6,27,bid,,,10700753
2026-07-07T10:09:07.343815,2026-07-07T10:09:07.352596+00:00,155.0,19,bid,,,10700754
2026-07-07T10:09:08.953610,2026-07-07T10:09:08.956049+00:00,155.0,50,bid,,,10700774
2026-07-07T10:09:09.591146,2026-07-07T10:09:09.602690+00:00,154.7,46,ask,,,10700788
2026-07-07T10:09:11.086243,2026-07-07T10:09:11.098042+00:00,155.1,12,bid,,,10700819
2026-07-07T10:09:11.086243,2026-07-07T10:09:11.098042+00:00,155.1,20,bid,,,10700820
2026-07-07T10:09:11.086243,2026-07-07T10:09:11.098042+00:00,155.2,18,bid,,,10700821
2026-07-07T10:09:13.197072,2026-07-07T10:09:13.206934+00:00,154.9,12,bid,,,10700857
2026-07-07T10:09:13.197072,2026-07-07T10:09:13.206934+00:00,155.1,38,bid,,,10700858
2026-07-07T10:09:14.064721,2026-07-07T10:09:14.081982+00:00,154.8,11,ask,,,10700867
2026-07-07T10:09:14.907043,2026-07-07T10:09:14.917534+00:00,154.8,43,ask,,,10700887
2026-07-07T10:09:16.651867,2026-07-07T10:09:16.663993+00:00,155.0,12,bid,,,10700911
2026-07-07T10:09:16.651867,2026-07-07T10:09:16.663993+00:00,155.0,36,bid,,,10700912
2026-07-07T10:09:17.501311,2026-07-07T10:09:17.515941+00:00,154.7,50,ask,,,10700927
2026-07-07T10:09:17.716362,2026-07-07T10:09:17.728093+00:00,154.7,12,ask,,,10700929
2026-07-07T10:09:18.201143,2026-07-07T10:09:18.212638+00:00,155.0,41,bid,,,10700943
2026-07-07T10:09:19.610236,2026-07-07T10:09:19.619173+00:00,154.8,50,ask,,,10700955
2026-07-07T10:09:19.874164,2026-07-07T10:09:19.882007+00:00,155.0,44,bid,,,10700961
2026-07-07T10:09:20.785905,2026-07-07T10:09:20.796790+00:00,154.8,11,ask,,,10700971
2026-07-07T10:09:20.898106,2026-07-07T10:09:20.904836+00:00,154.8,25,ask,,,10700974
2026-07-07T10:09:21.154591,2026-07-07T10:09:21.169115+00:00,154.8,25,ask,,,10700981
2026-07-07T10:09:21.287718,2026-07-07T10:09:21.294886+00:00,154.8,12,ask,,,10700984
2026-07-07T10:09:21.383173,2026-07-07T10:09:21.393366+00:00,154.8,25,ask,,,10700987
2026-07-07T10:09:21.662230,2026-07-07T10:09:21.674021+00:00,154.6,100,ask,,,10700991
2026-07-07T10:09:21.662230,2026-07-07T10:09:21.674021+00:00,154.6,44,ask,,,10700992
2026-07-07T10:09:21.675315,2026-07-07T10:09:21.686306+00:00,154.6,6,bid,,,10700993
2026-07-07T10:09:21.750368,2026-07-07T10:09:21.760568+00:00,154.5,12,ask,,,10700996
2026-07-07T10:09:21.750368,2026-07-07T10:09:21.765619+00:00,154.5,20,ask,,,10700997
2026-07-07T10:09:21.750368,2026-07-07T10:09:21.765619+00:00,154.1,18,ask,,,10700998
2026-07-07T10:09:23.860249,2026-07-07T10:09:23.871919+00:00,154.5,12,ask,,,10701031
2026-07-07T10:09:23.860249,2026-07-07T10:09:23.871919+00:00,154.4,20,ask,,,10701032
2026-07-07T10:09:23.860249,2026-07-07T10:09:23.871919+00:00,154.2,18,ask,,,10701033
2026-07-07T10:09:26.000823,2026-07-07T10:09:26.008427+00:00,154.6,50,ask,,,10701067
2026-07-07T10:09:26.937033,2026-07-07T10:09:26.946061+00:00,154.6,100,ask,,,10701085
2026-07-07T10:09:27.378951,2026-07-07T10:09:27.392169+00:00,154.8,5,bid,,,10701092
2026-07-07T10:09:28.108102,2026-07-07T10:09:28.115858+00:00,154.6,12,ask,,,10701104
2026-07-07T10:09:28.108102,2026-07-07T10:09:28.121106+00:00,154.3,38,ask,,,10701105
2026-07-07T10:09:30.220713,2026-07-07T10:09:30.242390+00:00,154.4,5,ask,,,10701136
2026-07-07T10:09:30.220713,2026-07-07T10:09:30.242390+00:00,154.3,45,ask,,,10701137
2026-07-07T10:09:31.175897,2026-07-07T10:09:31.200363+00:00,154.3,100,ask,,,10701153
2026-07-07T10:09:31.175897,2026-07-07T10:09:31.200363+00:00,154.2,20,ask,,,10701154
2026-07-07T10:09:31.189998,2026-07-07T10:09:31.200363+00:00,154.1,30,bid,,,10701155
2026-07-07T10:09:32.279536,2026-07-07T10:09:32.286493+00:00,154.6,12,bid,,,10701175
2026-07-07T10:09:32.279536,2026-07-07T10:09:32.291700+00:00,154.7,38,bid,,,10701176
2026-07-07T10:09:33.328476,2026-07-07T10:09:33.343088+00:00,154.2,7,ask,,,10701190
2026-07-07T10:09:34.291050,2026-07-07T10:09:34.300518+00:00,154.3,40,bid,,,10701209
2026-07-07T10:09:34.438905,2026-07-07T10:09:34.446729+00:00,154.2,31,ask,,,10701214
2026-07-07T10:09:34.438905,2026-07-07T10:09:34.451702+00:00,154.2,12,ask,,,10701215
2026-07-07T10:09:34.438905,2026-07-07T10:09:34.451702+00:00,154.2,7,ask,,,10701216
2026-07-07T10:09:36.339230,2026-07-07T10:09:36.350570+00:00,154.2,41,ask,,,10701237
2026-07-07T10:09:36.552786,2026-07-07T10:09:36.554728+00:00,154.2,50,ask,,,10701239
2026-07-07T10:09:36.948843,2026-07-07T10:09:36.955469+00:00,154.2,48,ask,,,10701246
2026-07-07T10:09:37.507965,2026-07-07T10:09:37.516543+00:00,154.1,20,ask,,,10701254
2026-07-07T10:09:37.507965,2026-07-07T10:09:37.531937+00:00,154.0,100,ask,,,10701255
2026-07-07T10:09:37.522800,2026-07-07T10:09:37.531937+00:00,154.0,11,bid,,,10701256
2026-07-07T10:09:37.599579,2026-07-07T10:09:37.609478+00:00,154.0,19,bid,,,10701260
2026-07-07T10:09:38.483485,2026-07-07T10:09:38.495103+00:00,154.0,20,ask,,,10701278
2026-07-07T10:09:40.623708,2026-07-07T10:09:40.633606+00:00,154.1,100,bid,,,10701309
2026-07-07T10:09:40.696116,2026-07-07T10:09:40.705486+00:00,154.1,11,ask,,,10701310
2026-07-07T10:09:41.730875,2026-07-07T10:09:41.737730+00:00,154.4,48,bid,,,10701334
2026-07-07T10:09:42.819339,2026-07-07T10:09:42.830430+00:00,154.4,2,bid,,,10701352
2026-07-07T10:09:42.819339,2026-07-07T10:09:42.830430+00:00,154.4,48,bid,,,10701353
2026-07-07T10:09:43.286227,2026-07-07T10:09:43.297640+00:00,154.1,39,ask,,,10701366
2026-07-07T10:09:43.286227,2026-07-07T10:09:43.297640+00:00,153.9,9,ask,,,10701367
2026-07-07T10:09:43.845092,2026-07-07T10:09:43.856005+00:00,154.2,50,ask,,,10701378
2026-07-07T10:09:43.859473,2026-07-07T10:09:43.869918+00:00,154.0,11,bid,,,10701379
2026-07-07T10:09:43.885589,2026-07-07T10:09:43.895815+00:00,154.0,25,bid,,,10701382
2026-07-07T10:09:44.109927,2026-07-07T10:09:44.121144+00:00,154.0,11,bid,,,10701384
2026-07-07T10:09:44.427459,2026-07-07T10:09:44.436234+00:00,154.0,6,bid,,,10701391
2026-07-07T10:09:44.868191,2026-07-07T10:09:44.879792+00:00,154.0,47,bid,,,10701402
2026-07-07T10:09:44.930010,2026-07-07T10:09:44.942027+00:00,154.4,50,bid,,,10701404
2026-07-07T10:09:45.876251,2026-07-07T10:09:45.884608+00:00,154.3,17,ask,,,10701415
2026-07-07T10:09:46.354152,2026-07-07T10:09:46.365490+00:00,154.3,40,ask,,,10701426
2026-07-07T10:09:49.164991,2026-07-07T10:09:49.174340+00:00,154.4,50,bid,,,10701460
2026-07-07T10:09:50.137886,2026-07-07T10:09:50.148486+00:00,154.6,47,bid,,,10701474
2026-07-07T10:09:51.337780,2026-07-07T10:09:51.345405+00:00,154.3,50,ask,,,10701496
2026-07-07T10:09:53.443702,2026-07-07T10:09:53.455226+00:00,154.4,50,ask,,,10701529
2026-07-07T10:09:53.659453,2026-07-07T10:09:53.668280+00:00,154.4,23,ask,,,10701536
2026-07-07T10:09:55.550122,2026-07-07T10:09:55.556648+00:00,154.2,50,ask,,,10701572
2026-07-07T10:09:57.659550,2026-07-07T10:09:57.671105+00:00,154.1,50,ask,,,10701594
2026-07-07T10:09:59.475902,2026-07-07T10:09:59.485668+00:00,154.5,44,bid,,,10701633
2026-07-07T10:09:59.774722,2026-07-07T10:09:59.785787+00:00,154.3,50,ask,,,10701636
2026-07-07T10:10:00.250434,2026-07-07T10:10:00.265369+00:00,154.5,11,bid,,,10701643
2026-07-07T10:10:01.880932,2026-07-07T10:10:01.892865+00:00,154.3,50,ask,,,10701675
2026-07-07T10:10:02.859841,2026-07-07T10:10:02.866488+00:00,154.2,12,bid,,,10701696
2026-07-07T10:10:02.883286,2026-07-07T10:10:02.891235+00:00,154.2,11,bid,,,10701698
2026-07-07T10:10:03.992534,2026-07-07T10:10:04.000867+00:00,154.1,50,ask,,,10701711
2026-07-07T10:10:04.146602,2026-07-07T10:10:04.164147+00:00,154.1,43,ask,,,10701713
2026-07-07T10:10:06.047673,2026-07-07T10:10:06.059395+00:00,154.1,50,bid,,,10701748
2026-07-07T10:10:08.155116,2026-07-07T10:10:08.167008+00:00,154.1,50,bid,,,10701771
2026-07-07T10:10:09.009851,2026-07-07T10:10:09.020288+00:00,153.8,46,ask,,,10701799
2026-07-07T10:10:10.003618,2026-07-07T10:10:10.010179+00:00,154.0,45,ask,,,10701817
2026-07-07T10:10:10.538852,2026-07-07T10:10:10.546230+00:00,154.3,42,bid,,,10701819
2026-07-07T10:10:12.075638,2026-07-07T10:10:12.085094+00:00,154.0,11,ask,,,10701841
2026-07-07T10:10:13.385306,2026-07-07T10:10:13.394719+00:00,153.9,17,bid,,,10701873
2026-07-07T10:10:14.363372,2026-07-07T10:10:14.371811+00:00,153.9,48,bid,,,10701880
2026-07-07T10:10:14.472101,2026-07-07T10:10:14.484838+00:00,153.9,50,bid,,,10701881
2026-07-07T10:10:15.449106,2026-07-07T10:10:15.468651+00:00,154.1,50,bid,,,10701893
2026-07-07T10:10:15.459410,2026-07-07T10:10:15.468651+00:00,154.2,17,ask,,,10701894
2026-07-07T10:10:16.314847,2026-07-07T10:10:16.322158+00:00,154.3,44,bid,,,10701911
2026-07-07T10:10:16.578282,2026-07-07T10:10:16.589892+00:00,154.3,50,bid,,,10701917
2026-07-07T10:10:18.695535,2026-07-07T10:10:18.706931+00:00,154.5,12,bid,,,10701947
2026-07-07T10:10:18.695535,2026-07-07T10:10:18.706931+00:00,154.5,38,bid,,,10701948
2026-07-07T10:10:19.960982,2026-07-07T10:10:19.970559+00:00,154.3,12,ask,,,10701975
2026-07-07T10:10:20.810142,2026-07-07T10:10:20.817873+00:00,154.4,20,bid,,,10701985
2026-07-07T10:10:20.810142,2026-07-07T10:10:20.822903+00:00,154.5,12,bid,,,10701986
2026-07-07T10:10:20.810142,2026-07-07T10:10:20.822903+00:00,154.5,18,bid,,,10701987
2026-07-07T10:10:21.281183,2026-07-07T10:10:21.295902+00:00,154.3,22,ask,,,10702003
2026-07-07T10:10:21.443892,2026-07-07T10:10:21.455012+00:00,154.3,16,ask,,,10702005
2026-07-07T10:10:22.235691,2026-07-07T10:10:22.243774+00:00,154.0,48,ask,,,10702016
2026-07-07T10:10:22.594883,2026-07-07T10:10:22.605533+00:00,154.2,11,bid,,,10702029
2026-07-07T10:10:22.950013,2026-07-07T10:10:22.955382+00:00,154.2,50,bid,,,10702039
2026-07-07T10:10:23.904737,2026-07-07T10:10:23.913485+00:00,154.2,11,bid,,,10702056
2026-07-07T10:10:24.156243,2026-07-07T10:10:24.174056+00:00,154.2,48,bid,,,10702064
2026-07-07T10:10:24.758969,2026-07-07T10:10:24.768887+00:00,154.2,12,bid,,,10702072
2026-07-07T10:10:24.968084,2026-07-07T10:10:24.978820+00:00,154.2,50,bid,,,10702079
2026-07-07T10:10:24.968084,2026-07-07T10:10:24.978820+00:00,154.3,100,bid,,,10702080
2026-07-07T10:10:27.161723,2026-07-07T10:10:27.174292+00:00,154.3,20,bid,,,10702109
2026-07-07T10:10:27.161723,2026-07-07T10:10:27.174292+00:00,154.4,12,bid,,,10702110
2026-07-07T10:10:27.161723,2026-07-07T10:10:27.179561+00:00,154.5,18,bid,,,10702111
2026-07-07T10:10:27.798067,2026-07-07T10:10:27.810620+00:00,154.0,42,ask,,,10702126
2026-07-07T10:10:29.272175,2026-07-07T10:10:29.281255+00:00,154.1,11,ask,,,10702144
2026-07-07T10:10:29.286175,2026-07-07T10:10:29.296761+00:00,154.2,20,bid,,,10702146
2026-07-07T10:10:29.286175,2026-07-07T10:10:29.296761+00:00,154.3,30,bid,,,10702147
2026-07-07T10:10:31.397753,2026-07-07T10:10:31.409837+00:00,154.3,12,bid,,,10702175
2026-07-07T10:10:31.397753,2026-07-07T10:10:31.409837+00:00,154.3,38,bid,,,10702176
2026-07-07T10:10:32.500619,2026-07-07T10:10:32.508777+00:00,154.1,39,ask,,,10702189
2026-07-07T10:10:32.500619,2026-07-07T10:10:32.513753+00:00,153.9,7,ask,,,10702190
2026-07-07T10:10:33.047909,2026-07-07T10:10:33.058584+00:00,154.3,45,bid,,,10702199
2026-07-07T10:10:33.601831,2026-07-07T10:10:33.611111+00:00,154.0,3,ask,,,10702205
2026-07-07T10:10:37.056582,2026-07-07T10:10:37.063627+00:00,153.9,45,ask,,,10702251
2026-07-07T10:10:37.631462,2026-07-07T10:10:37.640256+00:00,154.2,3,bid,,,10702266
2026-07-07T10:10:37.724808,2026-07-07T10:10:37.733657+00:00,154.2,9,bid,,,10702268
2026-07-07T10:10:37.724808,2026-07-07T10:10:37.733657+00:00,154.2,41,bid,,,10702269
2026-07-07T10:10:38.648756,2026-07-07T10:10:38.657012+00:00,153.9,7,ask,,,10702287
2026-07-07T10:10:39.339100,2026-07-07T10:10:39.350470+00:00,153.9,40,ask,,,10702296
2026-07-07T10:10:39.833938,2026-07-07T10:10:39.845629+00:00,154.1,12,bid,,,10702299
2026-07-07T10:10:39.833938,2026-07-07T10:10:39.845629+00:00,154.1,38,bid,,,10702300
2026-07-07T10:10:39.964831,2026-07-07T10:10:39.975373+00:00,154.1,49,bid,,,10702303
2026-07-07T10:10:40.949044,2026-07-07T10:10:40.958060+00:00,153.9,11,ask,,,10702327
2026-07-07T10:10:40.984761,2026-07-07T10:10:40.994814+00:00,154.0,12,bid,,,10702330
2026-07-07T10:10:40.984761,2026-07-07T10:10:40.994814+00:00,154.0,30,bid,,,10702331
2026-07-07T10:10:41.116149,2026-07-07T10:10:41.126130+00:00,153.9,25,ask,,,10702334
2026-07-07T10:10:41.336622,2026-07-07T10:10:41.344109+00:00,153.9,14,ask,,,10702339
2026-07-07T10:10:41.674789,2026-07-07T10:10:41.685885+00:00,154.0,6,bid,,,10702347
2026-07-07T10:10:41.960436,2026-07-07T10:10:41.971926+00:00,154.0,50,bid,,,10702350
2026-07-07T10:10:42.689612,2026-07-07T10:10:42.700615+00:00,153.7,6,ask,,,10702358
2026-07-07T10:10:42.981878,2026-07-07T10:10:42.993462+00:00,153.7,35,ask,,,10702360
2026-07-07T10:10:42.981878,2026-07-07T10:10:42.993462+00:00,153.6,5,ask,,,10702361
2026-07-07T10:10:43.718009,2026-07-07T10:10:43.727254+00:00,153.6,4,ask,,,10702372
2026-07-07T10:10:44.067092,2026-07-07T10:10:44.078706+00:00,154.0,50,bid,,,10702382
2026-07-07T10:10:45.054058,2026-07-07T10:10:45.064973+00:00,154.0,12,bid,,,10702393
2026-07-07T10:10:45.054058,2026-07-07T10:10:45.064973+00:00,154.0,20,bid,,,10702394
2026-07-07T10:10:46.273795,2026-07-07T10:10:46.283352+00:00,153.8,50,ask,,,10702418
2026-07-07T10:10:46.394668,2026-07-07T10:10:46.405629+00:00,153.8,25,ask,,,10702420
2026-07-07T10:10:46.625469,2026-07-07T10:10:46.633060+00:00,153.8,25,ask,,,10702431
2026-07-07T10:10:46.846954,2026-07-07T10:10:46.858608+00:00,153.8,15,ask,,,10702438
2026-07-07T10:10:47.168970,2026-07-07T10:10:47.179449+00:00,153.7,100,ask,,,10702444
2026-07-07T10:10:47.168970,2026-07-07T10:10:47.179449+00:00,153.6,50,ask,,,10702445
2026-07-07T10:10:47.795040,2026-07-07T10:10:47.801759+00:00,153.9,10,bid,,,10702464
2026-07-07T10:10:48.817716,2026-07-07T10:10:48.824072+00:00,153.9,1,bid,,,10702483
2026-07-07T10:10:49.830947,2026-07-07T10:10:49.841913+00:00,153.7,3,ask,,,10702503
2026-07-07T10:10:50.434785,2026-07-07T10:10:50.446630+00:00,153.9,39,bid,,,10702510
2026-07-07T10:10:50.434785,2026-07-07T10:10:50.446630+00:00,153.9,11,bid,,,10702511
2026-07-07T10:10:50.844693,2026-07-07T10:10:50.852961+00:00,153.8,4,ask,,,10702526
2026-07-07T10:10:51.859504,2026-07-07T10:10:51.870809+00:00,153.8,4,ask,,,10702555
2026-07-07T10:10:52.398429,2026-07-07T10:10:52.410262+00:00,153.8,100,ask,,,10702559
2026-07-07T10:10:52.545028,2026-07-07T10:10:52.552536+00:00,153.9,12,bid,,,10702562
2026-07-07T10:10:52.545028,2026-07-07T10:10:52.558544+00:00,154.3,38,bid,,,10702563
2026-07-07T10:10:53.753104,2026-07-07T10:10:53.764868+00:00,153.7,20,ask,,,10702582
2026-07-07T10:10:53.753104,2026-07-07T10:10:53.764868+00:00,153.6,26,ask,,,10702583
2026-07-07T10:10:54.679369,2026-07-07T10:10:54.689891+00:00,153.9,50,bid,,,10702606
2026-07-07T10:10:54.684765,2026-07-07T10:10:54.695079+00:00,153.9,12,bid,,,10702607
2026-07-07T10:10:54.684765,2026-07-07T10:10:54.695079+00:00,154.1,30,bid,,,10702608
2026-07-07T10:10:56.838123,2026-07-07T10:10:56.848446+00:00,153.9,50,ask,,,10702647
2026-07-07T10:10:58.947146,2026-07-07T10:10:58.963770+00:00,153.9,50,ask,,,10702688
2026-07-07T10:10:59.359778,2026-07-07T10:10:59.371052+00:00,153.9,20,ask,,,10702697
2026-07-07T10:10:59.897788,2026-07-07T10:10:59.909268+00:00,153.8,43,ask,,,10702704
2026-07-07T10:11:01.054489,2026-07-07T10:11:01.063722+00:00,153.8,7,ask,,,10702717
2026-07-07T10:11:01.054489,2026-07-07T10:11:01.063722+00:00,153.8,12,ask,,,10702718
2026-07-07T10:11:01.054489,2026-07-07T10:11:01.069007+00:00,153.7,31,ask,,,10702719
2026-07-07T10:11:01.918967,2026-07-07T10:11:01.930721+00:00,153.5,9,ask,,,10702736
2026-07-07T10:11:02.451150,2026-07-07T10:11:02.463992+00:00,153.8,41,bid,,,10702742
2026-07-07T10:11:03.114492,2026-07-07T10:11:03.126257+00:00,153.8,50,bid,,,10702765
2026-07-07T10:11:05.278497,2026-07-07T10:11:05.292500+00:00,153.7,50,ask,,,10702792
2026-07-07T10:11:05.707195,2026-07-07T10:11:05.719018+00:00,153.7,49,ask,,,10702796
2026-07-07T10:11:06.628184,2026-07-07T10:11:06.639692+00:00,153.7,1,ask,,,10702811
2026-07-07T10:11:07.621110,2026-07-07T10:11:07.631467+00:00,153.3,45,ask,,,10702828
2026-07-07T10:11:09.322184,2026-07-07T10:11:09.334458+00:00,153.1,100,ask,,,10702861
2026-07-07T10:11:09.322184,2026-07-07T10:11:09.334458+00:00,153.1,12,ask,,,10702862
2026-07-07T10:11:09.322184,2026-07-07T10:11:09.339441+00:00,153.0,20,ask,,,10702863
2026-07-07T10:11:09.340676,2026-07-07T10:11:09.350542+00:00,153.0,18,bid,,,10702865
2026-07-07T10:11:09.497937,2026-07-07T10:11:09.510008+00:00,153.0,20,ask,,,10702869
2026-07-07T10:11:09.497937,2026-07-07T10:11:09.510008+00:00,152.6,12,ask,,,10702870
2026-07-07T10:11:09.497937,2026-07-07T10:11:09.510008+00:00,152.5,18,ask,,,10702871
2026-07-07T10:11:09.993442,2026-07-07T10:11:10.000533+00:00,153.1,6,ask,,,10702886
2026-07-07T10:11:10.596292,2026-07-07T10:11:10.607993+00:00,153.5,12,bid,,,10702894
2026-07-07T10:11:10.596292,2026-07-07T10:11:10.607993+00:00,153.6,30,bid,,,10702895
2026-07-07T10:11:11.610601,2026-07-07T10:11:11.622387+00:00,153.3,12,ask,,,10702906
2026-07-07T10:11:11.610601,2026-07-07T10:11:11.622387+00:00,153.2,20,ask,,,10702907
2026-07-07T10:11:11.610601,2026-07-07T10:11:11.622387+00:00,152.9,18,ask,,,10702908
2026-07-07T10:11:12.203576,2026-07-07T10:11:12.210976+00:00,153.2,12,ask,,,10702920
2026-07-07T10:11:12.679153,2026-07-07T10:11:12.690746+00:00,153.4,40,bid,,,10702927
2026-07-07T10:11:13.211172,2026-07-07T10:11:13.218014+00:00,153.2,47,ask,,,10702933
2026-07-07T10:11:15.825335,2026-07-07T10:11:15.837121+00:00,153.1,12,ask,,,10702966
2026-07-07T10:11:15.825335,2026-07-07T10:11:15.837121+00:00,152.9,38,ask,,,10702967
2026-07-07T10:11:17.937264,2026-07-07T10:11:17.947245+00:00,153.0,20,ask,,,10703000
2026-07-07T10:11:17.937264,2026-07-07T10:11:17.947245+00:00,152.9,30,ask,,,10703001
2026-07-07T10:11:20.046776,2026-07-07T10:11:20.053263+00:00,152.9,20,ask,,,10703021
2026-07-07T10:11:20.046776,2026-07-07T10:11:20.053263+00:00,152.8,30,ask,,,10703022
2026-07-07T10:11:21.702511,2026-07-07T10:11:21.717223+00:00,153.2,4,bid,,,10703049
2026-07-07T10:11:21.781600,2026-07-07T10:11:21.792987+00:00,153.2,46,bid,,,10703055
2026-07-07T10:11:22.156851,2026-07-07T10:11:22.163635+00:00,153.1,20,ask,,,10703061
2026-07-07T10:11:22.156851,2026-07-07T10:11:22.169199+00:00,152.9,30,ask,,,10703062
2026-07-07T10:11:24.215576,2026-07-07T10:11:24.226542+00:00,153.3,12,bid,,,10703102
2026-07-07T10:11:24.215576,2026-07-07T10:11:24.226542+00:00,153.3,38,bid,,,10703103
2026-07-07T10:11:24.789225,2026-07-07T10:11:24.800776+00:00,153.0,12,ask,,,10703110
2026-07-07T10:11:24.789225,2026-07-07T10:11:24.800776+00:00,152.9,29,ask,,,10703111
2026-07-07T10:11:25.157163,2026-07-07T10:11:25.163769+00:00,152.8,100,ask,,,10703120
2026-07-07T10:11:25.157163,2026-07-07T10:11:25.180396+00:00,152.8,20,ask,,,10703121
2026-07-07T10:11:25.169896,2026-07-07T10:11:25.180396+00:00,152.8,12,bid,,,10703122
2026-07-07T10:11:25.199223,2026-07-07T10:11:25.206292+00:00,152.8,18,bid,,,10703125
2026-07-07T10:11:25.320538,2026-07-07T10:11:25.327470+00:00,153.3,46,bid,,,10703127
2026-07-07T10:11:25.807694,2026-07-07T10:11:25.819240+00:00,153.3,16,bid,,,10703134
2026-07-07T10:11:25.807694,2026-07-07T10:11:25.819240+00:00,153.3,12,bid,,,10703135
2026-07-07T10:11:25.807694,2026-07-07T10:11:25.819240+00:00,153.3,14,bid,,,10703136
2026-07-07T10:11:28.866707,2026-07-07T10:11:28.878708+00:00,153.1,49,ask,,,10703176
2026-07-07T10:11:29.461170,2026-07-07T10:11:29.468943+00:00,153.1,42,ask,,,10703187
2026-07-07T10:11:29.585646,2026-07-07T10:11:29.595516+00:00,153.1,12,ask,,,10703193
2026-07-07T10:11:30.383701,2026-07-07T10:11:30.395060+00:00,153.1,47,ask,,,10703203
2026-07-07T10:11:30.529184,2026-07-07T10:11:30.540719+00:00,153.1,50,bid,,,10703206
2026-07-07T10:11:31.435493,2026-07-07T10:11:31.445788+00:00,153.1,3,bid,,,10703227
2026-07-07T10:11:31.435493,2026-07-07T10:11:31.445788+00:00,153.2,12,bid,,,10703228
2026-07-07T10:11:31.435493,2026-07-07T10:11:31.445788+00:00,153.3,20,bid,,,10703229
2026-07-07T10:11:31.488958,2026-07-07T10:11:31.498950+00:00,152.9,12,ask,,,10703230
2026-07-07T10:11:31.500623,2026-07-07T10:11:31.509432+00:00,152.8,12,bid,,,10703232
2026-07-07T10:11:31.634676,2026-07-07T10:11:31.642388+00:00,152.8,25,bid,,,10703236
2026-07-07T10:11:31.861164,2026-07-07T10:11:31.869019+00:00,152.8,25,bid,,,10703239
2026-07-07T10:11:31.909633,2026-07-07T10:11:31.917110+00:00,152.8,12,bid,,,10703243
2026-07-07T10:11:32.089627,2026-07-07T10:11:32.100836+00:00,152.8,18,bid,,,10703248
2026-07-07T10:11:32.159652,2026-07-07T10:11:32.169879+00:00,152.8,11,bid,,,10703251
2026-07-07T10:11:32.188385,2026-07-07T10:11:32.197967+00:00,152.8,26,bid,,,10703254
2026-07-07T10:11:32.637849,2026-07-07T10:11:32.649772+00:00,152.8,9,bid,,,10703259
2026-07-07T10:11:32.637849,2026-07-07T10:11:32.649772+00:00,153.0,20,bid,,,10703260
2026-07-07T10:11:32.637849,2026-07-07T10:11:32.649772+00:00,153.1,12,bid,,,10703261
2026-07-07T10:11:34.748391,2026-07-07T10:11:34.753766+00:00,153.2,12,bid,,,10703298
2026-07-07T10:11:34.748391,2026-07-07T10:11:34.753766+00:00,153.2,20,bid,,,10703299
2026-07-07T10:11:34.748391,2026-07-07T10:11:34.753766+00:00,153.3,18,bid,,,10703300
2026-07-07T10:11:36.660412,2026-07-07T10:11:36.681873+00:00,153.0,11,ask,,,10703341
2026-07-07T10:11:36.859360,2026-07-07T10:11:36.870936+00:00,153.3,20,bid,,,10703347
2026-07-07T10:11:36.859360,2026-07-07T10:11:36.870936+00:00,153.4,30,bid,,,10703348
2026-07-07T10:11:38.109917,2026-07-07T10:11:38.121573+00:00,153.3,20,bid,,,10703368
2026-07-07T10:11:38.662906,2026-07-07T10:11:38.674880+00:00,153.0,41,ask,,,10703377
2026-07-07T10:11:38.968460,2026-07-07T10:11:38.980503+00:00,153.3,20,bid,,,10703385
2026-07-07T10:11:38.968460,2026-07-07T10:11:38.980503+00:00,153.4,12,bid,,,10703386
2026-07-07T10:11:38.968460,2026-07-07T10:11:38.980503+00:00,153.5,18,bid,,,10703387
2026-07-07T10:11:40.207178,2026-07-07T10:11:40.219274+00:00,153.4,20,bid,,,10703411
2026-07-07T10:11:40.207178,2026-07-07T10:11:40.219274+00:00,153.5,22,bid,,,10703412
2026-07-07T10:11:43.185550,2026-07-07T10:11:43.197440+00:00,153.3,12,bid,,,10703461
2026-07-07T10:11:43.384024,2026-07-07T10:11:43.394868+00:00,153.0,48,ask,,,10703467
2026-07-07T10:11:47.434733,2026-07-07T10:11:47.446251+00:00,153.5,12,bid,,,10703520
2026-07-07T10:11:49.203261,2026-07-07T10:11:49.214902+00:00,153.3,12,ask,,,10703545
2026-07-07T10:11:51.654356,2026-07-07T10:11:51.666347+00:00,153.6,12,bid,,,10703577
2026-07-07T10:11:51.654356,2026-07-07T10:11:51.666347+00:00,153.7,38,bid,,,10703578
2026-07-07T10:11:52.517729,2026-07-07T10:11:52.526454+00:00,153.5,12,ask,,,10703596
2026-07-07T10:11:53.261238,2026-07-07T10:11:53.271312+00:00,153.5,11,ask,,,10703603
2026-07-07T10:11:53.398322,2026-07-07T10:11:53.408640+00:00,153.5,7,ask,,,10703607
2026-07-07T10:11:53.734326,2026-07-07T10:11:53.745838+00:00,153.7,12,bid,,,10703609
2026-07-07T10:11:53.734326,2026-07-07T10:11:53.745838+00:00,153.7,20,bid,,,10703610
2026-07-07T10:11:53.734326,2026-07-07T10:11:53.751261+00:00,153.7,9,bid,,,10703611
2026-07-07T10:11:54.897650,2026-07-07T10:11:54.904167+00:00,153.7,42,bid,,,10703637
2026-07-07T10:11:55.418378,2026-07-07T10:11:55.428851+00:00,153.5,4,ask,,,10703647
2026-07-07T10:11:55.881254,2026-07-07T10:11:55.893170+00:00,153.5,12,ask,,,10703652
2026-07-07T10:11:55.881254,2026-07-07T10:11:55.893170+00:00,153.5,36,ask,,,10703653
2026-07-07T10:11:55.906080,2026-07-07T10:11:55.917964+00:00,153.7,50,bid,,,10703654
2026-07-07T10:11:56.433567,2026-07-07T10:11:56.444752+00:00,153.5,4,ask,,,10703662
2026-07-07T10:11:56.766389,2026-07-07T10:11:56.777972+00:00,153.8,12,bid,,,10703665
2026-07-07T10:11:56.779357,2026-07-07T10:11:56.788466+00:00,153.8,11,ask,,,10703667
2026-07-07T10:11:56.787466,2026-07-07T10:11:56.803694+00:00,153.8,46,ask,,,10703669
2026-07-07T10:11:56.836893,2026-07-07T10:11:56.846003+00:00,153.8,25,ask,,,10703670
2026-07-07T10:11:57.060333,2026-07-07T10:11:57.071097+00:00,153.8,25,ask,,,10703680
2026-07-07T10:11:57.281508,2026-07-07T10:11:57.288330+00:00,153.8,10,ask,,,10703687
2026-07-07T10:11:58.036536,2026-07-07T10:11:58.046790+00:00,154.0,50,bid,,,10703691
2026-07-07T10:11:58.675664,2026-07-07T10:11:58.687175+00:00,153.8,21,ask,,,10703709
2026-07-07T10:11:58.925283,2026-07-07T10:11:58.936741+00:00,153.7,12,ask,,,10703713
2026-07-07T10:11:59.458150,2026-07-07T10:11:59.468898+00:00,153.5,12,bid,,,10703723
2026-07-07T10:12:00.142889,2026-07-07T10:12:00.154528+00:00,153.6,50,bid,,,10703730
2026-07-07T10:12:00.469851,2026-07-07T10:12:00.480730+00:00,153.6,2,bid,,,10703742
2026-07-07T10:12:00.705117,2026-07-07T10:12:00.716795+00:00,153.6,36,bid,,,10703745
2026-07-07T10:12:00.705117,2026-07-07T10:12:00.716795+00:00,153.7,9,bid,,,10703746
2026-07-07T10:12:01.478370,2026-07-07T10:12:01.489947+00:00,153.7,1,bid,,,10703753
2026-07-07T10:12:01.714461,2026-07-07T10:12:01.723667+00:00,153.7,45,bid,,,10703761
2026-07-07T10:12:02.038068,2026-07-07T10:12:02.050190+00:00,153.7,95,bid,,,10703764
2026-07-07T10:12:02.038068,2026-07-07T10:12:02.050190+00:00,153.8,5,bid,,,10703765
2026-07-07T10:12:02.279864,2026-07-07T10:12:02.289733+00:00,153.8,7,bid,,,10703767
2026-07-07T10:12:02.279864,2026-07-07T10:12:02.289733+00:00,154.3,43,bid,,,10703768
2026-07-07T10:12:03.497078,2026-07-07T10:12:03.505700+00:00,153.9,11,ask,,,10703787
2026-07-07T10:12:04.388520,2026-07-07T10:12:04.399722+00:00,154.1,12,bid,,,10703803
2026-07-07T10:12:04.388520,2026-07-07T10:12:04.399722+00:00,154.3,38,bid,,,10703804
2026-07-07T10:12:06.405159,2026-07-07T10:12:06.414393+00:00,153.9,23,ask,,,10703833
2026-07-07T10:12:06.497585,2026-07-07T10:12:06.504179+00:00,154.2,11,bid,,,10703836
2026-07-07T10:12:06.497585,2026-07-07T10:12:06.509743+00:00,154.3,39,bid,,,10703837
2026-07-07T10:12:06.519000,2026-07-07T10:12:06.526157+00:00,153.9,9,ask,,,10703840
2026-07-07T10:12:08.604591,2026-07-07T10:12:08.612320+00:00,154.4,50,bid,,,10703869
2026-07-07T10:12:09.341172,2026-07-07T10:12:09.358582+00:00,154.0,49,ask,,,10703878
2026-07-07T10:12:10.296343,2026-07-07T10:12:10.307311+00:00,154.0,43,ask,,,10703896
2026-07-07T10:12:10.747569,2026-07-07T10:12:10.763804+00:00,154.4,50,bid,,,10703904
2026-07-07T10:12:12.577875,2026-07-07T10:12:12.589241+00:00,153.7,11,ask,,,10703926
2026-07-07T10:12:12.577875,2026-07-07T10:12:12.589241+00:00,153.7,2,ask,,,10703927
2026-07-07T10:12:12.611419,2026-07-07T10:12:12.624912+00:00,154.2,100,bid,,,10703928
2026-07-07T10:12:12.909599,2026-07-07T10:12:12.917040+00:00,154.2,50,ask,,,10703934
2026-07-07T10:12:13.372381,2026-07-07T10:12:13.379094+00:00,154.6,46,bid,,,10703944
2026-07-07T10:12:15.047568,2026-07-07T10:12:15.058572+00:00,153.9,50,ask,,,10703971
2026-07-07T10:12:15.835622,2026-07-07T10:12:15.848532+00:00,153.9,50,ask,,,10703985
2026-07-07T10:12:16.101497,2026-07-07T10:12:16.111879+00:00,153.8,41,ask,,,10703989
2026-07-07T10:12:17.154871,2026-07-07T10:12:17.166957+00:00,153.8,9,ask,,,10704007
2026-07-07T10:12:17.154871,2026-07-07T10:12:17.166957+00:00,153.7,12,ask,,,10704008
2026-07-07T10:12:17.154871,2026-07-07T10:12:17.166957+00:00,153.5,20,ask,,,10704009
2026-07-07T10:12:17.154871,2026-07-07T10:12:17.172183+00:00,153.4,9,ask,,,10704010
2026-07-07T10:12:19.267171,2026-07-07T10:12:19.278335+00:00,153.7,50,ask,,,10704046
2026-07-07T10:12:21.374293,2026-07-07T10:12:21.386151+00:00,153.7,50,ask,,,10704073
2026-07-07T10:12:22.170689,2026-07-07T10:12:22.179843+00:00,153.9,11,bid,,,10704081
2026-07-07T10:12:23.375036,2026-07-07T10:12:23.386996+00:00,153.9,47,bid,,,10704099
2026-07-07T10:12:23.517131,2026-07-07T10:12:23.523722+00:00,153.7,50,ask,,,10704102
2026-07-07T10:12:24.540982,2026-07-07T10:12:24.552430+00:00,153.9,47,bid,,,10704116
2026-07-07T10:12:25.624246,2026-07-07T10:12:25.636031+00:00,153.8,36,ask,,,10704137
2026-07-07T10:12:25.624246,2026-07-07T10:12:25.636031+00:00,153.7,14,ask,,,10704138
2026-07-07T10:12:27.758673,2026-07-07T10:12:27.770257+00:00,153.7,50,ask,,,10704178
2026-07-07T10:12:29.288031,2026-07-07T10:12:29.300494+00:00,153.7,40,ask,,,10704200
2026-07-07T10:12:29.815446,2026-07-07T10:12:29.827184+00:00,153.9,50,bid,,,10704209
2026-07-07T10:12:31.992060,2026-07-07T10:12:32.003880+00:00,153.6,12,ask,,,10704244
2026-07-07T10:12:31.992060,2026-07-07T10:12:32.003880+00:00,153.6,38,ask,,,10704245
2026-07-07T10:12:32.570970,2026-07-07T10:12:32.580317+00:00,153.6,40,ask,,,10704260
2026-07-07T10:12:35.682009,2026-07-07T10:12:35.691522+00:00,153.8,45,bid,,,10704315
2026-07-07T10:12:36.173317,2026-07-07T10:12:36.189667+00:00,153.8,50,bid,,,10704319
2026-07-07T10:12:36.364979,2026-07-07T10:12:36.373498+00:00,153.8,12,bid,,,10704324
2026-07-07T10:12:37.435495,2026-07-07T10:12:37.447822+00:00,153.8,43,bid,,,10704348
2026-07-07T10:12:37.435495,2026-07-07T10:12:37.447822+00:00,154.0,2,bid,,,10704349
