timestamp,recv_time,price,volume,aggressor_side,buyer,seller,trade_id
2026-07-07T00:00:00.738587,2026-07-07T00:00:00.745534+00:00,155.4,100,bid,,,10104994
2026-07-07T00:00:01.851277,2026-07-07T00:00:01.809655+00:00,155.9,50,bid,,,10105014
2026-07-07T00:00:03.881867,2026-07-07T00:00:03.893442+00:00,155.6,43,ask,,,10105044
2026-07-07T00:00:04.011848,2026-07-07T00:00:04.021123+00:00,155.6,50,ask,,,10105047
2026-07-07T00:00:05.626999,2026-07-07T00:00:05.634708+00:00,155.8,47,bid,,,10105072
2026-07-07T00:00:06.118762,2026-07-07T00:00:06.129909+00:00,155.3,50,ask,,,10105086
2026-07-07T00:00:06.623184,2026-07-07T00:00:06.635013+00:00,155.3,49,ask,,,10105088
2026-07-07T00:00:08.224713,2026-07-07T00:00:08.236215+00:00,155.2,50,ask,,,10105104
2026-07-07T00:00:10.333647,2026-07-07T00:00:10.345165+00:00,155.4,50,ask,,,10105127
2026-07-07T00:00:11.342191,2026-07-07T00:00:11.363846+00:00,155.7,45,bid,,,10105136
2026-07-07T00:00:12.440107,2026-07-07T00:00:12.458564+00:00,155.4,50,ask,,,10105153
2026-07-07T00:00:12.495122,2026-07-07T00:00:12.506962+00:00,155.4,43,ask,,,10105155
2026-07-07T00:00:13.123224,2026-07-07T00:00:13.134848+00:00,155.4,7,ask,,,10105159
2026-07-07T00:00:13.123224,2026-07-07T00:00:13.134848+00:00,155.4,33,ask,,,10105160
2026-07-07T00:00:13.445068,2026-07-07T00:00:13.493377+00:00,155.4,67,ask,,,10105163
2026-07-07T00:00:13.459529,2026-07-07T00:00:13.493377+00:00,155.2,14,bid,,,10105164
2026-07-07T00:00:14.130687,2026-07-07T00:00:14.138626+00:00,155.2,12,bid,,,10105176
2026-07-07T00:00:14.232939,2026-07-07T00:00:14.244545+00:00,155.2,9,bid,,,10105178
2026-07-07T00:00:14.232939,2026-07-07T00:00:14.244545+00:00,155.9,40,bid,,,10105179
2026-07-07T00:00:14.547339,2026-07-07T00:00:14.559030+00:00,154.7,50,ask,,,10105183
2026-07-07T00:00:16.548328,2026-07-07T00:00:16.556164+00:00,155.3,12,ask,,,10105209
2026-07-07T00:00:16.655221,2026-07-07T00:00:16.656315+00:00,155.3,50,ask,,,10105211
2026-07-07T00:00:17.372232,2026-07-07T00:00:17.384342+00:00,155.3,38,ask,,,10105228
2026-07-07T00:00:17.372232,2026-07-07T00:00:17.384342+00:00,155.1,5,ask,,,10105229
2026-07-07T00:00:18.761125,2026-07-07T00:00:18.769308+00:00,155.1,50,ask,,,10105245
2026-07-07T00:00:20.247014,2026-07-07T00:00:20.258757+00:00,155.2,43,bid,,,10105266
2026-07-07T00:00:20.779859,2026-07-07T00:00:20.790838+00:00,155.2,47,bid,,,10105277
2026-07-07T00:00:20.868329,2026-07-07T00:00:20.879837+00:00,154.8,50,ask,,,10105278
2026-07-07T00:00:22.924306,2026-07-07T00:00:22.935796+00:00,155.7,50,bid,,,10105314
2026-07-07T00:00:22.933660,2026-07-07T00:00:22.938477+00:00,155.2,100,ask,,,10105315
2026-07-07T00:00:23.156406,2026-07-07T00:00:23.174221+00:00,154.6,41,ask,,,10105317
2026-07-07T00:00:23.165513,2026-07-07T00:00:23.174221+00:00,155.1,23,bid,,,10105318
2026-07-07T00:00:24.617685,2026-07-07T00:00:24.625299+00:00,155.1,27,bid,,,10105339
2026-07-07T00:00:25.082337,2026-07-07T00:00:25.094118+00:00,155.1,50,ask,,,10105343
2026-07-07T00:00:25.782815,2026-07-07T00:00:25.794551+00:00,155.1,23,ask,,,10105348
2026-07-07T00:00:26.855699,2026-07-07T00:00:26.867523+00:00,155.2,49,ask,,,10105364
2026-07-07T00:00:27.138723,2026-07-07T00:00:27.158658+00:00,155.6,50,bid,,,10105371
2026-07-07T00:00:28.070831,2026-07-07T00:00:28.082443+00:00,155.2,23,ask,,,10105379
2026-07-07T00:00:29.480090,2026-07-07T00:00:29.495645+00:00,155.0,50,ask,,,10105397
2026-07-07T00:00:31.586515,2026-07-07T00:00:31.598028+00:00,154.7,50,ask,,,10105417
2026-07-07T00:00:32.122076,2026-07-07T00:00:32.130757+00:00,155.2,12,bid,,,10105428
2026-07-07T00:00:33.693616,2026-07-07T00:00:33.705162+00:00,154.9,50,ask,,,10105446
2026-07-07T00:00:35.563210,2026-07-07T00:00:35.579784+00:00,155.2,46,bid,,,10105464
2026-07-07T00:00:35.749473,2026-07-07T00:00:35.751733+00:00,155.2,50,bid,,,10105466
2026-07-07T00:00:35.807657,2026-07-07T00:00:35.816058+00:00,155.0,11,bid,,,10105467
2026-07-07T00:00:35.901217,2026-07-07T00:00:35.909961+00:00,155.0,12,bid,,,10105470
2026-07-07T00:00:37.284596,2026-07-07T00:00:37.294587+00:00,155.0,100,bid,,,10105483
2026-07-07T00:00:37.364909,2026-07-07T00:00:37.373489+00:00,155.0,11,bid,,,10105484
2026-07-07T00:00:37.856725,2026-07-07T00:00:37.868476+00:00,155.0,16,bid,,,10105489
2026-07-07T00:00:37.856725,2026-07-07T00:00:37.868476+00:00,155.5,34,bid,,,10105490
2026-07-07T00:00:38.934830,2026-07-07T00:00:38.944340+00:00,155.2,11,ask,,,10105507
2026-07-07T00:00:39.963450,2026-07-07T00:00:39.974944+00:00,155.5,50,bid,,,10105518
2026-07-07T00:00:40.786500,2026-07-07T00:00:40.794891+00:00,155.2,12,ask,,,10105525
2026-07-07T00:00:42.070629,2026-07-07T00:00:42.082484+00:00,155.6,50,bid,,,10105545
2026-07-07T00:00:43.683208,2026-07-07T00:00:43.694914+00:00,155.7,46,bid,,,10105573
2026-07-07T00:00:44.176128,2026-07-07T00:00:44.184529+00:00,155.7,50,bid,,,10105579
2026-07-07T00:00:44.277284,2026-07-07T00:00:44.285301+00:00,155.2,49,ask,,,10105580
2026-07-07T00:00:46.282818,2026-07-07T00:00:46.294686+00:00,155.7,50,bid,,,10105606
2026-07-07T00:00:47.291766,2026-07-07T00:00:47.299189+00:00,155.9,40,bid,,,10105623
2026-07-07T00:00:48.388689,2026-07-07T00:00:48.399201+00:00,155.9,50,bid,,,10105639
2026-07-07T00:00:48.464947,2026-07-07T00:00:48.473669+00:00,155.6,23,ask,,,10105642
2026-07-07T00:00:49.952035,2026-07-07T00:00:49.961279+00:00,155.7,11,ask,,,10105660
2026-07-07T00:00:50.384236,2026-07-07T00:00:50.396058+00:00,155.7,44,ask,,,10105673
2026-07-07T00:00:50.546759,2026-07-07T00:00:50.558328+00:00,155.7,45,ask,,,10105676
2026-07-07T00:00:52.655299,2026-07-07T00:00:52.667138+00:00,155.5,50,ask,,,10105699
2026-07-07T00:00:53.578407,2026-07-07T00:00:53.590259+00:00,155.5,42,ask,,,10105713
2026-07-07T00:00:54.763473,2026-07-07T00:00:54.775153+00:00,155.3,50,ask,,,10105728
2026-07-07T00:00:56.701851,2026-07-07T00:00:56.716223+00:00,155.5,45,bid,,,10105752
2026-07-07T00:00:56.869804,2026-07-07T00:00:56.881660+00:00,155.0,50,ask,,,10105753
2026-07-07T00:00:58.360856,2026-07-07T00:00:58.369519+00:00,155.4,11,bid,,,10105774
2026-07-07T00:00:58.975662,2026-07-07T00:00:58.987449+00:00,155.0,50,ask,,,10105784
2026-07-07T00:00:59.782517,2026-07-07T00:00:59.794371+00:00,155.4,44,bid,,,10105794
2026-07-07T00:01:01.082494,2026-07-07T00:01:01.094144+00:00,155.0,50,ask,,,10105806
2026-07-07T00:01:02.651196,2026-07-07T00:01:02.660295+00:00,155.2,23,bid,,,10105834
2026-07-07T00:01:02.992920,2026-07-07T00:01:03.063865+00:00,155.2,40,bid,,,10105841
2026-07-07T00:01:03.191133,2026-07-07T00:01:03.197671+00:00,155.0,50,ask,,,10105842
2026-07-07T00:01:03.606139,2026-07-07T00:01:03.615000+00:00,155.2,12,bid,,,10105852
2026-07-07T00:01:04.266609,2026-07-07T00:01:04.270073+00:00,155.2,25,bid,,,10105856
2026-07-07T00:01:05.300800,2026-07-07T00:01:05.310430+00:00,155.2,50,ask,,,10105865
2026-07-07T00:01:05.315810,2026-07-07T00:01:05.325331+00:00,155.2,45,ask,,,10105866
2026-07-07T00:01:07.423788,2026-07-07T00:01:07.435677+00:00,155.2,50,ask,,,10105896
2026-07-07T00:01:07.491312,2026-07-07T00:01:07.499093+00:00,155.2,50,ask,,,10105897
2026-07-07T00:01:07.557044,2026-07-07T00:01:07.568671+00:00,155.1,45,bid,,,10105898
2026-07-07T00:01:07.610276,2026-07-07T00:01:07.621789+00:00,154.6,47,ask,,,10105899
2026-07-07T00:01:09.174665,2026-07-07T00:01:09.185262+00:00,155.1,47,bid,,,10105929
2026-07-07T00:01:09.530820,2026-07-07T00:01:09.542665+00:00,154.6,50,ask,,,10105937
2026-07-07T00:01:10.332858,2026-07-07T00:01:10.363706+00:00,154.6,48,ask,,,10105947
2026-07-07T00:01:11.450850,2026-07-07T00:01:11.458573+00:00,154.9,45,bid,,,10105963
2026-07-07T00:01:11.505503,2026-07-07T00:01:11.512960+00:00,154.6,46,ask,,,10105966
2026-07-07T00:01:11.659332,2026-07-07T00:01:11.669053+00:00,154.6,50,ask,,,10105968
2026-07-07T00:01:12.571043,2026-07-07T00:01:12.579214+00:00,154.8,44,bid,,,10105977
2026-07-07T00:01:12.859893,2026-07-07T00:01:12.869972+00:00,154.8,11,bid,,,10105981
2026-07-07T00:01:13.716360,2026-07-07T00:01:13.723521+00:00,154.8,45,bid,,,10105994
2026-07-07T00:01:17.952224,2026-07-07T00:01:17.968724+00:00,154.8,50,bid,,,10106050
2026-07-07T00:01:20.058970,2026-07-07T00:01:20.070604+00:00,155.0,50,bid,,,10106083
2026-07-07T00:01:20.601635,2026-07-07T00:01:20.613373+00:00,154.6,43,ask,,,10106093
2026-07-07T00:01:22.167573,2026-07-07T00:01:22.179208+00:00,155.1,50,bid,,,10106119
2026-07-07T00:01:24.274231,2026-07-07T00:01:24.280831+00:00,155.1,50,bid,,,10106147
2026-07-07T00:01:24.719932,2026-07-07T00:01:24.731664+00:00,154.8,47,ask,,,10106152
2026-07-07T00:01:26.385501,2026-07-07T00:01:26.394163+00:00,155.3,50,bid,,,10106170
2026-07-07T00:01:27.297984,2026-07-07T00:01:27.310119+00:00,154.8,11,ask,,,10106176
2026-07-07T00:01:28.492646,2026-07-07T00:01:28.504174+00:00,154.9,50,bid,,,10106192
2026-07-07T00:01:30.604292,2026-07-07T00:01:30.616128+00:00,155.1,50,bid,,,10106217
2026-07-07T00:01:32.540458,2026-07-07T00:01:32.548346+00:00,154.8,12,ask,,,10106249
2026-07-07T00:01:32.710525,2026-07-07T00:01:32.721909+00:00,155.3,50,bid,,,10106252
2026-07-07T00:01:32.800539,2026-07-07T00:01:32.809246+00:00,154.8,11,ask,,,10106253
2026-07-07T00:01:33.299758,2026-07-07T00:01:33.311216+00:00,155.1,44,bid,,,10106264
2026-07-07T00:01:33.353687,2026-07-07T00:01:33.365478+00:00,154.8,41,ask,,,10106265
2026-07-07T00:01:34.816843,2026-07-07T00:01:34.828361+00:00,155.0,50,bid,,,10106285
2026-07-07T00:01:35.627068,2026-07-07T00:01:35.638610+00:00,155.0,41,bid,,,10106293
2026-07-07T00:01:36.230793,2026-07-07T00:01:36.242568+00:00,154.8,44,ask,,,10106307
2026-07-07T00:01:36.923171,2026-07-07T00:01:36.934995+00:00,155.0,9,bid,,,10106315
2026-07-07T00:01:37.140658,2026-07-07T00:01:37.158572+00:00,154.8,41,ask,,,10106320
2026-07-07T00:01:37.395350,2026-07-07T00:01:37.404593+00:00,154.9,12,ask,,,10106326
2026-07-07T00:01:39.083503,2026-07-07T00:01:39.093449+00:00,154.9,50,ask,,,10106347
2026-07-07T00:01:39.134571,2026-07-07T00:01:39.146002+00:00,154.9,38,ask,,,10106349
2026-07-07T00:01:41.190304,2026-07-07T00:01:41.201878+00:00,154.5,50,ask,,,10106386
2026-07-07T00:01:43.299155,2026-07-07T00:01:43.310597+00:00,154.5,50,ask,,,10106416
2026-07-07T00:01:43.770104,2026-07-07T00:01:43.778313+00:00,154.5,12,bid,,,10106422
2026-07-07T00:01:45.409990,2026-07-07T00:01:45.417729+00:00,154.3,50,ask,,,10106447
2026-07-07T00:01:47.515908,2026-07-07T00:01:47.527402+00:00,154.3,50,ask,,,10106466
2026-07-07T00:01:48.622931,2026-07-07T00:01:48.634414+00:00,154.2,100,ask,,,10106475
2026-07-07T00:01:48.635680,2026-07-07T00:01:48.643379+00:00,154.2,11,bid,,,10106477
2026-07-07T00:01:49.622898,2026-07-07T00:01:49.634662+00:00,153.7,50,ask,,,10106491
2026-07-07T00:01:50.917598,2026-07-07T00:01:50.926257+00:00,153.9,12,bid,,,10106503
2026-07-07T00:01:51.022346,2026-07-07T00:01:51.030251+00:00,153.9,11,bid,,,10106507
2026-07-07T00:01:51.737252,2026-07-07T00:01:51.746910+00:00,153.9,77,bid,,,10106520
2026-07-07T00:01:51.737461,2026-07-07T00:01:51.746910+00:00,154.0,50,ask,,,10106521
2026-07-07T00:01:52.265124,2026-07-07T00:01:52.274934+00:00,154.0,11,ask,,,10106529
2026-07-07T00:01:53.843383,2026-07-07T00:01:53.858555+00:00,154.0,12,ask,,,10106545
2026-07-07T00:01:53.843383,2026-07-07T00:01:53.858555+00:00,153.7,38,ask,,,10106546
2026-07-07T00:01:54.954590,2026-07-07T00:01:54.966063+00:00,153.7,62,ask,,,10106556
2026-07-07T00:01:54.967389,2026-07-07T00:01:54.974609+00:00,153.7,11,bid,,,10106557
2026-07-07T00:01:55.952572,2026-07-07T00:01:55.964319+00:00,153.2,50,ask,,,10106571
2026-07-07T00:01:56.016435,2026-07-07T00:01:56.023117+00:00,153.7,40,bid,,,10106572
2026-07-07T00:01:56.185739,2026-07-07T00:01:56.193862+00:00,153.7,11,bid,,,10106576
2026-07-07T00:01:57.496259,2026-07-07T00:01:57.504786+00:00,153.7,26,bid,,,10106599
2026-07-07T00:01:57.496259,2026-07-07T00:01:57.504786+00:00,154.0,17,bid,,,10106600
2026-07-07T00:01:58.059589,2026-07-07T00:01:58.069601+00:00,153.5,50,ask,,,10106609
2026-07-07T00:01:59.041590,2026-07-07T00:01:59.053171+00:00,154.0,49,bid,,,10106626
2026-07-07T00:02:00.168253,2026-07-07T00:02:00.176113+00:00,153.5,50,ask,,,10106652
2026-07-07T00:02:01.549495,2026-07-07T00:02:01.558575+00:00,153.3,43,ask,,,10106675
2026-07-07T00:02:02.224597,2026-07-07T00:02:02.236208+00:00,153.6,50,bid,,,10106681
2026-07-07T00:02:02.782386,2026-07-07T00:02:02.791729+00:00,153.6,12,bid,,,10106696
2026-07-07T00:02:03.107993,2026-07-07T00:02:03.119560+00:00,153.6,45,bid,,,10106704
2026-07-07T00:02:04.337390,2026-07-07T00:02:04.348835+00:00,153.6,43,bid,,,10106721
2026-07-07T00:02:04.337390,2026-07-07T00:02:04.348835+00:00,153.7,7,bid,,,10106722
2026-07-07T00:02:04.394769,2026-07-07T00:02:04.402985+00:00,153.7,93,bid,,,10106723
2026-07-07T00:02:06.445258,2026-07-07T00:02:06.451725+00:00,154.2,50,bid,,,10106755
2026-07-07T00:02:08.065141,2026-07-07T00:02:08.072943+00:00,153.7,12,ask,,,10106777
2026-07-07T00:02:10.656461,2026-07-07T00:02:10.653642+00:00,154.1,50,bid,,,10106818
2026-07-07T00:02:12.765007,2026-07-07T00:02:12.779242+00:00,154.0,50,bid,,,10106845
2026-07-07T00:02:12.868989,2026-07-07T00:02:12.880694+00:00,153.6,48,ask,,,10106848
2026-07-07T00:02:14.820908,2026-07-07T00:02:14.832643+00:00,153.8,49,ask,,,10106884
2026-07-07T00:02:14.871033,2026-07-07T00:02:14.882429+00:00,154.1,50,bid,,,10106886
2026-07-07T00:02:17.923099,2026-07-07T00:02:17.934605+00:00,154.1,44,bid,,,10106926
2026-07-07T00:02:19.084863,2026-07-07T00:02:19.096515+00:00,154.1,50,bid,,,10106939
2026-07-07T00:02:20.214042,2026-07-07T00:02:20.221831+00:00,154.0,22,ask,,,10106954
2026-07-07T00:02:23.299208,2026-07-07T00:02:23.306152+00:00,154.5,50,bid,,,10106991
2026-07-07T00:02:23.785245,2026-07-07T00:02:23.797944+00:00,154.1,12,ask,,,10106996
2026-07-07T00:02:25.408463,2026-07-07T00:02:25.420290+00:00,154.4,50,bid,,,10107014
2026-07-07T00:02:27.584734,2026-07-07T00:02:27.596660+00:00,154.1,50,ask,,,10107051
2026-07-07T00:02:29.696314,2026-07-07T00:02:29.710766+00:00,154.2,50,ask,,,10107074
2026-07-07T00:02:31.803334,2026-07-07T00:02:31.815277+00:00,154.2,50,ask,,,10107100
2026-07-07T00:02:33.939532,2026-07-07T00:02:33.950693+00:00,154.2,44,ask,,,10107120
2026-07-07T00:02:38.076594,2026-07-07T00:02:38.080366+00:00,154.3,48,bid,,,10107163
2026-07-07T00:02:38.079797,2026-07-07T00:02:38.086059+00:00,154.3,50,bid,,,10107164
2026-07-07T00:02:40.063011,2026-07-07T00:02:40.071717+00:00,154.3,2,bid,,,10107184
2026-07-07T00:02:40.236165,2026-07-07T00:02:40.242835+00:00,154.1,50,ask,,,10107190
2026-07-07T00:02:42.342316,2026-07-07T00:02:42.358569+00:00,154.1,50,ask,,,10107215
2026-07-07T00:02:44.448987,2026-07-07T00:02:44.458557+00:00,154.0,50,ask,,,10107252
2026-07-07T00:02:45.805061,2026-07-07T00:02:45.815869+00:00,154.2,49,bid,,,10107273
2026-07-07T00:02:46.047659,2026-07-07T00:02:46.055753+00:00,154.2,12,bid,,,10107277
2026-07-07T00:02:46.072865,2026-07-07T00:02:46.081299+00:00,154.2,22,bid,,,10107280
2026-07-07T00:02:46.282017,2026-07-07T00:02:46.293730+00:00,153.8,45,ask,,,10107287
2026-07-07T00:02:46.555802,2026-07-07T00:02:46.567657+00:00,153.8,50,ask,,,10107293
2026-07-07T00:02:48.664946,2026-07-07T00:02:48.676512+00:00,154.0,50,ask,,,10107324
2026-07-07T00:02:49.406375,2026-07-07T00:02:49.418017+00:00,154.5,46,bid,,,10107334
2026-07-07T00:02:49.936065,2026-07-07T00:02:49.947723+00:00,154.2,46,ask,,,10107341
2026-07-07T00:02:50.772371,2026-07-07T00:02:50.783938+00:00,154.2,50,ask,,,10107352
2026-07-07T00:02:51.557096,2026-07-07T00:02:51.563705+00:00,154.6,41,bid,,,10107359
2026-07-07T00:02:52.191652,2026-07-07T00:02:52.203177+00:00,154.1,45,ask,,,10107365
2026-07-07T00:02:52.879599,2026-07-07T00:02:52.886312+00:00,154.1,50,ask,,,10107372
2026-07-07T00:02:53.280568,2026-07-07T00:02:53.289726+00:00,154.5,47,bid,,,10107376
2026-07-07T00:02:53.746965,2026-07-07T00:02:53.758419+00:00,154.0,40,ask,,,10107384
2026-07-07T00:02:53.945843,2026-07-07T00:02:53.953643+00:00,154.5,12,bid,,,10107388
2026-07-07T00:02:54.363902,2026-07-07T00:02:54.375778+00:00,154.5,46,bid,,,10107392
2026-07-07T00:02:54.988644,2026-07-07T00:02:54.998775+00:00,154.0,50,ask,,,10107399
2026-07-07T00:02:55.015222,2026-07-07T00:02:55.023075+00:00,154.5,100,bid,,,10107400
2026-07-07T00:02:55.264887,2026-07-07T00:02:55.274456+00:00,154.5,34,ask,,,10107406
2026-07-07T00:02:56.582992,2026-07-07T00:02:56.594427+00:00,154.5,16,ask,,,10107422
2026-07-07T00:02:56.595611,2026-07-07T00:02:56.603736+00:00,154.4,11,bid,,,10107424
2026-07-07T00:02:57.043628,2026-07-07T00:02:57.055204+00:00,154.4,50,bid,,,10107427
2026-07-07T00:02:57.356302,2026-07-07T00:02:57.363752+00:00,153.9,48,ask,,,10107436
2026-07-07T00:02:58.265705,2026-07-07T00:02:58.273806+00:00,154.1,23,bid,,,10107443
2026-07-07T00:02:59.152169,2026-07-07T00:02:59.164040+00:00,154.1,50,bid,,,10107454
2026-07-07T00:02:59.696551,2026-07-07T00:02:59.705869+00:00,154.1,77,bid,,,10107459
2026-07-07T00:02:59.836974,2026-07-07T00:02:59.848458+00:00,154.7,41,bid,,,10107461
2026-07-07T00:03:01.310760,2026-07-07T00:03:01.318876+00:00,154.2,23,ask,,,10107481
2026-07-07T00:03:03.417529,2026-07-07T00:03:03.425193+00:00,154.3,50,ask,,,10107508
2026-07-07T00:03:04.007596,2026-07-07T00:03:04.019048+00:00,154.3,42,ask,,,10107516
2026-07-07T00:03:05.523809,2026-07-07T00:03:05.535190+00:00,154.0,50,ask,,,10107538
2026-07-07T00:03:05.960045,2026-07-07T00:03:05.968674+00:00,154.5,45,bid,,,10107546
2026-07-07T00:03:07.630107,2026-07-07T00:03:07.641838+00:00,154.1,50,ask,,,10107573
2026-07-07T00:03:09.693165,2026-07-07T00:03:09.701706+00:00,154.2,50,bid,,,10107597
2026-07-07T00:03:10.207560,2026-07-07T00:03:10.218133+00:00,154.2,44,bid,,,10107605
2026-07-07T00:03:11.030675,2026-07-07T00:03:11.039623+00:00,154.2,6,bid,,,10107618
2026-07-07T00:03:11.799983,2026-07-07T00:03:11.811397+00:00,154.4,50,bid,,,10107635
2026-07-07T00:03:13.351415,2026-07-07T00:03:13.359646+00:00,154.4,5,bid,,,10107656
2026-07-07T00:03:13.907809,2026-07-07T00:03:13.914501+00:00,154.4,50,bid,,,10107662
2026-07-07T00:03:14.030088,2026-07-07T00:03:14.038561+00:00,154.6,11,ask,,,10107664
2026-07-07T00:03:14.729782,2026-07-07T00:03:14.737479+00:00,154.6,41,ask,,,10107677
2026-07-07T00:03:16.013087,2026-07-07T00:03:16.024894+00:00,154.9,50,bid,,,10107691
2026-07-07T00:03:17.206673,2026-07-07T00:03:17.218275+00:00,154.4,41,ask,,,10107704
2026-07-07T00:03:18.120097,2026-07-07T00:03:18.126631+00:00,154.9,50,bid,,,10107709
2026-07-07T00:03:18.879143,2026-07-07T00:03:18.887067+00:00,154.6,12,ask,,,10107721
2026-07-07T00:03:19.425498,2026-07-07T00:03:19.435875+00:00,154.9,48,bid,,,10107730
2026-07-07T00:03:19.479842,2026-07-07T00:03:19.491516+00:00,154.6,45,ask,,,10107731
2026-07-07T00:03:20.074597,2026-07-07T00:03:20.086109+00:00,154.6,43,ask,,,10107741
2026-07-07T00:03:20.074597,2026-07-07T00:03:20.086109+00:00,154.4,4,ask,,,10107742
2026-07-07T00:03:20.226354,2026-07-07T00:03:20.238021+00:00,154.9,50,bid,,,10107743
2026-07-07T00:03:20.364697,2026-07-07T00:03:20.373915+00:00,154.9,11,ask,,,10107744
2026-07-07T00:03:20.555714,2026-07-07T00:03:20.567356+00:00,155.1,44,bid,,,10107748
2026-07-07T00:03:22.354847,2026-07-07T00:03:22.354336+00:00,155.0,50,bid,,,10107767
2026-07-07T00:03:23.595361,2026-07-07T00:03:23.607002+00:00,154.9,45,ask,,,10107778
2026-07-07T00:03:26.562617,2026-07-07T00:03:26.574096+00:00,155.2,50,bid,,,10107816
2026-07-07T00:03:28.333905,2026-07-07T00:03:28.340473+00:00,154.8,42,ask,,,10107837
2026-07-07T00:03:28.670473,2026-07-07T00:03:28.676944+00:00,155.2,50,bid,,,10107845
2026-07-07T00:03:28.924728,2026-07-07T00:03:28.936442+00:00,155.2,44,bid,,,10107853
2026-07-07T00:03:29.845707,2026-07-07T00:03:29.854019+00:00,155.0,11,ask,,,10107858
2026-07-07T00:03:30.462953,2026-07-07T00:03:30.471644+00:00,155.0,43,ask,,,10107871
2026-07-07T00:03:30.778057,2026-07-07T00:03:30.789616+00:00,155.3,50,bid,,,10107875
2026-07-07T00:03:32.886544,2026-07-07T00:03:32.897918+00:00,155.4,50,bid,,,10107894
2026-07-07T00:03:35.153477,2026-07-07T00:03:35.165062+00:00,155.4,46,bid,,,10107923
2026-07-07T00:03:36.898026,2026-07-07T00:03:36.909538+00:00,155.0,40,ask,,,10107955
2026-07-07T00:03:37.118986,2026-07-07T00:03:37.130606+00:00,155.5,50,bid,,,10107961
2026-07-07T00:03:38.638487,2026-07-07T00:03:38.658597+00:00,155.5,43,bid,,,10107976
2026-07-07T00:03:39.227564,2026-07-07T00:03:39.234908+00:00,155.5,50,bid,,,10107984
2026-07-07T00:03:39.385367,2026-07-07T00:03:39.394104+00:00,155.6,49,ask,,,10107995
2026-07-07T00:03:41.362894,2026-07-07T00:03:41.374673+00:00,155.9,50,bid,,,10108022
2026-07-07T00:03:42.532534,2026-07-07T00:03:42.544078+00:00,155.4,100,ask,,,10108034
2026-07-07T00:03:43.469994,2026-07-07T00:03:43.481441+00:00,155.4,50,bid,,,10108048
2026-07-07T00:03:44.956542,2026-07-07T00:03:44.968063+00:00,155.0,44,ask,,,10108067
2026-07-07T00:03:45.600147,2026-07-07T00:03:45.611623+00:00,155.5,50,bid,,,10108076
2026-07-07T00:03:45.641247,2026-07-07T00:03:45.658733+00:00,155.5,50,bid,,,10108077
2026-07-07T00:03:47.707141,2026-07-07T00:03:47.714041+00:00,155.8,50,bid,,,10108102
2026-07-07T00:03:49.438429,2026-07-07T00:03:49.445121+00:00,155.3,49,ask,,,10108125
2026-07-07T00:03:49.875205,2026-07-07T00:03:49.884455+00:00,155.3,50,ask,,,10108132
2026-07-07T00:03:49.955615,2026-07-07T00:03:49.957532+00:00,155.7,48,bid,,,10108134
2026-07-07T00:03:53.618743,2026-07-07T00:03:53.627260+00:00,155.1,41,ask,,,10108189
2026-07-07T00:03:54.036287,2026-07-07T00:03:54.047405+00:00,155.4,50,bid,,,10108194
2026-07-07T00:03:54.191311,2026-07-07T00:03:54.203119+00:00,155.4,41,bid,,,10108197
2026-07-07T00:03:56.142523,2026-07-07T00:03:56.164027+00:00,155.4,9,bid,,,10108220
2026-07-07T00:03:56.142523,2026-07-07T00:03:56.164027+00:00,155.8,41,bid,,,10108221
2026-07-07T00:03:58.032082,2026-07-07T00:03:58.063694+00:00,155.8,40,bid,,,10108251
2026-07-07T00:03:59.150820,2026-07-07T00:03:59.163652+00:00,155.8,44,ask,,,10108270
2026-07-07T00:04:00.406118,2026-07-07T00:04:00.417702+00:00,155.8,50,ask,,,10108290
2026-07-07T00:04:00.610004,2026-07-07T00:04:00.621660+00:00,155.8,49,ask,,,10108293
2026-07-07T00:04:01.515061,2026-07-07T00:04:01.526366+00:00,155.7,100,ask,,,10108301
2026-07-07T00:04:02.076497,2026-07-07T00:04:02.083572+00:00,155.7,45,bid,,,10108305
2026-07-07T00:04:02.461882,2026-07-07T00:04:02.473386+00:00,155.7,5,bid,,,10108313
2026-07-07T00:04:02.461882,2026-07-07T00:04:02.473386+00:00,156.2,45,bid,,,10108314
2026-07-07T00:04:04.278998,2026-07-07T00:04:04.290371+00:00,156.0,47,bid,,,10108343
2026-07-07T00:04:04.623687,2026-07-07T00:04:04.631414+00:00,155.5,50,ask,,,10108351
2026-07-07T00:04:05.864025,2026-07-07T00:04:05.875520+00:00,155.8,49,ask,,,10108367
2026-07-07T00:04:06.729788,2026-07-07T00:04:06.741337+00:00,155.8,50,ask,,,10108374
2026-07-07T00:04:08.838629,2026-07-07T00:04:08.850334+00:00,155.8,50,ask,,,10108404
2026-07-07T00:04:09.931136,2026-07-07T00:04:09.943023+00:00,156.1,46,bid,,,10108418
2026-07-07T00:04:10.950568,2026-07-07T00:04:10.958576+00:00,155.6,50,ask,,,10108435
2026-07-07T00:04:13.057447,2026-07-07T00:04:13.069272+00:00,155.7,50,ask,,,10108461
2026-07-07T00:04:15.148902,2026-07-07T00:04:15.163689+00:00,155.6,47,ask,,,10108494
2026-07-07T00:04:15.162436,2026-07-07T00:04:15.169085+00:00,155.6,50,ask,,,10108495
2026-07-07T00:04:15.264914,2026-07-07T00:04:15.274136+00:00,155.9,3,bid,,,10108497
2026-07-07T00:04:16.254498,2026-07-07T00:04:16.263775+00:00,156.1,42,bid,,,10108508
2026-07-07T00:04:17.276343,2026-07-07T00:04:17.286954+00:00,155.7,50,ask,,,10108525
2026-07-07T00:04:18.166829,2026-07-07T00:04:18.173681+00:00,155.8,43,ask,,,10108537
2026-07-07T00:04:19.382420,2026-07-07T00:04:19.393979+00:00,155.8,50,ask,,,10108553
2026-07-07T00:04:20.525650,2026-07-07T00:04:20.533997+00:00,155.8,34,bid,,,10108566
2026-07-07T00:04:20.890921,2026-07-07T00:04:20.899048+00:00,155.8,48,bid,,,10108571
2026-07-07T00:04:21.161111,2026-07-07T00:04:21.168995+00:00,155.8,12,bid,,,10108575
2026-07-07T00:04:21.489325,2026-07-07T00:04:21.500853+00:00,155.7,50,ask,,,10108583
2026-07-07T00:04:22.427145,2026-07-07T00:04:22.439086+00:00,155.8,46,bid,,,10108593
2026-07-07T00:04:23.596664,2026-07-07T00:04:23.608506+00:00,155.7,50,ask,,,10108619
2026-07-07T00:04:23.620223,2026-07-07T00:04:23.628854+00:00,155.9,12,ask,,,10108620
2026-07-07T00:04:24.453258,2026-07-07T00:04:24.462740+00:00,155.9,11,ask,,,10108633
2026-07-07T00:04:25.197742,2026-07-07T00:04:25.209365+00:00,155.9,100,ask,,,10108644
2026-07-07T00:04:25.488197,2026-07-07T00:04:25.499824+00:00,155.9,27,ask,,,10108654
2026-07-07T00:04:25.488197,2026-07-07T00:04:25.499824+00:00,155.3,17,ask,,,10108655
2026-07-07T00:04:25.703181,2026-07-07T00:04:25.710981+00:00,155.3,50,ask,,,10108657
2026-07-07T00:04:26.822204,2026-07-07T00:04:26.830228+00:00,155.3,33,ask,,,10108672
2026-07-07T00:04:27.070933,2026-07-07T00:04:27.080119+00:00,155.2,45,bid,,,10108673
2026-07-07T00:04:27.809740,2026-07-07T00:04:27.817275+00:00,154.7,50,ask,,,10108686
2026-07-07T00:04:29.221903,2026-07-07T00:04:29.233637+00:00,155.2,47,bid,,,10108711
2026-07-07T00:04:29.694525,2026-07-07T00:04:29.703470+00:00,155.2,25,bid,,,10108721
2026-07-07T00:04:29.866541,2026-07-07T00:04:29.878601+00:00,155.6,50,bid,,,10108723
2026-07-07T00:04:29.928900,2026-07-07T00:04:29.936668+00:00,155.6,50,bid,,,10108724
2026-07-07T00:04:29.990415,2026-07-07T00:04:29.997778+00:00,155.7,36,ask,,,10108726
2026-07-07T00:04:30.716598,2026-07-07T00:04:30.727965+00:00,155.7,42,ask,,,10108737
2026-07-07T00:04:31.206707,2026-07-07T00:04:31.218442+00:00,156.2,40,bid,,,10108742
2026-07-07T00:04:31.993026,2026-07-07T00:04:31.999281+00:00,156.1,50,bid,,,10108756
2026-07-07T00:04:32.315980,2026-07-07T00:04:32.324180+00:00,155.7,11,ask,,,10108759
2026-07-07T00:04:32.828009,2026-07-07T00:04:32.858585+00:00,155.7,11,ask,,,10108773
2026-07-07T00:04:32.828009,2026-07-07T00:04:32.858585+00:00,155.6,29,ask,,,10108774
2026-07-07T00:04:33.634564,2026-07-07T00:04:33.643437+00:00,155.6,12,ask,,,10108784
2026-07-07T00:04:33.851381,2026-07-07T00:04:33.857654+00:00,155.6,41,ask,,,10108788
2026-07-07T00:04:34.165546,2026-07-07T00:04:34.177521+00:00,155.6,18,ask,,,10108795
2026-07-07T00:04:37.546870,2026-07-07T00:04:37.554817+00:00,155.7,49,bid,,,10108839
2026-07-07T00:04:39.472686,2026-07-07T00:04:39.483716+00:00,155.5,100,ask,,,10108859
2026-07-07T00:04:40.191502,2026-07-07T00:04:40.203081+00:00,155.5,44,bid,,,10108876
2026-07-07T00:04:40.456841,2026-07-07T00:04:40.458583+00:00,155.5,6,bid,,,10108878
2026-07-07T00:04:40.456841,2026-07-07T00:04:40.469826+00:00,156.0,44,bid,,,10108879
2026-07-07T00:04:42.820429,2026-07-07T00:04:42.828669+00:00,155.5,23,ask,,,10108911
2026-07-07T00:04:44.174993,2026-07-07T00:04:44.186874+00:00,155.5,100,ask,,,10108927
2026-07-07T00:04:44.669315,2026-07-07T00:04:44.675944+00:00,156.0,50,bid,,,10108931
2026-07-07T00:04:46.017590,2026-07-07T00:04:46.029388+00:00,155.1,41,ask,,,10108947
2026-07-07T00:04:47.284343,2026-07-07T00:04:47.299808+00:00,155.6,100,bid,,,10108963
2026-07-07T00:04:47.488870,2026-07-07T00:04:47.500584+00:00,155.6,49,bid,,,10108969
2026-07-07T00:04:48.070353,2026-07-07T00:04:48.079354+00:00,155.6,1,bid,,,10108974
2026-07-07T00:04:48.940310,2026-07-07T00:04:48.947668+00:00,155.8,50,ask,,,10108994
2026-07-07T00:04:49.162764,2026-07-07T00:04:49.174244+00:00,155.8,43,ask,,,10108999
2026-07-07T00:04:50.223637,2026-07-07T00:04:50.232215+00:00,155.8,12,ask,,,10109015
2026-07-07T00:04:50.499392,2026-07-07T00:04:50.511232+00:00,155.8,45,ask,,,10109020
2026-07-07T00:04:51.046640,2026-07-07T00:04:51.063657+00:00,155.3,50,ask,,,10109027
2026-07-07T00:04:52.164757,2026-07-07T00:04:52.173667+00:00,155.7,11,bid,,,10109047
2026-07-07T00:04:52.799803,2026-07-07T00:04:52.811390+00:00,155.7,49,bid,,,10109055
2026-07-07T00:04:53.102648,2026-07-07T00:04:53.109171+00:00,155.7,50,bid,,,10109058
2026-07-07T00:04:53.837978,2026-07-07T00:04:53.848659+00:00,155.2,49,ask,,,10109071
2026-07-07T00:04:55.270139,2026-07-07T00:04:55.281861+00:00,155.4,50,ask,,,10109087
2026-07-07T00:04:57.095481,2026-07-07T00:04:57.101137+00:00,155.9,48,bid,,,10109114
2026-07-07T00:04:57.376318,2026-07-07T00:04:57.388063+00:00,155.4,50,ask,,,10109119
2026-07-07T00:04:57.625969,2026-07-07T00:04:57.632475+00:00,155.4,47,ask,,,10109126
2026-07-07T00:04:58.468446,2026-07-07T00:04:58.477276+00:00,155.4,100,ask,,,10109136
2026-07-07T00:04:58.478500,2026-07-07T00:04:58.487739+00:00,155.4,23,bid,,,10109137
2026-07-07T00:04:59.859455,2026-07-07T00:04:59.867198+00:00,155.4,23,bid,,,10109162
2026-07-07T00:05:00.380482,2026-07-07T00:05:00.390783+00:00,155.4,4,bid,,,10109164
2026-07-07T00:05:00.380482,2026-07-07T00:05:00.390783+00:00,155.7,40,bid,,,10109165
2026-07-07T00:05:01.578067,2026-07-07T00:05:01.589861+00:00,155.7,60,bid,,,10109177
2026-07-07T00:05:01.642088,2026-07-07T00:05:01.654149+00:00,155.7,23,ask,,,10109178
2026-07-07T00:05:02.404947,2026-07-07T00:05:02.416558+00:00,155.7,46,ask,,,10109189
2026-07-07T00:05:03.639993,2026-07-07T00:05:03.651492+00:00,156.1,50,bid,,,10109206
2026-07-07T00:05:05.455482,2026-07-07T00:05:05.456654+00:00,155.6,44,ask,,,10109228
2026-07-07T00:05:05.746487,2026-07-07T00:05:05.757142+00:00,155.7,50,bid,,,10109230
2026-07-07T00:05:07.717657,2026-07-07T00:05:07.735234+00:00,155.7,12,bid,,,10109256
2026-07-07T00:05:07.852909,2026-07-07T00:05:07.858587+00:00,156.1,50,bid,,,10109259
2026-07-07T00:05:08.392433,2026-07-07T00:05:08.403890+00:00,156.1,41,bid,,,10109266
2026-07-07T00:05:09.030951,2026-07-07T00:05:09.040364+00:00,155.7,12,ask,,,10109277
2026-07-07T00:05:09.957225,2026-07-07T00:05:09.968938+00:00,156.2,50,bid,,,10109289
2026-07-07T00:05:10.867111,2026-07-07T00:05:10.878585+00:00,156.2,42,bid,,,10109296
2026-07-07T00:05:11.654586,2026-07-07T00:05:11.663407+00:00,156.0,11,ask,,,10109303
2026-07-07T00:05:11.998013,2026-07-07T00:05:12.005995+00:00,156.0,23,ask,,,10109305
2026-07-07T00:05:14.221227,2026-07-07T00:05:14.233110+00:00,155.7,50,ask,,,10109337
2026-07-07T00:05:15.017564,2026-07-07T00:05:15.024871+00:00,155.8,44,ask,,,10109352
2026-07-07T00:05:15.682203,2026-07-07T00:05:15.694015+00:00,155.8,47,ask,,,10109361
2026-07-07T00:05:17.460506,2026-07-07T00:05:17.468667+00:00,156.0,11,bid,,,10109391
2026-07-07T00:05:18.380382,2026-07-07T00:05:18.392220+00:00,156.0,50,bid,,,10109409
2026-07-07T00:05:18.775397,2026-07-07T00:05:18.787011+00:00,156.0,48,bid,,,10109414
2026-07-07T00:05:20.407956,2026-07-07T00:05:20.417329+00:00,155.5,43,ask,,,10109431
2026-07-07T00:05:20.900909,2026-07-07T00:05:20.912697+00:00,155.9,46,bid,,,10109441
2026-07-07T00:05:22.646394,2026-07-07T00:05:22.663885+00:00,155.5,50,ask,,,10109462
2026-07-07T00:05:24.760538,2026-07-07T00:05:24.771980+00:00,155.5,50,ask,,,10109489
2026-07-07T00:05:25.269896,2026-07-07T00:05:25.279450+00:00,155.4,46,ask,,,10109494
2026-07-07T00:05:26.872303,2026-07-07T00:05:26.880111+00:00,155.4,50,ask,,,10109517
2026-07-07T00:05:26.959501,2026-07-07T00:05:26.969479+00:00,155.6,12,bid,,,10109519
2026-07-07T00:05:27.739946,2026-07-07T00:05:27.749411+00:00,155.6,11,bid,,,10109531
2026-07-07T00:05:27.748412,2026-07-07T00:05:27.764917+00:00,155.6,47,bid,,,10109533
2026-07-07T00:05:28.979432,2026-07-07T00:05:28.991252+00:00,155.3,50,ask,,,10109555
2026-07-07T00:05:31.087055,2026-07-07T00:05:31.096262+00:00,155.5,50,ask,,,10109574
2026-07-07T00:05:31.591304,2026-07-07T00:05:31.603085+00:00,155.5,44,ask,,,10109577
2026-07-07T00:05:32.719215,2026-07-07T00:05:32.730896+00:00,155.5,44,ask,,,10109590
2026-07-07T00:05:33.202740,2026-07-07T00:05:33.216023+00:00,155.2,50,ask,,,10109598
2026-07-07T00:05:33.277043,2026-07-07T00:05:33.288524+00:00,155.2,50,ask,,,10109600
2026-07-07T00:05:33.289843,2026-07-07T00:05:33.297566+00:00,155.1,23,bid,,,10109601
2026-07-07T00:05:34.818067,2026-07-07T00:05:34.827195+00:00,155.0,11,bid,,,10109625
2026-07-07T00:05:35.296767,2026-07-07T00:05:35.304908+00:00,155.0,12,bid,,,10109629
2026-07-07T00:05:35.309016,2026-07-07T00:05:35.320147+00:00,154.6,50,ask,,,10109631
2026-07-07T00:05:39.526773,2026-07-07T00:05:39.538676+00:00,154.7,50,ask,,,10109698
2026-07-07T00:05:41.323199,2026-07-07T00:05:41.334306+00:00,155.0,40,bid,,,10109724
2026-07-07T00:05:41.661029,2026-07-07T00:05:41.669447+00:00,154.7,50,ask,,,10109728
2026-07-07T00:05:42.290569,2026-07-07T00:05:42.302311+00:00,155.0,45,bid,,,10109736
2026-07-07T00:05:42.769988,2026-07-07T00:05:42.778265+00:00,154.9,11,bid,,,10109742
2026-07-07T00:05:42.812956,2026-07-07T00:05:42.825069+00:00,154.9,49,bid,,,10109745
2026-07-07T00:05:43.162091,2026-07-07T00:05:43.169274+00:00,154.9,6,bid,,,10109751
2026-07-07T00:05:43.766625,2026-07-07T00:05:43.776156+00:00,154.5,50,ask,,,10109757
2026-07-07T00:05:44.497371,2026-07-07T00:05:44.509266+00:00,154.5,49,ask,,,10109770
2026-07-07T00:05:45.821938,2026-07-07T00:05:45.832452+00:00,155.0,50,bid,,,10109788
2026-07-07T00:05:50.031958,2026-07-07T00:05:50.043487+00:00,155.1,50,bid,,,10109828
2026-07-07T00:05:52.014532,2026-07-07T00:05:52.026061+00:00,155.2,47,bid,,,10109850
2026-07-07T00:05:52.141191,2026-07-07T00:05:52.143499+00:00,155.3,50,bid,,,10109851
2026-07-07T00:05:54.247900,2026-07-07T00:05:54.258594+00:00,155.5,50,bid,,,10109875
2026-07-07T00:05:55.394212,2026-07-07T00:05:55.405669+00:00,155.2,47,ask,,,10109885
2026-07-07T00:05:56.274936,2026-07-07T00:05:56.283661+00:00,155.2,6,ask,,,10109897
2026-07-07T00:05:57.412569,2026-07-07T00:05:57.424344+00:00,155.6,44,bid,,,10109918
2026-07-07T00:05:58.485269,2026-07-07T00:05:58.496850+00:00,155.6,50,bid,,,10109925
2026-07-07T00:06:00.053611,2026-07-07T00:06:00.063004+00:00,155.4,23,ask,,,10109947
2026-07-07T00:06:00.591624,2026-07-07T00:06:00.603252+00:00,155.7,50,bid,,,10109951
2026-07-07T00:06:01.269982,2026-07-07T00:06:01.276725+00:00,155.4,41,ask,,,10109964
2026-07-07T00:06:02.199111,2026-07-07T00:06:02.211038+00:00,155.9,48,bid,,,10109975
2026-07-07T00:06:02.698057,2026-07-07T00:06:02.710665+00:00,155.9,50,bid,,,10109983
2026-07-07T00:06:04.804622,2026-07-07T00:06:04.816273+00:00,156.0,50,bid,,,10110011
2026-07-07T00:06:05.232276,2026-07-07T00:06:05.259167+00:00,155.6,11,ask,,,10110014
2026-07-07T00:06:05.426435,2026-07-07T00:06:05.438121+00:00,155.6,46,ask,,,10110018
2026-07-07T00:06:06.377931,2026-07-07T00:06:06.388337+00:00,155.8,11,ask,,,10110037
2026-07-07T00:06:07.661139,2026-07-07T00:06:07.672120+00:00,155.8,23,ask,,,10110059
2026-07-07T00:06:08.038677,2026-07-07T00:06:08.064037+00:00,155.8,47,ask,,,10110062
2026-07-07T00:06:08.088797,2026-07-07T00:06:08.097438+00:00,155.8,19,ask,,,10110065
2026-07-07T00:06:09.026233,2026-07-07T00:06:09.037734+00:00,155.9,50,bid,,,10110081
2026-07-07T00:06:09.043739,2026-07-07T00:06:09.055260+00:00,155.4,44,ask,,,10110082
2026-07-07T00:06:09.601906,2026-07-07T00:06:09.608403+00:00,155.9,40,bid,,,10110089
2026-07-07T00:06:11.246226,2026-07-07T00:06:11.263644+00:00,155.6,46,bid,,,10110110
2026-07-07T00:06:11.713674,2026-07-07T00:06:11.725119+00:00,155.3,43,ask,,,10110116
2026-07-07T00:06:12.021401,2026-07-07T00:06:12.031288+00:00,155.6,30,bid,,,10110120
2026-07-07T00:06:13.239515,2026-07-07T00:06:13.251100+00:00,155.8,50,bid,,,10110142
2026-07-07T00:06:15.347682,2026-07-07T00:06:15.359139+00:00,155.9,50,bid,,,10110165
2026-07-07T00:06:17.454052,2026-07-07T00:06:17.465783+00:00,156.1,50,bid,,,10110201
2026-07-07T00:06:18.585721,2026-07-07T00:06:18.593403+00:00,155.6,11,ask,,,10110219
2026-07-07T00:06:19.271221,2026-07-07T00:06:19.280782+00:00,156.0,48,bid,,,10110227
2026-07-07T00:06:19.564733,2026-07-07T00:06:19.576378+00:00,156.0,50,bid,,,10110231
2026-07-07T00:06:21.670887,2026-07-07T00:06:21.687878+00:00,156.0,2,bid,,,10110255
2026-07-07T00:06:21.670887,2026-07-07T00:06:21.687878+00:00,156.0,48,bid,,,10110256
2026-07-07T00:06:22.229154,2026-07-07T00:06:22.238501+00:00,155.9,12,ask,,,10110269
2026-07-07T00:06:23.779039,2026-07-07T00:06:23.787646+00:00,156.4,50,bid,,,10110290
2026-07-07T00:06:25.391247,2026-07-07T00:06:25.400411+00:00,156.1,14,ask,,,10110317
2026-07-07T00:06:25.444482,2026-07-07T00:06:25.456566+00:00,156.1,48,ask,,,10110319
2026-07-07T00:06:25.937463,2026-07-07T00:06:25.948488+00:00,156.1,38,ask,,,10110327
2026-07-07T00:06:25.937463,2026-07-07T00:06:25.948488+00:00,155.8,12,ask,,,10110328
2026-07-07T00:06:27.398258,2026-07-07T00:06:27.407759+00:00,156.1,47,bid,,,10110353
2026-07-07T00:06:28.046302,2026-07-07T00:06:28.063648+00:00,155.6,50,ask,,,10110361
2026-07-07T00:06:30.155972,2026-07-07T00:06:30.158571+00:00,155.8,50,ask,,,10110388
2026-07-07T00:06:32.265121,2026-07-07T00:06:32.274423+00:00,155.5,50,ask,,,10110424
2026-07-07T00:06:34.379433,2026-07-07T00:06:34.391131+00:00,155.4,50,ask,,,10110448
2026-07-07T00:06:36.486389,2026-07-07T00:06:36.497897+00:00,155.2,50,ask,,,10110471
2026-07-07T00:06:38.091284,2026-07-07T00:06:38.099193+00:00,155.3,3,bid,,,10110488
2026-07-07T00:06:38.594404,2026-07-07T00:06:38.605104+00:00,155.1,50,ask,,,10110494
2026-07-07T00:06:39.175278,2026-07-07T00:06:39.184997+00:00,155.3,23,bid,,,10110500
2026-07-07T00:06:39.897497,2026-07-07T00:06:39.908970+00:00,155.2,49,bid,,,10110511
2026-07-07T00:06:40.712235,2026-07-07T00:06:40.724088+00:00,154.8,50,ask,,,10110525
2026-07-07T00:06:40.881874,2026-07-07T00:06:40.890415+00:00,155.2,11,bid,,,10110529
2026-07-07T00:06:42.466786,2026-07-07T00:06:42.478357+00:00,155.0,48,ask,,,10110546
2026-07-07T00:06:42.832942,2026-07-07T00:06:42.840535+00:00,155.0,50,ask,,,10110552
2026-07-07T00:06:44.121449,2026-07-07T00:06:44.133016+00:00,155.4,44,bid,,,10110565
2026-07-07T00:06:44.942522,2026-07-07T00:06:44.958612+00:00,154.9,50,ask,,,10110576
2026-07-07T00:06:45.661057,2026-07-07T00:06:45.672574+00:00,154.9,46,ask,,,10110586
2026-07-07T00:06:46.137794,2026-07-07T00:06:46.145842+00:00,155.1,12,bid,,,10110590
2026-07-07T00:06:47.056066,2026-07-07T00:06:47.053129+00:00,154.9,50,ask,,,10110603
2026-07-07T00:06:47.582264,2026-07-07T00:06:47.591549+00:00,154.9,100,ask,,,10110609
2026-07-07T00:06:49.162420,2026-07-07T00:06:49.173039+00:00,154.4,50,ask,,,10110623
2026-07-07T00:06:49.217334,2026-07-07T00:06:49.227166+00:00,154.8,22,bid,,,10110624
2026-07-07T00:06:49.325193,2026-07-07T00:06:49.337011+00:00,154.8,45,bid,,,10110626
2026-07-07T00:06:49.979463,2026-07-07T00:06:49.989199+00:00,154.4,46,ask,,,10110637
2026-07-07T00:06:51.282239,2026-07-07T00:06:51.295954+00:00,154.5,50,ask,,,10110652
2026-07-07T00:06:53.110310,2026-07-07T00:06:53.117484+00:00,155.0,42,bid,,,10110680
2026-07-07T00:06:53.339447,2026-07-07T00:06:53.351217+00:00,155.0,50,bid,,,10110682
2026-07-07T00:06:55.447195,2026-07-07T00:06:55.458581+00:00,155.2,50,bid,,,10110706
2026-07-07T00:06:56.368623,2026-07-07T00:06:56.380486+00:00,154.7,47,ask,,,10110712
2026-07-07T00:06:57.487959,2026-07-07T00:06:57.499461+00:00,154.9,43,bid,,,10110727
2026-07-07T00:06:57.554563,2026-07-07T00:06:57.566062+00:00,154.9,50,bid,,,10110728
2026-07-07T00:06:58.585252,2026-07-07T00:06:58.594995+00:00,154.7,45,ask,,,10110735
2026-07-07T00:06:59.100775,2026-07-07T00:06:59.109247+00:00,154.9,47,ask,,,10110742
2026-07-07T00:06:59.259537,2026-07-07T00:06:59.267343+00:00,154.9,11,ask,,,10110747
2026-07-07T00:07:00.235516,2026-07-07T00:07:00.247076+00:00,154.9,92,ask,,,10110757
2026-07-07T00:07:00.375551,2026-07-07T00:07:00.384617+00:00,154.9,8,bid,,,10110759
2026-07-07T00:07:00.375551,2026-07-07T00:07:00.389629+00:00,155.4,35,bid,,,10110760
2026-07-07T00:07:01.843556,2026-07-07T00:07:01.850306+00:00,154.4,50,ask,,,10110784
2026-07-07T00:07:01.959831,2026-07-07T00:07:01.971524+00:00,154.9,41,bid,,,10110787
2026-07-07T00:07:02.896693,2026-07-07T00:07:02.908190+00:00,154.9,40,bid,,,10110795
2026-07-07T00:07:03.949452,2026-07-07T00:07:03.958579+00:00,154.6,50,ask,,,10110811
2026-07-07T00:07:06.057938,2026-07-07T00:07:06.068792+00:00,154.7,50,ask,,,10110840
2026-07-07T00:07:08.166512,2026-07-07T00:07:08.178091+00:00,154.7,50,ask,,,10110860
2026-07-07T00:07:10.223119,2026-07-07T00:07:10.234674+00:00,155.0,50,bid,,,10110892
2026-07-07T00:07:11.327718,2026-07-07T00:07:11.338662+00:00,154.6,40,ask,,,10110906
2026-07-07T00:07:12.383777,2026-07-07T00:07:12.395370+00:00,154.6,50,ask,,,10110928
2026-07-07T00:07:14.489382,2026-07-07T00:07:14.501181+00:00,154.6,50,ask,,,10110952
2026-07-07T00:07:14.545944,2026-07-07T00:07:14.568778+00:00,154.6,50,ask,,,10110954
2026-07-07T00:07:14.559815,2026-07-07T00:07:14.568778+00:00,154.6,23,bid,,,10110955
2026-07-07T00:07:14.887531,2026-07-07T00:07:14.894803+00:00,154.6,47,bid,,,10110961
2026-07-07T00:07:16.306585,2026-07-07T00:07:16.314949+00:00,154.4,11,bid,,,10110982
2026-07-07T00:07:16.545418,2026-07-07T00:07:16.558586+00:00,154.4,50,bid,,,10110985
2026-07-07T00:07:17.451036,2026-07-07T00:07:17.457390+00:00,154.4,39,bid,,,10110996
2026-07-07T00:07:18.652983,2026-07-07T00:07:18.664576+00:00,154.9,50,bid,,,10111012
2026-07-07T00:07:19.151817,2026-07-07T00:07:19.163978+00:00,154.4,48,ask,,,10111016
2026-07-07T00:07:20.760159,2026-07-07T00:07:20.772003+00:00,154.8,50,bid,,,10111034
2026-07-07T00:07:22.927133,2026-07-07T00:07:22.939933+00:00,154.5,50,ask,,,10111054
2026-07-07T00:07:23.958893,2026-07-07T00:07:23.969236+00:00,154.5,48,ask,,,10111067
2026-07-07T00:07:24.020108,2026-07-07T00:07:24.028380+00:00,154.5,2,ask,,,10111070
2026-07-07T00:07:25.033255,2026-07-07T00:07:25.044971+00:00,154.4,50,ask,,,10111086
2026-07-07T00:07:26.381133,2026-07-07T00:07:26.392797+00:00,154.6,42,bid,,,10111103
2026-07-07T00:07:27.089176,2026-07-07T00:07:27.100914+00:00,154.6,50,bid,,,10111114
2026-07-07T00:07:28.239738,2026-07-07T00:07:28.251817+00:00,154.6,8,bid,,,10111124
2026-07-07T00:07:29.195068,2026-07-07T00:07:29.205518+00:00,154.8,50,bid,,,10111136
2026-07-07T00:07:29.446024,2026-07-07T00:07:29.453815+00:00,154.7,21,ask,,,10111142
2026-07-07T00:07:30.825332,2026-07-07T00:07:30.837122+00:00,154.7,48,ask,,,10111167
2026-07-07T00:07:31.303709,2026-07-07T00:07:31.313852+00:00,154.9,50,bid,,,10111172
2026-07-07T00:07:31.470516,2026-07-07T00:07:31.474877+00:00,154.9,45,bid,,,10111178
2026-07-07T00:07:32.641499,2026-07-07T00:07:32.649268+00:00,154.5,40,ask,,,10111190
2026-07-07T00:07:33.461821,2026-07-07T00:07:33.473334+00:00,154.5,50,ask,,,10111204
2026-07-07T00:07:33.470332,2026-07-07T00:07:33.478701+00:00,155.0,100,bid,,,10111205
2026-07-07T00:07:33.533808,2026-07-07T00:07:33.543089+00:00,155.2,11,ask,,,10111207
2026-07-07T00:07:34.689628,2026-07-07T00:07:34.698018+00:00,155.2,23,ask,,,10111228
2026-07-07T00:07:35.037830,2026-07-07T00:07:35.049368+00:00,155.2,16,ask,,,10111237
2026-07-07T00:07:35.570614,2026-07-07T00:07:35.582488+00:00,154.5,50,ask,,,10111248
2026-07-07T00:07:35.985625,2026-07-07T00:07:35.994931+00:00,155.0,12,bid,,,10111250
2026-07-07T00:07:36.569049,2026-07-07T00:07:36.575764+00:00,155.0,42,bid,,,10111260
2026-07-07T00:07:39.524640,2026-07-07T00:07:39.536570+00:00,154.7,45,ask,,,10111300
2026-07-07T00:07:39.730725,2026-07-07T00:07:39.742368+00:00,155.0,50,bid,,,10111301
2026-07-07T00:07:40.917285,2026-07-07T00:07:40.926777+00:00,154.7,42,ask,,,10111316
2026-07-07T00:07:41.357566,2026-07-07T00:07:41.368972+00:00,154.6,100,ask,,,10111321
2026-07-07T00:07:41.543016,2026-07-07T00:07:41.554513+00:00,154.6,46,ask,,,10111322
2026-07-07T00:07:41.837354,2026-07-07T00:07:41.846370+00:00,155.1,50,bid,,,10111328
2026-07-07T00:07:43.070007,2026-07-07T00:07:43.078819+00:00,154.5,22,bid,,,10111342
2026-07-07T00:07:43.986670,2026-07-07T00:07:43.998116+00:00,154.5,45,bid,,,10111352
2026-07-07T00:07:46.055315,2026-07-07T00:07:46.064331+00:00,154.5,50,bid,,,10111383
2026-07-07T00:07:47.990210,2026-07-07T00:07:47.996515+00:00,154.7,46,bid,,,10111415
2026-07-07T00:07:48.180057,2026-07-07T00:07:48.189982+00:00,154.7,50,bid,,,10111417
2026-07-07T00:07:49.008283,2026-07-07T00:07:49.019906+00:00,154.7,43,bid,,,10111428
2026-07-07T00:07:49.085754,2026-07-07T00:07:49.093678+00:00,154.7,11,bid,,,10111430
2026-07-07T00:07:49.272992,2026-07-07T00:07:49.282029+00:00,154.9,100,bid,,,10111432
2026-07-07T00:07:49.336767,2026-07-07T00:07:49.345027+00:00,155.5,45,ask,,,10111433
2026-07-07T00:07:49.459432,2026-07-07T00:07:49.467491+00:00,155.5,5,ask,,,10111436
2026-07-07T00:07:51.880912,2026-07-07T00:07:51.890699+00:00,155.0,49,ask,,,10111474
2026-07-07T00:07:52.338864,2026-07-07T00:07:52.345293+00:00,155.0,46,ask,,,10111478
2026-07-07T00:07:52.389125,2026-07-07T00:07:52.399002+00:00,155.5,50,bid,,,10111481
2026-07-07T00:07:53.855069,2026-07-07T00:07:53.857529+00:00,155.4,40,bid,,,10111508
2026-07-07T00:07:54.549378,2026-07-07T00:07:54.555798+00:00,155.0,50,ask,,,10111514
2026-07-07T00:07:55.515583,2026-07-07T00:07:55.525213+00:00,155.4,5,bid,,,10111536
2026-07-07T00:07:55.975769,2026-07-07T00:07:55.983696+00:00,155.5,42,bid,,,10111543
2026-07-07T00:07:56.605929,2026-07-07T00:07:56.617387+00:00,155.5,50,bid,,,10111551
2026-07-07T00:07:56.941775,2026-07-07T00:07:56.951288+00:00,155.5,8,bid,,,10111557
2026-07-07T00:07:58.259951,2026-07-07T00:07:58.270225+00:00,155.6,8,ask,,,10111580
2026-07-07T00:07:58.762810,2026-07-07T00:07:58.769769+00:00,155.6,50,ask,,,10111586
2026-07-07T00:08:00.898397,2026-07-07T00:08:00.908903+00:00,155.3,50,ask,,,10111620
2026-07-07T00:08:00.898691,2026-07-07T00:08:00.913898+00:00,155.3,46,ask,,,10111621
2026-07-07T00:08:01.859137,2026-07-07T00:08:01.870754+00:00,155.6,49,bid,,,10111639
2026-07-07T00:08:02.470343,2026-07-07T00:08:02.482099+00:00,155.1,48,ask,,,10111651
2026-07-07T00:08:03.310094,2026-07-07T00:08:03.318756+00:00,155.6,12,bid,,,10111658
2026-07-07T00:08:03.495005,2026-07-07T00:08:03.504481+00:00,155.6,11,bid,,,10111665
2026-07-07T00:08:04.178463,2026-07-07T00:08:04.189041+00:00,155.4,48,ask,,,10111674
2026-07-07T00:08:05.057975,2026-07-07T00:08:05.069754+00:00,155.9,50,bid,,,10111688
2026-07-07T00:08:05.631288,2026-07-07T00:08:05.640369+00:00,155.8,43,bid,,,10111693
2026-07-07T00:08:07.215673,2026-07-07T00:08:07.227520+00:00,155.7,50,ask,,,10111713
2026-07-07T00:08:08.626655,2026-07-07T00:08:08.638163+00:00,156.2,47,bid,,,10111732
2026-07-07T00:08:09.253362,2026-07-07T00:08:09.258638+00:00,155.7,45,ask,,,10111744
2026-07-07T00:08:09.322690,2026-07-07T00:08:09.334545+00:00,155.7,5,ask,,,10111748
2026-07-07T00:08:09.322690,2026-07-07T00:08:09.334545+00:00,155.7,45,ask,,,10111749
2026-07-07T00:08:11.431380,2026-07-07T00:08:11.442303+00:00,155.6,50,ask,,,10111773
2026-07-07T00:08:12.638068,2026-07-07T00:08:12.646404+00:00,156.0,49,bid,,,10111791
2026-07-07T00:08:13.539731,2026-07-07T00:08:13.563641+00:00,155.8,50,ask,,,10111802
2026-07-07T00:08:15.207491,2026-07-07T00:08:15.218981+00:00,155.9,40,bid,,,10111820
2026-07-07T00:08:15.269895,2026-07-07T00:08:15.279021+00:00,155.9,11,bid,,,10111821
2026-07-07T00:08:15.646241,2026-07-07T00:08:15.658613+00:00,155.8,50,ask,,,10111828
2026-07-07T00:08:17.754521,2026-07-07T00:08:17.763969+00:00,155.6,50,ask,,,10111856
2026-07-07T00:08:19.862989,2026-07-07T00:08:19.871764+00:00,155.6,50,ask,,,10111883
2026-07-07T00:08:21.918470,2026-07-07T00:08:21.930178+00:00,155.9,50,bid,,,10111904
2026-07-07T00:08:24.026083,2026-07-07T00:08:24.037598+00:00,155.9,50,bid,,,10111932
2026-07-07T00:08:24.055169,2026-07-07T00:08:24.066626+00:00,155.4,46,ask,,,10111933
2026-07-07T00:08:24.687064,2026-07-07T00:08:24.699542+00:00,155.9,48,bid,,,10111943
2026-07-07T00:08:26.137573,2026-07-07T00:08:26.148464+00:00,156.0,50,bid,,,10111955
2026-07-07T00:08:28.245682,2026-07-07T00:08:28.257320+00:00,156.0,50,bid,,,10111976
2026-07-07T00:08:28.838648,2026-07-07T00:08:28.850316+00:00,155.8,49,ask,,,10111983
2026-07-07T00:08:30.357818,2026-07-07T00:08:30.369534+00:00,156.2,50,bid,,,10112006
2026-07-07T00:08:32.464642,2026-07-07T00:08:32.476215+00:00,156.0,50,bid,,,10112029
2026-07-07T00:08:33.615589,2026-07-07T00:08:33.624049+00:00,155.6,11,ask,,,10112049
2026-07-07T00:08:34.571500,2026-07-07T00:08:34.582951+00:00,155.9,50,bid,,,10112067
2026-07-07T00:08:36.014733,2026-07-07T00:08:36.028255+00:00,155.4,46,ask,,,10112081
2026-07-07T00:08:36.537733,2026-07-07T00:08:36.549476+00:00,155.8,44,bid,,,10112090
2026-07-07T00:08:36.678437,2026-07-07T00:08:36.686473+00:00,155.8,50,bid,,,10112093
2026-07-07T00:08:37.182765,2026-07-07T00:08:37.194570+00:00,155.6,42,ask,,,10112100
2026-07-07T00:08:38.740758,2026-07-07T00:08:38.752333+00:00,156.1,44,bid,,,10112117
2026-07-07T00:08:40.349646,2026-07-07T00:08:40.356224+00:00,155.7,45,ask,,,10112142
2026-07-07T00:08:40.938827,2026-07-07T00:08:40.950256+00:00,155.7,50,ask,,,10112155
2026-07-07T00:08:40.966418,2026-07-07T00:08:40.978083+00:00,155.7,5,ask,,,10112156
2026-07-07T00:08:40.966418,2026-07-07T00:08:40.978083+00:00,155.5,43,ask,,,10112157
2026-07-07T00:08:42.620252,2026-07-07T00:08:42.631834+00:00,156.0,48,bid,,,10112182
2026-07-07T00:08:43.044769,2026-07-07T00:08:43.063713+00:00,155.5,50,ask,,,10112187
2026-07-07T00:08:43.609521,2026-07-07T00:08:43.616813+00:00,155.5,47,ask,,,10112200
2026-07-07T00:08:47.202944,2026-07-07T00:08:47.211882+00:00,155.5,50,bid,,,10112244
2026-07-07T00:08:49.323649,2026-07-07T00:08:49.333584+00:00,155.8,50,bid,,,10112281
2026-07-07T00:08:49.339142,2026-07-07T00:08:49.358760+00:00,155.8,49,bid,,,10112282
2026-07-07T00:08:49.421472,2026-07-07T00:08:49.433190+00:00,155.8,100,bid,,,10112284
2026-07-07T00:08:49.486574,2026-07-07T00:08:49.494553+00:00,156.2,11,ask,,,10112286
2026-07-07T00:08:49.957622,2026-07-07T00:08:49.966412+00:00,156.2,23,ask,,,10112292
2026-07-07T00:08:50.965946,2026-07-07T00:08:50.975516+00:00,156.2,16,ask,,,10112309
2026-07-07T00:08:50.965946,2026-07-07T00:08:50.975516+00:00,155.8,27,ask,,,10112310
2026-07-07T00:08:53.028430,2026-07-07T00:08:53.069682+00:00,156.2,41,bid,,,10112341
2026-07-07T00:08:53.588099,2026-07-07T00:08:53.599799+00:00,155.8,50,ask,,,10112352
2026-07-07T00:08:55.148070,2026-07-07T00:08:55.154494+00:00,155.7,42,ask,,,10112373
2026-07-07T00:08:55.694621,2026-07-07T00:08:55.701460+00:00,155.7,50,ask,,,10112378
2026-07-07T00:08:57.287910,2026-07-07T00:08:57.296592+00:00,155.9,11,bid,,,10112394
2026-07-07T00:08:58.521315,2026-07-07T00:08:58.529082+00:00,155.9,12,bid,,,10112414
2026-07-07T00:08:58.704334,2026-07-07T00:08:58.715879+00:00,155.9,43,bid,,,10112417
2026-07-07T00:08:59.891881,2026-07-07T00:08:59.903831+00:00,155.9,34,bid,,,10112434
2026-07-07T00:08:59.891881,2026-07-07T00:08:59.903831+00:00,156.0,12,bid,,,10112435
2026-07-07T00:09:01.958954,2026-07-07T00:09:01.970529+00:00,156.0,50,bid,,,10112461
2026-07-07T00:09:02.916235,2026-07-07T00:09:02.928087+00:00,155.6,49,ask,,,10112477
2026-07-07T00:09:03.247043,2026-07-07T00:09:03.255168+00:00,155.6,12,ask,,,10112482
2026-07-07T00:09:04.152615,2026-07-07T00:09:04.163635+00:00,155.5,50,ask,,,10112496
2026-07-07T00:09:05.073746,2026-07-07T00:09:05.085614+00:00,155.6,45,bid,,,10112512
2026-07-07T00:09:06.207650,2026-07-07T00:09:06.219422+00:00,155.6,50,bid,,,10112530
2026-07-07T00:09:07.622448,2026-07-07T00:09:07.632336+00:00,155.4,42,ask,,,10112552
2026-07-07T00:09:08.126924,2026-07-07T00:09:08.127261+00:00,155.6,47,bid,,,10112554
2026-07-07T00:09:08.330024,2026-07-07T00:09:08.341490+00:00,155.6,50,bid,,,10112560
2026-07-07T00:09:10.486000,2026-07-07T00:09:10.497391+00:00,155.4,50,ask,,,10112599
2026-07-07T00:09:12.540912,2026-07-07T00:09:12.558568+00:00,155.8,50,bid,,,10112630
2026-07-07T00:09:14.669458,2026-07-07T00:09:14.676017+00:00,155.5,48,ask,,,10112650
2026-07-07T00:09:15.140612,2026-07-07T00:09:15.148473+00:00,155.5,47,ask,,,10112654
2026-07-07T00:09:18.861339,2026-07-07T00:09:18.872957+00:00,155.5,50,bid,,,10112697
2026-07-07T00:09:20.968539,2026-07-07T00:09:20.980412+00:00,155.6,50,bid,,,10112727
2026-07-07T00:09:22.266515,2026-07-07T00:09:22.274316+00:00,155.6,41,bid,,,10112744
2026-07-07T00:09:25.240600,2026-07-07T00:09:25.263930+00:00,155.2,50,ask,,,10112782
2026-07-07T00:09:29.401291,2026-07-07T00:09:29.412687+00:00,155.6,50,bid,,,10112846
2026-07-07T00:09:29.816612,2026-07-07T00:09:29.828414+00:00,155.6,41,bid,,,10112851
2026-07-07T00:09:30.319024,2026-07-07T00:09:30.330603+00:00,155.3,49,ask,,,10112859
2026-07-07T00:09:32.487320,2026-07-07T00:09:32.498919+00:00,155.3,40,ask,,,10112887
2026-07-07T00:09:33.032951,2026-07-07T00:09:33.068717+00:00,155.6,46,bid,,,10112902
2026-07-07T00:09:33.677702,2026-07-07T00:09:33.689665+00:00,155.3,50,ask,,,10112908
2026-07-07T00:09:34.587229,2026-07-07T00:09:34.597755+00:00,155.3,10,ask,,,10112916
2026-07-07T00:09:34.587229,2026-07-07T00:09:34.597755+00:00,155.2,39,ask,,,10112917
2026-07-07T00:09:37.055063,2026-07-07T00:09:37.066918+00:00,155.5,40,bid,,,10112942
2026-07-07T00:09:37.706433,2026-07-07T00:09:37.717951+00:00,155.5,43,bid,,,10112951
2026-07-07T00:09:37.890022,2026-07-07T00:09:37.899024+00:00,155.2,50,ask,,,10112959
2026-07-07T00:09:39.298704,2026-07-07T00:09:39.308298+00:00,155.3,42,ask,,,10112977
2026-07-07T00:09:39.997328,2026-07-07T00:09:40.008839+00:00,155.3,50,ask,,,10112990
2026-07-07T00:09:40.288327,2026-07-07T00:09:40.300162+00:00,155.3,8,ask,,,10112995
2026-07-07T00:09:41.504945,2026-07-07T00:09:41.512586+00:00,155.5,43,bid,,,10113015
2026-07-07T00:09:42.112953,2026-07-07T00:09:42.124763+00:00,155.0,50,ask,,,10113021
2026-07-07T00:09:42.568117,2026-07-07T00:09:42.577422+00:00,155.5,48,bid,,,10113029
2026-07-07T00:09:42.622326,2026-07-07T00:09:42.632937+00:00,155.0,45,ask,,,10113030
2026-07-07T00:09:44.220339,2026-07-07T00:09:44.227549+00:00,155.0,50,ask,,,10113052
2026-07-07T00:09:44.812632,2026-07-07T00:09:44.820395+00:00,155.3,46,bid,,,10113053
2026-07-07T00:09:44.866835,2026-07-07T00:09:44.875700+00:00,154.9,43,ask,,,10113054
2026-07-07T00:09:46.905123,2026-07-07T00:09:46.921226+00:00,154.8,49,ask,,,10113084
2026-07-07T00:09:46.912967,2026-07-07T00:09:46.921226+00:00,155.3,12,bid,,,10113085
2026-07-07T00:09:48.380730,2026-07-07T00:09:48.392462+00:00,155.3,50,bid,,,10113097
2026-07-07T00:09:48.979242,2026-07-07T00:09:48.990713+00:00,155.3,48,bid,,,10113105
2026-07-07T00:09:50.488883,2026-07-07T00:09:50.499484+00:00,155.4,50,bid,,,10113127
2026-07-07T00:09:52.595198,2026-07-07T00:09:52.607124+00:00,155.7,50,bid,,,10113156
2026-07-07T00:09:54.735148,2026-07-07T00:09:54.744144+00:00,155.7,50,bid,,,10113175
2026-07-07T00:09:55.735201,2026-07-07T00:09:55.743437+00:00,155.7,40,bid,,,10113193
2026-07-07T00:09:55.874819,2026-07-07T00:09:55.885496+00:00,155.7,10,bid,,,10113195
2026-07-07T00:09:56.608336,2026-07-07T00:09:56.616247+00:00,155.8,12,ask,,,10113213
2026-07-07T00:09:56.841496,2026-07-07T00:09:56.847969+00:00,156.3,50,bid,,,10113216
2026-07-07T00:09:58.457841,2026-07-07T00:09:58.469263+00:00,155.8,44,ask,,,10113236
2026-07-07T00:09:58.948785,2026-07-07T00:09:58.958605+00:00,156.2,50,bid,,,10113239
2026-07-07T00:10:01.058795,2026-07-07T00:10:01.070568+00:00,156.1,50,bid,,,10113266
2026-07-07T00:10:01.484438,2026-07-07T00:10:01.510450+00:00,155.8,11,ask,,,10113268
2026-07-07T00:10:02.726659,2026-07-07T00:10:02.734543+00:00,155.8,12,ask,,,10113287
2026-07-07T00:10:03.167442,2026-07-07T00:10:03.179060+00:00,156.2,50,bid,,,10113293
2026-07-07T00:10:05.289014,2026-07-07T00:10:05.300861+00:00,156.0,50,bid,,,10113321
2026-07-07T00:10:06.661664,2026-07-07T00:10:06.673336+00:00,155.9,41,ask,,,10113335
2026-07-07T00:10:07.396783,2026-07-07T00:10:07.408389+00:00,156.3,50,bid,,,10113350
2026-07-07T00:10:09.512085,2026-07-07T00:10:09.521226+00:00,156.3,50,bid,,,10113379
2026-07-07T00:10:09.962821,2026-07-07T00:10:09.971037+00:00,156.2,14,ask,,,10113388
2026-07-07T00:10:10.400148,2026-07-07T00:10:10.411857+00:00,156.2,47,ask,,,10113395
2026-07-07T00:10:11.618228,2026-07-07T00:10:11.629880+00:00,156.4,50,bid,,,10113410
2026-07-07T00:10:13.216933,2026-07-07T00:10:13.224725+00:00,156.4,48,bid,,,10113442
2026-07-07T00:10:13.787604,2026-07-07T00:10:13.799040+00:00,156.0,46,ask,,,10113446
2026-07-07T00:10:14.254468,2026-07-07T00:10:14.265724+00:00,156.0,43,ask,,,10113451
2026-07-07T00:10:14.771774,2026-07-07T00:10:14.780331+00:00,156.4,49,bid,,,10113458
2026-07-07T00:10:16.327756,2026-07-07T00:10:16.358557+00:00,156.3,100,ask,,,10113476
2026-07-07T00:10:18.436743,2026-07-07T00:10:18.445060+00:00,156.6,3,ask,,,10113508
2026-07-07T00:10:19.489071,2026-07-07T00:10:19.500633+00:00,156.6,100,ask,,,10113524
2026-07-07T00:10:20.134216,2026-07-07T00:10:20.158585+00:00,156.6,47,ask,,,10113530
2026-07-07T00:10:21.270641,2026-07-07T00:10:21.279679+00:00,156.3,3,bid,,,10113544
2026-07-07T00:10:21.291322,2026-07-07T00:10:21.300255+00:00,156.3,44,bid,,,10113547
2026-07-07T00:10:21.916332,2026-07-07T00:10:21.928076+00:00,156.1,40,ask,,,10113564
2026-07-07T00:10:22.598231,2026-07-07T00:10:22.606660+00:00,156.3,100,bid,,,10113569
2026-07-07T00:10:24.291975,2026-07-07T00:10:24.298403+00:00,156.3,3,bid,,,10113589
2026-07-07T00:10:26.397810,2026-07-07T00:10:26.407936+00:00,156.6,50,bid,,,10113611
2026-07-07T00:10:27.020617,2026-07-07T00:10:27.032362+00:00,156.2,44,ask,,,10113619
2026-07-07T00:10:27.555799,2026-07-07T00:10:27.567265+00:00,156.6,40,bid,,,10113625
2026-07-07T00:10:28.504430,2026-07-07T00:10:28.515835+00:00,156.5,50,bid,,,10113642
2026-07-07T00:10:30.609928,2026-07-07T00:10:30.621575+00:00,156.5,50,bid,,,10113675
2026-07-07T00:10:30.683890,2026-07-07T00:10:30.695366+00:00,156.3,43,ask,,,10113679
2026-07-07T00:10:32.715913,2026-07-07T00:10:32.727684+00:00,156.8,50,bid,,,10113697
2026-07-07T00:10:34.700758,2026-07-07T00:10:34.712465+00:00,157.0,46,bid,,,10113722
2026-07-07T00:10:34.875554,2026-07-07T00:10:34.887285+00:00,156.6,50,ask,,,10113727
2026-07-07T00:10:36.982038,2026-07-07T00:10:36.993812+00:00,156.6,50,ask,,,10113757
2026-07-07T00:10:37.628640,2026-07-07T00:10:37.639817+00:00,156.9,48,bid,,,10113767
2026-07-07T00:10:39.095822,2026-07-07T00:10:39.105191+00:00,156.6,50,ask,,,10113778
2026-07-07T00:10:41.205377,2026-07-07T00:10:41.214683+00:00,156.6,50,ask,,,10113796
2026-07-07T00:10:43.260337,2026-07-07T00:10:43.268847+00:00,156.7,50,bid,,,10113821
2026-07-07T00:10:43.361672,2026-07-07T00:10:43.371084+00:00,156.6,3,ask,,,10113822
2026-07-07T00:10:44.617230,2026-07-07T00:10:44.625714+00:00,156.6,11,ask,,,10113836
2026-07-07T00:10:44.796623,2026-07-07T00:10:44.808186+00:00,156.6,100,ask,,,10113839
2026-07-07T00:10:45.366714,2026-07-07T00:10:45.373664+00:00,157.1,50,bid,,,10113852
2026-07-07T00:10:48.076056,2026-07-07T00:10:48.082738+00:00,156.3,45,ask,,,10113902
2026-07-07T00:10:48.538849,2026-07-07T00:10:48.545235+00:00,156.5,48,bid,,,10113904
2026-07-07T00:10:49.070528,2026-07-07T00:10:49.082490+00:00,156.3,44,ask,,,10113915
2026-07-07T00:10:49.627791,2026-07-07T00:10:49.638398+00:00,156.3,11,ask,,,10113922
2026-07-07T00:10:51.723009,2026-07-07T00:10:51.734611+00:00,156.3,43,ask,,,10113950
2026-07-07T00:10:51.735352,2026-07-07T00:10:51.746994+00:00,156.3,50,ask,,,10113951
2026-07-07T00:10:52.906206,2026-07-07T00:10:52.914262+00:00,156.4,11,bid,,,10113958
2026-07-07T00:10:53.842691,2026-07-07T00:10:53.854247+00:00,156.2,50,ask,,,10113970
2026-07-07T00:10:55.952847,2026-07-07T00:10:55.957266+00:00,155.8,50,ask,,,10114002
2026-07-07T00:10:56.387849,2026-07-07T00:10:56.397360+00:00,156.3,3,bid,,,10114007
2026-07-07T00:10:57.111341,2026-07-07T00:10:57.121974+00:00,156.3,42,bid,,,10114019
2026-07-07T00:10:58.059162,2026-07-07T00:10:58.069440+00:00,155.9,50,ask,,,10114029
2026-07-07T00:10:59.160691,2026-07-07T00:10:59.169381+00:00,156.4,48,bid,,,10114044
2026-07-07T00:10:59.793400,2026-07-07T00:10:59.805113+00:00,155.9,46,ask,,,10114050
2026-07-07T00:11:00.189689,2026-07-07T00:11:00.199700+00:00,155.9,50,ask,,,10114059
2026-07-07T00:11:01.421563,2026-07-07T00:11:01.432997+00:00,156.3,45,bid,,,10114077
2026-07-07T00:11:02.245679,2026-07-07T00:11:02.256852+00:00,156.3,50,bid,,,10114086
2026-07-07T00:11:03.971820,2026-07-07T00:11:03.983441+00:00,156.1,47,ask,,,10114107
2026-07-07T00:11:04.459728,2026-07-07T00:11:04.471117+00:00,156.3,40,bid,,,10114109
2026-07-07T00:11:05.582856,2026-07-07T00:11:05.594882+00:00,155.9,47,ask,,,10114122
2026-07-07T00:11:06.457155,2026-07-07T00:11:06.464304+00:00,156.3,50,bid,,,10114133
2026-07-07T00:11:07.233912,2026-07-07T00:11:07.244140+00:00,156.1,41,ask,,,10114140
2026-07-07T00:11:08.613081,2026-07-07T00:11:08.623619+00:00,156.1,50,ask,,,10114165
2026-07-07T00:11:09.282433,2026-07-07T00:11:09.294208+00:00,156.3,46,bid,,,10114172
2026-07-07T00:11:09.891564,2026-07-07T00:11:09.903012+00:00,156.1,9,ask,,,10114178
2026-07-07T00:11:10.422095,2026-07-07T00:11:10.433848+00:00,156.3,48,bid,,,10114192
2026-07-07T00:11:10.723150,2026-07-07T00:11:10.736744+00:00,155.9,50,ask,,,10114194
2026-07-07T00:11:12.838441,2026-07-07T00:11:12.858609+00:00,156.1,50,ask,,,10114222
2026-07-07T00:11:13.522041,2026-07-07T00:11:13.533802+00:00,156.2,42,bid,,,10114228
2026-07-07T00:11:15.849476,2026-07-07T00:11:15.858905+00:00,156.2,3,bid,,,10114257
2026-07-07T00:11:16.997420,2026-07-07T00:11:17.008045+00:00,156.4,50,bid,,,10114273
2026-07-07T00:11:17.491723,2026-07-07T00:11:17.503142+00:00,156.0,49,ask,,,10114280
2026-07-07T00:11:18.967825,2026-07-07T00:11:18.975117+00:00,156.4,41,bid,,,10114301
2026-07-07T00:11:19.022382,2026-07-07T00:11:19.033995+00:00,156.0,41,ask,,,10114304
2026-07-07T00:11:19.115933,2026-07-07T00:11:19.123675+00:00,156.4,9,bid,,,10114309
2026-07-07T00:11:19.115933,2026-07-07T00:11:19.123675+00:00,156.5,41,bid,,,10114310
2026-07-07T00:11:21.223300,2026-07-07T00:11:21.235047+00:00,156.5,50,bid,,,10114337
2026-07-07T00:11:23.361474,2026-07-07T00:11:23.373396+00:00,156.6,50,bid,,,10114362
2026-07-07T00:11:24.972079,2026-07-07T00:11:24.983790+00:00,156.1,46,ask,,,10114389
2026-07-07T00:11:25.467958,2026-07-07T00:11:25.476903+00:00,156.6,50,bid,,,10114392
2026-07-07T00:11:25.621551,2026-07-07T00:11:25.632275+00:00,156.6,46,bid,,,10114397
2026-07-07T00:11:27.600307,2026-07-07T00:11:27.611831+00:00,156.9,50,bid,,,10114422
2026-07-07T00:11:28.295463,2026-07-07T00:11:28.303743+00:00,156.7,43,ask,,,10114428
2026-07-07T00:11:29.064908,2026-07-07T00:11:29.072921+00:00,156.8,3,ask,,,10114444
2026-07-07T00:11:29.758379,2026-07-07T00:11:29.770275+00:00,156.8,50,ask,,,10114450
2026-07-07T00:11:31.690853,2026-07-07T00:11:31.693113+00:00,156.8,47,ask,,,10114475
2026-07-07T00:11:31.871757,2026-07-07T00:11:31.879500+00:00,156.5,50,ask,,,10114478
2026-07-07T00:11:32.294620,2026-07-07T00:11:32.304001+00:00,156.8,45,bid,,,10114485
2026-07-07T00:11:33.945650,2026-07-07T00:11:33.958575+00:00,156.8,45,bid,,,10114502
2026-07-07T00:11:33.977310,2026-07-07T00:11:33.988782+00:00,156.3,50,ask,,,10114503
2026-07-07T00:11:34.575673,2026-07-07T00:11:34.583425+00:00,156.3,46,ask,,,10114513
2026-07-07T00:11:36.084679,2026-07-07T00:11:36.096484+00:00,156.4,50,ask,,,10114534
2026-07-07T00:11:36.537653,2026-07-07T00:11:36.558837+00:00,156.4,45,ask,,,10114543
2026-07-07T00:11:38.193026,2026-07-07T00:11:38.207191+00:00,156.4,5,ask,,,10114563
2026-07-07T00:11:38.193026,2026-07-07T00:11:38.207191+00:00,156.3,45,ask,,,10114564
2026-07-07T00:11:39.169977,2026-07-07T00:11:39.181864+00:00,156.7,48,bid,,,10114575
2026-07-07T00:11:40.302102,2026-07-07T00:11:40.313597+00:00,156.2,50,ask,,,10114592
2026-07-07T00:11:40.775100,2026-07-07T00:11:40.782791+00:00,156.6,14,bid,,,10114601
2026-07-07T00:11:41.804709,2026-07-07T00:11:41.814930+00:00,156.6,49,bid,,,10114613
2026-07-07T00:11:42.410064,2026-07-07T00:11:42.421742+00:00,156.4,50,ask,,,10114624
2026-07-07T00:11:42.910797,2026-07-07T00:11:42.919190+00:00,156.6,40,bid,,,10114633
2026-07-07T00:11:44.516626,2026-07-07T00:11:44.528268+00:00,156.5,50,ask,,,10114658
2026-07-07T00:11:46.623130,2026-07-07T00:11:46.634727+00:00,156.4,50,ask,,,10114681
2026-07-07T00:11:48.730142,2026-07-07T00:11:48.741969+00:00,156.4,50,ask,,,10114707
2026-07-07T00:11:50.053101,2026-07-07T00:11:50.058551+00:00,156.3,41,ask,,,10114731
2026-07-07T00:11:50.693189,2026-07-07T00:11:50.704959+00:00,156.3,43,ask,,,10114734
2026-07-07T00:11:50.788470,2026-07-07T00:11:50.796550+00:00,156.8,50,bid,,,10114736
2026-07-07T00:11:52.992471,2026-07-07T00:11:53.000750+00:00,156.5,12,bid,,,10114772
2026-07-07T00:11:55.049040,2026-07-07T00:11:55.055449+00:00,156.1,50,ask,,,10114800
2026-07-07T00:11:55.408497,2026-07-07T00:11:55.416524+00:00,156.5,11,bid,,,10114806
2026-07-07T00:11:58.170246,2026-07-07T00:11:58.181972+00:00,156.6,48,bid,,,10114842
2026-07-07T00:11:58.732731,2026-07-07T00:11:58.744158+00:00,156.6,44,bid,,,10114854
2026-07-07T00:12:01.315416,2026-07-07T00:12:01.327198+00:00,156.7,50,bid,,,10114887
2026-07-07T00:12:03.421276,2026-07-07T00:12:03.428154+00:00,156.9,50,bid,,,10114910
2026-07-07T00:12:06.265041,2026-07-07T00:12:06.272669+00:00,156.6,41,ask,,,10114941
2026-07-07T00:12:07.352059,2026-07-07T00:12:07.359615+00:00,156.5,42,ask,,,10114955
2026-07-07T00:12:07.682982,2026-07-07T00:12:07.690290+00:00,156.5,50,ask,,,10114959
2026-07-07T00:12:08.401063,2026-07-07T00:12:08.412946+00:00,157.0,48,bid,,,10114972
2026-07-07T00:12:09.794620,2026-07-07T00:12:09.801067+00:00,156.5,50,ask,,,10114989
2026-07-07T00:12:10.395583,2026-07-07T00:12:10.406346+00:00,156.8,43,bid,,,10114998
2026-07-07T00:12:11.851480,2026-07-07T00:12:11.857866+00:00,156.8,50,bid,,,10115019
2026-07-07T00:12:15.132351,2026-07-07T00:12:15.143898+00:00,156.4,43,ask,,,10115058
2026-07-07T00:12:16.084512,2026-07-07T00:12:16.091771+00:00,156.6,50,bid,,,10115068
2026-07-07T00:12:16.238454,2026-07-07T00:12:16.249939+00:00,156.4,49,ask,,,10115070
2026-07-07T00:12:16.359449,2026-07-07T00:12:16.369770+00:00,156.4,11,ask,,,10115076
2026-07-07T00:12:17.841787,2026-07-07T00:12:17.853406+00:00,156.4,46,ask,,,10115096
2026-07-07T00:12:18.193027,2026-07-07T00:12:18.204743+00:00,156.5,50,bid,,,10115100
2026-07-07T00:12:18.490735,2026-07-07T00:12:18.502555+00:00,156.2,40,bid,,,10115104
2026-07-07T00:12:19.687239,2026-07-07T00:12:19.698657+00:00,156.2,100,bid,,,10115125
2026-07-07T00:12:20.299593,2026-07-07T00:12:20.311300+00:00,156.2,10,bid,,,10115132
2026-07-07T00:12:20.299593,2026-07-07T00:12:20.311300+00:00,156.7,40,bid,,,10115133
2026-07-07T00:12:20.488030,2026-07-07T00:12:20.499523+00:00,156.7,43,bid,,,10115135
2026-07-07T00:12:22.410263,2026-07-07T00:12:22.422133+00:00,156.7,17,bid,,,10115160
2026-07-07T00:12:22.410263,2026-07-07T00:12:22.422133+00:00,156.8,33,bid,,,10115161
2026-07-07T00:12:24.217475,2026-07-07T00:12:24.227649+00:00,156.3,12,ask,,,10115180
2026-07-07T00:12:24.520828,2026-07-07T00:12:24.532647+00:00,156.6,50,bid,,,10115186
2026-07-07T00:12:26.629229,2026-07-07T00:12:26.641060+00:00,156.7,50,bid,,,10115208
2026-07-07T00:12:27.785473,2026-07-07T00:12:27.794229+00:00,156.5,11,ask,,,10115221
2026-07-07T00:12:28.159837,2026-07-07T00:12:28.170241+00:00,156.5,3,ask,,,10115226
2026-07-07T00:12:28.743713,2026-07-07T00:12:28.755316+00:00,156.8,50,bid,,,10115232
2026-07-07T00:12:30.246715,2026-07-07T00:12:30.256083+00:00,156.5,48,ask,,,10115252
2026-07-07T00:12:30.851297,2026-07-07T00:12:30.857581+00:00,156.6,50,bid,,,10115262
2026-07-07T00:12:31.879334,2026-07-07T00:12:31.887521+00:00,156.1,43,ask,,,10115277
2026-07-07T00:12:32.329898,2026-07-07T00:12:32.341567+00:00,156.5,100,bid,,,10115284
2026-07-07T00:12:32.983698,2026-07-07T00:12:32.995465+00:00,156.5,50,bid,,,10115289
2026-07-07T00:12:34.691157,2026-07-07T00:12:34.700304+00:00,156.7,14,ask,,,10115311
2026-07-07T00:12:35.095674,2026-07-07T00:12:35.107183+00:00,157.0,50,bid,,,10115316
2026-07-07T00:12:35.544270,2026-07-07T00:12:35.563657+00:00,156.7,100,ask,,,10115323
2026-07-07T00:12:36.654398,2026-07-07T00:12:36.666122+00:00,156.7,36,ask,,,10115339
2026-07-07T00:12:37.258670,2026-07-07T00:12:37.271760+00:00,155.9,50,ask,,,10115345
2026-07-07T00:12:37.327184,2026-07-07T00:12:37.334924+00:00,156.5,11,bid,,,10115346
2026-07-07T00:12:37.689459,2026-07-07T00:12:37.697195+00:00,156.5,3,bid,,,10115350
2026-07-07T00:12:37.851006,2026-07-07T00:12:37.858537+00:00,156.5,44,bid,,,10115354
2026-07-07T00:12:39.366132,2026-07-07T00:12:39.377841+00:00,156.2,50,ask,,,10115381
2026-07-07T00:12:41.474628,2026-07-07T00:12:41.483457+00:00,156.3,50,ask,,,10115409
2026-07-07T00:12:43.583878,2026-07-07T00:12:43.594806+00:00,156.2,50,ask,,,10115435
2026-07-07T00:12:45.129210,2026-07-07T00:12:45.140787+00:00,156.5,46,bid,,,10115448
2026-07-07T00:12:45.692837,2026-07-07T00:12:45.699616+00:00,156.2,50,ask,,,10115455
2026-07-07T00:12:47.800600,2026-07-07T00:12:47.812005+00:00,156.0,50,ask,,,10115472
2026-07-07T00:12:48.057885,2026-07-07T00:12:48.069293+00:00,156.0,40,ask,,,10115478
2026-07-07T00:12:49.133673,2026-07-07T00:12:49.141851+00:00,156.3,3,bid,,,10115492
2026-07-07T00:12:49.855485,2026-07-07T00:12:49.867281+00:00,156.3,50,bid,,,10115497
2026-07-07T00:12:50.440007,2026-07-07T00:12:50.447925+00:00,156.3,11,bid,,,10115504
2026-07-07T00:12:52.014135,2026-07-07T00:12:52.022109+00:00,156.3,50,ask,,,10115526
2026-07-07T00:12:54.120120,2026-07-07T00:12:54.132046+00:00,156.3,50,ask,,,10115551
2026-07-07T00:12:55.131415,2026-07-07T00:12:55.141027+00:00,156.4,46,bid,,,10115562
2026-07-07T00:12:55.806122,2026-07-07T00:12:55.817713+00:00,156.4,46,bid,,,10115573
2026-07-07T00:12:56.231304,2026-07-07T00:12:56.243118+00:00,155.9,50,ask,,,10115582
2026-07-07T00:13:00.447809,2026-07-07T00:13:00.458532+00:00,156.2,50,ask,,,10115644
2026-07-07T00:13:02.503542,2026-07-07T00:13:02.515112+00:00,156.7,50,bid,,,10115668
2026-07-07T00:13:03.563449,2026-07-07T00:13:03.575057+00:00,156.2,43,ask,,,10115675
2026-07-07T00:13:04.611135,2026-07-07T00:13:04.622946+00:00,156.6,50,bid,,,10115691
2026-07-07T00:13:05.718772,2026-07-07T00:13:05.730362+00:00,156.6,44,bid,,,10115711
2026-07-07T00:13:06.770006,2026-07-07T00:13:06.781411+00:00,156.3,50,ask,,,10115728
2026-07-07T00:13:07.792208,2026-07-07T00:13:07.803697+00:00,156.5,46,ask,,,10115740
2026-07-07T00:13:08.875202,2026-07-07T00:13:08.885072+00:00,156.5,50,ask,,,10115751
2026-07-07T00:13:10.981209,2026-07-07T00:13:10.992689+00:00,156.3,50,ask,,,10115776
2026-07-07T00:13:11.388450,2026-07-07T00:13:11.396125+00:00,156.7,12,bid,,,10115779
2026-07-07T00:13:13.094216,2026-07-07T00:13:13.101648+00:00,156.4,50,ask,,,10115791
2026-07-07T00:13:15.149267,2026-07-07T00:13:15.144222+00:00,156.6,50,bid,,,10115812
2026-07-07T00:13:17.256642,2026-07-07T00:13:17.268393+00:00,156.7,50,bid,,,10115834
2026-07-07T00:13:19.381344,2026-07-07T00:13:19.392358+00:00,156.8,50,bid,,,10115859
2026-07-07T00:13:19.767900,2026-07-07T00:13:19.779601+00:00,157.0,46,bid,,,10115861
2026-07-07T00:13:20.378464,2026-07-07T00:13:20.390348+00:00,156.5,43,ask,,,10115867
2026-07-07T00:13:20.923912,2026-07-07T00:13:20.934926+00:00,156.5,45,ask,,,10115876
2026-07-07T00:13:21.540557,2026-07-07T00:13:21.551131+00:00,156.5,50,ask,,,10115881
2026-07-07T00:13:21.659465,2026-07-07T00:13:21.667839+00:00,156.5,11,bid,,,10115883
2026-07-07T00:13:23.648306,2026-07-07T00:13:23.663882+00:00,156.3,50,ask,,,10115917
2026-07-07T00:13:25.756618,2026-07-07T00:13:25.768193+00:00,156.3,50,ask,,,10115945
2026-07-07T00:13:27.868103,2026-07-07T00:13:27.878778+00:00,156.0,50,ask,,,10115977
2026-07-07T00:13:28.547353,2026-07-07T00:13:28.555818+00:00,156.4,46,bid,,,10115980
2026-07-07T00:13:29.923635,2026-07-07T00:13:29.935415+00:00,156.3,50,bid,,,10115992
2026-07-07T00:13:30.969854,2026-07-07T00:13:30.978644+00:00,156.3,12,bid,,,10116006
2026-07-07T00:13:32.082340,2026-07-07T00:13:32.092825+00:00,156.1,50,ask,,,10116028
2026-07-07T00:13:33.652093,2026-07-07T00:13:33.661574+00:00,156.6,48,bid,,,10116047
2026-07-07T00:13:34.137056,2026-07-07T00:13:34.158842+00:00,156.6,50,bid,,,10116059
2026-07-07T00:13:35.698409,2026-07-07T00:13:35.709694+00:00,156.7,45,bid,,,10116079
2026-07-07T00:13:36.243742,2026-07-07T00:13:36.246054+00:00,156.7,50,bid,,,10116087
2026-07-07T00:13:38.408197,2026-07-07T00:13:38.419792+00:00,156.4,50,ask,,,10116111
2026-07-07T00:13:40.515953,2026-07-07T00:13:40.527616+00:00,156.5,50,ask,,,10116141
2026-07-07T00:13:41.746770,2026-07-07T00:13:41.753824+00:00,156.5,12,ask,,,10116157
2026-07-07T00:13:41.973931,2026-07-07T00:13:41.985565+00:00,156.3,100,ask,,,10116162
2026-07-07T00:13:42.574016,2026-07-07T00:13:42.585378+00:00,156.8,50,bid,,,10116170
2026-07-07T00:13:44.104332,2026-07-07T00:13:44.112418+00:00,155.9,34,bid,,,10116201
2026-07-07T00:13:44.289851,2026-07-07T00:13:44.298001+00:00,155.9,12,bid,,,10116204
2026-07-07T00:13:44.682914,2026-07-07T00:13:44.689646+00:00,155.9,50,bid,,,10116207
2026-07-07T00:13:45.080895,2026-07-07T00:13:45.092634+00:00,155.9,54,bid,,,10116213
2026-07-07T00:13:45.159547,2026-07-07T00:13:45.168691+00:00,156.3,46,ask,,,10116214
2026-07-07T00:13:45.910703,2026-07-07T00:13:45.919119+00:00,155.4,48,ask,,,10116227
2026-07-07T00:13:46.791003,2026-07-07T00:13:46.802522+00:00,156.8,50,bid,,,10116239
2026-07-07T00:13:47.948020,2026-07-07T00:13:47.963624+00:00,156.1,49,ask,,,10116256
2026-07-07T00:13:48.948325,2026-07-07T00:13:48.959689+00:00,156.2,50,ask,,,10116264
2026-07-07T00:13:51.054638,2026-07-07T00:13:51.066348+00:00,156.2,50,ask,,,10116292
2026-07-07T00:13:52.022948,2026-07-07T00:13:52.029380+00:00,156.5,47,bid,,,10116296
2026-07-07T00:13:52.665160,2026-07-07T00:13:52.679496+00:00,156.5,41,bid,,,10116307
2026-07-07T00:13:53.139513,2026-07-07T00:13:53.164029+00:00,156.1,40,ask,,,10116310
2026-07-07T00:13:53.163271,2026-07-07T00:13:53.174800+00:00,156.1,50,ask,,,10116311
2026-07-07T00:13:54.616121,2026-07-07T00:13:54.627620+00:00,156.4,100,ask,,,10116331
2026-07-07T00:13:55.273403,2026-07-07T00:13:55.280194+00:00,156.4,50,ask,,,10116340
2026-07-07T00:13:59.162791,2026-07-07T00:13:59.174315+00:00,156.6,44,bid,,,10116382
2026-07-07T00:13:59.432197,2026-07-07T00:13:59.440933+00:00,156.6,50,bid,,,10116386
2026-07-07T00:14:01.590834,2026-07-07T00:14:01.602480+00:00,156.5,50,ask,,,10116402
2026-07-07T00:14:02.790139,2026-07-07T00:14:02.801807+00:00,156.3,49,ask,,,10116413
2026-07-07T00:14:03.382774,2026-07-07T00:14:03.394647+00:00,156.3,41,ask,,,10116422
2026-07-07T00:14:03.697626,2026-07-07T00:14:03.709447+00:00,156.3,10,ask,,,10116425
2026-07-07T00:14:03.697626,2026-07-07T00:14:03.709447+00:00,156.3,40,ask,,,10116426
2026-07-07T00:14:03.864819,2026-07-07T00:14:03.876361+00:00,156.8,48,bid,,,10116427
2026-07-07T00:14:04.339466,2026-07-07T00:14:04.363788+00:00,156.3,42,ask,,,10116434
2026-07-07T00:14:05.807778,2026-07-07T00:14:05.814388+00:00,156.3,50,ask,,,10116447
2026-07-07T00:14:05.991811,2026-07-07T00:14:06.001459+00:00,156.3,34,bid,,,10116452
2026-07-07T00:14:07.246906,2026-07-07T00:14:07.255610+00:00,156.3,12,bid,,,10116477
2026-07-07T00:14:07.918904,2026-07-07T00:14:07.930822+00:00,156.2,50,ask,,,10116482
2026-07-07T00:14:08.459484,2026-07-07T00:14:08.467694+00:00,156.3,11,bid,,,10116492
2026-07-07T00:14:09.545973,2026-07-07T00:14:09.558747+00:00,156.5,43,bid,,,10116508
2026-07-07T00:14:10.027518,2026-07-07T00:14:10.039293+00:00,156.2,50,ask,,,10116514
2026-07-07T00:14:12.136900,2026-07-07T00:14:12.148310+00:00,156.0,50,ask,,,10116539
2026-07-07T00:14:13.273326,2026-07-07T00:14:13.284685+00:00,156.5,40,bid,,,10116555
2026-07-07T00:14:13.864999,2026-07-07T00:14:13.874343+00:00,156.5,44,bid,,,10116564
2026-07-07T00:14:13.918414,2026-07-07T00:14:13.929793+00:00,156.1,48,ask,,,10116566
2026-07-07T00:14:14.389259,2026-07-07T00:14:14.400934+00:00,156.5,46,bid,,,10116570
2026-07-07T00:14:15.473151,2026-07-07T00:14:15.481265+00:00,156.2,6,bid,,,10116583
2026-07-07T00:14:16.299298,2026-07-07T00:14:16.309696+00:00,156.2,50,bid,,,10116595
2026-07-07T00:14:16.705795,2026-07-07T00:14:16.715531+00:00,156.2,94,bid,,,10116599
2026-07-07T00:14:16.771488,2026-07-07T00:14:16.780019+00:00,156.3,6,ask,,,10116600
2026-07-07T00:14:18.405336,2026-07-07T00:14:18.417046+00:00,156.8,50,bid,,,10116617
2026-07-07T00:14:19.115210,2026-07-07T00:14:19.124652+00:00,156.2,44,ask,,,10116626
2026-07-07T00:14:20.099133,2026-07-07T00:14:20.110052+00:00,156.2,46,ask,,,10116637
2026-07-07T00:14:20.516166,2026-07-07T00:14:20.527289+00:00,156.6,50,bid,,,10116641
2026-07-07T00:14:22.230649,2026-07-07T00:14:22.242203+00:00,156.4,45,bid,,,10116657
2026-07-07T00:14:22.634108,2026-07-07T00:14:22.645607+00:00,156.4,50,bid,,,10116666
2026-07-07T00:14:22.828876,2026-07-07T00:14:22.840477+00:00,156.4,45,bid,,,10116670
2026-07-07T00:14:23.026630,2026-07-07T00:14:23.069090+00:00,156.4,10,bid,,,10116676
2026-07-07T00:14:24.687098,2026-07-07T00:14:24.695484+00:00,156.4,11,ask,,,10116697
2026-07-07T00:14:24.741661,2026-07-07T00:14:24.753180+00:00,156.9,50,bid,,,10116701
2026-07-07T00:14:26.001582,2026-07-07T00:14:26.009654+00:00,156.4,12,ask,,,10116719
2026-07-07T00:14:26.848048,2026-07-07T00:14:26.863824+00:00,156.7,50,bid,,,10116728
2026-07-07T00:14:28.989855,2026-07-07T00:14:28.996829+00:00,156.7,50,bid,,,10116762
2026-07-07T00:14:29.364738,2026-07-07T00:14:29.373385+00:00,156.5,11,ask,,,10116767
2026-07-07T00:14:30.812924,2026-07-07T00:14:30.841288+00:00,156.5,11,ask,,,10116785
2026-07-07T00:14:31.159958,2026-07-07T00:14:31.171502+00:00,156.5,50,ask,,,10116790
2026-07-07T00:14:31.234429,2026-07-07T00:14:31.242520+00:00,156.5,12,ask,,,10116792
2026-07-07T00:14:32.176312,2026-07-07T00:14:32.187892+00:00,156.5,16,ask,,,10116802
2026-07-07T00:14:32.176312,2026-07-07T00:14:32.187892+00:00,156.2,25,ask,,,10116803
2026-07-07T00:14:32.718181,2026-07-07T00:14:32.729807+00:00,156.2,42,ask,,,10116813
2026-07-07T00:14:33.228580,2026-07-07T00:14:33.235688+00:00,156.4,50,bid,,,10116817
2026-07-07T00:14:34.234901,2026-07-07T00:14:34.246359+00:00,156.4,47,bid,,,10116829
2026-07-07T00:14:35.334977,2026-07-07T00:14:35.363649+00:00,156.4,3,bid,,,10116843
2026-07-07T00:14:35.334977,2026-07-07T00:14:35.363649+00:00,156.4,47,bid,,,10116844
2026-07-07T00:14:37.523675,2026-07-07T00:14:37.535468+00:00,156.2,50,ask,,,10116879
2026-07-07T00:14:39.629736,2026-07-07T00:14:39.641663+00:00,156.0,50,ask,,,10116901
2026-07-07T00:14:40.439145,2026-07-07T00:14:40.450824+00:00,156.0,44,ask,,,10116908
2026-07-07T00:14:41.094932,2026-07-07T00:14:41.102960+00:00,156.0,6,ask,,,10116918
2026-07-07T00:14:41.094932,2026-07-07T00:14:41.108002+00:00,156.0,37,ask,,,10116919
2026-07-07T00:14:41.741650,2026-07-07T00:14:41.763756+00:00,156.0,50,ask,,,10116928
2026-07-07T00:14:42.951705,2026-07-07T00:14:42.958566+00:00,156.3,48,bid,,,10116947
2026-07-07T00:14:43.537475,2026-07-07T00:14:43.544281+00:00,156.3,47,bid,,,10116952
2026-07-07T00:14:43.927234,2026-07-07T00:14:43.935499+00:00,156.1,23,bid,,,10116965
2026-07-07T00:14:44.152400,2026-07-07T00:14:44.148234+00:00,155.8,47,ask,,,10116972
2026-07-07T00:14:45.244752,2026-07-07T00:14:45.256396+00:00,155.9,44,ask,,,10116988
2026-07-07T00:14:45.934093,2026-07-07T00:14:45.945994+00:00,156.1,50,bid,,,10116993
2026-07-07T00:14:48.042271,2026-07-07T00:14:48.064055+00:00,156.3,50,bid,,,10117025
2026-07-07T00:14:50.172281,2026-07-07T00:14:50.179271+00:00,156.2,50,bid,,,10117045
2026-07-07T00:14:50.185680,2026-07-07T00:14:50.194908+00:00,156.2,50,bid,,,10117047
2026-07-07T00:14:50.950165,2026-07-07T00:14:50.956557+00:00,156.7,47,bid,,,10117062
2026-07-07T00:14:51.467254,2026-07-07T00:14:51.474758+00:00,156.2,44,ask,,,10117071
2026-07-07T00:14:52.276814,2026-07-07T00:14:52.288215+00:00,156.6,50,bid,,,10117074
2026-07-07T00:14:53.490207,2026-07-07T00:14:53.497472+00:00,156.1,11,ask,,,10117091
2026-07-07T00:14:55.321237,2026-07-07T00:14:55.332851+00:00,156.4,44,bid,,,10117113
2026-07-07T00:14:55.797686,2026-07-07T00:14:55.806906+00:00,156.0,45,ask,,,10117127
2026-07-07T00:14:56.498181,2026-07-07T00:14:56.509729+00:00,156.5,50,bid,,,10117131
2026-07-07T00:14:58.605428,2026-07-07T00:14:58.617150+00:00,156.6,50,bid,,,10117165
2026-07-07T00:15:00.534452,2026-07-07T00:15:00.542443+00:00,156.4,12,ask,,,10117192
2026-07-07T00:15:00.712566,2026-07-07T00:15:00.724038+00:00,156.6,50,bid,,,10117195
2026-07-07T00:15:01.478850,2026-07-07T00:15:01.490346+00:00,156.9,47,bid,,,10117211
2026-07-07T00:15:04.936753,2026-07-07T00:15:04.948248+00:00,156.9,50,bid,,,10117254
2026-07-07T00:15:05.641292,2026-07-07T00:15:05.652919+00:00,156.7,45,ask,,,10117258
2026-07-07T00:15:06.017053,2026-07-07T00:15:06.025102+00:00,156.9,23,ask,,,10117264
2026-07-07T00:15:06.260876,2026-07-07T00:15:06.272343+00:00,156.9,45,ask,,,10117273
2026-07-07T00:15:07.043342,2026-07-07T00:15:07.054766+00:00,157.2,50,bid,,,10117284
2026-07-07T00:15:07.243897,2026-07-07T00:15:07.255277+00:00,157.2,46,bid,,,10117288
2026-07-07T00:15:07.745096,2026-07-07T00:15:07.756053+00:00,156.9,48,ask,,,10117293
2026-07-07T00:15:08.276028,2026-07-07T00:15:08.287862+00:00,157.4,47,bid,,,10117302
2026-07-07T00:15:09.179718,2026-07-07T00:15:09.191344+00:00,157.4,50,bid,,,10117312
2026-07-07T00:15:11.286635,2026-07-07T00:15:11.296958+00:00,157.3,50,bid,,,10117333
2026-07-07T00:15:13.851028,2026-07-07T00:15:13.863452+00:00,157.1,11,ask,,,10117369
2026-07-07T00:15:14.693688,2026-07-07T00:15:14.705185+00:00,157.1,48,ask,,,10117379
2026-07-07T00:15:15.554539,2026-07-07T00:15:15.554831+00:00,157.1,50,ask,,,10117393
2026-07-07T00:15:16.702550,2026-07-07T00:15:16.714270+00:00,157.5,40,bid,,,10117410
2026-07-07T00:15:17.174751,2026-07-07T00:15:17.181611+00:00,157.0,41,ask,,,10117415
2026-07-07T00:15:17.662519,2026-07-07T00:15:17.669136+00:00,157.0,50,ask,,,10117420
2026-07-07T00:15:19.477305,2026-07-07T00:15:19.485239+00:00,157.0,45,bid,,,10117443
2026-07-07T00:15:21.447699,2026-07-07T00:15:21.458596+00:00,157.0,43,bid,,,10117457
2026-07-07T00:15:23.142984,2026-07-07T00:15:23.158581+00:00,156.9,44,ask,,,10117475
2026-07-07T00:15:23.929162,2026-07-07T00:15:23.940807+00:00,157.1,50,bid,,,10117484
2026-07-07T00:15:24.664934,2026-07-07T00:15:24.673692+00:00,157.1,11,bid,,,10117495
2026-07-07T00:15:25.192256,2026-07-07T00:15:25.204544+00:00,157.1,41,ask,,,10117501
2026-07-07T00:15:25.752676,2026-07-07T00:15:25.758563+00:00,157.4,42,bid,,,10117508
2026-07-07T00:15:28.138489,2026-07-07T00:15:28.164103+00:00,157.6,50,bid,,,10117536
2026-07-07T00:15:29.467179,2026-07-07T00:15:29.476264+00:00,157.3,11,ask,,,10117547
2026-07-07T00:15:30.246063,2026-07-07T00:15:30.263855+00:00,157.7,50,bid,,,10117562
2026-07-07T00:15:31.328808,2026-07-07T00:15:31.338441+00:00,157.7,3,ask,,,10117569
2026-07-07T00:15:32.404418,2026-07-07T00:15:32.415373+00:00,157.7,50,ask,,,10117587
2026-07-07T00:15:32.938694,2026-07-07T00:15:32.946581+00:00,158.1,45,bid,,,10117594
2026-07-07T00:15:34.042818,2026-07-07T00:15:34.058582+00:00,157.7,43,ask,,,10117601
2026-07-07T00:15:34.511183,2026-07-07T00:15:34.522628+00:00,157.6,50,ask,,,10117604
2026-07-07T00:15:34.644594,2026-07-07T00:15:34.651467+00:00,157.6,40,ask,,,10117606
2026-07-07T00:15:36.618529,2026-07-07T00:15:36.630212+00:00,157.6,50,ask,,,10117635
2026-07-07T00:15:38.024200,2026-07-07T00:15:38.069568+00:00,158.0,43,bid,,,10117648
2026-07-07T00:15:38.603203,2026-07-07T00:15:38.610250+00:00,157.6,47,ask,,,10117649
2026-07-07T00:15:38.726445,2026-07-07T00:15:38.737791+00:00,157.6,3,ask,,,10117658
2026-07-07T00:15:38.726445,2026-07-07T00:15:38.737791+00:00,157.5,47,ask,,,10117659
2026-07-07T00:15:39.350435,2026-07-07T00:15:39.358472+00:00,157.8,3,bid,,,10117669
2026-07-07T00:15:40.105691,2026-07-07T00:15:40.117559+00:00,157.8,44,bid,,,10117679
2026-07-07T00:15:40.785495,2026-07-07T00:15:40.797323+00:00,157.8,50,bid,,,10117690
2026-07-07T00:15:41.664870,2026-07-07T00:15:41.676437+00:00,157.5,45,ask,,,10117699
2026-07-07T00:15:42.893301,2026-07-07T00:15:42.902577+00:00,157.9,50,bid,,,10117712
2026-07-07T00:15:44.832130,2026-07-07T00:15:44.844033+00:00,157.6,43,bid,,,10117738
2026-07-07T00:15:45.001304,2026-07-07T00:15:45.012929+00:00,157.6,50,bid,,,10117739
2026-07-07T00:15:46.030131,2026-07-07T00:15:46.038655+00:00,157.5,47,ask,,,10117754
2026-07-07T00:15:47.119151,2026-07-07T00:15:47.125616+00:00,157.6,50,bid,,,10117770
2026-07-07T00:15:48.097164,2026-07-07T00:15:48.105227+00:00,157.9,41,bid,,,10117778
2026-07-07T00:15:49.277287,2026-07-07T00:15:49.289324+00:00,157.4,50,ask,,,10117790
2026-07-07T00:15:50.574967,2026-07-07T00:15:50.586651+00:00,157.6,42,ask,,,10117814
2026-07-07T00:15:51.162963,2026-07-07T00:15:51.174262+00:00,157.8,44,bid,,,10117825
2026-07-07T00:15:51.332571,2026-07-07T00:15:51.339419+00:00,157.8,50,bid,,,10117830
2026-07-07T00:15:52.613858,2026-07-07T00:15:52.622969+00:00,157.7,3,ask,,,10117846
2026-07-07T00:15:53.491308,2026-07-07T00:15:53.502801+00:00,157.7,50,ask,,,10117860
2026-07-07T00:15:55.597305,2026-07-07T00:15:55.608885+00:00,157.5,50,ask,,,10117879
2026-07-07T00:15:57.703925,2026-07-07T00:15:57.713756+00:00,157.5,50,ask,,,10117913
2026-07-07T00:15:59.386128,2026-07-07T00:15:59.398016+00:00,157.7,46,bid,,,10117936
2026-07-07T00:15:59.827360,2026-07-07T00:15:59.839076+00:00,157.2,50,ask,,,10117946
2026-07-07T00:16:01.260547,2026-07-07T00:16:01.272042+00:00,157.3,44,ask,,,10117966
2026-07-07T00:16:01.795888,2026-07-07T00:16:01.803453+00:00,157.3,46,ask,,,10117971
2026-07-07T00:16:02.727996,2026-07-07T00:16:02.732542+00:00,157.6,41,bid,,,10117984
2026-07-07T00:16:04.040558,2026-07-07T00:16:04.063947+00:00,157.1,50,ask,,,10117998
2026-07-07T00:16:04.929665,2026-07-07T00:16:04.941432+00:00,157.6,46,bid,,,10118005
2026-07-07T00:16:05.906965,2026-07-07T00:16:05.916253+00:00,157.3,42,ask,,,10118019
2026-07-07T00:16:06.154684,2026-07-07T00:16:06.166459+00:00,157.3,50,ask,,,10118025
2026-07-07T00:16:07.464777,2026-07-07T00:16:07.472108+00:00,157.3,100,ask,,,10118043
2026-07-07T00:16:08.279507,2026-07-07T00:16:08.290099+00:00,157.3,50,ask,,,10118053
2026-07-07T00:16:09.386569,2026-07-07T00:16:09.395394+00:00,156.9,37,bid,,,10118063
2026-07-07T00:16:10.388814,2026-07-07T00:16:10.400381+00:00,156.8,50,ask,,,10118074
2026-07-07T00:16:10.575964,2026-07-07T00:16:10.583153+00:00,156.9,100,bid,,,10118075
2026-07-07T00:16:11.299802,2026-07-07T00:16:11.309085+00:00,156.9,12,bid,,,10118077
2026-07-07T00:16:12.128058,2026-07-07T00:16:12.136228+00:00,156.9,1,bid,,,10118094
2026-07-07T00:16:12.498949,2026-07-07T00:16:12.519571+00:00,157.2,50,ask,,,10118098
2026-07-07T00:16:12.511615,2026-07-07T00:16:12.519571+00:00,157.2,1,ask,,,10118099
2026-07-07T00:16:13.437690,2026-07-07T00:16:13.445598+00:00,157.2,35,ask,,,10118112
2026-07-07T00:16:13.826091,2026-07-07T00:16:13.847424+00:00,157.2,64,ask,,,10118125
2026-07-07T00:16:13.839009,2026-07-07T00:16:13.847424+00:00,156.9,35,bid,,,10118126
2026-07-07T00:16:14.604408,2026-07-07T00:16:14.616269+00:00,156.4,50,ask,,,10118138
2026-07-07T00:16:14.742530,2026-07-07T00:16:14.750581+00:00,156.9,1,bid,,,10118140
2026-07-07T00:16:16.434426,2026-07-07T00:16:16.445942+00:00,157.2,40,bid,,,10118161
2026-07-07T00:16:16.711667,2026-07-07T00:16:16.722362+00:00,156.7,50,ask,,,10118164
2026-07-07T00:16:19.009212,2026-07-07T00:16:19.020827+00:00,157.2,44,bid,,,10118195
2026-07-07T00:16:20.130999,2026-07-07T00:16:20.142975+00:00,157.0,43,ask,,,10118208
2026-07-07T00:16:20.737461,2026-07-07T00:16:20.744483+00:00,157.2,47,bid,,,10118213
2026-07-07T00:16:20.870810,2026-07-07T00:16:20.882382+00:00,157.2,50,bid,,,10118216
2026-07-07T00:16:21.990618,2026-07-07T00:16:22.000031+00:00,157.3,1,ask,,,10118235
2026-07-07T00:16:22.976435,2026-07-07T00:16:22.987655+00:00,157.5,50,bid,,,10118248
2026-07-07T00:16:25.082640,2026-07-07T00:16:25.091349+00:00,157.7,50,bid,,,10118276
2026-07-07T00:16:25.159871,2026-07-07T00:16:25.168645+00:00,157.4,12,ask,,,10118278
2026-07-07T00:16:27.188168,2026-07-07T00:16:27.200098+00:00,157.6,50,bid,,,10118306
2026-07-07T00:16:27.948229,2026-07-07T00:16:27.963954+00:00,157.4,45,ask,,,10118314
2026-07-07T00:16:28.595209,2026-07-07T00:16:28.604539+00:00,157.2,45,ask,,,10118328
2026-07-07T00:16:29.244420,2026-07-07T00:16:29.256008+00:00,157.6,42,bid,,,10118334
2026-07-07T00:16:29.296582,2026-07-07T00:16:29.301339+00:00,157.6,8,bid,,,10118337
2026-07-07T00:16:29.296582,2026-07-07T00:16:29.301339+00:00,157.7,42,bid,,,10118338
2026-07-07T00:16:29.886276,2026-07-07T00:16:29.895309+00:00,157.3,42,ask,,,10118342
2026-07-07T00:16:30.410482,2026-07-07T00:16:30.422028+00:00,157.7,45,bid,,,10118350
2026-07-07T00:16:31.408529,2026-07-07T00:16:31.416778+00:00,157.7,50,bid,,,10118357
2026-07-07T00:16:31.469893,2026-07-07T00:16:31.480533+00:00,157.3,44,ask,,,10118358
2026-07-07T00:16:31.489014,2026-07-07T00:16:31.499264+00:00,157.6,23,ask,,,10118359
2026-07-07T00:16:32.552408,2026-07-07T00:16:32.563088+00:00,157.6,11,ask,,,10118368
2026-07-07T00:16:32.829012,2026-07-07T00:16:32.840923+00:00,157.6,100,ask,,,10118377
2026-07-07T00:16:33.514348,2026-07-07T00:16:33.525861+00:00,158.1,50,bid,,,10118383
2026-07-07T00:16:34.420179,2026-07-07T00:16:34.429516+00:00,157.6,3,ask,,,10118392
2026-07-07T00:16:35.098323,2026-07-07T00:16:35.111190+00:00,157.0,42,ask,,,10118400
2026-07-07T00:16:35.621664,2026-07-07T00:16:35.633200+00:00,157.5,50,bid,,,10118412
2026-07-07T00:16:36.533106,2026-07-07T00:16:36.540791+00:00,157.5,42,bid,,,10118421
2026-07-07T00:16:37.660484,2026-07-07T00:16:37.669856+00:00,157.0,43,ask,,,10118434
2026-07-07T00:16:39.833658,2026-07-07T00:16:39.845342+00:00,157.6,50,bid,,,10118464
2026-07-07T00:16:41.992409,2026-07-07T00:16:42.000684+00:00,157.5,50,ask,,,10118490
2026-07-07T00:16:43.171728,2026-07-07T00:16:43.179162+00:00,157.7,41,bid,,,10118508
2026-07-07T00:16:44.048930,2026-07-07T00:16:44.055368+00:00,157.7,50,bid,,,10118517
2026-07-07T00:16:47.424917,2026-07-07T00:16:47.436305+00:00,157.2,46,ask,,,10118570
2026-07-07T00:16:48.314241,2026-07-07T00:16:48.325678+00:00,157.2,50,ask,,,10118577
2026-07-07T00:16:50.142364,2026-07-07T00:16:50.162715+00:00,157.4,14,bid,,,10118600
2026-07-07T00:16:50.424100,2026-07-07T00:16:50.432412+00:00,157.0,50,ask,,,10118602
2026-07-07T00:16:50.460567,2026-07-07T00:16:50.472186+00:00,157.4,86,bid,,,10118604
2026-07-07T00:16:51.256457,2026-07-07T00:16:51.254326+00:00,157.9,45,bid,,,10118614
2026-07-07T00:16:51.856516,2026-07-07T00:16:51.868889+00:00,157.4,45,ask,,,10118621
2026-07-07T00:16:52.530624,2026-07-07T00:16:52.542387+00:00,157.4,19,ask,,,10118631
2026-07-07T00:16:52.530624,2026-07-07T00:16:52.542387+00:00,157.3,31,ask,,,10118632
2026-07-07T00:16:52.996181,2026-07-07T00:16:53.008454+00:00,157.7,44,bid,,,10118634
2026-07-07T00:16:54.056071,2026-07-07T00:16:54.067797+00:00,157.3,40,ask,,,10118650
2026-07-07T00:16:54.638143,2026-07-07T00:16:54.648761+00:00,157.3,29,ask,,,10118652
2026-07-07T00:16:54.638143,2026-07-07T00:16:54.648761+00:00,157.0,21,ask,,,10118653
2026-07-07T00:16:55.218293,2026-07-07T00:16:55.225590+00:00,157.5,40,bid,,,10118665
2026-07-07T00:16:55.860713,2026-07-07T00:16:55.868922+00:00,157.2,41,ask,,,10118672
2026-07-07T00:16:56.756758,2026-07-07T00:16:56.758574+00:00,157.2,50,ask,,,10118690
2026-07-07T00:16:57.334371,2026-07-07T00:16:57.345744+00:00,157.6,44,bid,,,10118695
2026-07-07T00:16:58.863080,2026-07-07T00:16:58.873891+00:00,157.1,50,ask,,,10118722
2026-07-07T00:17:00.978551,2026-07-07T00:17:00.987888+00:00,156.9,50,ask,,,10118748
2026-07-07T00:17:02.541915,2026-07-07T00:17:02.553382+00:00,157.3,40,bid,,,10118765
2026-07-07T00:17:02.814975,2026-07-07T00:17:02.822853+00:00,157.3,12,bid,,,10118769
2026-07-07T00:17:03.084556,2026-07-07T00:17:03.096135+00:00,156.8,50,ask,,,10118771
2026-07-07T00:17:03.264766,2026-07-07T00:17:03.274823+00:00,157.3,11,bid,,,10118775
2026-07-07T00:17:03.708038,2026-07-07T00:17:03.719798+00:00,156.9,41,ask,,,10118784
2026-07-07T00:17:04.815680,2026-07-07T00:17:04.827417+00:00,157.4,48,bid,,,10118795
2026-07-07T00:17:05.166496,2026-07-07T00:17:05.174600+00:00,157.4,50,bid,,,10118797
2026-07-07T00:17:06.880033,2026-07-07T00:17:06.891680+00:00,157.2,45,ask,,,10118823
2026-07-07T00:17:07.272984,2026-07-07T00:17:07.284862+00:00,157.5,50,bid,,,10118828
2026-07-07T00:17:07.393041,2026-07-07T00:17:07.404662+00:00,157.2,43,ask,,,10118830
2026-07-07T00:17:08.441300,2026-07-07T00:17:08.450491+00:00,157.6,45,bid,,,10118849
2026-07-07T00:17:09.382673,2026-07-07T00:17:09.395648+00:00,157.6,50,bid,,,10118857
2026-07-07T00:17:10.736790,2026-07-07T00:17:10.748174+00:00,157.4,100,bid,,,10118875
2026-07-07T00:17:10.971018,2026-07-07T00:17:10.982907+00:00,157.4,41,bid,,,10118876
2026-07-07T00:17:11.540660,2026-07-07T00:17:11.558609+00:00,156.9,50,ask,,,10118879
2026-07-07T00:17:11.587329,2026-07-07T00:17:11.595243+00:00,157.4,9,bid,,,10118881
2026-07-07T00:17:13.647308,2026-07-07T00:17:13.658999+00:00,157.1,50,ask,,,10118906
2026-07-07T00:17:15.758801,2026-07-07T00:17:15.768134+00:00,157.1,50,ask,,,10118934
2026-07-07T00:17:16.363683,2026-07-07T00:17:16.371416+00:00,157.1,41,ask,,,10118942
2026-07-07T00:17:16.897186,2026-07-07T00:17:16.908677+00:00,157.1,40,ask,,,10118952
2026-07-07T00:17:17.871286,2026-07-07T00:17:17.885209+00:00,157.1,19,ask,,,10118962
2026-07-07T00:17:17.871286,2026-07-07T00:17:17.890421+00:00,157.1,31,ask,,,10118963
2026-07-07T00:17:18.966542,2026-07-07T00:17:18.974480+00:00,157.1,69,ask,,,10118979
2026-07-07T00:17:18.976765,2026-07-07T00:17:18.984805+00:00,156.9,46,bid,,,10118980
2026-07-07T00:17:19.677373,2026-07-07T00:17:19.685094+00:00,156.9,11,bid,,,10118996
2026-07-07T00:17:19.981809,2026-07-07T00:17:19.993383+00:00,156.4,50,ask,,,10119001
2026-07-07T00:17:22.149258,2026-07-07T00:17:22.158585+00:00,157.2,44,bid,,,10119023
2026-07-07T00:17:23.404540,2026-07-07T00:17:23.413243+00:00,157.0,11,ask,,,10119045
2026-07-07T00:17:24.169188,2026-07-07T00:17:24.180929+00:00,157.2,50,bid,,,10119059
2026-07-07T00:17:26.352375,2026-07-07T00:17:26.363947+00:00,157.1,50,ask,,,10119087
2026-07-07T00:17:27.232985,2026-07-07T00:17:27.244952+00:00,157.5,49,bid,,,10119100
2026-07-07T00:17:27.870466,2026-07-07T00:17:27.882321+00:00,157.1,41,ask,,,10119110
2026-07-07T00:17:28.191789,2026-07-07T00:17:28.199953+00:00,157.1,12,ask,,,10119117
2026-07-07T00:17:28.454093,2026-07-07T00:17:28.465591+00:00,157.0,100,ask,,,10119122
2026-07-07T00:17:29.404121,2026-07-07T00:17:29.412468+00:00,156.9,12,bid,,,10119135
2026-07-07T00:17:29.712605,2026-07-07T00:17:29.724447+00:00,156.9,38,bid,,,10119139
2026-07-07T00:17:30.511288,2026-07-07T00:17:30.518382+00:00,157.4,50,bid,,,10119144
2026-07-07T00:17:30.813289,2026-07-07T00:17:30.822608+00:00,157.4,40,bid,,,10119147
2026-07-07T00:17:31.989720,2026-07-07T00:17:32.001446+00:00,157.1,46,ask,,,10119161
2026-07-07T00:17:32.685661,2026-07-07T00:17:32.697346+00:00,157.1,50,ask,,,10119172
2026-07-07T00:17:34.831387,2026-07-07T00:17:34.844779+00:00,157.1,50,ask,,,10119195
2026-07-07T00:17:36.637955,2026-07-07T00:17:36.647605+00:00,157.0,12,ask,,,10119222
2026-07-07T00:17:36.941718,2026-07-07T00:17:36.953241+00:00,157.0,50,ask,,,10119228
2026-07-07T00:17:37.181745,2026-07-07T00:17:37.190387+00:00,157.0,38,ask,,,10119231
2026-07-07T00:17:37.181745,2026-07-07T00:17:37.190387+00:00,156.9,4,ask,,,10119232
2026-07-07T00:17:37.389664,2026-07-07T00:17:37.397871+00:00,156.9,11,ask,,,10119236
2026-07-07T00:17:38.716604,2026-07-07T00:17:38.728214+00:00,156.8,49,bid,,,10119252
2026-07-07T00:17:39.066677,2026-07-07T00:17:39.074845+00:00,156.3,50,ask,,,10119254
2026-07-07T00:17:39.269850,2026-07-07T00:17:39.281771+00:00,156.6,11,bid,,,10119256
2026-07-07T00:17:39.822769,2026-07-07T00:17:39.832071+00:00,156.6,47,bid,,,10119266
2026-07-07T00:17:40.015112,2026-07-07T00:17:40.023479+00:00,156.6,23,bid,,,10119273
2026-07-07T00:17:40.315406,2026-07-07T00:17:40.324374+00:00,156.6,6,bid,,,10119277
2026-07-07T00:17:40.952362,2026-07-07T00:17:40.958569+00:00,156.6,13,bid,,,10119288
2026-07-07T00:17:40.952362,2026-07-07T00:17:40.958569+00:00,156.8,30,bid,,,10119289
2026-07-07T00:17:41.172253,2026-07-07T00:17:41.183920+00:00,156.7,50,ask,,,10119292
2026-07-07T00:17:43.289340,2026-07-07T00:17:43.303716+00:00,156.7,50,ask,,,10119316
2026-07-07T00:17:43.295765,2026-07-07T00:17:43.303716+00:00,156.7,6,ask,,,10119317
2026-07-07T00:17:44.084165,2026-07-07T00:17:44.096051+00:00,156.7,41,ask,,,10119330
2026-07-07T00:17:44.320412,2026-07-07T00:17:44.341671+00:00,156.7,100,ask,,,10119332
2026-07-07T00:17:44.333162,2026-07-07T00:17:44.341671+00:00,156.5,6,bid,,,10119333
2026-07-07T00:17:44.577074,2026-07-07T00:17:44.585935+00:00,156.5,41,bid,,,10119338
2026-07-07T00:17:45.063918,2026-07-07T00:17:45.075455+00:00,156.5,3,bid,,,10119353
2026-07-07T00:17:47.446995,2026-07-07T00:17:47.440687+00:00,156.7,50,bid,,,10119391
2026-07-07T00:17:48.262954,2026-07-07T00:17:48.269527+00:00,156.5,47,ask,,,10119400
2026-07-07T00:17:49.351860,2026-07-07T00:17:49.351631+00:00,156.9,48,bid,,,10119412
2026-07-07T00:17:49.555028,2026-07-07T00:17:49.568680+00:00,156.9,50,bid,,,10119416
2026-07-07T00:17:51.660322,2026-07-07T00:17:51.672251+00:00,156.9,2,bid,,,10119447
2026-07-07T00:17:51.660322,2026-07-07T00:17:51.672251+00:00,157.0,48,bid,,,10119448
2026-07-07T00:17:52.317762,2026-07-07T00:17:52.329191+00:00,156.8,48,ask,,,10119459
2026-07-07T00:17:53.159616,2026-07-07T00:17:53.169475+00:00,156.8,6,ask,,,10119470
2026-07-07T00:17:53.821068,2026-07-07T00:17:53.832570+00:00,156.8,46,ask,,,10119479
2026-07-07T00:17:53.821068,2026-07-07T00:17:53.832570+00:00,156.7,4,ask,,,10119480
2026-07-07T00:17:54.146222,2026-07-07T00:17:54.163910+00:00,156.7,40,ask,,,10119485
2026-07-07T00:17:55.932822,2026-07-07T00:17:55.944364+00:00,156.7,50,ask,,,10119508
2026-07-07T00:17:57.988524,2026-07-07T00:17:58.000258+00:00,156.8,50,bid,,,10119532
2026-07-07T00:17:58.380321,2026-07-07T00:17:58.387492+00:00,156.8,48,bid,,,10119536
2026-07-07T00:17:58.476894,2026-07-07T00:17:58.485320+00:00,156.8,6,bid,,,10119539
2026-07-07T00:18:00.072361,2026-07-07T00:18:00.077530+00:00,157.1,41,bid,,,10119560
2026-07-07T00:18:00.096940,2026-07-07T00:18:00.104879+00:00,157.1,50,bid,,,10119562
2026-07-07T00:18:02.202892,2026-07-07T00:18:02.214656+00:00,157.5,50,bid,,,10119591
2026-07-07T00:18:02.207549,2026-07-07T00:18:02.214656+00:00,157.0,42,ask,,,10119592
2026-07-07T00:18:03.607157,2026-07-07T00:18:03.615397+00:00,157.0,29,ask,,,10119610
2026-07-07T00:18:04.362402,2026-07-07T00:18:04.373792+00:00,157.0,50,ask,,,10119618
2026-07-07T00:18:04.564621,2026-07-07T00:18:04.571645+00:00,157.0,100,ask,,,10119623
2026-07-07T00:18:04.843003,2026-07-07T00:18:04.854589+00:00,157.0,46,ask,,,10119625
2026-07-07T00:18:05.396958,2026-07-07T00:18:05.408488+00:00,157.0,4,ask,,,10119640
2026-07-07T00:18:06.467127,2026-07-07T00:18:06.476572+00:00,156.5,50,ask,,,10119653
2026-07-07T00:18:06.503081,2026-07-07T00:18:06.512392+00:00,156.7,23,bid,,,10119655
2026-07-07T00:18:07.194582,2026-07-07T00:18:07.201641+00:00,156.7,42,bid,,,10119666
2026-07-07T00:18:07.536443,2026-07-07T00:18:07.544947+00:00,156.7,6,bid,,,10119670
2026-07-07T00:18:07.673351,2026-07-07T00:18:07.684812+00:00,156.7,79,bid,,,10119675
2026-07-07T00:18:08.170284,2026-07-07T00:18:08.178166+00:00,156.9,6,ask,,,10119680
2026-07-07T00:18:09.661277,2026-07-07T00:18:09.669950+00:00,156.9,15,ask,,,10119699
2026-07-07T00:18:09.661277,2026-07-07T00:18:09.669950+00:00,156.8,26,ask,,,10119700
2026-07-07T00:18:10.631078,2026-07-07T00:18:10.638642+00:00,157.3,50,bid,,,10119717
2026-07-07T00:18:12.738786,2026-07-07T00:18:12.758601+00:00,157.1,50,bid,,,10119740
2026-07-07T00:18:13.628026,2026-07-07T00:18:13.636891+00:00,157.1,43,bid,,,10119749
2026-07-07T00:18:14.080721,2026-07-07T00:18:14.089021+00:00,156.8,11,ask,,,10119757
2026-07-07T00:18:14.847923,2026-07-07T00:18:14.863819+00:00,157.2,50,bid,,,10119762
2026-07-07T00:18:15.381759,2026-07-07T00:18:15.393347+00:00,156.8,40,ask,,,10119772
2026-07-07T00:18:16.960373,2026-07-07T00:18:16.972298+00:00,157.2,50,bid,,,10119791
2026-07-07T00:18:17.172040,2026-07-07T00:18:17.181343+00:00,157.1,12,ask,,,10119792
2026-07-07T00:18:18.059987,2026-07-07T00:18:18.068787+00:00,157.1,22,ask,,,10119817
2026-07-07T00:18:19.066546,2026-07-07T00:18:19.074785+00:00,157.5,50,bid,,,10119830
2026-07-07T00:18:19.143733,2026-07-07T00:18:19.163833+00:00,157.1,66,ask,,,10119831
2026-07-07T00:18:19.317990,2026-07-07T00:18:19.326340+00:00,156.9,11,bid,,,10119836
2026-07-07T00:18:19.821170,2026-07-07T00:18:19.832871+00:00,156.9,43,bid,,,10119846
2026-07-07T00:18:20.326603,2026-07-07T00:18:20.338285+00:00,156.9,30,bid,,,10119859
