timestamp,recv_time,price,volume,aggressor_side,buyer,seller,trade_id
2026-07-06T08:00:01.960595,2026-07-06T08:00:01.972857+00:00,162.1,50,ask,EarnestEspressos,FlawlessFlatbreads,9289416
2026-07-06T08:00:03.450631,2026-07-06T08:00:03.453312+00:00,162.0,43,ask,EarnestEspressos,CostlyCorianders,9289442
2026-07-06T08:00:05.051050,2026-07-06T08:00:05.062804+00:00,162.2,46,bid,CostlyCorianders,EarnestEspressos,9289464
2026-07-06T08:00:05.106537,2026-07-06T08:00:05.118638+00:00,162.0,8,ask,Zhangyue Shen,CostlyCorianders,9289467
2026-07-06T08:00:05.106537,2026-07-06T08:00:05.118638+00:00,161.9,40,ask,DiligentDonuts,CostlyCorianders,9289468
2026-07-06T08:00:07.070212,2026-07-06T08:00:07.078938+00:00,161.8,47,ask,DiligentDonuts,CostlyCorianders,9289502
2026-07-06T08:00:10.377999,2026-07-06T08:00:10.389976+00:00,161.7,8,ask,Zhangyue Shen,FlawlessFlatbreads,9289550
2026-07-06T08:00:10.377999,2026-07-06T08:00:10.389976+00:00,161.5,42,ask,EarnestEspressos,FlawlessFlatbreads,9289551
2026-07-06T08:00:10.559574,2026-07-06T08:00:10.567547+00:00,161.6,11,bid,Xuanyu Liu,EarnestEspressos,9289555
2026-07-06T08:00:10.665427,2026-07-06T08:00:10.673404+00:00,161.6,12,bid,Xuanyu Liu,EarnestEspressos,9289557
2026-07-06T08:00:10.724867,2026-07-06T08:00:10.733097+00:00,161.6,8,bid,Zhangyue Shen,EarnestEspressos,9289559
2026-07-06T08:00:12.339685,2026-07-06T08:00:12.351942+00:00,161.6,45,bid,CostlyCorianders,EarnestEspressos,9289579
2026-07-06T08:00:12.749775,2026-07-06T08:00:12.758628+00:00,161.6,8,bid,Zhangyue Shen,EarnestEspressos,9289590
2026-07-06T08:00:13.669172,2026-07-06T08:00:13.678809+00:00,161.8,12,ask,EarnestEspressos,Xuanyu Liu,9289597
2026-07-06T08:00:14.592085,2026-07-06T08:00:14.603894+00:00,161.8,50,ask,EarnestEspressos,FlawlessFlatbreads,9289606
2026-07-06T08:00:15.519296,2026-07-06T08:00:15.527878+00:00,161.8,88,ask,EarnestEspressos,DiligentDonuts,9289620
2026-07-06T08:00:16.699211,2026-07-06T08:00:16.706920+00:00,161.7,8,ask,Zhangyue Shen,FlawlessFlatbreads,9289634
2026-07-06T08:00:18.755344,2026-07-06T08:00:18.767321+00:00,161.6,50,bid,FlawlessFlatbreads,EarnestEspressos,9289651
2026-07-06T08:00:19.534896,2026-07-06T08:00:19.546678+00:00,161.6,41,bid,CostlyCorianders,EarnestEspressos,9289661
2026-07-06T08:00:19.605509,2026-07-06T08:00:19.614648+00:00,161.6,8,bid,Zhangyue Shen,EarnestEspressos,9289664
2026-07-06T08:00:20.446744,2026-07-06T08:00:20.458578+00:00,161.5,43,ask,DiligentDonuts,CostlyCorianders,9289675
2026-07-06T08:00:20.862616,2026-07-06T08:00:20.874329+00:00,161.9,8,bid,FlawlessFlatbreads,Zhangyue Shen,9289678
2026-07-06T08:00:21.538228,2026-07-06T08:00:21.550495+00:00,162.0,42,bid,CostlyCorianders,DiligentDonuts,9289691
2026-07-06T08:00:22.254545,2026-07-06T08:00:22.262887+00:00,161.6,11,ask,DiligentDonuts,Xuanyu Liu,9289697
2026-07-06T08:00:22.676517,2026-07-06T08:00:22.688166+00:00,161.6,45,ask,DiligentDonuts,CostlyCorianders,9289703
2026-07-06T08:00:23.021942,2026-07-06T08:00:23.033907+00:00,161.6,44,ask,DiligentDonuts,FlawlessFlatbreads,9289714
2026-07-06T08:00:23.021942,2026-07-06T08:00:23.033907+00:00,161.5,6,ask,EarnestEspressos,FlawlessFlatbreads,9289715
2026-07-06T08:00:24.664877,2026-07-06T08:00:24.672407+00:00,161.5,8,ask,Zhangyue Shen,CostlyCorianders,9289730
2026-07-06T08:00:27.234174,2026-07-06T08:00:27.246093+00:00,161.3,8,ask,Zhangyue Shen,FlawlessFlatbreads,9289749
2026-07-06T08:00:27.234174,2026-07-06T08:00:27.246093+00:00,161.3,42,ask,EarnestEspressos,FlawlessFlatbreads,9289750
2026-07-06T08:00:29.344262,2026-07-06T08:00:29.358602+00:00,161.5,8,ask,Zhangyue Shen,FlawlessFlatbreads,9289768
2026-07-06T08:00:29.344262,2026-07-06T08:00:29.358602+00:00,161.3,42,ask,EarnestEspressos,FlawlessFlatbreads,9289769
2026-07-06T08:00:29.901669,2026-07-06T08:00:29.913747+00:00,161.6,49,bid,CostlyCorianders,DiligentDonuts,9289779
2026-07-06T08:00:30.125363,2026-07-06T08:00:30.134459+00:00,161.6,11,bid,Xuanyu Liu,DiligentDonuts,9289783
2026-07-06T08:00:31.412859,2026-07-06T08:00:31.429259+00:00,161.6,50,bid,FlawlessFlatbreads,EarnestEspressos,9289796
2026-07-06T08:00:33.068771,2026-07-06T08:00:33.080560+00:00,161.8,43,bid,CostlyCorianders,EarnestEspressos,9289822
2026-07-06T08:00:33.519934,2026-07-06T08:00:33.532052+00:00,161.8,50,bid,FlawlessFlatbreads,EarnestEspressos,9289825
2026-07-06T08:00:35.627004,2026-07-06T08:00:35.637341+00:00,161.8,50,bid,FlawlessFlatbreads,EarnestEspressos,9289845
2026-07-06T08:00:35.801330,2026-07-06T08:00:35.812275+00:00,161.9,100,bid,EarnestEspressos,DiligentDonuts,9289849
2026-07-06T08:00:35.801330,2026-07-06T08:00:35.812275+00:00,162.0,8,bid,EarnestEspressos,Zhangyue Shen,9289850
2026-07-06T08:00:35.869902,2026-07-06T08:00:35.879255+00:00,162.1,23,ask,EarnestEspressos,Xuanyu Liu,9289853
2026-07-06T08:00:36.106454,2026-07-06T08:00:36.115919+00:00,162.1,11,ask,EarnestEspressos,Xuanyu Liu,9289861
2026-07-06T08:00:36.684527,2026-07-06T08:00:36.696377+00:00,162.1,8,ask,EarnestEspressos,CostlyCorianders,9289866
2026-07-06T08:00:36.684527,2026-07-06T08:00:36.696377+00:00,161.8,8,ask,Zhangyue Shen,CostlyCorianders,9289867
2026-07-06T08:00:36.684527,2026-07-06T08:00:36.696377+00:00,161.4,33,ask,DiligentDonuts,CostlyCorianders,9289868
2026-07-06T08:00:37.784576,2026-07-06T08:00:37.796377+00:00,161.8,50,ask,DiligentDonuts,FlawlessFlatbreads,9289887
2026-07-06T08:00:39.024757,2026-07-06T08:00:39.034143+00:00,161.9,11,bid,Xuanyu Liu,EarnestEspressos,9289897
2026-07-06T08:00:39.892302,2026-07-06T08:00:39.902255+00:00,161.8,50,ask,DiligentDonuts,FlawlessFlatbreads,9289916
2026-07-06T08:00:41.172228,2026-07-06T08:00:41.184592+00:00,161.6,8,ask,Zhangyue Shen,CostlyCorianders,9289938
2026-07-06T08:00:41.172228,2026-07-06T08:00:41.184592+00:00,161.4,40,ask,EarnestEspressos,CostlyCorianders,9289939
2026-07-06T08:00:41.998973,2026-07-06T08:00:42.007382+00:00,161.5,8,ask,Zhangyue Shen,FlawlessFlatbreads,9289946
2026-07-06T08:00:41.998973,2026-07-06T08:00:42.007382+00:00,161.4,42,ask,EarnestEspressos,FlawlessFlatbreads,9289947
2026-07-06T08:00:42.188440,2026-07-06T08:00:42.197849+00:00,161.5,23,bid,Xuanyu Liu,EarnestEspressos,9289953
2026-07-06T08:00:44.055426,2026-07-06T08:00:44.068871+00:00,161.5,50,bid,FlawlessFlatbreads,EarnestEspressos,9289979
2026-07-06T08:00:46.173812,2026-07-06T08:00:46.185701+00:00,161.6,50,bid,FlawlessFlatbreads,DiligentDonuts,9290002
2026-07-06T08:00:46.426805,2026-07-06T08:00:46.434435+00:00,161.6,42,bid,CostlyCorianders,DiligentDonuts,9290006
2026-07-06T08:00:47.071908,2026-07-06T08:00:47.083821+00:00,161.6,43,bid,CostlyCorianders,EarnestEspressos,9290015
2026-07-06T08:00:48.366345,2026-07-06T08:00:48.385338+00:00,161.5,50,ask,DiligentDonuts,FlawlessFlatbreads,9290027
2026-07-06T08:00:50.264913,2026-07-06T08:00:50.274217+00:00,161.5,8,ask,Zhangyue Shen,CostlyCorianders,9290046
2026-07-06T08:00:50.264913,2026-07-06T08:00:50.274217+00:00,161.5,40,ask,DiligentDonuts,CostlyCorianders,9290047
2026-07-06T08:00:50.472915,2026-07-06T08:00:50.484216+00:00,161.5,50,ask,DiligentDonuts,FlawlessFlatbreads,9290050
2026-07-06T08:00:51.286223,2026-07-06T08:00:51.298004+00:00,161.8,45,bid,CostlyCorianders,EarnestEspressos,9290060
2026-07-06T08:00:52.582639,2026-07-06T08:00:52.595580+00:00,161.6,50,ask,EarnestEspressos,FlawlessFlatbreads,9290074
2026-07-06T08:00:54.689016,2026-07-06T08:00:54.700792+00:00,161.6,50,ask,EarnestEspressos,FlawlessFlatbreads,9290098
2026-07-06T08:00:55.640038,2026-07-06T08:00:55.658586+00:00,161.4,41,ask,EarnestEspressos,CostlyCorianders,9290110
2026-07-06T08:00:56.664198,2026-07-06T08:00:56.675977+00:00,161.4,49,ask,EarnestEspressos,CostlyCorianders,9290119
2026-07-06T08:00:56.744855,2026-07-06T08:00:56.756689+00:00,161.6,50,bid,FlawlessFlatbreads,DiligentDonuts,9290121
2026-07-06T08:00:57.317606,2026-07-06T08:00:57.329477+00:00,161.6,46,bid,CostlyCorianders,DiligentDonuts,9290127
2026-07-06T08:00:58.028686,2026-07-06T08:00:58.042637+00:00,161.3,12,bid,Xuanyu Liu,EarnestEspressos,9290134
2026-07-06T08:00:58.878386,2026-07-06T08:00:58.890251+00:00,161.3,50,bid,FlawlessFlatbreads,EarnestEspressos,9290145
2026-07-06T08:00:59.015835,2026-07-06T08:00:59.026645+00:00,161.3,11,bid,Xuanyu Liu,EarnestEspressos,9290147
2026-07-06T08:00:59.318302,2026-07-06T08:00:59.330516+00:00,161.2,5,ask,Zhangyue Shen,CostlyCorianders,9290155
2026-07-06T08:00:59.318302,2026-07-06T08:00:59.330516+00:00,161.1,40,ask,DiligentDonuts,CostlyCorianders,9290156
2026-07-06T08:00:59.758835,2026-07-06T08:00:59.770421+00:00,161.3,77,bid,DiligentDonuts,EarnestEspressos,9290160
2026-07-06T08:00:59.864824,2026-07-06T08:00:59.879279+00:00,161.7,8,bid,CostlyCorianders,Zhangyue Shen,9290161
2026-07-06T08:00:59.864824,2026-07-06T08:00:59.884542+00:00,161.8,37,bid,CostlyCorianders,DiligentDonuts,9290162
2026-07-06T08:01:00.985862,2026-07-06T08:01:00.998115+00:00,161.8,50,bid,FlawlessFlatbreads,DiligentDonuts,9290174
2026-07-06T08:01:02.230214,2026-07-06T08:01:02.242575+00:00,161.5,8,ask,Zhangyue Shen,CostlyCorianders,9290188
2026-07-06T08:01:02.230214,2026-07-06T08:01:02.242575+00:00,161.4,35,ask,EarnestEspressos,CostlyCorianders,9290189
2026-07-06T08:01:03.125776,2026-07-06T08:01:03.137791+00:00,161.9,50,bid,FlawlessFlatbreads,EarnestEspressos,9290199
2026-07-06T08:01:05.236670,2026-07-06T08:01:05.248740+00:00,161.8,8,bid,FlawlessFlatbreads,Zhangyue Shen,9290227
2026-07-06T08:01:05.236670,2026-07-06T08:01:05.248740+00:00,161.9,42,bid,FlawlessFlatbreads,DiligentDonuts,9290228
2026-07-06T08:01:05.751514,2026-07-06T08:01:05.752767+00:00,161.9,41,bid,CostlyCorianders,DiligentDonuts,9290240
2026-07-06T08:01:06.108229,2026-07-06T08:01:06.116467+00:00,161.6,11,ask,DiligentDonuts,Xuanyu Liu,9290247
2026-07-06T08:01:06.899240,2026-07-06T08:01:06.907843+00:00,161.6,23,ask,DiligentDonuts,Xuanyu Liu,9290258
2026-07-06T08:01:07.397504,2026-07-06T08:01:07.409589+00:00,161.6,50,ask,DiligentDonuts,FlawlessFlatbreads,9290272
2026-07-06T08:01:09.273323,2026-07-06T08:01:09.285164+00:00,161.8,45,bid,CostlyCorianders,EarnestEspressos,9290291
2026-07-06T08:01:09.326962,2026-07-06T08:01:09.338919+00:00,161.6,8,ask,Zhangyue Shen,CostlyCorianders,9290293
2026-07-06T08:01:09.326962,2026-07-06T08:01:09.338919+00:00,161.4,33,ask,DiligentDonuts,CostlyCorianders,9290294
2026-07-06T08:01:09.454618,2026-07-06T08:01:09.466419+00:00,161.8,50,bid,FlawlessFlatbreads,EarnestEspressos,9290296
2026-07-06T08:01:10.455634,2026-07-06T08:01:10.467593+00:00,161.4,40,ask,DiligentDonuts,CostlyCorianders,9290311
2026-07-06T08:01:10.619713,2026-07-06T08:01:10.631760+00:00,161.9,8,bid,EarnestEspressos,Zhangyue Shen,9290314
2026-07-06T08:01:10.619713,2026-07-06T08:01:10.631760+00:00,161.9,100,bid,EarnestEspressos,DiligentDonuts,9290315
2026-07-06T08:01:10.691730,2026-07-06T08:01:10.700419+00:00,162.0,23,ask,EarnestEspressos,Xuanyu Liu,9290318
2026-07-06T08:01:10.881844,2026-07-06T08:01:10.891918+00:00,162.0,3,ask,EarnestEspressos,Xuanyu Liu,9290329
2026-07-06T08:01:11.621346,2026-07-06T08:01:11.658618+00:00,162.0,16,ask,EarnestEspressos,FlawlessFlatbreads,9290344
2026-07-06T08:01:12.076509,2026-07-06T08:01:12.087154+00:00,161.4,27,ask,DiligentDonuts,CostlyCorianders,9290351
2026-07-06T08:01:12.076509,2026-07-06T08:01:12.087154+00:00,161.4,8,ask,Zhangyue Shen,CostlyCorianders,9290352
2026-07-06T08:01:12.488515,2026-07-06T08:01:12.497242+00:00,161.7,14,bid,Xuanyu Liu,DiligentDonuts,9290357
2026-07-06T08:01:12.630060,2026-07-06T08:01:12.641957+00:00,161.7,44,bid,CostlyCorianders,DiligentDonuts,9290361
2026-07-06T08:01:13.675846,2026-07-06T08:01:13.687732+00:00,161.7,42,bid,FlawlessFlatbreads,DiligentDonuts,9290372
2026-07-06T08:01:13.675846,2026-07-06T08:01:13.687732+00:00,161.7,8,bid,FlawlessFlatbreads,Zhangyue Shen,9290373
2026-07-06T08:01:15.833672,2026-07-06T08:01:15.845446+00:00,161.5,50,ask,DiligentDonuts,FlawlessFlatbreads,9290400
2026-07-06T08:01:17.326628,2026-07-06T08:01:17.334732+00:00,161.8,44,bid,CostlyCorianders,EarnestEspressos,9290419
2026-07-06T08:01:17.941833,2026-07-06T08:01:17.954156+00:00,161.5,50,ask,DiligentDonuts,FlawlessFlatbreads,9290424
2026-07-06T08:01:20.051824,2026-07-06T08:01:20.058356+00:00,161.3,50,ask,EarnestEspressos,FlawlessFlatbreads,9290451
2026-07-06T08:01:22.108104,2026-07-06T08:01:22.119958+00:00,161.5,50,bid,FlawlessFlatbreads,EarnestEspressos,9290485
2026-07-06T08:01:22.585058,2026-07-06T08:01:22.592226+00:00,161.5,44,bid,CostlyCorianders,EarnestEspressos,9290491
2026-07-06T08:01:24.214413,2026-07-06T08:01:24.226185+00:00,161.6,50,bid,FlawlessFlatbreads,DiligentDonuts,9290518
2026-07-06T08:01:24.978706,2026-07-06T08:01:24.990895+00:00,161.4,47,ask,EarnestEspressos,CostlyCorianders,9290528
2026-07-06T08:01:25.567683,2026-07-06T08:01:25.579008+00:00,161.4,43,ask,EarnestEspressos,CostlyCorianders,9290535
2026-07-06T08:01:26.321453,2026-07-06T08:01:26.331343+00:00,161.6,8,bid,FlawlessFlatbreads,Zhangyue Shen,9290551
2026-07-06T08:01:26.321453,2026-07-06T08:01:26.331343+00:00,161.8,42,bid,FlawlessFlatbreads,DiligentDonuts,9290552
2026-07-06T08:01:28.431211,2026-07-06T08:01:28.442624+00:00,161.5,50,bid,FlawlessFlatbreads,EarnestEspressos,9290583
2026-07-06T08:01:30.541559,2026-07-06T08:01:30.552473+00:00,161.6,50,bid,FlawlessFlatbreads,EarnestEspressos,9290606
2026-07-06T08:01:31.097741,2026-07-06T08:01:31.105809+00:00,161.4,46,ask,DiligentDonuts,CostlyCorianders,9290617
2026-07-06T08:01:32.648644,2026-07-06T08:01:32.660883+00:00,161.5,8,bid,FlawlessFlatbreads,Zhangyue Shen,9290636
2026-07-06T08:01:32.648644,2026-07-06T08:01:32.660883+00:00,161.6,42,bid,FlawlessFlatbreads,EarnestEspressos,9290637
2026-07-06T08:01:33.176953,2026-07-06T08:01:33.185721+00:00,161.4,11,ask,EarnestEspressos,Xuanyu Liu,9290649
2026-07-06T08:01:33.500912,2026-07-06T08:01:33.509035+00:00,161.4,8,ask,EarnestEspressos,Zhangyue Shen,9290658
2026-07-06T08:01:34.123495,2026-07-06T08:01:34.135605+00:00,161.5,8,bid,CostlyCorianders,Zhangyue Shen,9290663
2026-07-06T08:01:34.123495,2026-07-06T08:01:34.135605+00:00,161.6,40,bid,CostlyCorianders,DiligentDonuts,9290664
2026-07-06T08:01:34.757576,2026-07-06T08:01:34.764674+00:00,161.7,50,bid,FlawlessFlatbreads,DiligentDonuts,9290671
2026-07-06T08:01:35.327689,2026-07-06T08:01:35.339881+00:00,161.4,49,ask,EarnestEspressos,CostlyCorianders,9290683
2026-07-06T08:01:35.882859,2026-07-06T08:01:35.890060+00:00,161.6,8,bid,CostlyCorianders,Zhangyue Shen,9290692
2026-07-06T08:01:35.882859,2026-07-06T08:01:35.895582+00:00,161.7,34,bid,CostlyCorianders,DiligentDonuts,9290693
2026-07-06T08:01:36.864827,2026-07-06T08:01:36.877003+00:00,161.7,16,bid,FlawlessFlatbreads,DiligentDonuts,9290709
2026-07-06T08:01:36.864827,2026-07-06T08:01:36.877003+00:00,161.7,8,bid,FlawlessFlatbreads,Zhangyue Shen,9290710
2026-07-06T08:01:36.864827,2026-07-06T08:01:36.877003+00:00,161.8,26,bid,FlawlessFlatbreads,EarnestEspressos,9290711
2026-07-06T08:01:37.325583,2026-07-06T08:01:37.337884+00:00,161.8,46,bid,CostlyCorianders,EarnestEspressos,9290716
2026-07-06T08:01:39.027471,2026-07-06T08:01:39.034882+00:00,161.4,50,ask,DiligentDonuts,FlawlessFlatbreads,9290739
2026-07-06T08:01:41.134890,2026-07-06T08:01:41.143343+00:00,161.5,50,ask,EarnestEspressos,FlawlessFlatbreads,9290769
2026-07-06T08:01:41.166793,2026-07-06T08:01:41.178605+00:00,161.5,49,ask,EarnestEspressos,CostlyCorianders,9290770
2026-07-06T08:01:41.715243,2026-07-06T08:01:41.727331+00:00,161.5,47,ask,EarnestEspressos,CostlyCorianders,9290775
2026-07-06T08:01:43.190717,2026-07-06T08:01:43.202722+00:00,161.4,50,bid,FlawlessFlatbreads,EarnestEspressos,9290799
2026-07-06T08:01:45.315159,2026-07-06T08:01:45.327188+00:00,161.4,50,bid,FlawlessFlatbreads,EarnestEspressos,9290825
2026-07-06T08:01:45.474231,2026-07-06T08:01:45.485958+00:00,161.4,8,bid,CostlyCorianders,Zhangyue Shen,9290832
2026-07-06T08:01:45.474231,2026-07-06T08:01:45.485958+00:00,161.8,35,bid,CostlyCorianders,DiligentDonuts,9290833
2026-07-06T08:01:46.626744,2026-07-06T08:01:46.638700+00:00,161.3,44,ask,DiligentDonuts,CostlyCorianders,9290846
2026-07-06T08:01:47.267449,2026-07-06T08:01:47.279261+00:00,161.4,8,bid,CostlyCorianders,Zhangyue Shen,9290849
2026-07-06T08:01:47.267449,2026-07-06T08:01:47.279261+00:00,161.6,32,bid,CostlyCorianders,EarnestEspressos,9290850
2026-07-06T08:01:47.895137,2026-07-06T08:01:47.907079+00:00,161.4,8,bid,CostlyCorianders,Zhangyue Shen,9290857
2026-07-06T08:01:47.895137,2026-07-06T08:01:47.907079+00:00,161.6,41,bid,CostlyCorianders,EarnestEspressos,9290858
2026-07-06T08:01:49.581244,2026-07-06T08:01:49.589621+00:00,161.2,50,ask,EarnestEspressos,FlawlessFlatbreads,9290879
2026-07-06T08:01:51.636530,2026-07-06T08:01:51.648408+00:00,161.4,8,bid,FlawlessFlatbreads,Zhangyue Shen,9290903
2026-07-06T08:01:51.636530,2026-07-06T08:01:51.648408+00:00,161.6,42,bid,FlawlessFlatbreads,DiligentDonuts,9290904
2026-07-06T08:01:57.985421,2026-07-06T08:01:57.996582+00:00,161.5,8,bid,FlawlessFlatbreads,Zhangyue Shen,9290993
2026-07-06T08:01:57.985421,2026-07-06T08:01:57.996582+00:00,161.8,42,bid,FlawlessFlatbreads,EarnestEspressos,9290994
2026-07-06T08:01:59.120341,2026-07-06T08:01:59.127225+00:00,161.3,42,ask,DiligentDonuts,CostlyCorianders,9291010
2026-07-06T08:02:00.105849,2026-07-06T08:02:00.115376+00:00,161.5,50,bid,FlawlessFlatbreads,DiligentDonuts,9291026
2026-07-06T08:02:00.213473,2026-07-06T08:02:00.225420+00:00,161.5,47,bid,CostlyCorianders,DiligentDonuts,9291027
2026-07-06T08:02:00.782491,2026-07-06T08:02:00.795120+00:00,161.3,40,ask,EarnestEspressos,CostlyCorianders,9291038
2026-07-06T08:02:04.327168,2026-07-06T08:02:04.338882+00:00,161.5,8,bid,FlawlessFlatbreads,Zhangyue Shen,9291075
2026-07-06T08:02:04.327168,2026-07-06T08:02:04.338882+00:00,161.6,42,bid,FlawlessFlatbreads,EarnestEspressos,9291076
2026-07-06T08:02:04.687271,2026-07-06T08:02:04.697485+00:00,161.3,3,ask,EarnestEspressos,Xuanyu Liu,9291083
2026-07-06T08:02:05.253628,2026-07-06T08:02:05.258581+00:00,161.3,3,ask,EarnestEspressos,Zhangyue Shen,9291087
2026-07-06T08:02:05.791780,2026-07-06T08:02:05.803604+00:00,161.3,3,ask,EarnestEspressos,Zhangyue Shen,9291100
2026-07-06T08:02:06.437536,2026-07-06T08:02:06.446297+00:00,161.6,8,bid,FlawlessFlatbreads,Zhangyue Shen,9291107
2026-07-06T08:02:06.437536,2026-07-06T08:02:06.446297+00:00,161.7,42,bid,FlawlessFlatbreads,DiligentDonuts,9291108
2026-07-06T08:02:07.458004,2026-07-06T08:02:07.469894+00:00,161.3,47,ask,EarnestEspressos,CostlyCorianders,9291119
2026-07-06T08:02:08.545960,2026-07-06T08:02:08.558560+00:00,161.4,50,bid,FlawlessFlatbreads,EarnestEspressos,9291135
2026-07-06T08:02:10.656703,2026-07-06T08:02:10.668712+00:00,161.4,50,bid,FlawlessFlatbreads,EarnestEspressos,9291162
2026-07-06T08:02:12.534804,2026-07-06T08:02:12.542881+00:00,161.3,43,ask,EarnestEspressos,CostlyCorianders,9291185
2026-07-06T08:02:12.817610,2026-07-06T08:02:12.829362+00:00,161.3,50,ask,EarnestEspressos,FlawlessFlatbreads,9291192
2026-07-06T08:02:14.942099,2026-07-06T08:02:14.954855+00:00,161.2,50,ask,DiligentDonuts,FlawlessFlatbreads,9291223
2026-07-06T08:02:17.050663,2026-07-06T08:02:17.058550+00:00,161.1,50,ask,DiligentDonuts,FlawlessFlatbreads,9291249
2026-07-06T08:02:19.162889,2026-07-06T08:02:19.179663+00:00,161.1,8,ask,Zhangyue Shen,FlawlessFlatbreads,9291276
2026-07-06T08:02:19.162889,2026-07-06T08:02:19.179663+00:00,161.1,42,ask,DiligentDonuts,FlawlessFlatbreads,9291277
2026-07-06T08:02:21.275203,2026-07-06T08:02:21.282625+00:00,161.2,8,ask,Zhangyue Shen,FlawlessFlatbreads,9291310
2026-07-06T08:02:21.275203,2026-07-06T08:02:21.287800+00:00,161.1,42,ask,DiligentDonuts,FlawlessFlatbreads,9291311
2026-07-06T08:02:22.251074,2026-07-06T08:02:22.263622+00:00,161.5,46,bid,CostlyCorianders,EarnestEspressos,9291325
2026-07-06T08:02:23.402040,2026-07-06T08:02:23.412177+00:00,161.2,8,ask,Zhangyue Shen,FlawlessFlatbreads,9291343
2026-07-06T08:02:23.402040,2026-07-06T08:02:23.412177+00:00,161.0,42,ask,DiligentDonuts,FlawlessFlatbreads,9291344
2026-07-06T08:02:24.401833,2026-07-06T08:02:24.413537+00:00,161.5,43,bid,CostlyCorianders,DiligentDonuts,9291360
2026-07-06T08:02:24.887078,2026-07-06T08:02:24.893838+00:00,161.4,45,ask,EarnestEspressos,CostlyCorianders,9291369
2026-07-06T08:02:25.320368,2026-07-06T08:02:25.333010+00:00,161.4,100,ask,EarnestEspressos,DiligentDonuts,9291373
2026-07-06T08:02:25.508904,2026-07-06T08:02:25.520946+00:00,161.4,5,ask,EarnestEspressos,FlawlessFlatbreads,9291374
2026-07-06T08:02:25.508904,2026-07-06T08:02:25.520946+00:00,160.9,45,ask,DiligentDonuts,FlawlessFlatbreads,9291375
2026-07-06T08:02:26.632547,2026-07-06T08:02:26.641614+00:00,161.3,3,bid,Xuanyu Liu,EarnestEspressos,9291394
2026-07-06T08:02:27.568028,2026-07-06T08:02:27.579800+00:00,161.3,50,bid,FlawlessFlatbreads,EarnestEspressos,9291410
2026-07-06T08:02:28.428744,2026-07-06T08:02:28.439151+00:00,161.3,97,bid,DiligentDonuts,EarnestEspressos,9291420
2026-07-06T08:02:29.733052,2026-07-06T08:02:29.745104+00:00,161.4,8,ask,Zhangyue Shen,FlawlessFlatbreads,9291443
2026-07-06T08:02:29.733052,2026-07-06T08:02:29.745104+00:00,161.3,3,ask,DiligentDonuts,FlawlessFlatbreads,9291444
2026-07-06T08:02:29.856735,2026-07-06T08:02:29.865846+00:00,161.5,3,ask,EarnestEspressos,Xuanyu Liu,9291450
2026-07-06T08:02:31.082749,2026-07-06T08:02:31.091382+00:00,161.7,8,bid,CostlyCorianders,Zhangyue Shen,9291480
2026-07-06T08:02:31.082749,2026-07-06T08:02:31.096642+00:00,161.8,34,bid,CostlyCorianders,DiligentDonuts,9291481
2026-07-06T08:02:31.843318,2026-07-06T08:02:31.852514+00:00,161.5,50,ask,EarnestEspressos,FlawlessFlatbreads,9291489
2026-07-06T08:02:35.514740,2026-07-06T08:02:35.526097+00:00,161.7,8,bid,CostlyCorianders,Zhangyue Shen,9291546
2026-07-06T08:02:35.514740,2026-07-06T08:02:35.531591+00:00,161.8,40,bid,CostlyCorianders,EarnestEspressos,9291547
2026-07-06T08:02:36.053820,2026-07-06T08:02:36.065793+00:00,161.4,8,ask,Zhangyue Shen,FlawlessFlatbreads,9291553
2026-07-06T08:02:36.053820,2026-07-06T08:02:36.065793+00:00,161.3,42,ask,DiligentDonuts,FlawlessFlatbreads,9291554
2026-07-06T08:02:36.668348,2026-07-06T08:02:36.680661+00:00,161.6,8,ask,Zhangyue Shen,CostlyCorianders,9291564
2026-07-06T08:02:36.668348,2026-07-06T08:02:36.680661+00:00,161.5,33,ask,EarnestEspressos,CostlyCorianders,9291565
2026-07-06T08:02:38.163414,2026-07-06T08:02:38.174099+00:00,161.6,8,ask,Zhangyue Shen,FlawlessFlatbreads,9291580
2026-07-06T08:02:38.163414,2026-07-06T08:02:38.174099+00:00,161.5,42,ask,EarnestEspressos,FlawlessFlatbreads,9291581
2026-07-06T08:02:38.216313,2026-07-06T08:02:38.227851+00:00,161.8,49,bid,CostlyCorianders,DiligentDonuts,9291584
2026-07-06T08:02:40.271998,2026-07-06T08:02:40.280572+00:00,161.5,50,ask,EarnestEspressos,FlawlessFlatbreads,9291608
2026-07-06T08:02:40.978962,2026-07-06T08:02:40.996954+00:00,161.8,3,bid,Xuanyu Liu,DiligentDonuts,9291618
2026-07-06T08:02:41.272783,2026-07-06T08:02:41.282120+00:00,161.5,41,ask,EarnestEspressos,CostlyCorianders,9291625
2026-07-06T08:02:42.378868,2026-07-06T08:02:42.390576+00:00,161.6,8,ask,Zhangyue Shen,FlawlessFlatbreads,9291641
2026-07-06T08:02:42.378868,2026-07-06T08:02:42.390576+00:00,161.5,42,ask,EarnestEspressos,FlawlessFlatbreads,9291642
2026-07-06T08:02:42.716120,2026-07-06T08:02:42.726172+00:00,161.6,23,bid,Xuanyu Liu,EarnestEspressos,9291649
2026-07-06T08:02:43.220365,2026-07-06T08:02:43.232331+00:00,161.6,46,bid,CostlyCorianders,EarnestEspressos,9291659
2026-07-06T08:02:43.229737,2026-07-06T08:02:43.237529+00:00,161.6,8,bid,Zhangyue Shen,EarnestEspressos,9291660
2026-07-06T08:02:43.278358,2026-07-06T08:02:43.285530+00:00,161.5,49,ask,DiligentDonuts,CostlyCorianders,9291663
2026-07-06T08:02:43.394821,2026-07-06T08:02:43.406018+00:00,161.6,34,bid,Xuanyu Liu,EarnestEspressos,9291665
2026-07-06T08:02:43.500640,2026-07-06T08:02:43.510560+00:00,161.6,3,bid,Zhangyue Shen,EarnestEspressos,9291670
2026-07-06T08:02:43.764125,2026-07-06T08:02:43.776159+00:00,161.6,3,bid,Zhangyue Shen,EarnestEspressos,9291676
2026-07-06T08:02:43.773142,2026-07-06T08:02:43.781224+00:00,161.6,8,bid,Zhangyue Shen,EarnestEspressos,9291677
2026-07-06T08:02:44.038832,2026-07-06T08:02:44.046877+00:00,161.6,8,bid,Zhangyue Shen,EarnestEspressos,9291681
2026-07-06T08:02:44.266092,2026-07-06T08:02:44.276704+00:00,161.6,17,bid,DiligentDonuts,EarnestEspressos,9291687
2026-07-06T08:02:44.486935,2026-07-06T08:02:44.496474+00:00,161.8,8,ask,Zhangyue Shen,FlawlessFlatbreads,9291692
2026-07-06T08:02:44.486935,2026-07-06T08:02:44.496474+00:00,161.7,42,ask,DiligentDonuts,FlawlessFlatbreads,9291693
2026-07-06T08:02:45.339272,2026-07-06T08:02:45.347729+00:00,161.7,11,ask,DiligentDonuts,Xuanyu Liu,9291704
2026-07-06T08:02:45.607666,2026-07-06T08:02:45.617097+00:00,161.8,12,ask,EarnestEspressos,Xuanyu Liu,9291709
2026-07-06T08:02:45.834066,2026-07-06T08:02:45.848223+00:00,162.2,8,bid,CostlyCorianders,Zhangyue Shen,9291717
2026-07-06T08:02:45.834066,2026-07-06T08:02:45.848223+00:00,162.2,37,bid,CostlyCorianders,DiligentDonuts,9291718
2026-07-06T08:02:46.595650,2026-07-06T08:02:46.604804+00:00,161.8,50,ask,EarnestEspressos,FlawlessFlatbreads,9291727
2026-07-06T08:02:48.701763,2026-07-06T08:02:48.708689+00:00,161.8,50,ask,EarnestEspressos,FlawlessFlatbreads,9291764
2026-07-06T08:02:50.810139,2026-07-06T08:02:50.822210+00:00,161.8,8,ask,Zhangyue Shen,FlawlessFlatbreads,9291791
2026-07-06T08:02:50.810139,2026-07-06T08:02:50.822210+00:00,161.7,42,ask,DiligentDonuts,FlawlessFlatbreads,9291792
2026-07-06T08:02:52.920208,2026-07-06T08:02:52.931949+00:00,161.7,50,ask,DiligentDonuts,FlawlessFlatbreads,9291818
2026-07-06T08:02:53.811063,2026-07-06T08:02:53.823597+00:00,161.7,8,ask,Zhangyue Shen,DiligentDonuts,9291833
2026-07-06T08:02:54.542994,2026-07-06T08:02:54.551722+00:00,161.7,34,bid,Xuanyu Liu,DiligentDonuts,9291842
2026-07-06T08:02:54.702179,2026-07-06T08:02:54.714206+00:00,161.7,3,bid,Zhangyue Shen,DiligentDonuts,9291845
2026-07-06T08:02:54.976773,2026-07-06T08:02:54.988485+00:00,161.7,50,bid,FlawlessFlatbreads,DiligentDonuts,9291849
2026-07-06T08:02:54.981257,2026-07-06T08:02:54.988485+00:00,161.7,3,bid,Zhangyue Shen,DiligentDonuts,9291850
2026-07-06T08:02:55.012809,2026-07-06T08:02:55.020078+00:00,161.7,2,bid,Zhangyue Shen,DiligentDonuts,9291852
2026-07-06T08:02:56.796702,2026-07-06T08:02:56.808456+00:00,162.2,3,bid,Zhangyue Shen,EarnestEspressos,9291883
2026-07-06T08:02:56.922042,2026-07-06T08:02:56.929643+00:00,162.2,100,bid,DiligentDonuts,EarnestEspressos,9291887
2026-07-06T08:02:57.069008,2026-07-06T08:02:57.080767+00:00,162.2,3,bid,Zhangyue Shen,EarnestEspressos,9291889
2026-07-06T08:02:57.083897,2026-07-06T08:02:57.091380+00:00,162.2,44,bid,FlawlessFlatbreads,EarnestEspressos,9291891
2026-07-06T08:02:57.083897,2026-07-06T08:02:57.096529+00:00,162.6,6,bid,FlawlessFlatbreads,Zhangyue Shen,9291892
2026-07-06T08:02:58.292721,2026-07-06T08:02:58.301565+00:00,162.6,2,bid,EarnestEspressos,Zhangyue Shen,9291906
2026-07-06T08:02:58.302788,2026-07-06T08:02:58.312602+00:00,162.7,45,ask,EarnestEspressos,Xuanyu Liu,9291907
2026-07-06T08:02:58.351556,2026-07-06T08:02:58.360234+00:00,162.7,8,ask,EarnestEspressos,Zhangyue Shen,9291910
2026-07-06T08:02:58.504845,2026-07-06T08:02:58.513430+00:00,162.7,23,ask,EarnestEspressos,Xuanyu Liu,9291916
2026-07-06T08:02:59.167258,2026-07-06T08:02:59.174846+00:00,162.7,8,ask,EarnestEspressos,Zhangyue Shen,9291931
2026-07-06T08:02:59.191027,2026-07-06T08:02:59.202906+00:00,162.8,50,bid,FlawlessFlatbreads,DiligentDonuts,9291933
2026-07-06T08:03:00.142359,2026-07-06T08:03:00.150894+00:00,162.7,64,ask,EarnestEspressos,DiligentDonuts,9291945
2026-07-06T08:03:00.349282,2026-07-06T08:03:00.357370+00:00,162.2,8,ask,Zhangyue Shen,CostlyCorianders,9291947
2026-07-06T08:03:00.349282,2026-07-06T08:03:00.357370+00:00,162.0,35,ask,DiligentDonuts,CostlyCorianders,9291948
2026-07-06T08:03:01.140398,2026-07-06T08:03:01.151533+00:00,162.5,23,bid,Xuanyu Liu,DiligentDonuts,9291963
2026-07-06T08:03:01.900429,2026-07-06T08:03:01.912534+00:00,162.5,13,bid,CostlyCorianders,DiligentDonuts,9291981
2026-07-06T08:03:01.900429,2026-07-06T08:03:01.912534+00:00,162.5,8,bid,CostlyCorianders,Zhangyue Shen,9291982
2026-07-06T08:03:01.900429,2026-07-06T08:03:01.912534+00:00,162.6,19,bid,CostlyCorianders,EarnestEspressos,9291983
2026-07-06T08:03:03.402087,2026-07-06T08:03:03.413622+00:00,162.6,50,bid,FlawlessFlatbreads,EarnestEspressos,9291998
2026-07-06T08:03:03.537513,2026-07-06T08:03:03.549679+00:00,162.3,8,ask,Zhangyue Shen,CostlyCorianders,9292001
2026-07-06T08:03:03.537513,2026-07-06T08:03:03.549679+00:00,162.2,39,ask,DiligentDonuts,CostlyCorianders,9292002
2026-07-06T08:03:06.691099,2026-07-06T08:03:06.703074+00:00,162.6,35,bid,CostlyCorianders,DiligentDonuts,9292037
2026-07-06T08:03:07.620317,2026-07-06T08:03:07.632071+00:00,162.6,50,bid,FlawlessFlatbreads,DiligentDonuts,9292048
2026-07-06T08:03:09.727829,2026-07-06T08:03:09.739827+00:00,162.7,50,bid,FlawlessFlatbreads,EarnestEspressos,9292076
2026-07-06T08:03:11.856289,2026-07-06T08:03:11.868970+00:00,162.8,8,bid,FlawlessFlatbreads,Zhangyue Shen,9292109
2026-07-06T08:03:11.856289,2026-07-06T08:03:11.868970+00:00,162.9,42,bid,FlawlessFlatbreads,DiligentDonuts,9292110
2026-07-06T08:03:14.184104,2026-07-06T08:03:14.191327+00:00,162.7,47,ask,EarnestEspressos,CostlyCorianders,9292139
2026-07-06T08:03:15.232578,2026-07-06T08:03:15.238425+00:00,162.9,8,bid,CostlyCorianders,Zhangyue Shen,9292154
2026-07-06T08:03:15.232578,2026-07-06T08:03:15.238425+00:00,163.1,41,bid,CostlyCorianders,DiligentDonuts,9292155
2026-07-06T08:03:15.816418,2026-07-06T08:03:15.824845+00:00,162.7,44,ask,EarnestEspressos,CostlyCorianders,9292169
2026-07-06T08:03:16.121012,2026-07-06T08:03:16.136002+00:00,162.8,50,ask,DiligentDonuts,FlawlessFlatbreads,9292176
2026-07-06T08:03:16.850470,2026-07-06T08:03:16.868880+00:00,162.8,46,ask,DiligentDonuts,CostlyCorianders,9292185
2026-07-06T08:03:17.318981,2026-07-06T08:03:17.330837+00:00,162.8,4,ask,DiligentDonuts,EarnestEspressos,9292194
2026-07-06T08:03:18.230325,2026-07-06T08:03:18.238006+00:00,162.5,8,ask,Zhangyue Shen,FlawlessFlatbreads,9292205
2026-07-06T08:03:18.230325,2026-07-06T08:03:18.243468+00:00,162.3,42,ask,EarnestEspressos,FlawlessFlatbreads,9292206
2026-07-06T08:03:18.822767,2026-07-06T08:03:18.834842+00:00,162.8,45,bid,CostlyCorianders,EarnestEspressos,9292213
2026-07-06T08:03:20.323621,2026-07-06T08:03:20.337663+00:00,162.8,11,bid,Xuanyu Liu,EarnestEspressos,9292226
2026-07-06T08:03:20.338225,2026-07-06T08:03:20.353278+00:00,162.7,50,ask,DiligentDonuts,FlawlessFlatbreads,9292228
2026-07-06T08:03:22.444631,2026-07-06T08:03:22.451442+00:00,162.7,50,ask,EarnestEspressos,FlawlessFlatbreads,9292252
2026-07-06T08:03:23.062532,2026-07-06T08:03:23.072038+00:00,162.7,48,ask,EarnestEspressos,CostlyCorianders,9292257
2026-07-06T08:03:23.534634,2026-07-06T08:03:23.545789+00:00,163.0,8,bid,CostlyCorianders,Zhangyue Shen,9292262
2026-07-06T08:03:23.534634,2026-07-06T08:03:23.545789+00:00,163.1,40,bid,CostlyCorianders,DiligentDonuts,9292263
2026-07-06T08:03:23.653869,2026-07-06T08:03:23.660805+00:00,162.6,100,ask,DiligentDonuts,EarnestEspressos,9292266
2026-07-06T08:03:24.008307,2026-07-06T08:03:24.016253+00:00,162.6,45,bid,CostlyCorianders,EarnestEspressos,9292270
2026-07-06T08:03:24.484568,2026-07-06T08:03:24.496429+00:00,162.5,8,ask,Zhangyue Shen,CostlyCorianders,9292278
2026-07-06T08:03:24.484568,2026-07-06T08:03:24.496429+00:00,162.1,39,ask,EarnestEspressos,CostlyCorianders,9292279
2026-07-06T08:03:24.573404,2026-07-06T08:03:24.584443+00:00,162.1,50,ask,EarnestEspressos,FlawlessFlatbreads,9292280
2026-07-06T08:03:25.175039,2026-07-06T08:03:25.184184+00:00,162.6,5,bid,Xuanyu Liu,EarnestEspressos,9292289
2026-07-06T08:03:26.037670,2026-07-06T08:03:26.049245+00:00,162.8,49,bid,CostlyCorianders,DiligentDonuts,9292309
2026-07-06T08:03:26.679207,2026-07-06T08:03:26.691156+00:00,162.4,8,ask,Zhangyue Shen,FlawlessFlatbreads,9292316
2026-07-06T08:03:26.679207,2026-07-06T08:03:26.691156+00:00,162.3,42,ask,DiligentDonuts,FlawlessFlatbreads,9292317
2026-07-06T08:03:27.082814,2026-07-06T08:03:27.094546+00:00,162.6,8,ask,Zhangyue Shen,CostlyCorianders,9292323
2026-07-06T08:03:27.082814,2026-07-06T08:03:27.094546+00:00,162.5,41,ask,EarnestEspressos,CostlyCorianders,9292324
2026-07-06T08:03:28.812395,2026-07-06T08:03:28.820478+00:00,162.5,50,ask,EarnestEspressos,FlawlessFlatbreads,9292344
2026-07-06T08:03:30.018372,2026-07-06T08:03:30.040451+00:00,162.7,7,bid,Xuanyu Liu,EarnestEspressos,9292361
2026-07-06T08:03:30.078506,2026-07-06T08:03:30.085854+00:00,162.7,48,bid,CostlyCorianders,EarnestEspressos,9292365
2026-07-06T08:03:33.021893,2026-07-06T08:03:33.031438+00:00,162.5,8,ask,Zhangyue Shen,FlawlessFlatbreads,9292406
2026-07-06T08:03:33.021893,2026-07-06T08:03:33.031438+00:00,162.2,42,ask,EarnestEspressos,FlawlessFlatbreads,9292407
2026-07-06T08:03:34.011747,2026-07-06T08:03:34.020610+00:00,162.4,11,bid,Xuanyu Liu,EarnestEspressos,9292427
2026-07-06T08:03:35.079589,2026-07-06T08:03:35.091436+00:00,162.4,50,bid,FlawlessFlatbreads,EarnestEspressos,9292439
2026-07-06T08:03:35.220536,2026-07-06T08:03:35.229441+00:00,162.4,11,bid,Xuanyu Liu,EarnestEspressos,9292443
2026-07-06T08:03:35.545096,2026-07-06T08:03:35.554151+00:00,162.4,8,bid,Zhangyue Shen,EarnestEspressos,9292450
2026-07-06T08:03:37.190397,2026-07-06T08:03:37.202051+00:00,162.8,50,bid,FlawlessFlatbreads,DiligentDonuts,9292472
2026-07-06T08:03:39.332204,2026-07-06T08:03:39.341843+00:00,162.8,8,bid,FlawlessFlatbreads,Zhangyue Shen,9292497
2026-07-06T08:03:39.332204,2026-07-06T08:03:39.341843+00:00,162.9,42,bid,FlawlessFlatbreads,EarnestEspressos,9292498
2026-07-06T08:03:40.314374,2026-07-06T08:03:40.323461+00:00,162.6,11,ask,EarnestEspressos,Xuanyu Liu,9292511
2026-07-06T08:03:41.362359,2026-07-06T08:03:41.372498+00:00,162.6,40,ask,EarnestEspressos,CostlyCorianders,9292533
2026-07-06T08:03:41.440026,2026-07-06T08:03:41.452195+00:00,162.9,8,bid,FlawlessFlatbreads,Zhangyue Shen,9292534
2026-07-06T08:03:41.440026,2026-07-06T08:03:41.452195+00:00,163.0,42,bid,FlawlessFlatbreads,DiligentDonuts,9292535
2026-07-06T08:03:41.522646,2026-07-06T08:03:41.531232+00:00,162.6,11,ask,EarnestEspressos,Xuanyu Liu,9292537
2026-07-06T08:03:43.572690,2026-07-06T08:03:43.584783+00:00,162.7,8,bid,FlawlessFlatbreads,Zhangyue Shen,9292562
2026-07-06T08:03:43.572690,2026-07-06T08:03:43.584783+00:00,162.8,42,bid,FlawlessFlatbreads,EarnestEspressos,9292563
2026-07-06T08:03:45.683549,2026-07-06T08:03:45.691170+00:00,162.8,50,bid,FlawlessFlatbreads,EarnestEspressos,9292593
2026-07-06T08:03:46.363136,2026-07-06T08:03:46.371602+00:00,162.5,12,ask,EarnestEspressos,Xuanyu Liu,9292608
2026-07-06T08:03:46.406820,2026-07-06T08:03:46.418459+00:00,162.5,45,ask,EarnestEspressos,CostlyCorianders,9292610
2026-07-06T08:03:47.810197,2026-07-06T08:03:47.818781+00:00,162.7,8,bid,FlawlessFlatbreads,Zhangyue Shen,9292620
2026-07-06T08:03:47.810197,2026-07-06T08:03:47.818781+00:00,162.9,42,bid,FlawlessFlatbreads,DiligentDonuts,9292621
2026-07-06T08:03:49.922659,2026-07-06T08:03:49.934473+00:00,162.7,50,bid,FlawlessFlatbreads,EarnestEspressos,9292639
2026-07-06T08:03:51.009946,2026-07-06T08:03:51.020942+00:00,162.5,11,ask,DiligentDonuts,Xuanyu Liu,9292657
2026-07-06T08:03:51.210359,2026-07-06T08:03:51.219006+00:00,162.5,23,ask,DiligentDonuts,Xuanyu Liu,9292661
2026-07-06T08:03:52.039540,2026-07-06T08:03:52.053461+00:00,162.6,8,bid,FlawlessFlatbreads,Zhangyue Shen,9292670
2026-07-06T08:03:52.039540,2026-07-06T08:03:52.053461+00:00,163.0,42,bid,FlawlessFlatbreads,DiligentDonuts,9292671
2026-07-06T08:03:53.632380,2026-07-06T08:03:53.641855+00:00,162.5,3,ask,DiligentDonuts,Xuanyu Liu,9292699
2026-07-06T08:03:54.147406,2026-07-06T08:03:54.158730+00:00,162.4,8,bid,FlawlessFlatbreads,Zhangyue Shen,9292704
2026-07-06T08:03:54.147406,2026-07-06T08:03:54.158730+00:00,162.5,42,bid,FlawlessFlatbreads,DiligentDonuts,9292705
2026-07-06T08:03:55.967407,2026-07-06T08:03:55.979494+00:00,162.1,40,ask,EarnestEspressos,CostlyCorianders,9292732
2026-07-06T08:03:56.279675,2026-07-06T08:03:56.287605+00:00,162.4,8,bid,FlawlessFlatbreads,Zhangyue Shen,9292737
2026-07-06T08:03:56.279675,2026-07-06T08:03:56.292929+00:00,162.5,42,bid,FlawlessFlatbreads,DiligentDonuts,9292738
2026-07-06T08:03:57.133617,2026-07-06T08:03:57.145695+00:00,162.4,42,ask,DiligentDonuts,CostlyCorianders,9292748
2026-07-06T08:03:58.386769,2026-07-06T08:03:58.398383+00:00,162.5,8,bid,FlawlessFlatbreads,Zhangyue Shen,9292766
2026-07-06T08:03:58.386769,2026-07-06T08:03:58.398383+00:00,162.9,42,bid,FlawlessFlatbreads,DiligentDonuts,9292767
2026-07-06T08:04:01.639760,2026-07-06T08:04:01.647384+00:00,162.5,100,ask,DiligentDonuts,EarnestEspressos,9292818
2026-07-06T08:04:01.998870,2026-07-06T08:04:02.006271+00:00,162.4,8,bid,CostlyCorianders,Zhangyue Shen,9292824
2026-07-06T08:04:01.998870,2026-07-06T08:04:02.011310+00:00,162.5,35,bid,CostlyCorianders,EarnestEspressos,9292825
2026-07-06T08:04:02.623674,2026-07-06T08:04:02.635454+00:00,162.5,15,bid,FlawlessFlatbreads,EarnestEspressos,9292835
2026-07-06T08:04:03.988404,2026-07-06T08:04:04.000104+00:00,162.6,45,bid,CostlyCorianders,DiligentDonuts,9292847
2026-07-06T08:04:04.570021,2026-07-06T08:04:04.582379+00:00,162.6,48,bid,CostlyCorianders,DiligentDonuts,9292855
2026-07-06T08:04:04.735829,2026-07-06T08:04:04.748108+00:00,162.6,7,bid,FlawlessFlatbreads,DiligentDonuts,9292859
2026-07-06T08:04:04.735829,2026-07-06T08:04:04.748108+00:00,162.6,8,bid,FlawlessFlatbreads,Zhangyue Shen,9292860
2026-07-06T08:04:06.641996,2026-07-06T08:04:06.648986+00:00,162.8,8,ask,EarnestEspressos,Zhangyue Shen,9292884
2026-07-06T08:04:06.847868,2026-07-06T08:04:06.859227+00:00,162.9,50,bid,FlawlessFlatbreads,DiligentDonuts,9292890
2026-07-06T08:04:06.990087,2026-07-06T08:04:07.001771+00:00,162.8,49,ask,EarnestEspressos,CostlyCorianders,9292893
2026-07-06T08:04:09.474970,2026-07-06T08:04:09.482285+00:00,162.5,49,ask,EarnestEspressos,CostlyCorianders,9292923
2026-07-06T08:04:10.087662,2026-07-06T08:04:10.094816+00:00,162.5,46,ask,EarnestEspressos,CostlyCorianders,9292932
2026-07-06T08:04:10.676839,2026-07-06T08:04:10.687746+00:00,163.0,44,bid,CostlyCorianders,EarnestEspressos,9292941
2026-07-06T08:04:11.078985,2026-07-06T08:04:11.089572+00:00,163.0,50,bid,FlawlessFlatbreads,DiligentDonuts,9292946
2026-07-06T08:04:11.915506,2026-07-06T08:04:11.926493+00:00,162.5,49,ask,DiligentDonuts,CostlyCorianders,9292957
2026-07-06T08:04:13.184644,2026-07-06T08:04:13.196736+00:00,162.7,50,bid,FlawlessFlatbreads,EarnestEspressos,9292978
2026-07-06T08:04:15.343950,2026-07-06T08:04:15.356048+00:00,162.5,50,ask,DiligentDonuts,FlawlessFlatbreads,9293006
2026-07-06T08:04:16.281787,2026-07-06T08:04:16.293958+00:00,162.9,43,bid,CostlyCorianders,EarnestEspressos,9293018
2026-07-06T08:04:17.453540,2026-07-06T08:04:17.461299+00:00,162.6,50,ask,EarnestEspressos,FlawlessFlatbreads,9293031
2026-07-06T08:04:19.560622,2026-07-06T08:04:19.572592+00:00,162.6,50,ask,EarnestEspressos,FlawlessFlatbreads,9293057
2026-07-06T08:04:19.982188,2026-07-06T08:04:19.993883+00:00,162.8,8,bid,CostlyCorianders,Zhangyue Shen,9293062
2026-07-06T08:04:19.982188,2026-07-06T08:04:19.993883+00:00,163.0,36,bid,CostlyCorianders,DiligentDonuts,9293063
2026-07-06T08:04:20.037774,2026-07-06T08:04:20.049510+00:00,162.6,46,ask,EarnestEspressos,CostlyCorianders,9293066
2026-07-06T08:04:21.360726,2026-07-06T08:04:21.369236+00:00,162.5,8,ask,DiligentDonuts,Zhangyue Shen,9293091
2026-07-06T08:04:23.719496,2026-07-06T08:04:23.731360+00:00,162.9,50,bid,FlawlessFlatbreads,DiligentDonuts,9293131
2026-07-06T08:04:25.516849,2026-07-06T08:04:25.529077+00:00,162.5,100,bid,DiligentDonuts,EarnestEspressos,9293146
2026-07-06T08:04:25.631216,2026-07-06T08:04:25.641001+00:00,162.5,48,bid,CostlyCorianders,EarnestEspressos,9293147
2026-07-06T08:04:25.878215,2026-07-06T08:04:25.890240+00:00,162.3,8,ask,Zhangyue Shen,FlawlessFlatbreads,9293151
2026-07-06T08:04:25.878215,2026-07-06T08:04:25.890240+00:00,162.0,42,ask,EarnestEspressos,FlawlessFlatbreads,9293152
2026-07-06T08:04:27.565184,2026-07-06T08:04:27.576719+00:00,162.5,8,bid,CostlyCorianders,Zhangyue Shen,9293173
2026-07-06T08:04:27.987353,2026-07-06T08:04:27.999438+00:00,162.4,50,ask,EarnestEspressos,FlawlessFlatbreads,9293182
2026-07-06T08:04:28.219546,2026-07-06T08:04:28.239054+00:00,162.4,48,ask,EarnestEspressos,CostlyCorianders,9293186
2026-07-06T08:04:30.131706,2026-07-06T08:04:30.143807+00:00,162.4,100,ask,DiligentDonuts,EarnestEspressos,9293203
2026-07-06T08:04:32.150323,2026-07-06T08:04:32.158575+00:00,162.4,50,bid,FlawlessFlatbreads,EarnestEspressos,9293225
2026-07-06T08:04:33.242750,2026-07-06T08:04:33.254590+00:00,162.4,3,bid,EarnestEspressos,Zhangyue Shen,9293240
2026-07-06T08:04:33.242750,2026-07-06T08:04:33.254590+00:00,162.5,100,bid,EarnestEspressos,DiligentDonuts,9293241
2026-07-06T08:04:33.899203,2026-07-06T08:04:33.909396+00:00,162.5,46,ask,EarnestEspressos,CostlyCorianders,9293251
2026-07-06T08:04:34.309255,2026-07-06T08:04:34.320961+00:00,162.5,1,ask,EarnestEspressos,FlawlessFlatbreads,9293258
2026-07-06T08:04:34.309255,2026-07-06T08:04:34.320961+00:00,162.3,8,ask,Zhangyue Shen,FlawlessFlatbreads,9293259
2026-07-06T08:04:34.309255,2026-07-06T08:04:34.320961+00:00,162.0,41,ask,DiligentDonuts,FlawlessFlatbreads,9293260
2026-07-06T08:04:36.365630,2026-07-06T08:04:36.374835+00:00,162.6,8,bid,FlawlessFlatbreads,Zhangyue Shen,9293286
2026-07-06T08:04:38.471537,2026-07-06T08:04:38.483287+00:00,162.6,50,bid,FlawlessFlatbreads,EarnestEspressos,9293318
2026-07-06T08:04:40.578335,2026-07-06T08:04:40.589276+00:00,162.6,50,bid,FlawlessFlatbreads,DiligentDonuts,9293348
2026-07-06T08:04:40.734696,2026-07-06T08:04:40.742188+00:00,162.6,43,bid,CostlyCorianders,DiligentDonuts,9293350
2026-07-06T08:04:42.684668,2026-07-06T08:04:42.696916+00:00,162.9,50,bid,FlawlessFlatbreads,EarnestEspressos,9293363
2026-07-06T08:04:42.802184,2026-07-06T08:04:42.814341+00:00,162.6,100,ask,DiligentDonuts,EarnestEspressos,9293365
2026-07-06T08:04:43.407086,2026-07-06T08:04:43.417821+00:00,162.6,49,bid,CostlyCorianders,EarnestEspressos,9293376
2026-07-06T08:04:44.792739,2026-07-06T08:04:44.805263+00:00,162.5,50,bid,FlawlessFlatbreads,DiligentDonuts,9293397
2026-07-06T08:04:45.102783,2026-07-06T08:04:45.114969+00:00,162.1,45,ask,EarnestEspressos,CostlyCorianders,9293401
2026-07-06T08:04:45.747883,2026-07-06T08:04:45.759487+00:00,162.5,44,bid,CostlyCorianders,DiligentDonuts,9293408
2026-07-06T08:04:45.913823,2026-07-06T08:04:45.925627+00:00,162.5,6,bid,EarnestEspressos,DiligentDonuts,9293410
2026-07-06T08:04:45.981795,2026-07-06T08:04:45.991470+00:00,162.7,3,ask,EarnestEspressos,Xuanyu Liu,9293411
2026-07-06T08:04:45.990414,2026-07-06T08:04:46.006736+00:00,162.7,35,ask,EarnestEspressos,Tanishq Panjwani,9293414
2026-07-06T08:04:46.078403,2026-07-06T08:04:46.081108+00:00,162.7,35,ask,EarnestEspressos,Tanishq Panjwani,9293417
2026-07-06T08:04:46.170227,2026-07-06T08:04:46.179494+00:00,162.7,35,ask,EarnestEspressos,Tanishq Panjwani,9293420
2026-07-06T08:04:46.280494,2026-07-06T08:04:46.290241+00:00,162.7,35,ask,EarnestEspressos,Tanishq Panjwani,9293423
2026-07-06T08:04:46.370030,2026-07-06T08:04:46.378385+00:00,162.7,1,ask,EarnestEspressos,Tanishq Panjwani,9293427
2026-07-06T08:04:46.900328,2026-07-06T08:04:46.912212+00:00,163.2,50,bid,FlawlessFlatbreads,EarnestEspressos,9293435
2026-07-06T08:04:47.629476,2026-07-06T08:04:47.641177+00:00,162.1,8,ask,Zhangyue Shen,CostlyCorianders,9293446
2026-07-06T08:04:49.006115,2026-07-06T08:04:49.018007+00:00,162.6,8,bid,FlawlessFlatbreads,Zhangyue Shen,9293467
2026-07-06T08:04:49.006115,2026-07-06T08:04:49.018007+00:00,162.8,42,bid,FlawlessFlatbreads,DiligentDonuts,9293468
2026-07-06T08:04:51.111684,2026-07-06T08:04:51.123680+00:00,162.7,50,bid,FlawlessFlatbreads,EarnestEspressos,9293494
2026-07-06T08:04:51.586402,2026-07-06T08:04:51.598260+00:00,162.4,41,ask,DiligentDonuts,CostlyCorianders,9293499
2026-07-06T08:04:53.220837,2026-07-06T08:04:53.232484+00:00,162.9,50,bid,FlawlessFlatbreads,DiligentDonuts,9293522
2026-07-06T08:04:53.359758,2026-07-06T08:04:53.371584+00:00,162.9,40,bid,CostlyCorianders,DiligentDonuts,9293524
2026-07-06T08:04:55.393975,2026-07-06T08:04:55.403401+00:00,162.5,50,ask,DiligentDonuts,FlawlessFlatbreads,9293546
2026-07-06T08:04:57.500212,2026-07-06T08:04:57.512009+00:00,162.7,50,ask,DiligentDonuts,FlawlessFlatbreads,9293574
2026-07-06T08:04:59.608171,2026-07-06T08:04:59.619736+00:00,162.7,50,ask,DiligentDonuts,FlawlessFlatbreads,9293608
2026-07-06T08:05:00.551432,2026-07-06T08:05:00.557928+00:00,162.5,49,ask,EarnestEspressos,CostlyCorianders,9293621
2026-07-06T08:05:03.519496,2026-07-06T08:05:03.531216+00:00,162.8,43,bid,CostlyCorianders,EarnestEspressos,9293652
2026-07-06T08:05:04.127339,2026-07-06T08:05:04.139541+00:00,162.3,45,ask,EarnestEspressos,CostlyCorianders,9293657
2026-07-06T08:05:04.876666,2026-07-06T08:05:04.885983+00:00,162.7,3,bid,Xuanyu Liu,DiligentDonuts,9293672
2026-07-06T08:05:04.886769,2026-07-06T08:05:04.901235+00:00,162.7,35,bid,Tanishq Panjwani,DiligentDonuts,9293674
2026-07-06T08:05:04.976009,2026-07-06T08:05:04.987617+00:00,162.6,37,bid,Tanishq Panjwani,EarnestEspressos,9293677
2026-07-06T08:05:05.786434,2026-07-06T08:05:05.798551+00:00,162.6,35,bid,Tanishq Panjwani,EarnestEspressos,9293686
2026-07-06T08:05:05.877088,2026-07-06T08:05:05.889161+00:00,162.6,34,bid,Tanishq Panjwani,EarnestEspressos,9293690
2026-07-06T08:05:05.897563,2026-07-06T08:05:05.909606+00:00,162.6,44,bid,FlawlessFlatbreads,EarnestEspressos,9293693
2026-07-06T08:05:05.897563,2026-07-06T08:05:05.914830+00:00,162.7,6,bid,FlawlessFlatbreads,DiligentDonuts,9293694
2026-07-06T08:05:07.656703,2026-07-06T08:05:07.668755+00:00,163.0,42,bid,CostlyCorianders,DiligentDonuts,9293711
2026-07-06T08:05:08.071445,2026-07-06T08:05:08.083610+00:00,163.0,58,bid,EarnestEspressos,DiligentDonuts,9293719
2026-07-06T08:05:08.072000,2026-07-06T08:05:08.088817+00:00,163.1,50,ask,EarnestEspressos,FlawlessFlatbreads,9293721
2026-07-06T08:05:08.152021,2026-07-06T08:05:08.167921+00:00,163.1,42,ask,EarnestEspressos,Tanishq Panjwani,9293725
2026-07-06T08:05:08.309592,2026-07-06T08:05:08.317517+00:00,162.5,41,ask,DiligentDonuts,CostlyCorianders,9293731
2026-07-06T08:05:10.129657,2026-07-06T08:05:10.141497+00:00,163.1,50,bid,FlawlessFlatbreads,DiligentDonuts,9293749
2026-07-06T08:05:11.517585,2026-07-06T08:05:11.474488+00:00,163.1,45,bid,CostlyCorianders,DiligentDonuts,9293767
2026-07-06T08:05:14.307929,2026-07-06T08:05:14.317859+00:00,162.9,48,ask,DiligentDonuts,CostlyCorianders,9293812
2026-07-06T08:05:14.418725,2026-07-06T08:05:14.429099+00:00,162.9,50,ask,DiligentDonuts,FlawlessFlatbreads,9293817
2026-07-06T08:05:14.572595,2026-07-06T08:05:14.580641+00:00,162.9,2,ask,DiligentDonuts,Tanishq Panjwani,9293821
2026-07-06T08:05:14.836309,2026-07-06T08:05:14.844482+00:00,163.2,41,bid,CostlyCorianders,EarnestEspressos,9293823
2026-07-06T08:05:14.892452,2026-07-06T08:05:14.901272+00:00,162.7,41,ask,EarnestEspressos,CostlyCorianders,9293828
2026-07-06T08:05:18.225143,2026-07-06T08:05:18.236958+00:00,163.0,48,bid,CostlyCorianders,EarnestEspressos,9293863
2026-07-06T08:05:18.280811,2026-07-06T08:05:18.292774+00:00,162.6,45,ask,DiligentDonuts,CostlyCorianders,9293865
2026-07-06T08:05:18.661427,2026-07-06T08:05:18.669571+00:00,162.6,50,ask,DiligentDonuts,FlawlessFlatbreads,9293873
2026-07-06T08:05:20.239982,2026-07-06T08:05:20.246725+00:00,162.5,49,ask,EarnestEspressos,CostlyCorianders,9293895
2026-07-06T08:05:20.771233,2026-07-06T08:05:20.783089+00:00,162.4,50,ask,EarnestEspressos,FlawlessFlatbreads,9293901
2026-07-06T08:05:22.722709,2026-07-06T08:05:22.731225+00:00,162.7,48,bid,CostlyCorianders,DiligentDonuts,9293929
2026-07-06T08:05:22.825833,2026-07-06T08:05:22.837677+00:00,162.7,50,bid,FlawlessFlatbreads,DiligentDonuts,9293930
2026-07-06T08:05:25.672636,2026-07-06T08:05:25.681016+00:00,162.6,100,bid,DiligentDonuts,EarnestEspressos,9293964
2026-07-06T08:05:27.120296,2026-07-06T08:05:27.129609+00:00,162.6,50,ask,EarnestEspressos,FlawlessFlatbreads,9293978
2026-07-06T08:05:27.776109,2026-07-06T08:05:27.783351+00:00,163.1,48,bid,CostlyCorianders,DiligentDonuts,9293986
2026-07-06T08:05:30.004649,2026-07-06T08:05:30.012447+00:00,162.6,48,ask,EarnestEspressos,CostlyCorianders,9294015
2026-07-06T08:05:31.336416,2026-07-06T08:05:31.348250+00:00,162.3,50,ask,DiligentDonuts,FlawlessFlatbreads,9294028
2026-07-06T08:05:33.026603,2026-07-06T08:05:33.038720+00:00,162.7,47,bid,CostlyCorianders,DiligentDonuts,9294051
2026-07-06T08:05:33.396013,2026-07-06T08:05:33.404873+00:00,162.7,50,bid,FlawlessFlatbreads,DiligentDonuts,9294052
2026-07-06T08:05:33.580768,2026-07-06T08:05:33.592776+00:00,162.7,47,bid,CostlyCorianders,EarnestEspressos,9294056
2026-07-06T08:05:34.113571,2026-07-06T08:05:34.124465+00:00,162.5,41,ask,EarnestEspressos,CostlyCorianders,9294061
2026-07-06T08:05:34.742771,2026-07-06T08:05:34.749858+00:00,162.5,45,ask,EarnestEspressos,CostlyCorianders,9294071
2026-07-06T08:05:35.589533,2026-07-06T08:05:35.604774+00:00,162.7,50,ask,DiligentDonuts,FlawlessFlatbreads,9294083
2026-07-06T08:05:37.723979,2026-07-06T08:05:37.730673+00:00,162.7,50,ask,DiligentDonuts,FlawlessFlatbreads,9294109
2026-07-06T08:05:39.829604,2026-07-06T08:05:39.839671+00:00,162.5,50,ask,DiligentDonuts,FlawlessFlatbreads,9294135
2026-07-06T08:05:40.063676,2026-07-06T08:05:40.070963+00:00,162.8,35,bid,Tanishq Panjwani,EarnestEspressos,9294140
2026-07-06T08:05:40.156333,2026-07-06T08:05:40.165072+00:00,162.8,9,bid,Tanishq Panjwani,EarnestEspressos,9294142
2026-07-06T08:05:41.963537,2026-07-06T08:05:41.974222+00:00,162.4,8,ask,Zhangyue Shen,FlawlessFlatbreads,9294165
2026-07-06T08:05:41.963537,2026-07-06T08:05:41.974222+00:00,162.4,42,ask,DiligentDonuts,FlawlessFlatbreads,9294166
2026-07-06T08:05:44.071094,2026-07-06T08:05:44.080600+00:00,162.5,50,ask,EarnestEspressos,FlawlessFlatbreads,9294195
2026-07-06T08:05:44.618115,2026-07-06T08:05:44.629976+00:00,163.0,45,bid,CostlyCorianders,EarnestEspressos,9294201
2026-07-06T08:05:45.257911,2026-07-06T08:05:45.270055+00:00,162.6,40,bid,CostlyCorianders,DiligentDonuts,9294208
2026-07-06T08:05:46.182654,2026-07-06T08:05:46.193135+00:00,162.4,8,ask,Zhangyue Shen,FlawlessFlatbreads,9294216
2026-07-06T08:05:46.182654,2026-07-06T08:05:46.193135+00:00,162.4,42,ask,EarnestEspressos,FlawlessFlatbreads,9294217
2026-07-06T08:05:46.417696,2026-07-06T08:05:46.428729+00:00,162.6,26,bid,Xuanyu Liu,DiligentDonuts,9294225
2026-07-06T08:05:47.245865,2026-07-06T08:05:47.263896+00:00,162.6,34,bid,CostlyCorianders,DiligentDonuts,9294242
2026-07-06T08:05:48.239934,2026-07-06T08:05:48.251586+00:00,162.9,50,bid,FlawlessFlatbreads,EarnestEspressos,9294259
2026-07-06T08:05:49.910134,2026-07-06T08:05:49.921826+00:00,162.6,41,ask,DiligentDonuts,CostlyCorianders,9294280
2026-07-06T08:05:52.500645,2026-07-06T08:05:52.512499+00:00,162.7,50,ask,EarnestEspressos,FlawlessFlatbreads,9294301
2026-07-06T08:05:54.557901,2026-07-06T08:05:54.570132+00:00,162.9,8,bid,FlawlessFlatbreads,Zhangyue Shen,9294323
2026-07-06T08:05:54.557901,2026-07-06T08:05:54.570132+00:00,163.1,42,bid,FlawlessFlatbreads,DiligentDonuts,9294324
2026-07-06T08:05:56.667513,2026-07-06T08:05:56.679296+00:00,162.9,8,bid,FlawlessFlatbreads,Zhangyue Shen,9294340
2026-07-06T08:05:56.667513,2026-07-06T08:05:56.679296+00:00,163.0,42,bid,FlawlessFlatbreads,EarnestEspressos,9294341
2026-07-06T08:05:56.835849,2026-07-06T08:05:56.843259+00:00,162.6,43,ask,DiligentDonuts,CostlyCorianders,9294346
2026-07-06T08:05:58.013020,2026-07-06T08:05:58.024817+00:00,162.5,42,ask,EarnestEspressos,CostlyCorianders,9294356
2026-07-06T08:05:58.780195,2026-07-06T08:05:58.789216+00:00,162.9,50,bid,FlawlessFlatbreads,EarnestEspressos,9294369
2026-07-06T08:05:59.141419,2026-07-06T08:05:59.153281+00:00,162.9,48,bid,CostlyCorianders,EarnestEspressos,9294378
2026-07-06T08:06:00.937127,2026-07-06T08:06:00.949068+00:00,162.7,50,ask,DiligentDonuts,FlawlessFlatbreads,9294407
2026-07-06T08:06:01.867413,2026-07-06T08:06:01.879545+00:00,163.2,44,bid,CostlyCorianders,DiligentDonuts,9294415
2026-07-06T08:06:01.901415,2026-07-06T08:06:01.911310+00:00,162.9,23,ask,EarnestEspressos,Xuanyu Liu,9294416
2026-07-06T08:06:03.044380,2026-07-06T08:06:03.058602+00:00,162.9,50,ask,EarnestEspressos,FlawlessFlatbreads,9294434
2026-07-06T08:06:05.151136,2026-07-06T08:06:05.162894+00:00,162.7,50,ask,DiligentDonuts,FlawlessFlatbreads,9294457
2026-07-06T08:06:06.559996,2026-07-06T08:06:06.572140+00:00,162.7,44,ask,DiligentDonuts,CostlyCorianders,9294474
2026-07-06T08:06:07.264236,2026-07-06T08:06:07.275617+00:00,162.6,50,ask,EarnestEspressos,FlawlessFlatbreads,9294478
2026-07-06T08:06:07.417042,2026-07-06T08:06:07.426369+00:00,162.7,11,bid,Xuanyu Liu,DiligentDonuts,9294484
2026-07-06T08:06:07.730764,2026-07-06T08:06:07.742813+00:00,162.7,46,bid,CostlyCorianders,DiligentDonuts,9294492
2026-07-06T08:06:09.371639,2026-07-06T08:06:09.384098+00:00,162.4,8,ask,Zhangyue Shen,FlawlessFlatbreads,9294519
2026-07-06T08:06:09.371639,2026-07-06T08:06:09.384098+00:00,162.2,42,ask,DiligentDonuts,FlawlessFlatbreads,9294520
2026-07-06T08:06:11.484003,2026-07-06T08:06:11.500634+00:00,162.3,50,ask,DiligentDonuts,FlawlessFlatbreads,9294551
2026-07-06T08:06:11.866222,2026-07-06T08:06:11.872690+00:00,162.3,48,ask,DiligentDonuts,CostlyCorianders,9294556
2026-07-06T08:06:13.193068,2026-07-06T08:06:13.200144+00:00,162.3,8,ask,Zhangyue Shen,DiligentDonuts,9294567
2026-07-06T08:06:13.206304,2026-07-06T08:06:13.217225+00:00,162.3,12,bid,Xuanyu Liu,DiligentDonuts,9294568
2026-07-06T08:06:13.590057,2026-07-06T08:06:13.601731+00:00,162.1,50,ask,EarnestEspressos,FlawlessFlatbreads,9294579
2026-07-06T08:06:14.703439,2026-07-06T08:06:14.710682+00:00,162.2,8,ask,Zhangyue Shen,CostlyCorianders,9294585
2026-07-06T08:06:15.698480,2026-07-06T08:06:15.710665+00:00,161.9,8,ask,Zhangyue Shen,FlawlessFlatbreads,9294593
2026-07-06T08:06:15.698480,2026-07-06T08:06:15.710665+00:00,161.8,42,ask,DiligentDonuts,FlawlessFlatbreads,9294594
2026-07-06T08:06:15.712980,2026-07-06T08:06:15.720876+00:00,162.3,46,bid,CostlyCorianders,DiligentDonuts,9294595
2026-07-06T08:06:16.583257,2026-07-06T08:06:16.592226+00:00,162.2,11,bid,Xuanyu Liu,DiligentDonuts,9294607
2026-07-06T08:06:17.250541,2026-07-06T08:06:17.257105+00:00,162.2,44,bid,CostlyCorianders,DiligentDonuts,9294615
2026-07-06T08:06:17.816195,2026-07-06T08:06:17.825874+00:00,161.9,8,ask,Zhangyue Shen,FlawlessFlatbreads,9294625
2026-07-06T08:06:17.816195,2026-07-06T08:06:17.825874+00:00,161.9,42,ask,EarnestEspressos,FlawlessFlatbreads,9294626
2026-07-06T08:06:18.386580,2026-07-06T08:06:18.398983+00:00,161.9,46,ask,EarnestEspressos,CostlyCorianders,9294638
2026-07-06T08:06:19.873158,2026-07-06T08:06:19.885233+00:00,162.4,50,bid,FlawlessFlatbreads,EarnestEspressos,9294650
2026-07-06T08:06:20.771472,2026-07-06T08:06:20.780532+00:00,162.4,49,bid,CostlyCorianders,EarnestEspressos,9294664
2026-07-06T08:06:22.292438,2026-07-06T08:06:22.304197+00:00,162.2,8,ask,Zhangyue Shen,CostlyCorianders,9294681
2026-07-06T08:06:22.292438,2026-07-06T08:06:22.304197+00:00,162.1,35,ask,EarnestEspressos,CostlyCorianders,9294682
2026-07-06T08:06:24.268511,2026-07-06T08:06:24.280589+00:00,162.5,45,bid,CostlyCorianders,EarnestEspressos,9294708
2026-07-06T08:06:28.293034,2026-07-06T08:06:28.304823+00:00,162.6,8,bid,FlawlessFlatbreads,Zhangyue Shen,9294752
2026-07-06T08:06:28.293034,2026-07-06T08:06:28.304823+00:00,162.7,42,bid,FlawlessFlatbreads,DiligentDonuts,9294753
2026-07-06T08:06:32.514559,2026-07-06T08:06:32.526531+00:00,162.4,8,ask,Zhangyue Shen,CostlyCorianders,9294792
2026-07-06T08:06:32.514559,2026-07-06T08:06:32.526531+00:00,162.3,32,ask,EarnestEspressos,CostlyCorianders,9294793
2026-07-06T08:06:32.520554,2026-07-06T08:06:32.531801+00:00,162.7,8,bid,FlawlessFlatbreads,Zhangyue Shen,9294794
2026-07-06T08:06:32.520554,2026-07-06T08:06:32.531801+00:00,162.7,42,bid,FlawlessFlatbreads,DiligentDonuts,9294795
2026-07-06T08:06:34.655061,2026-07-06T08:06:34.657121+00:00,162.4,50,bid,FlawlessFlatbreads,EarnestEspressos,9294816
2026-07-06T08:06:35.014086,2026-07-06T08:06:35.026137+00:00,162.4,40,bid,CostlyCorianders,EarnestEspressos,9294819
2026-07-06T08:06:35.282308,2026-07-06T08:06:35.290614+00:00,162.4,60,bid,DiligentDonuts,EarnestEspressos,9294825
2026-07-06T08:06:36.271875,2026-07-06T08:06:36.281231+00:00,162.6,23,ask,DiligentDonuts,Xuanyu Liu,9294835
2026-07-06T08:06:36.765248,2026-07-06T08:06:36.775185+00:00,162.8,8,bid,FlawlessFlatbreads,Zhangyue Shen,9294842
2026-07-06T08:06:36.765248,2026-07-06T08:06:36.775185+00:00,163.0,42,bid,FlawlessFlatbreads,EarnestEspressos,9294843
2026-07-06T08:06:38.876745,2026-07-06T08:06:38.891991+00:00,162.7,50,bid,FlawlessFlatbreads,DiligentDonuts,9294861
2026-07-06T08:06:39.862855,2026-07-06T08:06:39.873950+00:00,162.7,50,bid,EarnestEspressos,DiligentDonuts,9294871
2026-07-06T08:06:39.862855,2026-07-06T08:06:39.873950+00:00,162.8,8,bid,EarnestEspressos,Zhangyue Shen,9294872
2026-07-06T08:06:39.929795,2026-07-06T08:06:39.939213+00:00,162.8,14,ask,EarnestEspressos,Xuanyu Liu,9294875
2026-07-06T08:06:40.198519,2026-07-06T08:06:40.210469+00:00,162.8,3,ask,EarnestEspressos,Zhangyue Shen,9294884
2026-07-06T08:06:40.985934,2026-07-06T08:06:40.997914+00:00,163.1,8,bid,FlawlessFlatbreads,Zhangyue Shen,9294898
2026-07-06T08:06:40.985934,2026-07-06T08:06:40.997914+00:00,163.3,42,bid,FlawlessFlatbreads,EarnestEspressos,9294899
2026-07-06T08:06:41.062685,2026-07-06T08:06:41.074418+00:00,162.8,47,ask,EarnestEspressos,CostlyCorianders,9294900
2026-07-06T08:06:43.122609,2026-07-06T08:06:43.131240+00:00,163.0,8,bid,FlawlessFlatbreads,Zhangyue Shen,9294921
2026-07-06T08:06:43.122609,2026-07-06T08:06:43.131240+00:00,163.1,42,bid,FlawlessFlatbreads,DiligentDonuts,9294922
2026-07-06T08:06:45.230735,2026-07-06T08:06:45.243108+00:00,163.1,50,bid,FlawlessFlatbreads,EarnestEspressos,9294943
2026-07-06T08:06:46.984261,2026-07-06T08:06:46.996103+00:00,162.8,47,ask,EarnestEspressos,CostlyCorianders,9294971
2026-07-06T08:06:47.338719,2026-07-06T08:06:47.350408+00:00,163.2,50,bid,FlawlessFlatbreads,DiligentDonuts,9294977
2026-07-06T08:06:48.207833,2026-07-06T08:06:48.219982+00:00,162.9,40,ask,DiligentDonuts,CostlyCorianders,9294985
2026-07-06T08:06:49.447122,2026-07-06T08:06:49.458600+00:00,163.2,5,bid,FlawlessFlatbreads,Zhangyue Shen,9295004
2026-07-06T08:06:49.447122,2026-07-06T08:06:49.458600+00:00,163.2,45,bid,FlawlessFlatbreads,EarnestEspressos,9295005
2026-07-06T08:06:51.556327,2026-07-06T08:06:51.568177+00:00,163.2,50,bid,FlawlessFlatbreads,EarnestEspressos,9295025
2026-07-06T08:06:51.608539,2026-07-06T08:06:51.615871+00:00,163.2,42,bid,CostlyCorianders,EarnestEspressos,9295028
2026-07-06T08:06:52.126421,2026-07-06T08:06:52.134274+00:00,163.2,13,bid,CostlyCorianders,EarnestEspressos,9295035
2026-07-06T08:06:52.126421,2026-07-06T08:06:52.139512+00:00,163.4,35,bid,CostlyCorianders,DiligentDonuts,9295036
2026-07-06T08:06:52.195411,2026-07-06T08:06:52.202371+00:00,162.9,41,ask,DiligentDonuts,CostlyCorianders,9295038
2026-07-06T08:06:52.523956,2026-07-06T08:06:52.531175+00:00,163.4,65,bid,EarnestEspressos,DiligentDonuts,9295044
2026-07-06T08:06:53.663912,2026-07-06T08:06:53.675813+00:00,163.9,50,bid,FlawlessFlatbreads,EarnestEspressos,9295062
2026-07-06T08:06:55.775865,2026-07-06T08:06:55.782909+00:00,163.6,50,bid,FlawlessFlatbreads,DiligentDonuts,9295078
2026-07-06T08:06:58.396079,2026-07-06T08:06:58.407734+00:00,163.5,46,ask,EarnestEspressos,CostlyCorianders,9295115
2026-07-06T08:06:58.577499,2026-07-06T08:06:58.586609+00:00,163.5,3,ask,EarnestEspressos,Xuanyu Liu,9295120
2026-07-06T08:06:58.627938,2026-07-06T08:06:58.639278+00:00,163.5,35,ask,EarnestEspressos,Tanishq Panjwani,9295123
2026-07-06T08:06:58.931954,2026-07-06T08:06:58.944326+00:00,163.4,100,ask,DiligentDonuts,EarnestEspressos,9295133
2026-07-06T08:06:59.480952,2026-07-06T08:06:59.492065+00:00,163.3,3,bid,Xuanyu Liu,EarnestEspressos,9295138
2026-07-06T08:07:02.191855,2026-07-06T08:07:02.203766+00:00,163.4,50,ask,EarnestEspressos,FlawlessFlatbreads,9295172
2026-07-06T08:07:03.302503,2026-07-06T08:07:03.314568+00:00,163.4,46,ask,EarnestEspressos,CostlyCorianders,9295180
2026-07-06T08:07:04.248008,2026-07-06T08:07:04.259954+00:00,163.5,50,bid,FlawlessFlatbreads,DiligentDonuts,9295194
2026-07-06T08:07:06.404032,2026-07-06T08:07:06.416123+00:00,163.1,50,ask,EarnestEspressos,FlawlessFlatbreads,9295215
2026-07-06T08:07:07.720738,2026-07-06T08:07:07.732957+00:00,163.6,46,bid,CostlyCorianders,EarnestEspressos,9295230
2026-07-06T08:07:08.513748,2026-07-06T08:07:08.525474+00:00,163.2,50,ask,DiligentDonuts,FlawlessFlatbreads,9295248
2026-07-06T08:07:10.621213,2026-07-06T08:07:10.632946+00:00,163.1,50,ask,DiligentDonuts,FlawlessFlatbreads,9295271
2026-07-06T08:07:12.550791,2026-07-06T08:07:12.557418+00:00,163.6,41,bid,CostlyCorianders,DiligentDonuts,9295290
2026-07-06T08:07:12.728455,2026-07-06T08:07:12.740275+00:00,163.1,50,ask,DiligentDonuts,FlawlessFlatbreads,9295298
2026-07-06T08:07:14.522985,2026-07-06T08:07:14.534782+00:00,163.2,35,bid,Tanishq Panjwani,DiligentDonuts,9295318
2026-07-06T08:07:14.612903,2026-07-06T08:07:14.620032+00:00,163.2,35,bid,Tanishq Panjwani,DiligentDonuts,9295320
2026-07-06T08:07:14.836032,2026-07-06T08:07:14.844545+00:00,162.9,50,ask,EarnestEspressos,FlawlessFlatbreads,9295325
2026-07-06T08:07:14.956743,2026-07-06T08:07:14.968367+00:00,162.9,44,ask,EarnestEspressos,CostlyCorianders,9295328
2026-07-06T08:07:16.642304,2026-07-06T08:07:16.658577+00:00,163.4,40,bid,CostlyCorianders,EarnestEspressos,9295346
2026-07-06T08:07:16.942574,2026-07-06T08:07:16.949081+00:00,163.0,50,ask,DiligentDonuts,FlawlessFlatbreads,9295351
2026-07-06T08:07:19.048721,2026-07-06T08:07:19.055269+00:00,163.0,50,ask,DiligentDonuts,FlawlessFlatbreads,9295381
2026-07-06T08:07:19.237117,2026-07-06T08:07:19.246573+00:00,163.1,47,bid,CostlyCorianders,EarnestEspressos,9295382
2026-07-06T08:07:21.157406,2026-07-06T08:07:21.169143+00:00,163.0,50,ask,EarnestEspressos,FlawlessFlatbreads,9295410
2026-07-06T08:07:21.262411,2026-07-06T08:07:21.274577+00:00,163.0,44,ask,EarnestEspressos,CostlyCorianders,9295415
2026-07-06T08:07:22.314221,2026-07-06T08:07:22.325876+00:00,163.3,44,bid,CostlyCorianders,DiligentDonuts,9295427
2026-07-06T08:07:27.327942,2026-07-06T08:07:27.336677+00:00,163.0,46,ask,DiligentDonuts,CostlyCorianders,9295486
2026-07-06T08:07:27.422482,2026-07-06T08:07:27.443148+00:00,163.2,50,bid,FlawlessFlatbreads,EarnestEspressos,9295493
2026-07-06T08:07:27.433880,2026-07-06T08:07:27.443148+00:00,163.2,3,bid,Xuanyu Liu,EarnestEspressos,9295494
2026-07-06T08:07:28.737578,2026-07-06T08:07:28.746802+00:00,163.2,11,bid,Xuanyu Liu,EarnestEspressos,9295508
2026-07-06T08:07:31.686857,2026-07-06T08:07:31.693708+00:00,163.1,50,ask,EarnestEspressos,FlawlessFlatbreads,9295547
2026-07-06T08:07:33.793154,2026-07-06T08:07:33.800871+00:00,162.9,8,ask,Zhangyue Shen,FlawlessFlatbreads,9295567
2026-07-06T08:07:33.793154,2026-07-06T08:07:33.806039+00:00,162.7,42,ask,DiligentDonuts,FlawlessFlatbreads,9295568
2026-07-06T08:07:34.313594,2026-07-06T08:07:34.320788+00:00,163.2,45,bid,CostlyCorianders,DiligentDonuts,9295575
2026-07-06T08:07:35.279433,2026-07-06T08:07:35.288058+00:00,162.7,40,ask,DiligentDonuts,CostlyCorianders,9295587
2026-07-06T08:07:37.952610,2026-07-06T08:07:37.964145+00:00,163.2,50,bid,FlawlessFlatbreads,DiligentDonuts,9295613
2026-07-06T08:07:38.482985,2026-07-06T08:07:38.492580+00:00,163.2,41,bid,CostlyCorianders,DiligentDonuts,9295621
2026-07-06T08:07:39.471127,2026-07-06T08:07:39.479678+00:00,162.9,8,ask,Zhangyue Shen,CostlyCorianders,9295633
2026-07-06T08:07:39.471127,2026-07-06T08:07:39.479678+00:00,162.9,41,ask,DiligentDonuts,CostlyCorianders,9295634
2026-07-06T08:07:40.072231,2026-07-06T08:07:40.079704+00:00,162.9,59,ask,DiligentDonuts,EarnestEspressos,9295641
2026-07-06T08:07:40.122291,2026-07-06T08:07:40.129664+00:00,162.7,8,ask,Zhangyue Shen,FlawlessFlatbreads,9295642
2026-07-06T08:07:40.122291,2026-07-06T08:07:40.135113+00:00,162.4,42,ask,EarnestEspressos,FlawlessFlatbreads,9295643
2026-07-06T08:07:40.368592,2026-07-06T08:07:40.380693+00:00,162.9,47,bid,CostlyCorianders,EarnestEspressos,9295648
2026-07-06T08:07:44.332097,2026-07-06T08:07:44.339983+00:00,162.8,50,ask,EarnestEspressos,FlawlessFlatbreads,9295700
2026-07-06T08:07:44.468945,2026-07-06T08:07:44.480935+00:00,162.9,42,bid,CostlyCorianders,DiligentDonuts,9295703
2026-07-06T08:07:46.438908,2026-07-06T08:07:46.450706+00:00,162.9,8,ask,Zhangyue Shen,FlawlessFlatbreads,9295736
2026-07-06T08:07:46.438908,2026-07-06T08:07:46.450706+00:00,162.8,42,ask,EarnestEspressos,FlawlessFlatbreads,9295737
2026-07-06T08:07:48.572787,2026-07-06T08:07:48.590006+00:00,162.9,50,ask,DiligentDonuts,FlawlessFlatbreads,9295771
2026-07-06T08:07:49.387191,2026-07-06T08:07:49.399100+00:00,162.9,48,ask,DiligentDonuts,CostlyCorianders,9295781
2026-07-06T08:07:50.682096,2026-07-06T08:07:50.694191+00:00,162.9,2,ask,DiligentDonuts,FlawlessFlatbreads,9295800
2026-07-06T08:07:50.682096,2026-07-06T08:07:50.694191+00:00,162.8,8,ask,Zhangyue Shen,FlawlessFlatbreads,9295801
2026-07-06T08:07:50.682096,2026-07-06T08:07:50.694191+00:00,162.7,40,ask,EarnestEspressos,FlawlessFlatbreads,9295802
2026-07-06T08:07:52.791503,2026-07-06T08:07:52.803735+00:00,162.5,50,ask,DiligentDonuts,FlawlessFlatbreads,9295828
2026-07-06T08:07:53.665005,2026-07-06T08:07:53.674874+00:00,162.9,12,bid,Xuanyu Liu,EarnestEspressos,9295841
2026-07-06T08:07:54.458114,2026-07-06T08:07:54.470000+00:00,162.8,8,ask,Zhangyue Shen,CostlyCorianders,9295852
2026-07-06T08:07:54.848156,2026-07-06T08:07:54.858554+00:00,162.9,50,bid,FlawlessFlatbreads,EarnestEspressos,9295860
2026-07-06T08:07:55.491414,2026-07-06T08:07:55.502930+00:00,162.9,46,bid,CostlyCorianders,EarnestEspressos,9295869
2026-07-06T08:07:56.970260,2026-07-06T08:07:56.979350+00:00,162.9,50,bid,FlawlessFlatbreads,DiligentDonuts,9295888
2026-07-06T08:07:59.080064,2026-07-06T08:07:59.087136+00:00,162.9,50,bid,FlawlessFlatbreads,DiligentDonuts,9295915
2026-07-06T08:08:01.188935,2026-07-06T08:08:01.200193+00:00,162.9,50,bid,FlawlessFlatbreads,DiligentDonuts,9295935
2026-07-06T08:08:02.845692,2026-07-06T08:08:02.854981+00:00,162.6,8,ask,Zhangyue Shen,Xuanyu Liu,9295961
2026-07-06T08:08:03.297798,2026-07-06T08:08:03.309967+00:00,162.8,8,bid,FlawlessFlatbreads,Zhangyue Shen,9295971
2026-07-06T08:08:03.297798,2026-07-06T08:08:03.315523+00:00,162.9,42,bid,FlawlessFlatbreads,DiligentDonuts,9295972
2026-07-06T08:08:03.808454,2026-07-06T08:08:03.816634+00:00,162.5,43,ask,EarnestEspressos,CostlyCorianders,9295980
2026-07-06T08:08:05.388862,2026-07-06T08:08:05.400474+00:00,162.7,44,bid,CostlyCorianders,EarnestEspressos,9296002
2026-07-06T08:08:05.406557,2026-07-06T08:08:05.417697+00:00,162.7,50,bid,FlawlessFlatbreads,EarnestEspressos,9296004
2026-07-06T08:08:06.737850,2026-07-06T08:08:06.758567+00:00,162.4,41,ask,DiligentDonuts,CostlyCorianders,9296021
2026-07-06T08:08:07.518260,2026-07-06T08:08:07.530083+00:00,162.6,8,bid,FlawlessFlatbreads,Zhangyue Shen,9296033
2026-07-06T08:08:07.518260,2026-07-06T08:08:07.530083+00:00,162.6,42,bid,FlawlessFlatbreads,DiligentDonuts,9296034
2026-07-06T08:08:10.716169,2026-07-06T08:08:10.727935+00:00,162.4,4,ask,EarnestEspressos,Xuanyu Liu,9296070
2026-07-06T08:08:11.379617,2026-07-06T08:08:11.388680+00:00,162.4,11,ask,EarnestEspressos,Xuanyu Liu,9296082
2026-07-06T08:08:11.742078,2026-07-06T08:08:11.752821+00:00,162.6,8,bid,FlawlessFlatbreads,Zhangyue Shen,9296088
2026-07-06T08:08:11.819786,2026-07-06T08:08:11.831407+00:00,162.4,46,ask,DiligentDonuts,CostlyCorianders,9296094
2026-07-06T08:08:12.876982,2026-07-06T08:08:12.888872+00:00,162.7,43,bid,CostlyCorianders,EarnestEspressos,9296107
2026-07-06T08:08:13.343260,2026-07-06T08:08:13.352544+00:00,162.3,8,ask,Zhangyue Shen,CostlyCorianders,9296117
2026-07-06T08:08:13.343260,2026-07-06T08:08:13.352544+00:00,162.2,37,ask,EarnestEspressos,CostlyCorianders,9296118
2026-07-06T08:08:14.735425,2026-07-06T08:08:14.747325+00:00,162.2,41,ask,EarnestEspressos,CostlyCorianders,9296139
2026-07-06T08:08:15.377966,2026-07-06T08:08:15.390099+00:00,162.5,8,bid,CostlyCorianders,Zhangyue Shen,9296153
2026-07-06T08:08:15.377966,2026-07-06T08:08:15.390099+00:00,162.6,38,bid,CostlyCorianders,EarnestEspressos,9296154
2026-07-06T08:08:15.902473,2026-07-06T08:08:15.914082+00:00,162.2,45,ask,DiligentDonuts,CostlyCorianders,9296159
2026-07-06T08:08:15.983155,2026-07-06T08:08:15.995067+00:00,162.6,50,bid,FlawlessFlatbreads,EarnestEspressos,9296160
2026-07-06T08:08:18.163800,2026-07-06T08:08:18.170711+00:00,162.3,50,ask,EarnestEspressos,FlawlessFlatbreads,9296187
2026-07-06T08:08:19.375594,2026-07-06T08:08:19.384958+00:00,162.3,3,ask,EarnestEspressos,Xuanyu Liu,9296201
2026-07-06T08:08:19.768150,2026-07-06T08:08:19.776874+00:00,162.3,97,ask,EarnestEspressos,DiligentDonuts,9296206
2026-07-06T08:08:19.889732,2026-07-06T08:08:19.900880+00:00,162.2,3,bid,Xuanyu Liu,DiligentDonuts,9296213
2026-07-06T08:08:19.936183,2026-07-06T08:08:19.946738+00:00,162.4,8,bid,CostlyCorianders,Zhangyue Shen,9296216
2026-07-06T08:08:19.936183,2026-07-06T08:08:19.946738+00:00,162.8,32,bid,CostlyCorianders,EarnestEspressos,9296217
2026-07-06T08:08:20.271127,2026-07-06T08:08:20.283416+00:00,161.9,8,ask,Zhangyue Shen,FlawlessFlatbreads,9296224
2026-07-06T08:08:20.271127,2026-07-06T08:08:20.283416+00:00,161.7,42,ask,DiligentDonuts,FlawlessFlatbreads,9296225
2026-07-06T08:08:22.390228,2026-07-06T08:08:22.405723+00:00,161.9,8,ask,Zhangyue Shen,FlawlessFlatbreads,9296256
2026-07-06T08:08:23.585445,2026-07-06T08:08:23.594628+00:00,162.2,8,bid,CostlyCorianders,Zhangyue Shen,9296275
2026-07-06T08:08:24.121008,2026-07-06T08:08:24.133002+00:00,161.9,46,ask,DiligentDonuts,CostlyCorianders,9296282
2026-07-06T08:08:24.364552,2026-07-06T08:08:24.378338+00:00,161.9,54,ask,DiligentDonuts,EarnestEspressos,9296286
2026-07-06T08:08:24.496494,2026-07-06T08:08:24.508830+00:00,161.7,8,ask,Zhangyue Shen,FlawlessFlatbreads,9296294
2026-07-06T08:08:24.496494,2026-07-06T08:08:24.508830+00:00,161.3,42,ask,EarnestEspressos,FlawlessFlatbreads,9296295
2026-07-06T08:08:25.526222,2026-07-06T08:08:25.532985+00:00,161.8,46,bid,CostlyCorianders,EarnestEspressos,9296314
2026-07-06T08:08:25.896266,2026-07-06T08:08:25.905406+00:00,161.8,11,bid,Xuanyu Liu,EarnestEspressos,9296318
2026-07-06T08:08:27.474391,2026-07-06T08:08:27.486121+00:00,161.9,100,bid,EarnestEspressos,DiligentDonuts,9296338
2026-07-06T08:08:28.130394,2026-07-06T08:08:28.142254+00:00,162.2,8,bid,CostlyCorianders,Zhangyue Shen,9296347
2026-07-06T08:08:28.130394,2026-07-06T08:08:28.142254+00:00,162.4,36,bid,CostlyCorianders,EarnestEspressos,9296348
2026-07-06T08:08:28.734046,2026-07-06T08:08:28.741982+00:00,161.9,50,ask,EarnestEspressos,FlawlessFlatbreads,9296362
2026-07-06T08:08:29.042466,2026-07-06T08:08:29.051928+00:00,161.9,8,ask,Zhangyue Shen,Xuanyu Liu,9296365
2026-07-06T08:08:30.841259,2026-07-06T08:08:30.853718+00:00,161.6,8,ask,Zhangyue Shen,FlawlessFlatbreads,9296394
2026-07-06T08:08:30.841259,2026-07-06T08:08:30.853718+00:00,161.5,42,ask,DiligentDonuts,FlawlessFlatbreads,9296395
2026-07-06T08:08:31.592303,2026-07-06T08:08:31.604865+00:00,161.5,49,ask,DiligentDonuts,CostlyCorianders,9296405
2026-07-06T08:08:33.159775,2026-07-06T08:08:33.168854+00:00,161.8,8,bid,Xuanyu Liu,EarnestEspressos,9296419
2026-07-06T08:08:33.614526,2026-07-06T08:08:33.624279+00:00,161.8,42,bid,CostlyCorianders,EarnestEspressos,9296422
2026-07-06T08:08:35.005548,2026-07-06T08:08:35.017666+00:00,161.8,50,bid,FlawlessFlatbreads,DiligentDonuts,9296447
2026-07-06T08:08:37.015406,2026-07-06T08:08:37.024577+00:00,161.7,8,ask,Zhangyue Shen,EarnestEspressos,9296476
2026-07-06T08:08:37.113705,2026-07-06T08:08:37.125321+00:00,161.7,50,bid,FlawlessFlatbreads,EarnestEspressos,9296478
2026-07-06T08:08:37.628097,2026-07-06T08:08:37.640083+00:00,161.7,43,bid,CostlyCorianders,EarnestEspressos,9296482
2026-07-06T08:08:39.220863,2026-07-06T08:08:39.232849+00:00,161.7,49,bid,FlawlessFlatbreads,EarnestEspressos,9296509
2026-07-06T08:08:39.220863,2026-07-06T08:08:39.232849+00:00,161.8,1,bid,FlawlessFlatbreads,Zhangyue Shen,9296510
2026-07-06T08:08:40.123908,2026-07-06T08:08:40.146327+00:00,161.8,7,bid,EarnestEspressos,Zhangyue Shen,9296523
2026-07-06T08:08:40.136755,2026-07-06T08:08:40.146327+00:00,161.8,14,ask,EarnestEspressos,Xuanyu Liu,9296524
2026-07-06T08:08:41.328660,2026-07-06T08:08:41.340554+00:00,161.9,8,bid,FlawlessFlatbreads,Zhangyue Shen,9296544
2026-07-06T08:08:41.328660,2026-07-06T08:08:41.340554+00:00,162.0,42,bid,FlawlessFlatbreads,DiligentDonuts,9296545
2026-07-06T08:08:41.904714,2026-07-06T08:08:41.914366+00:00,161.8,100,ask,EarnestEspressos,DiligentDonuts,9296557
2026-07-06T08:08:42.554673,2026-07-06T08:08:42.558597+00:00,161.8,8,ask,EarnestEspressos,Zhangyue Shen,9296564
2026-07-06T08:08:43.436553,2026-07-06T08:08:43.447163+00:00,161.5,8,ask,Zhangyue Shen,CostlyCorianders,9296577
2026-07-06T08:08:43.436553,2026-07-06T08:08:43.447163+00:00,161.3,40,ask,DiligentDonuts,CostlyCorianders,9296578
2026-07-06T08:08:43.441839,2026-07-06T08:08:43.452660+00:00,161.6,50,bid,FlawlessFlatbreads,EarnestEspressos,9296579
2026-07-06T08:08:45.147799,2026-07-06T08:08:45.154551+00:00,161.4,8,ask,Zhangyue Shen,CostlyCorianders,9296604
2026-07-06T08:08:45.147799,2026-07-06T08:08:45.154551+00:00,161.3,32,ask,DiligentDonuts,CostlyCorianders,9296605
2026-07-06T08:08:45.757156,2026-07-06T08:08:45.768906+00:00,161.4,8,ask,Zhangyue Shen,CostlyCorianders,9296610
2026-07-06T08:08:46.298889,2026-07-06T08:08:46.307204+00:00,161.6,48,bid,CostlyCorianders,EarnestEspressos,9296620
2026-07-06T08:08:47.701591,2026-07-06T08:08:47.713402+00:00,161.6,50,ask,EarnestEspressos,FlawlessFlatbreads,9296636
2026-07-06T08:08:47.838477,2026-07-06T08:08:47.858578+00:00,161.6,40,ask,EarnestEspressos,CostlyCorianders,9296637
2026-07-06T08:08:49.808596,2026-07-06T08:08:49.820720+00:00,161.4,8,ask,Zhangyue Shen,FlawlessFlatbreads,9296666
2026-07-06T08:08:49.808596,2026-07-06T08:08:49.820720+00:00,161.2,42,ask,DiligentDonuts,FlawlessFlatbreads,9296667
2026-07-06T08:08:50.069061,2026-07-06T08:08:50.077459+00:00,161.6,44,bid,CostlyCorianders,EarnestEspressos,9296671
2026-07-06T08:08:51.220931,2026-07-06T08:08:51.232910+00:00,161.3,8,ask,Zhangyue Shen,CostlyCorianders,9296683
2026-07-06T08:08:51.220931,2026-07-06T08:08:51.232910+00:00,161.2,36,ask,DiligentDonuts,CostlyCorianders,9296684
2026-07-06T08:08:51.403929,2026-07-06T08:08:51.413488+00:00,161.4,14,bid,Xuanyu Liu,DiligentDonuts,9296688
2026-07-06T08:08:51.918359,2026-07-06T08:08:51.930424+00:00,161.2,8,ask,Zhangyue Shen,FlawlessFlatbreads,9296704
2026-07-06T08:08:51.918359,2026-07-06T08:08:51.930424+00:00,161.1,42,ask,EarnestEspressos,FlawlessFlatbreads,9296705
2026-07-06T08:08:52.736689,2026-07-06T08:08:52.748612+00:00,161.4,3,bid,Zhangyue Shen,DiligentDonuts,9296718
2026-07-06T08:08:53.015083,2026-07-06T08:08:53.024551+00:00,161.4,8,bid,Zhangyue Shen,DiligentDonuts,9296721
2026-07-06T08:08:53.215093,2026-07-06T08:08:53.221440+00:00,161.4,48,bid,CostlyCorianders,DiligentDonuts,9296727
2026-07-06T08:08:54.028435,2026-07-06T08:08:54.040221+00:00,161.3,50,ask,EarnestEspressos,FlawlessFlatbreads,9296737
2026-07-06T08:08:54.332478,2026-07-06T08:08:54.344612+00:00,161.4,27,bid,CostlyCorianders,DiligentDonuts,9296740
2026-07-06T08:08:54.332478,2026-07-06T08:08:54.344612+00:00,161.6,8,bid,CostlyCorianders,Zhangyue Shen,9296741
2026-07-06T08:08:55.694072,2026-07-06T08:08:55.702517+00:00,161.4,11,ask,DiligentDonuts,Xuanyu Liu,9296763
2026-07-06T08:08:55.989182,2026-07-06T08:08:55.999449+00:00,161.4,89,ask,DiligentDonuts,EarnestEspressos,9296767
2026-07-06T08:08:55.989182,2026-07-06T08:08:55.999449+00:00,161.3,8,ask,Zhangyue Shen,EarnestEspressos,9296768
2026-07-06T08:08:56.135095,2026-07-06T08:08:56.147241+00:00,160.9,8,ask,Zhangyue Shen,FlawlessFlatbreads,9296772
2026-07-06T08:08:56.135095,2026-07-06T08:08:56.147241+00:00,160.8,42,ask,EarnestEspressos,FlawlessFlatbreads,9296773
2026-07-06T08:08:57.366080,2026-07-06T08:08:57.374752+00:00,161.3,11,bid,Xuanyu Liu,EarnestEspressos,9296786
2026-07-06T08:08:58.004575,2026-07-06T08:08:58.016530+00:00,160.9,8,ask,Zhangyue Shen,FlawlessFlatbreads,9296793
2026-07-06T08:08:58.004575,2026-07-06T08:08:58.016530+00:00,160.8,36,ask,EarnestEspressos,CostlyCorianders,9296794
2026-07-06T08:08:58.244504,2026-07-06T08:08:58.258550+00:00,160.9,8,ask,Zhangyue Shen,CostlyCorianders,9296798
2026-07-06T08:08:58.244504,2026-07-06T08:08:58.258550+00:00,160.8,42,ask,EarnestEspressos,FlawlessFlatbreads,9296799
2026-07-06T08:08:59.663383,2026-07-06T08:08:59.675076+00:00,161.0,48,bid,CostlyCorianders,EarnestEspressos,9296819
2026-07-06T08:09:00.353263,2026-07-06T08:09:00.365160+00:00,160.8,50,ask,DiligentDonuts,FlawlessFlatbreads,9296827
2026-07-06T08:09:00.732804,2026-07-06T08:09:00.744958+00:00,160.8,40,ask,DiligentDonuts,CostlyCorianders,9296834
2026-07-06T08:09:00.887275,2026-07-06T08:09:00.897093+00:00,160.9,12,bid,Xuanyu Liu,DiligentDonuts,9296835
2026-07-06T08:09:01.321424,2026-07-06T08:09:01.333524+00:00,160.9,43,bid,CostlyCorianders,DiligentDonuts,9296843
2026-07-06T08:09:01.933165,2026-07-06T08:09:01.942839+00:00,160.8,5,ask,Zhangyue Shen,Xuanyu Liu,9296858
2026-07-06T08:09:02.462226,2026-07-06T08:09:02.474633+00:00,160.5,50,ask,EarnestEspressos,FlawlessFlatbreads,9296868
2026-07-06T08:09:02.885664,2026-07-06T08:09:02.898049+00:00,160.5,48,ask,EarnestEspressos,CostlyCorianders,9296870
2026-07-06T08:09:03.486357,2026-07-06T08:09:03.498130+00:00,160.9,45,bid,CostlyCorianders,DiligentDonuts,9296878
2026-07-06T08:09:03.556546,2026-07-06T08:09:03.564523+00:00,160.5,48,ask,EarnestEspressos,CostlyCorianders,9296879
2026-07-06T08:09:04.572698,2026-07-06T08:09:04.584698+00:00,160.5,4,ask,EarnestEspressos,FlawlessFlatbreads,9296892
2026-07-06T08:09:04.572698,2026-07-06T08:09:04.584698+00:00,160.5,46,ask,DiligentDonuts,FlawlessFlatbreads,9296893
2026-07-06T08:09:05.486348,2026-07-06T08:09:05.497212+00:00,160.5,54,ask,DiligentDonuts,EarnestEspressos,9296904
2026-07-06T08:09:05.503440,2026-07-06T08:09:05.512701+00:00,160.5,16,bid,Xuanyu Liu,EarnestEspressos,9296906
2026-07-06T08:09:05.829353,2026-07-06T08:09:05.840629+00:00,160.5,12,bid,Xuanyu Liu,EarnestEspressos,9296911
2026-07-06T08:09:06.690557,2026-07-06T08:09:06.699851+00:00,160.0,50,ask,EarnestEspressos,FlawlessFlatbreads,9296925
2026-07-06T08:09:07.098997,2026-07-06T08:09:07.109922+00:00,160.5,48,bid,CostlyCorianders,EarnestEspressos,9296929
2026-07-06T08:09:08.094638,2026-07-06T08:09:08.106732+00:00,160.2,41,ask,DiligentDonuts,CostlyCorianders,9296940
2026-07-06T08:09:10.538228,2026-07-06T08:09:10.558855+00:00,160.4,43,ask,EarnestEspressos,CostlyCorianders,9296973
2026-07-06T08:09:12.962189,2026-07-06T08:09:12.973909+00:00,160.5,50,bid,FlawlessFlatbreads,DiligentDonuts,9297009
2026-07-06T08:09:15.069662,2026-07-06T08:09:15.079657+00:00,160.2,50,bid,FlawlessFlatbreads,EarnestEspressos,9297030
2026-07-06T08:09:17.176019,2026-07-06T08:09:17.187911+00:00,160.2,50,bid,FlawlessFlatbreads,EarnestEspressos,9297047
2026-07-06T08:09:17.396588,2026-07-06T08:09:17.408708+00:00,160.2,40,bid,CostlyCorianders,EarnestEspressos,9297050
2026-07-06T08:09:18.119676,2026-07-06T08:09:18.128436+00:00,160.2,12,ask,EarnestEspressos,Xuanyu Liu,9297056
2026-07-06T08:09:19.860422,2026-07-06T08:09:19.867876+00:00,160.2,100,ask,EarnestEspressos,DiligentDonuts,9297074
2026-07-06T08:09:21.464676,2026-07-06T08:09:21.476550+00:00,160.4,50,ask,EarnestEspressos,FlawlessFlatbreads,9297097
2026-07-06T08:09:21.550042,2026-07-06T08:09:21.559774+00:00,160.4,11,ask,EarnestEspressos,Xuanyu Liu,9297100
2026-07-06T08:09:22.030360,2026-07-06T08:09:22.042221+00:00,160.4,47,ask,EarnestEspressos,CostlyCorianders,9297104
2026-07-06T08:09:23.582734,2026-07-06T08:09:23.590254+00:00,160.4,42,ask,EarnestEspressos,FlawlessFlatbreads,9297121
2026-07-06T08:09:23.582734,2026-07-06T08:09:23.595754+00:00,160.3,8,ask,DiligentDonuts,FlawlessFlatbreads,9297122
2026-07-06T08:09:24.486247,2026-07-06T08:09:24.505659+00:00,160.3,92,ask,DiligentDonuts,EarnestEspressos,9297132
2026-07-06T08:09:24.496741,2026-07-06T08:09:24.505659+00:00,160.0,57,bid,Xuanyu Liu,EarnestEspressos,9297133
2026-07-06T08:09:24.599778,2026-07-06T08:09:24.611713+00:00,160.0,1,bid,CostlyCorianders,EarnestEspressos,9297135
2026-07-06T08:09:24.599778,2026-07-06T08:09:24.611713+00:00,160.8,46,bid,CostlyCorianders,DiligentDonuts,9297136
2026-07-06T08:09:26.150469,2026-07-06T08:09:26.161113+00:00,160.2,12,ask,DiligentDonuts,Xuanyu Liu,9297155
2026-07-06T08:09:26.928272,2026-07-06T08:09:26.936418+00:00,160.7,46,bid,CostlyCorianders,DiligentDonuts,9297170
2026-07-06T08:09:27.586250,2026-07-06T08:09:27.596288+00:00,160.2,11,ask,DiligentDonuts,Xuanyu Liu,9297180
2026-07-06T08:09:27.746723,2026-07-06T08:09:27.754081+00:00,160.6,50,bid,FlawlessFlatbreads,EarnestEspressos,9297184
2026-07-06T08:09:29.156979,2026-07-06T08:09:29.168926+00:00,160.2,41,ask,DiligentDonuts,CostlyCorianders,9297201
2026-07-06T08:09:29.903447,2026-07-06T08:09:29.913255+00:00,160.1,50,ask,EarnestEspressos,FlawlessFlatbreads,9297211
2026-07-06T08:09:32.016020,2026-07-06T08:09:32.026017+00:00,160.2,50,ask,EarnestEspressos,FlawlessFlatbreads,9297245
2026-07-06T08:09:32.256389,2026-07-06T08:09:32.268492+00:00,160.6,49,bid,CostlyCorianders,DiligentDonuts,9297249
2026-07-06T08:09:34.070922,2026-07-06T08:09:34.080747+00:00,160.4,50,bid,FlawlessFlatbreads,EarnestEspressos,9297277
2026-07-06T08:09:36.184615,2026-07-06T08:09:36.191971+00:00,160.4,50,bid,FlawlessFlatbreads,EarnestEspressos,9297304
2026-07-06T08:09:36.273282,2026-07-06T08:09:36.284954+00:00,160.3,47,ask,DiligentDonuts,CostlyCorianders,9297307
2026-07-06T08:09:38.326296,2026-07-06T08:09:38.334218+00:00,160.8,50,bid,FlawlessFlatbreads,DiligentDonuts,9297327
2026-07-06T08:09:38.389536,2026-07-06T08:09:38.401362+00:00,160.8,42,bid,CostlyCorianders,DiligentDonuts,9297328
2026-07-06T08:09:38.481934,2026-07-06T08:09:38.490397+00:00,160.4,11,ask,EarnestEspressos,Xuanyu Liu,9297330
2026-07-06T08:09:39.394479,2026-07-06T08:09:39.406430+00:00,160.4,40,ask,EarnestEspressos,CostlyCorianders,9297346
2026-07-06T08:09:41.975991,2026-07-06T08:09:41.987768+00:00,160.8,100,bid,DiligentDonuts,EarnestEspressos,9297384
2026-07-06T08:09:42.541456,2026-07-06T08:09:42.558590+00:00,160.8,50,bid,FlawlessFlatbreads,EarnestEspressos,9297394
2026-07-06T08:09:43.438827,2026-07-06T08:09:43.447576+00:00,161.1,23,ask,EarnestEspressos,Xuanyu Liu,9297403
2026-07-06T08:09:44.650431,2026-07-06T08:09:44.658593+00:00,161.4,50,bid,FlawlessFlatbreads,DiligentDonuts,9297428
2026-07-06T08:09:46.601868,2026-07-06T08:09:46.611302+00:00,161.5,8,bid,EarnestEspressos,Zhangyue Shen,9297445
2026-07-06T08:09:46.601868,2026-07-06T08:09:46.611302+00:00,161.5,100,bid,EarnestEspressos,DiligentDonuts,9297446
2026-07-06T08:09:46.609615,2026-07-06T08:09:46.616467+00:00,161.7,8,ask,EarnestEspressos,Zhangyue Shen,9297447
2026-07-06T08:09:46.787523,2026-07-06T08:09:46.798624+00:00,162.2,50,bid,FlawlessFlatbreads,EarnestEspressos,9297453
2026-07-06T08:09:46.942854,2026-07-06T08:09:46.953632+00:00,161.7,26,ask,EarnestEspressos,Xuanyu Liu,9297456
2026-07-06T08:09:49.826389,2026-07-06T08:09:49.835598+00:00,161.5,3,bid,Xuanyu Liu,EarnestEspressos,9297504
2026-07-06T08:09:49.889455,2026-07-06T08:09:49.901351+00:00,161.5,40,bid,CostlyCorianders,EarnestEspressos,9297507
2026-07-06T08:09:50.905049,2026-07-06T08:09:50.916952+00:00,161.4,48,ask,DiligentDonuts,CostlyCorianders,9297524
2026-07-06T08:09:51.055265,2026-07-06T08:09:51.057469+00:00,161.4,50,ask,DiligentDonuts,FlawlessFlatbreads,9297526
2026-07-06T08:09:51.392184,2026-07-06T08:09:51.402415+00:00,161.5,43,bid,CostlyCorianders,EarnestEspressos,9297535
2026-07-06T08:09:53.117192,2026-07-06T08:09:53.126424+00:00,161.7,8,bid,FlawlessFlatbreads,Zhangyue Shen,9297552
2026-07-06T08:09:53.117192,2026-07-06T08:09:53.126424+00:00,161.7,42,bid,FlawlessFlatbreads,DiligentDonuts,9297553
2026-07-06T08:09:55.279305,2026-07-06T08:09:55.290974+00:00,161.6,50,ask,DiligentDonuts,FlawlessFlatbreads,9297588
2026-07-06T08:09:55.675221,2026-07-06T08:09:55.685527+00:00,161.6,3,ask,DiligentDonuts,Xuanyu Liu,9297596
2026-07-06T08:09:56.267131,2026-07-06T08:09:56.274511+00:00,161.6,8,ask,DiligentDonuts,Zhangyue Shen,9297602
2026-07-06T08:09:57.335194,2026-07-06T08:09:57.347016+00:00,161.7,50,bid,FlawlessFlatbreads,EarnestEspressos,9297622
2026-07-06T08:09:59.261066,2026-07-06T08:09:59.268675+00:00,161.5,100,bid,EarnestEspressos,DiligentDonuts,9297635
2026-07-06T08:10:01.597649,2026-07-06T08:10:01.614073+00:00,161.6,50,ask,DiligentDonuts,FlawlessFlatbreads,9297667
2026-07-06T08:10:02.144230,2026-07-06T08:10:02.156294+00:00,161.6,41,ask,DiligentDonuts,CostlyCorianders,9297676
2026-07-06T08:10:03.097122,2026-07-06T08:10:03.100577+00:00,161.8,43,bid,CostlyCorianders,EarnestEspressos,9297687
2026-07-06T08:10:03.152396,2026-07-06T08:10:03.164344+00:00,161.6,9,ask,DiligentDonuts,CostlyCorianders,9297688
2026-07-06T08:10:03.152396,2026-07-06T08:10:03.164344+00:00,161.6,8,ask,Zhangyue Shen,CostlyCorianders,9297689
2026-07-06T08:10:03.152396,2026-07-06T08:10:03.164344+00:00,161.3,32,ask,EarnestEspressos,CostlyCorianders,9297690
2026-07-06T08:10:03.905653,2026-07-06T08:10:03.915180+00:00,161.8,3,bid,Xuanyu Liu,EarnestEspressos,9297699
2026-07-06T08:10:05.813018,2026-07-06T08:10:05.824819+00:00,161.6,8,ask,Zhangyue Shen,FlawlessFlatbreads,9297721
2026-07-06T08:10:05.813018,2026-07-06T08:10:05.824819+00:00,161.6,42,ask,EarnestEspressos,FlawlessFlatbreads,9297722
2026-07-06T08:10:07.158579,2026-07-06T08:10:07.170641+00:00,161.7,8,ask,Zhangyue Shen,CostlyCorianders,9297743
2026-07-06T08:10:07.158579,2026-07-06T08:10:07.170641+00:00,161.6,40,ask,EarnestEspressos,CostlyCorianders,9297744
2026-07-06T08:10:07.741748,2026-07-06T08:10:07.750286+00:00,162.0,8,bid,CostlyCorianders,Zhangyue Shen,9297759
2026-07-06T08:10:07.741748,2026-07-06T08:10:07.758536+00:00,162.0,34,bid,CostlyCorianders,DiligentDonuts,9297760
2026-07-06T08:10:07.923428,2026-07-06T08:10:07.931639+00:00,161.6,50,ask,EarnestEspressos,FlawlessFlatbreads,9297764
2026-07-06T08:10:08.806788,2026-07-06T08:10:08.814938+00:00,161.5,100,ask,DiligentDonuts,EarnestEspressos,9297772
2026-07-06T08:10:08.821269,2026-07-06T08:10:08.831706+00:00,161.4,34,bid,Xuanyu Liu,EarnestEspressos,9297773
2026-07-06T08:10:08.841711,2026-07-06T08:10:08.852122+00:00,161.4,16,bid,CostlyCorianders,EarnestEspressos,9297775
2026-07-06T08:10:08.841711,2026-07-06T08:10:08.852122+00:00,162.0,33,bid,CostlyCorianders,DiligentDonuts,9297776
2026-07-06T08:10:09.310679,2026-07-06T08:10:09.317742+00:00,161.0,8,ask,Zhangyue Shen,CostlyCorianders,9297782
2026-07-06T08:10:09.310679,2026-07-06T08:10:09.317742+00:00,160.9,39,ask,EarnestEspressos,CostlyCorianders,9297783
2026-07-06T08:10:12.090769,2026-07-06T08:10:12.101783+00:00,161.9,50,bid,FlawlessFlatbreads,DiligentDonuts,9297810
2026-07-06T08:10:12.347692,2026-07-06T08:10:12.354389+00:00,161.5,8,ask,Zhangyue Shen,CostlyCorianders,9297814
2026-07-06T08:10:12.347692,2026-07-06T08:10:12.354389+00:00,161.5,35,ask,EarnestEspressos,CostlyCorianders,9297815
2026-07-06T08:10:16.308461,2026-07-06T08:10:16.317738+00:00,161.8,50,bid,FlawlessFlatbreads,DiligentDonuts,9297866
2026-07-06T08:10:16.623822,2026-07-06T08:10:16.633768+00:00,161.5,8,ask,Zhangyue Shen,Xuanyu Liu,9297870
2026-07-06T08:10:16.634837,2026-07-06T08:10:16.645861+00:00,161.3,3,ask,DiligentDonuts,Xuanyu Liu,9297872
2026-07-06T08:10:18.414394,2026-07-06T08:10:18.426066+00:00,161.6,50,bid,FlawlessFlatbreads,EarnestEspressos,9297896
2026-07-06T08:10:20.521895,2026-07-06T08:10:20.533693+00:00,161.6,50,bid,FlawlessFlatbreads,EarnestEspressos,9297929
2026-07-06T08:10:22.089927,2026-07-06T08:10:22.098552+00:00,161.8,23,ask,EarnestEspressos,Xuanyu Liu,9297954
2026-07-06T08:10:22.354862,2026-07-06T08:10:22.367010+00:00,161.8,45,ask,EarnestEspressos,CostlyCorianders,9297959
2026-07-06T08:10:22.628832,2026-07-06T08:10:22.637339+00:00,161.9,8,bid,FlawlessFlatbreads,Zhangyue Shen,9297964
2026-07-06T08:10:22.628832,2026-07-06T08:10:22.637339+00:00,162.0,42,bid,FlawlessFlatbreads,DiligentDonuts,9297965
2026-07-06T08:10:24.508324,2026-07-06T08:10:24.525472+00:00,161.8,3,ask,EarnestEspressos,Xuanyu Liu,9297991
2026-07-06T08:10:24.623589,2026-07-06T08:10:24.632811+00:00,161.7,100,ask,DiligentDonuts,EarnestEspressos,9297995
2026-07-06T08:10:25.300325,2026-07-06T08:10:25.309395+00:00,161.7,3,bid,Xuanyu Liu,EarnestEspressos,9298002
2026-07-06T08:10:25.477820,2026-07-06T08:10:25.489797+00:00,161.7,47,bid,CostlyCorianders,EarnestEspressos,9298006
2026-07-06T08:10:25.477820,2026-07-06T08:10:25.489797+00:00,161.8,1,bid,CostlyCorianders,Zhangyue Shen,9298007
2026-07-06T08:10:26.898951,2026-07-06T08:10:26.911116+00:00,161.5,8,ask,Zhangyue Shen,FlawlessFlatbreads,9298023
2026-07-06T08:10:26.898951,2026-07-06T08:10:26.911116+00:00,161.3,42,ask,DiligentDonuts,FlawlessFlatbreads,9298024
2026-07-06T08:10:27.731804,2026-07-06T08:10:27.741620+00:00,161.8,7,bid,EarnestEspressos,Zhangyue Shen,9298037
2026-07-06T08:10:27.731804,2026-07-06T08:10:27.741620+00:00,161.8,100,bid,EarnestEspressos,DiligentDonuts,9298038
2026-07-06T08:10:27.795724,2026-07-06T08:10:27.804484+00:00,161.9,3,ask,EarnestEspressos,Xuanyu Liu,9298039
2026-07-06T08:10:29.010926,2026-07-06T08:10:29.021763+00:00,161.9,40,ask,EarnestEspressos,FlawlessFlatbreads,9298056
2026-07-06T08:10:29.010926,2026-07-06T08:10:29.021763+00:00,161.4,8,ask,Zhangyue Shen,FlawlessFlatbreads,9298057
2026-07-06T08:10:29.010926,2026-07-06T08:10:29.021763+00:00,161.3,2,ask,DiligentDonuts,FlawlessFlatbreads,9298058
2026-07-06T08:10:31.121319,2026-07-06T08:10:31.133079+00:00,161.5,50,ask,DiligentDonuts,FlawlessFlatbreads,9298081
2026-07-06T08:10:31.759583,2026-07-06T08:10:31.768788+00:00,161.7,3,bid,Xuanyu Liu,EarnestEspressos,9298082
2026-07-06T08:10:31.783411,2026-07-06T08:10:31.795160+00:00,161.7,46,bid,CostlyCorianders,EarnestEspressos,9298084
2026-07-06T08:10:32.872338,2026-07-06T08:10:32.884579+00:00,161.7,48,bid,CostlyCorianders,EarnestEspressos,9298103
2026-07-06T08:10:33.230011,2026-07-06T08:10:33.242298+00:00,161.4,50,ask,DiligentDonuts,FlawlessFlatbreads,9298107
2026-07-06T08:10:33.580531,2026-07-06T08:10:33.588066+00:00,161.4,49,ask,DiligentDonuts,CostlyCorianders,9298110
2026-07-06T08:10:34.637048,2026-07-06T08:10:34.649055+00:00,161.7,8,bid,CostlyCorianders,Zhangyue Shen,9298119
2026-07-06T08:10:35.133966,2026-07-06T08:10:35.146454+00:00,161.6,47,ask,EarnestEspressos,CostlyCorianders,9298128
2026-07-06T08:10:35.338244,2026-07-06T08:10:35.350061+00:00,161.6,50,ask,EarnestEspressos,FlawlessFlatbreads,9298129
2026-07-06T08:10:35.629205,2026-07-06T08:10:35.638989+00:00,161.6,40,ask,EarnestEspressos,CostlyCorianders,9298132
2026-07-06T08:10:35.855879,2026-07-06T08:10:35.855890+00:00,161.6,13,ask,EarnestEspressos,DiligentDonuts,9298135
2026-07-06T08:10:35.855879,2026-07-06T08:10:35.882835+00:00,161.5,8,ask,Zhangyue Shen,DiligentDonuts,9298136
2026-07-06T08:10:35.872288,2026-07-06T08:10:35.882835+00:00,161.5,11,bid,Xuanyu Liu,DiligentDonuts,9298137
2026-07-06T08:10:37.464181,2026-07-06T08:10:37.476403+00:00,161.0,50,ask,DiligentDonuts,FlawlessFlatbreads,9298160
2026-07-06T08:10:37.612191,2026-07-06T08:10:37.623332+00:00,161.4,12,bid,Xuanyu Liu,EarnestEspressos,9298164
2026-07-06T08:10:38.152048,2026-07-06T08:10:38.163718+00:00,161.4,47,bid,CostlyCorianders,EarnestEspressos,9298176
2026-07-06T08:10:39.247386,2026-07-06T08:10:39.254729+00:00,161.4,48,bid,CostlyCorianders,EarnestEspressos,9298191
2026-07-06T08:10:39.572030,2026-07-06T08:10:39.580469+00:00,160.9,50,ask,EarnestEspressos,FlawlessFlatbreads,9298194
2026-07-06T08:10:40.223309,2026-07-06T08:10:40.233259+00:00,161.4,11,bid,Xuanyu Liu,EarnestEspressos,9298198
2026-07-06T08:10:40.272774,2026-07-06T08:10:40.284593+00:00,161.4,32,bid,CostlyCorianders,EarnestEspressos,9298201
2026-07-06T08:10:40.272774,2026-07-06T08:10:40.284593+00:00,161.4,15,bid,CostlyCorianders,DiligentDonuts,9298202
2026-07-06T08:10:40.380502,2026-07-06T08:10:40.387204+00:00,161.4,85,bid,EarnestEspressos,DiligentDonuts,9298204
2026-07-06T08:10:41.532243,2026-07-06T08:10:41.541383+00:00,161.5,11,ask,EarnestEspressos,Xuanyu Liu,9298222
2026-07-06T08:10:41.632797,2026-07-06T08:10:41.647024+00:00,161.8,8,bid,FlawlessFlatbreads,Zhangyue Shen,9298226
2026-07-06T08:10:43.740576,2026-07-06T08:10:43.752450+00:00,161.6,50,bid,FlawlessFlatbreads,EarnestEspressos,9298252
2026-07-06T08:10:45.874323,2026-07-06T08:10:45.889633+00:00,161.6,50,bid,FlawlessFlatbreads,EarnestEspressos,9298274
2026-07-06T08:10:46.494297,2026-07-06T08:10:46.504921+00:00,161.6,11,bid,Xuanyu Liu,EarnestEspressos,9298284
2026-07-06T08:10:46.680717,2026-07-06T08:10:46.692724+00:00,161.7,3,bid,Zhangyue Shen,DiligentDonuts,9298286
2026-07-06T08:10:46.705675,2026-07-06T08:10:46.713360+00:00,161.7,97,bid,EarnestEspressos,DiligentDonuts,9298289
2026-07-06T08:10:46.705675,2026-07-06T08:10:46.718609+00:00,162.0,8,bid,EarnestEspressos,Zhangyue Shen,9298290
2026-07-06T08:10:46.795975,2026-07-06T08:10:46.805973+00:00,162.2,37,ask,EarnestEspressos,Xuanyu Liu,9298293
2026-07-06T08:10:47.985292,2026-07-06T08:10:47.996975+00:00,162.6,8,bid,FlawlessFlatbreads,Zhangyue Shen,9298307
2026-07-06T08:10:47.985292,2026-07-06T08:10:47.996975+00:00,162.7,42,bid,FlawlessFlatbreads,EarnestEspressos,9298308
2026-07-06T08:10:49.618314,2026-07-06T08:10:49.627779+00:00,162.2,8,ask,EarnestEspressos,CostlyCorianders,9298328
2026-07-06T08:10:49.618314,2026-07-06T08:10:49.627779+00:00,161.9,36,ask,DiligentDonuts,CostlyCorianders,9298329
2026-07-06T08:10:49.923426,2026-07-06T08:10:49.930165+00:00,161.9,64,ask,DiligentDonuts,EarnestEspressos,9298333
2026-07-06T08:10:49.936614,2026-07-06T08:10:49.945548+00:00,161.9,3,bid,Xuanyu Liu,EarnestEspressos,9298334
2026-07-06T08:10:50.110393,2026-07-06T08:10:50.121321+00:00,161.9,50,bid,FlawlessFlatbreads,EarnestEspressos,9298336
2026-07-06T08:10:50.110567,2026-07-06T08:10:50.121321+00:00,161.9,11,bid,Xuanyu Liu,EarnestEspressos,9298337
2026-07-06T08:10:51.314638,2026-07-06T08:10:51.324182+00:00,161.9,12,bid,Xuanyu Liu,EarnestEspressos,9298359
2026-07-06T08:10:52.217052,2026-07-06T08:10:52.228955+00:00,161.9,10,bid,FlawlessFlatbreads,EarnestEspressos,9298372
2026-07-06T08:10:52.217052,2026-07-06T08:10:52.228955+00:00,162.2,8,bid,FlawlessFlatbreads,Zhangyue Shen,9298373
2026-07-06T08:10:52.217052,2026-07-06T08:10:52.228955+00:00,162.3,32,bid,FlawlessFlatbreads,DiligentDonuts,9298374
2026-07-06T08:10:52.559682,2026-07-06T08:10:52.569274+00:00,161.9,8,ask,Zhangyue Shen,CostlyCorianders,9298387
2026-07-06T08:10:52.559682,2026-07-06T08:10:52.569274+00:00,161.8,35,ask,DiligentDonuts,CostlyCorianders,9298388
2026-07-06T08:10:53.032162,2026-07-06T08:10:53.044230+00:00,162.3,68,bid,EarnestEspressos,DiligentDonuts,9298392
2026-07-06T08:10:53.032162,2026-07-06T08:10:53.044230+00:00,162.3,8,bid,EarnestEspressos,Zhangyue Shen,9298393
2026-07-06T08:10:53.359536,2026-07-06T08:10:53.369064+00:00,162.5,26,ask,EarnestEspressos,Xuanyu Liu,9298403
2026-07-06T08:10:53.850843,2026-07-06T08:10:53.863614+00:00,162.5,3,ask,EarnestEspressos,Zhangyue Shen,9298408
2026-07-06T08:10:54.113918,2026-07-06T08:10:54.120885+00:00,162.5,3,ask,EarnestEspressos,Zhangyue Shen,9298415
2026-07-06T08:10:54.328878,2026-07-06T08:10:54.335880+00:00,162.8,8,bid,FlawlessFlatbreads,Zhangyue Shen,9298418
2026-07-06T08:10:54.328878,2026-07-06T08:10:54.341080+00:00,163.0,42,bid,FlawlessFlatbreads,EarnestEspressos,9298419
2026-07-06T08:10:54.834660,2026-07-06T08:10:54.843877+00:00,162.5,42,ask,EarnestEspressos,DiligentDonuts,9298427
2026-07-06T08:10:56.436086,2026-07-06T08:10:56.447853+00:00,162.1,50,bid,FlawlessFlatbreads,EarnestEspressos,9298443
2026-07-06T08:10:56.956791,2026-07-06T08:10:56.969163+00:00,162.1,42,bid,CostlyCorianders,EarnestEspressos,9298446
2026-07-06T08:10:58.626774,2026-07-06T08:10:58.638834+00:00,161.9,50,ask,DiligentDonuts,FlawlessFlatbreads,9298472
2026-07-06T08:10:59.913627,2026-07-06T08:10:59.922408+00:00,162.1,3,bid,Xuanyu Liu,Zhangyue Shen,9298484
2026-07-06T08:11:00.683326,2026-07-06T08:11:00.695459+00:00,162.3,8,bid,FlawlessFlatbreads,Zhangyue Shen,9298497
2026-07-06T08:11:00.683326,2026-07-06T08:11:00.695459+00:00,162.4,42,bid,FlawlessFlatbreads,DiligentDonuts,9298498
2026-07-06T08:11:02.245827,2026-07-06T08:11:02.257608+00:00,162.1,43,ask,DiligentDonuts,CostlyCorianders,9298515
2026-07-06T08:11:02.828993,2026-07-06T08:11:02.840855+00:00,162.4,8,bid,FlawlessFlatbreads,Zhangyue Shen,9298528
2026-07-06T08:11:02.828993,2026-07-06T08:11:02.840855+00:00,162.6,42,bid,FlawlessFlatbreads,DiligentDonuts,9298529
2026-07-06T08:11:02.829343,2026-07-06T08:11:02.845877+00:00,162.6,45,bid,CostlyCorianders,DiligentDonuts,9298530
2026-07-06T08:11:04.991438,2026-07-06T08:11:05.003223+00:00,162.2,50,ask,EarnestEspressos,FlawlessFlatbreads,9298555
2026-07-06T08:11:05.159573,2026-07-06T08:11:05.169460+00:00,162.2,3,ask,EarnestEspressos,Xuanyu Liu,9298562
2026-07-06T08:11:05.386003,2026-07-06T08:11:05.393677+00:00,162.2,41,ask,EarnestEspressos,CostlyCorianders,9298567
2026-07-06T08:11:05.545998,2026-07-06T08:11:05.550597+00:00,162.2,8,ask,EarnestEspressos,Zhangyue Shen,9298569
2026-07-06T08:11:05.750590,2026-07-06T08:11:05.757076+00:00,162.1,100,ask,DiligentDonuts,EarnestEspressos,9298574
2026-07-06T08:11:05.993559,2026-07-06T08:11:06.006390+00:00,161.9,45,bid,CostlyCorianders,EarnestEspressos,9298580
2026-07-06T08:11:06.456533,2026-07-06T08:11:06.465656+00:00,161.9,3,bid,Xuanyu Liu,EarnestEspressos,9298584
2026-07-06T08:11:07.034303,2026-07-06T08:11:07.046316+00:00,161.8,8,ask,Zhangyue Shen,CostlyCorianders,9298591
2026-07-06T08:11:07.034303,2026-07-06T08:11:07.058606+00:00,161.4,36,ask,EarnestEspressos,CostlyCorianders,9298592
2026-07-06T08:11:07.082318,2026-07-06T08:11:07.095016+00:00,161.9,2,bid,FlawlessFlatbreads,EarnestEspressos,9298593
2026-07-06T08:11:07.082318,2026-07-06T08:11:07.100035+00:00,162.2,8,bid,FlawlessFlatbreads,Zhangyue Shen,9298594
2026-07-06T08:11:07.082318,2026-07-06T08:11:07.100035+00:00,162.6,40,bid,FlawlessFlatbreads,DiligentDonuts,9298595
2026-07-06T08:11:07.610660,2026-07-06T08:11:07.617804+00:00,161.9,44,ask,DiligentDonuts,CostlyCorianders,9298609
2026-07-06T08:11:09.251876,2026-07-06T08:11:09.258578+00:00,162.1,50,ask,EarnestEspressos,FlawlessFlatbreads,9298629
2026-07-06T08:11:10.174880,2026-07-06T08:11:10.186873+00:00,162.3,8,bid,CostlyCorianders,Zhangyue Shen,9298646
2026-07-06T08:11:10.174880,2026-07-06T08:11:10.186873+00:00,162.4,33,bid,CostlyCorianders,DiligentDonuts,9298647
2026-07-06T08:11:11.358268,2026-07-06T08:11:11.369782+00:00,162.1,50,ask,EarnestEspressos,FlawlessFlatbreads,9298661
2026-07-06T08:11:13.269603,2026-07-06T08:11:13.281645+00:00,161.9,8,ask,Zhangyue Shen,CostlyCorianders,9298682
2026-07-06T08:11:13.269603,2026-07-06T08:11:13.281645+00:00,161.8,33,ask,DiligentDonuts,CostlyCorianders,9298683
2026-07-06T08:11:13.465541,2026-07-06T08:11:13.477554+00:00,161.8,50,ask,DiligentDonuts,FlawlessFlatbreads,9298684
2026-07-06T08:11:15.581180,2026-07-06T08:11:15.592975+00:00,161.7,8,ask,Zhangyue Shen,FlawlessFlatbreads,9298712
2026-07-06T08:11:15.581180,2026-07-06T08:11:15.592975+00:00,161.7,42,ask,EarnestEspressos,FlawlessFlatbreads,9298713
2026-07-06T08:11:15.924960,2026-07-06T08:11:15.936925+00:00,162.1,43,bid,CostlyCorianders,DiligentDonuts,9298718
2026-07-06T08:11:17.692059,2026-07-06T08:11:17.703728+00:00,161.7,50,ask,EarnestEspressos,FlawlessFlatbreads,9298739
2026-07-06T08:11:18.411805,2026-07-06T08:11:18.423584+00:00,162.2,8,bid,CostlyCorianders,Zhangyue Shen,9298742
2026-07-06T08:11:18.411805,2026-07-06T08:11:18.423584+00:00,162.2,35,bid,CostlyCorianders,DiligentDonuts,9298743
2026-07-06T08:11:18.428915,2026-07-06T08:11:18.464142+00:00,161.7,100,ask,DiligentDonuts,EarnestEspressos,9298744
2026-07-06T08:11:18.451010,2026-07-06T08:11:18.464142+00:00,161.6,34,bid,Xuanyu Liu,EarnestEspressos,9298745
2026-07-06T08:11:19.822054,2026-07-06T08:11:19.834103+00:00,161.2,8,ask,Zhangyue Shen,FlawlessFlatbreads,9298769
2026-07-06T08:11:19.822054,2026-07-06T08:11:19.834103+00:00,161.1,42,ask,EarnestEspressos,FlawlessFlatbreads,9298770
2026-07-06T08:11:21.928866,2026-07-06T08:11:21.936247+00:00,161.7,8,ask,Zhangyue Shen,FlawlessFlatbreads,9298802
2026-07-06T08:11:21.928866,2026-07-06T08:11:21.941777+00:00,161.6,42,ask,EarnestEspressos,FlawlessFlatbreads,9298803
2026-07-06T08:11:23.648606,2026-07-06T08:11:23.663615+00:00,161.7,8,ask,Zhangyue Shen,CostlyCorianders,9298828
