timestamp,recv_time,price,volume,aggressor_side,buyer,seller,trade_id
2026-07-07T17:00:00.207082,2026-07-07T17:00:00.148677+00:00,141.6,50,bid,,,11105816
2026-07-07T17:00:00.222248,2026-07-07T17:00:00.148677+00:00,141.6,41,bid,,,11105817
2026-07-07T17:00:00.282542,2026-07-07T17:00:00.281603+00:00,141.2,41,ask,,,11105818
2026-07-07T17:00:00.619677,2026-07-07T17:00:00.628787+00:00,141.6,34,ask,,,11105823
2026-07-07T17:00:01.325612,2026-07-07T17:00:01.285193+00:00,141.6,100,ask,,,11105829
2026-07-07T17:00:01.758989,2026-07-07T17:00:01.770739+00:00,141.6,16,ask,,,11105833
2026-07-07T17:00:02.391709,2026-07-07T17:00:02.403659+00:00,141.0,50,ask,,,11105839
2026-07-07T17:00:04.500373,2026-07-07T17:00:04.510631+00:00,141.2,50,ask,,,11105863
2026-07-07T17:00:06.616115,2026-07-07T17:00:06.640184+00:00,141.2,50,ask,,,11105892
2026-07-07T17:00:08.673310,2026-07-07T17:00:08.685133+00:00,141.5,50,bid,,,11105919
2026-07-07T17:00:09.435798,2026-07-07T17:00:09.442315+00:00,141.5,43,bid,,,11105922
2026-07-07T17:00:09.535666,2026-07-07T17:00:09.546103+00:00,141.5,7,bid,,,11105925
2026-07-07T17:00:09.547147,2026-07-07T17:00:09.555972+00:00,141.6,4,bid,,,11105927
2026-07-07T17:00:10.806951,2026-07-07T17:00:10.818049+00:00,141.9,50,bid,,,11105945
2026-07-07T17:00:10.963326,2026-07-07T17:00:10.975015+00:00,141.6,40,ask,,,11105948
2026-07-07T17:00:11.543262,2026-07-07T17:00:11.549988+00:00,141.6,42,ask,,,11105962
2026-07-07T17:00:12.115426,2026-07-07T17:00:12.127518+00:00,141.9,49,bid,,,11105967
2026-07-07T17:00:12.159434,2026-07-07T17:00:12.168991+00:00,141.6,11,ask,,,11105969
2026-07-07T17:00:15.178857,2026-07-07T17:00:15.189304+00:00,141.7,47,bid,,,11106009
2026-07-07T17:00:15.748937,2026-07-07T17:00:15.760502+00:00,141.5,44,ask,,,11106022
2026-07-07T17:00:16.816135,2026-07-07T17:00:16.823767+00:00,141.3,43,ask,,,11106030
2026-07-07T17:00:19.516959,2026-07-07T17:00:19.523894+00:00,141.6,40,bid,,,11106060
2026-07-07T17:00:20.981664,2026-07-07T17:00:20.993483+00:00,141.7,46,bid,,,11106081
2026-07-07T17:00:21.388833,2026-07-07T17:00:21.395793+00:00,141.3,50,ask,,,11106084
2026-07-07T17:00:21.490116,2026-07-07T17:00:21.497398+00:00,141.7,42,bid,,,11106085
2026-07-07T17:00:23.048864,2026-07-07T17:00:23.056020+00:00,141.6,44,ask,,,11106105
2026-07-07T17:00:23.444297,2026-07-07T17:00:23.456103+00:00,142.1,50,bid,,,11106110
2026-07-07T17:00:23.587039,2026-07-07T17:00:23.598562+00:00,141.6,42,ask,,,11106113
2026-07-07T17:00:23.959558,2026-07-07T17:00:23.972834+00:00,141.6,12,ask,,,11106124
2026-07-07T17:00:25.603578,2026-07-07T17:00:25.615054+00:00,141.6,50,ask,,,11106152
2026-07-07T17:00:27.711643,2026-07-07T17:00:27.723333+00:00,141.2,50,ask,,,11106183
2026-07-07T17:00:29.159689,2026-07-07T17:00:29.170134+00:00,141.4,12,bid,,,11106207
2026-07-07T17:00:29.213034,2026-07-07T17:00:29.223278+00:00,141.4,11,bid,,,11106210
2026-07-07T17:00:29.767749,2026-07-07T17:00:29.779474+00:00,141.4,50,bid,,,11106217
2026-07-07T17:00:30.413090,2026-07-07T17:00:30.422125+00:00,141.4,11,bid,,,11106224
2026-07-07T17:00:30.990789,2026-07-07T17:00:30.997759+00:00,141.2,47,ask,,,11106243
2026-07-07T17:00:31.874833,2026-07-07T17:00:31.886558+00:00,141.4,50,bid,,,11106248
2026-07-07T17:00:32.267226,2026-07-07T17:00:32.276719+00:00,141.6,11,ask,,,11106254
2026-07-07T17:00:32.968861,2026-07-07T17:00:32.980879+00:00,141.6,100,ask,,,11106260
2026-07-07T17:00:33.982276,2026-07-07T17:00:33.994096+00:00,142.1,50,bid,,,11106272
2026-07-07T17:00:34.060071,2026-07-07T17:00:34.069128+00:00,141.6,11,ask,,,11106275
2026-07-07T17:00:36.095908,2026-07-07T17:00:36.107319+00:00,141.6,50,bid,,,11106302
2026-07-07T17:00:38.208912,2026-07-07T17:00:38.218682+00:00,141.6,50,bid,,,11106336
2026-07-07T17:00:39.385540,2026-07-07T17:00:39.397007+00:00,141.6,44,bid,,,11106359
2026-07-07T17:00:40.315161,2026-07-07T17:00:40.327068+00:00,141.6,50,bid,,,11106373
2026-07-07T17:00:42.390334,2026-07-07T17:00:42.397796+00:00,141.5,40,ask,,,11106390
2026-07-07T17:00:42.422900,2026-07-07T17:00:42.432989+00:00,142.0,50,bid,,,11106391
2026-07-07T17:00:44.533077,2026-07-07T17:00:44.558636+00:00,142.0,50,bid,,,11106420
2026-07-07T17:00:44.926926,2026-07-07T17:00:44.944082+00:00,141.8,23,ask,,,11106423
2026-07-07T17:00:44.960635,2026-07-07T17:00:44.971297+00:00,141.8,12,ask,,,11106426
2026-07-07T17:00:45.756831,2026-07-07T17:00:45.768499+00:00,141.9,46,bid,,,11106435
2026-07-07T17:00:46.640435,2026-07-07T17:00:46.652004+00:00,141.9,50,bid,,,11106446
2026-07-07T17:00:47.333708,2026-07-07T17:00:47.345793+00:00,141.9,4,bid,,,11106451
2026-07-07T17:00:47.390290,2026-07-07T17:00:47.402200+00:00,141.8,41,ask,,,11106453
2026-07-07T17:00:48.797039,2026-07-07T17:00:48.808981+00:00,141.9,50,ask,,,11106474
2026-07-07T17:00:48.884160,2026-07-07T17:00:48.895734+00:00,141.9,11,ask,,,11106475
2026-07-07T17:00:50.853875,2026-07-07T17:00:50.858549+00:00,142.0,50,bid,,,11106502
2026-07-07T17:00:52.330598,2026-07-07T17:00:52.340338+00:00,141.7,47,ask,,,11106523
2026-07-07T17:00:55.063186,2026-07-07T17:00:55.074721+00:00,142.0,50,bid,,,11106565
2026-07-07T17:00:57.171412,2026-07-07T17:00:57.183094+00:00,142.0,50,bid,,,11106589
2026-07-07T17:00:57.497482,2026-07-07T17:00:57.509100+00:00,142.0,40,bid,,,11106596
2026-07-07T17:00:57.573590,2026-07-07T17:00:57.582791+00:00,142.1,100,bid,,,11106601
2026-07-07T17:00:57.641006,2026-07-07T17:00:57.651363+00:00,142.2,3,ask,,,11106602
2026-07-07T17:00:59.332401,2026-07-07T17:00:59.344048+00:00,142.2,47,ask,,,11106622
2026-07-07T17:00:59.332401,2026-07-07T17:00:59.344048+00:00,142.1,3,ask,,,11106623
2026-07-07T17:01:00.788814,2026-07-07T17:01:00.800460+00:00,142.1,97,ask,,,11106638
2026-07-07T17:01:00.802958,2026-07-07T17:01:00.811681+00:00,142.1,3,bid,,,11106640
2026-07-07T17:01:00.962173,2026-07-07T17:01:00.973708+00:00,142.1,49,bid,,,11106642
2026-07-07T17:01:01.443445,2026-07-07T17:01:01.454833+00:00,141.7,50,ask,,,11106651
2026-07-07T17:01:01.888436,2026-07-07T17:01:01.898166+00:00,142.1,1,bid,,,11106659
2026-07-07T17:01:03.574279,2026-07-07T17:01:03.583328+00:00,141.9,47,ask,,,11106683
2026-07-07T17:01:04.999138,2026-07-07T17:01:05.010949+00:00,142.2,41,bid,,,11106703
2026-07-07T17:01:05.670125,2026-07-07T17:01:05.681572+00:00,142.0,50,ask,,,11106717
2026-07-07T17:01:06.582333,2026-07-07T17:01:06.592715+00:00,142.2,48,bid,,,11106732
2026-07-07T17:01:06.721146,2026-07-07T17:01:06.730323+00:00,142.2,10,bid,,,11106734
2026-07-07T17:01:07.167818,2026-07-07T17:01:07.179727+00:00,142.1,43,ask,,,11106740
2026-07-07T17:01:07.778275,2026-07-07T17:01:07.794954+00:00,142.3,50,ask,,,11106751
2026-07-07T17:01:08.179541,2026-07-07T17:01:08.188361+00:00,142.3,43,ask,,,11106757
2026-07-07T17:01:08.672251,2026-07-07T17:01:08.683281+00:00,142.6,48,bid,,,11106760
2026-07-07T17:01:09.281893,2026-07-07T17:01:09.293947+00:00,142.3,7,ask,,,11106774
2026-07-07T17:01:09.281893,2026-07-07T17:01:09.293947+00:00,142.1,35,ask,,,11106775
2026-07-07T17:01:09.842953,2026-07-07T17:01:09.850472+00:00,142.1,47,ask,,,11106784
2026-07-07T17:01:09.885244,2026-07-07T17:01:09.896699+00:00,142.1,25,ask,,,11106785
2026-07-07T17:01:09.885244,2026-07-07T17:01:09.896699+00:00,141.4,12,ask,,,11106786
2026-07-07T17:01:11.193505,2026-07-07T17:01:11.203709+00:00,142.0,12,bid,,,11106801
2026-07-07T17:01:11.946089,2026-07-07T17:01:11.952709+00:00,142.1,44,bid,,,11106816
2026-07-07T17:01:12.002830,2026-07-07T17:01:12.011072+00:00,141.8,50,ask,,,11106819
2026-07-07T17:01:12.499233,2026-07-07T17:01:12.509376+00:00,142.1,11,bid,,,11106832
2026-07-07T17:01:13.667677,2026-07-07T17:01:13.679784+00:00,142.3,42,bid,,,11106850
2026-07-07T17:01:14.109647,2026-07-07T17:01:14.121334+00:00,142.1,50,ask,,,11106855
2026-07-07T17:01:16.463325,2026-07-07T17:01:16.472839+00:00,142.1,11,ask,,,11106878
2026-07-07T17:01:18.221695,2026-07-07T17:01:18.233500+00:00,141.8,48,ask,,,11106900
2026-07-07T17:01:18.280824,2026-07-07T17:01:18.292910+00:00,142.0,50,bid,,,11106901
2026-07-07T17:01:20.389512,2026-07-07T17:01:20.400642+00:00,142.2,50,bid,,,11106919
2026-07-07T17:01:24.165582,2026-07-07T17:01:24.177085+00:00,141.9,44,ask,,,11106964
2026-07-07T17:01:24.631921,2026-07-07T17:01:24.643215+00:00,142.0,50,bid,,,11106971
2026-07-07T17:01:26.313175,2026-07-07T17:01:26.324788+00:00,142.0,49,bid,,,11106985
2026-07-07T17:01:26.742628,2026-07-07T17:01:26.750010+00:00,142.2,50,bid,,,11106991
2026-07-07T17:01:26.905684,2026-07-07T17:01:26.917196+00:00,141.9,41,ask,,,11106992
2026-07-07T17:01:28.869559,2026-07-07T17:01:28.880996+00:00,142.2,50,bid,,,11107012
2026-07-07T17:01:29.559594,2026-07-07T17:01:29.568504+00:00,142.2,12,ask,,,11107016
2026-07-07T17:01:29.598671,2026-07-07T17:01:29.610514+00:00,142.4,42,bid,,,11107018
2026-07-07T17:01:30.993020,2026-07-07T17:01:31.004305+00:00,142.5,50,bid,,,11107041
2026-07-07T17:01:31.641045,2026-07-07T17:01:31.652759+00:00,142.2,49,ask,,,11107049
2026-07-07T17:01:32.124458,2026-07-07T17:01:32.133749+00:00,142.2,11,ask,,,11107054
2026-07-07T17:01:32.704151,2026-07-07T17:01:32.715865+00:00,142.3,47,bid,,,11107063
2026-07-07T17:01:33.916265,2026-07-07T17:01:33.925050+00:00,142.0,41,ask,,,11107077
2026-07-07T17:01:35.283010,2026-07-07T17:01:35.294924+00:00,142.0,50,ask,,,11107097
2026-07-07T17:01:37.341722,2026-07-07T17:01:37.353237+00:00,142.1,50,bid,,,11107125
2026-07-07T17:01:38.090154,2026-07-07T17:01:38.101853+00:00,142.1,44,bid,,,11107135
2026-07-07T17:01:39.047058,2026-07-07T17:01:39.058657+00:00,142.0,42,ask,,,11107144
2026-07-07T17:01:41.613766,2026-07-07T17:01:41.621605+00:00,142.0,50,ask,,,11107180
2026-07-07T17:01:41.617043,2026-07-07T17:01:41.626861+00:00,142.5,43,bid,,,11107181
2026-07-07T17:01:42.092540,2026-07-07T17:01:42.104399+00:00,142.2,48,bid,,,11107188
2026-07-07T17:01:43.014515,2026-07-07T17:01:43.025911+00:00,141.9,48,ask,,,11107201
2026-07-07T17:01:43.489794,2026-07-07T17:01:43.501849+00:00,142.2,41,bid,,,11107206
2026-07-07T17:01:44.143633,2026-07-07T17:01:44.163771+00:00,141.9,42,ask,,,11107215
2026-07-07T17:01:45.800030,2026-07-07T17:01:45.811719+00:00,142.3,100,ask,,,11107234
2026-07-07T17:01:45.822467,2026-07-07T17:01:45.834228+00:00,142.3,50,ask,,,11107235
2026-07-07T17:01:47.878870,2026-07-07T17:01:47.890411+00:00,142.8,50,bid,,,11107254
2026-07-07T17:01:48.407370,2026-07-07T17:01:48.414828+00:00,142.4,46,bid,,,11107258
2026-07-07T17:01:49.401179,2026-07-07T17:01:49.413068+00:00,142.2,49,ask,,,11107261
2026-07-07T17:01:49.898406,2026-07-07T17:01:49.910084+00:00,142.2,43,ask,,,11107269
2026-07-07T17:01:50.039515,2026-07-07T17:01:50.051426+00:00,142.2,8,ask,,,11107272
2026-07-07T17:01:50.039515,2026-07-07T17:01:50.051426+00:00,141.9,42,ask,,,11107273
2026-07-07T17:01:54.269808,2026-07-07T17:01:54.279082+00:00,141.6,50,ask,,,11107317
2026-07-07T17:01:54.745622,2026-07-07T17:01:54.748882+00:00,141.7,43,bid,,,11107331
2026-07-07T17:01:55.390427,2026-07-07T17:01:55.399805+00:00,141.7,48,bid,,,11107339
2026-07-07T17:01:55.800202,2026-07-07T17:01:55.809252+00:00,141.7,11,bid,,,11107342
2026-07-07T17:01:56.008346,2026-07-07T17:01:56.019817+00:00,141.4,48,ask,,,11107348
2026-07-07T17:01:56.321827,2026-07-07T17:01:56.331260+00:00,141.7,12,bid,,,11107351
2026-07-07T17:01:56.376861,2026-07-07T17:01:56.388752+00:00,141.4,50,ask,,,11107353
2026-07-07T17:01:58.425750,2026-07-07T17:01:58.435978+00:00,141.8,12,ask,,,11107377
2026-07-07T17:01:58.451844,2026-07-07T17:01:58.463453+00:00,141.8,100,ask,,,11107379
2026-07-07T17:01:58.487182,2026-07-07T17:01:58.499080+00:00,141.8,38,ask,,,11107380
2026-07-07T17:01:58.487182,2026-07-07T17:01:58.499080+00:00,141.2,12,ask,,,11107381
2026-07-07T17:01:58.689460,2026-07-07T17:01:58.701503+00:00,142.2,12,bid,,,11107386
2026-07-07T17:01:58.689460,2026-07-07T17:01:58.701503+00:00,142.3,34,bid,,,11107387
2026-07-07T17:01:59.237120,2026-07-07T17:01:59.247713+00:00,141.2,44,ask,,,11107396
2026-07-07T17:02:00.596075,2026-07-07T17:02:00.607772+00:00,141.2,50,ask,,,11107410
2026-07-07T17:02:02.705631,2026-07-07T17:02:02.717098+00:00,141.2,50,ask,,,11107436
2026-07-07T17:02:03.049865,2026-07-07T17:02:03.056367+00:00,141.7,43,bid,,,11107445
2026-07-07T17:02:04.735403,2026-07-07T17:02:04.746942+00:00,141.8,45,bid,,,11107462
2026-07-07T17:02:04.790372,2026-07-07T17:02:04.801999+00:00,141.3,41,ask,,,11107463
2026-07-07T17:02:04.816315,2026-07-07T17:02:04.822909+00:00,141.3,50,ask,,,11107466
2026-07-07T17:02:04.973075,2026-07-07T17:02:04.981943+00:00,141.7,23,bid,,,11107471
2026-07-07T17:02:06.922912,2026-07-07T17:02:06.934437+00:00,141.3,50,ask,,,11107496
2026-07-07T17:02:07.276014,2026-07-07T17:02:07.285758+00:00,141.6,12,bid,,,11107502
2026-07-07T17:02:07.590893,2026-07-07T17:02:07.599690+00:00,141.6,11,bid,,,11107505
2026-07-07T17:02:07.918860,2026-07-07T17:02:07.929375+00:00,141.6,100,bid,,,11107514
2026-07-07T17:02:09.029776,2026-07-07T17:02:09.041773+00:00,141.1,12,ask,,,11107535
2026-07-07T17:02:09.029776,2026-07-07T17:02:09.041773+00:00,141.1,38,ask,,,11107536
2026-07-07T17:02:11.140192,2026-07-07T17:02:11.148477+00:00,141.5,50,ask,,,11107570
2026-07-07T17:02:12.019844,2026-07-07T17:02:12.031772+00:00,141.5,42,ask,,,11107585
2026-07-07T17:02:13.247159,2026-07-07T17:02:13.255247+00:00,141.5,50,ask,,,11107601
2026-07-07T17:02:13.602159,2026-07-07T17:02:13.613186+00:00,141.5,23,bid,,,11107602
2026-07-07T17:02:13.718946,2026-07-07T17:02:13.728627+00:00,141.5,41,bid,,,11107604
2026-07-07T17:02:14.355693,2026-07-07T17:02:14.358641+00:00,141.5,48,bid,,,11107614
2026-07-07T17:02:14.410811,2026-07-07T17:02:14.422517+00:00,141.4,12,ask,,,11107615
2026-07-07T17:02:17.457051,2026-07-07T17:02:17.468661+00:00,141.3,50,ask,,,11107650
2026-07-07T17:02:19.564795,2026-07-07T17:02:19.574415+00:00,141.3,50,ask,,,11107670
2026-07-07T17:02:19.888025,2026-07-07T17:02:19.899535+00:00,141.1,49,ask,,,11107681
2026-07-07T17:02:19.922544,2026-07-07T17:02:19.934125+00:00,141.1,51,ask,,,11107682
2026-07-07T17:02:19.922544,2026-07-07T17:02:19.934125+00:00,141.1,12,ask,,,11107683
2026-07-07T17:02:20.364985,2026-07-07T17:02:20.373321+00:00,140.9,40,bid,,,11107688
2026-07-07T17:02:20.571366,2026-07-07T17:02:20.580061+00:00,140.9,17,bid,,,11107690
2026-07-07T17:02:21.000523,2026-07-07T17:02:21.010501+00:00,140.9,30,bid,,,11107696
2026-07-07T17:02:21.000523,2026-07-07T17:02:21.010501+00:00,140.9,12,bid,,,11107697
2026-07-07T17:02:21.519279,2026-07-07T17:02:21.529982+00:00,140.9,47,bid,,,11107712
2026-07-07T17:02:21.620188,2026-07-07T17:02:21.633988+00:00,140.9,41,bid,,,11107716
2026-07-07T17:02:21.620188,2026-07-07T17:02:21.633988+00:00,141.3,9,bid,,,11107717
2026-07-07T17:02:23.045662,2026-07-07T17:02:23.055348+00:00,141.3,17,ask,,,11107736
2026-07-07T17:02:23.339742,2026-07-07T17:02:23.348871+00:00,141.3,23,ask,,,11107744
2026-07-07T17:02:23.728450,2026-07-07T17:02:23.740319+00:00,141.4,12,bid,,,11107753
2026-07-07T17:02:23.728450,2026-07-07T17:02:23.740319+00:00,141.8,38,bid,,,11107754
2026-07-07T17:02:23.791049,2026-07-07T17:02:23.805726+00:00,141.3,100,ask,,,11107757
2026-07-07T17:02:25.912688,2026-07-07T17:02:25.924389+00:00,141.3,10,ask,,,11107789
2026-07-07T17:02:28.020795,2026-07-07T17:02:28.032610+00:00,141.2,50,ask,,,11107819
2026-07-07T17:02:28.726970,2026-07-07T17:02:28.738261+00:00,141.2,12,ask,,,11107832
2026-07-07T17:02:29.410053,2026-07-07T17:02:29.420754+00:00,141.2,38,ask,,,11107840
2026-07-07T17:02:30.102769,2026-07-07T17:02:30.114401+00:00,140.9,12,ask,,,11107853
2026-07-07T17:02:30.102769,2026-07-07T17:02:30.114401+00:00,140.8,33,ask,,,11107854
2026-07-07T17:02:32.238889,2026-07-07T17:02:32.250679+00:00,140.8,50,ask,,,11107880
2026-07-07T17:02:33.256962,2026-07-07T17:02:33.268502+00:00,140.8,47,ask,,,11107896
2026-07-07T17:02:33.290419,2026-07-07T17:02:33.300683+00:00,141.0,11,bid,,,11107897
2026-07-07T17:02:34.318788,2026-07-07T17:02:34.328931+00:00,140.8,44,ask,,,11107912
2026-07-07T17:02:34.364937,2026-07-07T17:02:34.376580+00:00,140.8,50,ask,,,11107915
2026-07-07T17:02:35.741327,2026-07-07T17:02:35.751462+00:00,140.8,12,ask,,,11107931
2026-07-07T17:02:35.753015,2026-07-07T17:02:35.763621+00:00,140.6,23,bid,,,11107932
2026-07-07T17:02:35.780108,2026-07-07T17:02:35.789472+00:00,140.6,12,bid,,,11107934
2026-07-07T17:02:36.472319,2026-07-07T17:02:36.479515+00:00,140.4,50,ask,,,11107946
2026-07-07T17:02:39.243729,2026-07-07T17:02:39.258556+00:00,140.7,44,bid,,,11107988
2026-07-07T17:02:40.633649,2026-07-07T17:02:40.645124+00:00,140.7,50,bid,,,11108006
2026-07-07T17:02:42.014834,2026-07-07T17:02:42.025355+00:00,140.7,100,bid,,,11108021
2026-07-07T17:02:42.259099,2026-07-07T17:02:42.270649+00:00,140.7,48,ask,,,11108025
2026-07-07T17:02:42.740830,2026-07-07T17:02:42.751385+00:00,141.1,12,bid,,,11108032
2026-07-07T17:02:42.740830,2026-07-07T17:02:42.751385+00:00,141.2,38,bid,,,11108033
2026-07-07T17:02:44.851088,2026-07-07T17:02:44.858566+00:00,141.1,50,bid,,,11108059
2026-07-07T17:02:45.232885,2026-07-07T17:02:45.241687+00:00,141.1,41,bid,,,11108060
2026-07-07T17:02:45.244721,2026-07-07T17:02:45.252152+00:00,140.7,12,ask,,,11108061
2026-07-07T17:02:45.901309,2026-07-07T17:02:45.913003+00:00,140.7,100,bid,,,11108071
2026-07-07T17:02:46.511555,2026-07-07T17:02:46.522999+00:00,140.7,38,bid,,,11108080
2026-07-07T17:02:46.511555,2026-07-07T17:02:46.522999+00:00,141.0,2,bid,,,11108081
2026-07-07T17:02:46.958916,2026-07-07T17:02:46.970485+00:00,141.0,10,bid,,,11108092
2026-07-07T17:02:46.958916,2026-07-07T17:02:46.970485+00:00,141.3,40,bid,,,11108093
2026-07-07T17:02:48.405967,2026-07-07T17:02:48.415071+00:00,141.1,11,ask,,,11108114
2026-07-07T17:02:49.100104,2026-07-07T17:02:49.107118+00:00,141.2,12,bid,,,11108129
2026-07-07T17:02:49.100104,2026-07-07T17:02:49.112560+00:00,141.6,38,bid,,,11108130
2026-07-07T17:02:51.208415,2026-07-07T17:02:51.220038+00:00,141.4,50,bid,,,11108155
2026-07-07T17:02:55.444152,2026-07-07T17:02:55.458659+00:00,141.4,12,bid,,,11108215
2026-07-07T17:02:55.444152,2026-07-07T17:02:55.458659+00:00,141.8,38,bid,,,11108216
2026-07-07T17:02:57.389730,2026-07-07T17:02:57.399465+00:00,141.3,41,ask,,,11108240
2026-07-07T17:02:57.556415,2026-07-07T17:02:57.558242+00:00,141.5,3,bid,,,11108242
2026-07-07T17:02:57.556415,2026-07-07T17:02:57.570541+00:00,141.7,47,bid,,,11108243
2026-07-07T17:02:58.574967,2026-07-07T17:02:58.584668+00:00,141.4,12,ask,,,11108260
2026-07-07T17:02:58.759528,2026-07-07T17:02:58.770279+00:00,141.4,11,ask,,,11108265
2026-07-07T17:02:59.716718,2026-07-07T17:02:59.728296+00:00,141.4,50,ask,,,11108280
2026-07-07T17:03:03.025288,2026-07-07T17:03:03.036833+00:00,141.7,46,bid,,,11108328
2026-07-07T17:03:03.696961,2026-07-07T17:03:03.704980+00:00,141.4,44,ask,,,11108337
2026-07-07T17:03:04.282449,2026-07-07T17:03:04.294441+00:00,141.7,4,bid,,,11108343
2026-07-07T17:03:04.282449,2026-07-07T17:03:04.299415+00:00,141.7,38,bid,,,11108344
2026-07-07T17:03:05.399694,2026-07-07T17:03:05.410046+00:00,141.5,43,ask,,,11108363
2026-07-07T17:03:05.905590,2026-07-07T17:03:05.917251+00:00,141.7,47,bid,,,11108369
2026-07-07T17:03:05.992693,2026-07-07T17:03:06.009714+00:00,141.7,50,bid,,,11108371
2026-07-07T17:03:07.359851,2026-07-07T17:03:07.369054+00:00,141.9,23,ask,,,11108384
2026-07-07T17:03:07.892052,2026-07-07T17:03:07.898820+00:00,141.9,44,ask,,,11108396
2026-07-07T17:03:08.104074,2026-07-07T17:03:08.114750+00:00,142.0,50,bid,,,11108401
2026-07-07T17:03:10.212519,2026-07-07T17:03:10.224117+00:00,142.0,50,bid,,,11108419
2026-07-07T17:03:10.437925,2026-07-07T17:03:10.447047+00:00,141.9,43,ask,,,11108423
2026-07-07T17:03:12.320309,2026-07-07T17:03:12.327599+00:00,142.1,50,bid,,,11108449
2026-07-07T17:03:14.482592,2026-07-07T17:03:14.496465+00:00,142.0,50,ask,,,11108473
2026-07-07T17:03:15.503560,2026-07-07T17:03:15.512437+00:00,142.0,47,ask,,,11108483
2026-07-07T17:03:15.833975,2026-07-07T17:03:15.843457+00:00,142.0,3,ask,,,11108489
2026-07-07T17:03:17.169661,2026-07-07T17:03:17.181395+00:00,142.2,49,bid,,,11108506
2026-07-07T17:03:18.141693,2026-07-07T17:03:18.153386+00:00,142.1,49,bid,,,11108518
2026-07-07T17:03:18.644473,2026-07-07T17:03:18.653715+00:00,142.1,50,bid,,,11108522
2026-07-07T17:03:20.806120,2026-07-07T17:03:20.817752+00:00,141.9,50,ask,,,11108554
2026-07-07T17:03:22.862890,2026-07-07T17:03:22.870718+00:00,142.4,50,bid,,,11108585
2026-07-07T17:03:24.968908,2026-07-07T17:03:24.978490+00:00,142.4,50,bid,,,11108603
2026-07-07T17:03:26.398332,2026-07-07T17:03:26.415078+00:00,142.2,8,ask,,,11108629
2026-07-07T17:03:27.075437,2026-07-07T17:03:27.082861+00:00,142.7,50,bid,,,11108640
2026-07-07T17:03:29.185714,2026-07-07T17:03:29.197295+00:00,142.5,50,bid,,,11108657
2026-07-07T17:03:29.546656,2026-07-07T17:03:29.558598+00:00,142.5,50,bid,,,11108666
2026-07-07T17:03:29.618617,2026-07-07T17:03:29.628389+00:00,142.5,23,ask,,,11108667
2026-07-07T17:03:31.294595,2026-07-07T17:03:31.301479+00:00,142.9,50,bid,,,11108687
2026-07-07T17:03:32.714489,2026-07-07T17:03:32.726237+00:00,142.4,47,ask,,,11108699
2026-07-07T17:03:33.242974,2026-07-07T17:03:33.258575+00:00,142.7,44,bid,,,11108709
2026-07-07T17:03:33.400528,2026-07-07T17:03:33.412308+00:00,142.7,50,bid,,,11108712
2026-07-07T17:03:34.224335,2026-07-07T17:03:34.237484+00:00,142.6,3,ask,,,11108721
2026-07-07T17:03:34.298114,2026-07-07T17:03:34.309729+00:00,142.6,48,ask,,,11108725
2026-07-07T17:03:36.194208,2026-07-07T17:03:36.205840+00:00,142.9,43,ask,,,11108746
2026-07-07T17:03:36.681192,2026-07-07T17:03:36.690027+00:00,143.1,41,bid,,,11108752
2026-07-07T17:03:36.737453,2026-07-07T17:03:36.743063+00:00,142.9,48,ask,,,11108753
2026-07-07T17:03:37.611110,2026-07-07T17:03:37.617622+00:00,143.1,50,bid,,,11108758
2026-07-07T17:03:37.677062,2026-07-07T17:03:37.689069+00:00,143.1,9,bid,,,11108759
2026-07-07T17:03:38.151425,2026-07-07T17:03:38.162804+00:00,142.9,14,ask,,,11108767
2026-07-07T17:03:38.177711,2026-07-07T17:03:38.185188+00:00,142.9,45,ask,,,11108770
2026-07-07T17:03:38.713561,2026-07-07T17:03:38.725173+00:00,142.6,46,ask,,,11108778
2026-07-07T17:03:39.116089,2026-07-07T17:03:39.124160+00:00,142.6,54,ask,,,11108782
2026-07-07T17:03:39.131501,2026-07-07T17:03:39.139738+00:00,142.3,14,bid,,,11108784
2026-07-07T17:03:39.143513,2026-07-07T17:03:39.154990+00:00,142.3,45,bid,,,11108786
2026-07-07T17:03:39.243245,2026-07-07T17:03:39.250599+00:00,142.3,37,bid,,,11108788
2026-07-07T17:03:42.736357,2026-07-07T17:03:42.746268+00:00,142.8,48,bid,,,11108843
2026-07-07T17:03:43.939057,2026-07-07T17:03:43.950900+00:00,142.8,50,bid,,,11108856
2026-07-07T17:03:46.045122,2026-07-07T17:03:46.058585+00:00,143.1,50,bid,,,11108890
2026-07-07T17:03:48.207470,2026-07-07T17:03:48.217743+00:00,142.7,50,ask,,,11108922
2026-07-07T17:03:50.319517,2026-07-07T17:03:50.330349+00:00,142.7,50,ask,,,11108943
2026-07-07T17:03:51.554941,2026-07-07T17:03:51.566847+00:00,142.7,46,ask,,,11108955
2026-07-07T17:03:52.428654,2026-07-07T17:03:52.441173+00:00,142.6,50,ask,,,11108968
2026-07-07T17:03:54.533852,2026-07-07T17:03:54.545589+00:00,142.6,50,ask,,,11109000
2026-07-07T17:03:56.654418,2026-07-07T17:03:56.668907+00:00,142.3,50,ask,,,11109028
2026-07-07T17:03:58.124235,2026-07-07T17:03:58.131507+00:00,142.5,44,bid,,,11109051
2026-07-07T17:03:58.761463,2026-07-07T17:03:58.772951+00:00,142.2,50,ask,,,11109062
2026-07-07T17:03:59.126206,2026-07-07T17:03:59.135130+00:00,142.5,3,bid,,,11109067
2026-07-07T17:04:00.900603,2026-07-07T17:04:00.909124+00:00,142.2,50,ask,,,11109089
2026-07-07T17:04:01.814496,2026-07-07T17:04:01.826333+00:00,142.3,44,ask,,,11109098
2026-07-07T17:04:03.009901,2026-07-07T17:04:03.021671+00:00,142.3,50,ask,,,11109107
2026-07-07T17:04:04.472275,2026-07-07T17:04:04.483099+00:00,142.3,11,bid,,,11109131
2026-07-07T17:04:04.553601,2026-07-07T17:04:04.567518+00:00,142.3,12,bid,,,11109134
2026-07-07T17:04:04.732419,2026-07-07T17:04:04.741136+00:00,142.3,47,bid,,,11109140
2026-07-07T17:04:05.118043,2026-07-07T17:04:05.127108+00:00,142.1,50,ask,,,11109145
2026-07-07T17:04:05.797166,2026-07-07T17:04:05.808744+00:00,142.1,48,ask,,,11109158
2026-07-07T17:04:06.362402,2026-07-07T17:04:06.374711+00:00,142.3,11,bid,,,11109171
2026-07-07T17:04:07.225527,2026-07-07T17:04:07.236819+00:00,142.1,2,ask,,,11109182
2026-07-07T17:04:07.225527,2026-07-07T17:04:07.236819+00:00,141.9,12,ask,,,11109183
2026-07-07T17:04:07.225527,2026-07-07T17:04:07.236819+00:00,141.8,36,ask,,,11109184
2026-07-07T17:04:07.565005,2026-07-07T17:04:07.580665+00:00,142.2,12,bid,,,11109195
2026-07-07T17:04:07.909752,2026-07-07T17:04:07.931782+00:00,142.5,40,bid,,,11109202
2026-07-07T17:04:09.028192,2026-07-07T17:04:09.040189+00:00,142.5,40,bid,,,11109223
2026-07-07T17:04:09.284891,2026-07-07T17:04:09.296853+00:00,142.5,50,bid,,,11109224
2026-07-07T17:04:10.735443,2026-07-07T17:04:10.747133+00:00,142.7,100,bid,,,11109244
2026-07-07T17:04:10.799360,2026-07-07T17:04:10.808703+00:00,142.8,23,ask,,,11109248
2026-07-07T17:04:10.929575,2026-07-07T17:04:10.938481+00:00,142.8,12,ask,,,11109253
2026-07-07T17:04:11.388596,2026-07-07T17:04:11.400043+00:00,142.8,15,ask,,,11109263
2026-07-07T17:04:11.443698,2026-07-07T17:04:11.463632+00:00,142.3,50,ask,,,11109264
2026-07-07T17:04:12.599360,2026-07-07T17:04:12.610932+00:00,142.3,46,ask,,,11109276
2026-07-07T17:04:13.550976,2026-07-07T17:04:13.550804+00:00,142.3,4,ask,,,11109293
2026-07-07T17:04:13.550976,2026-07-07T17:04:13.550804+00:00,142.0,12,ask,,,11109294
2026-07-07T17:04:14.559449,2026-07-07T17:04:14.569430+00:00,142.5,12,bid,,,11109306
2026-07-07T17:04:14.678409,2026-07-07T17:04:14.687585+00:00,142.4,11,bid,,,11109308
2026-07-07T17:04:14.859411,2026-07-07T17:04:14.868578+00:00,142.4,1,bid,,,11109311
2026-07-07T17:04:14.870914,2026-07-07T17:04:14.879539+00:00,142.5,11,bid,,,11109313
2026-07-07T17:04:16.181222,2026-07-07T17:04:16.187973+00:00,142.5,41,bid,,,11109336
2026-07-07T17:04:17.805483,2026-07-07T17:04:17.814057+00:00,142.4,49,ask,,,11109352
2026-07-07T17:04:18.817390,2026-07-07T17:04:18.828915+00:00,142.9,44,bid,,,11109367
2026-07-07T17:04:19.873616,2026-07-07T17:04:19.883758+00:00,142.4,50,ask,,,11109386
2026-07-07T17:04:19.974644,2026-07-07T17:04:19.986528+00:00,142.4,46,ask,,,11109388
2026-07-07T17:04:21.978838,2026-07-07T17:04:21.986515+00:00,142.6,50,ask,,,11109404
2026-07-07T17:04:24.034956,2026-07-07T17:04:24.046680+00:00,142.8,50,bid,,,11109423
2026-07-07T17:04:28.249128,2026-07-07T17:04:28.258565+00:00,143.0,50,bid,,,11109478
2026-07-07T17:04:30.419122,2026-07-07T17:04:30.427490+00:00,142.8,50,ask,,,11109512
2026-07-07T17:04:36.513222,2026-07-07T17:04:36.521404+00:00,142.9,47,bid,,,11109577
2026-07-07T17:04:36.743517,2026-07-07T17:04:36.755151+00:00,142.5,12,ask,,,11109579
2026-07-07T17:04:36.743517,2026-07-07T17:04:36.755151+00:00,142.5,38,ask,,,11109580
2026-07-07T17:04:37.705621,2026-07-07T17:04:37.717731+00:00,142.5,49,ask,,,11109597
2026-07-07T17:04:38.309263,2026-07-07T17:04:38.321309+00:00,142.8,12,bid,,,11109608
2026-07-07T17:04:38.309263,2026-07-07T17:04:38.321309+00:00,142.9,33,bid,,,11109609
2026-07-07T17:04:38.899461,2026-07-07T17:04:38.908620+00:00,142.5,13,ask,,,11109615
2026-07-07T17:04:38.899461,2026-07-07T17:04:38.908620+00:00,142.4,29,ask,,,11109616
2026-07-07T17:04:39.870615,2026-07-07T17:04:39.881219+00:00,142.6,100,ask,,,11109627
2026-07-07T17:04:40.029358,2026-07-07T17:04:40.037729+00:00,143.1,43,bid,,,11109628
2026-07-07T17:04:41.222994,2026-07-07T17:04:41.235079+00:00,142.6,43,ask,,,11109642
2026-07-07T17:04:42.342937,2026-07-07T17:04:42.354355+00:00,143.1,40,bid,,,11109658
2026-07-07T17:04:42.959237,2026-07-07T17:04:42.970921+00:00,142.9,49,bid,,,11109671
2026-07-07T17:04:43.019375,2026-07-07T17:04:43.031185+00:00,142.9,50,bid,,,11109672
2026-07-07T17:04:45.130108,2026-07-07T17:04:45.136449+00:00,142.9,50,bid,,,11109699
2026-07-07T17:04:45.627172,2026-07-07T17:04:45.637176+00:00,142.8,12,ask,,,11109705
2026-07-07T17:04:46.203861,2026-07-07T17:04:46.215546+00:00,142.8,100,ask,,,11109714
2026-07-07T17:04:47.205347,2026-07-07T17:04:47.217117+00:00,142.8,38,ask,,,11109722
2026-07-07T17:04:47.205347,2026-07-07T17:04:47.217117+00:00,142.4,3,ask,,,11109723
2026-07-07T17:04:48.901473,2026-07-07T17:04:48.912985+00:00,142.8,45,bid,,,11109744
2026-07-07T17:04:49.872883,2026-07-07T17:04:49.879405+00:00,142.6,40,ask,,,11109757
2026-07-07T17:04:51.525975,2026-07-07T17:04:51.537751+00:00,142.6,50,ask,,,11109770
2026-07-07T17:04:51.962329,2026-07-07T17:04:51.969814+00:00,142.7,3,bid,,,11109780
2026-07-07T17:04:52.452709,2026-07-07T17:04:52.464672+00:00,142.4,12,ask,,,11109787
2026-07-07T17:04:52.452709,2026-07-07T17:04:52.464672+00:00,142.4,36,ask,,,11109788
2026-07-07T17:04:53.583218,2026-07-07T17:04:53.594679+00:00,142.8,50,bid,,,11109807
2026-07-07T17:04:55.053851,2026-07-07T17:04:55.057740+00:00,142.8,45,bid,,,11109833
2026-07-07T17:04:55.432862,2026-07-07T17:04:55.447669+00:00,142.8,5,bid,,,11109838
2026-07-07T17:04:55.432862,2026-07-07T17:04:55.447669+00:00,142.8,7,bid,,,11109839
2026-07-07T17:04:55.693628,2026-07-07T17:04:55.703806+00:00,143.0,50,bid,,,11109845
2026-07-07T17:04:56.884481,2026-07-07T17:04:56.895013+00:00,142.9,12,ask,,,11109864
2026-07-07T17:04:57.252928,2026-07-07T17:04:57.269522+00:00,142.9,47,ask,,,11109874
2026-07-07T17:04:57.799829,2026-07-07T17:04:57.811799+00:00,143.0,50,bid,,,11109877
2026-07-07T17:04:58.287454,2026-07-07T17:04:58.299156+00:00,143.0,5,bid,,,11109881
2026-07-07T17:04:59.929073,2026-07-07T17:04:59.942962+00:00,143.0,40,ask,,,11109906
2026-07-07T17:04:59.983402,2026-07-07T17:04:59.994675+00:00,143.0,50,ask,,,11109909
2026-07-07T17:05:02.095523,2026-07-07T17:05:02.105498+00:00,142.9,12,ask,,,11109940
2026-07-07T17:05:02.095523,2026-07-07T17:05:02.105498+00:00,142.9,38,ask,,,11109941
2026-07-07T17:05:04.204049,2026-07-07T17:05:04.215685+00:00,142.9,50,ask,,,11109972
2026-07-07T17:05:05.250666,2026-07-07T17:05:05.258623+00:00,143.1,41,bid,,,11109985
2026-07-07T17:05:05.305906,2026-07-07T17:05:05.315028+00:00,143.1,12,bid,,,11109986
2026-07-07T17:05:06.346642,2026-07-07T17:05:06.358602+00:00,142.8,12,ask,,,11109993
2026-07-07T17:05:06.346642,2026-07-07T17:05:06.358602+00:00,142.7,38,ask,,,11109994
2026-07-07T17:05:07.776151,2026-07-07T17:05:07.786836+00:00,143.2,12,bid,,,11110019
2026-07-07T17:05:07.776151,2026-07-07T17:05:07.786836+00:00,143.2,100,bid,,,11110020
2026-07-07T17:05:08.459858,2026-07-07T17:05:08.467150+00:00,143.2,38,ask,,,11110029
2026-07-07T17:05:08.459858,2026-07-07T17:05:08.472182+00:00,143.1,12,ask,,,11110030
2026-07-07T17:05:08.841410,2026-07-07T17:05:08.853214+00:00,143.5,12,bid,,,11110038
2026-07-07T17:05:08.841410,2026-07-07T17:05:08.853214+00:00,143.5,29,bid,,,11110039
2026-07-07T17:05:09.980915,2026-07-07T17:05:09.991124+00:00,143.5,49,bid,,,11110052
2026-07-07T17:05:10.035637,2026-07-07T17:05:10.044167+00:00,143.0,40,ask,,,11110054
2026-07-07T17:05:10.592423,2026-07-07T17:05:10.602283+00:00,143.0,50,ask,,,11110063
2026-07-07T17:05:10.993099,2026-07-07T17:05:11.010884+00:00,143.0,10,ask,,,11110073
2026-07-07T17:05:11.005642,2026-07-07T17:05:11.010884+00:00,143.0,11,bid,,,11110074
2026-07-07T17:05:11.314904,2026-07-07T17:05:11.324416+00:00,143.0,23,bid,,,11110076
2026-07-07T17:05:11.461298,2026-07-07T17:05:11.465082+00:00,143.0,100,bid,,,11110078
2026-07-07T17:05:12.107669,2026-07-07T17:05:12.120358+00:00,143.0,6,bid,,,11110093
2026-07-07T17:05:12.107669,2026-07-07T17:05:12.120358+00:00,143.4,12,bid,,,11110094
2026-07-07T17:05:12.698975,2026-07-07T17:05:12.710885+00:00,142.6,12,ask,,,11110101
2026-07-07T17:05:12.698975,2026-07-07T17:05:12.710885+00:00,142.5,38,ask,,,11110102
2026-07-07T17:05:15.110111,2026-07-07T17:05:15.121801+00:00,143.1,41,bid,,,11110128
2026-07-07T17:05:15.253081,2026-07-07T17:05:15.263273+00:00,142.9,23,ask,,,11110131
2026-07-07T17:05:16.172222,2026-07-07T17:05:16.178578+00:00,142.9,46,ask,,,11110145
2026-07-07T17:05:16.917872,2026-07-07T17:05:16.928779+00:00,142.9,50,ask,,,11110153
2026-07-07T17:05:17.317245,2026-07-07T17:05:17.328798+00:00,142.9,12,ask,,,11110161
2026-07-07T17:05:18.243008,2026-07-07T17:05:18.249418+00:00,142.8,49,bid,,,11110176
2026-07-07T17:05:19.047921,2026-07-07T17:05:19.054306+00:00,142.7,12,ask,,,11110189
2026-07-07T17:05:19.047921,2026-07-07T17:05:19.059824+00:00,142.5,38,ask,,,11110190
2026-07-07T17:05:21.155078,2026-07-07T17:05:21.167045+00:00,142.5,12,ask,,,11110222
2026-07-07T17:05:21.155078,2026-07-07T17:05:21.167045+00:00,142.3,38,ask,,,11110223
2026-07-07T17:05:25.313099,2026-07-07T17:05:25.321507+00:00,142.8,50,bid,,,11110274
2026-07-07T17:05:27.420639,2026-07-07T17:05:27.429906+00:00,142.8,50,bid,,,11110298
2026-07-07T17:05:29.527297,2026-07-07T17:05:29.538889+00:00,142.8,50,bid,,,11110324
2026-07-07T17:05:31.635752,2026-07-07T17:05:31.647271+00:00,142.7,50,bid,,,11110353
2026-07-07T17:05:33.741951,2026-07-07T17:05:33.749459+00:00,142.8,12,bid,,,11110384
2026-07-07T17:05:33.741951,2026-07-07T17:05:33.758586+00:00,142.9,38,bid,,,11110385
2026-07-07T17:05:35.850321,2026-07-07T17:05:35.858580+00:00,142.8,12,bid,,,11110420
2026-07-07T17:05:35.850321,2026-07-07T17:05:35.858580+00:00,142.9,38,bid,,,11110421
2026-07-07T17:05:36.229356,2026-07-07T17:05:36.240266+00:00,142.4,11,ask,,,11110424
2026-07-07T17:05:37.959701,2026-07-07T17:05:37.971356+00:00,142.5,12,bid,,,11110448
2026-07-07T17:05:37.959701,2026-07-07T17:05:37.971356+00:00,142.7,38,bid,,,11110449
2026-07-07T17:05:42.227028,2026-07-07T17:05:42.239219+00:00,142.4,50,ask,,,11110508
2026-07-07T17:05:43.086539,2026-07-07T17:05:43.098370+00:00,142.3,12,ask,,,11110514
2026-07-07T17:05:43.086539,2026-07-07T17:05:43.098370+00:00,142.1,29,ask,,,11110515
2026-07-07T17:05:44.335862,2026-07-07T17:05:44.347670+00:00,142.5,50,ask,,,11110531
2026-07-07T17:05:44.678567,2026-07-07T17:05:44.690327+00:00,142.5,44,ask,,,11110537
2026-07-07T17:05:45.650307,2026-07-07T17:05:45.663796+00:00,142.5,6,ask,,,11110547
2026-07-07T17:05:46.662301,2026-07-07T17:05:46.674416+00:00,142.5,6,bid,,,11110563
2026-07-07T17:05:46.662301,2026-07-07T17:05:46.674416+00:00,142.5,42,bid,,,11110564
2026-07-07T17:05:46.719606,2026-07-07T17:05:46.731492+00:00,142.2,12,ask,,,11110566
2026-07-07T17:05:48.582587,2026-07-07T17:05:48.594299+00:00,142.0,50,ask,,,11110592
2026-07-07T17:05:49.797406,2026-07-07T17:05:49.809053+00:00,142.0,46,ask,,,11110608
2026-07-07T17:05:50.641684,2026-07-07T17:05:50.649606+00:00,142.3,50,bid,,,11110619
2026-07-07T17:05:50.738535,2026-07-07T17:05:50.750362+00:00,142.3,47,bid,,,11110621
2026-07-07T17:05:52.002566,2026-07-07T17:05:52.011738+00:00,142.3,3,bid,,,11110635
2026-07-07T17:05:52.650164,2026-07-07T17:05:52.651148+00:00,142.5,100,bid,,,11110651
2026-07-07T17:05:52.749198,2026-07-07T17:05:52.758545+00:00,142.5,50,bid,,,11110653
2026-07-07T17:05:53.137808,2026-07-07T17:05:53.149745+00:00,142.3,12,ask,,,11110661
2026-07-07T17:05:53.137808,2026-07-07T17:05:53.149745+00:00,142.0,31,ask,,,11110662
2026-07-07T17:05:54.909551,2026-07-07T17:05:54.920785+00:00,142.1,12,ask,,,11110683
2026-07-07T17:05:54.909551,2026-07-07T17:05:54.920785+00:00,142.0,38,ask,,,11110684
2026-07-07T17:05:55.927328,2026-07-07T17:05:55.936766+00:00,142.3,8,bid,,,11110700
2026-07-07T17:05:57.016554,2026-07-07T17:05:57.028478+00:00,142.0,12,ask,,,11110716
2026-07-07T17:05:57.016554,2026-07-07T17:05:57.028478+00:00,141.9,38,ask,,,11110717
2026-07-07T17:05:57.188728,2026-07-07T17:05:57.200547+00:00,142.3,45,bid,,,11110719
2026-07-07T17:05:57.246300,2026-07-07T17:05:57.256464+00:00,142.3,11,bid,,,11110722
2026-07-07T17:05:58.584184,2026-07-07T17:05:58.595847+00:00,142.2,48,ask,,,11110737
2026-07-07T17:05:59.126544,2026-07-07T17:05:59.138248+00:00,142.2,50,ask,,,11110743
2026-07-07T17:05:59.638572,2026-07-07T17:05:59.646998+00:00,142.6,12,bid,,,11110746
2026-07-07T17:05:59.638572,2026-07-07T17:05:59.646998+00:00,142.7,32,bid,,,11110747
2026-07-07T17:06:01.236119,2026-07-07T17:06:01.248369+00:00,142.3,12,ask,,,11110777
2026-07-07T17:06:01.236119,2026-07-07T17:06:01.248369+00:00,142.2,38,ask,,,11110778
2026-07-07T17:06:01.631892,2026-07-07T17:06:01.643649+00:00,142.2,100,ask,,,11110786
2026-07-07T17:06:01.631892,2026-07-07T17:06:01.643649+00:00,142.2,12,ask,,,11110787
2026-07-07T17:06:01.644863,2026-07-07T17:06:01.654723+00:00,142.1,12,bid,,,11110788
2026-07-07T17:06:02.203964,2026-07-07T17:06:02.213795+00:00,142.1,12,bid,,,11110798
2026-07-07T17:06:03.350988,2026-07-07T17:06:03.356612+00:00,142.0,50,ask,,,11110813
2026-07-07T17:06:03.924606,2026-07-07T17:06:03.936098+00:00,142.1,14,bid,,,11110821
2026-07-07T17:06:05.477449,2026-07-07T17:06:05.489675+00:00,142.1,50,ask,,,11110842
2026-07-07T17:06:06.076151,2026-07-07T17:06:06.087598+00:00,142.1,49,ask,,,11110850
2026-07-07T17:06:07.595809,2026-07-07T17:06:07.604694+00:00,142.2,12,ask,,,11110868
2026-07-07T17:06:07.595809,2026-07-07T17:06:07.604694+00:00,142.1,38,ask,,,11110869
2026-07-07T17:06:07.688892,2026-07-07T17:06:07.700511+00:00,142.3,41,bid,,,11110872
2026-07-07T17:06:09.651067,2026-07-07T17:06:09.658546+00:00,142.3,42,bid,,,11110904
2026-07-07T17:06:09.706789,2026-07-07T17:06:09.718700+00:00,142.2,12,ask,,,11110905
2026-07-07T17:06:09.706789,2026-07-07T17:06:09.718700+00:00,142.1,38,ask,,,11110906
2026-07-07T17:06:10.747367,2026-07-07T17:06:10.753260+00:00,142.1,44,ask,,,11110919
2026-07-07T17:06:11.748544,2026-07-07T17:06:11.758601+00:00,142.1,12,ask,,,11110932
2026-07-07T17:06:11.748544,2026-07-07T17:06:11.758601+00:00,141.8,36,ask,,,11110933
2026-07-07T17:06:11.765023,2026-07-07T17:06:11.772015+00:00,142.2,50,bid,,,11110934
2026-07-07T17:06:13.922223,2026-07-07T17:06:13.933818+00:00,141.9,12,ask,,,11110967
2026-07-07T17:06:13.922223,2026-07-07T17:06:13.933818+00:00,141.8,38,ask,,,11110968
2026-07-07T17:06:14.332267,2026-07-07T17:06:14.341806+00:00,141.9,11,bid,,,11110972
2026-07-07T17:06:14.888584,2026-07-07T17:06:14.900168+00:00,141.9,45,bid,,,11110977
2026-07-07T17:06:15.552200,2026-07-07T17:06:15.565765+00:00,141.9,6,bid,,,11110983
2026-07-07T17:06:15.861638,2026-07-07T17:06:15.870907+00:00,141.9,6,bid,,,11110986
2026-07-07T17:06:15.926058,2026-07-07T17:06:15.937957+00:00,141.9,48,bid,,,11110991
2026-07-07T17:06:16.033152,2026-07-07T17:06:16.044629+00:00,141.8,50,ask,,,11110993
2026-07-07T17:06:16.525126,2026-07-07T17:06:16.536928+00:00,141.9,34,bid,,,11111003
2026-07-07T17:06:17.420437,2026-07-07T17:06:17.433595+00:00,142.1,6,ask,,,11111011
2026-07-07T17:06:17.524544,2026-07-07T17:06:17.536469+00:00,142.1,42,ask,,,11111013
2026-07-07T17:06:18.053085,2026-07-07T17:06:18.064632+00:00,142.1,43,ask,,,11111017
2026-07-07T17:06:18.089873,2026-07-07T17:06:18.102016+00:00,142.2,50,bid,,,11111018
2026-07-07T17:06:20.255223,2026-07-07T17:06:20.266865+00:00,142.1,50,ask,,,11111050
2026-07-07T17:06:21.691592,2026-07-07T17:06:21.702509+00:00,142.1,40,bid,,,11111064
2026-07-07T17:06:22.143670,2026-07-07T17:06:22.162791+00:00,142.1,6,bid,,,11111069
2026-07-07T17:06:22.364335,2026-07-07T17:06:22.376277+00:00,141.9,50,ask,,,11111074
2026-07-07T17:06:22.637063,2026-07-07T17:06:22.645161+00:00,142.1,48,bid,,,11111077
2026-07-07T17:06:22.693786,2026-07-07T17:06:22.701512+00:00,141.9,49,ask,,,11111080
2026-07-07T17:06:23.793900,2026-07-07T17:06:23.804513+00:00,142.2,49,ask,,,11111100
2026-07-07T17:06:24.284252,2026-07-07T17:06:24.292520+00:00,142.6,12,bid,,,11111111
2026-07-07T17:06:24.284252,2026-07-07T17:06:24.297748+00:00,142.7,36,bid,,,11111112
2026-07-07T17:06:24.366966,2026-07-07T17:06:24.374679+00:00,142.2,100,ask,,,11111114
2026-07-07T17:06:24.499900,2026-07-07T17:06:24.511510+00:00,142.2,1,ask,,,11111117
2026-07-07T17:06:24.499900,2026-07-07T17:06:24.511510+00:00,141.7,49,ask,,,11111118
2026-07-07T17:06:26.608945,2026-07-07T17:06:26.620552+00:00,141.8,12,ask,,,11111137
2026-07-07T17:06:26.608945,2026-07-07T17:06:26.620552+00:00,141.7,38,ask,,,11111138
2026-07-07T17:06:28.747034,2026-07-07T17:06:28.758571+00:00,141.6,50,ask,,,11111171
2026-07-07T17:06:29.423776,2026-07-07T17:06:29.435372+00:00,141.6,49,ask,,,11111178
2026-07-07T17:06:30.856599,2026-07-07T17:06:30.868579+00:00,141.5,50,ask,,,11111202
2026-07-07T17:06:32.971970,2026-07-07T17:06:32.979225+00:00,141.5,50,ask,,,11111228
2026-07-07T17:06:35.079844,2026-07-07T17:06:35.088149+00:00,141.3,50,ask,,,11111252
2026-07-07T17:06:35.771237,2026-07-07T17:06:35.783104+00:00,141.5,49,bid,,,11111257
2026-07-07T17:06:37.166022,2026-07-07T17:06:37.174644+00:00,141.6,50,bid,,,11111268
2026-07-07T17:06:39.329936,2026-07-07T17:06:39.341320+00:00,141.2,50,ask,,,11111285
2026-07-07T17:06:41.461384,2026-07-07T17:06:41.477341+00:00,141.1,50,ask,,,11111314
2026-07-07T17:06:43.518266,2026-07-07T17:06:43.529959+00:00,141.4,50,bid,,,11111333
2026-07-07T17:06:44.162933,2026-07-07T17:06:44.174753+00:00,141.4,49,bid,,,11111347
2026-07-07T17:06:45.626674,2026-07-07T17:06:45.645571+00:00,141.4,50,bid,,,11111365
2026-07-07T17:06:45.893277,2026-07-07T17:06:45.904911+00:00,141.5,100,bid,,,11111370
2026-07-07T17:06:46.224355,2026-07-07T17:06:46.234190+00:00,141.6,49,ask,,,11111376
2026-07-07T17:06:46.808267,2026-07-07T17:06:46.819957+00:00,141.6,1,ask,,,11111383
2026-07-07T17:06:46.808267,2026-07-07T17:06:46.819957+00:00,141.3,48,ask,,,11111384
2026-07-07T17:06:47.458000,2026-07-07T17:06:47.469563+00:00,141.8,42,bid,,,11111399
2026-07-07T17:06:47.737675,2026-07-07T17:06:47.749435+00:00,141.8,50,bid,,,11111404
2026-07-07T17:06:49.626029,2026-07-07T17:06:49.637601+00:00,141.7,100,bid,,,11111426
2026-07-07T17:06:49.867974,2026-07-07T17:06:49.879434+00:00,141.7,50,bid,,,11111427
2026-07-07T17:06:50.214664,2026-07-07T17:06:50.225472+00:00,142.2,41,bid,,,11111431
2026-07-07T17:06:51.974159,2026-07-07T17:06:51.985718+00:00,142.2,50,bid,,,11111460
2026-07-07T17:06:52.219819,2026-07-07T17:06:52.231853+00:00,142.2,9,bid,,,11111465
2026-07-07T17:06:52.307490,2026-07-07T17:06:52.319234+00:00,142.4,6,ask,,,11111466
2026-07-07T17:06:52.839559,2026-07-07T17:06:52.847975+00:00,142.4,100,ask,,,11111471
2026-07-07T17:06:53.007289,2026-07-07T17:06:53.019140+00:00,142.4,35,ask,,,11111474
2026-07-07T17:06:53.007289,2026-07-07T17:06:53.019140+00:00,141.8,6,ask,,,11111475
2026-07-07T17:06:54.167472,2026-07-07T17:06:54.182529+00:00,141.8,50,ask,,,11111486
2026-07-07T17:06:54.460355,2026-07-07T17:06:54.472093+00:00,141.8,44,ask,,,11111489
2026-07-07T17:06:54.931005,2026-07-07T17:06:54.942476+00:00,142.7,10,bid,,,11111492
2026-07-07T17:06:54.931005,2026-07-07T17:06:54.942476+00:00,142.9,37,bid,,,11111493
2026-07-07T17:06:55.472214,2026-07-07T17:06:55.483009+00:00,142.0,6,bid,,,11111502
2026-07-07T17:06:56.199286,2026-07-07T17:06:56.209206+00:00,142.0,9,bid,,,11111515
2026-07-07T17:06:56.275282,2026-07-07T17:06:56.287000+00:00,141.9,50,ask,,,11111517
2026-07-07T17:06:56.419778,2026-07-07T17:06:56.428507+00:00,141.9,45,ask,,,11111518
2026-07-07T17:06:56.716077,2026-07-07T17:06:56.724123+00:00,142.0,1,bid,,,11111525
2026-07-07T17:06:58.383294,2026-07-07T17:06:58.395042+00:00,141.9,5,ask,,,11111550
2026-07-07T17:06:58.383294,2026-07-07T17:06:58.395042+00:00,141.5,45,ask,,,11111551
2026-07-07T17:06:59.015942,2026-07-07T17:06:59.027955+00:00,142.0,49,bid,,,11111560
2026-07-07T17:07:00.443018,2026-07-07T17:07:00.458582+00:00,142.0,50,bid,,,11111579
2026-07-07T17:07:02.578441,2026-07-07T17:07:02.585421+00:00,142.1,50,bid,,,11111600
2026-07-07T17:07:03.066100,2026-07-07T17:07:03.072919+00:00,141.8,49,ask,,,11111612
2026-07-07T17:07:04.685196,2026-07-07T17:07:04.696877+00:00,142.1,50,bid,,,11111626
2026-07-07T17:07:05.928667,2026-07-07T17:07:05.940162+00:00,142.2,49,bid,,,11111643
2026-07-07T17:07:06.487469,2026-07-07T17:07:06.498985+00:00,142.2,49,bid,,,11111653
2026-07-07T17:07:06.821967,2026-07-07T17:07:06.833648+00:00,142.2,50,bid,,,11111655
2026-07-07T17:07:07.054566,2026-07-07T17:07:07.063707+00:00,142.0,47,ask,,,11111659
2026-07-07T17:07:08.028917,2026-07-07T17:07:08.044493+00:00,142.0,42,ask,,,11111673
2026-07-07T17:07:08.929725,2026-07-07T17:07:08.940667+00:00,142.5,50,bid,,,11111683
2026-07-07T17:07:10.393008,2026-07-07T17:07:10.399934+00:00,142.5,46,bid,,,11111701
2026-07-07T17:07:11.066912,2026-07-07T17:07:11.074280+00:00,142.5,4,bid,,,11111709
2026-07-07T17:07:11.066912,2026-07-07T17:07:11.079279+00:00,142.9,46,bid,,,11111710
2026-07-07T17:07:11.227705,2026-07-07T17:07:11.238359+00:00,143.0,6,ask,,,11111713
2026-07-07T17:07:11.866127,2026-07-07T17:07:11.874037+00:00,143.0,100,ask,,,11111719
2026-07-07T17:07:12.286972,2026-07-07T17:07:12.301048+00:00,143.0,40,ask,,,11111726
2026-07-07T17:07:12.744418,2026-07-07T17:07:12.758564+00:00,143.4,12,bid,,,11111738
2026-07-07T17:07:12.744418,2026-07-07T17:07:12.758564+00:00,143.5,37,bid,,,11111739
2026-07-07T17:07:13.176595,2026-07-07T17:07:13.189225+00:00,143.5,50,bid,,,11111744
2026-07-07T17:07:13.304490,2026-07-07T17:07:13.313587+00:00,143.0,4,ask,,,11111745
2026-07-07T17:07:14.364992,2026-07-07T17:07:14.376909+00:00,142.6,12,ask,,,11111765
2026-07-07T17:07:14.364992,2026-07-07T17:07:14.376909+00:00,142.5,36,ask,,,11111766
2026-07-07T17:07:14.835501,2026-07-07T17:07:14.847080+00:00,143.0,43,bid,,,11111769
2026-07-07T17:07:15.283057,2026-07-07T17:07:15.293882+00:00,142.9,50,bid,,,11111780
2026-07-07T17:07:17.389698,2026-07-07T17:07:17.401246+00:00,142.9,50,bid,,,11111805
2026-07-07T17:07:18.537225,2026-07-07T17:07:18.547782+00:00,143.0,42,ask,,,11111819
2026-07-07T17:07:19.144498,2026-07-07T17:07:19.158583+00:00,143.0,40,ask,,,11111834
2026-07-07T17:07:19.498963,2026-07-07T17:07:19.510758+00:00,143.2,12,bid,,,11111837
2026-07-07T17:07:19.498963,2026-07-07T17:07:19.510758+00:00,143.3,38,bid,,,11111838
2026-07-07T17:07:21.607691,2026-07-07T17:07:21.619200+00:00,143.3,50,bid,,,11111866
2026-07-07T17:07:23.040088,2026-07-07T17:07:23.049762+00:00,143.3,12,bid,,,11111873
2026-07-07T17:07:23.266646,2026-07-07T17:07:23.278503+00:00,143.3,38,bid,,,11111879
2026-07-07T17:07:23.266646,2026-07-07T17:07:23.278503+00:00,143.6,4,bid,,,11111880
2026-07-07T17:07:23.780187,2026-07-07T17:07:23.789770+00:00,143.1,50,ask,,,11111886
2026-07-07T17:07:23.916163,2026-07-07T17:07:23.928554+00:00,143.1,42,ask,,,11111890
2026-07-07T17:07:26.451597,2026-07-07T17:07:26.463644+00:00,143.3,42,ask,,,11111933
2026-07-07T17:07:27.941064,2026-07-07T17:07:27.953215+00:00,143.4,50,bid,,,11111942
2026-07-07T17:07:28.397471,2026-07-07T17:07:28.409012+00:00,143.4,41,bid,,,11111948
2026-07-07T17:07:32.245072,2026-07-07T17:07:32.252603+00:00,143.3,50,ask,,,11111997
2026-07-07T17:07:32.981912,2026-07-07T17:07:32.990344+00:00,143.3,7,ask,,,11112011
2026-07-07T17:07:34.301211,2026-07-07T17:07:34.312913+00:00,143.5,12,bid,,,11112033
2026-07-07T17:07:34.301211,2026-07-07T17:07:34.312913+00:00,143.5,38,bid,,,11112034
2026-07-07T17:07:40.325026,2026-07-07T17:07:40.332698+00:00,143.5,100,ask,,,11112112
2026-07-07T17:07:40.620039,2026-07-07T17:07:40.632104+00:00,143.7,12,bid,,,11112116
2026-07-07T17:07:40.620039,2026-07-07T17:07:40.632104+00:00,144.0,38,bid,,,11112117
2026-07-07T17:07:40.851212,2026-07-07T17:07:40.860822+00:00,143.5,23,ask,,,11112121
2026-07-07T17:07:42.223977,2026-07-07T17:07:42.231824+00:00,143.9,12,bid,,,11112148
2026-07-07T17:07:42.223977,2026-07-07T17:07:42.237207+00:00,144.0,30,bid,,,11112149
2026-07-07T17:07:42.730119,2026-07-07T17:07:42.741860+00:00,144.0,50,bid,,,11112163
2026-07-07T17:07:44.841254,2026-07-07T17:07:44.849626+00:00,143.7,12,bid,,,11112189
2026-07-07T17:07:44.841254,2026-07-07T17:07:44.854855+00:00,143.8,38,bid,,,11112190
2026-07-07T17:07:46.792724,2026-07-07T17:07:46.804458+00:00,143.4,47,ask,,,11112209
2026-07-07T17:07:47.003908,2026-07-07T17:07:47.015490+00:00,143.4,50,ask,,,11112214
2026-07-07T17:07:47.773585,2026-07-07T17:07:47.785319+00:00,143.4,3,ask,,,11112222
2026-07-07T17:07:47.773585,2026-07-07T17:07:47.785319+00:00,143.3,12,ask,,,11112223
2026-07-07T17:07:47.773585,2026-07-07T17:07:47.785319+00:00,143.3,30,ask,,,11112224
2026-07-07T17:07:48.804400,2026-07-07T17:07:48.815925+00:00,143.8,49,bid,,,11112238
2026-07-07T17:07:49.111389,2026-07-07T17:07:49.123108+00:00,143.3,50,ask,,,11112243
2026-07-07T17:07:53.326884,2026-07-07T17:07:53.338929+00:00,143.2,12,ask,,,11112301
2026-07-07T17:07:53.326884,2026-07-07T17:07:53.338929+00:00,143.2,38,ask,,,11112302
2026-07-07T17:07:55.438088,2026-07-07T17:07:55.449509+00:00,143.2,50,ask,,,11112333
2026-07-07T17:07:55.550137,2026-07-07T17:07:55.558538+00:00,143.1,100,ask,,,11112335
2026-07-07T17:07:55.550137,2026-07-07T17:07:55.558538+00:00,143.1,12,ask,,,11112336
2026-07-07T17:07:56.019721,2026-07-07T17:07:56.034182+00:00,143.1,23,bid,,,11112346
2026-07-07T17:07:56.621997,2026-07-07T17:07:56.633839+00:00,143.1,15,bid,,,11112360
2026-07-07T17:07:56.621997,2026-07-07T17:07:56.633839+00:00,143.2,25,bid,,,11112361
2026-07-07T17:07:57.546154,2026-07-07T17:07:57.557717+00:00,142.9,12,ask,,,11112371
2026-07-07T17:07:57.546154,2026-07-07T17:07:57.557717+00:00,142.7,38,ask,,,11112372
2026-07-07T17:07:58.137511,2026-07-07T17:07:58.149074+00:00,143.2,42,bid,,,11112381
2026-07-07T17:07:58.662536,2026-07-07T17:07:58.674779+00:00,143.2,33,bid,,,11112394
2026-07-07T17:07:58.662536,2026-07-07T17:07:58.674779+00:00,143.2,12,bid,,,11112395
2026-07-07T17:07:58.733582,2026-07-07T17:07:58.743774+00:00,143.2,12,ask,,,11112397
2026-07-07T17:07:59.655951,2026-07-07T17:07:59.655136+00:00,143.2,50,ask,,,11112408
2026-07-07T17:08:01.767179,2026-07-07T17:08:01.779176+00:00,143.2,43,ask,,,11112426
2026-07-07T17:08:01.767179,2026-07-07T17:08:01.779176+00:00,143.1,7,ask,,,11112427
2026-07-07T17:08:03.877278,2026-07-07T17:08:03.888586+00:00,142.9,5,ask,,,11112456
2026-07-07T17:08:03.877278,2026-07-07T17:08:03.888586+00:00,142.8,45,ask,,,11112457
2026-07-07T17:08:05.876439,2026-07-07T17:08:05.888214+00:00,142.8,48,ask,,,11112484
2026-07-07T17:08:05.991254,2026-07-07T17:08:06.005414+00:00,142.8,50,ask,,,11112486
2026-07-07T17:08:08.097720,2026-07-07T17:08:08.109543+00:00,142.8,50,ask,,,11112510
2026-07-07T17:08:08.240796,2026-07-07T17:08:08.249654+00:00,142.8,100,ask,,,11112513
2026-07-07T17:08:08.262829,2026-07-07T17:08:08.274050+00:00,142.7,29,bid,,,11112514
2026-07-07T17:08:10.207180,2026-07-07T17:08:10.219112+00:00,142.4,50,ask,,,11112541
2026-07-07T17:08:12.264010,2026-07-07T17:08:12.270668+00:00,142.7,50,bid,,,11112565
2026-07-07T17:08:13.726600,2026-07-07T17:08:13.738459+00:00,142.7,49,bid,,,11112598
2026-07-07T17:08:14.421439,2026-07-07T17:08:14.432934+00:00,142.6,50,ask,,,11112609
2026-07-07T17:08:17.198599,2026-07-07T17:08:17.208978+00:00,142.5,42,ask,,,11112663
2026-07-07T17:08:18.633546,2026-07-07T17:08:18.645111+00:00,142.7,50,ask,,,11112677
2026-07-07T17:08:20.752336,2026-07-07T17:08:20.757314+00:00,142.7,50,ask,,,11112716
2026-07-07T17:08:20.777254,2026-07-07T17:08:20.789047+00:00,142.9,43,bid,,,11112717
2026-07-07T17:08:22.420994,2026-07-07T17:08:22.432824+00:00,142.9,42,bid,,,11112736
2026-07-07T17:08:24.912759,2026-07-07T17:08:24.924660+00:00,143.1,50,bid,,,11112773
2026-07-07T17:08:25.167096,2026-07-07T17:08:25.178804+00:00,142.7,42,ask,,,11112779
2026-07-07T17:08:26.707133,2026-07-07T17:08:26.719022+00:00,143.1,41,bid,,,11112797
2026-07-07T17:08:27.021326,2026-07-07T17:08:27.028670+00:00,143.1,50,bid,,,11112799
2026-07-07T17:08:27.792887,2026-07-07T17:08:27.804565+00:00,143.1,100,ask,,,11112808
2026-07-07T17:08:28.114143,2026-07-07T17:08:28.122441+00:00,143.1,17,ask,,,11112810
2026-07-07T17:08:29.178517,2026-07-07T17:08:29.190006+00:00,143.1,33,ask,,,11112820
2026-07-07T17:08:29.178517,2026-07-07T17:08:29.190006+00:00,142.3,17,ask,,,11112821
2026-07-07T17:08:30.407975,2026-07-07T17:08:30.418374+00:00,142.8,17,bid,,,11112838
2026-07-07T17:08:33.411708,2026-07-07T17:08:33.422464+00:00,142.4,50,ask,,,11112872
2026-07-07T17:08:34.807099,2026-07-07T17:08:34.818663+00:00,142.5,49,ask,,,11112888
2026-07-07T17:08:35.779562,2026-07-07T17:08:35.790673+00:00,143.0,43,bid,,,11112895
2026-07-07T17:08:38.417136,2026-07-07T17:08:38.428810+00:00,142.6,43,ask,,,11112926
2026-07-07T17:08:38.988604,2026-07-07T17:08:38.996147+00:00,142.6,44,ask,,,11112932
2026-07-07T17:08:39.730327,2026-07-07T17:08:39.741354+00:00,142.6,50,ask,,,11112946
2026-07-07T17:08:39.891262,2026-07-07T17:08:39.903236+00:00,142.5,100,ask,,,11112947
2026-07-07T17:08:41.785413,2026-07-07T17:08:41.796901+00:00,142.4,50,bid,,,11112965
2026-07-07T17:08:42.510742,2026-07-07T17:08:42.524273+00:00,142.5,41,bid,,,11112971
2026-07-07T17:08:43.075972,2026-07-07T17:08:43.087800+00:00,142.5,48,bid,,,11112979
2026-07-07T17:08:43.896128,2026-07-07T17:08:43.907822+00:00,142.7,50,bid,,,11112993
2026-07-07T17:08:45.692565,2026-07-07T17:08:45.699122+00:00,142.3,40,ask,,,11113008
2026-07-07T17:08:46.004385,2026-07-07T17:08:46.016126+00:00,142.7,50,bid,,,11113009
2026-07-07T17:08:46.246939,2026-07-07T17:08:46.264040+00:00,142.8,44,bid,,,11113010
2026-07-07T17:08:46.733023,2026-07-07T17:08:46.748352+00:00,142.8,100,bid,,,11113020
2026-07-07T17:08:47.768563,2026-07-07T17:08:47.779578+00:00,142.8,6,bid,,,11113035
2026-07-07T17:08:48.786519,2026-07-07T17:08:48.797518+00:00,142.3,49,ask,,,11113054
2026-07-07T17:08:49.910098,2026-07-07T17:08:49.920155+00:00,142.7,44,ask,,,11113067
2026-07-07T17:08:50.217843,2026-07-07T17:08:50.229494+00:00,142.9,50,bid,,,11113070
2026-07-07T17:08:50.457126,2026-07-07T17:08:50.463545+00:00,142.9,47,bid,,,11113072
2026-07-07T17:08:52.383080,2026-07-07T17:08:52.394680+00:00,142.7,50,ask,,,11113097
2026-07-07T17:08:53.073066,2026-07-07T17:08:53.081461+00:00,143.0,100,bid,,,11113108
2026-07-07T17:08:54.438648,2026-07-07T17:08:54.445603+00:00,143.0,50,bid,,,11113136
2026-07-07T17:08:56.285494,2026-07-07T17:08:56.297119+00:00,143.2,100,ask,,,11113156
2026-07-07T17:08:56.546105,2026-07-07T17:08:56.558554+00:00,143.5,12,bid,,,11113164
2026-07-07T17:08:56.546105,2026-07-07T17:08:56.558554+00:00,143.7,38,bid,,,11113165
2026-07-07T17:08:57.790335,2026-07-07T17:08:57.799368+00:00,143.2,6,ask,,,11113190
2026-07-07T17:08:58.655564,2026-07-07T17:08:58.667183+00:00,143.5,12,bid,,,11113201
2026-07-07T17:08:58.655564,2026-07-07T17:08:58.667183+00:00,143.7,38,bid,,,11113202
2026-07-07T17:09:00.212426,2026-07-07T17:09:00.222168+00:00,143.2,11,ask,,,11113223
2026-07-07T17:09:00.486959,2026-07-07T17:09:00.498641+00:00,143.1,12,ask,,,11113228
2026-07-07T17:09:00.486959,2026-07-07T17:09:00.498641+00:00,143.0,35,ask,,,11113229
2026-07-07T17:09:00.765574,2026-07-07T17:09:00.777324+00:00,143.3,50,bid,,,11113234
2026-07-07T17:09:00.976322,2026-07-07T17:09:00.987863+00:00,143.0,47,ask,,,11113239
2026-07-07T17:09:02.061136,2026-07-07T17:09:02.072970+00:00,142.9,1,ask,,,11113258
2026-07-07T17:09:03.092701,2026-07-07T17:09:03.104030+00:00,142.9,17,bid,,,11113269
2026-07-07T17:09:07.082968,2026-07-07T17:09:07.094786+00:00,143.2,50,bid,,,11113324
2026-07-07T17:09:09.240951,2026-07-07T17:09:09.247611+00:00,143.1,50,ask,,,11113351
2026-07-07T17:09:11.144825,2026-07-07T17:09:11.163903+00:00,143.6,12,bid,,,11113372
2026-07-07T17:09:11.144825,2026-07-07T17:09:11.163903+00:00,143.6,35,bid,,,11113373
2026-07-07T17:09:11.296618,2026-07-07T17:09:11.305314+00:00,143.6,50,bid,,,11113374
2026-07-07T17:09:13.273368,2026-07-07T17:09:13.285278+00:00,143.6,49,bid,,,11113403
2026-07-07T17:09:13.330180,2026-07-07T17:09:13.337012+00:00,143.3,48,ask,,,11113405
2026-07-07T17:09:13.402831,2026-07-07T17:09:13.414047+00:00,143.6,50,bid,,,11113406
2026-07-07T17:09:14.393261,2026-07-07T17:09:14.400376+00:00,143.6,1,bid,,,11113417
2026-07-07T17:09:14.393261,2026-07-07T17:09:14.400376+00:00,143.8,48,bid,,,11113418
2026-07-07T17:09:14.917161,2026-07-07T17:09:14.923808+00:00,143.4,12,ask,,,11113429
2026-07-07T17:09:14.917161,2026-07-07T17:09:14.929228+00:00,143.4,32,ask,,,11113430
2026-07-07T17:09:15.224672,2026-07-07T17:09:15.235715+00:00,143.5,6,ask,,,11113435
2026-07-07T17:09:15.508408,2026-07-07T17:09:15.520001+00:00,143.7,12,bid,,,11113441
2026-07-07T17:09:15.508408,2026-07-07T17:09:15.520001+00:00,143.9,38,bid,,,11113442
2026-07-07T17:09:15.516193,2026-07-07T17:09:15.525268+00:00,143.5,47,ask,,,11113443
2026-07-07T17:09:17.618440,2026-07-07T17:09:17.626282+00:00,143.9,50,bid,,,11113474
2026-07-07T17:09:19.564200,2026-07-07T17:09:19.578951+00:00,143.9,44,bid,,,11113500
2026-07-07T17:09:19.570092,2026-07-07T17:09:19.578951+00:00,143.6,11,ask,,,11113501
2026-07-07T17:09:19.725117,2026-07-07T17:09:19.736842+00:00,143.9,50,bid,,,11113510
2026-07-07T17:09:21.057695,2026-07-07T17:09:21.069555+00:00,143.9,6,bid,,,11113524
2026-07-07T17:09:21.057695,2026-07-07T17:09:21.069555+00:00,143.9,12,bid,,,11113525
2026-07-07T17:09:21.535606,2026-07-07T17:09:21.546449+00:00,143.5,12,ask,,,11113528
2026-07-07T17:09:21.535606,2026-07-07T17:09:21.546449+00:00,143.5,33,ask,,,11113529
2026-07-07T17:09:21.861825,2026-07-07T17:09:21.874360+00:00,143.9,12,bid,,,11113535
2026-07-07T17:09:21.861825,2026-07-07T17:09:21.874360+00:00,144.0,38,bid,,,11113536
2026-07-07T17:09:22.550311,2026-07-07T17:09:22.561873+00:00,143.6,42,ask,,,11113547
2026-07-07T17:09:23.987723,2026-07-07T17:09:23.998053+00:00,144.0,50,bid,,,11113568
2026-07-07T17:09:24.171731,2026-07-07T17:09:24.181520+00:00,143.7,12,ask,,,11113569
2026-07-07T17:09:25.198430,2026-07-07T17:09:25.210372+00:00,144.0,12,bid,,,11113588
2026-07-07T17:09:25.198430,2026-07-07T17:09:25.210372+00:00,144.1,37,bid,,,11113589
2026-07-07T17:09:26.157693,2026-07-07T17:09:26.169535+00:00,143.7,50,ask,,,11113601
2026-07-07T17:09:26.212311,2026-07-07T17:09:26.223908+00:00,144.1,43,bid,,,11113602
2026-07-07T17:09:28.265030,2026-07-07T17:09:28.274577+00:00,143.7,50,ask,,,11113633
2026-07-07T17:09:30.310840,2026-07-07T17:09:30.322520+00:00,143.7,47,ask,,,11113660
2026-07-07T17:09:30.375046,2026-07-07T17:09:30.386817+00:00,143.7,3,ask,,,11113662
2026-07-07T17:09:30.375046,2026-07-07T17:09:30.386817+00:00,143.5,47,ask,,,11113663
2026-07-07T17:09:32.483565,2026-07-07T17:09:32.495223+00:00,143.5,12,ask,,,11113688
2026-07-07T17:09:32.483565,2026-07-07T17:09:32.495223+00:00,143.5,38,ask,,,11113689
2026-07-07T17:09:34.629353,2026-07-07T17:09:34.641530+00:00,143.4,50,ask,,,11113725
2026-07-07T17:09:35.530782,2026-07-07T17:09:35.542490+00:00,143.9,12,bid,,,11113736
2026-07-07T17:09:35.530782,2026-07-07T17:09:35.542490+00:00,143.9,30,bid,,,11113737
2026-07-07T17:09:37.067122,2026-07-07T17:09:37.076120+00:00,143.6,12,ask,,,11113760
2026-07-07T17:09:37.067122,2026-07-07T17:09:37.076120+00:00,143.5,37,ask,,,11113761
2026-07-07T17:09:38.825300,2026-07-07T17:09:38.834066+00:00,143.8,12,bid,,,11113786
2026-07-07T17:09:38.825300,2026-07-07T17:09:38.839474+00:00,144.0,38,bid,,,11113787
2026-07-07T17:09:39.219047,2026-07-07T17:09:39.226577+00:00,144.0,47,bid,,,11113794
2026-07-07T17:09:40.938792,2026-07-07T17:09:40.950622+00:00,143.8,50,bid,,,11113818
2026-07-07T17:09:41.239052,2026-07-07T17:09:41.250756+00:00,143.6,44,ask,,,11113824
2026-07-07T17:09:42.953009,2026-07-07T17:09:42.964776+00:00,143.6,44,ask,,,11113837
2026-07-07T17:09:43.075866,2026-07-07T17:09:43.084440+00:00,143.8,50,bid,,,11113839
2026-07-07T17:09:43.677901,2026-07-07T17:09:43.696055+00:00,143.7,12,bid,,,11113846
2026-07-07T17:09:43.678143,2026-07-07T17:09:43.696055+00:00,143.7,100,bid,,,11113847
2026-07-07T17:09:44.529183,2026-07-07T17:09:44.508483+00:00,143.7,38,bid,,,11113855
2026-07-07T17:09:44.529183,2026-07-07T17:09:44.508483+00:00,143.8,5,bid,,,11113856
2026-07-07T17:09:45.191394,2026-07-07T17:09:45.203188+00:00,143.8,7,bid,,,11113863
2026-07-07T17:09:45.191394,2026-07-07T17:09:45.203188+00:00,144.3,43,bid,,,11113864
2026-07-07T17:09:46.315348,2026-07-07T17:09:46.328329+00:00,143.9,12,ask,,,11113882
2026-07-07T17:09:47.306339,2026-07-07T17:09:47.315212+00:00,144.1,50,bid,,,11113896
2026-07-07T17:09:47.430177,2026-07-07T17:09:47.437698+00:00,143.9,42,ask,,,11113897
2026-07-07T17:09:49.180399,2026-07-07T17:09:49.192113+00:00,144.0,12,bid,,,11113921
2026-07-07T17:09:49.180399,2026-07-07T17:09:49.192113+00:00,144.1,31,bid,,,11113922
2026-07-07T17:09:49.415188,2026-07-07T17:09:49.423285+00:00,144.1,19,bid,,,11113926
2026-07-07T17:09:50.005102,2026-07-07T17:09:50.011750+00:00,144.2,12,bid,,,11113933
2026-07-07T17:09:50.754059,2026-07-07T17:09:50.763516+00:00,144.2,34,ask,,,11113947
2026-07-07T17:09:51.036323,2026-07-07T17:09:51.045925+00:00,144.2,12,ask,,,11113951
2026-07-07T17:09:51.218136,2026-07-07T17:09:51.226895+00:00,144.2,42,ask,,,11113955
2026-07-07T17:09:51.548994,2026-07-07T17:09:51.552280+00:00,144.3,50,bid,,,11113960
2026-07-07T17:09:52.305558,2026-07-07T17:09:52.317405+00:00,144.3,48,bid,,,11113971
2026-07-07T17:09:53.321513,2026-07-07T17:09:53.330642+00:00,144.0,12,ask,,,11113988
2026-07-07T17:09:53.498991,2026-07-07T17:09:53.510471+00:00,144.0,47,ask,,,11113992
2026-07-07T17:09:53.659674,2026-07-07T17:09:53.671571+00:00,144.1,50,bid,,,11113994
2026-07-07T17:09:55.795970,2026-07-07T17:09:55.806913+00:00,144.1,50,bid,,,11114031
2026-07-07T17:09:57.318546,2026-07-07T17:09:57.327011+00:00,144.0,12,bid,,,11114048
2026-07-07T17:09:57.955394,2026-07-07T17:09:57.967273+00:00,143.9,50,ask,,,11114061
2026-07-07T17:10:00.067485,2026-07-07T17:10:00.079896+00:00,144.0,50,ask,,,11114079
2026-07-07T17:10:01.162803,2026-07-07T17:10:01.176922+00:00,144.5,29,bid,,,11114095
2026-07-07T17:10:02.173738,2026-07-07T17:10:02.185246+00:00,144.0,50,ask,,,11114114
2026-07-07T17:10:03.601721,2026-07-07T17:10:03.608644+00:00,143.9,48,ask,,,11114125
2026-07-07T17:10:04.282186,2026-07-07T17:10:04.293721+00:00,143.9,50,ask,,,11114135
2026-07-07T17:10:05.343997,2026-07-07T17:10:05.355889+00:00,143.7,12,ask,,,11114154
2026-07-07T17:10:05.359674,2026-07-07T17:10:05.369934+00:00,143.7,22,bid,,,11114155
2026-07-07T17:10:06.655319,2026-07-07T17:10:06.667009+00:00,143.7,49,bid,,,11114171
2026-07-07T17:10:08.504764,2026-07-07T17:10:08.513499+00:00,143.6,9,ask,,,11114200
2026-07-07T17:10:08.504764,2026-07-07T17:10:08.513499+00:00,143.6,41,ask,,,11114201
2026-07-07T17:10:09.507560,2026-07-07T17:10:09.515215+00:00,143.8,12,bid,,,11114211
2026-07-07T17:10:10.459724,2026-07-07T17:10:10.479692+00:00,143.8,12,bid,,,11114220
2026-07-07T17:10:10.538737,2026-07-07T17:10:10.548260+00:00,143.8,12,bid,,,11114223
2026-07-07T17:10:10.612274,2026-07-07T17:10:10.621645+00:00,143.6,50,ask,,,11114227
2026-07-07T17:10:11.333708,2026-07-07T17:10:11.341510+00:00,143.8,12,bid,,,11114243
2026-07-07T17:10:12.383846,2026-07-07T17:10:12.393792+00:00,143.9,49,bid,,,11114252
2026-07-07T17:10:12.721448,2026-07-07T17:10:12.729088+00:00,143.6,12,ask,,,11114254
2026-07-07T17:10:12.721448,2026-07-07T17:10:12.734587+00:00,143.5,38,ask,,,11114255
2026-07-07T17:10:13.467652,2026-07-07T17:10:13.477506+00:00,143.9,48,bid,,,11114266
2026-07-07T17:10:14.831339,2026-07-07T17:10:14.839398+00:00,143.4,50,ask,,,11114282
2026-07-07T17:10:15.006257,2026-07-07T17:10:15.017941+00:00,143.4,49,ask,,,11114286
2026-07-07T17:10:16.976577,2026-07-07T17:10:16.985627+00:00,143.6,12,ask,,,11114302
2026-07-07T17:10:16.976577,2026-07-07T17:10:16.985627+00:00,143.5,38,ask,,,11114303
2026-07-07T17:10:17.016396,2026-07-07T17:10:17.026180+00:00,143.7,17,bid,,,11114305
2026-07-07T17:10:18.178378,2026-07-07T17:10:18.190844+00:00,144.0,40,bid,,,11114321
2026-07-07T17:10:19.086597,2026-07-07T17:10:19.096644+00:00,143.6,50,ask,,,11114332
2026-07-07T17:10:20.162696,2026-07-07T17:10:20.174104+00:00,143.6,46,ask,,,11114345
2026-07-07T17:10:23.271802,2026-07-07T17:10:23.283846+00:00,144.0,50,bid,,,11114388
2026-07-07T17:10:24.143129,2026-07-07T17:10:24.163874+00:00,144.0,49,bid,,,11114394
2026-07-07T17:10:24.293419,2026-07-07T17:10:24.301988+00:00,144.0,100,bid,,,11114396
2026-07-07T17:10:25.280954,2026-07-07T17:10:25.292428+00:00,144.0,44,ask,,,11114413
2026-07-07T17:10:25.380806,2026-07-07T17:10:25.392358+00:00,144.3,12,bid,,,11114415
2026-07-07T17:10:25.380806,2026-07-07T17:10:25.392358+00:00,144.4,38,bid,,,11114416
2026-07-07T17:10:25.767758,2026-07-07T17:10:25.779479+00:00,144.4,43,bid,,,11114424
2026-07-07T17:10:25.823084,2026-07-07T17:10:25.835069+00:00,144.0,6,ask,,,11114425
2026-07-07T17:10:25.823084,2026-07-07T17:10:25.835069+00:00,144.0,12,ask,,,11114426
2026-07-07T17:10:26.325243,2026-07-07T17:10:26.337056+00:00,143.9,42,ask,,,11114437
2026-07-07T17:10:27.510045,2026-07-07T17:10:27.519340+00:00,143.9,58,ask,,,11114450
2026-07-07T17:10:27.524864,2026-07-07T17:10:27.535228+00:00,143.9,50,bid,,,11114451
2026-07-07T17:10:27.563843,2026-07-07T17:10:27.571052+00:00,143.9,42,bid,,,11114453
2026-07-07T17:10:27.563843,2026-07-07T17:10:27.576049+00:00,144.4,1,bid,,,11114454
2026-07-07T17:10:29.630732,2026-07-07T17:10:29.641215+00:00,144.2,50,bid,,,11114474
2026-07-07T17:10:29.952331,2026-07-07T17:10:29.963959+00:00,144.2,40,bid,,,11114479
2026-07-07T17:10:31.751250,2026-07-07T17:10:31.758555+00:00,144.2,12,bid,,,11114489
2026-07-07T17:10:31.751250,2026-07-07T17:10:31.758555+00:00,144.4,38,bid,,,11114490
2026-07-07T17:10:32.647385,2026-07-07T17:10:32.658595+00:00,144.0,45,ask,,,11114504
2026-07-07T17:10:33.793547,2026-07-07T17:10:33.804983+00:00,144.2,17,ask,,,11114515
2026-07-07T17:10:33.859108,2026-07-07T17:10:33.870724+00:00,144.4,12,bid,,,11114517
2026-07-07T17:10:33.859108,2026-07-07T17:10:33.870724+00:00,144.5,38,bid,,,11114518
2026-07-07T17:10:35.888528,2026-07-07T17:10:35.899130+00:00,144.2,12,ask,,,11114543
2026-07-07T17:10:35.989768,2026-07-07T17:10:36.001393+00:00,144.5,12,bid,,,11114545
2026-07-07T17:10:35.989768,2026-07-07T17:10:36.001393+00:00,144.6,38,bid,,,11114546
2026-07-07T17:10:38.099746,2026-07-07T17:10:38.111792+00:00,144.3,12,bid,,,11114566
2026-07-07T17:10:38.099746,2026-07-07T17:10:38.111792+00:00,144.4,38,bid,,,11114567
2026-07-07T17:10:40.288972,2026-07-07T17:10:40.300739+00:00,144.2,50,ask,,,11114597
2026-07-07T17:10:40.617816,2026-07-07T17:10:40.626637+00:00,144.2,11,ask,,,11114601
2026-07-07T17:10:41.881471,2026-07-07T17:10:41.893229+00:00,144.3,45,bid,,,11114620
2026-07-07T17:10:42.402531,2026-07-07T17:10:42.415414+00:00,144.1,50,ask,,,11114630
2026-07-07T17:10:44.010569,2026-07-07T17:10:44.018919+00:00,144.1,44,ask,,,11114652
2026-07-07T17:10:44.510222,2026-07-07T17:10:44.564107+00:00,144.1,50,ask,,,11114657
2026-07-07T17:10:45.849943,2026-07-07T17:10:45.858701+00:00,144.3,11,bid,,,11114678
2026-07-07T17:10:48.485188,2026-07-07T17:10:48.495355+00:00,144.6,47,bid,,,11114708
2026-07-07T17:10:48.698428,2026-07-07T17:10:48.709935+00:00,144.6,50,bid,,,11114713
2026-07-07T17:10:50.805287,2026-07-07T17:10:50.816973+00:00,144.7,12,bid,,,11114740
2026-07-07T17:10:50.805287,2026-07-07T17:10:50.816973+00:00,144.8,38,bid,,,11114741
2026-07-07T17:10:51.050929,2026-07-07T17:10:51.058586+00:00,144.6,41,ask,,,11114746
2026-07-07T17:10:52.113616,2026-07-07T17:10:52.125286+00:00,144.8,46,bid,,,11114766
2026-07-07T17:10:52.595381,2026-07-07T17:10:52.607074+00:00,144.6,49,ask,,,11114771
2026-07-07T17:10:53.742194,2026-07-07T17:10:53.753328+00:00,144.9,11,ask,,,11114788
2026-07-07T17:10:55.049477,2026-07-07T17:10:55.058650+00:00,144.9,34,ask,,,11114810
2026-07-07T17:10:55.071216,2026-07-07T17:10:55.082915+00:00,144.9,50,ask,,,11114812
2026-07-07T17:10:55.994115,2026-07-07T17:10:56.004949+00:00,144.9,11,bid,,,11114827
2026-07-07T17:10:56.592881,2026-07-07T17:10:56.601536+00:00,144.8,12,bid,,,11114835
2026-07-07T17:10:57.177860,2026-07-07T17:10:57.189304+00:00,144.6,12,ask,,,11114855
2026-07-07T17:10:57.177860,2026-07-07T17:10:57.189304+00:00,144.4,38,ask,,,11114856
2026-07-07T17:10:57.552582,2026-07-07T17:10:57.561094+00:00,144.8,11,bid,,,11114863
2026-07-07T17:10:58.997616,2026-07-07T17:10:59.007352+00:00,144.8,23,bid,,,11114884
2026-07-07T17:10:59.285529,2026-07-07T17:10:59.297375+00:00,144.7,50,ask,,,11114886
2026-07-07T17:10:59.585079,2026-07-07T17:10:59.596573+00:00,144.8,12,bid,,,11114896
2026-07-07T17:11:01.393826,2026-07-07T17:11:01.405909+00:00,144.8,50,ask,,,11114921
2026-07-07T17:11:02.311442,2026-07-07T17:11:02.327884+00:00,144.8,50,ask,,,11114933
2026-07-07T17:11:02.311442,2026-07-07T17:11:02.327884+00:00,144.7,12,ask,,,11114934
2026-07-07T17:11:02.413080,2026-07-07T17:11:02.422705+00:00,144.7,48,bid,,,11114938
2026-07-07T17:11:02.472405,2026-07-07T17:11:02.479228+00:00,144.3,12,ask,,,11114943
2026-07-07T17:11:02.472405,2026-07-07T17:11:02.484659+00:00,144.2,30,ask,,,11114944
2026-07-07T17:11:03.504417,2026-07-07T17:11:03.515945+00:00,144.3,12,ask,,,11114962
2026-07-07T17:11:03.504417,2026-07-07T17:11:03.515945+00:00,144.2,38,ask,,,11114963
2026-07-07T17:11:04.390596,2026-07-07T17:11:04.400269+00:00,144.2,40,ask,,,11114972
2026-07-07T17:11:05.561144,2026-07-07T17:11:05.572649+00:00,144.5,50,bid,,,11114990
2026-07-07T17:11:07.434492,2026-07-07T17:11:07.445868+00:00,144.5,49,bid,,,11115013
2026-07-07T17:11:07.668550,2026-07-07T17:11:07.679992+00:00,144.5,50,bid,,,11115017
2026-07-07T17:11:08.336241,2026-07-07T17:11:08.347848+00:00,144.5,1,bid,,,11115031
2026-07-07T17:11:08.336241,2026-07-07T17:11:08.347848+00:00,144.6,41,bid,,,11115032
2026-07-07T17:11:08.598289,2026-07-07T17:11:08.609628+00:00,144.6,59,bid,,,11115035
2026-07-07T17:11:08.598289,2026-07-07T17:11:08.609628+00:00,144.6,12,bid,,,11115036
2026-07-07T17:11:08.667959,2026-07-07T17:11:08.678191+00:00,144.8,23,ask,,,11115038
2026-07-07T17:11:09.775393,2026-07-07T17:11:09.787322+00:00,144.9,12,bid,,,11115054
2026-07-07T17:11:09.775393,2026-07-07T17:11:09.787322+00:00,145.0,38,bid,,,11115055
2026-07-07T17:11:09.815249,2026-07-07T17:11:09.823065+00:00,144.8,11,ask,,,11115058
2026-07-07T17:11:11.892214,2026-07-07T17:11:11.904006+00:00,144.7,50,bid,,,11115085
2026-07-07T17:11:14.001298,2026-07-07T17:11:14.015676+00:00,144.6,12,bid,,,11115101
2026-07-07T17:11:14.001298,2026-07-07T17:11:14.015676+00:00,144.7,38,bid,,,11115102
2026-07-07T17:11:16.045853,2026-07-07T17:11:16.054762+00:00,144.8,11,bid,,,11115127
2026-07-07T17:11:16.112182,2026-07-07T17:11:16.124234+00:00,144.8,50,bid,,,11115129
2026-07-07T17:11:18.127401,2026-07-07T17:11:18.137289+00:00,144.8,100,bid,,,11115158
2026-07-07T17:11:18.127401,2026-07-07T17:11:18.137289+00:00,144.8,12,bid,,,11115159
2026-07-07T17:11:18.221539,2026-07-07T17:11:18.233212+00:00,145.3,50,bid,,,11115161
2026-07-07T17:11:18.281196,2026-07-07T17:11:18.289860+00:00,144.8,11,ask,,,11115163
2026-07-07T17:11:18.877608,2026-07-07T17:11:18.889488+00:00,144.8,3,ask,,,11115171
2026-07-07T17:11:19.139706,2026-07-07T17:11:19.158550+00:00,144.8,3,ask,,,11115175
2026-07-07T17:11:19.399970,2026-07-07T17:11:19.411765+00:00,144.8,3,ask,,,11115179
2026-07-07T17:11:19.660495,2026-07-07T17:11:19.672067+00:00,144.8,3,ask,,,11115182
2026-07-07T17:11:19.920037,2026-07-07T17:11:19.931698+00:00,144.8,3,ask,,,11115188
2026-07-07T17:11:20.329955,2026-07-07T17:11:20.341782+00:00,145.2,12,bid,,,11115191
2026-07-07T17:11:20.329955,2026-07-07T17:11:20.341782+00:00,145.3,38,bid,,,11115192
2026-07-07T17:11:21.109960,2026-07-07T17:11:21.117408+00:00,144.8,12,ask,,,11115204
2026-07-07T17:11:21.109960,2026-07-07T17:11:21.122626+00:00,144.8,32,ask,,,11115205
2026-07-07T17:11:21.837914,2026-07-07T17:11:21.849348+00:00,145.0,100,bid,,,11115210
2026-07-07T17:11:22.437602,2026-07-07T17:11:22.449250+00:00,145.0,50,bid,,,11115221
2026-07-07T17:11:23.043453,2026-07-07T17:11:23.055469+00:00,144.6,11,ask,,,11115225
2026-07-07T17:11:23.043453,2026-07-07T17:11:23.055469+00:00,144.5,35,ask,,,11115226
2026-07-07T17:11:24.480381,2026-07-07T17:11:24.502200+00:00,144.9,12,bid,,,11115248
2026-07-07T17:11:24.493291,2026-07-07T17:11:24.502200+00:00,145.0,23,ask,,,11115250
2026-07-07T17:11:24.546525,2026-07-07T17:11:24.554434+00:00,145.5,50,bid,,,11115252
2026-07-07T17:11:24.724561,2026-07-07T17:11:24.736129+00:00,145.0,3,ask,,,11115259
2026-07-07T17:11:25.254813,2026-07-07T17:11:25.257361+00:00,145.0,3,ask,,,11115265
2026-07-07T17:11:26.171854,2026-07-07T17:11:26.183372+00:00,145.1,48,bid,,,11115282
2026-07-07T17:11:26.659853,2026-07-07T17:11:26.671840+00:00,145.1,50,bid,,,11115288
2026-07-07T17:11:28.818866,2026-07-07T17:11:28.830429+00:00,145.1,50,ask,,,11115315
2026-07-07T17:11:30.876112,2026-07-07T17:11:30.888063+00:00,145.6,50,bid,,,11115343
2026-07-07T17:11:32.458672,2026-07-07T17:11:32.470477+00:00,145.0,42,ask,,,11115364
2026-07-07T17:11:32.983035,2026-07-07T17:11:32.995068+00:00,145.5,50,bid,,,11115373
2026-07-07T17:11:33.890836,2026-07-07T17:11:33.900970+00:00,145.0,45,ask,,,11115384
2026-07-07T17:11:34.049703,2026-07-07T17:11:34.061327+00:00,145.0,100,ask,,,11115390
2026-07-07T17:11:34.062497,2026-07-07T17:11:34.071050+00:00,144.8,11,bid,,,11115391
2026-07-07T17:11:35.091950,2026-07-07T17:11:35.100802+00:00,144.8,39,bid,,,11115402
2026-07-07T17:11:35.091950,2026-07-07T17:11:35.100802+00:00,145.1,11,bid,,,11115403
2026-07-07T17:11:37.160942,2026-07-07T17:11:37.172814+00:00,145.1,89,bid,,,11115424
2026-07-07T17:11:37.229680,2026-07-07T17:11:37.241333+00:00,145.1,34,ask,,,11115425
2026-07-07T17:11:37.253774,2026-07-07T17:11:37.265817+00:00,145.1,27,ask,,,11115427
2026-07-07T17:11:37.253774,2026-07-07T17:11:37.265817+00:00,144.6,23,ask,,,11115428
2026-07-07T17:11:37.894465,2026-07-07T17:11:37.906301+00:00,145.1,42,bid,,,11115436
2026-07-07T17:11:39.385307,2026-07-07T17:11:39.392762+00:00,144.6,50,ask,,,11115451
2026-07-07T17:11:40.884582,2026-07-07T17:11:40.896313+00:00,144.4,100,ask,,,11115466
2026-07-07T17:11:41.233936,2026-07-07T17:11:41.245907+00:00,144.4,46,ask,,,11115471
2026-07-07T17:11:41.493761,2026-07-07T17:11:41.502293+00:00,144.4,4,ask,,,11115476
2026-07-07T17:11:41.493761,2026-07-07T17:11:41.502293+00:00,143.9,12,ask,,,11115477
2026-07-07T17:11:41.493761,2026-07-07T17:11:41.507465+00:00,143.8,34,ask,,,11115478
2026-07-07T17:11:41.822571,2026-07-07T17:11:41.834214+00:00,144.9,42,bid,,,11115484
2026-07-07T17:11:43.601276,2026-07-07T17:11:43.609897+00:00,144.0,34,bid,,,11115512
2026-07-07T17:11:43.631528,2026-07-07T17:11:43.643405+00:00,143.8,50,ask,,,11115514
2026-07-07T17:11:45.738845,2026-07-07T17:11:45.750666+00:00,143.9,50,ask,,,11115543
2026-07-07T17:11:47.538726,2026-07-07T17:11:47.547563+00:00,144.0,12,bid,,,11115564
2026-07-07T17:11:47.852807,2026-07-07T17:11:47.864401+00:00,143.7,12,ask,,,11115567
2026-07-07T17:11:47.852807,2026-07-07T17:11:47.864401+00:00,143.7,38,ask,,,11115568
2026-07-07T17:11:49.961718,2026-07-07T17:11:49.973627+00:00,143.7,50,ask,,,11115599
2026-07-07T17:11:52.100949,2026-07-07T17:11:52.112633+00:00,143.8,12,ask,,,11115627
2026-07-07T17:11:52.100949,2026-07-07T17:11:52.112633+00:00,143.6,38,ask,,,11115628
2026-07-07T17:11:53.009824,2026-07-07T17:11:53.021749+00:00,144.1,41,bid,,,11115634
2026-07-07T17:11:54.212980,2026-07-07T17:11:54.224088+00:00,143.8,50,ask,,,11115649
2026-07-07T17:11:54.964567,2026-07-07T17:11:54.974332+00:00,144.1,45,bid,,,11115666
2026-07-07T17:11:56.341586,2026-07-07T17:11:56.353656+00:00,143.8,50,ask,,,11115690
2026-07-07T17:11:59.903134,2026-07-07T17:11:59.909702+00:00,143.7,12,ask,,,11115729
2026-07-07T17:11:59.916087,2026-07-07T17:11:59.924895+00:00,143.6,11,bid,,,11115730
2026-07-07T17:12:00.562317,2026-07-07T17:12:00.571729+00:00,143.4,50,ask,,,11115743
2026-07-07T17:12:01.959450,2026-07-07T17:12:01.968048+00:00,143.6,11,bid,,,11115759
2026-07-07T17:12:03.742921,2026-07-07T17:12:03.754532+00:00,143.5,12,ask,,,11115778
2026-07-07T17:12:03.742921,2026-07-07T17:12:03.754532+00:00,143.4,28,ask,,,11115779
2026-07-07T17:12:04.756001,2026-07-07T17:12:04.758591+00:00,143.9,12,bid,,,11115791
2026-07-07T17:12:04.756001,2026-07-07T17:12:04.769951+00:00,143.9,38,bid,,,11115792
2026-07-07T17:12:04.825773,2026-07-07T17:12:04.837240+00:00,143.4,49,ask,,,11115794
2026-07-07T17:12:05.996191,2026-07-07T17:12:06.007960+00:00,143.6,47,bid,,,11115807
2026-07-07T17:12:06.615455,2026-07-07T17:12:06.628057+00:00,143.6,40,bid,,,11115815
2026-07-07T17:12:06.867826,2026-07-07T17:12:06.879651+00:00,143.6,50,bid,,,11115818
2026-07-07T17:12:07.096960,2026-07-07T17:12:07.108725+00:00,143.6,13,bid,,,11115820
2026-07-07T17:12:09.004476,2026-07-07T17:12:09.015095+00:00,143.7,12,bid,,,11115843
2026-07-07T17:12:09.004476,2026-07-07T17:12:09.015095+00:00,143.7,38,bid,,,11115844
2026-07-07T17:12:09.825163,2026-07-07T17:12:09.833830+00:00,143.6,22,ask,,,11115859
2026-07-07T17:12:10.217380,2026-07-07T17:12:10.226973+00:00,143.6,12,ask,,,11115866
2026-07-07T17:12:11.113378,2026-07-07T17:12:11.125326+00:00,143.8,50,bid,,,11115878
2026-07-07T17:12:11.470212,2026-07-07T17:12:11.476665+00:00,143.6,46,ask,,,11115884
2026-07-07T17:12:12.114896,2026-07-07T17:12:12.123387+00:00,143.3,40,ask,,,11115892
2026-07-07T17:12:13.173155,2026-07-07T17:12:13.185669+00:00,143.7,48,bid,,,11115907
2026-07-07T17:12:13.222627,2026-07-07T17:12:13.233086+00:00,143.7,50,bid,,,11115911
2026-07-07T17:12:13.852917,2026-07-07T17:12:13.858547+00:00,143.2,12,ask,,,11115919
2026-07-07T17:12:13.852917,2026-07-07T17:12:13.869713+00:00,143.2,36,ask,,,11115920
2026-07-07T17:12:15.329369,2026-07-07T17:12:15.340888+00:00,143.7,50,bid,,,11115940
2026-07-07T17:12:17.436456,2026-07-07T17:12:17.448472+00:00,143.7,50,bid,,,11115969
2026-07-07T17:12:17.496477,2026-07-07T17:12:17.505911+00:00,143.7,47,bid,,,11115970
2026-07-07T17:12:18.074400,2026-07-07T17:12:18.089660+00:00,143.7,3,bid,,,11115974
2026-07-07T17:12:18.074400,2026-07-07T17:12:18.089660+00:00,143.8,42,bid,,,11115975
2026-07-07T17:12:19.032168,2026-07-07T17:12:19.043891+00:00,143.7,3,ask,,,11115985
2026-07-07T17:12:19.292750,2026-07-07T17:12:19.304560+00:00,143.7,3,ask,,,11115991
2026-07-07T17:12:19.545288,2026-07-07T17:12:19.554054+00:00,144.0,12,bid,,,11115997
2026-07-07T17:12:19.545288,2026-07-07T17:12:19.554054+00:00,144.2,38,bid,,,11115998
2026-07-07T17:12:19.556064,2026-07-07T17:12:19.554054+00:00,143.7,3,ask,,,11115999
2026-07-07T17:12:21.625505,2026-07-07T17:12:21.634887+00:00,143.7,12,ask,,,11116023
2026-07-07T17:12:21.655905,2026-07-07T17:12:21.667473+00:00,144.0,3,bid,,,11116025
2026-07-07T17:12:21.655905,2026-07-07T17:12:21.667473+00:00,144.2,47,bid,,,11116026
2026-07-07T17:12:22.939533,2026-07-07T17:12:22.948699+00:00,143.7,23,ask,,,11116041
2026-07-07T17:12:25.924958,2026-07-07T17:12:25.936596+00:00,143.6,50,ask,,,11116087
2026-07-07T17:12:26.564591,2026-07-07T17:12:26.579688+00:00,143.6,48,ask,,,11116097
2026-07-07T17:12:27.980950,2026-07-07T17:12:27.992764+00:00,143.9,50,bid,,,11116111
2026-07-07T17:12:32.197293,2026-07-07T17:12:32.204961+00:00,143.8,50,bid,,,11116178
2026-07-07T17:12:34.353751,2026-07-07T17:12:34.351366+00:00,143.6,50,ask,,,11116209
2026-07-07T17:12:35.691992,2026-07-07T17:12:35.708483+00:00,143.6,43,ask,,,11116235
2026-07-07T17:12:36.461018,2026-07-07T17:12:36.470150+00:00,143.6,50,ask,,,11116241
2026-07-07T17:12:37.389159,2026-07-07T17:12:37.410936+00:00,143.4,100,ask,,,11116256
2026-07-07T17:12:37.401936,2026-07-07T17:12:37.410936+00:00,143.4,35,bid,,,11116257
2026-07-07T17:12:38.087575,2026-07-07T17:12:38.094848+00:00,143.4,15,bid,,,11116273
2026-07-07T17:12:38.087575,2026-07-07T17:12:38.100223+00:00,143.7,33,bid,,,11116274
2026-07-07T17:12:38.517442,2026-07-07T17:12:38.529130+00:00,143.7,50,bid,,,11116279
2026-07-07T17:12:40.510899,2026-07-07T17:12:40.519874+00:00,143.4,23,ask,,,11116302
2026-07-07T17:12:40.676250,2026-07-07T17:12:40.687880+00:00,143.4,50,ask,,,11116307
2026-07-07T17:12:41.095790,2026-07-07T17:12:41.107762+00:00,143.4,47,ask,,,11116312
2026-07-07T17:12:41.592157,2026-07-07T17:12:41.604119+00:00,143.4,30,ask,,,11116322
2026-07-07T17:12:42.732249,2026-07-07T17:12:42.744291+00:00,143.6,50,bid,,,11116345
2026-07-07T17:12:44.890990,2026-07-07T17:12:44.900233+00:00,143.3,50,ask,,,11116371
2026-07-07T17:12:46.481289,2026-07-07T17:12:46.490056+00:00,143.6,48,bid,,,11116388
2026-07-07T17:12:46.999807,2026-07-07T17:12:47.010867+00:00,143.3,50,ask,,,11116395
2026-07-07T17:12:47.409482,2026-07-07T17:12:47.421386+00:00,143.7,40,bid,,,11116405
2026-07-07T17:12:50.000520,2026-07-07T17:12:50.012207+00:00,143.2,42,ask,,,11116434
2026-07-07T17:12:50.642452,2026-07-07T17:12:50.654330+00:00,143.1,40,ask,,,11116444
2026-07-07T17:12:51.157331,2026-07-07T17:12:51.164219+00:00,143.4,50,bid,,,11116450
2026-07-07T17:12:51.817705,2026-07-07T17:12:51.826693+00:00,143.4,11,bid,,,11116462
2026-07-07T17:12:53.263580,2026-07-07T17:12:53.275557+00:00,143.4,39,bid,,,11116483
2026-07-07T17:12:53.263580,2026-07-07T17:12:53.275557+00:00,143.6,11,bid,,,11116484
2026-07-07T17:12:53.576327,2026-07-07T17:12:53.587843+00:00,143.6,41,bid,,,11116486
2026-07-07T17:12:54.436474,2026-07-07T17:12:54.445542+00:00,143.4,11,ask,,,11116505
2026-07-07T17:12:55.372930,2026-07-07T17:12:55.384564+00:00,143.6,50,bid,,,11116513
2026-07-07T17:12:56.071814,2026-07-07T17:12:56.083416+00:00,143.6,48,bid,,,11116519
2026-07-07T17:12:57.053621,2026-07-07T17:12:57.063775+00:00,143.7,11,bid,,,11116536
2026-07-07T17:12:57.531440,2026-07-07T17:12:57.543069+00:00,143.4,50,ask,,,11116551
2026-07-07T17:12:58.785452,2026-07-07T17:12:58.792380+00:00,143.4,45,ask,,,11116572
2026-07-07T17:12:59.638928,2026-07-07T17:12:59.645690+00:00,143.4,50,ask,,,11116588
2026-07-07T17:13:00.983478,2026-07-07T17:13:00.993355+00:00,143.7,34,ask,,,11116598
2026-07-07T17:13:01.745825,2026-07-07T17:13:01.757376+00:00,143.7,50,ask,,,11116618
2026-07-07T17:13:02.691062,2026-07-07T17:13:02.718370+00:00,143.7,16,ask,,,11116629
2026-07-07T17:13:02.706159,2026-07-07T17:13:02.718370+00:00,143.6,11,bid,,,11116630
2026-07-07T17:13:03.855003,2026-07-07T17:13:03.866677+00:00,143.2,50,ask,,,11116649
2026-07-07T17:13:04.102457,2026-07-07T17:13:04.116315+00:00,143.6,12,bid,,,11116651
2026-07-07T17:13:05.967889,2026-07-07T17:13:05.976794+00:00,143.3,50,ask,,,11116685
2026-07-07T17:13:06.516295,2026-07-07T17:13:06.532884+00:00,143.6,11,bid,,,11116688
2026-07-07T17:13:08.077490,2026-07-07T17:13:08.089269+00:00,143.3,50,ask,,,11116705
2026-07-07T17:13:09.037750,2026-07-07T17:13:09.048763+00:00,143.4,12,bid,,,11116716
2026-07-07T17:13:09.439836,2026-07-07T17:13:09.449602+00:00,143.4,43,bid,,,11116718
2026-07-07T17:13:10.166458,2026-07-07T17:13:10.176487+00:00,143.4,11,bid,,,11116731
2026-07-07T17:13:10.219673,2026-07-07T17:13:10.227227+00:00,143.2,12,ask,,,11116734
2026-07-07T17:13:10.219673,2026-07-07T17:13:10.232506+00:00,143.1,38,ask,,,11116735
2026-07-07T17:13:11.378111,2026-07-07T17:13:11.389842+00:00,143.4,11,bid,,,11116755
2026-07-07T17:13:11.407878,2026-07-07T17:13:11.419676+00:00,143.4,44,bid,,,11116757
2026-07-07T17:13:11.434843,2026-07-07T17:13:11.443773+00:00,143.4,10,bid,,,11116758
2026-07-07T17:13:11.500840,2026-07-07T17:13:11.512360+00:00,143.4,12,bid,,,11116761
2026-07-07T17:13:12.135435,2026-07-07T17:13:12.158620+00:00,143.6,100,bid,,,11116769
2026-07-07T17:13:12.135435,2026-07-07T17:13:12.158620+00:00,143.9,9,bid,,,11116770
2026-07-07T17:13:12.204216,2026-07-07T17:13:12.214502+00:00,143.9,23,ask,,,11116774
2026-07-07T17:13:12.328203,2026-07-07T17:13:12.339997+00:00,143.9,18,ask,,,11116777
2026-07-07T17:13:15.353901,2026-07-07T17:13:15.365498+00:00,143.7,100,ask,,,11116818
2026-07-07T17:13:15.997306,2026-07-07T17:13:16.009235+00:00,143.6,12,ask,,,11116827
2026-07-07T17:13:15.997306,2026-07-07T17:13:16.009235+00:00,143.4,34,ask,,,11116828
2026-07-07T17:13:16.566333,2026-07-07T17:13:16.577793+00:00,143.4,50,ask,,,11116838
2026-07-07T17:13:16.735738,2026-07-07T17:13:16.744240+00:00,143.7,11,bid,,,11116839
2026-07-07T17:13:17.123385,2026-07-07T17:13:17.135356+00:00,143.7,39,bid,,,11116846
2026-07-07T17:13:17.123385,2026-07-07T17:13:17.135356+00:00,143.9,5,bid,,,11116847
2026-07-07T17:13:17.180506,2026-07-07T17:13:17.192316+00:00,143.5,12,ask,,,11116848
2026-07-07T17:13:17.180506,2026-07-07T17:13:17.192316+00:00,143.4,16,ask,,,11116849
2026-07-07T17:13:18.398591,2026-07-07T17:13:18.410508+00:00,143.4,12,ask,,,11116862
2026-07-07T17:13:18.398591,2026-07-07T17:13:18.410508+00:00,143.2,32,ask,,,11116863
2026-07-07T17:13:18.678728,2026-07-07T17:13:18.685275+00:00,143.7,50,ask,,,11116866
2026-07-07T17:13:19.033833,2026-07-07T17:13:19.045553+00:00,143.7,100,ask,,,11116869
2026-07-07T17:13:20.067635,2026-07-07T17:13:20.083877+00:00,143.5,12,ask,,,11116889
2026-07-07T17:13:20.783610,2026-07-07T17:13:20.795579+00:00,143.3,12,ask,,,11116894
2026-07-07T17:13:20.783610,2026-07-07T17:13:20.795579+00:00,143.1,38,ask,,,11116895
2026-07-07T17:13:22.419222,2026-07-07T17:13:22.430698+00:00,143.6,48,bid,,,11116907
2026-07-07T17:13:22.873365,2026-07-07T17:13:22.884431+00:00,143.6,50,bid,,,11116915
2026-07-07T17:13:22.914812,2026-07-07T17:13:22.922361+00:00,143.6,48,bid,,,11116919
2026-07-07T17:13:24.488698,2026-07-07T17:13:24.500331+00:00,143.3,12,ask,,,11116945
2026-07-07T17:13:24.488698,2026-07-07T17:13:24.500331+00:00,143.3,33,ask,,,11116946
2026-07-07T17:13:24.623913,2026-07-07T17:13:24.632911+00:00,143.6,4,bid,,,11116949
2026-07-07T17:13:24.786896,2026-07-07T17:13:24.798574+00:00,143.8,100,bid,,,11116953
2026-07-07T17:13:24.786896,2026-07-07T17:13:24.798574+00:00,143.8,12,bid,,,11116954
2026-07-07T17:13:24.859438,2026-07-07T17:13:24.870529+00:00,143.9,4,ask,,,11116955
2026-07-07T17:13:24.979792,2026-07-07T17:13:24.991322+00:00,144.3,12,bid,,,11116959
2026-07-07T17:13:24.979792,2026-07-07T17:13:24.991322+00:00,144.4,38,bid,,,11116960
2026-07-07T17:13:25.491043,2026-07-07T17:13:25.500186+00:00,143.9,11,ask,,,11116969
2026-07-07T17:13:27.649172,2026-07-07T17:13:27.658559+00:00,143.9,23,ask,,,11116989
2026-07-07T17:13:27.649172,2026-07-07T17:13:27.658559+00:00,143.7,24,ask,,,11116990
2026-07-07T17:13:28.714129,2026-07-07T17:13:28.720652+00:00,143.6,12,ask,,,11117005
2026-07-07T17:13:28.714129,2026-07-07T17:13:28.726210+00:00,143.6,31,ask,,,11117006
2026-07-07T17:13:29.192527,2026-07-07T17:13:29.199122+00:00,143.9,50,bid,,,11117018
2026-07-07T17:13:29.239874,2026-07-07T17:13:29.258537+00:00,143.9,47,bid,,,11117019
2026-07-07T17:13:29.874191,2026-07-07T17:13:29.882883+00:00,143.9,11,bid,,,11117024
2026-07-07T17:13:30.740664,2026-07-07T17:13:30.754813+00:00,143.9,12,bid,,,11117036
2026-07-07T17:13:31.123604,2026-07-07T17:13:31.130998+00:00,144.1,100,bid,,,11117039
2026-07-07T17:13:31.123604,2026-07-07T17:13:31.136493+00:00,144.2,12,bid,,,11117040
2026-07-07T17:13:31.188016,2026-07-07T17:13:31.197888+00:00,144.2,23,ask,,,11117041
2026-07-07T17:13:31.216848,2026-07-07T17:13:31.228411+00:00,144.2,15,ask,,,11117044
2026-07-07T17:13:35.176145,2026-07-07T17:13:35.186712+00:00,144.0,11,bid,,,11117095
2026-07-07T17:13:35.585243,2026-07-07T17:13:35.595458+00:00,143.8,12,ask,,,11117097
2026-07-07T17:13:35.585243,2026-07-07T17:13:35.595458+00:00,143.7,38,ask,,,11117098
2026-07-07T17:13:37.693652,2026-07-07T17:13:37.705317+00:00,144.1,50,ask,,,11117130
2026-07-07T17:13:39.800331,2026-07-07T17:13:39.809363+00:00,144.1,50,ask,,,11117149
2026-07-07T17:13:41.912975,2026-07-07T17:13:41.922053+00:00,144.0,12,ask,,,11117173
2026-07-07T17:13:44.052566,2026-07-07T17:13:44.068695+00:00,143.8,12,ask,,,11117204
2026-07-07T17:13:44.052566,2026-07-07T17:13:44.068695+00:00,143.8,38,ask,,,11117205
2026-07-07T17:13:48.215204,2026-07-07T17:13:48.226572+00:00,144.1,50,bid,,,11117253
2026-07-07T17:13:50.352525,2026-07-07T17:13:50.364425+00:00,144.3,12,bid,,,11117276
2026-07-07T17:13:50.352525,2026-07-07T17:13:50.364425+00:00,144.3,38,bid,,,11117277
2026-07-07T17:13:52.512144,2026-07-07T17:13:52.523881+00:00,143.9,12,ask,,,11117310
2026-07-07T17:13:52.512144,2026-07-07T17:13:52.523881+00:00,143.9,38,ask,,,11117311
2026-07-07T17:13:54.522424,2026-07-07T17:13:54.534169+00:00,144.2,12,bid,,,11117331
2026-07-07T17:13:54.522424,2026-07-07T17:13:54.534169+00:00,144.2,34,bid,,,11117332
2026-07-07T17:13:56.015080,2026-07-07T17:13:56.026856+00:00,144.0,12,ask,,,11117349
2026-07-07T17:13:56.015080,2026-07-07T17:13:56.026856+00:00,143.8,28,ask,,,11117350
2026-07-07T17:13:58.126205,2026-07-07T17:13:58.136208+00:00,144.2,41,bid,,,11117370
2026-07-07T17:14:00.883209,2026-07-07T17:14:00.894861+00:00,144.3,12,bid,,,11117398
2026-07-07T17:14:00.883209,2026-07-07T17:14:00.894861+00:00,144.3,38,bid,,,11117399
2026-07-07T17:14:02.650981,2026-07-07T17:14:02.662336+00:00,144.3,43,bid,,,11117426
2026-07-07T17:14:02.991487,2026-07-07T17:14:03.003254+00:00,144.3,19,bid,,,11117430
2026-07-07T17:14:02.991487,2026-07-07T17:14:03.003254+00:00,144.4,12,bid,,,11117431
2026-07-07T17:14:02.991487,2026-07-07T17:14:03.003254+00:00,144.5,19,bid,,,11117432
2026-07-07T17:14:03.970464,2026-07-07T17:14:03.980124+00:00,144.3,11,ask,,,11117447
2026-07-07T17:14:05.154518,2026-07-07T17:14:05.166211+00:00,144.3,50,ask,,,11117466
2026-07-07T17:14:05.275506,2026-07-07T17:14:05.286726+00:00,144.3,11,ask,,,11117468
2026-07-07T17:14:05.647336,2026-07-07T17:14:05.658560+00:00,144.3,12,ask,,,11117474
2026-07-07T17:14:05.978873,2026-07-07T17:14:05.989686+00:00,144.3,16,ask,,,11117477
2026-07-07T17:14:07.210883,2026-07-07T17:14:07.222716+00:00,144.2,50,bid,,,11117500
2026-07-07T17:14:09.204093,2026-07-07T17:14:09.213509+00:00,144.2,22,bid,,,11117522
2026-07-07T17:14:09.371049,2026-07-07T17:14:09.382966+00:00,144.0,12,ask,,,11117525
2026-07-07T17:14:09.371049,2026-07-07T17:14:09.382966+00:00,143.9,38,ask,,,11117526
2026-07-07T17:14:09.801698,2026-07-07T17:14:09.813169+00:00,144.2,42,ask,,,11117535
2026-07-07T17:14:10.523013,2026-07-07T17:14:10.535984+00:00,144.2,11,ask,,,11117543
2026-07-07T17:14:10.760183,2026-07-07T17:14:10.771989+00:00,144.2,44,ask,,,11117549
2026-07-07T17:14:11.479823,2026-07-07T17:14:11.501483+00:00,144.2,3,ask,,,11117566
2026-07-07T17:14:11.479823,2026-07-07T17:14:11.501483+00:00,144.1,12,ask,,,11117567
2026-07-07T17:14:11.479823,2026-07-07T17:14:11.501483+00:00,143.9,35,ask,,,11117568
2026-07-07T17:14:12.221777,2026-07-07T17:14:12.233897+00:00,144.4,12,bid,,,11117573
2026-07-07T17:14:12.221777,2026-07-07T17:14:12.233897+00:00,144.7,31,bid,,,11117574
2026-07-07T17:14:13.588928,2026-07-07T17:14:13.600526+00:00,143.8,50,ask,,,11117588
2026-07-07T17:14:14.459562,2026-07-07T17:14:14.469960+00:00,144.1,11,bid,,,11117595
2026-07-07T17:14:15.140827,2026-07-07T17:14:15.149599+00:00,144.1,12,bid,,,11117604
2026-07-07T17:14:15.697441,2026-07-07T17:14:15.709397+00:00,144.0,12,ask,,,11117613
2026-07-07T17:14:15.697441,2026-07-07T17:14:15.709397+00:00,143.9,38,ask,,,11117614
2026-07-07T17:14:15.767770,2026-07-07T17:14:15.775103+00:00,144.3,44,bid,,,11117616
2026-07-07T17:14:17.825571,2026-07-07T17:14:17.835642+00:00,144.0,50,ask,,,11117637
2026-07-07T17:14:18.790469,2026-07-07T17:14:18.797915+00:00,143.6,12,ask,,,11117646
2026-07-07T17:14:18.790469,2026-07-07T17:14:18.803106+00:00,143.5,35,ask,,,11117647
2026-07-07T17:14:19.938651,2026-07-07T17:14:19.949246+00:00,143.5,50,ask,,,11117668
2026-07-07T17:14:22.045978,2026-07-07T17:14:22.058574+00:00,143.6,12,ask,,,11117694
2026-07-07T17:14:22.045978,2026-07-07T17:14:22.058574+00:00,143.4,38,ask,,,11117695
2026-07-07T17:14:23.630542,2026-07-07T17:14:23.640529+00:00,143.7,11,bid,,,11117713
2026-07-07T17:14:24.019579,2026-07-07T17:14:24.027937+00:00,143.5,9,ask,,,11117717
2026-07-07T17:14:24.103426,2026-07-07T17:14:24.114840+00:00,143.7,50,bid,,,11117718
2026-07-07T17:14:26.210302,2026-07-07T17:14:26.217668+00:00,143.8,50,bid,,,11117748
2026-07-07T17:14:28.318430,2026-07-07T17:14:28.325671+00:00,143.9,50,bid,,,11117778
2026-07-07T17:14:30.428831,2026-07-07T17:14:30.440324+00:00,144.0,12,bid,,,11117806
2026-07-07T17:14:30.428831,2026-07-07T17:14:30.440324+00:00,144.1,38,bid,,,11117807
2026-07-07T17:14:31.204466,2026-07-07T17:14:31.216397+00:00,143.6,42,ask,,,11117814
2026-07-07T17:14:32.343009,2026-07-07T17:14:32.354665+00:00,144.0,44,bid,,,11117827
2026-07-07T17:14:32.596701,2026-07-07T17:14:32.607923+00:00,143.6,50,ask,,,11117832
2026-07-07T17:14:33.422570,2026-07-07T17:14:33.434378+00:00,143.6,41,ask,,,11117838
2026-07-07T17:14:34.036434,2026-07-07T17:14:34.047947+00:00,144.0,42,bid,,,11117852
2026-07-07T17:14:34.653302,2026-07-07T17:14:34.665179+00:00,143.8,50,bid,,,11117856
2026-07-07T17:14:35.671443,2026-07-07T17:14:35.683207+00:00,143.8,45,bid,,,11117866
2026-07-07T17:14:35.726430,2026-07-07T17:14:35.738279+00:00,143.6,45,ask,,,11117867
2026-07-07T17:14:36.813438,2026-07-07T17:14:36.825317+00:00,143.6,50,ask,,,11117881
2026-07-07T17:14:37.253842,2026-07-07T17:14:37.258582+00:00,143.8,45,bid,,,11117884
2026-07-07T17:14:37.572972,2026-07-07T17:14:37.582200+00:00,143.7,11,ask,,,11117890
2026-07-07T17:14:38.151018,2026-07-07T17:14:38.147769+00:00,143.7,100,ask,,,11117899
2026-07-07T17:14:38.320034,2026-07-07T17:14:38.327942+00:00,143.7,39,ask,,,11117901
2026-07-07T17:14:38.320034,2026-07-07T17:14:38.333368+00:00,143.5,3,ask,,,11117902
2026-07-07T17:14:40.594196,2026-07-07T17:14:40.604733+00:00,143.4,9,ask,,,11117935
2026-07-07T17:14:40.594196,2026-07-07T17:14:40.604733+00:00,143.2,34,ask,,,11117936
2026-07-07T17:14:40.978238,2026-07-07T17:14:40.989951+00:00,143.6,50,bid,,,11117944
2026-07-07T17:14:43.084363,2026-07-07T17:14:43.096102+00:00,143.6,50,bid,,,11117968
2026-07-07T17:14:43.297897,2026-07-07T17:14:43.306705+00:00,143.6,11,bid,,,11117969
2026-07-07T17:14:43.649630,2026-07-07T17:14:43.656455+00:00,143.6,39,bid,,,11117972
2026-07-07T17:14:43.649630,2026-07-07T17:14:43.656455+00:00,143.8,2,bid,,,11117973
2026-07-07T17:14:43.878167,2026-07-07T17:14:43.889637+00:00,143.8,98,bid,,,11117974
2026-07-07T17:14:43.878167,2026-07-07T17:14:43.889637+00:00,143.8,12,bid,,,11117975
2026-07-07T17:14:45.193089,2026-07-07T17:14:45.205134+00:00,144.1,12,bid,,,11117991
2026-07-07T17:14:45.193089,2026-07-07T17:14:45.205134+00:00,144.3,38,bid,,,11117992
2026-07-07T17:14:47.261143,2026-07-07T17:14:47.270009+00:00,143.8,11,ask,,,11118017
2026-07-07T17:14:47.309250,2026-07-07T17:14:47.318395+00:00,143.9,12,bid,,,11118019
2026-07-07T17:14:47.309250,2026-07-07T17:14:47.318395+00:00,144.0,34,bid,,,11118020
2026-07-07T17:14:47.888049,2026-07-07T17:14:47.901269+00:00,143.7,40,ask,,,11118026
2026-07-07T17:14:49.088558,2026-07-07T17:14:49.097378+00:00,143.7,12,ask,,,11118043
2026-07-07T17:14:49.499160,2026-07-07T17:14:49.508069+00:00,143.7,48,ask,,,11118049
2026-07-07T17:14:49.499160,2026-07-07T17:14:49.513307+00:00,143.5,2,ask,,,11118050
2026-07-07T17:14:51.609242,2026-07-07T17:14:51.616626+00:00,143.7,50,ask,,,11118069
2026-07-07T17:14:53.508865,2026-07-07T17:14:53.520257+00:00,143.9,42,bid,,,11118086
2026-07-07T17:14:53.742670,2026-07-07T17:14:53.756063+00:00,143.7,12,ask,,,11118090
2026-07-07T17:14:53.742670,2026-07-07T17:14:53.756063+00:00,143.5,38,ask,,,11118091
2026-07-07T17:14:55.851913,2026-07-07T17:14:55.853438+00:00,143.4,50,ask,,,11118124
2026-07-07T17:14:57.592456,2026-07-07T17:14:57.604318+00:00,143.4,12,ask,,,11118153
2026-07-07T17:14:57.592456,2026-07-07T17:14:57.604318+00:00,143.2,31,ask,,,11118154
2026-07-07T17:14:57.995255,2026-07-07T17:14:58.003821+00:00,143.2,50,ask,,,11118163
2026-07-07T17:14:59.809390,2026-07-07T17:14:59.818224+00:00,143.4,12,bid,,,11118185
2026-07-07T17:15:00.102241,2026-07-07T17:15:00.114359+00:00,143.2,50,ask,,,11118191
2026-07-07T17:15:00.877650,2026-07-07T17:15:00.889679+00:00,143.4,48,bid,,,11118193
2026-07-07T17:15:01.683742,2026-07-07T17:15:01.694279+00:00,143.4,11,bid,,,11118209
2026-07-07T17:15:04.264349,2026-07-07T17:15:04.271939+00:00,143.4,50,bid,,,11118239
2026-07-07T17:15:05.213833,2026-07-07T17:15:05.230719+00:00,143.2,12,ask,,,11118258
2026-07-07T17:15:05.213833,2026-07-07T17:15:05.230719+00:00,143.2,28,ask,,,11118259
2026-07-07T17:15:06.397824,2026-07-07T17:15:06.407575+00:00,143.3,50,bid,,,11118275
2026-07-07T17:15:06.824430,2026-07-07T17:15:06.836125+00:00,143.0,47,ask,,,11118282
2026-07-07T17:15:08.504819,2026-07-07T17:15:08.513384+00:00,143.3,50,bid,,,11118306
2026-07-07T17:15:09.398477,2026-07-07T17:15:09.410208+00:00,143.4,12,bid,,,11118314
2026-07-07T17:15:09.398477,2026-07-07T17:15:09.410208+00:00,143.5,33,bid,,,11118315
2026-07-07T17:15:10.371804,2026-07-07T17:15:10.381508+00:00,143.5,45,bid,,,11118333
2026-07-07T17:15:10.612039,2026-07-07T17:15:10.620708+00:00,143.5,50,bid,,,11118334
2026-07-07T17:15:10.848184,2026-07-07T17:15:10.856961+00:00,143.5,5,bid,,,11118335
2026-07-07T17:15:12.597152,2026-07-07T17:15:12.609019+00:00,143.5,41,ask,,,11118362
2026-07-07T17:15:12.717704,2026-07-07T17:15:12.729878+00:00,143.8,12,bid,,,11118364
2026-07-07T17:15:12.717704,2026-07-07T17:15:12.729878+00:00,144.0,38,bid,,,11118365
2026-07-07T17:15:15.690017,2026-07-07T17:15:15.698070+00:00,143.5,12,ask,,,11118411
2026-07-07T17:15:15.690017,2026-07-07T17:15:15.698070+00:00,143.5,33,ask,,,11118412
2026-07-07T17:15:16.308406,2026-07-07T17:15:16.320052+00:00,143.9,43,bid,,,11118418
2026-07-07T17:15:17.295147,2026-07-07T17:15:17.305006+00:00,143.9,45,bid,,,11118441
2026-07-07T17:15:17.352926,2026-07-07T17:15:17.358607+00:00,143.5,49,ask,,,11118442
2026-07-07T17:15:19.048850,2026-07-07T17:15:19.058606+00:00,143.9,12,bid,,,11118464
2026-07-07T17:15:19.048850,2026-07-07T17:15:19.058606+00:00,144.1,38,bid,,,11118465
2026-07-07T17:15:19.219888,2026-07-07T17:15:19.228186+00:00,144.0,16,ask,,,11118466
2026-07-07T17:15:22.608428,2026-07-07T17:15:22.619965+00:00,144.3,12,bid,,,11118502
2026-07-07T17:15:22.608428,2026-07-07T17:15:22.619965+00:00,144.5,34,bid,,,11118503
2026-07-07T17:15:23.264254,2026-07-07T17:15:23.271443+00:00,144.4,12,bid,,,11118513
2026-07-07T17:15:23.264254,2026-07-07T17:15:23.276704+00:00,144.5,38,bid,,,11118514
2026-07-07T17:15:23.980747,2026-07-07T17:15:23.989861+00:00,144.2,12,ask,,,11118528
2026-07-07T17:15:24.707115,2026-07-07T17:15:24.713904+00:00,144.2,41,ask,,,11118541
2026-07-07T17:15:25.372274,2026-07-07T17:15:25.384496+00:00,144.6,12,bid,,,11118555
2026-07-07T17:15:25.372274,2026-07-07T17:15:25.384496+00:00,144.7,38,bid,,,11118556
2026-07-07T17:15:26.867506,2026-07-07T17:15:26.879003+00:00,144.2,46,ask,,,11118569
2026-07-07T17:15:27.432486,2026-07-07T17:15:27.439194+00:00,144.2,46,ask,,,11118580
2026-07-07T17:15:27.483266,2026-07-07T17:15:27.492648+00:00,144.4,12,bid,,,11118581
2026-07-07T17:15:27.483266,2026-07-07T17:15:27.492648+00:00,144.5,38,bid,,,11118582
2026-07-07T17:15:29.642366,2026-07-07T17:15:29.653977+00:00,144.1,50,ask,,,11118599
2026-07-07T17:15:31.700938,2026-07-07T17:15:31.718107+00:00,144.2,12,bid,,,11118624
2026-07-07T17:15:31.700938,2026-07-07T17:15:31.718107+00:00,144.2,38,bid,,,11118625
2026-07-07T17:15:31.709049,2026-07-07T17:15:31.723678+00:00,144.2,46,bid,,,11118626
2026-07-07T17:15:33.395625,2026-07-07T17:15:33.402657+00:00,144.2,45,bid,,,11118652
2026-07-07T17:15:33.861760,2026-07-07T17:15:33.873835+00:00,143.9,50,ask,,,11118653
2026-07-07T17:15:34.600688,2026-07-07T17:15:34.621840+00:00,144.0,12,bid,,,11118665
2026-07-07T17:15:34.611361,2026-07-07T17:15:34.621840+00:00,144.1,11,ask,,,11118666
2026-07-07T17:15:35.100982,2026-07-07T17:15:35.110783+00:00,144.1,100,ask,,,11118673
2026-07-07T17:15:35.787094,2026-07-07T17:15:35.795888+00:00,144.1,11,ask,,,11118686
2026-07-07T17:15:35.970045,2026-07-07T17:15:35.980549+00:00,144.1,16,ask,,,11118689
2026-07-07T17:15:35.970045,2026-07-07T17:15:35.980549+00:00,143.8,12,ask,,,11118690
2026-07-07T17:15:35.970045,2026-07-07T17:15:35.980549+00:00,143.6,22,ask,,,11118691
2026-07-07T17:15:37.158188,2026-07-07T17:15:37.170384+00:00,143.7,12,ask,,,11118709
2026-07-07T17:15:37.158188,2026-07-07T17:15:37.170384+00:00,143.6,33,ask,,,11118710
2026-07-07T17:15:38.079462,2026-07-07T17:15:38.091417+00:00,143.6,45,ask,,,11118731
2026-07-07T17:15:38.079462,2026-07-07T17:15:38.091417+00:00,143.6,5,ask,,,11118732
2026-07-07T17:15:38.614762,2026-07-07T17:15:38.626602+00:00,143.6,7,ask,,,11118737
2026-07-07T17:15:38.614762,2026-07-07T17:15:38.626602+00:00,143.5,36,ask,,,11118738
2026-07-07T17:15:40.081131,2026-07-07T17:15:40.089059+00:00,143.8,12,bid,,,11118763
2026-07-07T17:15:40.081131,2026-07-07T17:15:40.094279+00:00,143.9,35,bid,,,11118764
2026-07-07T17:15:40.138558,2026-07-07T17:15:40.147200+00:00,143.9,50,bid,,,11118765
2026-07-07T17:15:42.245386,2026-07-07T17:15:42.258584+00:00,143.8,50,bid,,,11118804
