timestamp,recv_time,price,volume,aggressor_side,buyer,seller,trade_id
2026-07-01T19:00:00.305299,2026-07-01T19:00:00.282089+00:00,82.4,5,ask,Kelvin Chan,FlawlessFlatbreads,2811377
2026-07-01T19:00:00.305299,2026-07-01T19:00:00.282089+00:00,82.3,45,ask,DiligentDonuts,FlawlessFlatbreads,2811378
2026-07-01T19:00:02.415178,2026-07-01T19:00:02.423092+00:00,82.4,5,ask,Kelvin Chan,FlawlessFlatbreads,2811423
2026-07-01T19:00:02.415178,2026-07-01T19:00:02.423092+00:00,82.3,45,ask,DiligentDonuts,FlawlessFlatbreads,2811424
2026-07-01T19:00:02.450087,2026-07-01T19:00:02.494826+00:00,82.6,3,bid,Xuanyu Liu,EarnestEspressos,2811428
2026-07-01T19:00:04.522030,2026-07-01T19:00:04.533422+00:00,82.4,6,ask,Kelvin Chan,FlawlessFlatbreads,2811462
2026-07-01T19:00:04.522030,2026-07-01T19:00:04.533422+00:00,82.3,44,ask,DiligentDonuts,FlawlessFlatbreads,2811463
2026-07-01T19:00:06.205129,2026-07-01T19:00:06.207988+00:00,82.6,45,bid,CostlyCorianders,DiligentDonuts,2811498
2026-07-01T19:00:06.258868,2026-07-01T19:00:06.270166+00:00,82.3,5,ask,Kelvin Chan,CostlyCorianders,2811501
2026-07-01T19:00:06.258868,2026-07-01T19:00:06.270166+00:00,82.2,43,ask,EarnestEspressos,CostlyCorianders,2811502
2026-07-01T19:00:06.634656,2026-07-01T19:00:06.644706+00:00,82.3,6,ask,Kelvin Chan,FlawlessFlatbreads,2811513
2026-07-01T19:00:06.634656,2026-07-01T19:00:06.644706+00:00,82.2,44,ask,EarnestEspressos,FlawlessFlatbreads,2811514
2026-07-01T19:00:08.742964,2026-07-01T19:00:08.758608+00:00,82.3,5,ask,Kelvin Chan,FlawlessFlatbreads,2811553
2026-07-01T19:00:08.742964,2026-07-01T19:00:08.758608+00:00,82.2,45,ask,EarnestEspressos,FlawlessFlatbreads,2811554
2026-07-01T19:00:09.228193,2026-07-01T19:00:09.235031+00:00,82.3,5,ask,Kelvin Chan,EarnestEspressos,2811571
2026-07-01T19:00:09.241933,2026-07-01T19:00:09.250269+00:00,82.2,46,bid,Xuanyu Liu,EarnestEspressos,2811573
2026-07-01T19:00:10.315841,2026-07-01T19:00:10.325524+00:00,82.1,12,ask,DiligentDonuts,Xuanyu Liu,2811593
2026-07-01T19:00:10.851931,2026-07-01T19:00:10.858237+00:00,82.1,50,ask,DiligentDonuts,FlawlessFlatbreads,2811602
2026-07-01T19:00:11.578207,2026-07-01T19:00:11.590298+00:00,82.2,42,bid,CostlyCorianders,EarnestEspressos,2811621
2026-07-01T19:00:11.628093,2026-07-01T19:00:11.638843+00:00,82.1,11,ask,DiligentDonuts,Xuanyu Liu,2811624
2026-07-01T19:00:12.623902,2026-07-01T19:00:12.630717+00:00,81.7,48,ask,EarnestEspressos,CostlyCorianders,2811641
2026-07-01T19:00:14.186778,2026-07-01T19:00:14.198070+00:00,82.1,42,bid,CostlyCorianders,DiligentDonuts,2811672
2026-07-01T19:00:14.816908,2026-07-01T19:00:14.824487+00:00,81.7,46,ask,EarnestEspressos,CostlyCorianders,2811686
2026-07-01T19:00:15.371670,2026-07-01T19:00:15.383072+00:00,82.2,46,bid,CostlyCorianders,EarnestEspressos,2811700
2026-07-01T19:00:15.925969,2026-07-01T19:00:15.935812+00:00,81.9,40,bid,CostlyCorianders,EarnestEspressos,2811705
2026-07-01T19:00:16.456492,2026-07-01T19:00:16.468948+00:00,81.7,42,ask,DiligentDonuts,CostlyCorianders,2811725
2026-07-01T19:00:17.282808,2026-07-01T19:00:17.290956+00:00,81.9,3,bid,Xuanyu Liu,EarnestEspressos,2811737
2026-07-01T19:00:18.109661,2026-07-01T19:00:18.120871+00:00,81.9,45,bid,CostlyCorianders,EarnestEspressos,2811754
2026-07-01T19:00:18.175199,2026-07-01T19:00:18.186646+00:00,81.9,8,bid,Xuanyu Liu,EarnestEspressos,2811755
2026-07-01T19:00:21.332285,2026-07-01T19:00:21.338932+00:00,82.1,50,bid,FlawlessFlatbreads,DiligentDonuts,2811812
2026-07-01T19:00:23.446568,2026-07-01T19:00:23.446989+00:00,82.1,50,bid,FlawlessFlatbreads,DiligentDonuts,2811856
2026-07-01T19:00:25.554302,2026-07-01T19:00:25.566106+00:00,82.2,2,bid,FlawlessFlatbreads,Kelvin Chan,2811900
2026-07-01T19:00:25.554302,2026-07-01T19:00:25.566106+00:00,82.4,48,bid,FlawlessFlatbreads,DiligentDonuts,2811901
2026-07-01T19:00:27.826392,2026-07-01T19:00:27.834028+00:00,82.0,47,ask,DiligentDonuts,CostlyCorianders,2811942
2026-07-01T19:00:28.621474,2026-07-01T19:00:28.630826+00:00,82.0,11,ask,DiligentDonuts,Xuanyu Liu,2811957
2026-07-01T19:00:29.274338,2026-07-01T19:00:29.283234+00:00,82.2,4,bid,CostlyCorianders,Kelvin Chan,2811968
2026-07-01T19:00:29.274338,2026-07-01T19:00:29.288248+00:00,82.3,42,bid,CostlyCorianders,EarnestEspressos,2811969
2026-07-01T19:00:29.769044,2026-07-01T19:00:29.780369+00:00,82.3,50,bid,FlawlessFlatbreads,EarnestEspressos,2811984
2026-07-01T19:00:31.329190,2026-07-01T19:00:31.337773+00:00,82.3,12,ask,EarnestEspressos,Xuanyu Liu,2812036
2026-07-01T19:00:31.623250,2026-07-01T19:00:31.632164+00:00,82.3,5,ask,EarnestEspressos,Kelvin Chan,2812042
2026-07-01T19:00:31.876666,2026-07-01T19:00:31.887872+00:00,82.4,50,bid,FlawlessFlatbreads,DiligentDonuts,2812046
2026-07-01T19:00:32.008951,2026-07-01T19:00:32.020340+00:00,82.3,49,ask,EarnestEspressos,CostlyCorianders,2812050
2026-07-01T19:00:32.289080,2026-07-01T19:00:32.303251+00:00,82.3,5,ask,EarnestEspressos,Kelvin Chan,2812058
2026-07-01T19:00:32.595154,2026-07-01T19:00:32.603571+00:00,82.3,11,ask,EarnestEspressos,Xuanyu Liu,2812067
2026-07-01T19:00:33.129620,2026-07-01T19:00:33.140922+00:00,82.3,5,ask,EarnestEspressos,Kelvin Chan,2812076
2026-07-01T19:00:33.996946,2026-07-01T19:00:34.007407+00:00,82.8,50,bid,FlawlessFlatbreads,EarnestEspressos,2812100
2026-07-01T19:00:36.103678,2026-07-01T19:00:36.115228+00:00,82.5,50,bid,FlawlessFlatbreads,DiligentDonuts,2812132
2026-07-01T19:00:38.276901,2026-07-01T19:00:38.288321+00:00,82.1,50,ask,DiligentDonuts,FlawlessFlatbreads,2812202
2026-07-01T19:00:38.678558,2026-07-01T19:00:38.689897+00:00,82.1,48,ask,DiligentDonuts,CostlyCorianders,2812204
2026-07-01T19:00:40.333904,2026-07-01T19:00:40.341657+00:00,82.4,5,bid,FlawlessFlatbreads,Kelvin Chan,2812246
2026-07-01T19:00:40.333904,2026-07-01T19:00:40.358615+00:00,82.4,45,bid,FlawlessFlatbreads,DiligentDonuts,2812247
2026-07-01T19:00:42.666413,2026-07-01T19:00:42.674102+00:00,82.4,49,bid,CostlyCorianders,DiligentDonuts,2812311
2026-07-01T19:00:43.738760,2026-07-01T19:00:43.758632+00:00,82.3,47,ask,DiligentDonuts,CostlyCorianders,2812323
2026-07-01T19:00:44.566031,2026-07-01T19:00:44.577370+00:00,82.8,50,bid,FlawlessFlatbreads,DiligentDonuts,2812345
2026-07-01T19:00:45.759660,2026-07-01T19:00:45.771056+00:00,82.8,41,bid,CostlyCorianders,DiligentDonuts,2812365
2026-07-01T19:00:46.725875,2026-07-01T19:00:46.737163+00:00,82.7,50,ask,DiligentDonuts,FlawlessFlatbreads,2812385
2026-07-01T19:00:46.885275,2026-07-01T19:00:46.893997+00:00,82.7,42,ask,DiligentDonuts,CostlyCorianders,2812391
2026-07-01T19:00:47.437205,2026-07-01T19:00:47.463916+00:00,82.7,8,ask,DiligentDonuts,CostlyCorianders,2812403
2026-07-01T19:00:47.437205,2026-07-01T19:00:47.463916+00:00,82.6,40,ask,EarnestEspressos,CostlyCorianders,2812404
2026-07-01T19:00:49.231547,2026-07-01T19:00:49.243954+00:00,82.6,3,ask,EarnestEspressos,Xuanyu Liu,2812438
2026-07-01T19:00:50.934198,2026-07-01T19:00:50.958712+00:00,82.3,6,ask,Kelvin Chan,FlawlessFlatbreads,2812480
2026-07-01T19:00:50.934198,2026-07-01T19:00:50.964218+00:00,82.2,44,ask,DiligentDonuts,FlawlessFlatbreads,2812481
2026-07-01T19:00:55.097383,2026-07-01T19:00:55.108878+00:00,82.6,50,bid,FlawlessFlatbreads,DiligentDonuts,2812565
2026-07-01T19:00:57.235464,2026-07-01T19:00:57.244591+00:00,82.5,50,bid,FlawlessFlatbreads,EarnestEspressos,2812598
2026-07-01T19:00:58.533713,2026-07-01T19:00:58.542703+00:00,82.5,46,bid,CostlyCorianders,EarnestEspressos,2812624
2026-07-01T19:00:59.341158,2026-07-01T19:00:59.352532+00:00,82.5,50,bid,FlawlessFlatbreads,EarnestEspressos,2812630
2026-07-01T19:00:59.706430,2026-07-01T19:00:59.713182+00:00,82.5,4,bid,CostlyCorianders,EarnestEspressos,2812639
2026-07-01T19:00:59.706430,2026-07-01T19:00:59.718176+00:00,82.5,1,bid,CostlyCorianders,Kelvin Chan,2812640
2026-07-01T19:00:59.706430,2026-07-01T19:00:59.718176+00:00,82.7,37,bid,CostlyCorianders,DiligentDonuts,2812641
2026-07-01T19:00:59.782146,2026-07-01T19:00:59.793827+00:00,82.5,1,bid,EarnestEspressos,Kelvin Chan,2812642
2026-07-01T19:00:59.782146,2026-07-01T19:00:59.793827+00:00,82.7,63,bid,EarnestEspressos,DiligentDonuts,2812643
2026-07-01T19:00:59.808461,2026-07-01T19:00:59.819519+00:00,82.7,1,ask,EarnestEspressos,Kelvin Chan,2812644
2026-07-01T19:00:59.829858,2026-07-01T19:00:59.840322+00:00,82.7,1,ask,EarnestEspressos,Kelvin Chan,2812645
2026-07-01T19:00:59.888269,2026-07-01T19:00:59.897297+00:00,82.7,1,ask,EarnestEspressos,Kelvin Chan,2812647
2026-07-01T19:00:59.915314,2026-07-01T19:00:59.926504+00:00,82.7,1,ask,EarnestEspressos,Kelvin Chan,2812648
2026-07-01T19:00:59.939304,2026-07-01T19:00:59.950631+00:00,82.7,1,ask,EarnestEspressos,Kelvin Chan,2812649
2026-07-01T19:00:59.966154,2026-07-01T19:00:59.974007+00:00,82.7,1,ask,EarnestEspressos,Kelvin Chan,2812650
2026-07-01T19:01:00.019517,2026-07-01T19:01:00.028652+00:00,82.7,1,ask,EarnestEspressos,Kelvin Chan,2812651
2026-07-01T19:01:00.043467,2026-07-01T19:01:00.040604+00:00,82.7,1,ask,EarnestEspressos,Kelvin Chan,2812652
2026-07-01T19:01:00.068374,2026-07-01T19:01:00.079720+00:00,82.7,1,ask,EarnestEspressos,Kelvin Chan,2812653
2026-07-01T19:01:00.200472,2026-07-01T19:01:00.208225+00:00,82.7,44,ask,EarnestEspressos,CostlyCorianders,2812658
2026-07-01T19:01:00.360581,2026-07-01T19:01:00.367437+00:00,82.7,1,ask,EarnestEspressos,Kelvin Chan,2812660
2026-07-01T19:01:00.552486,2026-07-01T19:01:00.564209+00:00,82.7,1,ask,EarnestEspressos,Kelvin Chan,2812661
2026-07-01T19:01:00.676556,2026-07-01T19:01:00.687911+00:00,82.7,1,ask,EarnestEspressos,Kelvin Chan,2812662
2026-07-01T19:01:00.734073,2026-07-01T19:01:00.742760+00:00,82.7,1,ask,EarnestEspressos,Kelvin Chan,2812664
2026-07-01T19:01:00.885652,2026-07-01T19:01:00.896944+00:00,82.7,1,ask,EarnestEspressos,Kelvin Chan,2812672
2026-07-01T19:01:00.937046,2026-07-01T19:01:00.958565+00:00,82.7,1,ask,EarnestEspressos,Kelvin Chan,2812673
2026-07-01T19:01:01.019642,2026-07-01T19:01:01.031324+00:00,82.7,1,ask,EarnestEspressos,Kelvin Chan,2812675
2026-07-01T19:01:01.058957,2026-07-01T19:01:01.068313+00:00,82.7,1,ask,EarnestEspressos,Kelvin Chan,2812676
2026-07-01T19:01:01.088947,2026-07-01T19:01:01.100341+00:00,82.7,1,ask,EarnestEspressos,Kelvin Chan,2812677
2026-07-01T19:01:01.114167,2026-07-01T19:01:01.125745+00:00,82.7,1,ask,EarnestEspressos,Kelvin Chan,2812678
2026-07-01T19:01:01.138963,2026-07-01T19:01:01.148475+00:00,82.7,1,ask,EarnestEspressos,Kelvin Chan,2812679
2026-07-01T19:01:01.478478,2026-07-01T19:01:01.489799+00:00,83.2,50,bid,FlawlessFlatbreads,EarnestEspressos,2812685
2026-07-01T19:01:03.585844,2026-07-01T19:01:03.597157+00:00,82.8,50,bid,FlawlessFlatbreads,EarnestEspressos,2812713
2026-07-01T19:01:04.129434,2026-07-01T19:01:04.140736+00:00,82.8,44,bid,CostlyCorianders,EarnestEspressos,2812728
2026-07-01T19:01:09.343992,2026-07-01T19:01:09.352058+00:00,82.9,3,ask,EarnestEspressos,Xuanyu Liu,2812810
2026-07-01T19:01:09.980879,2026-07-01T19:01:09.992419+00:00,82.9,50,ask,EarnestEspressos,FlawlessFlatbreads,2812821
2026-07-01T19:01:11.344815,2026-07-01T19:01:11.354064+00:00,82.9,48,ask,EarnestEspressos,CostlyCorianders,2812842
2026-07-01T19:01:12.087914,2026-07-01T19:01:12.095495+00:00,82.9,49,ask,EarnestEspressos,FlawlessFlatbreads,2812852
2026-07-01T19:01:12.087914,2026-07-01T19:01:12.100823+00:00,82.5,1,ask,DiligentDonuts,FlawlessFlatbreads,2812853
2026-07-01T19:01:12.508795,2026-07-01T19:01:12.516493+00:00,82.7,3,bid,Xuanyu Liu,EarnestEspressos,2812863
2026-07-01T19:01:13.292334,2026-07-01T19:01:13.325430+00:00,82.7,3,bid,Xuanyu Liu,EarnestEspressos,2812878
2026-07-01T19:01:15.084803,2026-07-01T19:01:15.096649+00:00,82.7,100,bid,DiligentDonuts,EarnestEspressos,2812918
2026-07-01T19:01:15.442399,2026-07-01T19:01:15.458564+00:00,82.7,41,bid,CostlyCorianders,EarnestEspressos,2812926
2026-07-01T19:01:15.618916,2026-07-01T19:01:15.628320+00:00,83.0,3,ask,EarnestEspressos,Xuanyu Liu,2812932
2026-07-01T19:01:16.445701,2026-07-01T19:01:16.444880+00:00,83.0,43,ask,EarnestEspressos,CostlyCorianders,2812946
2026-07-01T19:01:18.066840,2026-07-01T19:01:18.078243+00:00,83.0,48,ask,EarnestEspressos,CostlyCorianders,2812975
2026-07-01T19:01:18.298776,2026-07-01T19:01:18.309942+00:00,83.0,56,ask,EarnestEspressos,DiligentDonuts,2812984
2026-07-01T19:01:22.300741,2026-07-01T19:01:22.312090+00:00,82.9,44,bid,CostlyCorianders,EarnestEspressos,2813060
2026-07-01T19:01:22.613549,2026-07-01T19:01:22.622226+00:00,82.6,5,ask,Kelvin Chan,FlawlessFlatbreads,2813070
2026-07-01T19:01:22.613549,2026-07-01T19:01:22.622226+00:00,82.5,45,ask,DiligentDonuts,FlawlessFlatbreads,2813071
2026-07-01T19:01:22.939289,2026-07-01T19:01:22.945840+00:00,82.5,46,ask,DiligentDonuts,CostlyCorianders,2813080
2026-07-01T19:01:26.824474,2026-07-01T19:01:26.829493+00:00,82.5,50,ask,EarnestEspressos,FlawlessFlatbreads,2813158
2026-07-01T19:01:28.840246,2026-07-01T19:01:28.848491+00:00,82.7,46,bid,CostlyCorianders,EarnestEspressos,2813195
2026-07-01T19:01:28.934346,2026-07-01T19:01:28.947998+00:00,82.3,50,ask,DiligentDonuts,FlawlessFlatbreads,2813196
2026-07-01T19:01:30.403396,2026-07-01T19:01:30.412433+00:00,82.7,46,bid,CostlyCorianders,EarnestEspressos,2813231
2026-07-01T19:01:31.042188,2026-07-01T19:01:31.053552+00:00,82.2,50,ask,EarnestEspressos,FlawlessFlatbreads,2813244
2026-07-01T19:01:31.497873,2026-07-01T19:01:31.507089+00:00,82.5,41,ask,EarnestEspressos,CostlyCorianders,2813251
2026-07-01T19:01:33.149861,2026-07-01T19:01:33.163622+00:00,82.5,50,ask,EarnestEspressos,FlawlessFlatbreads,2813276
2026-07-01T19:01:33.479120,2026-07-01T19:01:33.490389+00:00,82.7,44,bid,CostlyCorianders,DiligentDonuts,2813283
2026-07-01T19:01:34.462357,2026-07-01T19:01:34.468981+00:00,82.8,1,bid,CostlyCorianders,Kelvin Chan,2813310
2026-07-01T19:01:34.462357,2026-07-01T19:01:34.474495+00:00,82.8,45,bid,CostlyCorianders,DiligentDonuts,2813311
2026-07-01T19:01:34.670359,2026-07-01T19:01:34.679012+00:00,82.7,3,bid,Xuanyu Liu,EarnestEspressos,2813315
2026-07-01T19:01:35.261429,2026-07-01T19:01:35.269134+00:00,82.3,50,ask,DiligentDonuts,FlawlessFlatbreads,2813335
2026-07-01T19:01:36.629419,2026-07-01T19:01:36.640577+00:00,82.3,44,ask,DiligentDonuts,CostlyCorianders,2813364
2026-07-01T19:01:37.369638,2026-07-01T19:01:37.379836+00:00,82.4,6,ask,Kelvin Chan,FlawlessFlatbreads,2813381
2026-07-01T19:01:37.369638,2026-07-01T19:01:37.379836+00:00,82.2,44,ask,EarnestEspressos,FlawlessFlatbreads,2813382
2026-07-01T19:01:37.833082,2026-07-01T19:01:37.841904+00:00,82.5,11,bid,Xuanyu Liu,EarnestEspressos,2813397
2026-07-01T19:01:39.028893,2026-07-01T19:01:39.040294+00:00,82.4,2,ask,Kelvin Chan,CostlyCorianders,2813426
2026-07-01T19:01:39.028893,2026-07-01T19:01:39.040294+00:00,82.1,45,ask,DiligentDonuts,CostlyCorianders,2813427
2026-07-01T19:01:39.479337,2026-07-01T19:01:39.491019+00:00,82.1,50,ask,DiligentDonuts,FlawlessFlatbreads,2813437
2026-07-01T19:01:40.436782,2026-07-01T19:01:40.446451+00:00,82.0,100,ask,EarnestEspressos,DiligentDonuts,2813462
2026-07-01T19:01:40.582801,2026-07-01T19:01:40.590307+00:00,82.5,43,bid,CostlyCorianders,EarnestEspressos,2813473
2026-07-01T19:01:40.993246,2026-07-01T19:01:41.002832+00:00,82.1,23,bid,Xuanyu Liu,EarnestEspressos,2813481
2026-07-01T19:01:41.587872,2026-07-01T19:01:41.599187+00:00,81.6,50,ask,EarnestEspressos,FlawlessFlatbreads,2813489
2026-07-01T19:01:43.615990,2026-07-01T19:01:43.626198+00:00,81.9,45,ask,DiligentDonuts,CostlyCorianders,2813527
2026-07-01T19:01:43.694871,2026-07-01T19:01:43.706226+00:00,81.9,50,ask,DiligentDonuts,FlawlessFlatbreads,2813532
2026-07-01T19:01:44.159570,2026-07-01T19:01:44.169508+00:00,82.0,3,bid,Xuanyu Liu,EarnestEspressos,2813535
2026-07-01T19:01:44.620671,2026-07-01T19:01:44.632001+00:00,82.0,42,bid,CostlyCorianders,EarnestEspressos,2813551
2026-07-01T19:01:45.621009,2026-07-01T19:01:45.632407+00:00,81.9,5,ask,DiligentDonuts,CostlyCorianders,2813562
2026-07-01T19:01:46.041752,2026-07-01T19:01:46.053388+00:00,82.0,9,bid,Xuanyu Liu,EarnestEspressos,2813573
2026-07-01T19:01:46.090635,2026-07-01T19:01:46.098806+00:00,82.0,22,bid,Xuanyu Liu,EarnestEspressos,2813577
2026-07-01T19:01:46.743535,2026-07-01T19:01:46.764025+00:00,82.0,49,bid,CostlyCorianders,EarnestEspressos,2813589
2026-07-01T19:01:47.252002,2026-07-01T19:01:47.258580+00:00,81.8,46,ask,DiligentDonuts,CostlyCorianders,2813601
2026-07-01T19:01:47.272358,2026-07-01T19:01:47.282239+00:00,82.2,11,ask,EarnestEspressos,Xuanyu Liu,2813602
2026-07-01T19:01:47.858036,2026-07-01T19:01:47.868667+00:00,82.3,4,bid,FlawlessFlatbreads,Kelvin Chan,2813612
2026-07-01T19:01:47.858036,2026-07-01T19:01:47.868667+00:00,82.3,46,bid,FlawlessFlatbreads,DiligentDonuts,2813613
2026-07-01T19:01:48.313200,2026-07-01T19:01:48.324518+00:00,82.3,43,bid,CostlyCorianders,DiligentDonuts,2813616
2026-07-01T19:01:49.295064,2026-07-01T19:01:49.306520+00:00,82.2,44,ask,EarnestEspressos,CostlyCorianders,2813642
2026-07-01T19:01:49.965534,2026-07-01T19:01:49.976873+00:00,82.3,4,bid,FlawlessFlatbreads,Kelvin Chan,2813648
2026-07-01T19:01:49.965534,2026-07-01T19:01:49.976873+00:00,82.4,46,bid,FlawlessFlatbreads,DiligentDonuts,2813649
2026-07-01T19:01:52.093680,2026-07-01T19:01:52.101842+00:00,82.3,3,bid,FlawlessFlatbreads,Kelvin Chan,2813703
2026-07-01T19:01:52.093680,2026-07-01T19:01:52.107356+00:00,82.4,47,bid,FlawlessFlatbreads,DiligentDonuts,2813704
2026-07-01T19:01:52.852630,2026-07-01T19:01:52.864492+00:00,82.4,7,bid,CostlyCorianders,DiligentDonuts,2813723
2026-07-01T19:01:52.852630,2026-07-01T19:01:52.864492+00:00,82.5,42,bid,CostlyCorianders,EarnestEspressos,2813724
2026-07-01T19:01:53.040808,2026-07-01T19:01:53.050012+00:00,82.4,11,ask,DiligentDonuts,Xuanyu Liu,2813728
2026-07-01T19:01:53.678343,2026-07-01T19:01:53.687169+00:00,82.4,5,ask,DiligentDonuts,Kelvin Chan,2813739
2026-07-01T19:01:54.206622,2026-07-01T19:01:54.218079+00:00,82.7,50,bid,FlawlessFlatbreads,EarnestEspressos,2813751
2026-07-01T19:01:54.888756,2026-07-01T19:01:54.900128+00:00,82.4,5,ask,DiligentDonuts,Kelvin Chan,2813758
2026-07-01T19:01:55.016150,2026-07-01T19:01:55.026075+00:00,82.4,5,ask,DiligentDonuts,Kelvin Chan,2813764
2026-07-01T19:01:55.269883,2026-07-01T19:01:55.282037+00:00,82.4,12,ask,DiligentDonuts,Xuanyu Liu,2813775
2026-07-01T19:01:56.025039,2026-07-01T19:01:56.033835+00:00,82.4,5,ask,DiligentDonuts,Kelvin Chan,2813789
2026-07-01T19:01:57.076749,2026-07-01T19:01:57.084502+00:00,82.2,48,ask,EarnestEspressos,CostlyCorianders,2813811
2026-07-01T19:01:57.994050,2026-07-01T19:01:58.002518+00:00,82.2,45,ask,EarnestEspressos,CostlyCorianders,2813826
2026-07-01T19:01:58.473284,2026-07-01T19:01:58.481354+00:00,82.2,50,ask,EarnestEspressos,FlawlessFlatbreads,2813836
2026-07-01T19:01:59.183647,2026-07-01T19:01:59.189820+00:00,82.5,5,bid,CostlyCorianders,Kelvin Chan,2813849
2026-07-01T19:01:59.183647,2026-07-01T19:01:59.195313+00:00,82.6,41,bid,CostlyCorianders,DiligentDonuts,2813850
2026-07-01T19:02:00.605840,2026-07-01T19:02:00.617173+00:00,82.3,50,ask,DiligentDonuts,FlawlessFlatbreads,2813861
2026-07-01T19:02:01.262713,2026-07-01T19:02:01.274198+00:00,82.4,44,bid,CostlyCorianders,EarnestEspressos,2813872
2026-07-01T19:02:02.713330,2026-07-01T19:02:02.724805+00:00,82.2,50,ask,DiligentDonuts,FlawlessFlatbreads,2813903
2026-07-01T19:02:03.267643,2026-07-01T19:02:03.279003+00:00,82.2,40,ask,DiligentDonuts,CostlyCorianders,2813914
2026-07-01T19:02:04.245800,2026-07-01T19:02:04.263585+00:00,82.5,5,bid,CostlyCorianders,Kelvin Chan,2813927
2026-07-01T19:02:04.245800,2026-07-01T19:02:04.263585+00:00,82.5,41,bid,CostlyCorianders,EarnestEspressos,2813928
2026-07-01T19:02:04.848136,2026-07-01T19:02:04.858546+00:00,82.2,10,ask,DiligentDonuts,FlawlessFlatbreads,2813941
2026-07-01T19:02:04.848136,2026-07-01T19:02:04.858546+00:00,82.0,40,ask,EarnestEspressos,FlawlessFlatbreads,2813942
2026-07-01T19:02:06.694159,2026-07-01T19:02:06.701950+00:00,82.4,12,bid,Xuanyu Liu,DiligentDonuts,2813991
2026-07-01T19:02:09.755377,2026-07-01T19:02:09.766785+00:00,82.1,46,ask,EarnestEspressos,CostlyCorianders,2814033
2026-07-01T19:02:10.672546,2026-07-01T19:02:10.684076+00:00,82.5,4,bid,CostlyCorianders,Kelvin Chan,2814058
2026-07-01T19:02:10.672546,2026-07-01T19:02:10.684076+00:00,82.5,45,bid,CostlyCorianders,DiligentDonuts,2814059
2026-07-01T19:02:11.122180,2026-07-01T19:02:11.130308+00:00,82.5,50,bid,FlawlessFlatbreads,DiligentDonuts,2814065
2026-07-01T19:02:13.228588,2026-07-01T19:02:13.240191+00:00,82.3,50,bid,FlawlessFlatbreads,EarnestEspressos,2814097
2026-07-01T19:02:14.858522,2026-07-01T19:02:14.868894+00:00,82.3,48,bid,CostlyCorianders,EarnestEspressos,2814128
2026-07-01T19:02:15.386268,2026-07-01T19:02:15.397741+00:00,82.2,2,ask,Kelvin Chan,FlawlessFlatbreads,2814141
2026-07-01T19:02:15.386268,2026-07-01T19:02:15.397741+00:00,82.1,48,ask,DiligentDonuts,FlawlessFlatbreads,2814142
2026-07-01T19:02:17.514515,2026-07-01T19:02:17.524466+00:00,82.1,50,ask,DiligentDonuts,FlawlessFlatbreads,2814181
2026-07-01T19:02:18.873226,2026-07-01T19:02:18.883531+00:00,82.3,11,bid,Xuanyu Liu,DiligentDonuts,2814216
2026-07-01T19:02:19.569750,2026-07-01T19:02:19.576558+00:00,82.3,50,bid,FlawlessFlatbreads,DiligentDonuts,2814232
2026-07-01T19:02:20.286344,2026-07-01T19:02:20.295622+00:00,82.1,2,ask,Kelvin Chan,CostlyCorianders,2814257
2026-07-01T19:02:20.286344,2026-07-01T19:02:20.295622+00:00,82.1,42,ask,EarnestEspressos,CostlyCorianders,2814258
2026-07-01T19:02:21.675422,2026-07-01T19:02:21.681616+00:00,82.5,2,bid,FlawlessFlatbreads,Kelvin Chan,2814279
2026-07-01T19:02:21.675422,2026-07-01T19:02:21.686818+00:00,82.6,48,bid,FlawlessFlatbreads,EarnestEspressos,2814280
2026-07-01T19:02:23.788684,2026-07-01T19:02:23.801849+00:00,82.6,50,bid,FlawlessFlatbreads,DiligentDonuts,2814329
2026-07-01T19:02:24.889081,2026-07-01T19:02:24.900363+00:00,82.5,41,ask,DiligentDonuts,CostlyCorianders,2814349
2026-07-01T19:02:25.806757,2026-07-01T19:02:25.814053+00:00,82.5,3,ask,DiligentDonuts,Kelvin Chan,2814364
2026-07-01T19:02:25.895390,2026-07-01T19:02:25.907046+00:00,83.0,50,bid,FlawlessFlatbreads,DiligentDonuts,2814366
2026-07-01T19:02:26.046126,2026-07-01T19:02:26.063633+00:00,82.6,3,bid,CostlyCorianders,Kelvin Chan,2814368
2026-07-01T19:02:26.574877,2026-07-01T19:02:26.585514+00:00,82.6,3,bid,CostlyCorianders,Kelvin Chan,2814384
2026-07-01T19:02:26.776214,2026-07-01T19:02:26.784095+00:00,82.5,23,ask,DiligentDonuts,Xuanyu Liu,2814388
2026-07-01T19:02:27.227359,2026-07-01T19:02:27.236407+00:00,82.6,3,bid,CostlyCorianders,Kelvin Chan,2814396
2026-07-01T19:02:27.862143,2026-07-01T19:02:27.869019+00:00,82.6,4,bid,CostlyCorianders,Kelvin Chan,2814410
2026-07-01T19:02:28.027357,2026-07-01T19:02:28.034399+00:00,82.6,4,bid,FlawlessFlatbreads,Kelvin Chan,2814411
2026-07-01T19:02:28.027357,2026-07-01T19:02:28.039767+00:00,82.7,46,bid,FlawlessFlatbreads,DiligentDonuts,2814412
2026-07-01T19:02:28.319995,2026-07-01T19:02:28.328879+00:00,82.6,3,bid,CostlyCorianders,Kelvin Chan,2814414
2026-07-01T19:02:28.319995,2026-07-01T19:02:28.328879+00:00,82.7,38,bid,CostlyCorianders,DiligentDonuts,2814415
2026-07-01T19:02:28.375310,2026-07-01T19:02:28.386973+00:00,82.2,2,ask,Kelvin Chan,CostlyCorianders,2814416
2026-07-01T19:02:28.375310,2026-07-01T19:02:28.386973+00:00,82.2,47,ask,DiligentDonuts,CostlyCorianders,2814417
2026-07-01T19:02:30.138251,2026-07-01T19:02:30.147169+00:00,82.7,16,bid,FlawlessFlatbreads,DiligentDonuts,2814454
2026-07-01T19:02:30.138251,2026-07-01T19:02:30.147169+00:00,82.9,34,bid,FlawlessFlatbreads,EarnestEspressos,2814455
2026-07-01T19:02:30.901575,2026-07-01T19:02:30.909613+00:00,82.4,11,ask,EarnestEspressos,Xuanyu Liu,2814471
2026-07-01T19:02:32.251042,2026-07-01T19:02:32.258171+00:00,82.7,50,bid,FlawlessFlatbreads,DiligentDonuts,2814490
2026-07-01T19:02:33.323754,2026-07-01T19:02:33.333893+00:00,82.7,45,bid,CostlyCorianders,DiligentDonuts,2814514
2026-07-01T19:02:34.223510,2026-07-01T19:02:34.234408+00:00,82.6,48,ask,DiligentDonuts,CostlyCorianders,2814527
2026-07-01T19:02:34.358284,2026-07-01T19:02:34.366102+00:00,82.7,50,bid,FlawlessFlatbreads,EarnestEspressos,2814532
2026-07-01T19:02:34.523014,2026-07-01T19:02:34.532512+00:00,82.6,12,ask,DiligentDonuts,Xuanyu Liu,2814535
2026-07-01T19:02:36.280763,2026-07-01T19:02:36.290313+00:00,82.6,40,ask,DiligentDonuts,CostlyCorianders,2814570
2026-07-01T19:02:36.280763,2026-07-01T19:02:36.290313+00:00,82.5,1,ask,EarnestEspressos,CostlyCorianders,2814571
2026-07-01T19:02:36.464952,2026-07-01T19:02:36.476524+00:00,83.0,50,bid,FlawlessFlatbreads,EarnestEspressos,2814572
2026-07-01T19:02:37.343318,2026-07-01T19:02:37.358584+00:00,83.0,47,bid,CostlyCorianders,EarnestEspressos,2814585
2026-07-01T19:02:37.397087,2026-07-01T19:02:37.404661+00:00,82.5,45,ask,EarnestEspressos,CostlyCorianders,2814586
2026-07-01T19:02:38.573285,2026-07-01T19:02:38.581259+00:00,82.7,50,bid,FlawlessFlatbreads,DiligentDonuts,2814609
2026-07-01T19:02:40.679376,2026-07-01T19:02:40.690688+00:00,82.8,50,bid,FlawlessFlatbreads,DiligentDonuts,2814630
2026-07-01T19:02:41.074424,2026-07-01T19:02:41.082324+00:00,82.7,11,ask,EarnestEspressos,Xuanyu Liu,2814636
2026-07-01T19:02:41.270201,2026-07-01T19:02:41.279714+00:00,82.7,3,ask,EarnestEspressos,Xuanyu Liu,2814645
2026-07-01T19:02:42.788508,2026-07-01T19:02:42.796571+00:00,82.8,50,bid,FlawlessFlatbreads,DiligentDonuts,2814668
2026-07-01T19:02:44.945405,2026-07-01T19:02:44.958586+00:00,82.6,50,ask,DiligentDonuts,FlawlessFlatbreads,2814718
2026-07-01T19:02:47.051159,2026-07-01T19:02:47.057393+00:00,82.5,50,ask,EarnestEspressos,FlawlessFlatbreads,2814755
2026-07-01T19:02:49.158256,2026-07-01T19:02:49.169833+00:00,82.3,50,ask,DiligentDonuts,FlawlessFlatbreads,2814797
2026-07-01T19:02:50.436309,2026-07-01T19:02:50.443766+00:00,82.7,3,bid,Xuanyu Liu,EarnestEspressos,2814831
2026-07-01T19:02:51.267102,2026-07-01T19:02:51.274260+00:00,82.5,50,ask,EarnestEspressos,FlawlessFlatbreads,2814842
2026-07-01T19:02:51.911707,2026-07-01T19:02:51.923397+00:00,82.5,43,ask,EarnestEspressos,CostlyCorianders,2814857
2026-07-01T19:02:53.322188,2026-07-01T19:02:53.333791+00:00,82.9,1,bid,FlawlessFlatbreads,Kelvin Chan,2814883
2026-07-01T19:02:53.322188,2026-07-01T19:02:53.333791+00:00,83.0,49,bid,FlawlessFlatbreads,EarnestEspressos,2814884
2026-07-01T19:02:54.364099,2026-07-01T19:02:54.374533+00:00,82.8,46,bid,CostlyCorianders,EarnestEspressos,2814915
2026-07-01T19:02:54.859317,2026-07-01T19:02:54.869048+00:00,82.8,47,bid,CostlyCorianders,EarnestEspressos,2814923
2026-07-01T19:02:55.482849,2026-07-01T19:02:55.494072+00:00,82.5,50,ask,DiligentDonuts,FlawlessFlatbreads,2814940
2026-07-01T19:02:55.691720,2026-07-01T19:02:55.700233+00:00,82.8,11,bid,Xuanyu Liu,EarnestEspressos,2814946
2026-07-01T19:02:56.457461,2026-07-01T19:02:56.468953+00:00,82.5,45,ask,DiligentDonuts,CostlyCorianders,2814960
2026-07-01T19:02:57.017275,2026-07-01T19:02:57.028668+00:00,83.0,40,bid,CostlyCorianders,DiligentDonuts,2814976
2026-07-01T19:02:57.589522,2026-07-01T19:02:57.600992+00:00,82.6,50,ask,EarnestEspressos,FlawlessFlatbreads,2814987
2026-07-01T19:02:58.314672,2026-07-01T19:02:58.322433+00:00,82.6,14,ask,EarnestEspressos,Xuanyu Liu,2814995
2026-07-01T19:02:59.300556,2026-07-01T19:02:59.316264+00:00,82.6,46,ask,EarnestEspressos,CostlyCorianders,2815019
2026-07-01T19:02:59.532776,2026-07-01T19:02:59.540835+00:00,82.6,40,ask,EarnestEspressos,DiligentDonuts,2815028
2026-07-01T19:02:59.532776,2026-07-01T19:02:59.540835+00:00,82.6,5,ask,Kelvin Chan,DiligentDonuts,2815029
2026-07-01T19:02:59.607108,2026-07-01T19:02:59.617011+00:00,82.4,6,bid,Kelvin Chan,DiligentDonuts,2815030
2026-07-01T19:02:59.628591,2026-07-01T19:02:59.636391+00:00,82.4,3,bid,Xuanyu Liu,DiligentDonuts,2815031
2026-07-01T19:03:00.372499,2026-07-01T19:03:00.379702+00:00,82.4,46,bid,CostlyCorianders,DiligentDonuts,2815046
2026-07-01T19:03:01.805013,2026-07-01T19:03:01.816435+00:00,81.9,50,ask,DiligentDonuts,FlawlessFlatbreads,2815078
2026-07-01T19:03:03.573177,2026-07-01T19:03:03.589698+00:00,82.4,23,bid,Xuanyu Liu,EarnestEspressos,2815121
2026-07-01T19:03:03.916029,2026-07-01T19:03:03.924942+00:00,82.2,50,ask,DiligentDonuts,FlawlessFlatbreads,2815135
2026-07-01T19:03:05.649627,2026-07-01T19:03:05.648931+00:00,82.4,5,bid,Kelvin Chan,EarnestEspressos,2815180
2026-07-01T19:03:06.022748,2026-07-01T19:03:06.029650+00:00,82.1,50,ask,DiligentDonuts,FlawlessFlatbreads,2815192
2026-07-01T19:03:08.127909,2026-07-01T19:03:08.139247+00:00,82.3,2,ask,Kelvin Chan,FlawlessFlatbreads,2815241
2026-07-01T19:03:08.127909,2026-07-01T19:03:08.139247+00:00,82.2,48,ask,EarnestEspressos,FlawlessFlatbreads,2815242
2026-07-01T19:03:09.240237,2026-07-01T19:03:09.251424+00:00,82.4,41,bid,CostlyCorianders,DiligentDonuts,2815264
2026-07-01T19:03:10.128048,2026-07-01T19:03:10.136347+00:00,82.3,11,bid,Xuanyu Liu,EarnestEspressos,2815276
2026-07-01T19:03:10.235980,2026-07-01T19:03:10.243852+00:00,81.9,50,ask,DiligentDonuts,FlawlessFlatbreads,2815279
2026-07-01T19:03:12.341255,2026-07-01T19:03:12.358570+00:00,82.0,50,ask,DiligentDonuts,FlawlessFlatbreads,2815328
2026-07-01T19:03:12.971207,2026-07-01T19:03:12.982517+00:00,82.0,42,ask,DiligentDonuts,CostlyCorianders,2815338
2026-07-01T19:03:14.136574,2026-07-01T19:03:14.147972+00:00,82.2,5,ask,Kelvin Chan,CostlyCorianders,2815354
2026-07-01T19:03:14.136574,2026-07-01T19:03:14.147972+00:00,82.0,8,ask,DiligentDonuts,CostlyCorianders,2815355
2026-07-01T19:03:14.136574,2026-07-01T19:03:14.147972+00:00,81.9,32,ask,EarnestEspressos,CostlyCorianders,2815356
2026-07-01T19:03:14.473144,2026-07-01T19:03:14.482394+00:00,81.9,50,ask,EarnestEspressos,FlawlessFlatbreads,2815365
2026-07-01T19:03:15.384165,2026-07-01T19:03:15.394456+00:00,82.2,12,bid,Xuanyu Liu,DiligentDonuts,2815395
2026-07-01T19:03:16.580331,2026-07-01T19:03:16.589714+00:00,82.1,1,ask,Kelvin Chan,FlawlessFlatbreads,2815409
2026-07-01T19:03:16.580331,2026-07-01T19:03:16.589714+00:00,81.7,49,ask,DiligentDonuts,FlawlessFlatbreads,2815410
2026-07-01T19:03:18.072771,2026-07-01T19:03:18.079725+00:00,82.1,1,ask,Kelvin Chan,CostlyCorianders,2815451
2026-07-01T19:03:18.531643,2026-07-01T19:03:18.540995+00:00,81.9,11,bid,Xuanyu Liu,DiligentDonuts,2815457
2026-07-01T19:03:18.688669,2026-07-01T19:03:18.695683+00:00,81.7,50,ask,EarnestEspressos,FlawlessFlatbreads,2815466
2026-07-01T19:03:19.088783,2026-07-01T19:03:19.098621+00:00,81.8,11,bid,Xuanyu Liu,EarnestEspressos,2815471
2026-07-01T19:03:19.337581,2026-07-01T19:03:19.346911+00:00,81.8,12,bid,Xuanyu Liu,EarnestEspressos,2815478
2026-07-01T19:03:20.362896,2026-07-01T19:03:20.372469+00:00,81.8,49,bid,CostlyCorianders,EarnestEspressos,2815502
2026-07-01T19:03:20.594306,2026-07-01T19:03:20.601274+00:00,81.8,5,bid,Kelvin Chan,EarnestEspressos,2815503
2026-07-01T19:03:20.700557,2026-07-01T19:03:20.708915+00:00,81.8,5,bid,Kelvin Chan,EarnestEspressos,2815507
2026-07-01T19:03:20.743983,2026-07-01T19:03:20.755399+00:00,81.8,50,bid,FlawlessFlatbreads,EarnestEspressos,2815508
2026-07-01T19:03:20.749210,2026-07-01T19:03:20.755399+00:00,81.8,4,bid,Kelvin Chan,EarnestEspressos,2815509
2026-07-01T19:03:20.907159,2026-07-01T19:03:20.918861+00:00,81.8,14,bid,CostlyCorianders,EarnestEspressos,2815517
2026-07-01T19:03:20.907159,2026-07-01T19:03:20.918861+00:00,81.9,31,bid,CostlyCorianders,DiligentDonuts,2815518
2026-07-01T19:03:20.979470,2026-07-01T19:03:20.989025+00:00,81.9,4,bid,Kelvin Chan,DiligentDonuts,2815521
2026-07-01T19:03:21.038036,2026-07-01T19:03:21.058576+00:00,81.9,4,bid,Kelvin Chan,DiligentDonuts,2815525
2026-07-01T19:03:21.991913,2026-07-01T19:03:21.998085+00:00,81.7,45,ask,DiligentDonuts,CostlyCorianders,2815547
2026-07-01T19:03:22.195314,2026-07-01T19:03:22.205353+00:00,81.9,12,ask,EarnestEspressos,Xuanyu Liu,2815551
2026-07-01T19:03:22.924591,2026-07-01T19:03:22.929204+00:00,81.9,50,ask,EarnestEspressos,FlawlessFlatbreads,2815571
2026-07-01T19:03:23.080218,2026-07-01T19:03:23.091627+00:00,82.2,45,bid,CostlyCorianders,DiligentDonuts,2815580
2026-07-01T19:03:23.559797,2026-07-01T19:03:23.569681+00:00,81.9,40,ask,EarnestEspressos,CostlyCorianders,2815583
2026-07-01T19:03:24.575359,2026-07-01T19:03:24.584050+00:00,81.9,11,ask,EarnestEspressos,Xuanyu Liu,2815599
2026-07-01T19:03:25.031749,2026-07-01T19:03:25.041723+00:00,81.9,37,ask,EarnestEspressos,FlawlessFlatbreads,2815612
2026-07-01T19:03:25.410656,2026-07-01T19:03:25.422611+00:00,81.7,11,bid,Xuanyu Liu,EarnestEspressos,2815625
2026-07-01T19:03:25.885137,2026-07-01T19:03:25.893361+00:00,81.7,23,bid,Xuanyu Liu,EarnestEspressos,2815635
2026-07-01T19:03:26.033719,2026-07-01T19:03:26.045279+00:00,81.7,41,bid,CostlyCorianders,EarnestEspressos,2815638
2026-07-01T19:03:26.608328,2026-07-01T19:03:26.615828+00:00,81.7,42,bid,CostlyCorianders,EarnestEspressos,2815653
2026-07-01T19:03:26.662667,2026-07-01T19:03:26.669520+00:00,81.5,45,ask,DiligentDonuts,CostlyCorianders,2815654
2026-07-01T19:03:27.087296,2026-07-01T19:03:27.098702+00:00,81.7,33,bid,FlawlessFlatbreads,EarnestEspressos,2815663
2026-07-01T19:03:27.087296,2026-07-01T19:03:27.098702+00:00,82.0,17,bid,FlawlessFlatbreads,DiligentDonuts,2815664
2026-07-01T19:03:28.448871,2026-07-01T19:03:28.463776+00:00,81.5,47,ask,DiligentDonuts,CostlyCorianders,2815694
2026-07-01T19:03:28.517986,2026-07-01T19:03:28.531643+00:00,81.8,11,ask,EarnestEspressos,Xuanyu Liu,2815697
2026-07-01T19:03:29.022250,2026-07-01T19:03:29.030670+00:00,81.8,12,ask,EarnestEspressos,Xuanyu Liu,2815708
2026-07-01T19:03:29.202839,2026-07-01T19:03:29.211384+00:00,82.0,50,bid,FlawlessFlatbreads,DiligentDonuts,2815712
2026-07-01T19:03:29.982213,2026-07-01T19:03:29.991157+00:00,82.0,46,bid,CostlyCorianders,DiligentDonuts,2815727
2026-07-01T19:03:31.309551,2026-07-01T19:03:31.320753+00:00,82.1,50,bid,FlawlessFlatbreads,DiligentDonuts,2815750
2026-07-01T19:03:32.254996,2026-07-01T19:03:32.248124+00:00,81.8,43,ask,EarnestEspressos,CostlyCorianders,2815779
2026-07-01T19:03:33.344273,2026-07-01T19:03:33.353857+00:00,82.1,49,bid,CostlyCorianders,DiligentDonuts,2815801
2026-07-01T19:03:33.468059,2026-07-01T19:03:33.479556+00:00,81.8,50,ask,EarnestEspressos,FlawlessFlatbreads,2815806
2026-07-01T19:03:34.307269,2026-07-01T19:03:34.316700+00:00,82.1,11,ask,DiligentDonuts,Xuanyu Liu,2815830
2026-07-01T19:03:34.880193,2026-07-01T19:03:34.891478+00:00,82.1,89,ask,DiligentDonuts,EarnestEspressos,2815839
2026-07-01T19:03:35.512224,2026-07-01T19:03:35.522712+00:00,81.8,5,ask,Kelvin Chan,CostlyCorianders,2815855
2026-07-01T19:03:35.512224,2026-07-01T19:03:35.522712+00:00,81.5,35,ask,EarnestEspressos,CostlyCorianders,2815856
2026-07-01T19:03:35.579028,2026-07-01T19:03:35.595664+00:00,81.5,50,ask,EarnestEspressos,FlawlessFlatbreads,2815860
2026-07-01T19:03:36.160371,2026-07-01T19:03:36.172029+00:00,82.0,41,bid,CostlyCorianders,EarnestEspressos,2815877
2026-07-01T19:03:37.634776,2026-07-01T19:03:37.658567+00:00,82.0,20,bid,FlawlessFlatbreads,EarnestEspressos,2815898
2026-07-01T19:03:37.634776,2026-07-01T19:03:37.658567+00:00,82.1,1,bid,FlawlessFlatbreads,Kelvin Chan,2815899
2026-07-01T19:03:37.634776,2026-07-01T19:03:37.658567+00:00,82.1,29,bid,FlawlessFlatbreads,DiligentDonuts,2815900
2026-07-01T19:03:39.746641,2026-07-01T19:03:39.758471+00:00,82.1,50,bid,FlawlessFlatbreads,DiligentDonuts,2815935
2026-07-01T19:03:41.854129,2026-07-01T19:03:41.863934+00:00,82.1,1,bid,FlawlessFlatbreads,Kelvin Chan,2815972
2026-07-01T19:03:41.854129,2026-07-01T19:03:41.863934+00:00,82.1,49,bid,FlawlessFlatbreads,EarnestEspressos,2815973
2026-07-01T19:03:44.017028,2026-07-01T19:03:44.024235+00:00,82.0,50,ask,DiligentDonuts,FlawlessFlatbreads,2816018
2026-07-01T19:03:45.434445,2026-07-01T19:03:45.446158+00:00,82.0,42,ask,DiligentDonuts,CostlyCorianders,2816058
2026-07-01T19:03:46.052354,2026-07-01T19:03:46.064029+00:00,82.0,8,ask,DiligentDonuts,CostlyCorianders,2816064
2026-07-01T19:03:46.052354,2026-07-01T19:03:46.064029+00:00,81.8,3,ask,Kelvin Chan,CostlyCorianders,2816065
2026-07-01T19:03:46.052354,2026-07-01T19:03:46.064029+00:00,81.8,35,ask,EarnestEspressos,CostlyCorianders,2816066
2026-07-01T19:03:48.230831,2026-07-01T19:03:48.238739+00:00,81.8,6,ask,Kelvin Chan,FlawlessFlatbreads,2816109
2026-07-01T19:03:48.230831,2026-07-01T19:03:48.238739+00:00,81.7,44,ask,EarnestEspressos,FlawlessFlatbreads,2816110
2026-07-01T19:03:48.961500,2026-07-01T19:03:48.968980+00:00,82.0,44,bid,CostlyCorianders,DiligentDonuts,2816119
2026-07-01T19:03:49.563783,2026-07-01T19:03:49.574216+00:00,81.8,5,ask,Kelvin Chan,CostlyCorianders,2816137
2026-07-01T19:03:49.563783,2026-07-01T19:03:49.574216+00:00,81.7,39,ask,EarnestEspressos,CostlyCorianders,2816138
2026-07-01T19:03:50.290421,2026-07-01T19:03:50.300335+00:00,82.1,1,bid,FlawlessFlatbreads,Kelvin Chan,2816156
2026-07-01T19:03:50.290421,2026-07-01T19:03:50.300335+00:00,82.2,49,bid,FlawlessFlatbreads,EarnestEspressos,2816157
2026-07-01T19:03:52.400354,2026-07-01T19:03:52.411953+00:00,82.1,50,bid,FlawlessFlatbreads,EarnestEspressos,2816176
2026-07-01T19:03:53.268748,2026-07-01T19:03:53.279990+00:00,82.1,47,bid,CostlyCorianders,EarnestEspressos,2816195
2026-07-01T19:03:54.507287,2026-07-01T19:03:54.518644+00:00,82.1,1,bid,FlawlessFlatbreads,Kelvin Chan,2816214
2026-07-01T19:03:54.507287,2026-07-01T19:03:54.518644+00:00,82.3,49,bid,FlawlessFlatbreads,DiligentDonuts,2816215
2026-07-01T19:03:55.083398,2026-07-01T19:03:55.094959+00:00,82.0,40,ask,EarnestEspressos,CostlyCorianders,2816227
2026-07-01T19:03:55.617212,2026-07-01T19:03:55.628929+00:00,82.0,48,ask,EarnestEspressos,CostlyCorianders,2816238
2026-07-01T19:03:56.444291,2026-07-01T19:03:56.450508+00:00,82.1,5,bid,DiligentDonuts,Kelvin Chan,2816259
2026-07-01T19:03:56.615391,2026-07-01T19:03:56.626868+00:00,82.5,50,bid,FlawlessFlatbreads,EarnestEspressos,2816265
2026-07-01T19:03:57.578229,2026-07-01T19:03:57.587316+00:00,82.1,3,ask,DiligentDonuts,Kelvin Chan,2816280
2026-07-01T19:03:57.754259,2026-07-01T19:03:57.753540+00:00,82.5,42,bid,CostlyCorianders,EarnestEspressos,2816281
2026-07-01T19:03:58.696289,2026-07-01T19:03:58.704403+00:00,82.1,11,ask,DiligentDonuts,Xuanyu Liu,2816296
2026-07-01T19:03:58.722567,2026-07-01T19:03:58.733911+00:00,82.2,3,bid,FlawlessFlatbreads,Kelvin Chan,2816298
2026-07-01T19:03:58.722567,2026-07-01T19:03:58.733911+00:00,82.5,47,bid,FlawlessFlatbreads,EarnestEspressos,2816299
2026-07-01T19:03:58.727710,2026-07-01T19:03:58.733911+00:00,82.1,48,ask,DiligentDonuts,CostlyCorianders,2816300
2026-07-01T19:04:00.149467,2026-07-01T19:04:00.163875+00:00,82.1,100,bid,EarnestEspressos,DiligentDonuts,2816338
2026-07-01T19:04:00.149467,2026-07-01T19:04:00.163875+00:00,82.2,3,bid,EarnestEspressos,Kelvin Chan,2816339
2026-07-01T19:04:00.212414,2026-07-01T19:04:00.220758+00:00,82.3,12,ask,EarnestEspressos,Xuanyu Liu,2816340
2026-07-01T19:04:00.836477,2026-07-01T19:04:00.858560+00:00,82.8,50,bid,FlawlessFlatbreads,EarnestEspressos,2816350
2026-07-01T19:04:00.852547,2026-07-01T19:04:00.858560+00:00,82.8,43,bid,CostlyCorianders,EarnestEspressos,2816351
2026-07-01T19:04:01.317947,2026-07-01T19:04:01.325894+00:00,82.3,11,ask,EarnestEspressos,Xuanyu Liu,2816361
2026-07-01T19:04:01.391787,2026-07-01T19:04:01.398136+00:00,82.3,24,ask,EarnestEspressos,CostlyCorianders,2816368
2026-07-01T19:04:02.942715,2026-07-01T19:04:02.958570+00:00,82.2,5,bid,FlawlessFlatbreads,Kelvin Chan,2816408
2026-07-01T19:04:02.942715,2026-07-01T19:04:02.958570+00:00,82.5,45,bid,FlawlessFlatbreads,DiligentDonuts,2816409
2026-07-01T19:04:05.050083,2026-07-01T19:04:05.063758+00:00,82.5,50,bid,FlawlessFlatbreads,DiligentDonuts,2816461
2026-07-01T19:04:06.423995,2026-07-01T19:04:06.430897+00:00,82.7,41,bid,CostlyCorianders,DiligentDonuts,2816489
2026-07-01T19:04:07.157888,2026-07-01T19:04:07.169276+00:00,82.4,50,bid,FlawlessFlatbreads,EarnestEspressos,2816511
2026-07-01T19:04:07.558378,2026-07-01T19:04:07.569681+00:00,82.4,48,bid,CostlyCorianders,EarnestEspressos,2816513
2026-07-01T19:04:09.091304,2026-07-01T19:04:09.103041+00:00,82.4,52,bid,DiligentDonuts,EarnestEspressos,2816553
2026-07-01T19:04:09.164832,2026-07-01T19:04:09.176861+00:00,82.4,12,ask,DiligentDonuts,Xuanyu Liu,2816554
2026-07-01T19:04:09.263877,2026-07-01T19:04:09.275246+00:00,82.9,50,bid,FlawlessFlatbreads,DiligentDonuts,2816556
2026-07-01T19:04:09.646727,2026-07-01T19:04:09.658924+00:00,82.8,14,ask,EarnestEspressos,Xuanyu Liu,2816566
2026-07-01T19:04:11.376193,2026-07-01T19:04:11.389856+00:00,82.9,50,bid,FlawlessFlatbreads,DiligentDonuts,2816604
2026-07-01T19:04:11.929303,2026-07-01T19:04:11.938639+00:00,82.8,2,ask,EarnestEspressos,Kelvin Chan,2816612
2026-07-01T19:04:11.974742,2026-07-01T19:04:11.984653+00:00,82.8,1,ask,EarnestEspressos,Kelvin Chan,2816613
2026-07-01T19:04:12.473430,2026-07-01T19:04:12.482405+00:00,82.8,2,ask,EarnestEspressos,Kelvin Chan,2816618
2026-07-01T19:04:12.498146,2026-07-01T19:04:12.504245+00:00,82.8,1,ask,EarnestEspressos,Kelvin Chan,2816619
2026-07-01T19:04:12.530938,2026-07-01T19:04:12.542406+00:00,82.8,2,ask,EarnestEspressos,Kelvin Chan,2816620
2026-07-01T19:04:12.576983,2026-07-01T19:04:12.584685+00:00,82.8,1,ask,EarnestEspressos,Kelvin Chan,2816621
2026-07-01T19:04:12.608559,2026-07-01T19:04:12.618637+00:00,82.8,2,ask,EarnestEspressos,Kelvin Chan,2816625
2026-07-01T19:04:13.316273,2026-07-01T19:04:13.327744+00:00,82.6,45,ask,DiligentDonuts,CostlyCorianders,2816651
2026-07-01T19:04:17.705438,2026-07-01T19:04:17.714384+00:00,82.9,50,bid,FlawlessFlatbreads,DiligentDonuts,2816762
2026-07-01T19:04:19.839696,2026-07-01T19:04:19.848471+00:00,82.9,50,bid,FlawlessFlatbreads,EarnestEspressos,2816807
2026-07-01T19:04:21.945582,2026-07-01T19:04:21.958601+00:00,82.9,50,bid,FlawlessFlatbreads,EarnestEspressos,2816859
2026-07-01T19:04:22.334615,2026-07-01T19:04:22.346586+00:00,82.9,3,ask,EarnestEspressos,Xuanyu Liu,2816866
2026-07-01T19:04:24.053231,2026-07-01T19:04:24.064854+00:00,83.0,50,bid,FlawlessFlatbreads,DiligentDonuts,2816898
2026-07-01T19:04:25.481508,2026-07-01T19:04:25.493194+00:00,83.1,100,bid,EarnestEspressos,DiligentDonuts,2816935
2026-07-01T19:04:26.161716,2026-07-01T19:04:26.173047+00:00,83.6,50,bid,FlawlessFlatbreads,EarnestEspressos,2816955
2026-07-01T19:04:27.909044,2026-07-01T19:04:27.915426+00:00,83.1,41,ask,EarnestEspressos,CostlyCorianders,2816998
2026-07-01T19:04:28.081233,2026-07-01T19:04:28.089285+00:00,83.3,11,ask,DiligentDonuts,Xuanyu Liu,2817002
2026-07-01T19:04:28.268496,2026-07-01T19:04:28.280025+00:00,83.6,50,bid,FlawlessFlatbreads,EarnestEspressos,2817007
2026-07-01T19:04:30.376075,2026-07-01T19:04:30.387475+00:00,83.4,50,bid,FlawlessFlatbreads,EarnestEspressos,2817040
2026-07-01T19:04:31.991963,2026-07-01T19:04:32.002322+00:00,83.3,41,ask,EarnestEspressos,CostlyCorianders,2817063
2026-07-01T19:04:32.468172,2026-07-01T19:04:32.479376+00:00,83.3,43,ask,EarnestEspressos,CostlyCorianders,2817070
2026-07-01T19:04:32.482427,2026-07-01T19:04:32.489532+00:00,83.7,50,bid,FlawlessFlatbreads,DiligentDonuts,2817071
2026-07-01T19:04:32.867611,2026-07-01T19:04:32.877673+00:00,83.3,23,ask,EarnestEspressos,Xuanyu Liu,2817084
2026-07-01T19:04:35.030838,2026-07-01T19:04:35.042071+00:00,83.3,100,ask,DiligentDonuts,EarnestEspressos,2817121
2026-07-01T19:04:35.043368,2026-07-01T19:04:35.059089+00:00,83.2,11,bid,Xuanyu Liu,EarnestEspressos,2817122
2026-07-01T19:04:35.064784,2026-07-01T19:04:35.084992+00:00,83.2,39,bid,CostlyCorianders,EarnestEspressos,2817124
2026-07-01T19:04:35.064784,2026-07-01T19:04:35.084992+00:00,83.8,6,bid,CostlyCorianders,DiligentDonuts,2817125
2026-07-01T19:04:36.759423,2026-07-01T19:04:36.770692+00:00,82.9,2,ask,Kelvin Chan,FlawlessFlatbreads,2817158
2026-07-01T19:04:36.759423,2026-07-01T19:04:36.770692+00:00,82.7,48,ask,EarnestEspressos,FlawlessFlatbreads,2817159
2026-07-01T19:04:38.004922,2026-07-01T19:04:38.013761+00:00,82.9,49,ask,DiligentDonuts,CostlyCorianders,2817180
2026-07-01T19:04:38.125560,2026-07-01T19:04:38.135307+00:00,83.3,3,bid,Xuanyu Liu,Kelvin Chan,2817188
2026-07-01T19:04:40.970453,2026-07-01T19:04:40.981973+00:00,83.0,50,ask,EarnestEspressos,FlawlessFlatbreads,2817237
2026-07-01T19:04:43.077405,2026-07-01T19:04:43.088788+00:00,82.9,50,ask,EarnestEspressos,FlawlessFlatbreads,2817288
2026-07-01T19:04:44.628789,2026-07-01T19:04:44.640087+00:00,83.0,40,bid,CostlyCorianders,EarnestEspressos,2817317
2026-07-01T19:04:45.187490,2026-07-01T19:04:45.200822+00:00,82.6,50,ask,DiligentDonuts,FlawlessFlatbreads,2817328
2026-07-01T19:04:47.295354,2026-07-01T19:04:47.309962+00:00,82.5,50,ask,EarnestEspressos,FlawlessFlatbreads,2817379
2026-07-01T19:04:47.301915,2026-07-01T19:04:47.309962+00:00,82.8,9,bid,Xuanyu Liu,DiligentDonuts,2817380
2026-07-01T19:04:49.401108,2026-07-01T19:04:49.412486+00:00,82.3,50,ask,DiligentDonuts,FlawlessFlatbreads,2817420
2026-07-01T19:04:51.508364,2026-07-01T19:04:51.514989+00:00,82.1,50,ask,DiligentDonuts,FlawlessFlatbreads,2817463
2026-07-01T19:04:52.559921,2026-07-01T19:04:52.568436+00:00,82.6,11,bid,Xuanyu Liu,DiligentDonuts,2817482
2026-07-01T19:04:53.619525,2026-07-01T19:04:53.629084+00:00,82.1,50,ask,EarnestEspressos,FlawlessFlatbreads,2817500
2026-07-01T19:04:54.370021,2026-07-01T19:04:54.385172+00:00,82.6,44,bid,CostlyCorianders,DiligentDonuts,2817509
2026-07-01T19:04:55.731736,2026-07-01T19:04:55.740678+00:00,82.1,50,ask,DiligentDonuts,FlawlessFlatbreads,2817526
2026-07-01T19:04:57.780313,2026-07-01T19:04:57.789782+00:00,82.5,3,bid,Xuanyu Liu,DiligentDonuts,2817546
2026-07-01T19:04:57.840291,2026-07-01T19:04:57.851837+00:00,82.0,50,ask,DiligentDonuts,FlawlessFlatbreads,2817548
2026-07-01T19:04:58.257856,2026-07-01T19:04:58.269275+00:00,82.5,42,bid,CostlyCorianders,DiligentDonuts,2817552
2026-07-01T19:05:00.459794,2026-07-01T19:05:00.468828+00:00,82.2,14,bid,Xuanyu Liu,EarnestEspressos,2817592
2026-07-01T19:05:00.784593,2026-07-01T19:05:00.796045+00:00,82.2,42,bid,CostlyCorianders,EarnestEspressos,2817598
2026-07-01T19:05:00.840262,2026-07-01T19:05:00.851507+00:00,82.0,40,ask,DiligentDonuts,CostlyCorianders,2817600
2026-07-01T19:05:02.056851,2026-07-01T19:05:02.065883+00:00,82.0,50,ask,EarnestEspressos,FlawlessFlatbreads,2817622
2026-07-01T19:05:02.859154,2026-07-01T19:05:02.870437+00:00,81.7,46,ask,EarnestEspressos,CostlyCorianders,2817637
2026-07-01T19:05:04.393886,2026-07-01T19:05:04.402241+00:00,82.0,12,bid,Xuanyu Liu,DiligentDonuts,2817659
2026-07-01T19:05:04.436358,2026-07-01T19:05:04.444628+00:00,82.0,3,bid,Kelvin Chan,DiligentDonuts,2817663
2026-07-01T19:05:05.247366,2026-07-01T19:05:05.245901+00:00,82.0,3,bid,Kelvin Chan,DiligentDonuts,2817678
2026-07-01T19:05:05.464074,2026-07-01T19:05:05.472288+00:00,82.0,3,bid,Kelvin Chan,DiligentDonuts,2817684
2026-07-01T19:05:06.267044,2026-07-01T19:05:06.275649+00:00,82.0,3,ask,Kelvin Chan,FlawlessFlatbreads,2817691
2026-07-01T19:05:06.267044,2026-07-01T19:05:06.275649+00:00,81.8,47,ask,DiligentDonuts,FlawlessFlatbreads,2817692
2026-07-01T19:05:08.374199,2026-07-01T19:05:08.385754+00:00,82.0,2,ask,Kelvin Chan,FlawlessFlatbreads,2817731
2026-07-01T19:05:08.374199,2026-07-01T19:05:08.385754+00:00,81.8,48,ask,DiligentDonuts,FlawlessFlatbreads,2817732
2026-07-01T19:05:10.430526,2026-07-01T19:05:10.439868+00:00,81.9,50,bid,FlawlessFlatbreads,DiligentDonuts,2817774
2026-07-01T19:05:12.244744,2026-07-01T19:05:12.253228+00:00,81.9,11,bid,Xuanyu Liu,DiligentDonuts,2817807
2026-07-01T19:05:12.662321,2026-07-01T19:05:12.674030+00:00,82.2,3,bid,CostlyCorianders,Kelvin Chan,2817822
2026-07-01T19:05:12.662321,2026-07-01T19:05:12.674030+00:00,82.3,45,bid,CostlyCorianders,EarnestEspressos,2817823
2026-07-01T19:05:13.559575,2026-07-01T19:05:13.568642+00:00,82.1,34,ask,EarnestEspressos,Xuanyu Liu,2817844
2026-07-01T19:05:14.648802,2026-07-01T19:05:14.663749+00:00,82.2,3,bid,FlawlessFlatbreads,Kelvin Chan,2817869
2026-07-01T19:05:14.648802,2026-07-01T19:05:14.663749+00:00,82.3,47,bid,FlawlessFlatbreads,DiligentDonuts,2817870
2026-07-01T19:05:16.470412,2026-07-01T19:05:16.480607+00:00,81.8,44,ask,EarnestEspressos,CostlyCorianders,2817899
2026-07-01T19:05:16.769676,2026-07-01T19:05:16.779826+00:00,82.2,50,bid,FlawlessFlatbreads,DiligentDonuts,2817906
2026-07-01T19:05:18.877946,2026-07-01T19:05:18.889507+00:00,82.2,5,bid,FlawlessFlatbreads,Kelvin Chan,2817956
2026-07-01T19:05:18.877946,2026-07-01T19:05:18.889507+00:00,82.3,45,bid,FlawlessFlatbreads,EarnestEspressos,2817957
2026-07-01T19:05:20.998002,2026-07-01T19:05:21.009624+00:00,82.2,3,bid,FlawlessFlatbreads,Kelvin Chan,2818008
2026-07-01T19:05:20.998002,2026-07-01T19:05:21.009624+00:00,82.3,47,bid,FlawlessFlatbreads,EarnestEspressos,2818009
2026-07-01T19:05:23.105935,2026-07-01T19:05:23.117271+00:00,82.3,50,bid,FlawlessFlatbreads,DiligentDonuts,2818048
2026-07-01T19:05:25.212732,2026-07-01T19:05:25.224195+00:00,82.4,50,bid,FlawlessFlatbreads,EarnestEspressos,2818084
2026-07-01T19:05:25.575963,2026-07-01T19:05:25.587247+00:00,82.3,5,bid,EarnestEspressos,Kelvin Chan,2818092
2026-07-01T19:05:26.686418,2026-07-01T19:05:26.697390+00:00,82.3,3,ask,EarnestEspressos,Xuanyu Liu,2818101
2026-07-01T19:05:26.837354,2026-07-01T19:05:26.848712+00:00,82.3,44,ask,EarnestEspressos,CostlyCorianders,2818103
2026-07-01T19:05:27.219372,2026-07-01T19:05:27.226833+00:00,82.3,5,ask,EarnestEspressos,Kelvin Chan,2818118
2026-07-01T19:05:27.318617,2026-07-01T19:05:27.330210+00:00,82.5,50,bid,FlawlessFlatbreads,DiligentDonuts,2818120
2026-07-01T19:05:27.437154,2026-07-01T19:05:27.445875+00:00,82.3,5,ask,EarnestEspressos,Kelvin Chan,2818123
2026-07-01T19:05:27.491806,2026-07-01T19:05:27.500739+00:00,82.3,5,ask,EarnestEspressos,Kelvin Chan,2818124
2026-07-01T19:05:28.945212,2026-07-01T19:05:28.942220+00:00,82.4,5,bid,CostlyCorianders,Kelvin Chan,2818147
2026-07-01T19:05:28.945212,2026-07-01T19:05:28.942220+00:00,82.5,39,bid,CostlyCorianders,EarnestEspressos,2818148
2026-07-01T19:05:29.426263,2026-07-01T19:05:29.435459+00:00,82.4,5,bid,FlawlessFlatbreads,Kelvin Chan,2818160
2026-07-01T19:05:29.426263,2026-07-01T19:05:29.435459+00:00,82.5,45,bid,FlawlessFlatbreads,EarnestEspressos,2818161
2026-07-01T19:05:30.822444,2026-07-01T19:05:30.829139+00:00,82.4,4,bid,CostlyCorianders,Kelvin Chan,2818188
2026-07-01T19:05:30.822444,2026-07-01T19:05:30.834137+00:00,82.5,40,bid,CostlyCorianders,EarnestEspressos,2818189
2026-07-01T19:05:31.910189,2026-07-01T19:05:31.921404+00:00,82.2,46,ask,DiligentDonuts,CostlyCorianders,2818205
2026-07-01T19:05:32.942394,2026-07-01T19:05:32.948457+00:00,82.7,49,bid,CostlyCorianders,DiligentDonuts,2818227
2026-07-01T19:05:33.638247,2026-07-01T19:05:33.649882+00:00,82.5,4,bid,FlawlessFlatbreads,Kelvin Chan,2818240
2026-07-01T19:05:33.638247,2026-07-01T19:05:33.649882+00:00,82.7,46,bid,FlawlessFlatbreads,DiligentDonuts,2818241
2026-07-01T19:05:37.920446,2026-07-01T19:05:37.931628+00:00,82.4,50,ask,EarnestEspressos,FlawlessFlatbreads,2818328
2026-07-01T19:05:37.998387,2026-07-01T19:05:38.006629+00:00,82.4,46,ask,EarnestEspressos,CostlyCorianders,2818332
2026-07-01T19:05:39.975510,2026-07-01T19:05:39.986848+00:00,82.5,50,bid,FlawlessFlatbreads,EarnestEspressos,2818362
2026-07-01T19:05:40.760989,2026-07-01T19:05:40.768830+00:00,82.3,1,ask,Kelvin Chan,CostlyCorianders,2818382
2026-07-01T19:05:40.760989,2026-07-01T19:05:40.768830+00:00,82.2,41,ask,DiligentDonuts,CostlyCorianders,2818383
2026-07-01T19:05:42.083498,2026-07-01T19:05:42.095035+00:00,82.6,3,bid,FlawlessFlatbreads,Kelvin Chan,2818416
2026-07-01T19:05:42.083498,2026-07-01T19:05:42.095035+00:00,82.7,47,bid,FlawlessFlatbreads,DiligentDonuts,2818417
2026-07-01T19:05:44.192334,2026-07-01T19:05:44.198490+00:00,82.6,2,bid,FlawlessFlatbreads,Kelvin Chan,2818462
2026-07-01T19:05:44.192334,2026-07-01T19:05:44.198490+00:00,82.7,48,bid,FlawlessFlatbreads,EarnestEspressos,2818463
2026-07-01T19:05:46.300551,2026-07-01T19:05:46.312000+00:00,82.6,2,bid,FlawlessFlatbreads,Kelvin Chan,2818491
2026-07-01T19:05:46.300551,2026-07-01T19:05:46.312000+00:00,82.7,48,bid,FlawlessFlatbreads,DiligentDonuts,2818492
2026-07-01T19:05:46.309045,2026-07-01T19:05:46.317263+00:00,82.3,2,ask,Kelvin Chan,CostlyCorianders,2818493
2026-07-01T19:05:46.445676,2026-07-01T19:05:46.460404+00:00,82.3,3,ask,Kelvin Chan,Xuanyu Liu,2818497
2026-07-01T19:05:48.335151,2026-07-01T19:05:48.344742+00:00,82.3,3,ask,Kelvin Chan,CostlyCorianders,2818542
2026-07-01T19:05:48.335151,2026-07-01T19:05:48.344742+00:00,82.3,44,ask,EarnestEspressos,CostlyCorianders,2818543
2026-07-01T19:05:48.407374,2026-07-01T19:05:48.418739+00:00,82.6,2,bid,FlawlessFlatbreads,Kelvin Chan,2818544
2026-07-01T19:05:48.407374,2026-07-01T19:05:48.418739+00:00,82.7,48,bid,FlawlessFlatbreads,DiligentDonuts,2818545
2026-07-01T19:05:49.441409,2026-07-01T19:05:49.443579+00:00,82.7,42,bid,CostlyCorianders,DiligentDonuts,2818565
2026-07-01T19:05:50.418926,2026-07-01T19:05:50.427590+00:00,82.7,23,ask,DiligentDonuts,Xuanyu Liu,2818579
2026-07-01T19:05:50.515082,2026-07-01T19:05:50.526173+00:00,82.8,50,bid,FlawlessFlatbreads,EarnestEspressos,2818581
2026-07-01T19:05:50.612627,2026-07-01T19:05:50.620176+00:00,82.7,1,ask,DiligentDonuts,Kelvin Chan,2818582
2026-07-01T19:05:50.672843,2026-07-01T19:05:50.679405+00:00,82.7,1,ask,DiligentDonuts,Kelvin Chan,2818583
2026-07-01T19:05:52.621276,2026-07-01T19:05:52.629668+00:00,82.8,50,bid,FlawlessFlatbreads,EarnestEspressos,2818627
2026-07-01T19:05:53.159605,2026-07-01T19:05:53.168746+00:00,82.7,11,ask,DiligentDonuts,Xuanyu Liu,2818635
2026-07-01T19:05:54.779741,2026-07-01T19:05:54.791059+00:00,82.5,50,ask,DiligentDonuts,FlawlessFlatbreads,2818676
2026-07-01T19:05:56.741119,2026-07-01T19:05:56.763804+00:00,83.0,45,bid,CostlyCorianders,EarnestEspressos,2818717
2026-07-01T19:05:56.888732,2026-07-01T19:05:56.900382+00:00,82.5,50,ask,EarnestEspressos,FlawlessFlatbreads,2818723
2026-07-01T19:05:58.944478,2026-07-01T19:05:58.963643+00:00,82.8,50,bid,FlawlessFlatbreads,DiligentDonuts,2818764
2026-07-01T19:06:01.103244,2026-07-01T19:06:01.114952+00:00,82.4,3,ask,Kelvin Chan,FlawlessFlatbreads,2818808
2026-07-01T19:06:01.103244,2026-07-01T19:06:01.114952+00:00,82.4,47,ask,DiligentDonuts,FlawlessFlatbreads,2818809
2026-07-01T19:06:03.134098,2026-07-01T19:06:03.145727+00:00,82.5,4,ask,Kelvin Chan,CostlyCorianders,2818850
2026-07-01T19:06:03.134098,2026-07-01T19:06:03.145727+00:00,82.4,38,ask,EarnestEspressos,CostlyCorianders,2818851
2026-07-01T19:06:03.213103,2026-07-01T19:06:03.224338+00:00,82.4,50,ask,EarnestEspressos,FlawlessFlatbreads,2818852
2026-07-01T19:06:04.011909,2026-07-01T19:06:04.020362+00:00,82.4,7,bid,Xuanyu Liu,EarnestEspressos,2818864
2026-07-01T19:06:05.319862,2026-07-01T19:06:05.331110+00:00,82.1,50,ask,DiligentDonuts,FlawlessFlatbreads,2818884
2026-07-01T19:06:05.606078,2026-07-01T19:06:05.617688+00:00,82.1,45,ask,DiligentDonuts,CostlyCorianders,2818893
2026-07-01T19:06:06.288021,2026-07-01T19:06:06.303099+00:00,82.1,4,bid,Xuanyu Liu,DiligentDonuts,2818908
2026-07-01T19:06:07.301809,2026-07-01T19:06:07.312771+00:00,82.1,4,bid,Kelvin Chan,DiligentDonuts,2818927
2026-07-01T19:06:07.348367,2026-07-01T19:06:07.357451+00:00,82.1,12,bid,Xuanyu Liu,DiligentDonuts,2818929
2026-07-01T19:06:07.426043,2026-07-01T19:06:07.437524+00:00,81.7,50,ask,EarnestEspressos,FlawlessFlatbreads,2818932
2026-07-01T19:06:07.759573,2026-07-01T19:06:07.769062+00:00,82.1,6,bid,Xuanyu Liu,DiligentDonuts,2818937
2026-07-01T19:06:08.062083,2026-07-01T19:06:08.071395+00:00,82.1,5,bid,Xuanyu Liu,DiligentDonuts,2818943
2026-07-01T19:06:08.421279,2026-07-01T19:06:08.437894+00:00,82.1,42,bid,CostlyCorianders,DiligentDonuts,2818952
2026-07-01T19:06:08.758443,2026-07-01T19:06:08.769916+00:00,82.1,3,bid,Kelvin Chan,DiligentDonuts,2818960
2026-07-01T19:06:09.542543,2026-07-01T19:06:09.551556+00:00,82.1,50,ask,DiligentDonuts,FlawlessFlatbreads,2818980
2026-07-01T19:06:09.583963,2026-07-01T19:06:09.591090+00:00,82.2,3,bid,Kelvin Chan,EarnestEspressos,2818981
2026-07-01T19:06:11.649139,2026-07-01T19:06:11.664113+00:00,82.1,50,ask,DiligentDonuts,FlawlessFlatbreads,2819020
2026-07-01T19:06:12.711065,2026-07-01T19:06:12.718590+00:00,82.3,45,bid,CostlyCorianders,EarnestEspressos,2819040
2026-07-01T19:06:13.245692,2026-07-01T19:06:13.252075+00:00,82.0,40,ask,EarnestEspressos,CostlyCorianders,2819054
2026-07-01T19:06:13.705286,2026-07-01T19:06:13.716579+00:00,82.3,50,bid,FlawlessFlatbreads,DiligentDonuts,2819065
2026-07-01T19:06:16.293156,2026-07-01T19:06:16.302615+00:00,82.4,2,bid,CostlyCorianders,Kelvin Chan,2819114
2026-07-01T19:06:16.293156,2026-07-01T19:06:16.302615+00:00,82.4,38,bid,CostlyCorianders,EarnestEspressos,2819115
2026-07-01T19:06:17.914098,2026-07-01T19:06:17.925410+00:00,82.4,50,bid,FlawlessFlatbreads,EarnestEspressos,2819153
2026-07-01T19:06:19.054536,2026-07-01T19:06:19.053871+00:00,82.4,49,bid,CostlyCorianders,EarnestEspressos,2819177
2026-07-01T19:06:19.371494,2026-07-01T19:06:19.383724+00:00,82.5,11,ask,EarnestEspressos,Xuanyu Liu,2819181
2026-07-01T19:06:20.021115,2026-07-01T19:06:20.030893+00:00,82.6,50,bid,FlawlessFlatbreads,DiligentDonuts,2819205
2026-07-01T19:06:20.269630,2026-07-01T19:06:20.281008+00:00,82.5,47,ask,EarnestEspressos,CostlyCorianders,2819207
2026-07-01T19:06:23.079655,2026-07-01T19:06:23.088571+00:00,82.3,42,ask,DiligentDonuts,CostlyCorianders,2819257
2026-07-01T19:06:24.257158,2026-07-01T19:06:24.263803+00:00,82.8,50,bid,FlawlessFlatbreads,DiligentDonuts,2819282
2026-07-01T19:06:25.122514,2026-07-01T19:06:25.134103+00:00,82.6,2,bid,CostlyCorianders,Kelvin Chan,2819292
2026-07-01T19:06:25.122514,2026-07-01T19:06:25.134103+00:00,82.8,44,bid,CostlyCorianders,DiligentDonuts,2819293
2026-07-01T19:06:25.655379,2026-07-01T19:06:25.666730+00:00,82.4,41,ask,DiligentDonuts,CostlyCorianders,2819306
2026-07-01T19:06:27.238919,2026-07-01T19:06:27.246514+00:00,82.6,2,bid,CostlyCorianders,Kelvin Chan,2819341
2026-07-01T19:06:27.238919,2026-07-01T19:06:27.248481+00:00,82.8,46,bid,CostlyCorianders,EarnestEspressos,2819342
2026-07-01T19:06:28.561766,2026-07-01T19:06:28.573167+00:00,82.4,50,ask,DiligentDonuts,FlawlessFlatbreads,2819369
2026-07-01T19:06:29.876040,2026-07-01T19:06:29.887656+00:00,82.6,42,ask,EarnestEspressos,CostlyCorianders,2819388
2026-07-01T19:06:30.692466,2026-07-01T19:06:30.705614+00:00,82.6,50,ask,EarnestEspressos,FlawlessFlatbreads,2819405
2026-07-01T19:06:32.359969,2026-07-01T19:06:32.371273+00:00,82.9,40,bid,CostlyCorianders,EarnestEspressos,2819430
2026-07-01T19:06:32.415225,2026-07-01T19:06:32.426623+00:00,82.5,46,ask,DiligentDonuts,CostlyCorianders,2819431
2026-07-01T19:06:32.798522,2026-07-01T19:06:32.809905+00:00,82.5,50,ask,DiligentDonuts,FlawlessFlatbreads,2819434
2026-07-01T19:06:34.915693,2026-07-01T19:06:34.922688+00:00,82.4,50,ask,EarnestEspressos,FlawlessFlatbreads,2819477
2026-07-01T19:06:37.040006,2026-07-01T19:06:37.051782+00:00,82.3,2,ask,Kelvin Chan,FlawlessFlatbreads,2819518
2026-07-01T19:06:37.040006,2026-07-01T19:06:37.051782+00:00,82.3,48,ask,EarnestEspressos,FlawlessFlatbreads,2819519
2026-07-01T19:06:37.506583,2026-07-01T19:06:37.516395+00:00,82.6,11,bid,Xuanyu Liu,DiligentDonuts,2819531
2026-07-01T19:06:38.497028,2026-07-01T19:06:38.504368+00:00,82.7,41,bid,CostlyCorianders,DiligentDonuts,2819550
2026-07-01T19:06:39.157885,2026-07-01T19:06:39.168637+00:00,82.4,5,ask,Kelvin Chan,FlawlessFlatbreads,2819561
2026-07-01T19:06:39.175100,2026-07-01T19:06:39.186321+00:00,82.7,43,bid,CostlyCorianders,DiligentDonuts,2819562
2026-07-01T19:06:39.786290,2026-07-01T19:06:39.797945+00:00,82.4,5,ask,Kelvin Chan,CostlyCorianders,2819568
2026-07-01T19:06:39.786290,2026-07-01T19:06:39.797945+00:00,82.2,36,ask,DiligentDonuts,CostlyCorianders,2819569
2026-07-01T19:06:41.267697,2026-07-01T19:06:41.277466+00:00,82.4,5,ask,Kelvin Chan,FlawlessFlatbreads,2819601
2026-07-01T19:06:41.267697,2026-07-01T19:06:41.277466+00:00,82.3,45,ask,DiligentDonuts,FlawlessFlatbreads,2819602
2026-07-01T19:06:41.446702,2026-07-01T19:06:41.463633+00:00,82.3,45,ask,DiligentDonuts,CostlyCorianders,2819605
2026-07-01T19:06:43.021842,2026-07-01T19:06:43.033336+00:00,82.8,45,bid,CostlyCorianders,DiligentDonuts,2819640
2026-07-01T19:06:43.404771,2026-07-01T19:06:43.411328+00:00,82.3,10,ask,DiligentDonuts,FlawlessFlatbreads,2819643
2026-07-01T19:06:43.404771,2026-07-01T19:06:43.416728+00:00,82.3,40,ask,EarnestEspressos,FlawlessFlatbreads,2819644
2026-07-01T19:06:44.741317,2026-07-01T19:06:44.750907+00:00,82.7,3,bid,Xuanyu Liu,EarnestEspressos,2819670
2026-07-01T19:06:45.067941,2026-07-01T19:06:45.079731+00:00,82.4,46,ask,DiligentDonuts,CostlyCorianders,2819674
2026-07-01T19:06:45.513200,2026-07-01T19:06:45.524808+00:00,82.4,50,ask,DiligentDonuts,FlawlessFlatbreads,2819682
2026-07-01T19:06:47.624696,2026-07-01T19:06:47.631805+00:00,82.2,50,ask,EarnestEspressos,FlawlessFlatbreads,2819725
2026-07-01T19:06:48.761675,2026-07-01T19:06:48.769008+00:00,82.3,1,bid,Kelvin Chan,DiligentDonuts,2819742
2026-07-01T19:06:48.841164,2026-07-01T19:06:48.863687+00:00,82.3,1,bid,Kelvin Chan,DiligentDonuts,2819745
2026-07-01T19:06:49.730953,2026-07-01T19:06:49.742229+00:00,81.8,50,ask,DiligentDonuts,FlawlessFlatbreads,2819762
2026-07-01T19:06:50.612391,2026-07-01T19:06:50.621680+00:00,82.0,14,bid,Xuanyu Liu,DiligentDonuts,2819782
2026-07-01T19:06:51.865287,2026-07-01T19:06:51.880880+00:00,81.8,50,ask,EarnestEspressos,FlawlessFlatbreads,2819816
2026-07-01T19:06:52.470207,2026-07-01T19:06:52.486608+00:00,82.0,12,bid,Xuanyu Liu,DiligentDonuts,2819825
2026-07-01T19:06:53.972619,2026-07-01T19:06:53.984050+00:00,81.9,50,ask,DiligentDonuts,FlawlessFlatbreads,2819849
2026-07-01T19:06:54.559425,2026-07-01T19:06:54.567370+00:00,82.0,23,bid,Xuanyu Liu,EarnestEspressos,2819860
2026-07-01T19:06:56.049777,2026-07-01T19:06:56.043692+00:00,82.0,50,bid,FlawlessFlatbreads,EarnestEspressos,2819886
2026-07-01T19:06:56.049900,2026-07-01T19:06:56.068689+00:00,82.0,3,bid,Kelvin Chan,EarnestEspressos,2819887
2026-07-01T19:06:57.344145,2026-07-01T19:06:57.352207+00:00,82.1,12,ask,EarnestEspressos,Xuanyu Liu,2819914
2026-07-01T19:06:58.210222,2026-07-01T19:06:58.221490+00:00,82.1,50,ask,EarnestEspressos,FlawlessFlatbreads,2819929
2026-07-01T19:07:00.179750,2026-07-01T19:07:00.191039+00:00,82.2,49,bid,CostlyCorianders,DiligentDonuts,2819961
2026-07-01T19:07:02.426313,2026-07-01T19:07:02.433928+00:00,81.7,50,ask,DiligentDonuts,FlawlessFlatbreads,2820012
2026-07-01T19:07:04.532093,2026-07-01T19:07:04.543334+00:00,81.8,50,ask,DiligentDonuts,FlawlessFlatbreads,2820058
2026-07-01T19:07:06.638677,2026-07-01T19:07:06.650149+00:00,81.8,50,ask,EarnestEspressos,FlawlessFlatbreads,2820095
2026-07-01T19:07:07.670126,2026-07-01T19:07:07.680325+00:00,82.1,12,bid,Xuanyu Liu,DiligentDonuts,2820115
2026-07-01T19:07:07.874568,2026-07-01T19:07:07.886035+00:00,82.1,44,bid,CostlyCorianders,DiligentDonuts,2820122
2026-07-01T19:07:08.761015,2026-07-01T19:07:08.769383+00:00,81.7,50,ask,EarnestEspressos,FlawlessFlatbreads,2820139
2026-07-01T19:07:09.601637,2026-07-01T19:07:09.612663+00:00,82.2,44,bid,CostlyCorianders,EarnestEspressos,2820156
2026-07-01T19:07:10.872408,2026-07-01T19:07:10.879749+00:00,81.9,50,ask,DiligentDonuts,FlawlessFlatbreads,2820182
2026-07-01T19:07:12.980307,2026-07-01T19:07:12.991788+00:00,81.9,3,ask,Kelvin Chan,FlawlessFlatbreads,2820216
2026-07-01T19:07:12.980307,2026-07-01T19:07:12.991788+00:00,81.7,47,ask,EarnestEspressos,FlawlessFlatbreads,2820217
2026-07-01T19:07:15.038442,2026-07-01T19:07:15.058557+00:00,82.0,50,bid,FlawlessFlatbreads,EarnestEspressos,2820260
2026-07-01T19:07:16.196086,2026-07-01T19:07:16.205890+00:00,81.7,46,ask,DiligentDonuts,CostlyCorianders,2820288
2026-07-01T19:07:17.146435,2026-07-01T19:07:17.158555+00:00,82.1,50,bid,FlawlessFlatbreads,EarnestEspressos,2820318
2026-07-01T19:07:18.071500,2026-07-01T19:07:18.083125+00:00,81.7,48,ask,DiligentDonuts,CostlyCorianders,2820338
2026-07-01T19:07:20.275975,2026-07-01T19:07:20.285513+00:00,81.9,44,bid,CostlyCorianders,DiligentDonuts,2820381
2026-07-01T19:07:21.359385,2026-07-01T19:07:21.370854+00:00,81.9,50,bid,FlawlessFlatbreads,DiligentDonuts,2820398
2026-07-01T19:07:21.787016,2026-07-01T19:07:21.798329+00:00,81.8,1,ask,Kelvin Chan,CostlyCorianders,2820409
2026-07-01T19:07:21.787016,2026-07-01T19:07:21.798329+00:00,81.8,46,ask,EarnestEspressos,CostlyCorianders,2820410
2026-07-01T19:07:23.012634,2026-07-01T19:07:23.024129+00:00,82.0,42,bid,CostlyCorianders,EarnestEspressos,2820447
2026-07-01T19:07:23.467645,2026-07-01T19:07:23.473952+00:00,82.0,50,bid,FlawlessFlatbreads,EarnestEspressos,2820461
2026-07-01T19:07:24.118366,2026-07-01T19:07:24.129147+00:00,82.0,46,bid,CostlyCorianders,EarnestEspressos,2820471
2026-07-01T19:07:25.574011,2026-07-01T19:07:25.581580+00:00,82.0,12,bid,FlawlessFlatbreads,EarnestEspressos,2820495
2026-07-01T19:07:25.574011,2026-07-01T19:07:25.586756+00:00,82.3,38,bid,FlawlessFlatbreads,DiligentDonuts,2820496
2026-07-01T19:07:25.808061,2026-07-01T19:07:25.819588+00:00,82.3,62,bid,EarnestEspressos,DiligentDonuts,2820502
2026-07-01T19:07:25.858776,2026-07-01T19:07:25.870051+00:00,82.3,45,ask,EarnestEspressos,CostlyCorianders,2820503
2026-07-01T19:07:27.683489,2026-07-01T19:07:27.692789+00:00,82.8,50,bid,FlawlessFlatbreads,EarnestEspressos,2820536
2026-07-01T19:07:31.945449,2026-07-01T19:07:31.954665+00:00,82.4,50,ask,DiligentDonuts,FlawlessFlatbreads,2820620
2026-07-01T19:07:32.433105,2026-07-01T19:07:32.441466+00:00,82.4,35,ask,DiligentDonuts,Xuanyu Liu,2820630
2026-07-01T19:07:32.605353,2026-07-01T19:07:32.613969+00:00,82.5,12,bid,Xuanyu Liu,EarnestEspressos,2820637
2026-07-01T19:07:34.056764,2026-07-01T19:07:34.053447+00:00,82.4,15,ask,DiligentDonuts,FlawlessFlatbreads,2820672
2026-07-01T19:07:34.056764,2026-07-01T19:07:34.069430+00:00,82.0,35,ask,EarnestEspressos,FlawlessFlatbreads,2820673
2026-07-01T19:07:38.218333,2026-07-01T19:07:38.228645+00:00,82.5,50,bid,FlawlessFlatbreads,EarnestEspressos,2820766
2026-07-01T19:07:40.374894,2026-07-01T19:07:40.384331+00:00,82.3,50,ask,EarnestEspressos,FlawlessFlatbreads,2820806
2026-07-01T19:07:40.481454,2026-07-01T19:07:40.489429+00:00,82.5,11,bid,Xuanyu Liu,DiligentDonuts,2820816
2026-07-01T19:07:42.481534,2026-07-01T19:07:42.492771+00:00,82.2,50,ask,DiligentDonuts,FlawlessFlatbreads,2820848
2026-07-01T19:07:44.259325,2026-07-01T19:07:44.265791+00:00,82.7,42,bid,CostlyCorianders,DiligentDonuts,2820870
2026-07-01T19:07:48.339757,2026-07-01T19:07:48.351077+00:00,82.3,12,bid,Xuanyu Liu,DiligentDonuts,2820952
2026-07-01T19:07:48.389665,2026-07-01T19:07:48.398574+00:00,82.2,2,ask,Kelvin Chan,CostlyCorianders,2820957
2026-07-01T19:07:48.744440,2026-07-01T19:07:48.763595+00:00,82.3,50,bid,FlawlessFlatbreads,DiligentDonuts,2820965
2026-07-01T19:07:48.895986,2026-07-01T19:07:48.904242+00:00,82.3,38,bid,CostlyCorianders,DiligentDonuts,2820971
2026-07-01T19:07:48.895986,2026-07-01T19:07:48.909657+00:00,82.4,2,bid,CostlyCorianders,EarnestEspressos,2820972
2026-07-01T19:07:49.386743,2026-07-01T19:07:49.398240+00:00,82.4,40,bid,CostlyCorianders,EarnestEspressos,2820979
2026-07-01T19:07:50.904052,2026-07-01T19:07:50.915308+00:00,82.2,50,ask,DiligentDonuts,FlawlessFlatbreads,2821001
2026-07-01T19:07:51.148754,2026-07-01T19:07:51.163803+00:00,82.2,44,ask,DiligentDonuts,CostlyCorianders,2821004
2026-07-01T19:07:52.681195,2026-07-01T19:07:52.689505+00:00,82.2,6,ask,DiligentDonuts,CostlyCorianders,2821033
2026-07-01T19:07:52.681195,2026-07-01T19:07:52.694531+00:00,82.1,40,ask,EarnestEspressos,CostlyCorianders,2821034
2026-07-01T19:07:53.019691,2026-07-01T19:07:53.031761+00:00,82.1,50,ask,EarnestEspressos,FlawlessFlatbreads,2821040
2026-07-01T19:07:55.126156,2026-07-01T19:07:55.137530+00:00,81.9,50,ask,DiligentDonuts,FlawlessFlatbreads,2821074
2026-07-01T19:07:56.205045,2026-07-01T19:07:56.215444+00:00,82.3,11,bid,Xuanyu Liu,EarnestEspressos,2821106
2026-07-01T19:07:57.253480,2026-07-01T19:07:57.264776+00:00,82.0,50,ask,DiligentDonuts,FlawlessFlatbreads,2821136
2026-07-01T19:07:57.511929,2026-07-01T19:07:57.519370+00:00,82.5,2,bid,CostlyCorianders,Kelvin Chan,2821143
2026-07-01T19:07:57.511929,2026-07-01T19:07:57.524553+00:00,82.5,39,bid,CostlyCorianders,DiligentDonuts,2821144
2026-07-01T19:07:58.002344,2026-07-01T19:07:58.013901+00:00,82.0,43,ask,DiligentDonuts,CostlyCorianders,2821158
2026-07-01T19:07:59.145035,2026-07-01T19:07:59.153348+00:00,82.5,46,bid,CostlyCorianders,DiligentDonuts,2821170
2026-07-01T19:07:59.359810,2026-07-01T19:07:59.371229+00:00,82.0,7,ask,DiligentDonuts,FlawlessFlatbreads,2821174
2026-07-01T19:07:59.359810,2026-07-01T19:07:59.371229+00:00,82.0,43,ask,EarnestEspressos,FlawlessFlatbreads,2821175
2026-07-01T19:08:00.819319,2026-07-01T19:08:00.828375+00:00,82.4,41,bid,CostlyCorianders,EarnestEspressos,2821193
2026-07-01T19:08:01.416674,2026-07-01T19:08:01.428079+00:00,82.4,50,bid,FlawlessFlatbreads,EarnestEspressos,2821209
2026-07-01T19:08:03.405578,2026-07-01T19:08:03.415055+00:00,82.0,45,ask,DiligentDonuts,CostlyCorianders,2821231
2026-07-01T19:08:03.525041,2026-07-01T19:08:03.534871+00:00,82.4,50,bid,FlawlessFlatbreads,EarnestEspressos,2821233
2026-07-01T19:08:05.427246,2026-07-01T19:08:05.438595+00:00,82.4,45,ask,EarnestEspressos,CostlyCorianders,2821262
2026-07-01T19:08:05.632197,2026-07-01T19:08:05.643503+00:00,82.5,50,bid,FlawlessFlatbreads,DiligentDonuts,2821264
2026-07-01T19:08:06.411085,2026-07-01T19:08:06.421500+00:00,82.4,11,ask,EarnestEspressos,Xuanyu Liu,2821280
2026-07-01T19:08:06.537974,2026-07-01T19:08:06.549401+00:00,82.4,94,ask,EarnestEspressos,DiligentDonuts,2821283
2026-07-01T19:08:06.571996,2026-07-01T19:08:06.583797+00:00,82.4,6,bid,CostlyCorianders,DiligentDonuts,2821284
2026-07-01T19:08:06.571996,2026-07-01T19:08:06.583797+00:00,82.9,39,bid,CostlyCorianders,EarnestEspressos,2821285
2026-07-01T19:08:07.227310,2026-07-01T19:08:07.238856+00:00,82.0,41,ask,EarnestEspressos,CostlyCorianders,2821295
2026-07-01T19:08:07.739705,2026-07-01T19:08:07.746507+00:00,82.5,50,bid,FlawlessFlatbreads,EarnestEspressos,2821310
2026-07-01T19:08:08.781259,2026-07-01T19:08:08.792676+00:00,82.5,42,bid,CostlyCorianders,EarnestEspressos,2821324
2026-07-01T19:08:12.018255,2026-07-01T19:08:12.029849+00:00,82.3,50,ask,DiligentDonuts,FlawlessFlatbreads,2821383
2026-07-01T19:08:13.818588,2026-07-01T19:08:13.830296+00:00,82.3,1,ask,Kelvin Chan,CostlyCorianders,2821421
2026-07-01T19:08:13.818588,2026-07-01T19:08:13.830296+00:00,82.2,43,ask,DiligentDonuts,CostlyCorianders,2821422
2026-07-01T19:08:14.074959,2026-07-01T19:08:14.086278+00:00,82.6,3,bid,FlawlessFlatbreads,Kelvin Chan,2821426
2026-07-01T19:08:15.432853,2026-07-01T19:08:15.444265+00:00,82.6,3,bid,CostlyCorianders,Kelvin Chan,2821463
2026-07-01T19:08:15.432853,2026-07-01T19:08:15.444265+00:00,82.7,39,bid,CostlyCorianders,DiligentDonuts,2821464
2026-07-01T19:08:18.370598,2026-07-01T19:08:18.380597+00:00,82.3,1,ask,Kelvin Chan,FlawlessFlatbreads,2821513
2026-07-01T19:08:18.370598,2026-07-01T19:08:18.380597+00:00,82.2,49,ask,DiligentDonuts,FlawlessFlatbreads,2821514
2026-07-01T19:08:19.998674,2026-07-01T19:08:20.010064+00:00,82.5,44,bid,CostlyCorianders,DiligentDonuts,2821553
2026-07-01T19:08:20.481858,2026-07-01T19:08:20.493376+00:00,82.2,50,ask,EarnestEspressos,FlawlessFlatbreads,2821558
2026-07-01T19:08:24.693872,2026-07-01T19:08:24.700202+00:00,82.1,50,ask,DiligentDonuts,FlawlessFlatbreads,2821636
2026-07-01T19:08:26.611603,2026-07-01T19:08:26.620567+00:00,82.1,42,ask,EarnestEspressos,CostlyCorianders,2821680
2026-07-01T19:08:28.851577,2026-07-01T19:08:28.855512+00:00,82.6,6,bid,FlawlessFlatbreads,Kelvin Chan,2821728
2026-07-01T19:08:28.851577,2026-07-01T19:08:28.855512+00:00,82.6,44,bid,FlawlessFlatbreads,EarnestEspressos,2821729
2026-07-01T19:08:29.736493,2026-07-01T19:08:29.747745+00:00,82.1,46,ask,DiligentDonuts,CostlyCorianders,2821763
2026-07-01T19:08:30.193189,2026-07-01T19:08:30.199992+00:00,82.5,3,bid,CostlyCorianders,Kelvin Chan,2821770
2026-07-01T19:08:30.193189,2026-07-01T19:08:30.205158+00:00,82.6,38,bid,CostlyCorianders,DiligentDonuts,2821771
2026-07-01T19:08:30.960359,2026-07-01T19:08:30.971720+00:00,82.6,50,bid,FlawlessFlatbreads,DiligentDonuts,2821785
2026-07-01T19:08:31.859937,2026-07-01T19:08:31.868347+00:00,82.6,11,bid,Xuanyu Liu,EarnestEspressos,2821806
2026-07-01T19:08:33.068289,2026-07-01T19:08:33.076159+00:00,82.8,50,bid,FlawlessFlatbreads,DiligentDonuts,2821832
2026-07-01T19:08:34.307368,2026-07-01T19:08:34.315431+00:00,82.3,44,ask,DiligentDonuts,CostlyCorianders,2821853
2026-07-01T19:08:35.173283,2026-07-01T19:08:35.180566+00:00,82.6,50,bid,FlawlessFlatbreads,DiligentDonuts,2821868
2026-07-01T19:08:37.278247,2026-07-01T19:08:37.288471+00:00,82.6,50,bid,FlawlessFlatbreads,DiligentDonuts,2821895
2026-07-01T19:08:38.112063,2026-07-01T19:08:38.118617+00:00,82.6,4,bid,DiligentDonuts,Kelvin Chan,2821914
2026-07-01T19:08:38.112063,2026-07-01T19:08:38.123801+00:00,82.6,96,bid,DiligentDonuts,EarnestEspressos,2821915
2026-07-01T19:08:39.322173,2026-07-01T19:08:39.330654+00:00,82.6,2,bid,CostlyCorianders,Kelvin Chan,2821934
2026-07-01T19:08:39.322173,2026-07-01T19:08:39.330654+00:00,83.0,45,bid,CostlyCorianders,EarnestEspressos,2821935
2026-07-01T19:08:41.545593,2026-07-01T19:08:41.563924+00:00,82.5,50,ask,EarnestEspressos,FlawlessFlatbreads,2821990
2026-07-01T19:08:41.832581,2026-07-01T19:08:41.844142+00:00,82.7,47,bid,CostlyCorianders,DiligentDonuts,2821995
2026-07-01T19:08:42.106028,2026-07-01T19:08:42.114265+00:00,82.6,11,ask,EarnestEspressos,Xuanyu Liu,2822002
2026-07-01T19:08:43.203985,2026-07-01T19:08:43.212561+00:00,82.6,12,ask,EarnestEspressos,Xuanyu Liu,2822036
2026-07-01T19:08:43.611012,2026-07-01T19:08:43.622299+00:00,82.6,40,ask,EarnestEspressos,CostlyCorianders,2822049
2026-07-01T19:08:43.650824,2026-07-01T19:08:43.653383+00:00,82.6,50,ask,EarnestEspressos,FlawlessFlatbreads,2822050
2026-07-01T19:08:44.076502,2026-07-01T19:08:44.084600+00:00,82.7,46,bid,CostlyCorianders,DiligentDonuts,2822059
2026-07-01T19:08:44.664845,2026-07-01T19:08:44.674261+00:00,82.6,37,ask,EarnestEspressos,CostlyCorianders,2822085
2026-07-01T19:08:44.664845,2026-07-01T19:08:44.674261+00:00,82.5,7,ask,DiligentDonuts,CostlyCorianders,2822086
2026-07-01T19:08:44.729682,2026-07-01T19:08:44.738339+00:00,82.5,23,ask,DiligentDonuts,Xuanyu Liu,2822089
2026-07-01T19:08:44.965965,2026-07-01T19:08:44.977314+00:00,82.5,70,ask,DiligentDonuts,EarnestEspressos,2822092
2026-07-01T19:08:44.978469,2026-07-01T19:08:44.987560+00:00,82.0,10,bid,Xuanyu Liu,EarnestEspressos,2822093
2026-07-01T19:08:44.989726,2026-07-01T19:08:44.998322+00:00,82.0,25,bid,Xuanyu Liu,EarnestEspressos,2822095
2026-07-01T19:08:45.211600,2026-07-01T19:08:45.221092+00:00,82.0,10,bid,Xuanyu Liu,EarnestEspressos,2822107
2026-07-01T19:08:45.635276,2026-07-01T19:08:45.644575+00:00,82.0,1,bid,Xuanyu Liu,EarnestEspressos,2822115
2026-07-01T19:08:46.159482,2026-07-01T19:08:46.167748+00:00,82.0,10,bid,Xuanyu Liu,EarnestEspressos,2822128
2026-07-01T19:08:46.235060,2026-07-01T19:08:46.245741+00:00,82.0,1,bid,Xuanyu Liu,EarnestEspressos,2822130
2026-07-01T19:08:47.808695,2026-07-01T19:08:47.819935+00:00,82.0,23,bid,FlawlessFlatbreads,EarnestEspressos,2822181
2026-07-01T19:08:47.808695,2026-07-01T19:08:47.819935+00:00,82.3,27,bid,FlawlessFlatbreads,DiligentDonuts,2822182
2026-07-01T19:08:48.125816,2026-07-01T19:08:48.135637+00:00,82.1,11,ask,EarnestEspressos,Xuanyu Liu,2822191
2026-07-01T19:08:48.349499,2026-07-01T19:08:48.363949+00:00,82.1,46,ask,EarnestEspressos,CostlyCorianders,2822196
2026-07-01T19:08:49.830364,2026-07-01T19:08:49.839245+00:00,82.3,45,bid,CostlyCorianders,DiligentDonuts,2822217
2026-07-01T19:08:49.916214,2026-07-01T19:08:49.923324+00:00,82.3,28,bid,FlawlessFlatbreads,DiligentDonuts,2822219
2026-07-01T19:08:49.916214,2026-07-01T19:08:49.928572+00:00,82.6,22,bid,FlawlessFlatbreads,EarnestEspressos,2822220
2026-07-01T19:08:51.581330,2026-07-01T19:08:51.592686+00:00,82.2,45,ask,DiligentDonuts,CostlyCorianders,2822262
2026-07-01T19:08:52.028044,2026-07-01T19:08:52.035738+00:00,82.7,50,bid,FlawlessFlatbreads,DiligentDonuts,2822271
2026-07-01T19:08:52.442156,2026-07-01T19:08:52.450561+00:00,82.2,11,ask,DiligentDonuts,Xuanyu Liu,2822279
2026-07-01T19:08:52.602254,2026-07-01T19:08:52.610367+00:00,82.2,12,ask,DiligentDonuts,Xuanyu Liu,2822284
2026-07-01T19:08:53.297515,2026-07-01T19:08:53.309132+00:00,82.2,32,ask,DiligentDonuts,CostlyCorianders,2822300
2026-07-01T19:08:53.297515,2026-07-01T19:08:53.309132+00:00,82.2,13,ask,EarnestEspressos,CostlyCorianders,2822301
2026-07-01T19:08:54.134033,2026-07-01T19:08:54.145541+00:00,82.3,50,bid,FlawlessFlatbreads,DiligentDonuts,2822326
2026-07-01T19:08:55.400628,2026-07-01T19:08:55.411955+00:00,82.3,41,bid,CostlyCorianders,DiligentDonuts,2822361
2026-07-01T19:08:56.240579,2026-07-01T19:08:56.252075+00:00,82.3,9,bid,FlawlessFlatbreads,DiligentDonuts,2822381
2026-07-01T19:08:56.240579,2026-07-01T19:08:56.252075+00:00,82.4,41,bid,FlawlessFlatbreads,EarnestEspressos,2822382
2026-07-01T19:08:58.294993,2026-07-01T19:08:58.306470+00:00,82.5,3,bid,CostlyCorianders,Kelvin Chan,2822422
2026-07-01T19:08:58.294993,2026-07-01T19:08:58.306470+00:00,82.5,42,bid,CostlyCorianders,EarnestEspressos,2822423
2026-07-01T19:09:00.469034,2026-07-01T19:09:00.479154+00:00,82.5,50,bid,FlawlessFlatbreads,EarnestEspressos,2822462
2026-07-01T19:09:00.501199,2026-07-01T19:09:00.510208+00:00,82.2,4,ask,Kelvin Chan,Xuanyu Liu,2822464
2026-07-01T19:09:00.770152,2026-07-01T19:09:00.778351+00:00,82.3,19,ask,EarnestEspressos,Xuanyu Liu,2822469
2026-07-01T19:09:01.513688,2026-07-01T19:09:01.521663+00:00,82.3,45,ask,EarnestEspressos,CostlyCorianders,2822490
2026-07-01T19:09:02.011827,2026-07-01T19:09:02.022595+00:00,82.6,42,bid,CostlyCorianders,DiligentDonuts,2822503
2026-07-01T19:09:02.067549,2026-07-01T19:09:02.079193+00:00,82.3,41,ask,EarnestEspressos,CostlyCorianders,2822509
2026-07-01T19:09:02.588304,2026-07-01T19:09:02.598941+00:00,82.6,50,bid,FlawlessFlatbreads,DiligentDonuts,2822520
2026-07-01T19:09:03.113931,2026-07-01T19:09:03.122660+00:00,82.3,11,ask,EarnestEspressos,Xuanyu Liu,2822528
2026-07-01T19:09:03.497298,2026-07-01T19:09:03.508630+00:00,82.5,5,bid,CostlyCorianders,Kelvin Chan,2822538
2026-07-01T19:09:03.973794,2026-07-01T19:09:03.984625+00:00,82.2,100,ask,DiligentDonuts,EarnestEspressos,2822555
2026-07-01T19:09:04.127641,2026-07-01T19:09:04.137697+00:00,81.7,48,ask,EarnestEspressos,CostlyCorianders,2822562
2026-07-01T19:09:04.700742,2026-07-01T19:09:04.712345+00:00,82.2,50,bid,FlawlessFlatbreads,EarnestEspressos,2822568
2026-07-01T19:09:05.619314,2026-07-01T19:09:05.628316+00:00,82.5,5,bid,CostlyCorianders,Kelvin Chan,2822578
2026-07-01T19:09:05.619314,2026-07-01T19:09:05.628316+00:00,82.7,40,bid,CostlyCorianders,DiligentDonuts,2822579
2026-07-01T19:09:08.640412,2026-07-01T19:09:08.646414+00:00,82.2,48,ask,EarnestEspressos,CostlyCorianders,2822621
2026-07-01T19:09:08.911812,2026-07-01T19:09:08.923304+00:00,82.5,4,bid,FlawlessFlatbreads,Kelvin Chan,2822630
2026-07-01T19:09:08.911812,2026-07-01T19:09:08.923304+00:00,82.6,46,bid,FlawlessFlatbreads,DiligentDonuts,2822631
2026-07-01T19:09:11.020586,2026-07-01T19:09:11.031938+00:00,82.6,4,bid,FlawlessFlatbreads,Kelvin Chan,2822670
2026-07-01T19:09:11.020586,2026-07-01T19:09:11.031938+00:00,82.6,46,bid,FlawlessFlatbreads,EarnestEspressos,2822671
2026-07-01T19:09:12.738117,2026-07-01T19:09:12.748463+00:00,82.3,1,ask,Kelvin Chan,CostlyCorianders,2822703
2026-07-01T19:09:12.738117,2026-07-01T19:09:12.748463+00:00,82.3,46,ask,DiligentDonuts,CostlyCorianders,2822704
2026-07-01T19:09:13.128726,2026-07-01T19:09:13.140338+00:00,82.5,50,bid,FlawlessFlatbreads,DiligentDonuts,2822715
2026-07-01T19:09:17.359707,2026-07-01T19:09:17.371348+00:00,82.8,50,bid,FlawlessFlatbreads,EarnestEspressos,2822803
2026-07-01T19:09:17.517279,2026-07-01T19:09:17.525942+00:00,82.4,3,ask,DiligentDonuts,Xuanyu Liu,2822806
2026-07-01T19:09:19.467457,2026-07-01T19:09:19.475021+00:00,82.8,50,bid,FlawlessFlatbreads,EarnestEspressos,2822835
2026-07-01T19:09:21.591902,2026-07-01T19:09:21.602312+00:00,83.0,50,bid,FlawlessFlatbreads,DiligentDonuts,2822861
2026-07-01T19:09:23.748082,2026-07-01T19:09:23.769031+00:00,82.8,4,ask,Kelvin Chan,FlawlessFlatbreads,2822904
2026-07-01T19:09:23.748082,2026-07-01T19:09:23.769031+00:00,82.8,46,ask,EarnestEspressos,FlawlessFlatbreads,2822905
2026-07-01T19:09:25.870960,2026-07-01T19:09:25.879653+00:00,82.8,50,ask,EarnestEspressos,FlawlessFlatbreads,2822948
2026-07-01T19:09:26.739244,2026-07-01T19:09:26.746440+00:00,82.8,6,bid,Kelvin Chan,EarnestEspressos,2822966
2026-07-01T19:09:27.927433,2026-07-01T19:09:27.938972+00:00,82.8,50,bid,FlawlessFlatbreads,EarnestEspressos,2822989
2026-07-01T19:09:30.086125,2026-07-01T19:09:30.097451+00:00,82.4,50,ask,EarnestEspressos,FlawlessFlatbreads,2823035
2026-07-01T19:09:32.201055,2026-07-01T19:09:32.208354+00:00,82.5,50,ask,DiligentDonuts,FlawlessFlatbreads,2823064
2026-07-01T19:09:36.416863,2026-07-01T19:09:36.428204+00:00,82.6,3,ask,Kelvin Chan,FlawlessFlatbreads,2823143
2026-07-01T19:09:36.416863,2026-07-01T19:09:36.428204+00:00,82.4,47,ask,EarnestEspressos,FlawlessFlatbreads,2823144
2026-07-01T19:09:38.256376,2026-07-01T19:09:38.256091+00:00,82.6,2,ask,Kelvin Chan,DiligentDonuts,2823170
2026-07-01T19:09:38.387069,2026-07-01T19:09:38.396262+00:00,82.6,2,bid,Kelvin Chan,DiligentDonuts,2823172
2026-07-01T19:09:38.452951,2026-07-01T19:09:38.463661+00:00,82.6,2,bid,Kelvin Chan,DiligentDonuts,2823175
2026-07-01T19:09:38.525147,2026-07-01T19:09:38.536806+00:00,82.4,50,ask,EarnestEspressos,FlawlessFlatbreads,2823176
2026-07-01T19:09:39.743006,2026-07-01T19:09:39.754177+00:00,82.4,3,bid,Kelvin Chan,EarnestEspressos,2823188
2026-07-01T19:09:39.795688,2026-07-01T19:09:39.804962+00:00,82.4,3,bid,Kelvin Chan,EarnestEspressos,2823189
2026-07-01T19:09:39.818136,2026-07-01T19:09:39.825730+00:00,82.4,2,bid,Kelvin Chan,EarnestEspressos,2823190
2026-07-01T19:09:39.888071,2026-07-01T19:09:39.895434+00:00,82.4,2,bid,Kelvin Chan,EarnestEspressos,2823192
2026-07-01T19:09:39.901989,2026-07-01T19:09:39.910803+00:00,82.4,2,bid,Kelvin Chan,EarnestEspressos,2823193
2026-07-01T19:09:39.929074,2026-07-01T19:09:39.936083+00:00,82.4,2,bid,Kelvin Chan,EarnestEspressos,2823194
2026-07-01T19:09:39.966410,2026-07-01T19:09:39.976399+00:00,82.4,2,bid,Kelvin Chan,EarnestEspressos,2823195
2026-07-01T19:09:40.632938,2026-07-01T19:09:40.644261+00:00,82.1,50,ask,DiligentDonuts,FlawlessFlatbreads,2823207
2026-07-01T19:09:42.739589,2026-07-01T19:09:42.758576+00:00,82.0,50,ask,DiligentDonuts,FlawlessFlatbreads,2823259
2026-07-01T19:09:43.212217,2026-07-01T19:09:43.223579+00:00,82.4,44,bid,CostlyCorianders,EarnestEspressos,2823269
2026-07-01T19:09:43.710808,2026-07-01T19:09:43.718754+00:00,82.4,14,bid,Xuanyu Liu,EarnestEspressos,2823285
2026-07-01T19:09:44.845381,2026-07-01T19:09:44.851791+00:00,82.0,50,ask,DiligentDonuts,FlawlessFlatbreads,2823298
2026-07-01T19:09:45.649079,2026-07-01T19:09:45.663859+00:00,82.5,46,bid,CostlyCorianders,DiligentDonuts,2823308
2026-07-01T19:09:46.131603,2026-07-01T19:09:46.142947+00:00,82.5,40,bid,CostlyCorianders,DiligentDonuts,2823319
2026-07-01T19:09:46.952811,2026-07-01T19:09:46.964409+00:00,82.3,2,ask,Kelvin Chan,FlawlessFlatbreads,2823344
2026-07-01T19:09:46.952811,2026-07-01T19:09:46.964409+00:00,82.3,48,ask,EarnestEspressos,FlawlessFlatbreads,2823345
2026-07-01T19:09:47.194868,2026-07-01T19:09:47.201467+00:00,82.3,40,ask,EarnestEspressos,CostlyCorianders,2823357
2026-07-01T19:09:47.843829,2026-07-01T19:09:47.854919+00:00,82.3,40,ask,EarnestEspressos,CostlyCorianders,2823370
2026-07-01T19:09:48.295087,2026-07-01T19:09:48.303222+00:00,82.3,12,bid,Xuanyu Liu,EarnestEspressos,2823379
2026-07-01T19:09:48.838475,2026-07-01T19:09:48.849864+00:00,82.3,7,bid,Kelvin Chan,EarnestEspressos,2823393
2026-07-01T19:09:48.951279,2026-07-01T19:09:48.963760+00:00,82.3,7,bid,Kelvin Chan,EarnestEspressos,2823395
2026-07-01T19:09:48.970177,2026-07-01T19:09:48.978874+00:00,82.3,11,bid,Xuanyu Liu,EarnestEspressos,2823398
2026-07-01T19:09:49.062584,2026-07-01T19:09:49.074211+00:00,82.0,50,ask,DiligentDonuts,FlawlessFlatbreads,2823402
2026-07-01T19:09:51.169095,2026-07-01T19:09:51.179415+00:00,82.2,7,ask,Kelvin Chan,FlawlessFlatbreads,2823433
2026-07-01T19:09:51.169095,2026-07-01T19:09:51.179415+00:00,82.0,43,ask,DiligentDonuts,FlawlessFlatbreads,2823434
2026-07-01T19:09:53.276663,2026-07-01T19:09:53.288219+00:00,82.2,7,ask,Kelvin Chan,FlawlessFlatbreads,2823471
2026-07-01T19:09:53.276663,2026-07-01T19:09:53.288219+00:00,82.0,43,ask,DiligentDonuts,FlawlessFlatbreads,2823472
2026-07-01T19:09:55.388205,2026-07-01T19:09:55.399635+00:00,82.1,50,ask,EarnestEspressos,FlawlessFlatbreads,2823503
2026-07-01T19:09:55.518898,2026-07-01T19:09:55.527360+00:00,82.3,12,bid,Xuanyu Liu,DiligentDonuts,2823505
2026-07-01T19:09:55.874086,2026-07-01T19:09:55.884772+00:00,82.3,43,bid,CostlyCorianders,DiligentDonuts,2823508
2026-07-01T19:09:57.947915,2026-07-01T19:09:57.963661+00:00,82.5,46,bid,CostlyCorianders,EarnestEspressos,2823546
2026-07-01T19:10:01.704265,2026-07-01T19:10:01.715348+00:00,82.2,50,ask,EarnestEspressos,FlawlessFlatbreads,2823623
2026-07-01T19:10:03.818158,2026-07-01T19:10:03.828890+00:00,82.2,50,ask,EarnestEspressos,FlawlessFlatbreads,2823674
2026-07-01T19:10:04.248363,2026-07-01T19:10:04.258564+00:00,82.3,44,bid,CostlyCorianders,EarnestEspressos,2823681
2026-07-01T19:10:07.984347,2026-07-01T19:10:08.000512+00:00,82.2,50,bid,FlawlessFlatbreads,EarnestEspressos,2823750
2026-07-01T19:10:08.552887,2026-07-01T19:10:08.564334+00:00,82.1,1,ask,Kelvin Chan,CostlyCorianders,2823761
2026-07-01T19:10:08.552887,2026-07-01T19:10:08.564334+00:00,81.8,43,ask,DiligentDonuts,CostlyCorianders,2823762
2026-07-01T19:10:09.076362,2026-07-01T19:10:09.087988+00:00,82.2,43,bid,CostlyCorianders,EarnestEspressos,2823772
2026-07-01T19:10:09.971330,2026-07-01T19:10:09.982703+00:00,82.0,1,ask,Kelvin Chan,CostlyCorianders,2823784
2026-07-01T19:10:09.971330,2026-07-01T19:10:09.982703+00:00,81.9,43,ask,DiligentDonuts,CostlyCorianders,2823785
2026-07-01T19:10:10.107263,2026-07-01T19:10:10.118479+00:00,82.2,50,bid,FlawlessFlatbreads,EarnestEspressos,2823786
2026-07-01T19:10:10.422900,2026-07-01T19:10:10.433815+00:00,82.3,5,bid,EarnestEspressos,Kelvin Chan,2823791
2026-07-01T19:10:10.440178,2026-07-01T19:10:10.449003+00:00,82.3,12,ask,EarnestEspressos,Xuanyu Liu,2823792
2026-07-01T19:10:11.262877,2026-07-01T19:10:11.271119+00:00,82.3,11,ask,EarnestEspressos,Xuanyu Liu,2823819
2026-07-01T19:10:12.231618,2026-07-01T19:10:12.243007+00:00,82.4,50,bid,FlawlessFlatbreads,DiligentDonuts,2823836
2026-07-01T19:10:12.833661,2026-07-01T19:10:12.845350+00:00,82.3,47,ask,EarnestEspressos,CostlyCorianders,2823845
2026-07-01T19:10:13.056697,2026-07-01T19:10:13.058574+00:00,82.3,75,ask,EarnestEspressos,DiligentDonuts,2823851
2026-07-01T19:10:14.337565,2026-07-01T19:10:14.348936+00:00,82.2,25,bid,FlawlessFlatbreads,DiligentDonuts,2823869
2026-07-01T19:10:14.337565,2026-07-01T19:10:14.348936+00:00,82.2,25,bid,FlawlessFlatbreads,EarnestEspressos,2823870
2026-07-01T19:10:15.203131,2026-07-01T19:10:15.210347+00:00,82.2,23,bid,Xuanyu Liu,EarnestEspressos,2823888
2026-07-01T19:10:15.965308,2026-07-01T19:10:15.974063+00:00,82.2,11,bid,Xuanyu Liu,EarnestEspressos,2823903
2026-07-01T19:10:16.167032,2026-07-01T19:10:16.178532+00:00,82.2,91,bid,DiligentDonuts,EarnestEspressos,2823909
2026-07-01T19:10:16.519725,2026-07-01T19:10:16.527473+00:00,82.3,9,ask,DiligentDonuts,Xuanyu Liu,2823916
2026-07-01T19:10:16.747180,2026-07-01T19:10:16.767929+00:00,82.4,4,bid,EarnestEspressos,Kelvin Chan,2823919
2026-07-01T19:10:16.759506,2026-07-01T19:10:16.767929+00:00,82.4,14,ask,EarnestEspressos,Xuanyu Liu,2823920
2026-07-01T19:10:16.773563,2026-07-01T19:10:16.783145+00:00,82.4,5,ask,EarnestEspressos,Kelvin Chan,2823922
2026-07-01T19:10:16.836477,2026-07-01T19:10:16.848006+00:00,82.4,5,ask,EarnestEspressos,Kelvin Chan,2823925
2026-07-01T19:10:16.920467,2026-07-01T19:10:16.931703+00:00,82.4,5,ask,EarnestEspressos,Kelvin Chan,2823926
2026-07-01T19:10:16.947767,2026-07-01T19:10:16.954049+00:00,82.4,4,ask,EarnestEspressos,Kelvin Chan,2823927
2026-07-01T19:10:16.975270,2026-07-01T19:10:16.982844+00:00,82.4,5,ask,EarnestEspressos,Kelvin Chan,2823928
2026-07-01T19:10:17.002733,2026-07-01T19:10:17.009695+00:00,82.4,4,ask,EarnestEspressos,Kelvin Chan,2823929
2026-07-01T19:10:17.029737,2026-07-01T19:10:17.038408+00:00,82.4,4,ask,EarnestEspressos,Kelvin Chan,2823930
2026-07-01T19:10:17.101057,2026-07-01T19:10:17.112160+00:00,82.4,4,ask,EarnestEspressos,Kelvin Chan,2823934
2026-07-01T19:10:17.104583,2026-07-01T19:10:17.117332+00:00,82.4,40,ask,EarnestEspressos,CostlyCorianders,2823935
2026-07-01T19:10:17.152426,2026-07-01T19:10:17.163908+00:00,82.4,4,ask,EarnestEspressos,Kelvin Chan,2823936
2026-07-01T19:10:17.179245,2026-07-01T19:10:17.188950+00:00,82.4,11,ask,EarnestEspressos,Xuanyu Liu,2823938
2026-07-01T19:10:17.635672,2026-07-01T19:10:17.646909+00:00,82.4,4,ask,EarnestEspressos,Kelvin Chan,2823946
2026-07-01T19:10:17.806396,2026-07-01T19:10:17.814671+00:00,82.4,3,ask,EarnestEspressos,Kelvin Chan,2823949
2026-07-01T19:10:17.871563,2026-07-01T19:10:17.880069+00:00,82.4,3,ask,EarnestEspressos,Kelvin Chan,2823953
2026-07-01T19:10:17.995606,2026-07-01T19:10:18.004271+00:00,82.4,3,ask,EarnestEspressos,Kelvin Chan,2823954
2026-07-01T19:10:18.035580,2026-07-01T19:10:18.047037+00:00,82.4,3,ask,EarnestEspressos,Kelvin Chan,2823955
2026-07-01T19:10:18.166410,2026-07-01T19:10:18.175575+00:00,82.4,3,ask,EarnestEspressos,Kelvin Chan,2823959
2026-07-01T19:10:18.615977,2026-07-01T19:10:18.626065+00:00,82.4,22,ask,EarnestEspressos,FlawlessFlatbreads,2823971
2026-07-01T19:10:18.891162,2026-07-01T19:10:18.900411+00:00,82.8,40,bid,CostlyCorianders,DiligentDonuts,2823973
2026-07-01T19:10:19.982282,2026-07-01T19:10:19.992730+00:00,82.1,11,bid,Xuanyu Liu,EarnestEspressos,2823991
2026-07-01T19:10:20.241844,2026-07-01T19:10:20.258564+00:00,82.0,1,ask,Kelvin Chan,CostlyCorianders,2823996
2026-07-01T19:10:20.265722,2026-07-01T19:10:20.273377+00:00,82.1,3,bid,Kelvin Chan,EarnestEspressos,2823998
2026-07-01T19:10:20.293209,2026-07-01T19:10:20.304519+00:00,82.1,3,bid,Kelvin Chan,EarnestEspressos,2823999
2026-07-01T19:10:20.502647,2026-07-01T19:10:20.514274+00:00,82.1,3,bid,Kelvin Chan,EarnestEspressos,2824000
2026-07-01T19:10:20.596186,2026-07-01T19:10:20.603434+00:00,82.1,4,bid,Kelvin Chan,EarnestEspressos,2824003
2026-07-01T19:10:20.672632,2026-07-01T19:10:20.683921+00:00,82.1,50,bid,FlawlessFlatbreads,EarnestEspressos,2824005
2026-07-01T19:10:20.678042,2026-07-01T19:10:20.689334+00:00,82.1,3,bid,Kelvin Chan,EarnestEspressos,2824006
2026-07-01T19:10:20.743824,2026-07-01T19:10:20.747592+00:00,82.1,3,bid,Kelvin Chan,EarnestEspressos,2824010
2026-07-01T19:10:20.811214,2026-07-01T19:10:20.817822+00:00,82.1,3,bid,Kelvin Chan,EarnestEspressos,2824014
2026-07-01T19:10:20.824589,2026-07-01T19:10:20.836052+00:00,82.1,40,bid,CostlyCorianders,EarnestEspressos,2824015
2026-07-01T19:10:20.845615,2026-07-01T19:10:20.858586+00:00,82.1,3,bid,Kelvin Chan,EarnestEspressos,2824017
2026-07-01T19:10:21.590290,2026-07-01T19:10:21.597388+00:00,82.1,3,bid,Kelvin Chan,EarnestEspressos,2824035
2026-07-01T19:10:21.635430,2026-07-01T19:10:21.644030+00:00,82.1,3,bid,Kelvin Chan,EarnestEspressos,2824036
2026-07-01T19:10:22.544685,2026-07-01T19:10:22.565662+00:00,82.1,12,bid,Xuanyu Liu,EarnestEspressos,2824059
2026-07-01T19:10:22.835153,2026-07-01T19:10:22.846556+00:00,82.0,2,ask,Kelvin Chan,FlawlessFlatbreads,2824076
2026-07-01T19:10:22.835153,2026-07-01T19:10:22.846556+00:00,81.8,48,ask,DiligentDonuts,FlawlessFlatbreads,2824077
2026-07-01T19:10:23.079497,2026-07-01T19:10:23.090839+00:00,82.3,100,bid,EarnestEspressos,DiligentDonuts,2824084
2026-07-01T19:10:23.374840,2026-07-01T19:10:23.384653+00:00,82.4,2,bid,CostlyCorianders,Kelvin Chan,2824089
2026-07-01T19:10:23.428584,2026-07-01T19:10:23.439807+00:00,82.3,43,ask,EarnestEspressos,CostlyCorianders,2824090
2026-07-01T19:10:23.579689,2026-07-01T19:10:23.588488+00:00,82.3,5,ask,EarnestEspressos,Kelvin Chan,2824092
2026-07-01T19:10:23.665057,2026-07-01T19:10:23.672585+00:00,82.3,2,ask,EarnestEspressos,Kelvin Chan,2824094
2026-07-01T19:10:27.003580,2026-07-01T19:10:27.014416+00:00,82.3,3,bid,FlawlessFlatbreads,Kelvin Chan,2824154
2026-07-01T19:10:27.003580,2026-07-01T19:10:27.014416+00:00,82.4,47,bid,FlawlessFlatbreads,EarnestEspressos,2824155
2026-07-01T19:10:29.110470,2026-07-01T19:10:29.121754+00:00,82.4,50,bid,FlawlessFlatbreads,EarnestEspressos,2824195
2026-07-01T19:10:31.216720,2026-07-01T19:10:31.222969+00:00,82.4,5,bid,FlawlessFlatbreads,Kelvin Chan,2824240
2026-07-01T19:10:33.323132,2026-07-01T19:10:33.334454+00:00,82.8,50,bid,FlawlessFlatbreads,EarnestEspressos,2824283
2026-07-01T19:10:35.430008,2026-07-01T19:10:35.441525+00:00,82.8,50,bid,FlawlessFlatbreads,EarnestEspressos,2824320
2026-07-01T19:10:35.759549,2026-07-01T19:10:35.768937+00:00,82.8,35,ask,EarnestEspressos,Xuanyu Liu,2824324
2026-07-01T19:10:35.872354,2026-07-01T19:10:35.881562+00:00,82.8,2,ask,EarnestEspressos,Kelvin Chan,2824328
2026-07-01T19:10:36.034802,2026-07-01T19:10:36.041068+00:00,82.8,2,ask,EarnestEspressos,Kelvin Chan,2824334
2026-07-01T19:10:36.145283,2026-07-01T19:10:36.153516+00:00,82.8,2,ask,EarnestEspressos,Kelvin Chan,2824336
2026-07-01T19:10:36.164007,2026-07-01T19:10:36.175579+00:00,82.8,47,ask,EarnestEspressos,CostlyCorianders,2824337
2026-07-01T19:10:37.537364,2026-07-01T19:10:37.548704+00:00,82.9,50,bid,FlawlessFlatbreads,DiligentDonuts,2824359
2026-07-01T19:10:39.648321,2026-07-01T19:10:39.663649+00:00,83.2,50,bid,FlawlessFlatbreads,DiligentDonuts,2824408
2026-07-01T19:10:40.860749,2026-07-01T19:10:40.872294+00:00,83.2,48,bid,CostlyCorianders,DiligentDonuts,2824430
2026-07-01T19:10:43.912244,2026-07-01T19:10:43.919264+00:00,82.7,50,ask,DiligentDonuts,FlawlessFlatbreads,2824497
2026-07-01T19:10:44.733277,2026-07-01T19:10:44.744577+00:00,82.7,40,ask,DiligentDonuts,CostlyCorianders,2824511
2026-07-01T19:10:45.967856,2026-07-01T19:10:45.979294+00:00,83.1,50,bid,FlawlessFlatbreads,EarnestEspressos,2824544
2026-07-01T19:10:48.075567,2026-07-01T19:10:48.087043+00:00,83.1,50,bid,FlawlessFlatbreads,EarnestEspressos,2824574
2026-07-01T19:10:48.189307,2026-07-01T19:10:48.201118+00:00,83.1,41,bid,CostlyCorianders,EarnestEspressos,2824575
2026-07-01T19:10:48.390228,2026-07-01T19:10:48.401965+00:00,83.3,100,bid,EarnestEspressos,DiligentDonuts,2824576
2026-07-01T19:10:48.468489,2026-07-01T19:10:48.477688+00:00,83.3,14,ask,EarnestEspressos,Xuanyu Liu,2824578
2026-07-01T19:10:48.735453,2026-07-01T19:10:48.742501+00:00,83.3,36,ask,EarnestEspressos,CostlyCorianders,2824588
2026-07-01T19:10:48.735453,2026-07-01T19:10:48.747743+00:00,82.8,8,ask,DiligentDonuts,CostlyCorianders,2824589
2026-07-01T19:10:50.182445,2026-07-01T19:10:50.193754+00:00,83.8,50,bid,FlawlessFlatbreads,EarnestEspressos,2824606
2026-07-01T19:10:52.289039,2026-07-01T19:10:52.299039+00:00,83.3,50,bid,FlawlessFlatbreads,EarnestEspressos,2824641
2026-07-01T19:10:54.395154,2026-07-01T19:10:54.406394+00:00,83.3,50,bid,FlawlessFlatbreads,EarnestEspressos,2824682
2026-07-01T19:10:54.784946,2026-07-01T19:10:54.799156+00:00,83.5,48,bid,CostlyCorianders,DiligentDonuts,2824690
2026-07-01T19:10:55.026613,2026-07-01T19:10:55.035504+00:00,83.2,1,ask,EarnestEspressos,Kelvin Chan,2824694
2026-07-01T19:10:55.191389,2026-07-01T19:10:55.198366+00:00,83.2,1,ask,EarnestEspressos,Kelvin Chan,2824697
2026-07-01T19:10:56.437599,2026-07-01T19:10:56.446944+00:00,83.2,1,ask,EarnestEspressos,Kelvin Chan,2824716
2026-07-01T19:10:56.502706,2026-07-01T19:10:56.514131+00:00,83.5,50,bid,FlawlessFlatbreads,DiligentDonuts,2824719
2026-07-01T19:10:56.701108,2026-07-01T19:10:56.711360+00:00,83.2,1,ask,EarnestEspressos,Kelvin Chan,2824724
2026-07-01T19:10:57.029348,2026-07-01T19:10:57.040059+00:00,83.2,1,ask,EarnestEspressos,Kelvin Chan,2824736
2026-07-01T19:10:58.609843,2026-07-01T19:10:58.621552+00:00,83.6,50,bid,FlawlessFlatbreads,EarnestEspressos,2824770
2026-07-01T19:11:00.718274,2026-07-01T19:11:00.729910+00:00,83.6,50,bid,FlawlessFlatbreads,EarnestEspressos,2824820
2026-07-01T19:11:01.065168,2026-07-01T19:11:01.080379+00:00,83.7,14,ask,EarnestEspressos,Xuanyu Liu,2824828
2026-07-01T19:11:02.270977,2026-07-01T19:11:02.280983+00:00,83.7,46,ask,EarnestEspressos,CostlyCorianders,2824856
2026-07-01T19:11:02.760361,2026-07-01T19:11:02.769028+00:00,83.9,43,bid,CostlyCorianders,DiligentDonuts,2824868
2026-07-01T19:11:02.826619,2026-07-01T19:11:02.837920+00:00,83.9,50,bid,FlawlessFlatbreads,DiligentDonuts,2824869
2026-07-01T19:11:03.791912,2026-07-01T19:11:03.801927+00:00,83.7,23,ask,EarnestEspressos,Xuanyu Liu,2824886
2026-07-01T19:11:04.269471,2026-07-01T19:11:04.281048+00:00,83.7,100,ask,DiligentDonuts,EarnestEspressos,2824896
2026-07-01T19:11:04.393943,2026-07-01T19:11:04.404400+00:00,83.6,11,bid,Xuanyu Liu,EarnestEspressos,2824904
2026-07-01T19:11:04.782239,2026-07-01T19:11:04.789582+00:00,83.2,5,ask,Kelvin Chan,CostlyCorianders,2824918
2026-07-01T19:11:04.782239,2026-07-01T19:11:04.794978+00:00,83.1,35,ask,EarnestEspressos,CostlyCorianders,2824919
2026-07-01T19:11:04.937096,2026-07-01T19:11:04.958591+00:00,83.6,39,bid,FlawlessFlatbreads,EarnestEspressos,2824922
2026-07-01T19:11:04.937096,2026-07-01T19:11:04.958591+00:00,84.2,11,bid,FlawlessFlatbreads,DiligentDonuts,2824923
2026-07-01T19:11:05.408177,2026-07-01T19:11:05.419917+00:00,83.3,5,ask,Kelvin Chan,CostlyCorianders,2824927
2026-07-01T19:11:05.408177,2026-07-01T19:11:05.419917+00:00,83.1,42,ask,EarnestEspressos,CostlyCorianders,2824928
2026-07-01T19:11:06.151179,2026-07-01T19:11:06.162041+00:00,83.6,1,bid,Xuanyu Liu,Kelvin Chan,2824944
2026-07-01T19:11:07.044043,2026-07-01T19:11:07.055341+00:00,83.9,50,bid,FlawlessFlatbreads,DiligentDonuts,2824963
2026-07-01T19:11:07.889773,2026-07-01T19:11:07.900993+00:00,83.9,49,bid,CostlyCorianders,DiligentDonuts,2824982
2026-07-01T19:11:09.151248,2026-07-01T19:11:09.157563+00:00,83.9,1,bid,FlawlessFlatbreads,DiligentDonuts,2825000
2026-07-01T19:11:09.151248,2026-07-01T19:11:09.157563+00:00,84.1,49,bid,FlawlessFlatbreads,EarnestEspressos,2825001
2026-07-01T19:11:10.577321,2026-07-01T19:11:10.585590+00:00,83.9,1,ask,EarnestEspressos,Xuanyu Liu,2825027
2026-07-01T19:11:11.261935,2026-07-01T19:11:11.273267+00:00,84.2,50,bid,FlawlessFlatbreads,DiligentDonuts,2825039
2026-07-01T19:11:11.492872,2026-07-01T19:11:11.504494+00:00,83.9,41,ask,EarnestEspressos,CostlyCorianders,2825043
2026-07-01T19:11:13.369363,2026-07-01T19:11:13.380787+00:00,84.4,50,bid,FlawlessFlatbreads,EarnestEspressos,2825073
2026-07-01T19:11:13.431736,2026-07-01T19:11:13.442940+00:00,83.9,46,ask,EarnestEspressos,CostlyCorianders,2825075
2026-07-01T19:11:13.838609,2026-07-01T19:11:13.849852+00:00,83.9,4,ask,DiligentDonuts,Kelvin Chan,2825081
2026-07-01T19:11:13.915720,2026-07-01T19:11:13.923103+00:00,83.9,3,ask,DiligentDonuts,Kelvin Chan,2825083
2026-07-01T19:11:14.011234,2026-07-01T19:11:14.020019+00:00,83.9,3,ask,DiligentDonuts,Kelvin Chan,2825086
2026-07-01T19:11:14.323347,2026-07-01T19:11:14.331610+00:00,83.9,11,ask,DiligentDonuts,Xuanyu Liu,2825094
2026-07-01T19:11:14.774578,2026-07-01T19:11:14.784076+00:00,83.9,3,ask,DiligentDonuts,Kelvin Chan,2825099
2026-07-01T19:11:14.855019,2026-07-01T19:11:14.866366+00:00,83.9,3,ask,DiligentDonuts,Kelvin Chan,2825100
2026-07-01T19:11:14.924217,2026-07-01T19:11:14.935985+00:00,83.9,3,ask,DiligentDonuts,Kelvin Chan,2825102
2026-07-01T19:11:14.986951,2026-07-01T19:11:14.997328+00:00,83.9,3,ask,DiligentDonuts,Kelvin Chan,2825104
2026-07-01T19:11:15.474913,2026-07-01T19:11:15.486360+00:00,84.2,50,bid,FlawlessFlatbreads,EarnestEspressos,2825114
2026-07-01T19:11:16.889822,2026-07-01T19:11:16.896465+00:00,84.0,2,bid,EarnestEspressos,Kelvin Chan,2825135
2026-07-01T19:11:16.945286,2026-07-01T19:11:16.963971+00:00,84.0,23,ask,EarnestEspressos,Xuanyu Liu,2825137
2026-07-01T19:11:17.374986,2026-07-01T19:11:17.386127+00:00,84.0,2,ask,EarnestEspressos,Kelvin Chan,2825146
2026-07-01T19:11:17.413687,2026-07-01T19:11:17.425234+00:00,84.0,2,ask,EarnestEspressos,Kelvin Chan,2825147
2026-07-01T19:11:17.566081,2026-07-01T19:11:17.574940+00:00,84.0,2,ask,EarnestEspressos,Kelvin Chan,2825149
2026-07-01T19:11:17.583523,2026-07-01T19:11:17.593098+00:00,84.4,50,bid,FlawlessFlatbreads,DiligentDonuts,2825150
2026-07-01T19:11:17.590716,2026-07-01T19:11:17.598382+00:00,84.0,2,ask,EarnestEspressos,Kelvin Chan,2825151
2026-07-01T19:11:18.104740,2026-07-01T19:11:18.113176+00:00,84.0,2,ask,EarnestEspressos,Kelvin Chan,2825159
2026-07-01T19:11:19.564657,2026-07-01T19:11:19.576170+00:00,84.1,2,bid,CostlyCorianders,Kelvin Chan,2825191
2026-07-01T19:11:19.564657,2026-07-01T19:11:19.576170+00:00,84.5,43,bid,CostlyCorianders,EarnestEspressos,2825192
2026-07-01T19:11:19.704299,2026-07-01T19:11:19.711944+00:00,84.1,1,bid,FlawlessFlatbreads,Kelvin Chan,2825198
