timestamp,recv_time,price,volume,aggressor_side,buyer,seller,trade_id
2026-07-01T22:04:53.014320,2026-07-01T22:04:52.981905+00:00,88.1,1,bid,CostlyCorianders,Kelvin Chan,3035712
2026-07-01T22:04:53.014320,2026-07-01T22:04:52.981905+00:00,88.3,46,bid,CostlyCorianders,DiligentDonuts,3035713
2026-07-01T22:04:54.255203,2026-07-01T22:04:54.224499+00:00,88.3,50,bid,FlawlessFlatbreads,DiligentDonuts,3035743
2026-07-01T22:04:55.572373,2026-07-01T22:04:55.580031+00:00,87.9,45,ask,EarnestEspressos,CostlyCorianders,3035777
2026-07-01T22:04:56.364716,2026-07-01T22:04:56.364125+00:00,88.3,50,bid,FlawlessFlatbreads,DiligentDonuts,3035793
2026-07-01T22:04:56.603798,2026-07-01T22:04:56.615438+00:00,88.4,43,bid,CostlyCorianders,EarnestEspressos,3035803
2026-07-01T22:04:56.960511,2026-07-01T22:04:56.970062+00:00,88.3,3,ask,DiligentDonuts,Xuanyu Liu,3035814
2026-07-01T22:04:58.470875,2026-07-01T22:04:58.473144+00:00,88.5,50,bid,FlawlessFlatbreads,EarnestEspressos,3035841
2026-07-01T22:04:59.426119,2026-07-01T22:04:59.437685+00:00,88.3,43,ask,DiligentDonuts,CostlyCorianders,3035852
2026-07-01T22:05:00.632012,2026-07-01T22:05:00.626275+00:00,88.2,50,ask,DiligentDonuts,FlawlessFlatbreads,3035875
2026-07-01T22:05:04.847928,2026-07-01T22:05:04.858658+00:00,88.2,50,ask,EarnestEspressos,FlawlessFlatbreads,3035960
2026-07-01T22:05:05.019318,2026-07-01T22:05:05.063629+00:00,88.4,4,bid,CostlyCorianders,Kelvin Chan,3035964
2026-07-01T22:05:05.019318,2026-07-01T22:05:05.063629+00:00,88.5,38,bid,CostlyCorianders,DiligentDonuts,3035965
2026-07-01T22:05:06.954409,2026-07-01T22:05:06.963636+00:00,88.2,50,ask,EarnestEspressos,FlawlessFlatbreads,3035998
2026-07-01T22:05:07.672827,2026-07-01T22:05:07.684585+00:00,88.4,5,bid,CostlyCorianders,Kelvin Chan,3036019
2026-07-01T22:05:07.672827,2026-07-01T22:05:07.684585+00:00,88.5,38,bid,CostlyCorianders,DiligentDonuts,3036020
2026-07-01T22:05:09.010540,2026-07-01T22:05:09.016194+00:00,88.4,50,bid,FlawlessFlatbreads,EarnestEspressos,3036035
2026-07-01T22:05:11.117789,2026-07-01T22:05:11.103302+00:00,88.4,3,bid,FlawlessFlatbreads,Kelvin Chan,3036070
2026-07-01T22:05:11.117789,2026-07-01T22:05:11.168708+00:00,88.6,47,bid,FlawlessFlatbreads,DiligentDonuts,3036071
2026-07-01T22:05:12.728925,2026-07-01T22:05:12.768719+00:00,88.4,1,bid,DiligentDonuts,Kelvin Chan,3036107
2026-07-01T22:05:13.225946,2026-07-01T22:05:13.232287+00:00,88.6,50,bid,FlawlessFlatbreads,EarnestEspressos,3036117
2026-07-01T22:05:13.494094,2026-07-01T22:05:13.504802+00:00,88.4,49,ask,DiligentDonuts,CostlyCorianders,3036122
2026-07-01T22:05:15.337229,2026-07-01T22:05:15.363779+00:00,88.7,50,bid,FlawlessFlatbreads,EarnestEspressos,3036151
2026-07-01T22:05:15.724594,2026-07-01T22:05:15.728454+00:00,88.4,7,ask,DiligentDonuts,CostlyCorianders,3036152
2026-07-01T22:05:16.633695,2026-07-01T22:05:16.663668+00:00,88.4,49,bid,CostlyCorianders,DiligentDonuts,3036172
2026-07-01T22:05:17.248877,2026-07-01T22:05:17.263922+00:00,88.4,51,bid,EarnestEspressos,DiligentDonuts,3036179
2026-07-01T22:05:17.248877,2026-07-01T22:05:17.263922+00:00,88.5,3,bid,EarnestEspressos,Kelvin Chan,3036180
2026-07-01T22:05:17.443495,2026-07-01T22:05:17.458666+00:00,89.0,50,bid,FlawlessFlatbreads,EarnestEspressos,3036181
2026-07-01T22:05:17.559828,2026-07-01T22:05:17.567811+00:00,88.5,5,ask,EarnestEspressos,Xuanyu Liu,3036188
2026-07-01T22:05:19.549696,2026-07-01T22:05:19.563617+00:00,88.7,50,bid,FlawlessFlatbreads,DiligentDonuts,3036223
2026-07-01T22:05:20.399367,2026-07-01T22:05:20.402796+00:00,88.6,5,bid,CostlyCorianders,Kelvin Chan,3036242
2026-07-01T22:05:20.399367,2026-07-01T22:05:20.402796+00:00,88.7,35,bid,CostlyCorianders,DiligentDonuts,3036243
2026-07-01T22:05:21.456272,2026-07-01T22:05:21.468688+00:00,88.4,42,ask,EarnestEspressos,CostlyCorianders,3036268
2026-07-01T22:05:21.666551,2026-07-01T22:05:21.674335+00:00,88.7,15,bid,FlawlessFlatbreads,DiligentDonuts,3036273
2026-07-01T22:05:21.666551,2026-07-01T22:05:21.679583+00:00,88.9,35,bid,FlawlessFlatbreads,EarnestEspressos,3036274
2026-07-01T22:05:22.658731,2026-07-01T22:05:22.669155+00:00,88.6,7,ask,DiligentDonuts,Kelvin Chan,3036298
2026-07-01T22:05:22.920184,2026-07-01T22:05:22.963674+00:00,88.7,7,bid,CostlyCorianders,Kelvin Chan,3036301
2026-07-01T22:05:25.459878,2026-07-01T22:05:25.470333+00:00,88.6,3,ask,DiligentDonuts,Xuanyu Liu,3036344
2026-07-01T22:05:25.885098,2026-07-01T22:05:25.891951+00:00,88.7,4,bid,FlawlessFlatbreads,Kelvin Chan,3036355
2026-07-01T22:05:25.885098,2026-07-01T22:05:25.897171+00:00,88.9,46,bid,FlawlessFlatbreads,EarnestEspressos,3036356
2026-07-01T22:05:26.720426,2026-07-01T22:05:26.763646+00:00,88.6,97,ask,DiligentDonuts,Chester Au,3036371
2026-07-01T22:05:27.992900,2026-07-01T22:05:28.058631+00:00,88.8,6,bid,FlawlessFlatbreads,Kelvin Chan,3036406
2026-07-01T22:05:27.992900,2026-07-01T22:05:28.058631+00:00,88.9,44,bid,FlawlessFlatbreads,EarnestEspressos,3036407
2026-07-01T22:05:28.041977,2026-07-01T22:05:28.068716+00:00,88.4,1,ask,Kelvin Chan,CostlyCorianders,3036408
2026-07-01T22:05:28.041977,2026-07-01T22:05:28.068716+00:00,88.4,39,ask,EarnestEspressos,CostlyCorianders,3036409
2026-07-01T22:05:30.101936,2026-07-01T22:05:30.108236+00:00,88.7,50,bid,FlawlessFlatbreads,DiligentDonuts,3036445
2026-07-01T22:05:30.289956,2026-07-01T22:05:30.301569+00:00,88.5,42,ask,EarnestEspressos,CostlyCorianders,3036454
2026-07-01T22:05:31.332085,2026-07-01T22:05:31.368709+00:00,88.7,49,bid,CostlyCorianders,DiligentDonuts,3036482
2026-07-01T22:05:32.219895,2026-07-01T22:05:32.268683+00:00,88.8,4,bid,FlawlessFlatbreads,Kelvin Chan,3036493
2026-07-01T22:05:32.219895,2026-07-01T22:05:32.268683+00:00,89.0,46,bid,FlawlessFlatbreads,EarnestEspressos,3036494
2026-07-01T22:05:34.332192,2026-07-01T22:05:34.363640+00:00,88.8,4,bid,FlawlessFlatbreads,Kelvin Chan,3036555
2026-07-01T22:05:34.332192,2026-07-01T22:05:34.363640+00:00,89.1,46,bid,FlawlessFlatbreads,DiligentDonuts,3036556
2026-07-01T22:05:34.901945,2026-07-01T22:05:34.958577+00:00,88.9,7,bid,DiligentDonuts,Kelvin Chan,3036569
2026-07-01T22:05:34.915413,2026-07-01T22:05:34.968707+00:00,89.0,9,ask,DiligentDonuts,Chester Au,3036571
2026-07-01T22:05:35.125794,2026-07-01T22:05:35.106512+00:00,89.0,8,ask,DiligentDonuts,Chester Au,3036575
2026-07-01T22:05:35.316404,2026-07-01T22:05:35.364588+00:00,89.0,8,ask,DiligentDonuts,Chester Au,3036582
2026-07-01T22:05:35.330513,2026-07-01T22:05:35.364588+00:00,89.0,8,ask,DiligentDonuts,Kelvin Chan,3036584
2026-07-01T22:05:35.336546,2026-07-01T22:05:35.364588+00:00,89.1,46,bid,CostlyCorianders,EarnestEspressos,3036585
2026-07-01T22:05:35.522568,2026-07-01T22:05:35.564043+00:00,89.0,7,ask,DiligentDonuts,Kelvin Chan,3036600
2026-07-01T22:05:35.541563,2026-07-01T22:05:35.564043+00:00,89.0,7,ask,DiligentDonuts,Chester Au,3036602
2026-07-01T22:05:35.801609,2026-07-01T22:05:35.806875+00:00,89.0,46,ask,DiligentDonuts,CostlyCorianders,3036607
2026-07-01T22:05:35.801609,2026-07-01T22:05:35.806875+00:00,88.6,1,ask,EarnestEspressos,CostlyCorianders,3036608
2026-07-01T22:05:36.497573,2026-07-01T22:05:36.559002+00:00,88.7,50,ask,EarnestEspressos,FlawlessFlatbreads,3036615
2026-07-01T22:05:37.812763,2026-07-01T22:05:37.863624+00:00,88.9,6,bid,CostlyCorianders,Kelvin Chan,3036644
2026-07-01T22:05:38.515377,2026-07-01T22:05:38.563854+00:00,88.7,71,ask,EarnestEspressos,Chester Au,3036655
2026-07-01T22:05:38.571483,2026-07-01T22:05:38.583170+00:00,88.7,2,ask,EarnestEspressos,Xuanyu Liu,3036657
2026-07-01T22:05:38.602389,2026-07-01T22:05:38.609579+00:00,88.7,27,ask,EarnestEspressos,FlawlessFlatbreads,3036659
2026-07-01T22:05:38.602389,2026-07-01T22:05:38.658709+00:00,88.6,1,ask,Kelvin Chan,FlawlessFlatbreads,3036660
2026-07-01T22:05:38.602389,2026-07-01T22:05:38.658709+00:00,88.4,22,ask,DiligentDonuts,FlawlessFlatbreads,3036661
2026-07-01T22:05:38.880515,2026-07-01T22:05:38.890008+00:00,88.9,47,bid,CostlyCorianders,DiligentDonuts,3036665
2026-07-01T22:05:39.427635,2026-07-01T22:05:39.468680+00:00,88.7,2,ask,Kelvin Chan,EarnestEspressos,3036667
2026-07-01T22:05:39.479514,2026-07-01T22:05:39.492893+00:00,88.6,1,bid,Xuanyu Liu,EarnestEspressos,3036668
2026-07-01T22:05:39.484745,2026-07-01T22:05:39.492893+00:00,88.6,2,bid,Kelvin Chan,EarnestEspressos,3036669
2026-07-01T22:05:39.526077,2026-07-01T22:05:39.569396+00:00,88.4,41,ask,DiligentDonuts,CostlyCorianders,3036672
2026-07-01T22:05:39.547561,2026-07-01T22:05:39.569396+00:00,88.6,2,bid,Kelvin Chan,EarnestEspressos,3036675
2026-07-01T22:05:39.860110,2026-07-01T22:05:39.870207+00:00,88.6,9,bid,Xuanyu Liu,EarnestEspressos,3036686
2026-07-01T22:05:40.689301,2026-07-01T22:05:40.698485+00:00,88.6,2,bid,Kelvin Chan,EarnestEspressos,3036699
2026-07-01T22:05:40.734972,2026-07-01T22:05:40.764475+00:00,88.4,37,ask,DiligentDonuts,FlawlessFlatbreads,3036700
2026-07-01T22:05:40.734972,2026-07-01T22:05:40.764475+00:00,88.1,13,ask,EarnestEspressos,FlawlessFlatbreads,3036701
2026-07-01T22:05:40.811064,2026-07-01T22:05:40.808476+00:00,88.6,2,bid,Kelvin Chan,EarnestEspressos,3036703
2026-07-01T22:05:41.330514,2026-07-01T22:05:41.358706+00:00,88.3,45,ask,DiligentDonuts,CostlyCorianders,3036722
2026-07-01T22:05:41.892392,2026-07-01T22:05:41.958632+00:00,88.6,45,bid,CostlyCorianders,EarnestEspressos,3036735
2026-07-01T22:05:42.439496,2026-07-01T22:05:42.463687+00:00,88.3,44,ask,DiligentDonuts,CostlyCorianders,3036747
2026-07-01T22:05:42.841966,2026-07-01T22:05:42.808486+00:00,88.5,50,ask,EarnestEspressos,FlawlessFlatbreads,3036756
2026-07-01T22:05:44.950187,2026-07-01T22:05:44.969132+00:00,88.5,50,ask,EarnestEspressos,FlawlessFlatbreads,3036802
2026-07-01T22:05:47.083177,2026-07-01T22:05:47.090714+00:00,88.7,48,bid,CostlyCorianders,DiligentDonuts,3036843
2026-07-01T22:05:49.163006,2026-07-01T22:05:49.169715+00:00,88.5,4,ask,Kelvin Chan,FlawlessFlatbreads,3036890
2026-07-01T22:05:49.163006,2026-07-01T22:05:49.174984+00:00,88.2,46,ask,DiligentDonuts,FlawlessFlatbreads,3036891
2026-07-01T22:05:51.271559,2026-07-01T22:05:51.282918+00:00,88.2,50,ask,DiligentDonuts,FlawlessFlatbreads,3036946
2026-07-01T22:05:54.952836,2026-07-01T22:05:54.964398+00:00,88.4,2,ask,Kelvin Chan,CostlyCorianders,3037015
2026-07-01T22:05:55.506397,2026-07-01T22:05:55.518176+00:00,88.0,50,ask,DiligentDonuts,FlawlessFlatbreads,3037030
2026-07-01T22:05:55.559939,2026-07-01T22:05:55.569068+00:00,88.5,100,bid,Chester Au,DiligentDonuts,3037033
2026-07-01T22:05:55.559939,2026-07-01T22:05:55.569068+00:00,88.5,100,bid,Chester Au,EarnestEspressos,3037034
2026-07-01T22:05:58.374419,2026-07-01T22:05:58.385662+00:00,88.5,100,bid,EarnestEspressos,DiligentDonuts,3037087
2026-07-01T22:05:58.410439,2026-07-01T22:05:58.420462+00:00,88.5,45,ask,EarnestEspressos,CostlyCorianders,3037090
2026-07-01T22:06:01.589860,2026-07-01T22:06:01.601428+00:00,88.5,100,ask,DiligentDonuts,EarnestEspressos,3037158
2026-07-01T22:06:01.769615,2026-07-01T22:06:01.779046+00:00,88.4,50,bid,FlawlessFlatbreads,EarnestEspressos,3037159
2026-07-01T22:06:03.877152,2026-07-01T22:06:03.887987+00:00,88.7,2,bid,FlawlessFlatbreads,Kelvin Chan,3037200
2026-07-01T22:06:03.877152,2026-07-01T22:06:03.887987+00:00,88.9,48,bid,FlawlessFlatbreads,DiligentDonuts,3037201
2026-07-01T22:06:04.699193,2026-07-01T22:06:04.709748+00:00,88.7,6,bid,EarnestEspressos,Kelvin Chan,3037208
2026-07-01T22:06:07.862427,2026-07-01T22:06:07.870823+00:00,88.8,3,bid,EarnestEspressos,Kelvin Chan,3037264
2026-07-01T22:06:08.095463,2026-07-01T22:06:08.105563+00:00,89.0,50,bid,FlawlessFlatbreads,DiligentDonuts,3037271
2026-07-01T22:06:08.502597,2026-07-01T22:06:08.513952+00:00,89.0,43,bid,CostlyCorianders,DiligentDonuts,3037276
2026-07-01T22:06:10.207392,2026-07-01T22:06:10.221645+00:00,89.3,50,bid,FlawlessFlatbreads,EarnestEspressos,3037318
2026-07-01T22:06:11.686999,2026-07-01T22:06:11.699981+00:00,89.4,49,bid,CostlyCorianders,EarnestEspressos,3037344
2026-07-01T22:06:12.133104,2026-07-01T22:06:12.168689+00:00,89.0,3,ask,DiligentDonuts,Kelvin Chan,3037356
2026-07-01T22:06:12.709963,2026-07-01T22:06:12.721623+00:00,89.0,42,ask,DiligentDonuts,CostlyCorianders,3037373
2026-07-01T22:06:13.833389,2026-07-01T22:06:13.844629+00:00,89.3,40,bid,CostlyCorianders,DiligentDonuts,3037390
2026-07-01T22:06:14.222601,2026-07-01T22:06:14.233995+00:00,89.1,2,bid,EarnestEspressos,Kelvin Chan,3037397
2026-07-01T22:06:14.235258,2026-07-01T22:06:14.244300+00:00,89.1,3,ask,EarnestEspressos,Xuanyu Liu,3037398
2026-07-01T22:06:14.276947,2026-07-01T22:06:14.282914+00:00,89.1,2,ask,EarnestEspressos,Kelvin Chan,3037400
2026-07-01T22:06:14.330469,2026-07-01T22:06:14.341692+00:00,89.1,2,ask,EarnestEspressos,Kelvin Chan,3037401
2026-07-01T22:06:15.414827,2026-07-01T22:06:15.421525+00:00,89.1,4,ask,EarnestEspressos,Kelvin Chan,3037428
2026-07-01T22:06:16.537011,2026-07-01T22:06:16.553473+00:00,89.1,137,ask,EarnestEspressos,Chester Au,3037445
2026-07-01T22:06:17.465032,2026-07-01T22:06:17.473086+00:00,88.9,2,bid,Xuanyu Liu,EarnestEspressos,3037459
2026-07-01T22:06:20.197564,2026-07-01T22:06:20.206751+00:00,88.9,1,bid,Xuanyu Liu,EarnestEspressos,3037515
2026-07-01T22:06:20.792483,2026-07-01T22:06:20.803863+00:00,88.8,2,ask,Kelvin Chan,FlawlessFlatbreads,3037531
2026-07-01T22:06:20.792483,2026-07-01T22:06:20.803863+00:00,88.8,48,ask,DiligentDonuts,FlawlessFlatbreads,3037532
2026-07-01T22:06:21.383542,2026-07-01T22:06:21.394235+00:00,88.9,5,ask,Kelvin Chan,CostlyCorianders,3037541
2026-07-01T22:06:21.383542,2026-07-01T22:06:21.394235+00:00,88.8,37,ask,DiligentDonuts,CostlyCorianders,3037542
2026-07-01T22:06:22.036551,2026-07-01T22:06:22.047775+00:00,89.2,40,bid,CostlyCorianders,EarnestEspressos,3037557
2026-07-01T22:06:22.091087,2026-07-01T22:06:22.102516+00:00,88.8,15,ask,DiligentDonuts,CostlyCorianders,3037560
2026-07-01T22:06:22.091087,2026-07-01T22:06:22.102516+00:00,88.7,29,ask,EarnestEspressos,CostlyCorianders,3037561
2026-07-01T22:06:22.901311,2026-07-01T22:06:22.912158+00:00,88.7,50,ask,EarnestEspressos,FlawlessFlatbreads,3037576
2026-07-01T22:06:23.617191,2026-07-01T22:06:23.628589+00:00,89.1,49,bid,CostlyCorianders,DiligentDonuts,3037590
2026-07-01T22:06:25.310652,2026-07-01T22:06:25.322007+00:00,88.6,43,ask,DiligentDonuts,CostlyCorianders,3037627
2026-07-01T22:06:26.950596,2026-07-01T22:06:26.952171+00:00,88.5,45,ask,DiligentDonuts,CostlyCorianders,3037661
2026-07-01T22:06:27.112058,2026-07-01T22:06:27.121945+00:00,88.5,50,ask,DiligentDonuts,FlawlessFlatbreads,3037666
2026-07-01T22:06:27.666441,2026-07-01T22:06:27.674814+00:00,88.8,1,bid,Kelvin Chan,EarnestEspressos,3037669
2026-07-01T22:06:28.000375,2026-07-01T22:06:28.011260+00:00,88.8,1,bid,Kelvin Chan,EarnestEspressos,3037673
2026-07-01T22:06:28.135269,2026-07-01T22:06:28.141406+00:00,88.8,43,bid,CostlyCorianders,EarnestEspressos,3037674
2026-07-01T22:06:28.740371,2026-07-01T22:06:28.746618+00:00,88.7,1,ask,Kelvin Chan,DiligentDonuts,3037689
2026-07-01T22:06:28.835288,2026-07-01T22:06:28.843692+00:00,88.7,1,bid,Kelvin Chan,DiligentDonuts,3037693
2026-07-01T22:06:28.943381,2026-07-01T22:06:28.951896+00:00,88.7,2,bid,Kelvin Chan,DiligentDonuts,3037694
2026-07-01T22:06:28.975111,2026-07-01T22:06:28.986749+00:00,88.7,1,bid,Kelvin Chan,DiligentDonuts,3037695
2026-07-01T22:06:29.005723,2026-07-01T22:06:29.014809+00:00,88.7,1,bid,Kelvin Chan,DiligentDonuts,3037696
2026-07-01T22:06:29.037860,2026-07-01T22:06:29.045013+00:00,88.7,1,bid,Kelvin Chan,DiligentDonuts,3037697
2026-07-01T22:06:29.635313,2026-07-01T22:06:29.644474+00:00,88.7,93,bid,Chester Au,DiligentDonuts,3037706
2026-07-01T22:06:29.666447,2026-07-01T22:06:29.677813+00:00,88.8,44,bid,Chester Au,EarnestEspressos,3037709
2026-07-01T22:06:30.679595,2026-07-01T22:06:30.690998+00:00,89.1,4,bid,CostlyCorianders,Kelvin Chan,3037725
2026-07-01T22:06:30.679595,2026-07-01T22:06:30.690998+00:00,89.4,38,bid,CostlyCorianders,EarnestEspressos,3037726
2026-07-01T22:06:31.323347,2026-07-01T22:06:31.334975+00:00,88.9,50,ask,EarnestEspressos,FlawlessFlatbreads,3037736
2026-07-01T22:06:32.612638,2026-07-01T22:06:32.624212+00:00,88.9,45,ask,EarnestEspressos,CostlyCorianders,3037763
2026-07-01T22:06:33.119815,2026-07-01T22:06:33.131576+00:00,89.2,44,bid,CostlyCorianders,DiligentDonuts,3037767
2026-07-01T22:06:33.435919,2026-07-01T22:06:33.458604+00:00,88.7,50,ask,DiligentDonuts,FlawlessFlatbreads,3037775
2026-07-01T22:06:35.541855,2026-07-01T22:06:35.558599+00:00,88.6,50,ask,DiligentDonuts,FlawlessFlatbreads,3037815
2026-07-01T22:06:37.667776,2026-07-01T22:06:37.679664+00:00,88.7,4,ask,Kelvin Chan,FlawlessFlatbreads,3037856
2026-07-01T22:06:37.667776,2026-07-01T22:06:37.679664+00:00,88.6,46,ask,DiligentDonuts,FlawlessFlatbreads,3037857
2026-07-01T22:06:39.779648,2026-07-01T22:06:39.791281+00:00,88.6,50,ask,EarnestEspressos,FlawlessFlatbreads,3037891
2026-07-01T22:06:41.885174,2026-07-01T22:06:41.896798+00:00,88.6,50,ask,EarnestEspressos,FlawlessFlatbreads,3037939
2026-07-01T22:06:42.775014,2026-07-01T22:06:42.784033+00:00,88.6,2,bid,Xuanyu Liu,EarnestEspressos,3037955
2026-07-01T22:06:43.232490,2026-07-01T22:06:43.241769+00:00,88.6,4,bid,Kelvin Chan,EarnestEspressos,3037963
2026-07-01T22:06:43.538397,2026-07-01T22:06:43.558848+00:00,88.6,4,bid,Kelvin Chan,EarnestEspressos,3037971
2026-07-01T22:06:43.996848,2026-07-01T22:06:44.006986+00:00,88.4,50,ask,DiligentDonuts,FlawlessFlatbreads,3037976
2026-07-01T22:06:44.256959,2026-07-01T22:06:44.268681+00:00,88.6,4,bid,Kelvin Chan,EarnestEspressos,3037979
2026-07-01T22:06:44.473617,2026-07-01T22:06:44.482249+00:00,88.6,4,bid,Kelvin Chan,EarnestEspressos,3037984
2026-07-01T22:06:46.115413,2026-07-01T22:06:46.125067+00:00,88.2,50,ask,DiligentDonuts,FlawlessFlatbreads,3038016
2026-07-01T22:06:47.717322,2026-07-01T22:06:47.724124+00:00,88.5,9,bid,Xuanyu Liu,DiligentDonuts,3038045
2026-07-01T22:06:48.015291,2026-07-01T22:06:48.024187+00:00,88.5,12,bid,Xuanyu Liu,DiligentDonuts,3038053
2026-07-01T22:06:48.222721,2026-07-01T22:06:48.234074+00:00,88.2,50,ask,EarnestEspressos,FlawlessFlatbreads,3038058
2026-07-01T22:06:48.471570,2026-07-01T22:06:48.481084+00:00,88.5,46,bid,CostlyCorianders,DiligentDonuts,3038063
2026-07-01T22:06:50.199317,2026-07-01T22:06:50.210875+00:00,88.1,43,ask,EarnestEspressos,CostlyCorianders,3038089
2026-07-01T22:06:50.333495,2026-07-01T22:06:50.342654+00:00,88.1,50,ask,EarnestEspressos,FlawlessFlatbreads,3038090
2026-07-01T22:06:50.826662,2026-07-01T22:06:50.833010+00:00,88.6,43,bid,CostlyCorianders,EarnestEspressos,3038098
2026-07-01T22:06:52.247543,2026-07-01T22:06:52.263614+00:00,88.2,100,ask,DiligentDonuts,EarnestEspressos,3038128
2026-07-01T22:06:52.264939,2026-07-01T22:06:52.273529+00:00,88.2,9,bid,Xuanyu Liu,EarnestEspressos,3038131
2026-07-01T22:06:52.439349,2026-07-01T22:06:52.448149+00:00,87.7,50,ask,EarnestEspressos,FlawlessFlatbreads,3038133
2026-07-01T22:06:52.470975,2026-07-01T22:06:52.482655+00:00,88.2,41,bid,CostlyCorianders,EarnestEspressos,3038134
2026-07-01T22:06:52.676378,2026-07-01T22:06:52.685681+00:00,88.4,1,ask,Kelvin Chan,Xuanyu Liu,3038137
2026-07-01T22:06:54.051730,2026-07-01T22:06:54.057948+00:00,87.8,40,ask,DiligentDonuts,CostlyCorianders,3038157
2026-07-01T22:06:54.533121,2026-07-01T22:06:54.564496+00:00,87.8,46,ask,DiligentDonuts,CostlyCorianders,3038172
2026-07-01T22:06:54.554799,2026-07-01T22:06:54.564496+00:00,87.8,14,ask,DiligentDonuts,FlawlessFlatbreads,3038173
2026-07-01T22:06:54.554799,2026-07-01T22:06:54.564496+00:00,87.7,36,ask,EarnestEspressos,FlawlessFlatbreads,3038174
2026-07-01T22:06:55.878740,2026-07-01T22:06:55.888547+00:00,88.3,10,bid,Xuanyu Liu,DiligentDonuts,3038197
2026-07-01T22:06:56.666250,2026-07-01T22:06:56.675238+00:00,88.0,50,ask,EarnestEspressos,FlawlessFlatbreads,3038215
2026-07-01T22:06:57.209338,2026-07-01T22:06:57.218496+00:00,88.2,22,bid,Xuanyu Liu,DiligentDonuts,3038224
2026-07-01T22:06:57.770895,2026-07-01T22:06:57.778681+00:00,88.0,1,ask,EarnestEspressos,Xuanyu Liu,3038234
2026-07-01T22:06:58.132399,2026-07-01T22:06:58.144038+00:00,88.0,43,ask,EarnestEspressos,CostlyCorianders,3038240
2026-07-01T22:06:58.778927,2026-07-01T22:06:58.790378+00:00,87.7,50,ask,DiligentDonuts,FlawlessFlatbreads,3038242
2026-07-01T22:07:00.885655,2026-07-01T22:07:00.897008+00:00,87.6,50,ask,EarnestEspressos,FlawlessFlatbreads,3038289
2026-07-01T22:07:00.936288,2026-07-01T22:07:00.958589+00:00,87.9,40,bid,CostlyCorianders,DiligentDonuts,3038292
2026-07-01T22:07:01.114173,2026-07-01T22:07:01.125573+00:00,87.9,20,bid,Xuanyu Liu,DiligentDonuts,3038294
2026-07-01T22:07:01.429857,2026-07-01T22:07:01.437117+00:00,87.9,1,bid,Kelvin Chan,DiligentDonuts,3038307
2026-07-01T22:07:01.895970,2026-07-01T22:07:01.906707+00:00,87.9,1,bid,Kelvin Chan,DiligentDonuts,3038313
2026-07-01T22:07:01.931387,2026-07-01T22:07:01.943007+00:00,87.9,1,bid,Kelvin Chan,DiligentDonuts,3038314
2026-07-01T22:07:02.027170,2026-07-01T22:07:02.037926+00:00,87.9,1,bid,Kelvin Chan,DiligentDonuts,3038316
2026-07-01T22:07:02.109977,2026-07-01T22:07:02.120124+00:00,87.9,1,bid,Kelvin Chan,DiligentDonuts,3038317
2026-07-01T22:07:03.018005,2026-07-01T22:07:03.027031+00:00,87.6,50,ask,EarnestEspressos,FlawlessFlatbreads,3038331
2026-07-01T22:07:03.995783,2026-07-01T22:07:04.004052+00:00,88.0,1,ask,Kelvin Chan,Xuanyu Liu,3038351
2026-07-01T22:07:04.098925,2026-07-01T22:07:04.109547+00:00,88.0,1,ask,Kelvin Chan,Xuanyu Liu,3038360
2026-07-01T22:07:04.259908,2026-07-01T22:07:04.271501+00:00,88.0,1,ask,Kelvin Chan,Xuanyu Liu,3038366
2026-07-01T22:07:04.378232,2026-07-01T22:07:04.386846+00:00,88.0,1,ask,Kelvin Chan,Xuanyu Liu,3038369
2026-07-01T22:07:04.453133,2026-07-01T22:07:04.463829+00:00,88.0,1,ask,Kelvin Chan,Xuanyu Liu,3038371
2026-07-01T22:07:04.514261,2026-07-01T22:07:04.522556+00:00,88.0,1,ask,Kelvin Chan,Xuanyu Liu,3038376
2026-07-01T22:07:04.910612,2026-07-01T22:07:04.920696+00:00,87.8,3,bid,Xuanyu Liu,EarnestEspressos,3038385
2026-07-01T22:07:05.128454,2026-07-01T22:07:05.140692+00:00,87.7,50,ask,DiligentDonuts,FlawlessFlatbreads,3038395
2026-07-01T22:07:06.254247,2026-07-01T22:07:06.268668+00:00,87.8,5,bid,Kelvin Chan,EarnestEspressos,3038418
2026-07-01T22:07:06.370190,2026-07-01T22:07:06.379870+00:00,87.8,10,bid,Xuanyu Liu,EarnestEspressos,3038425
2026-07-01T22:07:06.502987,2026-07-01T22:07:06.513665+00:00,87.8,5,bid,Kelvin Chan,EarnestEspressos,3038428
2026-07-01T22:07:07.042404,2026-07-01T22:07:07.044473+00:00,87.8,5,bid,Kelvin Chan,EarnestEspressos,3038438
2026-07-01T22:07:07.158674,2026-07-01T22:07:07.169375+00:00,87.8,5,bid,Kelvin Chan,EarnestEspressos,3038439
2026-07-01T22:07:07.254471,2026-07-01T22:07:07.269091+00:00,87.7,50,ask,DiligentDonuts,FlawlessFlatbreads,3038441
2026-07-01T22:07:07.262154,2026-07-01T22:07:07.269091+00:00,87.8,5,bid,Kelvin Chan,EarnestEspressos,3038442
2026-07-01T22:07:07.534184,2026-07-01T22:07:07.544908+00:00,87.8,5,bid,Kelvin Chan,EarnestEspressos,3038449
2026-07-01T22:07:08.177809,2026-07-01T22:07:08.189058+00:00,88.0,43,bid,CostlyCorianders,EarnestEspressos,3038458
2026-07-01T22:07:08.653409,2026-07-01T22:07:08.658640+00:00,88.0,42,bid,CostlyCorianders,EarnestEspressos,3038476
2026-07-01T22:07:09.212750,2026-07-01T22:07:09.222131+00:00,87.9,5,ask,Kelvin Chan,Xuanyu Liu,3038486
2026-07-01T22:07:09.310990,2026-07-01T22:07:09.322634+00:00,88.0,50,bid,FlawlessFlatbreads,EarnestEspressos,3038488
2026-07-01T22:07:10.738486,2026-07-01T22:07:10.749778+00:00,87.8,5,ask,Kelvin Chan,CostlyCorianders,3038507
2026-07-01T22:07:10.738486,2026-07-01T22:07:10.749778+00:00,87.5,38,ask,EarnestEspressos,CostlyCorianders,3038508
2026-07-01T22:07:11.170079,2026-07-01T22:07:11.181427+00:00,87.9,100,bid,EarnestEspressos,DiligentDonuts,3038516
2026-07-01T22:07:11.425249,2026-07-01T22:07:11.431811+00:00,88.2,1,bid,FlawlessFlatbreads,Kelvin Chan,3038520
2026-07-01T22:07:11.425249,2026-07-01T22:07:11.437133+00:00,88.4,49,bid,FlawlessFlatbreads,EarnestEspressos,3038521
2026-07-01T22:07:13.534988,2026-07-01T22:07:13.541224+00:00,88.1,1,bid,FlawlessFlatbreads,Kelvin Chan,3038559
2026-07-01T22:07:13.534988,2026-07-01T22:07:13.541224+00:00,88.4,49,bid,FlawlessFlatbreads,EarnestEspressos,3038560
2026-07-01T22:07:14.233737,2026-07-01T22:07:14.242604+00:00,87.9,2,ask,EarnestEspressos,Xuanyu Liu,3038566
2026-07-01T22:07:14.292432,2026-07-01T22:07:14.301073+00:00,88.4,46,bid,CostlyCorianders,DiligentDonuts,3038568
2026-07-01T22:07:14.346376,2026-07-01T22:07:14.358599+00:00,87.9,49,ask,DiligentDonuts,CostlyCorianders,3038569
2026-07-01T22:07:14.703860,2026-07-01T22:07:14.713684+00:00,87.9,11,ask,DiligentDonuts,Xuanyu Liu,3038575
2026-07-01T22:07:15.176936,2026-07-01T22:07:15.187016+00:00,87.9,1,ask,DiligentDonuts,Xuanyu Liu,3038586
2026-07-01T22:07:15.521451,2026-07-01T22:07:15.532901+00:00,88.2,3,bid,CostlyCorianders,Kelvin Chan,3038600
2026-07-01T22:07:15.521451,2026-07-01T22:07:15.532901+00:00,88.4,39,bid,CostlyCorianders,DiligentDonuts,3038601
2026-07-01T22:07:15.643265,2026-07-01T22:07:15.654883+00:00,88.2,2,bid,FlawlessFlatbreads,Kelvin Chan,3038606
2026-07-01T22:07:15.643265,2026-07-01T22:07:15.654883+00:00,88.4,15,bid,FlawlessFlatbreads,DiligentDonuts,3038607
2026-07-01T22:07:15.643265,2026-07-01T22:07:15.654883+00:00,88.4,33,bid,FlawlessFlatbreads,EarnestEspressos,3038608
2026-07-01T22:07:16.968464,2026-07-01T22:07:16.977848+00:00,87.9,1,ask,EarnestEspressos,Xuanyu Liu,3038636
2026-07-01T22:07:17.752715,2026-07-01T22:07:17.769125+00:00,88.2,2,bid,FlawlessFlatbreads,Kelvin Chan,3038646
2026-07-01T22:07:18.359516,2026-07-01T22:07:18.370766+00:00,87.9,12,ask,DiligentDonuts,Xuanyu Liu,3038657
2026-07-01T22:07:19.859370,2026-07-01T22:07:19.870762+00:00,88.2,50,bid,FlawlessFlatbreads,DiligentDonuts,3038694
2026-07-01T22:07:20.780640,2026-07-01T22:07:20.789043+00:00,87.8,1,ask,Kelvin Chan,Xuanyu Liu,3038709
2026-07-01T22:07:22.029201,2026-07-01T22:07:22.058650+00:00,87.8,1,ask,Kelvin Chan,FlawlessFlatbreads,3038733
2026-07-01T22:07:22.029201,2026-07-01T22:07:22.058650+00:00,87.8,49,ask,EarnestEspressos,FlawlessFlatbreads,3038734
2026-07-01T22:07:23.408991,2026-07-01T22:07:23.418490+00:00,87.8,1,ask,EarnestEspressos,Xuanyu Liu,3038779
2026-07-01T22:07:24.086524,2026-07-01T22:07:24.097767+00:00,88.0,50,bid,FlawlessFlatbreads,EarnestEspressos,3038798
2026-07-01T22:07:27.557663,2026-07-01T22:07:27.569126+00:00,87.8,48,ask,DiligentDonuts,CostlyCorianders,3038859
2026-07-01T22:07:28.194355,2026-07-01T22:07:28.204014+00:00,88.2,10,bid,CostlyCorianders,Kelvin Chan,3038867
2026-07-01T22:07:28.194355,2026-07-01T22:07:28.204014+00:00,88.3,30,bid,CostlyCorianders,DiligentDonuts,3038868
2026-07-01T22:07:28.296169,2026-07-01T22:07:28.302533+00:00,88.3,50,bid,FlawlessFlatbreads,DiligentDonuts,3038870
2026-07-01T22:07:28.788910,2026-07-01T22:07:28.802290+00:00,88.0,2,ask,DiligentDonuts,Xuanyu Liu,3038882
2026-07-01T22:07:29.675314,2026-07-01T22:07:29.689287+00:00,88.0,43,ask,DiligentDonuts,CostlyCorianders,3038908
2026-07-01T22:07:30.454325,2026-07-01T22:07:30.469003+00:00,88.0,50,ask,DiligentDonuts,FlawlessFlatbreads,3038921
2026-07-01T22:07:30.490129,2026-07-01T22:07:30.499038+00:00,88.0,1,ask,DiligentDonuts,Xuanyu Liu,3038923
2026-07-01T22:07:33.205395,2026-07-01T22:07:33.214167+00:00,87.9,1,ask,EarnestEspressos,Xuanyu Liu,3038984
2026-07-01T22:07:33.787406,2026-07-01T22:07:33.798734+00:00,88.2,3,bid,CostlyCorianders,Kelvin Chan,3038992
2026-07-01T22:07:33.787406,2026-07-01T22:07:33.798734+00:00,88.3,39,bid,CostlyCorianders,DiligentDonuts,3038993
2026-07-01T22:07:35.540590,2026-07-01T22:07:35.548497+00:00,87.9,48,ask,DiligentDonuts,CostlyCorianders,3039032
2026-07-01T22:07:36.101371,2026-07-01T22:07:36.113345+00:00,88.2,9,bid,CostlyCorianders,Kelvin Chan,3039051
2026-07-01T22:07:36.101371,2026-07-01T22:07:36.113345+00:00,88.3,36,bid,CostlyCorianders,EarnestEspressos,3039052
2026-07-01T22:07:36.493522,2026-07-01T22:07:36.502897+00:00,88.1,1,ask,EarnestEspressos,Xuanyu Liu,3039071
2026-07-01T22:07:36.503903,2026-07-01T22:07:36.512288+00:00,88.1,23,ask,EarnestEspressos,Xuanyu Liu,3039073
2026-07-01T22:07:36.721312,2026-07-01T22:07:36.732869+00:00,88.4,50,bid,FlawlessFlatbreads,DiligentDonuts,3039078
2026-07-01T22:07:38.832499,2026-07-01T22:07:38.841309+00:00,88.4,50,bid,FlawlessFlatbreads,DiligentDonuts,3039110
2026-07-01T22:07:40.940767,2026-07-01T22:07:40.946630+00:00,88.4,50,bid,FlawlessFlatbreads,DiligentDonuts,3039155
2026-07-01T22:07:43.102074,2026-07-01T22:07:43.110209+00:00,87.9,50,ask,DiligentDonuts,FlawlessFlatbreads,3039196
2026-07-01T22:07:44.805273,2026-07-01T22:07:44.813058+00:00,87.8,47,ask,EarnestEspressos,CostlyCorianders,3039230
2026-07-01T22:07:47.003669,2026-07-01T22:07:47.012090+00:00,87.8,2,ask,DiligentDonuts,Xuanyu Liu,3039269
2026-07-01T22:07:47.263229,2026-07-01T22:07:47.274760+00:00,88.1,50,bid,FlawlessFlatbreads,EarnestEspressos,3039282
2026-07-01T22:07:48.547604,2026-07-01T22:07:48.563922+00:00,88.1,41,bid,CostlyCorianders,EarnestEspressos,3039316
2026-07-01T22:07:49.133886,2026-07-01T22:07:49.158620+00:00,87.7,49,ask,DiligentDonuts,CostlyCorianders,3039323
2026-07-01T22:07:49.369609,2026-07-01T22:07:49.379366+00:00,88.2,50,bid,FlawlessFlatbreads,DiligentDonuts,3039329
2026-07-01T22:07:49.634357,2026-07-01T22:07:49.640478+00:00,88.1,49,ask,EarnestEspressos,CostlyCorianders,3039334
2026-07-01T22:07:50.706172,2026-07-01T22:07:50.716042+00:00,88.1,1,ask,EarnestEspressos,Xuanyu Liu,3039362
2026-07-01T22:07:51.186433,2026-07-01T22:07:51.198267+00:00,88.3,3,bid,CostlyCorianders,Kelvin Chan,3039374
2026-07-01T22:07:51.186433,2026-07-01T22:07:51.198267+00:00,88.4,40,bid,CostlyCorianders,DiligentDonuts,3039375
2026-07-01T22:07:51.475971,2026-07-01T22:07:51.484893+00:00,88.4,50,bid,FlawlessFlatbreads,DiligentDonuts,3039386
2026-07-01T22:07:51.775405,2026-07-01T22:07:51.786903+00:00,88.1,43,ask,EarnestEspressos,CostlyCorianders,3039392
2026-07-01T22:07:53.582716,2026-07-01T22:07:53.594043+00:00,88.2,50,bid,FlawlessFlatbreads,EarnestEspressos,3039421
2026-07-01T22:07:55.688920,2026-07-01T22:07:55.700718+00:00,88.3,1,bid,FlawlessFlatbreads,Kelvin Chan,3039467
2026-07-01T22:07:55.688920,2026-07-01T22:07:55.700718+00:00,88.3,49,bid,FlawlessFlatbreads,EarnestEspressos,3039468
2026-07-01T22:07:55.947897,2026-07-01T22:07:55.963624+00:00,88.0,1,ask,Kelvin Chan,Xuanyu Liu,3039478
2026-07-01T22:07:56.325365,2026-07-01T22:07:56.336858+00:00,88.3,41,bid,CostlyCorianders,EarnestEspressos,3039486
2026-07-01T22:07:57.277229,2026-07-01T22:07:57.285890+00:00,88.2,11,ask,DiligentDonuts,Xuanyu Liu,3039511
2026-07-01T22:07:57.291821,2026-07-01T22:07:57.301107+00:00,88.3,44,bid,CostlyCorianders,EarnestEspressos,3039513
2026-07-01T22:07:58.625062,2026-07-01T22:07:58.644690+00:00,88.3,4,bid,EarnestEspressos,Kelvin Chan,3039528
2026-07-01T22:07:58.633832,2026-07-01T22:07:58.644690+00:00,88.5,12,ask,EarnestEspressos,Xuanyu Liu,3039529
2026-07-01T22:08:02.041496,2026-07-01T22:08:02.058603+00:00,88.8,50,bid,FlawlessFlatbreads,DiligentDonuts,3039593
2026-07-01T22:08:02.519511,2026-07-01T22:08:02.528898+00:00,88.6,2,ask,EarnestEspressos,Kelvin Chan,3039599
2026-07-01T22:08:02.884462,2026-07-01T22:08:02.896093+00:00,88.6,1,ask,EarnestEspressos,Kelvin Chan,3039603
2026-07-01T22:08:02.970479,2026-07-01T22:08:02.979427+00:00,88.6,2,ask,EarnestEspressos,Kelvin Chan,3039604
2026-07-01T22:08:03.001072,2026-07-01T22:08:03.012676+00:00,88.6,1,ask,EarnestEspressos,Kelvin Chan,3039606
2026-07-01T22:08:03.038575,2026-07-01T22:08:03.063915+00:00,88.6,2,ask,EarnestEspressos,Kelvin Chan,3039607
2026-07-01T22:08:03.112812,2026-07-01T22:08:03.123875+00:00,88.6,1,ask,EarnestEspressos,Kelvin Chan,3039611
2026-07-01T22:08:03.795626,2026-07-01T22:08:03.806422+00:00,88.6,2,ask,EarnestEspressos,Kelvin Chan,3039628
2026-07-01T22:08:03.926695,2026-07-01T22:08:03.938094+00:00,88.6,2,ask,EarnestEspressos,Kelvin Chan,3039629
2026-07-01T22:08:03.955068,2026-07-01T22:08:03.966420+00:00,88.6,2,ask,EarnestEspressos,Kelvin Chan,3039630
2026-07-01T22:08:03.990039,2026-07-01T22:08:03.998408+00:00,88.6,1,ask,EarnestEspressos,Kelvin Chan,3039634
2026-07-01T22:08:04.025468,2026-07-01T22:08:04.036939+00:00,88.6,2,ask,EarnestEspressos,Kelvin Chan,3039635
2026-07-01T22:08:04.059194,2026-07-01T22:08:04.070870+00:00,88.6,1,ask,EarnestEspressos,Kelvin Chan,3039636
2026-07-01T22:08:04.082403,2026-07-01T22:08:04.090163+00:00,88.6,5,ask,EarnestEspressos,Xuanyu Liu,3039640
2026-07-01T22:08:04.127295,2026-07-01T22:08:04.138165+00:00,88.6,1,ask,EarnestEspressos,Kelvin Chan,3039642
2026-07-01T22:08:04.166226,2026-07-01T22:08:04.179564+00:00,88.8,50,bid,FlawlessFlatbreads,DiligentDonuts,3039644
2026-07-01T22:08:04.177944,2026-07-01T22:08:04.184805+00:00,88.6,2,ask,EarnestEspressos,Kelvin Chan,3039646
2026-07-01T22:08:04.208487,2026-07-01T22:08:04.220064+00:00,88.6,1,ask,EarnestEspressos,Kelvin Chan,3039647
2026-07-01T22:08:04.280689,2026-07-01T22:08:04.287890+00:00,88.6,1,ask,EarnestEspressos,Kelvin Chan,3039652
2026-07-01T22:08:04.474290,2026-07-01T22:08:04.483170+00:00,88.6,46,ask,EarnestEspressos,CostlyCorianders,3039657
2026-07-01T22:08:05.396394,2026-07-01T22:08:05.406342+00:00,88.6,5,bid,Xuanyu Liu,EarnestEspressos,3039676
2026-07-01T22:08:08.441607,2026-07-01T22:08:08.447900+00:00,88.5,50,ask,DiligentDonuts,FlawlessFlatbreads,3039738
2026-07-01T22:08:09.177411,2026-07-01T22:08:09.186339+00:00,88.6,45,bid,CostlyCorianders,EarnestEspressos,3039749
2026-07-01T22:08:09.338386,2026-07-01T22:08:09.347195+00:00,88.5,5,ask,DiligentDonuts,Xuanyu Liu,3039760
2026-07-01T22:08:10.564583,2026-07-01T22:08:10.574205+00:00,88.4,50,ask,DiligentDonuts,FlawlessFlatbreads,3039788
2026-07-01T22:08:12.686208,2026-07-01T22:08:12.697741+00:00,88.4,50,ask,DiligentDonuts,FlawlessFlatbreads,3039838
2026-07-01T22:08:13.133948,2026-07-01T22:08:13.145950+00:00,88.6,5,bid,Xuanyu Liu,DiligentDonuts,3039842
2026-07-01T22:08:14.743886,2026-07-01T22:08:14.763872+00:00,88.5,40,ask,EarnestEspressos,CostlyCorianders,3039879
2026-07-01T22:08:16.285424,2026-07-01T22:08:16.295353+00:00,88.5,100,ask,EarnestEspressos,DiligentDonuts,3039919
2026-07-01T22:08:17.662723,2026-07-01T22:08:17.673392+00:00,88.4,2,ask,Kelvin Chan,EarnestEspressos,3039940
2026-07-01T22:08:17.675548,2026-07-01T22:08:17.688544+00:00,88.2,1,bid,Xuanyu Liu,EarnestEspressos,3039942
2026-07-01T22:08:17.789985,2026-07-01T22:08:17.797017+00:00,88.2,41,bid,CostlyCorianders,EarnestEspressos,3039946
2026-07-01T22:08:18.087765,2026-07-01T22:08:18.105221+00:00,88.2,11,bid,Xuanyu Liu,EarnestEspressos,3039957
2026-07-01T22:08:19.393859,2026-07-01T22:08:19.405310+00:00,88.2,95,bid,DiligentDonuts,EarnestEspressos,3039979
2026-07-01T22:08:19.459538,2026-07-01T22:08:19.469373+00:00,88.5,5,ask,DiligentDonuts,Xuanyu Liu,3039980
2026-07-01T22:08:20.787372,2026-07-01T22:08:20.797001+00:00,88.3,7,ask,EarnestEspressos,Xuanyu Liu,3040009
2026-07-01T22:08:21.139615,2026-07-01T22:08:21.163947+00:00,88.3,50,ask,EarnestEspressos,FlawlessFlatbreads,3040024
2026-07-01T22:08:23.194195,2026-07-01T22:08:23.205784+00:00,88.6,4,bid,FlawlessFlatbreads,Kelvin Chan,3040088
2026-07-01T22:08:23.194195,2026-07-01T22:08:23.205784+00:00,88.7,46,bid,FlawlessFlatbreads,DiligentDonuts,3040089
2026-07-01T22:08:24.562842,2026-07-01T22:08:24.574395+00:00,88.3,45,ask,EarnestEspressos,CostlyCorianders,3040117
2026-07-01T22:08:25.077291,2026-07-01T22:08:25.088908+00:00,88.7,48,bid,CostlyCorianders,DiligentDonuts,3040124
2026-07-01T22:08:25.303113,2026-07-01T22:08:25.314575+00:00,88.7,6,bid,FlawlessFlatbreads,Kelvin Chan,3040131
2026-07-01T22:08:25.303113,2026-07-01T22:08:25.314575+00:00,88.7,6,bid,FlawlessFlatbreads,DiligentDonuts,3040132
2026-07-01T22:08:25.303113,2026-07-01T22:08:25.314575+00:00,88.8,38,bid,FlawlessFlatbreads,EarnestEspressos,3040133
2026-07-01T22:08:25.641516,2026-07-01T22:08:25.647846+00:00,88.3,48,ask,EarnestEspressos,CostlyCorianders,3040143
2026-07-01T22:08:26.686257,2026-07-01T22:08:26.697507+00:00,88.8,40,bid,CostlyCorianders,EarnestEspressos,3040157
2026-07-01T22:08:27.412262,2026-07-01T22:08:27.423847+00:00,88.7,50,bid,FlawlessFlatbreads,EarnestEspressos,3040166
2026-07-01T22:08:28.922924,2026-07-01T22:08:28.931550+00:00,88.6,46,ask,DiligentDonuts,CostlyCorianders,3040186
2026-07-01T22:08:29.595903,2026-07-01T22:08:29.606106+00:00,88.6,50,ask,DiligentDonuts,FlawlessFlatbreads,3040196
2026-07-01T22:08:29.912807,2026-07-01T22:08:29.924123+00:00,88.7,40,bid,CostlyCorianders,EarnestEspressos,3040206
2026-07-01T22:08:31.717174,2026-07-01T22:08:31.727807+00:00,88.8,6,ask,EarnestEspressos,Kelvin Chan,3040234
2026-07-01T22:08:32.176281,2026-07-01T22:08:32.186596+00:00,88.8,6,ask,EarnestEspressos,Kelvin Chan,3040242
2026-07-01T22:08:33.674317,2026-07-01T22:08:33.685763+00:00,88.6,45,ask,EarnestEspressos,CostlyCorianders,3040271
2026-07-01T22:08:33.761860,2026-07-01T22:08:33.773376+00:00,89.0,50,bid,FlawlessFlatbreads,DiligentDonuts,3040273
2026-07-01T22:08:35.182514,2026-07-01T22:08:35.189688+00:00,88.6,48,ask,EarnestEspressos,CostlyCorianders,3040302
2026-07-01T22:08:36.630802,2026-07-01T22:08:36.639384+00:00,88.6,100,ask,DiligentDonuts,EarnestEspressos,3040342
2026-07-01T22:08:38.224020,2026-07-01T22:08:38.235273+00:00,88.6,43,bid,CostlyCorianders,EarnestEspressos,3040370
2026-07-01T22:08:39.741070,2026-07-01T22:08:39.758543+00:00,88.9,4,bid,EarnestEspressos,Kelvin Chan,3040422
2026-07-01T22:08:39.741070,2026-07-01T22:08:39.758543+00:00,88.9,100,bid,EarnestEspressos,DiligentDonuts,3040423
2026-07-01T22:08:40.128181,2026-07-01T22:08:40.139966+00:00,88.9,46,ask,EarnestEspressos,FlawlessFlatbreads,3040428
2026-07-01T22:08:40.128181,2026-07-01T22:08:40.139966+00:00,88.4,4,ask,DiligentDonuts,FlawlessFlatbreads,3040429
2026-07-01T22:08:42.971337,2026-07-01T22:08:42.982566+00:00,88.8,48,ask,DiligentDonuts,CostlyCorianders,3040478
2026-07-01T22:08:42.975134,2026-07-01T22:08:42.982566+00:00,88.8,52,ask,DiligentDonuts,EarnestEspressos,3040479
2026-07-01T22:08:44.290578,2026-07-01T22:08:44.299849+00:00,88.8,50,bid,FlawlessFlatbreads,EarnestEspressos,3040513
2026-07-01T22:08:47.772937,2026-07-01T22:08:47.785260+00:00,88.9,1,bid,CostlyCorianders,Kelvin Chan,3040594
2026-07-01T22:08:47.772937,2026-07-01T22:08:47.785260+00:00,88.9,47,bid,CostlyCorianders,DiligentDonuts,3040595
2026-07-01T22:08:48.502364,2026-07-01T22:08:48.509813+00:00,89.0,50,bid,FlawlessFlatbreads,DiligentDonuts,3040606
2026-07-01T22:08:49.837240,2026-07-01T22:08:49.848768+00:00,89.0,40,bid,CostlyCorianders,DiligentDonuts,3040639
2026-07-01T22:08:49.893364,2026-07-01T22:08:49.904227+00:00,88.7,2,ask,Kelvin Chan,CostlyCorianders,3040640
2026-07-01T22:08:49.893364,2026-07-01T22:08:49.904227+00:00,88.7,42,ask,EarnestEspressos,CostlyCorianders,3040641
2026-07-01T22:08:50.612682,2026-07-01T22:08:50.624208+00:00,89.0,10,bid,FlawlessFlatbreads,DiligentDonuts,3040662
2026-07-01T22:08:50.612682,2026-07-01T22:08:50.624208+00:00,89.0,1,bid,FlawlessFlatbreads,Kelvin Chan,3040663
2026-07-01T22:08:52.777202,2026-07-01T22:08:52.788049+00:00,88.9,50,ask,DiligentDonuts,FlawlessFlatbreads,3040697
2026-07-01T22:08:54.223075,2026-07-01T22:08:54.230527+00:00,88.7,4,ask,Kelvin Chan,CostlyCorianders,3040723
2026-07-01T22:08:54.223075,2026-07-01T22:08:54.235476+00:00,88.6,40,ask,EarnestEspressos,CostlyCorianders,3040724
2026-07-01T22:08:54.688899,2026-07-01T22:08:54.700229+00:00,89.1,44,bid,CostlyCorianders,EarnestEspressos,3040734
2026-07-01T22:08:54.832654,2026-07-01T22:08:54.844233+00:00,89.1,50,bid,FlawlessFlatbreads,EarnestEspressos,3040735
2026-07-01T22:08:55.767068,2026-07-01T22:08:55.778672+00:00,88.8,5,ask,Kelvin Chan,CostlyCorianders,3040757
2026-07-01T22:08:55.767068,2026-07-01T22:08:55.778672+00:00,88.7,44,ask,EarnestEspressos,CostlyCorianders,3040758
2026-07-01T22:08:56.939654,2026-07-01T22:08:56.948505+00:00,89.1,50,bid,FlawlessFlatbreads,DiligentDonuts,3040777
2026-07-01T22:08:59.099910,2026-07-01T22:08:59.109597+00:00,88.9,50,ask,DiligentDonuts,FlawlessFlatbreads,3040810
2026-07-01T22:09:00.036606,2026-07-01T22:09:00.047927+00:00,89.1,1,bid,CostlyCorianders,Kelvin Chan,3040834
2026-07-01T22:09:00.036606,2026-07-01T22:09:00.047927+00:00,89.1,41,bid,CostlyCorianders,EarnestEspressos,3040835
2026-07-01T22:09:00.666533,2026-07-01T22:09:00.678069+00:00,88.8,4,ask,Kelvin Chan,CostlyCorianders,3040842
2026-07-01T22:09:00.666533,2026-07-01T22:09:00.678069+00:00,88.8,43,ask,DiligentDonuts,CostlyCorianders,3040843
2026-07-01T22:09:02.745216,2026-07-01T22:09:02.763790+00:00,89.1,2,bid,CostlyCorianders,Kelvin Chan,3040880
2026-07-01T22:09:02.745216,2026-07-01T22:09:02.763790+00:00,89.1,45,bid,CostlyCorianders,EarnestEspressos,3040881
2026-07-01T22:09:03.258818,2026-07-01T22:09:03.270473+00:00,89.1,50,bid,FlawlessFlatbreads,EarnestEspressos,3040890
2026-07-01T22:09:05.066147,2026-07-01T22:09:05.074199+00:00,89.1,2,bid,EarnestEspressos,Kelvin Chan,3040917
2026-07-01T22:09:05.066147,2026-07-01T22:09:05.074199+00:00,89.1,100,bid,EarnestEspressos,DiligentDonuts,3040918
2026-07-01T22:09:05.134430,2026-07-01T22:09:05.143302+00:00,89.3,16,ask,EarnestEspressos,Xuanyu Liu,3040920
2026-07-01T22:09:05.207093,2026-07-01T22:09:05.214854+00:00,89.3,5,ask,EarnestEspressos,Kelvin Chan,3040923
2026-07-01T22:09:05.368197,2026-07-01T22:09:05.378697+00:00,89.8,50,bid,FlawlessFlatbreads,EarnestEspressos,3040924
2026-07-01T22:09:06.032864,2026-07-01T22:09:06.058625+00:00,89.3,4,ask,EarnestEspressos,Kelvin Chan,3040936
2026-07-01T22:09:06.187695,2026-07-01T22:09:06.197412+00:00,89.3,4,ask,EarnestEspressos,Kelvin Chan,3040938
2026-07-01T22:09:06.290112,2026-07-01T22:09:06.299551+00:00,89.3,3,ask,EarnestEspressos,Kelvin Chan,3040939
2026-07-01T22:09:06.362348,2026-07-01T22:09:06.369126+00:00,89.3,3,ask,EarnestEspressos,Kelvin Chan,3040942
2026-07-01T22:09:07.055527,2026-07-01T22:09:07.066405+00:00,89.3,2,ask,EarnestEspressos,Kelvin Chan,3040950
2026-07-01T22:09:07.059898,2026-07-01T22:09:07.071658+00:00,89.4,46,bid,CostlyCorianders,DiligentDonuts,3040951
2026-07-01T22:09:07.080936,2026-07-01T22:09:07.092148+00:00,89.3,2,ask,EarnestEspressos,Kelvin Chan,3040952
2026-07-01T22:09:07.148214,2026-07-01T22:09:07.142754+00:00,89.3,1,ask,EarnestEspressos,Kelvin Chan,3040956
2026-07-01T22:09:07.475596,2026-07-01T22:09:07.487222+00:00,89.4,50,bid,FlawlessFlatbreads,DiligentDonuts,3040959
2026-07-01T22:09:08.022631,2026-07-01T22:09:08.029390+00:00,89.3,8,ask,EarnestEspressos,CostlyCorianders,3040961
2026-07-01T22:09:08.022631,2026-07-01T22:09:08.034668+00:00,88.9,37,ask,DiligentDonuts,CostlyCorianders,3040962
2026-07-01T22:09:09.583302,2026-07-01T22:09:09.590098+00:00,89.4,4,bid,FlawlessFlatbreads,DiligentDonuts,3040984
2026-07-01T22:09:09.583302,2026-07-01T22:09:09.595434+00:00,89.4,46,bid,FlawlessFlatbreads,EarnestEspressos,3040985
2026-07-01T22:09:11.692642,2026-07-01T22:09:11.704227+00:00,89.6,50,bid,FlawlessFlatbreads,EarnestEspressos,3041009
2026-07-01T22:09:11.798866,2026-07-01T22:09:11.810520+00:00,89.2,46,ask,DiligentDonuts,CostlyCorianders,3041010
2026-07-01T22:09:13.800047,2026-07-01T22:09:13.811178+00:00,89.6,50,bid,FlawlessFlatbreads,EarnestEspressos,3041044
2026-07-01T22:09:14.150583,2026-07-01T22:09:14.163605+00:00,89.6,42,bid,CostlyCorianders,EarnestEspressos,3041048
2026-07-01T22:09:14.553669,2026-07-01T22:09:14.563999+00:00,89.6,100,bid,EarnestEspressos,DiligentDonuts,3041054
2026-07-01T22:09:14.610241,2026-07-01T22:09:14.617940+00:00,89.8,50,ask,EarnestEspressos,Chester Au,3041056
2026-07-01T22:09:15.905800,2026-07-01T22:09:15.917391+00:00,90.3,50,bid,FlawlessFlatbreads,EarnestEspressos,3041077
2026-07-01T22:09:17.559749,2026-07-01T22:09:17.568137+00:00,89.7,21,ask,DiligentDonuts,Xuanyu Liu,3041108
2026-07-01T22:09:18.039399,2026-07-01T22:09:18.043645+00:00,89.9,50,bid,FlawlessFlatbreads,EarnestEspressos,3041116
2026-07-01T22:09:19.677757,2026-07-01T22:09:19.684758+00:00,89.5,41,ask,DiligentDonuts,CostlyCorianders,3041141
2026-07-01T22:09:20.198290,2026-07-01T22:09:20.209741+00:00,89.5,50,ask,DiligentDonuts,FlawlessFlatbreads,3041149
2026-07-01T22:09:22.276733,2026-07-01T22:09:22.284935+00:00,90.0,50,bid,FlawlessFlatbreads,DiligentDonuts,3041190
2026-07-01T22:09:22.672405,2026-07-01T22:09:22.685544+00:00,89.6,44,ask,EarnestEspressos,CostlyCorianders,3041192
2026-07-01T22:09:24.447503,2026-07-01T22:09:24.469003+00:00,89.5,3,ask,Kelvin Chan,FlawlessFlatbreads,3041231
2026-07-01T22:09:24.447503,2026-07-01T22:09:24.469003+00:00,89.4,47,ask,EarnestEspressos,FlawlessFlatbreads,3041232
2026-07-01T22:09:26.566263,2026-07-01T22:09:26.577156+00:00,89.6,5,ask,Kelvin Chan,FlawlessFlatbreads,3041277
2026-07-01T22:09:26.566263,2026-07-01T22:09:26.577156+00:00,89.4,45,ask,EarnestEspressos,FlawlessFlatbreads,3041278
2026-07-01T22:09:27.266780,2026-07-01T22:09:27.274490+00:00,89.7,41,bid,CostlyCorianders,EarnestEspressos,3041299
2026-07-01T22:09:28.065063,2026-07-01T22:09:28.074314+00:00,89.7,14,bid,Xuanyu Liu,EarnestEspressos,3041314
2026-07-01T22:09:28.284968,2026-07-01T22:09:28.295674+00:00,89.7,1,bid,Xuanyu Liu,EarnestEspressos,3041319
2026-07-01T22:09:28.679153,2026-07-01T22:09:28.688732+00:00,89.4,50,ask,DiligentDonuts,FlawlessFlatbreads,3041334
2026-07-01T22:09:30.797988,2026-07-01T22:09:30.805333+00:00,89.4,50,ask,DiligentDonuts,FlawlessFlatbreads,3041383
2026-07-01T22:09:32.595171,2026-07-01T22:09:32.606438+00:00,89.9,42,bid,CostlyCorianders,EarnestEspressos,3041427
2026-07-01T22:09:32.903731,2026-07-01T22:09:32.915551+00:00,89.5,50,ask,DiligentDonuts,FlawlessFlatbreads,3041431
2026-07-01T22:09:34.107213,2026-07-01T22:09:34.118831+00:00,89.7,41,ask,EarnestEspressos,CostlyCorianders,3041459
2026-07-01T22:09:35.042161,2026-07-01T22:09:35.034582+00:00,89.7,50,ask,EarnestEspressos,FlawlessFlatbreads,3041478
2026-07-01T22:09:35.391938,2026-07-01T22:09:35.403440+00:00,89.7,59,ask,EarnestEspressos,DiligentDonuts,3041481
2026-07-01T22:09:35.404794,2026-07-01T22:09:35.413853+00:00,89.7,12,bid,Xuanyu Liu,DiligentDonuts,3041482
2026-07-01T22:09:35.691183,2026-07-01T22:09:35.702725+00:00,89.7,29,bid,CostlyCorianders,DiligentDonuts,3041487
2026-07-01T22:09:35.691183,2026-07-01T22:09:35.702725+00:00,90.2,17,bid,CostlyCorianders,EarnestEspressos,3041488
2026-07-01T22:09:37.098675,2026-07-01T22:09:37.110214+00:00,89.7,50,bid,FlawlessFlatbreads,EarnestEspressos,3041510
2026-07-01T22:09:38.791149,2026-07-01T22:09:38.801348+00:00,89.7,10,bid,Xuanyu Liu,EarnestEspressos,3041539
2026-07-01T22:09:38.794134,2026-07-01T22:09:38.801348+00:00,89.7,50,bid,Chester Au,EarnestEspressos,3041540
2026-07-01T22:09:39.207277,2026-07-01T22:09:39.222318+00:00,89.7,40,bid,FlawlessFlatbreads,EarnestEspressos,3041549
2026-07-01T22:09:39.865218,2026-07-01T22:09:39.873379+00:00,89.9,3,ask,EarnestEspressos,Xuanyu Liu,3041563
2026-07-01T22:09:39.874861,2026-07-01T22:09:39.882850+00:00,89.9,7,ask,EarnestEspressos,Xuanyu Liu,3041565
2026-07-01T22:09:39.927826,2026-07-01T22:09:39.938666+00:00,89.9,1,ask,EarnestEspressos,Kelvin Chan,3041567
2026-07-01T22:09:41.313363,2026-07-01T22:09:41.324720+00:00,90.0,50,bid,FlawlessFlatbreads,DiligentDonuts,3041593
2026-07-01T22:09:42.505924,2026-07-01T22:09:42.514416+00:00,89.9,11,ask,EarnestEspressos,Xuanyu Liu,3041622
2026-07-01T22:09:43.419822,2026-07-01T22:09:43.431568+00:00,90.2,50,bid,FlawlessFlatbreads,DiligentDonuts,3041635
2026-07-01T22:09:43.853399,2026-07-01T22:09:43.858612+00:00,89.7,48,ask,DiligentDonuts,CostlyCorianders,3041648
2026-07-01T22:09:45.159513,2026-07-01T22:09:45.167973+00:00,90.0,1,bid,Xuanyu Liu,Kelvin Chan,3041663
2026-07-01T22:09:45.535108,2026-07-01T22:09:45.558564+00:00,90.1,50,bid,FlawlessFlatbreads,DiligentDonuts,3041672
2026-07-01T22:09:46.982303,2026-07-01T22:09:46.989521+00:00,90.1,45,bid,CostlyCorianders,DiligentDonuts,3041695
2026-07-01T22:09:47.642277,2026-07-01T22:09:47.658829+00:00,90.1,5,bid,FlawlessFlatbreads,DiligentDonuts,3041700
2026-07-01T22:09:47.642277,2026-07-01T22:09:47.664062+00:00,90.4,45,bid,FlawlessFlatbreads,EarnestEspressos,3041701
2026-07-01T22:09:49.752602,2026-07-01T22:09:49.764057+00:00,90.4,50,bid,FlawlessFlatbreads,DiligentDonuts,3041756
2026-07-01T22:09:51.159648,2026-07-01T22:09:51.166005+00:00,90.3,2,ask,DiligentDonuts,Chester Au,3041778
2026-07-01T22:09:51.165756,2026-07-01T22:09:51.178211+00:00,90.3,2,ask,DiligentDonuts,Xuanyu Liu,3041779
2026-07-01T22:09:51.168961,2026-07-01T22:09:51.178211+00:00,90.3,9,ask,DiligentDonuts,Xuanyu Liu,3041780
2026-07-01T22:09:51.680671,2026-07-01T22:09:51.690239+00:00,90.3,22,ask,DiligentDonuts,Xuanyu Liu,3041795
2026-07-01T22:09:51.683702,2026-07-01T22:09:51.690239+00:00,90.3,65,ask,DiligentDonuts,Chester Au,3041796
2026-07-01T22:09:52.501548,2026-07-01T22:09:52.510397+00:00,90.0,5,ask,Kelvin Chan,CostlyCorianders,3041812
2026-07-01T22:09:52.501548,2026-07-01T22:09:52.510397+00:00,90.0,39,ask,EarnestEspressos,CostlyCorianders,3041813
2026-07-01T22:09:53.674971,2026-07-01T22:09:53.686335+00:00,90.0,45,ask,EarnestEspressos,CostlyCorianders,3041844
2026-07-01T22:09:55.635695,2026-07-01T22:09:55.642104+00:00,90.5,44,bid,CostlyCorianders,DiligentDonuts,3041884
2026-07-01T22:09:55.728864,2026-07-01T22:09:55.738165+00:00,90.2,1,bid,Xuanyu Liu,EarnestEspressos,3041892
2026-07-01T22:09:56.066476,2026-07-01T22:09:56.075353+00:00,90.2,50,bid,FlawlessFlatbreads,EarnestEspressos,3041897
2026-07-01T22:09:56.175343,2026-07-01T22:09:56.183860+00:00,90.2,11,bid,Xuanyu Liu,EarnestEspressos,3041899
2026-07-01T22:09:56.927369,2026-07-01T22:09:56.935036+00:00,90.2,12,bid,Xuanyu Liu,EarnestEspressos,3041911
2026-07-01T22:09:57.479463,2026-07-01T22:09:57.490963+00:00,90.2,76,bid,DiligentDonuts,EarnestEspressos,3041922
2026-07-01T22:09:58.749763,2026-07-01T22:09:58.758586+00:00,90.7,40,bid,CostlyCorianders,DiligentDonuts,3041946
2026-07-01T22:09:58.833205,2026-07-01T22:09:58.845555+00:00,90.4,12,ask,EarnestEspressos,Xuanyu Liu,3041948
2026-07-01T22:09:58.836795,2026-07-01T22:09:58.845555+00:00,90.4,133,ask,EarnestEspressos,Chester Au,3041949
2026-07-01T22:10:00.286176,2026-07-01T22:10:00.297658+00:00,90.7,50,bid,FlawlessFlatbreads,DiligentDonuts,3041984
2026-07-01T22:10:00.800347,2026-07-01T22:10:00.811194+00:00,90.4,5,ask,EarnestEspressos,CostlyCorianders,3041997
2026-07-01T22:10:00.800347,2026-07-01T22:10:00.811194+00:00,90.4,43,ask,DiligentDonuts,CostlyCorianders,3041998
2026-07-01T22:10:02.447119,2026-07-01T22:10:02.455818+00:00,90.4,50,ask,DiligentDonuts,FlawlessFlatbreads,3042023
2026-07-01T22:10:04.502805,2026-07-01T22:10:04.514449+00:00,90.6,50,bid,FlawlessFlatbreads,DiligentDonuts,3042067
2026-07-01T22:10:06.135046,2026-07-01T22:10:06.143592+00:00,90.6,41,bid,CostlyCorianders,DiligentDonuts,3042110
2026-07-01T22:10:06.660354,2026-07-01T22:10:06.671266+00:00,90.2,5,ask,Kelvin Chan,FlawlessFlatbreads,3042118
2026-07-01T22:10:06.660354,2026-07-01T22:10:06.671266+00:00,90.1,45,ask,DiligentDonuts,FlawlessFlatbreads,3042119
2026-07-01T22:10:07.277997,2026-07-01T22:10:07.289339+00:00,90.2,5,ask,Kelvin Chan,CostlyCorianders,3042130
2026-07-01T22:10:07.277997,2026-07-01T22:10:07.289339+00:00,90.2,36,ask,DiligentDonuts,CostlyCorianders,3042131
2026-07-01T22:10:08.767674,2026-07-01T22:10:08.774303+00:00,90.2,50,ask,DiligentDonuts,FlawlessFlatbreads,3042153
2026-07-01T22:10:10.077020,2026-07-01T22:10:10.110926+00:00,90.3,3,bid,Xuanyu Liu,EarnestEspressos,3042171
2026-07-01T22:10:10.362833,2026-07-01T22:10:10.374240+00:00,90.3,43,bid,CostlyCorianders,EarnestEspressos,3042178
2026-07-01T22:10:10.874888,2026-07-01T22:10:10.885901+00:00,90.2,4,ask,Kelvin Chan,FlawlessFlatbreads,3042186
2026-07-01T22:10:10.874888,2026-07-01T22:10:10.885901+00:00,89.9,46,ask,DiligentDonuts,FlawlessFlatbreads,3042187
2026-07-01T22:10:12.808639,2026-07-01T22:10:12.819632+00:00,90.1,49,ask,EarnestEspressos,CostlyCorianders,3042209
2026-07-01T22:10:13.359427,2026-07-01T22:10:13.368147+00:00,90.3,11,bid,Xuanyu Liu,DiligentDonuts,3042221
2026-07-01T22:10:15.085950,2026-07-01T22:10:15.104899+00:00,90.3,12,bid,Xuanyu Liu,DiligentDonuts,3042249
2026-07-01T22:10:15.090735,2026-07-01T22:10:15.104899+00:00,90.2,4,ask,Kelvin Chan,FlawlessFlatbreads,3042250
2026-07-01T22:10:15.090735,2026-07-01T22:10:15.104899+00:00,90.0,46,ask,EarnestEspressos,FlawlessFlatbreads,3042251
2026-07-01T22:10:16.501260,2026-07-01T22:10:16.512520+00:00,90.2,4,ask,Kelvin Chan,DiligentDonuts,3042274
2026-07-01T22:10:16.580707,2026-07-01T22:10:16.587830+00:00,90.2,4,bid,Kelvin Chan,DiligentDonuts,3042275
2026-07-01T22:10:16.622549,2026-07-01T22:10:16.634673+00:00,90.2,92,bid,Chester Au,DiligentDonuts,3042281
2026-07-01T22:10:17.114105,2026-07-01T22:10:17.125450+00:00,90.5,1,bid,CostlyCorianders,Kelvin Chan,3042300
2026-07-01T22:10:17.114105,2026-07-01T22:10:17.125450+00:00,90.5,39,bid,CostlyCorianders,EarnestEspressos,3042301
2026-07-01T22:10:17.198295,2026-07-01T22:10:17.209892+00:00,90.2,4,ask,Kelvin Chan,FlawlessFlatbreads,3042302
2026-07-01T22:10:17.198295,2026-07-01T22:10:17.209892+00:00,90.0,46,ask,EarnestEspressos,FlawlessFlatbreads,3042303
2026-07-01T22:10:19.317760,2026-07-01T22:10:19.329025+00:00,89.9,50,ask,EarnestEspressos,FlawlessFlatbreads,3042339
2026-07-01T22:10:21.034762,2026-07-01T22:10:21.064164+00:00,90.1,100,ask,DiligentDonuts,EarnestEspressos,3042374
2026-07-01T22:10:21.059467,2026-07-01T22:10:21.064164+00:00,90.1,11,bid,Xuanyu Liu,EarnestEspressos,3042375
2026-07-01T22:10:21.426776,2026-07-01T22:10:21.433340+00:00,89.6,50,ask,EarnestEspressos,FlawlessFlatbreads,3042383
2026-07-01T22:10:21.775708,2026-07-01T22:10:21.787113+00:00,90.1,39,bid,CostlyCorianders,EarnestEspressos,3042388
2026-07-01T22:10:21.775708,2026-07-01T22:10:21.787113+00:00,90.4,3,bid,CostlyCorianders,Kelvin Chan,3042389
2026-07-01T22:10:21.775708,2026-07-01T22:10:21.787113+00:00,90.6,7,bid,CostlyCorianders,DiligentDonuts,3042390
2026-07-01T22:10:24.012460,2026-07-01T22:10:24.024027+00:00,90.1,3,ask,Kelvin Chan,CostlyCorianders,3042424
2026-07-01T22:10:24.012460,2026-07-01T22:10:24.024027+00:00,89.8,41,ask,DiligentDonuts,CostlyCorianders,3042425
2026-07-01T22:10:25.772203,2026-07-01T22:10:25.778617+00:00,90.3,42,bid,CostlyCorianders,DiligentDonuts,3042455
2026-07-01T22:10:26.797557,2026-07-01T22:10:26.809279+00:00,90.1,1,ask,Kelvin Chan,CostlyCorianders,3042477
2026-07-01T22:10:26.797557,2026-07-01T22:10:26.809279+00:00,90.0,46,ask,EarnestEspressos,CostlyCorianders,3042478
2026-07-01T22:10:27.747222,2026-07-01T22:10:27.758441+00:00,90.0,50,ask,DiligentDonuts,FlawlessFlatbreads,3042511
2026-07-01T22:10:29.856092,2026-07-01T22:10:29.863614+00:00,90.1,4,ask,Kelvin Chan,FlawlessFlatbreads,3042559
2026-07-01T22:10:29.856092,2026-07-01T22:10:29.868847+00:00,89.8,46,ask,EarnestEspressos,FlawlessFlatbreads,3042560
2026-07-01T22:10:30.556681,2026-07-01T22:10:30.568477+00:00,89.8,49,ask,DiligentDonuts,CostlyCorianders,3042568
2026-07-01T22:10:30.838206,2026-07-01T22:10:30.849258+00:00,89.9,108,bid,Chester Au,EarnestEspressos,3042581
2026-07-01T22:10:30.838301,2026-07-01T22:10:30.849258+00:00,89.9,4,bid,Xuanyu Liu,EarnestEspressos,3042582
2026-07-01T22:10:31.033513,2026-07-01T22:10:31.042968+00:00,89.9,3,bid,Kelvin Chan,EarnestEspressos,3042589
2026-07-01T22:10:31.963955,2026-07-01T22:10:31.975253+00:00,89.8,50,ask,DiligentDonuts,FlawlessFlatbreads,3042607
2026-07-01T22:10:32.064457,2026-07-01T22:10:32.074474+00:00,89.9,35,bid,CostlyCorianders,EarnestEspressos,3042609
2026-07-01T22:10:32.064457,2026-07-01T22:10:32.074474+00:00,90.3,5,bid,CostlyCorianders,DiligentDonuts,3042610
2026-07-01T22:10:33.600805,2026-07-01T22:10:33.612163+00:00,89.9,48,bid,CostlyCorianders,DiligentDonuts,3042639
2026-07-01T22:10:33.631585,2026-07-01T22:10:33.638072+00:00,89.9,52,bid,EarnestEspressos,DiligentDonuts,3042640
2026-07-01T22:10:33.656998,2026-07-01T22:10:33.668367+00:00,90.0,41,ask,EarnestEspressos,CostlyCorianders,3042641
2026-07-01T22:10:34.071400,2026-07-01T22:10:34.082898+00:00,90.0,50,ask,EarnestEspressos,FlawlessFlatbreads,3042652
2026-07-01T22:10:34.165836,2026-07-01T22:10:34.174018+00:00,90.0,7,ask,EarnestEspressos,CostlyCorianders,3042655
2026-07-01T22:10:35.757673,2026-07-01T22:10:35.764540+00:00,90.2,46,bid,CostlyCorianders,DiligentDonuts,3042687
2026-07-01T22:10:36.182937,2026-07-01T22:10:36.191033+00:00,89.7,50,ask,DiligentDonuts,FlawlessFlatbreads,3042688
2026-07-01T22:10:36.855221,2026-07-01T22:10:36.866793+00:00,89.9,3,ask,Kelvin Chan,EarnestEspressos,3042697
2026-07-01T22:10:36.883379,2026-07-01T22:10:36.893771+00:00,89.9,3,bid,Kelvin Chan,EarnestEspressos,3042698
2026-07-01T22:10:37.119751,2026-07-01T22:10:37.129042+00:00,89.9,2,bid,Kelvin Chan,EarnestEspressos,3042704
2026-07-01T22:10:37.289977,2026-07-01T22:10:37.297177+00:00,89.7,40,ask,DiligentDonuts,CostlyCorianders,3042707
2026-07-01T22:10:37.561347,2026-07-01T22:10:37.569056+00:00,89.9,4,bid,Kelvin Chan,EarnestEspressos,3042711
2026-07-01T22:10:38.287968,2026-07-01T22:10:38.295127+00:00,89.7,10,ask,DiligentDonuts,FlawlessFlatbreads,3042731
2026-07-01T22:10:38.287968,2026-07-01T22:10:38.300382+00:00,89.4,40,ask,EarnestEspressos,FlawlessFlatbreads,3042732
2026-07-01T22:10:39.179691,2026-07-01T22:10:39.194646+00:00,89.9,49,bid,CostlyCorianders,EarnestEspressos,3042752
2026-07-01T22:10:40.397163,2026-07-01T22:10:40.403381+00:00,89.6,50,ask,EarnestEspressos,FlawlessFlatbreads,3042770
2026-07-01T22:10:42.504509,2026-07-01T22:10:42.515969+00:00,89.6,50,ask,EarnestEspressos,FlawlessFlatbreads,3042802
2026-07-01T22:10:43.120337,2026-07-01T22:10:43.127920+00:00,89.8,46,bid,CostlyCorianders,DiligentDonuts,3042816
2026-07-01T22:10:44.238498,2026-07-01T22:10:44.258584+00:00,89.3,49,ask,DiligentDonuts,CostlyCorianders,3042831
2026-07-01T22:10:44.612222,2026-07-01T22:10:44.623568+00:00,89.3,50,ask,DiligentDonuts,FlawlessFlatbreads,3042838
2026-07-01T22:10:45.200108,2026-07-01T22:10:45.208073+00:00,89.4,12,ask,Kelvin Chan,CostlyCorianders,3042849
2026-07-01T22:10:45.200108,2026-07-01T22:10:45.213251+00:00,89.3,28,ask,EarnestEspressos,CostlyCorianders,3042850
2026-07-01T22:10:45.816431,2026-07-01T22:10:45.828030+00:00,89.7,39,bid,CostlyCorianders,Kelvin Chan,3042864
2026-07-01T22:10:45.816431,2026-07-01T22:10:45.828030+00:00,89.8,2,bid,CostlyCorianders,EarnestEspressos,3042865
2026-07-01T22:10:46.559615,2026-07-01T22:10:46.571608+00:00,89.5,12,bid,Xuanyu Liu,EarnestEspressos,3042876
2026-07-01T22:10:46.719656,2026-07-01T22:10:46.728402+00:00,89.3,50,ask,DiligentDonuts,FlawlessFlatbreads,3042880
2026-07-01T22:10:47.872736,2026-07-01T22:10:47.884042+00:00,89.3,43,ask,DiligentDonuts,CostlyCorianders,3042900
2026-07-01T22:10:48.837844,2026-07-01T22:10:48.845953+00:00,89.0,50,ask,EarnestEspressos,FlawlessFlatbreads,3042925
2026-07-01T22:10:49.579467,2026-07-01T22:10:49.665731+00:00,89.3,2,bid,Xuanyu Liu,EarnestEspressos,3042940
2026-07-01T22:10:50.893582,2026-07-01T22:10:50.905858+00:00,89.3,50,bid,FlawlessFlatbreads,EarnestEspressos,3042963
2026-07-01T22:10:50.897298,2026-07-01T22:10:50.905858+00:00,89.3,31,bid,Xuanyu Liu,EarnestEspressos,3042964
2026-07-01T22:10:51.588987,2026-07-01T22:10:51.600413+00:00,89.3,42,bid,CostlyCorianders,EarnestEspressos,3042974
2026-07-01T22:10:52.670234,2026-07-01T22:10:52.680050+00:00,89.5,12,ask,EarnestEspressos,Xuanyu Liu,3042987
2026-07-01T22:10:53.052430,2026-07-01T22:10:53.063773+00:00,89.5,50,ask,EarnestEspressos,FlawlessFlatbreads,3042992
2026-07-01T22:10:54.839223,2026-07-01T22:10:54.847323+00:00,89.5,23,ask,EarnestEspressos,Xuanyu Liu,3043030
2026-07-01T22:10:55.160575,2026-07-01T22:10:55.172030+00:00,89.5,50,ask,EarnestEspressos,FlawlessFlatbreads,3043040
2026-07-01T22:10:55.659693,2026-07-01T22:10:55.671052+00:00,89.5,15,ask,EarnestEspressos,CostlyCorianders,3043042
2026-07-01T22:10:55.659693,2026-07-01T22:10:55.671052+00:00,89.3,1,ask,Kelvin Chan,CostlyCorianders,3043043
2026-07-01T22:10:55.872329,2026-07-01T22:10:55.882711+00:00,89.4,1,ask,Kelvin Chan,EarnestEspressos,3043044
2026-07-01T22:10:55.872329,2026-07-01T22:10:55.882711+00:00,89.2,100,ask,DiligentDonuts,EarnestEspressos,3043045
2026-07-01T22:10:55.883928,2026-07-01T22:10:55.892288+00:00,89.2,2,bid,Xuanyu Liu,EarnestEspressos,3043046
2026-07-01T22:10:55.893298,2026-07-01T22:10:55.901562+00:00,89.2,9,bid,Xuanyu Liu,EarnestEspressos,3043048
2026-07-01T22:10:56.242914,2026-07-01T22:10:56.258893+00:00,89.2,38,bid,CostlyCorianders,EarnestEspressos,3043060
2026-07-01T22:10:56.242914,2026-07-01T22:10:56.258893+00:00,89.7,5,bid,CostlyCorianders,Kelvin Chan,3043061
2026-07-01T22:10:56.242914,2026-07-01T22:10:56.264169+00:00,89.7,1,bid,CostlyCorianders,DiligentDonuts,3043062
2026-07-01T22:10:57.217176,2026-07-01T22:10:57.228506+00:00,89.7,50,bid,FlawlessFlatbreads,DiligentDonuts,3043082
2026-07-01T22:10:58.981730,2026-07-01T22:10:58.993368+00:00,89.3,100,bid,EarnestEspressos,DiligentDonuts,3043124
2026-07-01T22:10:59.760494,2026-07-01T22:10:59.769280+00:00,89.3,1,ask,EarnestEspressos,Xuanyu Liu,3043131
2026-07-01T22:11:02.538730,2026-07-01T22:11:02.546655+00:00,89.3,1,bid,Kelvin Chan,EarnestEspressos,3043181
2026-07-01T22:11:03.535820,2026-07-01T22:11:03.558649+00:00,89.3,50,bid,FlawlessFlatbreads,EarnestEspressos,3043204
2026-07-01T22:11:05.643112,2026-07-01T22:11:05.654457+00:00,89.4,50,bid,FlawlessFlatbreads,DiligentDonuts,3043256
2026-07-01T22:11:06.715530,2026-07-01T22:11:06.721929+00:00,89.4,48,bid,CostlyCorianders,DiligentDonuts,3043297
2026-07-01T22:11:07.144795,2026-07-01T22:11:07.154776+00:00,89.1,1,ask,DiligentDonuts,Xuanyu Liu,3043308
2026-07-01T22:11:07.750898,2026-07-01T22:11:07.763573+00:00,89.5,50,bid,FlawlessFlatbreads,EarnestEspressos,3043318
2026-07-01T22:11:08.753463,2026-07-01T22:11:08.764737+00:00,89.1,48,ask,DiligentDonuts,CostlyCorianders,3043337
2026-07-01T22:11:09.857660,2026-07-01T22:11:09.869167+00:00,89.5,50,bid,FlawlessFlatbreads,EarnestEspressos,3043357
2026-07-01T22:11:10.595799,2026-07-01T22:11:10.605190+00:00,89.0,1,ask,EarnestEspressos,Xuanyu Liu,3043376
2026-07-01T22:11:10.722026,2026-07-01T22:11:10.729142+00:00,89.0,40,ask,EarnestEspressos,CostlyCorianders,3043381
2026-07-01T22:11:11.310780,2026-07-01T22:11:11.319232+00:00,89.2,1,ask,Kelvin Chan,Xuanyu Liu,3043388
2026-07-01T22:11:11.323052,2026-07-01T22:11:11.334380+00:00,89.5,41,bid,CostlyCorianders,EarnestEspressos,3043390
2026-07-01T22:11:11.649746,2026-07-01T22:11:11.663990+00:00,89.1,10,ask,EarnestEspressos,Xuanyu Liu,3043391
2026-07-01T22:11:11.962259,2026-07-01T22:11:11.978206+00:00,89.5,40,bid,CostlyCorianders,DiligentDonuts,3043398
2026-07-01T22:11:11.969585,2026-07-01T22:11:11.978206+00:00,89.5,50,bid,FlawlessFlatbreads,DiligentDonuts,3043399
2026-07-01T22:11:12.581341,2026-07-01T22:11:12.592656+00:00,89.2,1,ask,Kelvin Chan,CostlyCorianders,3043411
2026-07-01T22:11:12.581341,2026-07-01T22:11:12.592656+00:00,89.1,48,ask,EarnestEspressos,CostlyCorianders,3043412
2026-07-01T22:11:14.076366,2026-07-01T22:11:14.085049+00:00,89.5,4,bid,FlawlessFlatbreads,Kelvin Chan,3043452
2026-07-01T22:11:14.076366,2026-07-01T22:11:14.085049+00:00,89.6,46,bid,FlawlessFlatbreads,EarnestEspressos,3043453
2026-07-01T22:11:14.810231,2026-07-01T22:11:14.819647+00:00,89.2,1,ask,EarnestEspressos,Xuanyu Liu,3043468
2026-07-01T22:11:15.658952,2026-07-01T22:11:15.670539+00:00,89.2,44,ask,EarnestEspressos,CostlyCorianders,3043488
2026-07-01T22:11:16.234738,2026-07-01T22:11:16.244543+00:00,89.2,50,ask,EarnestEspressos,FlawlessFlatbreads,3043512
2026-07-01T22:11:17.165067,2026-07-01T22:11:17.173835+00:00,89.2,1,ask,EarnestEspressos,Xuanyu Liu,3043529
2026-07-01T22:11:18.010504,2026-07-01T22:11:18.022177+00:00,89.2,100,ask,DiligentDonuts,EarnestEspressos,3043545
2026-07-01T22:11:18.262326,2026-07-01T22:11:18.272812+00:00,89.2,42,bid,CostlyCorianders,EarnestEspressos,3043552
2026-07-01T22:11:18.288975,2026-07-01T22:11:18.300719+00:00,89.2,8,bid,FlawlessFlatbreads,EarnestEspressos,3043553
2026-07-01T22:11:18.288975,2026-07-01T22:11:18.300719+00:00,89.6,1,bid,FlawlessFlatbreads,Kelvin Chan,3043554
2026-07-01T22:11:19.260157,2026-07-01T22:11:19.269297+00:00,89.7,45,bid,CostlyCorianders,DiligentDonuts,3043572
2026-07-01T22:11:19.539977,2026-07-01T22:11:19.548501+00:00,89.3,4,ask,Kelvin Chan,Xuanyu Liu,3043573
2026-07-01T22:11:19.787787,2026-07-01T22:11:19.807381+00:00,88.9,42,ask,DiligentDonuts,CostlyCorianders,3043577
2026-07-01T22:11:19.889772,2026-07-01T22:11:19.898852+00:00,89.3,1,ask,Kelvin Chan,Xuanyu Liu,3043581
2026-07-01T22:11:20.407687,2026-07-01T22:11:20.416236+00:00,89.4,50,bid,FlawlessFlatbreads,DiligentDonuts,3043597
2026-07-01T22:11:22.564925,2026-07-01T22:11:22.576780+00:00,89.3,50,ask,EarnestEspressos,FlawlessFlatbreads,3043650
2026-07-01T22:11:24.124702,2026-07-01T22:11:24.134414+00:00,89.3,47,ask,EarnestEspressos,CostlyCorianders,3043687
2026-07-01T22:11:24.581844,2026-07-01T22:11:24.593337+00:00,89.4,42,bid,CostlyCorianders,DiligentDonuts,3043694
2026-07-01T22:11:26.781416,2026-07-01T22:11:26.792895+00:00,89.2,4,ask,Kelvin Chan,FlawlessFlatbreads,3043732
2026-07-01T22:11:26.781416,2026-07-01T22:11:26.792895+00:00,89.0,46,ask,DiligentDonuts,FlawlessFlatbreads,3043733
2026-07-01T22:11:28.890575,2026-07-01T22:11:28.896662+00:00,89.2,2,ask,Kelvin Chan,FlawlessFlatbreads,3043771
2026-07-01T22:11:30.947271,2026-07-01T22:11:30.958791+00:00,89.3,50,bid,FlawlessFlatbreads,DiligentDonuts,3043822
2026-07-01T22:11:31.806759,2026-07-01T22:11:31.820220+00:00,89.3,49,bid,CostlyCorianders,DiligentDonuts,3043848
2026-07-01T22:11:33.106171,2026-07-01T22:11:33.117684+00:00,89.2,2,ask,Kelvin Chan,FlawlessFlatbreads,3043870
2026-07-01T22:11:33.106171,2026-07-01T22:11:33.117684+00:00,89.1,48,ask,DiligentDonuts,FlawlessFlatbreads,3043871
2026-07-01T22:11:34.548843,2026-07-01T22:11:34.568723+00:00,89.1,47,ask,DiligentDonuts,CostlyCorianders,3043894
2026-07-01T22:11:35.065444,2026-07-01T22:11:35.076541+00:00,89.4,1,bid,CostlyCorianders,Kelvin Chan,3043907
2026-07-01T22:11:35.065444,2026-07-01T22:11:35.076541+00:00,89.5,40,bid,CostlyCorianders,EarnestEspressos,3043908
2026-07-01T22:11:35.215130,2026-07-01T22:11:35.227051+00:00,89.1,5,ask,DiligentDonuts,FlawlessFlatbreads,3043910
2026-07-01T22:11:35.215130,2026-07-01T22:11:35.227051+00:00,89.1,2,ask,Kelvin Chan,FlawlessFlatbreads,3043911
2026-07-01T22:11:35.215130,2026-07-01T22:11:35.227051+00:00,89.0,43,ask,EarnestEspressos,FlawlessFlatbreads,3043912
2026-07-01T22:11:37.275105,2026-07-01T22:11:37.286577+00:00,89.4,50,bid,FlawlessFlatbreads,EarnestEspressos,3043957
2026-07-01T22:11:39.070827,2026-07-01T22:11:39.080185+00:00,89.1,4,ask,Kelvin Chan,CostlyCorianders,3043988
2026-07-01T22:11:39.070827,2026-07-01T22:11:39.080185+00:00,88.9,42,ask,EarnestEspressos,CostlyCorianders,3043989
2026-07-01T22:11:40.635503,2026-07-01T22:11:40.647063+00:00,89.4,47,bid,CostlyCorianders,DiligentDonuts,3044018
2026-07-01T22:11:41.534708,2026-07-01T22:11:41.546187+00:00,89.1,4,ask,Kelvin Chan,FlawlessFlatbreads,3044036
2026-07-01T22:11:41.534708,2026-07-01T22:11:41.546187+00:00,89.0,46,ask,EarnestEspressos,FlawlessFlatbreads,3044037
2026-07-01T22:11:42.393047,2026-07-01T22:11:42.404458+00:00,89.0,48,ask,EarnestEspressos,CostlyCorianders,3044049
2026-07-01T22:11:43.332247,2026-07-01T22:11:43.342813+00:00,89.1,3,ask,Kelvin Chan,EarnestEspressos,3044059
2026-07-01T22:11:43.332247,2026-07-01T22:11:43.342813+00:00,88.9,100,ask,DiligentDonuts,EarnestEspressos,3044060
2026-07-01T22:11:43.336751,2026-07-01T22:11:43.342813+00:00,88.9,47,bid,CostlyCorianders,EarnestEspressos,3044061
2026-07-01T22:11:43.336751,2026-07-01T22:11:43.342813+00:00,89.4,2,bid,CostlyCorianders,DiligentDonuts,3044062
2026-07-01T22:11:43.649956,2026-07-01T22:11:43.663613+00:00,89.1,2,ask,Kelvin Chan,FlawlessFlatbreads,3044069
2026-07-01T22:11:43.649956,2026-07-01T22:11:43.663613+00:00,88.4,48,ask,EarnestEspressos,FlawlessFlatbreads,3044070
2026-07-01T22:11:43.927070,2026-07-01T22:11:43.935085+00:00,89.1,3,ask,Kelvin Chan,CostlyCorianders,3044071
2026-07-01T22:11:45.129131,2026-07-01T22:11:45.145306+00:00,89.1,2,ask,Kelvin Chan,DiligentDonuts,3044086
2026-07-01T22:11:45.158445,2026-07-01T22:11:45.169500+00:00,89.1,2,bid,Kelvin Chan,DiligentDonuts,3044087
2026-07-01T22:11:45.576570,2026-07-01T22:11:45.585233+00:00,89.0,2,ask,Kelvin Chan,CostlyCorianders,3044095
2026-07-01T22:11:45.576570,2026-07-01T22:11:45.585233+00:00,88.6,46,ask,DiligentDonuts,CostlyCorianders,3044096
2026-07-01T22:11:45.785086,2026-07-01T22:11:45.794025+00:00,89.0,3,ask,Kelvin Chan,FlawlessFlatbreads,3044099
2026-07-01T22:11:45.785086,2026-07-01T22:11:45.794025+00:00,88.6,47,ask,DiligentDonuts,FlawlessFlatbreads,3044100
2026-07-01T22:11:46.221275,2026-07-01T22:11:46.228471+00:00,89.1,48,bid,CostlyCorianders,DiligentDonuts,3044109
2026-07-01T22:11:47.795939,2026-07-01T22:11:47.807353+00:00,89.0,3,ask,Kelvin Chan,CostlyCorianders,3044138
2026-07-01T22:11:47.795939,2026-07-01T22:11:47.807353+00:00,88.8,42,ask,EarnestEspressos,CostlyCorianders,3044139
2026-07-01T22:11:47.892592,2026-07-01T22:11:47.904090+00:00,89.0,4,ask,Kelvin Chan,FlawlessFlatbreads,3044142
2026-07-01T22:11:47.892592,2026-07-01T22:11:47.904090+00:00,88.8,46,ask,EarnestEspressos,FlawlessFlatbreads,3044143
2026-07-01T22:11:48.296845,2026-07-01T22:11:48.306759+00:00,89.0,4,ask,Kelvin Chan,DiligentDonuts,3044151
2026-07-01T22:11:48.360346,2026-07-01T22:11:48.369057+00:00,88.9,45,bid,CostlyCorianders,DiligentDonuts,3044153
2026-07-01T22:11:48.777642,2026-07-01T22:11:48.784956+00:00,88.9,4,bid,Kelvin Chan,DiligentDonuts,3044157
2026-07-01T22:11:48.890093,2026-07-01T22:11:48.898787+00:00,88.9,3,bid,Kelvin Chan,DiligentDonuts,3044160
2026-07-01T22:11:48.928697,2026-07-01T22:11:48.958643+00:00,88.9,3,bid,Kelvin Chan,DiligentDonuts,3044162
2026-07-01T22:11:49.266789,2026-07-01T22:11:49.278440+00:00,88.9,3,bid,Kelvin Chan,DiligentDonuts,3044166
2026-07-01T22:11:49.294440,2026-07-01T22:11:49.305598+00:00,88.9,3,bid,Kelvin Chan,DiligentDonuts,3044167
2026-07-01T22:11:49.334487,2026-07-01T22:11:49.345550+00:00,88.9,3,bid,Kelvin Chan,DiligentDonuts,3044169
2026-07-01T22:11:49.755372,2026-07-01T22:11:49.768689+00:00,88.7,3,bid,Kelvin Chan,EarnestEspressos,3044177
2026-07-01T22:11:49.788337,2026-07-01T22:11:49.799355+00:00,88.7,3,bid,Kelvin Chan,EarnestEspressos,3044178
2026-07-01T22:11:49.828539,2026-07-01T22:11:49.838766+00:00,88.7,3,bid,Kelvin Chan,EarnestEspressos,3044179
2026-07-01T22:11:49.871360,2026-07-01T22:11:49.877869+00:00,88.7,3,bid,Kelvin Chan,EarnestEspressos,3044180
2026-07-01T22:11:49.898428,2026-07-01T22:11:49.909501+00:00,88.7,3,bid,Kelvin Chan,EarnestEspressos,3044181
2026-07-01T22:11:49.926977,2026-07-01T22:11:49.938537+00:00,88.4,47,ask,DiligentDonuts,CostlyCorianders,3044182
2026-07-01T22:11:50.036695,2026-07-01T22:11:50.044398+00:00,88.7,2,bid,Kelvin Chan,EarnestEspressos,3044184
2026-07-01T22:11:50.076044,2026-07-01T22:11:50.103211+00:00,88.7,14,bid,Xuanyu Liu,EarnestEspressos,3044191
2026-07-01T22:11:50.080543,2026-07-01T22:11:50.103211+00:00,88.4,50,ask,DiligentDonuts,FlawlessFlatbreads,3044192
2026-07-01T22:11:51.863470,2026-07-01T22:11:51.874668+00:00,88.7,46,bid,CostlyCorianders,EarnestEspressos,3044236
2026-07-01T22:11:52.135738,2026-07-01T22:11:52.146969+00:00,88.7,50,bid,FlawlessFlatbreads,EarnestEspressos,3044240
2026-07-01T22:11:52.776512,2026-07-01T22:11:52.786983+00:00,88.7,11,ask,EarnestEspressos,Xuanyu Liu,3044257
2026-07-01T22:11:54.036536,2026-07-01T22:11:54.059074+00:00,88.7,3,ask,EarnestEspressos,Xuanyu Liu,3044290
2026-07-01T22:11:54.298976,2026-07-01T22:11:54.310638+00:00,88.7,50,ask,EarnestEspressos,FlawlessFlatbreads,3044295
2026-07-01T22:11:54.623873,2026-07-01T22:11:54.647039+00:00,88.7,86,ask,EarnestEspressos,DiligentDonuts,3044297
2026-07-01T22:11:54.637494,2026-07-01T22:11:54.647039+00:00,88.5,3,bid,Xuanyu Liu,DiligentDonuts,3044300
2026-07-01T22:11:56.354960,2026-07-01T22:11:56.365548+00:00,88.5,11,bid,FlawlessFlatbreads,DiligentDonuts,3044332
2026-07-01T22:11:56.354960,2026-07-01T22:11:56.371123+00:00,88.5,39,bid,FlawlessFlatbreads,EarnestEspressos,3044333
2026-07-01T22:11:58.464475,2026-07-01T22:11:58.475236+00:00,88.5,50,bid,FlawlessFlatbreads,EarnestEspressos,3044371
2026-07-01T22:11:58.794487,2026-07-01T22:11:58.803552+00:00,88.2,42,ask,DiligentDonuts,CostlyCorianders,3044380
2026-07-01T22:12:00.571691,2026-07-01T22:12:00.580394+00:00,88.7,50,bid,FlawlessFlatbreads,DiligentDonuts,3044413
2026-07-01T22:12:02.685577,2026-07-01T22:12:02.692034+00:00,88.7,50,bid,FlawlessFlatbreads,DiligentDonuts,3044457
2026-07-01T22:12:04.559746,2026-07-01T22:12:04.569530+00:00,88.6,3,ask,DiligentDonuts,Xuanyu Liu,3044491
2026-07-01T22:12:04.794877,2026-07-01T22:12:04.805012+00:00,88.8,5,bid,FlawlessFlatbreads,Kelvin Chan,3044498
2026-07-01T22:12:04.794877,2026-07-01T22:12:04.805012+00:00,88.8,45,bid,FlawlessFlatbreads,EarnestEspressos,3044499
2026-07-01T22:12:06.106089,2026-07-01T22:12:06.117837+00:00,88.8,5,bid,CostlyCorianders,Kelvin Chan,3044527
2026-07-01T22:12:06.106089,2026-07-01T22:12:06.117837+00:00,89.1,43,bid,CostlyCorianders,DiligentDonuts,3044528
2026-07-01T22:12:06.905337,2026-07-01T22:12:06.912732+00:00,89.1,50,bid,FlawlessFlatbreads,DiligentDonuts,3044543
2026-07-01T22:12:09.011362,2026-07-01T22:12:09.023032+00:00,89.1,50,bid,FlawlessFlatbreads,EarnestEspressos,3044568
2026-07-01T22:12:10.276882,2026-07-01T22:12:10.288135+00:00,88.9,45,ask,DiligentDonuts,CostlyCorianders,3044589
2026-07-01T22:12:11.184039,2026-07-01T22:12:11.194354+00:00,88.8,50,ask,DiligentDonuts,FlawlessFlatbreads,3044600
2026-07-01T22:12:11.327716,2026-07-01T22:12:11.334263+00:00,89.0,5,bid,CostlyCorianders,Kelvin Chan,3044604
2026-07-01T22:12:11.327716,2026-07-01T22:12:11.339732+00:00,89.1,40,bid,CostlyCorianders,EarnestEspressos,3044605
2026-07-01T22:12:11.748162,2026-07-01T22:12:11.763621+00:00,89.0,5,bid,EarnestEspressos,Kelvin Chan,3044616
2026-07-01T22:12:12.392254,2026-07-01T22:12:12.405594+00:00,89.0,5,ask,EarnestEspressos,Kelvin Chan,3044622
2026-07-01T22:12:12.550170,2026-07-01T22:12:12.552967+00:00,89.0,5,ask,EarnestEspressos,Kelvin Chan,3044629
2026-07-01T22:12:13.239004,2026-07-01T22:12:13.250235+00:00,89.3,50,bid,FlawlessFlatbreads,DiligentDonuts,3044641
2026-07-01T22:12:15.347864,2026-07-01T22:12:15.358643+00:00,89.3,50,bid,FlawlessFlatbreads,DiligentDonuts,3044680
2026-07-01T22:12:19.613647,2026-07-01T22:12:19.626317+00:00,89.2,50,ask,DiligentDonuts,FlawlessFlatbreads,3044749
2026-07-01T22:12:22.372080,2026-07-01T22:12:22.383491+00:00,89.0,40,ask,EarnestEspressos,CostlyCorianders,3044825
2026-07-01T22:12:22.970729,2026-07-01T22:12:22.982122+00:00,89.4,41,bid,CostlyCorianders,DiligentDonuts,3044839
2026-07-01T22:12:23.024273,2026-07-01T22:12:23.035554+00:00,89.0,43,ask,EarnestEspressos,CostlyCorianders,3044840
2026-07-01T22:12:23.825567,2026-07-01T22:12:23.837254+00:00,89.1,50,ask,DiligentDonuts,FlawlessFlatbreads,3044856
2026-07-01T22:12:24.658664,2026-07-01T22:12:24.669973+00:00,89.3,41,bid,CostlyCorianders,EarnestEspressos,3044869
2026-07-01T22:12:25.909526,2026-07-01T22:12:25.920790+00:00,89.1,46,ask,DiligentDonuts,CostlyCorianders,3044901
2026-07-01T22:12:25.933178,2026-07-01T22:12:25.937475+00:00,89.1,4,ask,DiligentDonuts,FlawlessFlatbreads,3044902
2026-07-01T22:12:26.959387,2026-07-01T22:12:26.970915+00:00,89.3,42,bid,CostlyCorianders,EarnestEspressos,3044925
2026-07-01T22:12:27.504492,2026-07-01T22:12:27.511848+00:00,89.3,40,bid,CostlyCorianders,EarnestEspressos,3044937
2026-07-01T22:12:28.039973,2026-07-01T22:12:28.042155+00:00,89.2,50,ask,EarnestEspressos,FlawlessFlatbreads,3044947
2026-07-01T22:12:30.095047,2026-07-01T22:12:30.103168+00:00,89.3,50,bid,FlawlessFlatbreads,DiligentDonuts,3044978
2026-07-01T22:12:30.180865,2026-07-01T22:12:30.191612+00:00,89.2,42,ask,EarnestEspressos,CostlyCorianders,3044983
2026-07-01T22:12:31.257740,2026-07-01T22:12:31.269215+00:00,89.0,1,ask,Kelvin Chan,CostlyCorianders,3045005
2026-07-01T22:12:31.257740,2026-07-01T22:12:31.269215+00:00,88.9,45,ask,EarnestEspressos,CostlyCorianders,3045006
2026-07-01T22:12:34.355707,2026-07-01T22:12:34.363645+00:00,88.8,50,ask,DiligentDonuts,FlawlessFlatbreads,3045062
2026-07-01T22:12:34.641433,2026-07-01T22:12:34.652785+00:00,89.2,43,bid,CostlyCorianders,EarnestEspressos,3045072
2026-07-01T22:12:35.179432,2026-07-01T22:12:35.190407+00:00,88.8,43,ask,DiligentDonuts,CostlyCorianders,3045081
2026-07-01T22:12:36.366256,2026-07-01T22:12:36.377643+00:00,89.0,4,bid,Kelvin Chan,DiligentDonuts,3045109
2026-07-01T22:12:36.461208,2026-07-01T22:12:36.472822+00:00,88.7,50,ask,EarnestEspressos,FlawlessFlatbreads,3045110
2026-07-01T22:12:36.500130,2026-07-01T22:12:36.509043+00:00,89.0,5,bid,Kelvin Chan,DiligentDonuts,3045112
2026-07-01T22:12:37.409525,2026-07-01T22:12:37.418672+00:00,89.0,12,bid,Xuanyu Liu,DiligentDonuts,3045141
2026-07-01T22:12:37.809955,2026-07-01T22:12:37.827408+00:00,89.0,46,bid,CostlyCorianders,DiligentDonuts,3045146
2026-07-01T22:12:38.574049,2026-07-01T22:12:38.584819+00:00,88.9,4,ask,Kelvin Chan,FlawlessFlatbreads,3045153
2026-07-01T22:12:38.574049,2026-07-01T22:12:38.584819+00:00,88.7,46,ask,EarnestEspressos,FlawlessFlatbreads,3045154
2026-07-01T22:12:40.342374,2026-07-01T22:12:40.358587+00:00,89.2,1,bid,CostlyCorianders,Kelvin Chan,3045192
2026-07-01T22:12:40.342374,2026-07-01T22:12:40.358587+00:00,89.2,45,bid,CostlyCorianders,EarnestEspressos,3045193
2026-07-01T22:12:40.631330,2026-07-01T22:12:40.642932+00:00,89.2,50,bid,FlawlessFlatbreads,EarnestEspressos,3045208
2026-07-01T22:12:42.738751,2026-07-01T22:12:42.748497+00:00,89.2,50,bid,FlawlessFlatbreads,EarnestEspressos,3045248
2026-07-01T22:12:43.402680,2026-07-01T22:12:43.413874+00:00,89.4,12,ask,EarnestEspressos,Xuanyu Liu,3045257
2026-07-01T22:12:44.899051,2026-07-01T22:12:44.906506+00:00,89.4,50,ask,EarnestEspressos,FlawlessFlatbreads,3045282
2026-07-01T22:12:47.007414,2026-07-01T22:12:47.019062+00:00,89.1,6,ask,Kelvin Chan,FlawlessFlatbreads,3045320
2026-07-01T22:12:47.007414,2026-07-01T22:12:47.019062+00:00,89.0,44,ask,DiligentDonuts,FlawlessFlatbreads,3045321
2026-07-01T22:12:49.116606,2026-07-01T22:12:49.124413+00:00,89.1,5,ask,Kelvin Chan,FlawlessFlatbreads,3045347
2026-07-01T22:12:49.116606,2026-07-01T22:12:49.129584+00:00,89.0,45,ask,EarnestEspressos,FlawlessFlatbreads,3045348
2026-07-01T22:12:49.324304,2026-07-01T22:12:49.337455+00:00,89.0,40,ask,EarnestEspressos,CostlyCorianders,3045353
2026-07-01T22:12:51.173841,2026-07-01T22:12:51.185569+00:00,89.2,50,bid,FlawlessFlatbreads,EarnestEspressos,3045387
2026-07-01T22:12:53.282049,2026-07-01T22:12:53.293589+00:00,89.3,50,bid,FlawlessFlatbreads,EarnestEspressos,3045434
2026-07-01T22:12:54.294940,2026-07-01T22:12:54.306549+00:00,89.1,5,ask,Kelvin Chan,CostlyCorianders,3045453
2026-07-01T22:12:54.294940,2026-07-01T22:12:54.306549+00:00,88.9,42,ask,DiligentDonuts,CostlyCorianders,3045454
2026-07-01T22:12:55.389289,2026-07-01T22:12:55.397207+00:00,89.3,50,bid,FlawlessFlatbreads,EarnestEspressos,3045475
2026-07-01T22:12:56.041906,2026-07-01T22:12:56.034150+00:00,89.3,100,bid,EarnestEspressos,DiligentDonuts,3045494
2026-07-01T22:12:57.495671,2026-07-01T22:12:57.506353+00:00,89.9,50,bid,FlawlessFlatbreads,EarnestEspressos,3045517
2026-07-01T22:12:57.965851,2026-07-01T22:12:57.977199+00:00,89.4,40,ask,EarnestEspressos,CostlyCorianders,3045533
2026-07-01T22:12:59.615528,2026-07-01T22:12:59.626115+00:00,89.5,50,bid,FlawlessFlatbreads,EarnestEspressos,3045560
2026-07-01T22:12:59.623878,2026-07-01T22:12:59.631348+00:00,89.5,40,bid,CostlyCorianders,EarnestEspressos,3045561
2026-07-01T22:13:01.774351,2026-07-01T22:13:01.785886+00:00,89.2,50,ask,DiligentDonuts,FlawlessFlatbreads,3045605
2026-07-01T22:13:05.997063,2026-07-01T22:13:06.007189+00:00,89.3,50,ask,EarnestEspressos,FlawlessFlatbreads,3045691
2026-07-01T22:13:06.712972,2026-07-01T22:13:06.724496+00:00,89.3,49,ask,EarnestEspressos,CostlyCorianders,3045713
2026-07-01T22:13:10.188103,2026-07-01T22:13:10.199377+00:00,89.3,50,bid,FlawlessFlatbreads,EarnestEspressos,3045788
2026-07-01T22:13:12.315588,2026-07-01T22:13:12.321996+00:00,89.4,2,bid,FlawlessFlatbreads,Kelvin Chan,3045814
2026-07-01T22:13:12.315588,2026-07-01T22:13:12.327553+00:00,89.5,48,bid,FlawlessFlatbreads,DiligentDonuts,3045815
2026-07-01T22:13:12.447830,2026-07-01T22:13:12.464021+00:00,89.4,2,bid,CostlyCorianders,Kelvin Chan,3045816
2026-07-01T22:13:12.447830,2026-07-01T22:13:12.464021+00:00,89.5,41,bid,CostlyCorianders,DiligentDonuts,3045817
2026-07-01T22:13:14.078290,2026-07-01T22:13:14.085285+00:00,89.4,2,bid,CostlyCorianders,Kelvin Chan,3045845
2026-07-01T22:13:14.078290,2026-07-01T22:13:14.090263+00:00,89.5,43,bid,CostlyCorianders,EarnestEspressos,3045846
2026-07-01T22:13:14.423190,2026-07-01T22:13:14.434444+00:00,89.4,1,bid,FlawlessFlatbreads,Kelvin Chan,3045852
2026-07-01T22:13:16.535596,2026-07-01T22:13:16.546781+00:00,89.4,1,bid,FlawlessFlatbreads,Kelvin Chan,3045888
2026-07-01T22:13:16.535596,2026-07-01T22:13:16.546781+00:00,89.6,49,bid,FlawlessFlatbreads,DiligentDonuts,3045889
2026-07-01T22:13:19.047933,2026-07-01T22:13:19.063811+00:00,89.5,1,bid,CostlyCorianders,Kelvin Chan,3045942
2026-07-01T22:13:20.749653,2026-07-01T22:13:20.769149+00:00,89.8,50,bid,FlawlessFlatbreads,DiligentDonuts,3045978
2026-07-01T22:13:21.679960,2026-07-01T22:13:21.691538+00:00,89.4,49,ask,EarnestEspressos,CostlyCorianders,3046000
2026-07-01T22:13:22.276022,2026-07-01T22:13:22.287375+00:00,89.4,42,ask,EarnestEspressos,CostlyCorianders,3046011
2026-07-01T22:13:22.906617,2026-07-01T22:13:22.916709+00:00,89.4,50,ask,EarnestEspressos,FlawlessFlatbreads,3046029
2026-07-01T22:13:24.560322,2026-07-01T22:13:24.568923+00:00,89.3,1,ask,Kelvin Chan,EarnestEspressos,3046067
2026-07-01T22:13:24.560322,2026-07-01T22:13:24.568923+00:00,89.3,100,ask,DiligentDonuts,EarnestEspressos,3046068
2026-07-01T22:13:25.251664,2026-07-01T22:13:25.263804+00:00,89.1,43,bid,CostlyCorianders,EarnestEspressos,3046077
2026-07-01T22:13:25.981749,2026-07-01T22:13:25.993200+00:00,89.1,5,bid,Xuanyu Liu,EarnestEspressos,3046098
2026-07-01T22:13:26.303771,2026-07-01T22:13:26.312606+00:00,89.1,1,bid,DiligentDonuts,EarnestEspressos,3046109
2026-07-01T22:13:27.304189,2026-07-01T22:13:27.315425+00:00,89.2,43,ask,DiligentDonuts,CostlyCorianders,3046133
2026-07-01T22:13:27.640224,2026-07-01T22:13:27.658862+00:00,89.2,5,ask,DiligentDonuts,Xuanyu Liu,3046142
2026-07-01T22:13:29.182752,2026-07-01T22:13:29.194312+00:00,89.6,1,bid,FlawlessFlatbreads,Kelvin Chan,3046179
2026-07-01T22:13:29.182752,2026-07-01T22:13:29.194312+00:00,89.7,49,bid,FlawlessFlatbreads,DiligentDonuts,3046180
2026-07-01T22:13:31.295065,2026-07-01T22:13:31.306377+00:00,89.6,5,bid,FlawlessFlatbreads,Kelvin Chan,3046221
2026-07-01T22:13:31.295065,2026-07-01T22:13:31.306377+00:00,89.7,45,bid,FlawlessFlatbreads,DiligentDonuts,3046222
2026-07-01T22:13:33.403233,2026-07-01T22:13:33.414708+00:00,89.6,4,bid,FlawlessFlatbreads,Kelvin Chan,3046269
2026-07-01T22:13:33.403233,2026-07-01T22:13:33.414708+00:00,89.7,46,bid,FlawlessFlatbreads,DiligentDonuts,3046270
2026-07-01T22:13:36.401843,2026-07-01T22:13:36.415247+00:00,89.9,42,bid,CostlyCorianders,EarnestEspressos,3046334
2026-07-01T22:13:36.535858,2026-07-01T22:13:36.550895+00:00,89.5,12,ask,DiligentDonuts,Xuanyu Liu,3046336
2026-07-01T22:13:37.694069,2026-07-01T22:13:37.701162+00:00,89.5,50,ask,DiligentDonuts,FlawlessFlatbreads,3046364
2026-07-01T22:13:39.399598,2026-07-01T22:13:39.411459+00:00,89.7,5,bid,CostlyCorianders,Kelvin Chan,3046394
2026-07-01T22:13:39.399598,2026-07-01T22:13:39.411459+00:00,89.8,35,bid,CostlyCorianders,EarnestEspressos,3046395
2026-07-01T22:13:39.749687,2026-07-01T22:13:39.753265+00:00,89.7,5,bid,FlawlessFlatbreads,Kelvin Chan,3046408
2026-07-01T22:13:39.749687,2026-07-01T22:13:39.753265+00:00,89.8,45,bid,FlawlessFlatbreads,EarnestEspressos,3046409
2026-07-01T22:13:40.320219,2026-07-01T22:13:40.327459+00:00,89.7,4,bid,EarnestEspressos,Kelvin Chan,3046429
2026-07-01T22:13:40.320219,2026-07-01T22:13:40.332640+00:00,89.8,100,bid,EarnestEspressos,DiligentDonuts,3046430
2026-07-01T22:13:40.395007,2026-07-01T22:13:40.404202+00:00,89.8,10,ask,EarnestEspressos,Xuanyu Liu,3046435
2026-07-01T22:13:40.443138,2026-07-01T22:13:40.455065+00:00,89.8,36,ask,EarnestEspressos,Chester Au,3046438
2026-07-01T22:13:41.056633,2026-07-01T22:13:41.064001+00:00,89.4,1,ask,Kelvin Chan,CostlyCorianders,3046455
2026-07-01T22:13:41.056633,2026-07-01T22:13:41.069155+00:00,89.3,47,ask,DiligentDonuts,CostlyCorianders,3046456
2026-07-01T22:13:43.686289,2026-07-01T22:13:43.697543+00:00,89.5,44,ask,DiligentDonuts,CostlyCorianders,3046505
2026-07-01T22:13:43.960125,2026-07-01T22:13:43.969275+00:00,89.8,50,bid,FlawlessFlatbreads,EarnestEspressos,3046513
2026-07-01T22:13:44.402168,2026-07-01T22:13:44.411460+00:00,89.8,12,bid,Xuanyu Liu,EarnestEspressos,3046522
2026-07-01T22:13:46.064928,2026-07-01T22:13:46.074036+00:00,89.8,50,bid,FlawlessFlatbreads,EarnestEspressos,3046557
2026-07-01T22:13:46.766141,2026-07-01T22:13:46.774499+00:00,89.8,47,bid,CostlyCorianders,DiligentDonuts,3046567
2026-07-01T22:13:48.222055,2026-07-01T22:13:48.233497+00:00,89.6,50,ask,EarnestEspressos,FlawlessFlatbreads,3046601
2026-07-01T22:13:48.855335,2026-07-01T22:13:48.867416+00:00,89.8,1,bid,CostlyCorianders,Kelvin Chan,3046609
2026-07-01T22:13:48.855335,2026-07-01T22:13:48.867416+00:00,89.9,42,bid,CostlyCorianders,DiligentDonuts,3046610
2026-07-01T22:13:51.537012,2026-07-01T22:13:51.548484+00:00,89.5,2,ask,Kelvin Chan,CostlyCorianders,3046657
2026-07-01T22:13:51.537012,2026-07-01T22:13:51.548484+00:00,89.5,39,ask,EarnestEspressos,CostlyCorianders,3046658
2026-07-01T22:13:53.737194,2026-07-01T22:13:53.749073+00:00,89.8,1,bid,CostlyCorianders,Kelvin Chan,3046690
2026-07-01T22:13:53.737194,2026-07-01T22:13:53.749073+00:00,89.9,39,bid,CostlyCorianders,EarnestEspressos,3046691
2026-07-01T22:13:54.484680,2026-07-01T22:13:54.495971+00:00,89.9,50,bid,FlawlessFlatbreads,EarnestEspressos,3046715
2026-07-01T22:13:56.591254,2026-07-01T22:13:56.602909+00:00,90.1,50,bid,FlawlessFlatbreads,DiligentDonuts,3046753
2026-07-01T22:13:57.548947,2026-07-01T22:13:57.568670+00:00,89.6,46,ask,DiligentDonuts,CostlyCorianders,3046777
2026-07-01T22:13:58.130056,2026-07-01T22:13:58.139610+00:00,89.9,1,bid,CostlyCorianders,Kelvin Chan,3046793
2026-07-01T22:13:58.130056,2026-07-01T22:13:58.139610+00:00,90.0,46,bid,CostlyCorianders,DiligentDonuts,3046794
2026-07-01T22:13:58.698825,2026-07-01T22:13:58.710150+00:00,90.0,50,bid,FlawlessFlatbreads,DiligentDonuts,3046801
2026-07-01T22:13:58.708636,2026-07-01T22:13:58.710920+00:00,89.6,44,ask,EarnestEspressos,CostlyCorianders,3046802
2026-07-01T22:13:59.288029,2026-07-01T22:13:59.295535+00:00,89.6,2,ask,Kelvin Chan,CostlyCorianders,3046816
2026-07-01T22:13:59.288029,2026-07-01T22:13:59.300903+00:00,89.5,45,ask,DiligentDonuts,CostlyCorianders,3046817
2026-07-01T22:14:00.365898,2026-07-01T22:14:00.377698+00:00,89.9,3,bid,CostlyCorianders,Kelvin Chan,3046836
2026-07-01T22:14:00.365898,2026-07-01T22:14:00.377698+00:00,90.0,4,bid,CostlyCorianders,DiligentDonuts,3046837
2026-07-01T22:14:00.365898,2026-07-01T22:14:00.377698+00:00,90.0,34,bid,CostlyCorianders,EarnestEspressos,3046838
2026-07-01T22:14:01.638706,2026-07-01T22:14:01.650028+00:00,90.0,41,bid,CostlyCorianders,EarnestEspressos,3046861
2026-07-01T22:14:02.211904,2026-07-01T22:14:02.223587+00:00,89.5,46,ask,EarnestEspressos,CostlyCorianders,3046863
2026-07-01T22:14:02.920153,2026-07-01T22:14:02.927780+00:00,89.7,1,ask,Kelvin Chan,Xuanyu Liu,3046874
2026-07-01T22:14:03.000349,2026-07-01T22:14:03.008434+00:00,89.7,1,ask,Kelvin Chan,Xuanyu Liu,3046876
2026-07-01T22:14:03.059384,2026-07-01T22:14:03.067764+00:00,89.7,1,ask,Kelvin Chan,Xuanyu Liu,3046879
2026-07-01T22:14:03.459438,2026-07-01T22:14:03.468415+00:00,89.7,1,ask,Kelvin Chan,Xuanyu Liu,3046884
2026-07-01T22:14:03.499076,2026-07-01T22:14:03.508837+00:00,89.7,1,ask,Kelvin Chan,Xuanyu Liu,3046886
2026-07-01T22:14:03.561656,2026-07-01T22:14:03.572363+00:00,89.7,2,ask,Kelvin Chan,Xuanyu Liu,3046888
2026-07-01T22:14:03.757763,2026-07-01T22:14:03.768883+00:00,90.0,44,bid,CostlyCorianders,DiligentDonuts,3046896
2026-07-01T22:14:03.811182,2026-07-01T22:14:03.822812+00:00,89.6,1,ask,Kelvin Chan,CostlyCorianders,3046897
2026-07-01T22:14:03.811182,2026-07-01T22:14:03.822812+00:00,89.5,45,ask,DiligentDonuts,CostlyCorianders,3046898
2026-07-01T22:14:04.307883,2026-07-01T22:14:04.315625+00:00,89.6,49,ask,DiligentDonuts,CostlyCorianders,3046907
2026-07-01T22:14:05.067177,2026-07-01T22:14:05.078608+00:00,89.6,50,ask,DiligentDonuts,FlawlessFlatbreads,3046917
2026-07-01T22:14:05.373571,2026-07-01T22:14:05.381995+00:00,89.6,1,ask,DiligentDonuts,Xuanyu Liu,3046926
2026-07-01T22:14:07.124529,2026-07-01T22:14:07.135992+00:00,89.9,50,bid,FlawlessFlatbreads,EarnestEspressos,3046951
2026-07-01T22:14:07.564527,2026-07-01T22:14:07.573720+00:00,89.8,41,bid,CostlyCorianders,DiligentDonuts,3046959
2026-07-01T22:14:08.210709,2026-07-01T22:14:08.218197+00:00,89.6,2,ask,Kelvin Chan,CostlyCorianders,3046978
2026-07-01T22:14:08.210709,2026-07-01T22:14:08.223425+00:00,89.4,47,ask,EarnestEspressos,CostlyCorianders,3046979
2026-07-01T22:14:09.285194,2026-07-01T22:14:09.296676+00:00,89.6,1,ask,Kelvin Chan,FlawlessFlatbreads,3046991
2026-07-01T22:14:09.285194,2026-07-01T22:14:09.296676+00:00,89.4,49,ask,EarnestEspressos,FlawlessFlatbreads,3046992
2026-07-01T22:14:09.682324,2026-07-01T22:14:09.694041+00:00,89.8,41,bid,CostlyCorianders,DiligentDonuts,3047006
2026-07-01T22:14:11.393739,2026-07-01T22:14:11.405502+00:00,89.6,2,ask,Kelvin Chan,FlawlessFlatbreads,3047039
2026-07-01T22:14:11.393739,2026-07-01T22:14:11.405502+00:00,89.5,48,ask,DiligentDonuts,FlawlessFlatbreads,3047040
2026-07-01T22:14:12.825340,2026-07-01T22:14:12.833384+00:00,89.6,2,ask,Kelvin Chan,CostlyCorianders,3047067
2026-07-01T22:14:12.825340,2026-07-01T22:14:12.833384+00:00,89.5,45,ask,DiligentDonuts,CostlyCorianders,3047068
2026-07-01T22:14:13.266282,2026-07-01T22:14:13.276435+00:00,89.6,2,ask,Kelvin Chan,Chester Au,3047082
2026-07-01T22:14:13.278780,2026-07-01T22:14:13.287347+00:00,89.5,7,ask,DiligentDonuts,Xuanyu Liu,3047085
2026-07-01T22:14:13.346303,2026-07-01T22:14:13.355831+00:00,89.6,2,ask,Kelvin Chan,Chester Au,3047090
2026-07-01T22:14:13.507773,2026-07-01T22:14:13.526257+00:00,89.6,2,ask,Kelvin Chan,Chester Au,3047098
2026-07-01T22:14:13.510444,2026-07-01T22:14:13.526257+00:00,89.2,50,ask,EarnestEspressos,FlawlessFlatbreads,3047099
2026-07-01T22:14:13.876533,2026-07-01T22:14:13.884058+00:00,89.5,41,bid,CostlyCorianders,DiligentDonuts,3047109
2026-07-01T22:14:14.900068,2026-07-01T22:14:14.909533+00:00,89.5,47,bid,CostlyCorianders,DiligentDonuts,3047127
2026-07-01T22:14:15.214135,2026-07-01T22:14:15.223115+00:00,89.3,8,bid,Xuanyu Liu,EarnestEspressos,3047130
2026-07-01T22:14:15.617176,2026-07-01T22:14:15.628629+00:00,89.0,50,ask,DiligentDonuts,FlawlessFlatbreads,3047138
2026-07-01T22:14:16.497911,2026-07-01T22:14:16.506078+00:00,89.3,48,bid,CostlyCorianders,EarnestEspressos,3047155
2026-07-01T22:14:16.962376,2026-07-01T22:14:16.968958+00:00,89.1,43,ask,DiligentDonuts,CostlyCorianders,3047167
2026-07-01T22:14:17.500645,2026-07-01T22:14:17.511377+00:00,89.3,40,bid,CostlyCorianders,EarnestEspressos,3047178
2026-07-01T22:14:17.726234,2026-07-01T22:14:17.737189+00:00,89.1,50,ask,DiligentDonuts,FlawlessFlatbreads,3047181
2026-07-01T22:14:18.550835,2026-07-01T22:14:18.563864+00:00,89.1,7,ask,DiligentDonuts,CostlyCorianders,3047200
2026-07-01T22:14:18.550835,2026-07-01T22:14:18.563864+00:00,89.1,38,ask,EarnestEspressos,CostlyCorianders,3047201
2026-07-01T22:14:19.203637,2026-07-01T22:14:19.210573+00:00,89.1,43,ask,EarnestEspressos,CostlyCorianders,3047223
2026-07-01T22:14:19.834593,2026-07-01T22:14:19.846279+00:00,89.1,50,ask,EarnestEspressos,FlawlessFlatbreads,3047229
2026-07-01T22:14:20.883913,2026-07-01T22:14:20.891596+00:00,89.3,43,bid,CostlyCorianders,DiligentDonuts,3047240
2026-07-01T22:14:21.116339,2026-07-01T22:14:21.128358+00:00,89.1,19,ask,EarnestEspressos,Chester Au,3047253
2026-07-01T22:14:21.519003,2026-07-01T22:14:21.540111+00:00,88.8,100,ask,DiligentDonuts,EarnestEspressos,3047260
2026-07-01T22:14:21.531580,2026-07-01T22:14:21.540111+00:00,88.7,17,bid,Xuanyu Liu,EarnestEspressos,3047261
2026-07-01T22:14:21.923510,2026-07-01T22:14:21.936155+00:00,88.7,33,bid,CostlyCorianders,EarnestEspressos,3047268
2026-07-01T22:14:21.977745,2026-07-01T22:14:21.989123+00:00,88.2,50,ask,EarnestEspressos,FlawlessFlatbreads,3047272
2026-07-01T22:14:23.530175,2026-07-01T22:14:23.541443+00:00,88.5,48,ask,DiligentDonuts,CostlyCorianders,3047295
2026-07-01T22:14:24.084404,2026-07-01T22:14:24.092295+00:00,88.5,50,ask,DiligentDonuts,FlawlessFlatbreads,3047311
2026-07-01T22:14:24.672141,2026-07-01T22:14:24.681500+00:00,89.0,1,bid,Kelvin Chan,DiligentDonuts,3047323
2026-07-01T22:14:25.139966,2026-07-01T22:14:25.151848+00:00,88.9,41,ask,EarnestEspressos,CostlyCorianders,3047334
2026-07-01T22:14:25.254155,2026-07-01T22:14:25.264916+00:00,89.0,1,bid,Kelvin Chan,DiligentDonuts,3047336
2026-07-01T22:14:25.408682,2026-07-01T22:14:25.418955+00:00,89.0,1,bid,Kelvin Chan,DiligentDonuts,3047339
2026-07-01T22:14:26.212930,2026-07-01T22:14:26.224434+00:00,88.9,50,ask,EarnestEspressos,FlawlessFlatbreads,3047362
2026-07-01T22:14:26.440130,2026-07-01T22:14:26.446812+00:00,88.9,59,ask,EarnestEspressos,DiligentDonuts,3047375
2026-07-01T22:14:26.448679,2026-07-01T22:14:26.446812+00:00,88.5,41,bid,Chester Au,DiligentDonuts,3047376
2026-07-01T22:14:27.849194,2026-07-01T22:14:27.853408+00:00,88.7,20,bid,Chester Au,EarnestEspressos,3047405
2026-07-01T22:14:28.319266,2026-07-01T22:14:28.331034+00:00,88.2,50,ask,EarnestEspressos,FlawlessFlatbreads,3047413
2026-07-01T22:14:28.368471,2026-07-01T22:14:28.377148+00:00,88.7,44,bid,CostlyCorianders,EarnestEspressos,3047415
2026-07-01T22:14:30.375966,2026-07-01T22:14:30.383393+00:00,88.7,50,bid,FlawlessFlatbreads,EarnestEspressos,3047452
2026-07-01T22:14:30.440649,2026-07-01T22:14:30.458619+00:00,88.7,36,bid,CostlyCorianders,EarnestEspressos,3047456
2026-07-01T22:14:30.440649,2026-07-01T22:14:30.458619+00:00,88.9,12,bid,CostlyCorianders,DiligentDonuts,3047457
2026-07-01T22:14:31.052488,2026-07-01T22:14:31.063706+00:00,88.7,41,ask,EarnestEspressos,CostlyCorianders,3047460
2026-07-01T22:14:32.482156,2026-07-01T22:14:32.493638+00:00,88.9,50,bid,FlawlessFlatbreads,DiligentDonuts,3047487
2026-07-01T22:14:34.589804,2026-07-01T22:14:34.601243+00:00,89.1,4,bid,FlawlessFlatbreads,Kelvin Chan,3047542
2026-07-01T22:14:34.589804,2026-07-01T22:14:34.601243+00:00,89.1,46,bid,FlawlessFlatbreads,EarnestEspressos,3047543
2026-07-01T22:14:36.155777,2026-07-01T22:14:36.165692+00:00,88.9,49,ask,DiligentDonuts,CostlyCorianders,3047580
2026-07-01T22:14:36.750648,2026-07-01T22:14:36.763882+00:00,88.9,50,ask,DiligentDonuts,FlawlessFlatbreads,3047595
2026-07-01T22:14:37.672181,2026-07-01T22:14:37.685141+00:00,89.4,45,bid,CostlyCorianders,DiligentDonuts,3047610
2026-07-01T22:14:38.879879,2026-07-01T22:14:38.892155+00:00,88.9,1,ask,DiligentDonuts,FlawlessFlatbreads,3047633
2026-07-01T22:14:38.879879,2026-07-01T22:14:38.892155+00:00,88.9,49,ask,EarnestEspressos,FlawlessFlatbreads,3047634
2026-07-01T22:14:39.726207,2026-07-01T22:14:39.737631+00:00,88.9,48,ask,EarnestEspressos,CostlyCorianders,3047660
2026-07-01T22:14:40.299587,2026-07-01T22:14:40.308637+00:00,89.1,4,bid,CostlyCorianders,Kelvin Chan,3047678
2026-07-01T22:14:40.299587,2026-07-01T22:14:40.308637+00:00,89.2,44,bid,CostlyCorianders,DiligentDonuts,3047679
2026-07-01T22:14:40.988165,2026-07-01T22:14:40.997898+00:00,88.7,50,ask,DiligentDonuts,FlawlessFlatbreads,3047693
2026-07-01T22:14:41.310369,2026-07-01T22:14:41.316797+00:00,89.0,42,bid,CostlyCorianders,EarnestEspressos,3047695
2026-07-01T22:14:42.276139,2026-07-01T22:14:42.287658+00:00,89.0,42,bid,CostlyCorianders,EarnestEspressos,3047714
2026-07-01T22:14:43.331652,2026-07-01T22:14:43.343070+00:00,88.7,41,ask,DiligentDonuts,CostlyCorianders,3047727
2026-07-01T22:14:43.796922,2026-07-01T22:14:43.808311+00:00,89.2,49,bid,CostlyCorianders,DiligentDonuts,3047737
2026-07-01T22:14:45.018804,2026-07-01T22:14:45.030601+00:00,89.0,44,ask,EarnestEspressos,CostlyCorianders,3047775
2026-07-01T22:14:45.172983,2026-07-01T22:14:45.179957+00:00,89.2,50,bid,FlawlessFlatbreads,DiligentDonuts,3047779
2026-07-01T22:14:46.699326,2026-07-01T22:14:46.710766+00:00,89.3,45,bid,CostlyCorianders,DiligentDonuts,3047798
2026-07-01T22:14:47.339256,2026-07-01T22:14:47.364436+00:00,88.8,1,ask,Kelvin Chan,FlawlessFlatbreads,3047817
2026-07-01T22:14:47.339256,2026-07-01T22:14:47.364436+00:00,88.8,49,ask,DiligentDonuts,FlawlessFlatbreads,3047818
2026-07-01T22:14:47.811007,2026-07-01T22:14:47.822375+00:00,88.8,45,ask,DiligentDonuts,CostlyCorianders,3047824
2026-07-01T22:14:49.448044,2026-07-01T22:14:49.452896+00:00,88.8,50,ask,EarnestEspressos,FlawlessFlatbreads,3047857
2026-07-01T22:14:49.509902,2026-07-01T22:14:49.521386+00:00,88.8,43,ask,EarnestEspressos,CostlyCorianders,3047859
2026-07-01T22:14:50.017240,2026-07-01T22:14:50.033296+00:00,88.7,100,ask,DiligentDonuts,EarnestEspressos,3047874
2026-07-01T22:14:50.034484,2026-07-01T22:14:50.059504+00:00,88.7,19,bid,Xuanyu Liu,EarnestEspressos,3047875
2026-07-01T22:14:50.038205,2026-07-01T22:14:50.059504+00:00,88.7,31,bid,CostlyCorianders,EarnestEspressos,3047876
2026-07-01T22:14:50.038205,2026-07-01T22:14:50.059504+00:00,89.2,15,bid,CostlyCorianders,DiligentDonuts,3047877
2026-07-01T22:14:51.555132,2026-07-01T22:14:51.566900+00:00,88.2,50,ask,EarnestEspressos,FlawlessFlatbreads,3047903
2026-07-01T22:14:52.700607,2026-07-01T22:14:52.712210+00:00,88.4,43,ask,DiligentDonuts,CostlyCorianders,3047921
2026-07-01T22:14:53.666523,2026-07-01T22:14:53.672794+00:00,88.6,50,ask,EarnestEspressos,FlawlessFlatbreads,3047936
2026-07-01T22:14:55.291113,2026-07-01T22:14:55.300234+00:00,88.6,2,ask,EarnestEspressos,Xuanyu Liu,3047969
2026-07-01T22:14:55.774450,2026-07-01T22:14:55.782550+00:00,88.6,50,ask,EarnestEspressos,FlawlessFlatbreads,3047977
2026-07-01T22:14:56.514081,2026-07-01T22:14:56.525679+00:00,88.6,49,bid,CostlyCorianders,EarnestEspressos,3047989
2026-07-01T22:14:57.713585,2026-07-01T22:14:57.720473+00:00,88.6,4,bid,Kelvin Chan,EarnestEspressos,3048003
2026-07-01T22:14:57.829170,2026-07-01T22:14:57.837087+00:00,88.6,50,bid,FlawlessFlatbreads,EarnestEspressos,3048006
2026-07-01T22:14:58.183721,2026-07-01T22:14:58.192547+00:00,88.5,3,bid,Kelvin Chan,DiligentDonuts,3048011
2026-07-01T22:14:58.248113,2026-07-01T22:14:58.258610+00:00,88.5,3,bid,Kelvin Chan,DiligentDonuts,3048015
2026-07-01T22:14:59.180204,2026-07-01T22:14:59.188579+00:00,88.5,3,bid,Kelvin Chan,DiligentDonuts,3048025
2026-07-01T22:14:59.221221,2026-07-01T22:14:59.228991+00:00,88.5,10,bid,Xuanyu Liu,DiligentDonuts,3048034
2026-07-01T22:14:59.253849,2026-07-01T22:14:59.263904+00:00,88.5,3,bid,Kelvin Chan,DiligentDonuts,3048036
2026-07-01T22:14:59.320227,2026-07-01T22:14:59.331354+00:00,88.5,3,bid,Kelvin Chan,DiligentDonuts,3048037
2026-07-01T22:14:59.451762,2026-07-01T22:14:59.463602+00:00,88.5,75,bid,EarnestEspressos,DiligentDonuts,3048038
2026-07-01T22:14:59.987856,2026-07-01T22:14:59.999405+00:00,88.7,50,ask,EarnestEspressos,FlawlessFlatbreads,3048045
2026-07-01T22:15:00.929595,2026-07-01T22:15:00.938686+00:00,88.7,12,ask,EarnestEspressos,Xuanyu Liu,3048063
2026-07-01T22:15:01.792906,2026-07-01T22:15:01.804434+00:00,88.9,3,bid,CostlyCorianders,Kelvin Chan,3048078
2026-07-01T22:15:02.430651,2026-07-01T22:15:02.443977+00:00,88.7,13,ask,EarnestEspressos,CostlyCorianders,3048088
2026-07-01T22:15:02.430651,2026-07-01T22:15:02.448476+00:00,88.6,2,ask,Kelvin Chan,CostlyCorianders,3048089
2026-07-01T22:15:02.430651,2026-07-01T22:15:02.448476+00:00,88.6,33,ask,DiligentDonuts,CostlyCorianders,3048090
2026-07-01T22:15:02.672919,2026-07-01T22:15:02.691789+00:00,88.6,67,ask,DiligentDonuts,EarnestEspressos,3048094
2026-07-01T22:15:04.150760,2026-07-01T22:15:04.163582+00:00,88.6,50,bid,FlawlessFlatbreads,EarnestEspressos,3048132
2026-07-01T22:15:04.569900,2026-07-01T22:15:04.579981+00:00,88.6,11,bid,Xuanyu Liu,EarnestEspressos,3048142
2026-07-01T22:15:05.803035,2026-07-01T22:15:05.832957+00:00,88.7,1,ask,EarnestEspressos,Xuanyu Liu,3048159
2026-07-01T22:15:06.258426,2026-07-01T22:15:06.270091+00:00,88.8,50,bid,FlawlessFlatbreads,DiligentDonuts,3048169
2026-07-01T22:15:06.802769,2026-07-01T22:15:06.814469+00:00,88.8,46,bid,CostlyCorianders,DiligentDonuts,3048175
2026-07-01T22:15:07.573874,2026-07-01T22:15:07.585527+00:00,88.8,4,bid,DiligentDonuts,Kelvin Chan,3048191
2026-07-01T22:15:08.284167,2026-07-01T22:15:08.293916+00:00,88.8,1,ask,DiligentDonuts,Xuanyu Liu,3048204
2026-07-01T22:15:08.415779,2026-07-01T22:15:08.425039+00:00,88.8,50,ask,DiligentDonuts,FlawlessFlatbreads,3048207
2026-07-01T22:15:08.469904,2026-07-01T22:15:08.479552+00:00,88.8,11,ask,DiligentDonuts,Xuanyu Liu,3048211
