timestamp,recv_time,price,volume,aggressor_side,buyer,seller,trade_id
2026-07-03T09:00:00.505015,2026-07-03T09:00:00.388209+00:00,113.2,41,ask,DiligentDonuts,CostlyCorianders,5550150
2026-07-03T09:00:01.406303,2026-07-03T09:00:01.416616+00:00,113.2,11,ask,EarnestEspressos,Xuanyu Liu,5550163
2026-07-03T09:00:01.515789,2026-07-03T09:00:01.527117+00:00,113.2,46,ask,EarnestEspressos,CostlyCorianders,5550167
2026-07-03T09:00:03.979863,2026-07-03T09:00:03.991206+00:00,113.2,50,ask,EarnestEspressos,FlawlessFlatbreads,5550209
2026-07-03T09:00:05.080649,2026-07-03T09:00:05.092302+00:00,113.2,41,bid,CostlyCorianders,EarnestEspressos,5550230
2026-07-03T09:00:06.035199,2026-07-03T09:00:06.043838+00:00,113.2,50,bid,FlawlessFlatbreads,EarnestEspressos,5550243
2026-07-03T09:00:07.754879,2026-07-03T09:00:07.766608+00:00,113.5,40,bid,CostlyCorianders,EarnestEspressos,5550278
2026-07-03T09:00:08.303806,2026-07-03T09:00:08.311390+00:00,113.3,46,bid,CostlyCorianders,DiligentDonuts,5550286
2026-07-03T09:00:08.835234,2026-07-03T09:00:08.846611+00:00,113.0,41,ask,EarnestEspressos,CostlyCorianders,5550289
2026-07-03T09:00:11.626693,2026-07-03T09:00:11.635078+00:00,113.5,47,bid,CostlyCorianders,EarnestEspressos,5550348
2026-07-03T09:00:14.507341,2026-07-03T09:00:14.510789+00:00,113.3,50,ask,EarnestEspressos,FlawlessFlatbreads,5550408
2026-07-03T09:00:16.562615,2026-07-03T09:00:16.571718+00:00,113.6,50,bid,FlawlessFlatbreads,DiligentDonuts,5550438
2026-07-03T09:00:17.296988,2026-07-03T09:00:17.308407+00:00,113.4,49,ask,DiligentDonuts,CostlyCorianders,5550449
2026-07-03T09:00:20.198389,2026-07-03T09:00:20.207871+00:00,113.5,44,ask,EarnestEspressos,CostlyCorianders,5550493
2026-07-03T09:00:22.952291,2026-07-03T09:00:22.963761+00:00,113.5,50,ask,EarnestEspressos,FlawlessFlatbreads,5550534
2026-07-03T09:00:23.288975,2026-07-03T09:00:23.311223+00:00,113.6,11,bid,Xuanyu Liu,EarnestEspressos,5550537
2026-07-03T09:00:23.553347,2026-07-03T09:00:23.564775+00:00,113.6,100,bid,DiligentDonuts,EarnestEspressos,5550543
2026-07-03T09:00:23.700564,2026-07-03T09:00:23.708371+00:00,113.6,12,bid,Xuanyu Liu,EarnestEspressos,5550549
2026-07-03T09:00:25.009730,2026-07-03T09:00:25.019994+00:00,113.6,27,bid,FlawlessFlatbreads,EarnestEspressos,5550571
2026-07-03T09:00:25.009730,2026-07-03T09:00:25.019994+00:00,114.1,23,bid,FlawlessFlatbreads,DiligentDonuts,5550572
2026-07-03T09:00:26.323401,2026-07-03T09:00:26.331300+00:00,113.9,23,ask,EarnestEspressos,Xuanyu Liu,5550600
2026-07-03T09:00:26.769635,2026-07-03T09:00:26.780278+00:00,113.9,100,ask,EarnestEspressos,DiligentDonuts,5550606
2026-07-03T09:00:26.772293,2026-07-03T09:00:26.780278+00:00,114.4,41,bid,CostlyCorianders,EarnestEspressos,5550607
2026-07-03T09:00:31.328938,2026-07-03T09:00:31.335950+00:00,114.2,50,bid,FlawlessFlatbreads,EarnestEspressos,5550654
2026-07-03T09:00:32.719033,2026-07-03T09:00:32.730744+00:00,113.9,46,ask,DiligentDonuts,CostlyCorianders,5550681
2026-07-03T09:00:33.490571,2026-07-03T09:00:33.502244+00:00,113.8,50,ask,EarnestEspressos,FlawlessFlatbreads,5550692
2026-07-03T09:00:35.598338,2026-07-03T09:00:35.609439+00:00,113.8,50,ask,EarnestEspressos,FlawlessFlatbreads,5550736
2026-07-03T09:00:35.995271,2026-07-03T09:00:36.005522+00:00,114.0,46,bid,CostlyCorianders,EarnestEspressos,5550743
2026-07-03T09:00:36.690619,2026-07-03T09:00:36.702227+00:00,114.0,43,bid,CostlyCorianders,EarnestEspressos,5550751
2026-07-03T09:00:39.809343,2026-07-03T09:00:39.820800+00:00,113.9,50,ask,EarnestEspressos,FlawlessFlatbreads,5550809
2026-07-03T09:00:41.865874,2026-07-03T09:00:41.877570+00:00,114.2,50,bid,FlawlessFlatbreads,DiligentDonuts,5550843
2026-07-03T09:00:44.022249,2026-07-03T09:00:44.032419+00:00,113.9,50,ask,DiligentDonuts,FlawlessFlatbreads,5550876
2026-07-03T09:00:46.130481,2026-07-03T09:00:46.142069+00:00,113.5,50,ask,EarnestEspressos,FlawlessFlatbreads,5550899
2026-07-03T09:00:48.237886,2026-07-03T09:00:48.249275+00:00,113.5,50,ask,EarnestEspressos,FlawlessFlatbreads,5550927
2026-07-03T09:00:48.342253,2026-07-03T09:00:48.353650+00:00,113.5,40,ask,EarnestEspressos,CostlyCorianders,5550929
2026-07-03T09:00:48.496739,2026-07-03T09:00:48.517068+00:00,113.5,100,ask,DiligentDonuts,EarnestEspressos,5550930
2026-07-03T09:00:48.510246,2026-07-03T09:00:48.517068+00:00,113.4,34,bid,Xuanyu Liu,EarnestEspressos,5550932
2026-07-03T09:00:49.984205,2026-07-03T09:00:49.994432+00:00,113.4,11,bid,Xuanyu Liu,EarnestEspressos,5550954
2026-07-03T09:00:50.294147,2026-07-03T09:00:50.305686+00:00,113.4,5,bid,FlawlessFlatbreads,EarnestEspressos,5550956
2026-07-03T09:00:50.294147,2026-07-03T09:00:50.305686+00:00,113.7,45,bid,FlawlessFlatbreads,DiligentDonuts,5550957
2026-07-03T09:00:52.454836,2026-07-03T09:00:52.466792+00:00,113.6,50,ask,EarnestEspressos,FlawlessFlatbreads,5551002
2026-07-03T09:00:53.621593,2026-07-03T09:00:53.629376+00:00,113.6,11,ask,EarnestEspressos,Xuanyu Liu,5551018
2026-07-03T09:00:53.834018,2026-07-03T09:00:53.845636+00:00,114.0,43,bid,CostlyCorianders,DiligentDonuts,5551020
2026-07-03T09:00:54.563814,2026-07-03T09:00:54.575315+00:00,113.6,50,ask,EarnestEspressos,FlawlessFlatbreads,5551028
2026-07-03T09:00:55.447549,2026-07-03T09:00:55.459163+00:00,113.5,45,ask,DiligentDonuts,CostlyCorianders,5551043
2026-07-03T09:00:56.979839,2026-07-03T09:00:56.982188+00:00,113.5,49,ask,DiligentDonuts,CostlyCorianders,5551064
2026-07-03T09:00:58.722846,2026-07-03T09:00:58.734334+00:00,113.8,50,bid,FlawlessFlatbreads,EarnestEspressos,5551086
2026-07-03T09:00:59.005593,2026-07-03T09:00:59.013605+00:00,113.8,47,bid,CostlyCorianders,EarnestEspressos,5551091
2026-07-03T09:01:00.883827,2026-07-03T09:01:00.895395+00:00,113.4,50,ask,DiligentDonuts,FlawlessFlatbreads,5551124
2026-07-03T09:01:01.179079,2026-07-03T09:01:01.190752+00:00,113.9,41,bid,CostlyCorianders,DiligentDonuts,5551127
2026-07-03T09:01:02.990021,2026-07-03T09:01:03.001507+00:00,113.5,50,ask,EarnestEspressos,FlawlessFlatbreads,5551159
2026-07-03T09:01:05.096284,2026-07-03T09:01:05.105787+00:00,113.2,50,ask,EarnestEspressos,FlawlessFlatbreads,5551184
2026-07-03T09:01:07.150697,2026-07-03T09:01:07.158595+00:00,113.6,50,bid,FlawlessFlatbreads,DiligentDonuts,5551216
2026-07-03T09:01:07.266293,2026-07-03T09:01:07.277837+00:00,113.6,46,bid,CostlyCorianders,DiligentDonuts,5551220
2026-07-03T09:01:08.309205,2026-07-03T09:01:08.316676+00:00,113.4,11,ask,DiligentDonuts,Xuanyu Liu,5551234
2026-07-03T09:01:08.369132,2026-07-03T09:01:08.380728+00:00,113.4,42,ask,DiligentDonuts,CostlyCorianders,5551236
2026-07-03T09:01:09.268623,2026-07-03T09:01:09.279588+00:00,113.5,50,bid,FlawlessFlatbreads,EarnestEspressos,5551250
2026-07-03T09:01:10.418668,2026-07-03T09:01:10.428605+00:00,113.4,46,ask,DiligentDonuts,CostlyCorianders,5551271
2026-07-03T09:01:10.565340,2026-07-03T09:01:10.573026+00:00,113.4,1,ask,DiligentDonuts,Xuanyu Liu,5551280
2026-07-03T09:01:11.424854,2026-07-03T09:01:11.433412+00:00,113.0,50,ask,EarnestEspressos,FlawlessFlatbreads,5551291
2026-07-03T09:01:12.067460,2026-07-03T09:01:12.073937+00:00,113.3,45,bid,CostlyCorianders,DiligentDonuts,5551300
2026-07-03T09:01:12.666483,2026-07-03T09:01:12.678167+00:00,113.3,43,bid,CostlyCorianders,DiligentDonuts,5551309
2026-07-03T09:01:12.720787,2026-07-03T09:01:12.732197+00:00,113.0,45,ask,EarnestEspressos,CostlyCorianders,5551310
2026-07-03T09:01:13.534484,2026-07-03T09:01:13.544912+00:00,113.0,50,ask,EarnestEspressos,FlawlessFlatbreads,5551314
2026-07-03T09:01:13.799292,2026-07-03T09:01:13.808248+00:00,112.9,35,bid,Xuanyu Liu,EarnestEspressos,5551318
2026-07-03T09:01:14.189317,2026-07-03T09:01:14.198162+00:00,112.9,100,bid,DiligentDonuts,EarnestEspressos,5551324
2026-07-03T09:01:14.768892,2026-07-03T09:01:14.780003+00:00,112.9,15,bid,CostlyCorianders,EarnestEspressos,5551333
2026-07-03T09:01:15.642438,2026-07-03T09:01:15.664420+00:00,112.4,50,ask,EarnestEspressos,FlawlessFlatbreads,5551342
2026-07-03T09:01:18.025173,2026-07-03T09:01:18.037465+00:00,113.2,44,bid,CostlyCorianders,EarnestEspressos,5551373
2026-07-03T09:01:18.080094,2026-07-03T09:01:18.086968+00:00,112.8,47,ask,DiligentDonuts,CostlyCorianders,5551374
2026-07-03T09:01:19.696712,2026-07-03T09:01:19.708331+00:00,112.8,47,ask,DiligentDonuts,CostlyCorianders,5551405
2026-07-03T09:01:19.863235,2026-07-03T09:01:19.874692+00:00,112.8,6,ask,DiligentDonuts,FlawlessFlatbreads,5551407
2026-07-03T09:01:19.863235,2026-07-03T09:01:19.874692+00:00,112.7,44,ask,EarnestEspressos,FlawlessFlatbreads,5551408
2026-07-03T09:01:21.922275,2026-07-03T09:01:21.930891+00:00,113.1,50,bid,FlawlessFlatbreads,DiligentDonuts,5551428
2026-07-03T09:01:23.364410,2026-07-03T09:01:23.375862+00:00,113.1,46,bid,CostlyCorianders,DiligentDonuts,5551453
2026-07-03T09:01:24.039454,2026-07-03T09:01:24.048505+00:00,113.5,50,bid,FlawlessFlatbreads,EarnestEspressos,5551464
2026-07-03T09:01:27.959596,2026-07-03T09:01:27.968165+00:00,113.3,12,ask,EarnestEspressos,Xuanyu Liu,5551513
2026-07-03T09:01:28.249691,2026-07-03T09:01:28.258594+00:00,113.5,50,bid,FlawlessFlatbreads,DiligentDonuts,5551520
2026-07-03T09:01:29.399029,2026-07-03T09:01:29.407150+00:00,113.5,40,bid,CostlyCorianders,DiligentDonuts,5551534
2026-07-03T09:01:34.562950,2026-07-03T09:01:34.574393+00:00,113.6,50,bid,FlawlessFlatbreads,EarnestEspressos,5551598
2026-07-03T09:01:35.057362,2026-07-03T09:01:35.068863+00:00,113.3,43,ask,DiligentDonuts,CostlyCorianders,5551602
2026-07-03T09:01:36.668861,2026-07-03T09:01:36.680305+00:00,113.6,50,bid,FlawlessFlatbreads,DiligentDonuts,5551627
2026-07-03T09:01:37.147429,2026-07-03T09:01:37.152831+00:00,113.3,48,ask,EarnestEspressos,CostlyCorianders,5551633
2026-07-03T09:01:38.776143,2026-07-03T09:01:38.787713+00:00,113.6,50,bid,FlawlessFlatbreads,DiligentDonuts,5551648
2026-07-03T09:01:39.493033,2026-07-03T09:01:39.501269+00:00,113.6,11,ask,DiligentDonuts,Xuanyu Liu,5551653
2026-07-03T09:01:39.850107,2026-07-03T09:01:39.851946+00:00,113.6,44,ask,DiligentDonuts,CostlyCorianders,5551661
2026-07-03T09:01:40.884580,2026-07-03T09:01:40.895660+00:00,113.8,50,bid,FlawlessFlatbreads,EarnestEspressos,5551675
2026-07-03T09:01:42.990165,2026-07-03T09:01:43.001823+00:00,114.0,50,bid,FlawlessFlatbreads,EarnestEspressos,5551698
2026-07-03T09:01:45.097413,2026-07-03T09:01:45.105417+00:00,114.0,50,bid,FlawlessFlatbreads,EarnestEspressos,5551724
2026-07-03T09:01:45.107570,2026-07-03T09:01:45.115749+00:00,114.0,46,bid,CostlyCorianders,EarnestEspressos,5551725
2026-07-03T09:01:45.377278,2026-07-03T09:01:45.385997+00:00,114.0,100,bid,EarnestEspressos,DiligentDonuts,5551731
2026-07-03T09:01:45.442383,2026-07-03T09:01:45.450899+00:00,114.2,50,ask,EarnestEspressos,Xuanyu Liu,5551732
2026-07-03T09:01:47.202901,2026-07-03T09:01:47.214514+00:00,114.3,50,bid,FlawlessFlatbreads,DiligentDonuts,5551771
2026-07-03T09:01:48.992745,2026-07-03T09:01:49.004034+00:00,114.1,7,ask,DiligentDonuts,Xuanyu Liu,5551793
2026-07-03T09:01:49.309640,2026-07-03T09:01:49.320934+00:00,114.2,50,bid,FlawlessFlatbreads,EarnestEspressos,5551801
2026-07-03T09:01:51.415332,2026-07-03T09:01:51.427171+00:00,114.2,50,bid,FlawlessFlatbreads,EarnestEspressos,5551826
2026-07-03T09:01:53.201337,2026-07-03T09:01:53.212776+00:00,114.0,47,ask,EarnestEspressos,CostlyCorianders,5551858
2026-07-03T09:01:53.523566,2026-07-03T09:01:53.535084+00:00,114.5,50,bid,FlawlessFlatbreads,EarnestEspressos,5551864
2026-07-03T09:01:54.205726,2026-07-03T09:01:54.217176+00:00,114.5,45,bid,CostlyCorianders,EarnestEspressos,5551880
2026-07-03T09:01:55.262158,2026-07-03T09:01:55.273877+00:00,114.3,40,ask,EarnestEspressos,CostlyCorianders,5551904
2026-07-03T09:01:55.520350,2026-07-03T09:01:55.528781+00:00,114.3,3,ask,EarnestEspressos,Xuanyu Liu,5551909
2026-07-03T09:01:55.631217,2026-07-03T09:01:55.642956+00:00,114.6,50,bid,FlawlessFlatbreads,DiligentDonuts,5551911
2026-07-03T09:01:56.174866,2026-07-03T09:01:56.186430+00:00,114.3,46,ask,EarnestEspressos,CostlyCorianders,5551924
2026-07-03T09:01:57.738229,2026-07-03T09:01:57.749847+00:00,114.6,50,bid,FlawlessFlatbreads,DiligentDonuts,5551942
2026-07-03T09:01:58.131791,2026-07-03T09:01:58.139695+00:00,114.2,3,bid,Xuanyu Liu,EarnestEspressos,5551951
2026-07-03T09:01:58.475016,2026-07-03T09:01:58.483344+00:00,114.2,100,bid,DiligentDonuts,EarnestEspressos,5551962
2026-07-03T09:01:59.843573,2026-07-03T09:01:59.863680+00:00,114.2,47,bid,FlawlessFlatbreads,EarnestEspressos,5551978
2026-07-03T09:01:59.843573,2026-07-03T09:01:59.863680+00:00,114.9,3,bid,FlawlessFlatbreads,DiligentDonuts,5551979
2026-07-03T09:02:01.205450,2026-07-03T09:02:01.213522+00:00,114.3,3,ask,EarnestEspressos,Xuanyu Liu,5551996
2026-07-03T09:02:01.954846,2026-07-03T09:02:01.954457+00:00,114.4,50,bid,FlawlessFlatbreads,DiligentDonuts,5552000
2026-07-03T09:02:04.059242,2026-07-03T09:02:04.071006+00:00,114.4,50,bid,FlawlessFlatbreads,DiligentDonuts,5552034
2026-07-03T09:02:05.871572,2026-07-03T09:02:05.883090+00:00,114.9,44,bid,CostlyCorianders,DiligentDonuts,5552059
2026-07-03T09:02:06.198795,2026-07-03T09:02:06.207290+00:00,114.9,50,bid,FlawlessFlatbreads,DiligentDonuts,5552066
2026-07-03T09:02:06.988960,2026-07-03T09:02:07.000449+00:00,114.5,43,ask,EarnestEspressos,CostlyCorianders,5552078
2026-07-03T09:02:07.965968,2026-07-03T09:02:07.973948+00:00,114.8,3,ask,DiligentDonuts,Xuanyu Liu,5552092
2026-07-03T09:02:08.307686,2026-07-03T09:02:08.314709+00:00,115.0,50,bid,FlawlessFlatbreads,EarnestEspressos,5552101
2026-07-03T09:02:08.649540,2026-07-03T09:02:08.657102+00:00,115.0,3,bid,Xuanyu Liu,EarnestEspressos,5552109
2026-07-03T09:02:10.414492,2026-07-03T09:02:10.425401+00:00,115.0,50,bid,FlawlessFlatbreads,EarnestEspressos,5552146
2026-07-03T09:02:11.070208,2026-07-03T09:02:11.079401+00:00,115.2,3,ask,EarnestEspressos,Xuanyu Liu,5552154
2026-07-03T09:02:11.270681,2026-07-03T09:02:11.278428+00:00,115.2,11,ask,EarnestEspressos,Xuanyu Liu,5552159
2026-07-03T09:02:12.520470,2026-07-03T09:02:12.531727+00:00,115.6,50,bid,FlawlessFlatbreads,DiligentDonuts,5552176
2026-07-03T09:02:14.660834,2026-07-03T09:02:14.674293+00:00,115.7,50,bid,FlawlessFlatbreads,EarnestEspressos,5552209
2026-07-03T09:02:16.067904,2026-07-03T09:02:16.079257+00:00,115.7,44,bid,CostlyCorianders,EarnestEspressos,5552238
2026-07-03T09:02:16.498763,2026-07-03T09:02:16.506850+00:00,115.3,12,ask,DiligentDonuts,Xuanyu Liu,5552243
2026-07-03T09:02:16.771046,2026-07-03T09:02:16.782739+00:00,115.7,50,bid,FlawlessFlatbreads,EarnestEspressos,5552247
2026-07-03T09:02:17.071615,2026-07-03T09:02:17.083400+00:00,115.6,34,ask,EarnestEspressos,Xuanyu Liu,5552251
2026-07-03T09:02:17.122024,2026-07-03T09:02:17.098501+00:00,115.6,22,ask,EarnestEspressos,Zihao Wu,5552257
2026-07-03T09:02:17.493743,2026-07-03T09:02:17.505182+00:00,115.6,94,ask,EarnestEspressos,DiligentDonuts,5552270
2026-07-03T09:02:18.956189,2026-07-03T09:02:18.963952+00:00,115.1,50,ask,DiligentDonuts,FlawlessFlatbreads,5552285
2026-07-03T09:02:19.085047,2026-07-03T09:02:19.096809+00:00,115.1,48,ask,DiligentDonuts,CostlyCorianders,5552287
2026-07-03T09:02:21.062554,2026-07-03T09:02:21.074065+00:00,115.3,50,ask,DiligentDonuts,FlawlessFlatbreads,5552310
2026-07-03T09:02:22.517897,2026-07-03T09:02:22.529672+00:00,115.3,43,ask,DiligentDonuts,CostlyCorianders,5552331
2026-07-03T09:02:23.170912,2026-07-03T09:02:23.180164+00:00,115.3,7,ask,DiligentDonuts,FlawlessFlatbreads,5552341
2026-07-03T09:02:23.170912,2026-07-03T09:02:23.180164+00:00,115.2,43,ask,EarnestEspressos,FlawlessFlatbreads,5552342
2026-07-03T09:02:23.410073,2026-07-03T09:02:23.420571+00:00,115.4,11,bid,Xuanyu Liu,EarnestEspressos,5552345
2026-07-03T09:02:25.278525,2026-07-03T09:02:25.287775+00:00,114.9,50,ask,EarnestEspressos,FlawlessFlatbreads,5552374
2026-07-03T09:02:26.789968,2026-07-03T09:02:26.798793+00:00,115.4,12,bid,Xuanyu Liu,DiligentDonuts,5552400
2026-07-03T09:02:27.393254,2026-07-03T09:02:27.400409+00:00,115.1,50,ask,EarnestEspressos,FlawlessFlatbreads,5552412
2026-07-03T09:02:29.499708,2026-07-03T09:02:29.510451+00:00,115.1,50,ask,EarnestEspressos,FlawlessFlatbreads,5552444
2026-07-03T09:02:29.725280,2026-07-03T09:02:29.746342+00:00,115.1,100,ask,DiligentDonuts,EarnestEspressos,5552450
2026-07-03T09:02:29.738121,2026-07-03T09:02:29.746342+00:00,114.9,37,bid,Xuanyu Liu,EarnestEspressos,5552451
2026-07-03T09:02:30.103984,2026-07-03T09:02:30.115536+00:00,114.9,13,bid,DiligentDonuts,EarnestEspressos,5552461
2026-07-03T09:02:33.658249,2026-07-03T09:02:33.670062+00:00,115.3,50,bid,FlawlessFlatbreads,DiligentDonuts,5552512
2026-07-03T09:02:34.354353,2026-07-03T09:02:34.358591+00:00,115.3,41,bid,CostlyCorianders,DiligentDonuts,5552522
2026-07-03T09:02:34.982080,2026-07-03T09:02:34.994065+00:00,115.3,9,bid,CostlyCorianders,DiligentDonuts,5552529
2026-07-03T09:02:34.982080,2026-07-03T09:02:34.994065+00:00,115.6,40,bid,CostlyCorianders,EarnestEspressos,5552530
2026-07-03T09:02:35.842701,2026-07-03T09:02:35.859373+00:00,115.1,50,ask,EarnestEspressos,FlawlessFlatbreads,5552547
2026-07-03T09:02:37.499177,2026-07-03T09:02:37.507553+00:00,115.2,3,ask,EarnestEspressos,Xuanyu Liu,5552566
2026-07-03T09:02:40.181310,2026-07-03T09:02:40.190708+00:00,115.5,22,bid,Zihao Wu,EarnestEspressos,5552612
2026-07-03T09:02:40.302697,2026-07-03T09:02:40.310798+00:00,115.0,49,ask,EarnestEspressos,CostlyCorianders,5552613
2026-07-03T09:02:42.091000,2026-07-03T09:02:42.097808+00:00,115.5,49,bid,CostlyCorianders,EarnestEspressos,5552637
2026-07-03T09:02:42.122870,2026-07-03T09:02:42.134430+00:00,115.5,50,bid,FlawlessFlatbreads,EarnestEspressos,5552638
2026-07-03T09:02:42.317397,2026-07-03T09:02:42.328914+00:00,115.5,100,bid,EarnestEspressos,DiligentDonuts,5552640
2026-07-03T09:02:42.749621,2026-07-03T09:02:42.758001+00:00,115.5,23,ask,EarnestEspressos,Xuanyu Liu,5552652
2026-07-03T09:02:42.757116,2026-07-03T09:02:42.778630+00:00,115.5,27,ask,EarnestEspressos,CostlyCorianders,5552654
2026-07-03T09:02:44.065017,2026-07-03T09:02:44.073031+00:00,115.5,11,ask,DiligentDonuts,Xuanyu Liu,5552672
2026-07-03T09:02:45.367135,2026-07-03T09:02:45.374358+00:00,115.5,12,ask,DiligentDonuts,Xuanyu Liu,5552700
2026-07-03T09:02:45.533302,2026-07-03T09:02:45.545105+00:00,115.5,77,ask,DiligentDonuts,EarnestEspressos,5552703
2026-07-03T09:02:45.547572,2026-07-03T09:02:45.556469+00:00,115.1,46,bid,Xuanyu Liu,EarnestEspressos,5552706
2026-07-03T09:02:46.333608,2026-07-03T09:02:46.345517+00:00,115.1,27,bid,FlawlessFlatbreads,EarnestEspressos,5552716
2026-07-03T09:02:46.333608,2026-07-03T09:02:46.345517+00:00,115.5,23,bid,FlawlessFlatbreads,DiligentDonuts,5552717
2026-07-03T09:02:46.837052,2026-07-03T09:02:46.848623+00:00,115.5,40,bid,CostlyCorianders,DiligentDonuts,5552723
2026-07-03T09:02:47.293994,2026-07-03T09:02:47.305666+00:00,115.0,47,ask,DiligentDonuts,CostlyCorianders,5552729
2026-07-03T09:02:48.492022,2026-07-03T09:02:48.503871+00:00,115.0,50,ask,DiligentDonuts,FlawlessFlatbreads,5552742
2026-07-03T09:02:48.653933,2026-07-03T09:02:48.663527+00:00,115.3,11,ask,EarnestEspressos,Xuanyu Liu,5552748
2026-07-03T09:02:49.765237,2026-07-03T09:02:49.779781+00:00,115.4,11,bid,Xuanyu Liu,DiligentDonuts,5552769
2026-07-03T09:02:50.440786,2026-07-03T09:02:50.451187+00:00,115.4,45,bid,CostlyCorianders,DiligentDonuts,5552784
2026-07-03T09:02:50.602475,2026-07-03T09:02:50.608875+00:00,115.3,50,ask,EarnestEspressos,FlawlessFlatbreads,5552788
2026-07-03T09:02:51.357475,2026-07-03T09:02:51.369403+00:00,115.4,43,bid,CostlyCorianders,DiligentDonuts,5552800
2026-07-03T09:02:51.925193,2026-07-03T09:02:51.937929+00:00,115.4,1,bid,Xuanyu Liu,DiligentDonuts,5552815
2026-07-03T09:02:52.282295,2026-07-03T09:02:52.290180+00:00,115.6,1,ask,DiligentDonuts,Xuanyu Liu,5552826
2026-07-03T09:02:52.710969,2026-07-03T09:02:52.720014+00:00,115.6,50,ask,DiligentDonuts,FlawlessFlatbreads,5552831
2026-07-03T09:02:53.238394,2026-07-03T09:02:53.246303+00:00,115.6,11,ask,DiligentDonuts,Xuanyu Liu,5552838
2026-07-03T09:02:54.548571,2026-07-03T09:02:54.556526+00:00,115.6,12,ask,DiligentDonuts,Xuanyu Liu,5552870
2026-07-03T09:02:54.817882,2026-07-03T09:02:54.829708+00:00,115.6,26,ask,DiligentDonuts,FlawlessFlatbreads,5552878
2026-07-03T09:02:54.817882,2026-07-03T09:02:54.829708+00:00,115.2,24,ask,EarnestEspressos,FlawlessFlatbreads,5552879
2026-07-03T09:02:55.859626,2026-07-03T09:02:55.867856+00:00,115.6,12,bid,Xuanyu Liu,DiligentDonuts,5552892
2026-07-03T09:03:01.080842,2026-07-03T09:03:01.090156+00:00,115.6,50,bid,FlawlessFlatbreads,DiligentDonuts,5552962
2026-07-03T09:03:03.187238,2026-07-03T09:03:03.198669+00:00,115.7,50,bid,FlawlessFlatbreads,EarnestEspressos,5552983
2026-07-03T09:03:05.393916,2026-07-03T09:03:05.405273+00:00,115.1,41,ask,EarnestEspressos,CostlyCorianders,5553014
2026-07-03T09:03:07.448523,2026-07-03T09:03:07.451340+00:00,115.1,50,ask,EarnestEspressos,FlawlessFlatbreads,5553042
2026-07-03T09:03:07.688705,2026-07-03T09:03:07.695846+00:00,115.2,14,bid,Xuanyu Liu,EarnestEspressos,5553045
2026-07-03T09:03:08.070154,2026-07-03T09:03:08.081726+00:00,115.2,100,bid,DiligentDonuts,EarnestEspressos,5553060
2026-07-03T09:03:09.555413,2026-07-03T09:03:09.566825+00:00,114.7,50,ask,EarnestEspressos,FlawlessFlatbreads,5553081
2026-07-03T09:03:11.663468,2026-07-03T09:03:11.677722+00:00,115.1,50,ask,EarnestEspressos,FlawlessFlatbreads,5553107
2026-07-03T09:03:12.814107,2026-07-03T09:03:12.825313+00:00,115.1,3,ask,EarnestEspressos,Xuanyu Liu,5553127
2026-07-03T09:03:13.770606,2026-07-03T09:03:13.782316+00:00,115.1,50,ask,EarnestEspressos,FlawlessFlatbreads,5553139
2026-07-03T09:03:14.357605,2026-07-03T09:03:14.368977+00:00,114.5,48,ask,EarnestEspressos,CostlyCorianders,5553148
2026-07-03T09:03:15.221157,2026-07-03T09:03:15.231627+00:00,115.0,3,bid,Xuanyu Liu,EarnestEspressos,5553170
2026-07-03T09:03:15.827573,2026-07-03T09:03:15.869462+00:00,115.0,50,bid,FlawlessFlatbreads,EarnestEspressos,5553179
2026-07-03T09:03:17.504801,2026-07-03T09:03:17.511511+00:00,115.2,41,bid,CostlyCorianders,EarnestEspressos,5553204
2026-07-03T09:03:17.984757,2026-07-03T09:03:17.994030+00:00,114.8,50,ask,DiligentDonuts,FlawlessFlatbreads,5553214
2026-07-03T09:03:18.977077,2026-07-03T09:03:18.988413+00:00,114.8,41,ask,DiligentDonuts,CostlyCorianders,5553226
2026-07-03T09:03:19.552789,2026-07-03T09:03:19.564261+00:00,115.2,44,bid,CostlyCorianders,EarnestEspressos,5553236
2026-07-03T09:03:20.748010,2026-07-03T09:03:20.758321+00:00,114.9,46,ask,EarnestEspressos,CostlyCorianders,5553253
2026-07-03T09:03:20.775195,2026-07-03T09:03:20.786764+00:00,114.9,100,ask,EarnestEspressos,DiligentDonuts,5553254
2026-07-03T09:03:22.216534,2026-07-03T09:03:22.228198+00:00,114.9,4,ask,EarnestEspressos,FlawlessFlatbreads,5553276
2026-07-03T09:03:22.216534,2026-07-03T09:03:22.228198+00:00,114.4,46,ask,DiligentDonuts,FlawlessFlatbreads,5553277
2026-07-03T09:03:23.512038,2026-07-03T09:03:23.523402+00:00,114.9,48,bid,CostlyCorianders,EarnestEspressos,5553298
2026-07-03T09:03:24.325082,2026-07-03T09:03:24.336738+00:00,114.8,50,ask,DiligentDonuts,FlawlessFlatbreads,5553304
2026-07-03T09:03:24.515298,2026-07-03T09:03:24.532730+00:00,114.9,41,bid,CostlyCorianders,EarnestEspressos,5553306
2026-07-03T09:03:26.431460,2026-07-03T09:03:26.442758+00:00,114.8,50,ask,DiligentDonuts,FlawlessFlatbreads,5553338
2026-07-03T09:03:27.498299,2026-07-03T09:03:27.509634+00:00,114.9,42,ask,EarnestEspressos,CostlyCorianders,5553357
2026-07-03T09:03:28.513428,2026-07-03T09:03:28.521066+00:00,115.0,50,bid,FlawlessFlatbreads,DiligentDonuts,5553371
2026-07-03T09:03:28.947839,2026-07-03T09:03:28.959168+00:00,114.9,44,ask,EarnestEspressos,CostlyCorianders,5553384
2026-07-03T09:03:30.671051,2026-07-03T09:03:30.682541+00:00,114.5,50,ask,DiligentDonuts,FlawlessFlatbreads,5553418
2026-07-03T09:03:33.475230,2026-07-03T09:03:33.486419+00:00,114.9,46,bid,CostlyCorianders,DiligentDonuts,5553458
2026-07-03T09:03:35.491033,2026-07-03T09:03:35.499062+00:00,114.9,44,bid,CostlyCorianders,DiligentDonuts,5553487
2026-07-03T09:03:36.016878,2026-07-03T09:03:36.028397+00:00,114.5,48,ask,EarnestEspressos,CostlyCorianders,5553500
2026-07-03T09:03:36.159482,2026-07-03T09:03:36.168753+00:00,114.8,3,bid,Xuanyu Liu,EarnestEspressos,5553503
2026-07-03T09:03:36.617443,2026-07-03T09:03:36.626076+00:00,114.8,11,bid,Xuanyu Liu,EarnestEspressos,5553515
2026-07-03T09:03:39.071273,2026-07-03T09:03:39.082960+00:00,114.8,50,bid,FlawlessFlatbreads,EarnestEspressos,5553540
2026-07-03T09:03:41.178406,2026-07-03T09:03:41.189862+00:00,115.0,50,bid,FlawlessFlatbreads,EarnestEspressos,5553572
2026-07-03T09:03:41.938730,2026-07-03T09:03:41.950406+00:00,115.0,41,bid,CostlyCorianders,EarnestEspressos,5553588
2026-07-03T09:03:42.459459,2026-07-03T09:03:42.468411+00:00,114.9,11,ask,EarnestEspressos,Xuanyu Liu,5553594
2026-07-03T09:03:43.289336,2026-07-03T09:03:43.297206+00:00,115.2,50,bid,FlawlessFlatbreads,DiligentDonuts,5553610
2026-07-03T09:03:44.486451,2026-07-03T09:03:44.493960+00:00,114.9,3,ask,EarnestEspressos,Xuanyu Liu,5553626
2026-07-03T09:03:45.465405,2026-07-03T09:03:45.479257+00:00,114.9,50,ask,EarnestEspressos,FlawlessFlatbreads,5553631
2026-07-03T09:03:47.521497,2026-07-03T09:03:47.533139+00:00,115.1,50,bid,FlawlessFlatbreads,EarnestEspressos,5553658
2026-07-03T09:03:49.630270,2026-07-03T09:03:49.641843+00:00,115.2,50,bid,FlawlessFlatbreads,EarnestEspressos,5553672
2026-07-03T09:03:51.765044,2026-07-03T09:03:51.776552+00:00,115.2,50,bid,FlawlessFlatbreads,EarnestEspressos,5553710
2026-07-03T09:03:51.934601,2026-07-03T09:03:51.946002+00:00,115.2,100,bid,EarnestEspressos,DiligentDonuts,5553712
2026-07-03T09:03:52.388206,2026-07-03T09:03:52.397034+00:00,115.3,3,ask,EarnestEspressos,Xuanyu Liu,5553718
2026-07-03T09:03:55.984811,2026-07-03T09:03:55.996490+00:00,115.4,50,bid,FlawlessFlatbreads,EarnestEspressos,5553774
2026-07-03T09:03:57.406146,2026-07-03T09:03:57.417542+00:00,115.2,47,ask,DiligentDonuts,CostlyCorianders,5553794
2026-07-03T09:03:58.091269,2026-07-03T09:03:58.102612+00:00,115.4,50,bid,FlawlessFlatbreads,EarnestEspressos,5553807
2026-07-03T09:03:58.475199,2026-07-03T09:03:58.486688+00:00,115.5,43,ask,EarnestEspressos,CostlyCorianders,5553811
2026-07-03T09:04:00.520428,2026-07-03T09:04:00.532020+00:00,115.5,44,ask,EarnestEspressos,CostlyCorianders,5553845
2026-07-03T09:04:02.064124,2026-07-03T09:04:02.075675+00:00,115.6,44,bid,CostlyCorianders,EarnestEspressos,5553865
2026-07-03T09:04:02.350446,2026-07-03T09:04:02.358592+00:00,115.4,50,ask,DiligentDonuts,FlawlessFlatbreads,5553866
2026-07-03T09:04:06.509870,2026-07-03T09:04:06.521814+00:00,115.7,50,bid,FlawlessFlatbreads,DiligentDonuts,5553931
2026-07-03T09:04:07.648132,2026-07-03T09:04:07.659544+00:00,115.7,42,bid,CostlyCorianders,DiligentDonuts,5553956
2026-07-03T09:04:08.669079,2026-07-03T09:04:08.680533+00:00,115.3,50,ask,DiligentDonuts,FlawlessFlatbreads,5553963
2026-07-03T09:04:09.931657,2026-07-03T09:04:09.943018+00:00,115.3,40,ask,DiligentDonuts,CostlyCorianders,5553996
2026-07-03T09:04:10.775918,2026-07-03T09:04:10.787142+00:00,115.3,10,ask,DiligentDonuts,FlawlessFlatbreads,5554005
2026-07-03T09:04:10.775918,2026-07-03T09:04:10.787142+00:00,115.2,40,ask,EarnestEspressos,FlawlessFlatbreads,5554006
2026-07-03T09:04:11.042402,2026-07-03T09:04:11.063625+00:00,115.7,43,bid,CostlyCorianders,EarnestEspressos,5554012
2026-07-03T09:04:11.515408,2026-07-03T09:04:11.527187+00:00,115.2,47,ask,EarnestEspressos,CostlyCorianders,5554017
2026-07-03T09:04:12.882777,2026-07-03T09:04:12.894371+00:00,115.2,50,ask,EarnestEspressos,FlawlessFlatbreads,5554030
2026-07-03T09:04:13.269809,2026-07-03T09:04:13.281388+00:00,115.7,44,bid,CostlyCorianders,EarnestEspressos,5554032
2026-07-03T09:04:14.402296,2026-07-03T09:04:14.414133+00:00,115.3,40,ask,EarnestEspressos,CostlyCorianders,5554061
2026-07-03T09:04:14.989108,2026-07-03T09:04:15.000480+00:00,115.3,50,ask,EarnestEspressos,FlawlessFlatbreads,5554074
2026-07-03T09:04:16.926172,2026-07-03T09:04:16.934479+00:00,115.8,49,bid,CostlyCorianders,EarnestEspressos,5554099
2026-07-03T09:04:17.099831,2026-07-03T09:04:17.107458+00:00,115.3,50,ask,EarnestEspressos,FlawlessFlatbreads,5554102
2026-07-03T09:04:17.324481,2026-07-03T09:04:17.333158+00:00,115.3,100,ask,DiligentDonuts,EarnestEspressos,5554107
2026-07-03T09:04:17.335607,2026-07-03T09:04:17.344503+00:00,115.3,3,bid,Xuanyu Liu,EarnestEspressos,5554108
2026-07-03T09:04:19.206282,2026-07-03T09:04:19.218028+00:00,114.8,50,ask,EarnestEspressos,FlawlessFlatbreads,5554131
2026-07-03T09:04:19.568577,2026-07-03T09:04:19.580057+00:00,115.3,40,bid,CostlyCorianders,EarnestEspressos,5554137
2026-07-03T09:04:21.132754,2026-07-03T09:04:21.144231+00:00,115.1,40,ask,EarnestEspressos,CostlyCorianders,5554175
2026-07-03T09:04:21.314744,2026-07-03T09:04:21.326348+00:00,115.1,50,ask,EarnestEspressos,FlawlessFlatbreads,5554179
2026-07-03T09:04:23.307132,2026-07-03T09:04:23.316340+00:00,115.1,48,ask,EarnestEspressos,CostlyCorianders,5554204
2026-07-03T09:04:23.420087,2026-07-03T09:04:23.431566+00:00,115.1,12,ask,EarnestEspressos,FlawlessFlatbreads,5554205
2026-07-03T09:04:23.420087,2026-07-03T09:04:23.431566+00:00,114.8,38,ask,DiligentDonuts,FlawlessFlatbreads,5554206
2026-07-03T09:04:23.654290,2026-07-03T09:04:23.662153+00:00,115.0,3,bid,Xuanyu Liu,EarnestEspressos,5554212
2026-07-03T09:04:23.844039,2026-07-03T09:04:23.852692+00:00,115.0,11,bid,Xuanyu Liu,EarnestEspressos,5554219
2026-07-03T09:04:24.962404,2026-07-03T09:04:24.974039+00:00,115.0,41,bid,CostlyCorianders,EarnestEspressos,5554239
2026-07-03T09:04:25.483083,2026-07-03T09:04:25.494440+00:00,115.0,49,bid,CostlyCorianders,EarnestEspressos,5554249
2026-07-03T09:04:25.530180,2026-07-03T09:04:25.541483+00:00,114.8,50,ask,DiligentDonuts,FlawlessFlatbreads,5554250
2026-07-03T09:04:26.534199,2026-07-03T09:04:26.540679+00:00,115.0,45,bid,CostlyCorianders,EarnestEspressos,5554265
2026-07-03T09:04:26.767791,2026-07-03T09:04:26.776050+00:00,115.2,11,ask,EarnestEspressos,Xuanyu Liu,5554270
2026-07-03T09:04:27.166551,2026-07-03T09:04:27.171004+00:00,115.2,100,ask,EarnestEspressos,DiligentDonuts,5554273
2026-07-03T09:04:27.551205,2026-07-03T09:04:27.557508+00:00,115.2,39,ask,EarnestEspressos,CostlyCorianders,5554283
2026-07-03T09:04:27.551205,2026-07-03T09:04:27.557508+00:00,114.6,3,ask,DiligentDonuts,CostlyCorianders,5554284
2026-07-03T09:04:27.635588,2026-07-03T09:04:27.647000+00:00,114.6,50,ask,DiligentDonuts,FlawlessFlatbreads,5554285
2026-07-03T09:04:29.742346,2026-07-03T09:04:29.750098+00:00,114.6,47,ask,DiligentDonuts,FlawlessFlatbreads,5554323
2026-07-03T09:04:31.797945,2026-07-03T09:04:31.809358+00:00,115.1,50,bid,FlawlessFlatbreads,EarnestEspressos,5554353
2026-07-03T09:04:32.495212,2026-07-03T09:04:32.506917+00:00,114.6,43,ask,EarnestEspressos,CostlyCorianders,5554367
2026-07-03T09:04:33.894028,2026-07-03T09:04:33.902181+00:00,114.8,11,bid,Xuanyu Liu,DiligentDonuts,5554387
2026-07-03T09:04:33.904868,2026-07-03T09:04:33.917828+00:00,114.8,50,bid,FlawlessFlatbreads,DiligentDonuts,5554389
2026-07-03T09:04:34.320296,2026-07-03T09:04:34.328345+00:00,114.8,12,bid,Xuanyu Liu,DiligentDonuts,5554397
2026-07-03T09:04:35.108025,2026-07-03T09:04:35.121030+00:00,114.8,11,bid,Xuanyu Liu,DiligentDonuts,5554417
2026-07-03T09:04:35.538390,2026-07-03T09:04:35.549966+00:00,114.8,16,bid,CostlyCorianders,DiligentDonuts,5554425
2026-07-03T09:04:35.538390,2026-07-03T09:04:35.549966+00:00,114.9,33,bid,CostlyCorianders,EarnestEspressos,5554426
2026-07-03T09:04:36.009526,2026-07-03T09:04:36.018767+00:00,114.9,50,bid,FlawlessFlatbreads,EarnestEspressos,5554439
2026-07-03T09:04:36.107357,2026-07-03T09:04:36.118981+00:00,114.4,43,ask,EarnestEspressos,CostlyCorianders,5554441
2026-07-03T09:04:36.748152,2026-07-03T09:04:36.753456+00:00,115.0,42,bid,CostlyCorianders,EarnestEspressos,5554451
2026-07-03T09:04:38.177526,2026-07-03T09:04:38.188977+00:00,114.6,50,ask,DiligentDonuts,FlawlessFlatbreads,5554466
2026-07-03T09:04:39.406872,2026-07-03T09:04:39.415980+00:00,115.0,11,ask,EarnestEspressos,Xuanyu Liu,5554489
2026-07-03T09:04:40.286079,2026-07-03T09:04:40.297752+00:00,115.0,50,ask,EarnestEspressos,FlawlessFlatbreads,5554501
2026-07-03T09:04:41.839316,2026-07-03T09:04:41.858685+00:00,115.0,47,ask,EarnestEspressos,CostlyCorianders,5554522
2026-07-03T09:04:42.392283,2026-07-03T09:04:42.399545+00:00,115.0,12,ask,EarnestEspressos,Xuanyu Liu,5554544
2026-07-03T09:04:42.848940,2026-07-03T09:04:42.855419+00:00,114.8,47,bid,CostlyCorianders,EarnestEspressos,5554549
2026-07-03T09:04:43.313017,2026-07-03T09:04:43.324864+00:00,114.6,43,ask,DiligentDonuts,CostlyCorianders,5554556
2026-07-03T09:04:43.896407,2026-07-03T09:04:43.907832+00:00,114.8,47,bid,CostlyCorianders,EarnestEspressos,5554580
2026-07-03T09:04:44.447727,2026-07-03T09:04:44.459323+00:00,114.8,50,bid,FlawlessFlatbreads,EarnestEspressos,5554584
2026-07-03T09:04:44.544818,2026-07-03T09:04:44.556420+00:00,114.6,42,ask,DiligentDonuts,CostlyCorianders,5554585
2026-07-03T09:04:45.587648,2026-07-03T09:04:45.597053+00:00,114.8,6,bid,CostlyCorianders,EarnestEspressos,5554608
2026-07-03T09:04:45.587648,2026-07-03T09:04:45.597053+00:00,115.1,36,bid,CostlyCorianders,DiligentDonuts,5554609
2026-07-03T09:04:45.642776,2026-07-03T09:04:45.650329+00:00,114.6,15,ask,DiligentDonuts,CostlyCorianders,5554610
2026-07-03T09:04:46.153309,2026-07-03T09:04:46.164938+00:00,114.8,100,ask,EarnestEspressos,DiligentDonuts,5554622
2026-07-03T09:04:46.574618,2026-07-03T09:04:46.584788+00:00,115.3,50,bid,FlawlessFlatbreads,EarnestEspressos,5554632
2026-07-03T09:04:48.680983,2026-07-03T09:04:48.692646+00:00,115.3,50,bid,FlawlessFlatbreads,EarnestEspressos,5554676
2026-07-03T09:04:50.064857,2026-07-03T09:04:50.072564+00:00,114.9,11,ask,EarnestEspressos,Xuanyu Liu,5554701
2026-07-03T09:04:50.788918,2026-07-03T09:04:50.795627+00:00,115.2,50,bid,FlawlessFlatbreads,DiligentDonuts,5554721
2026-07-03T09:04:52.895983,2026-07-03T09:04:52.907323+00:00,115.3,50,bid,FlawlessFlatbreads,DiligentDonuts,5554753
2026-07-03T09:04:53.310323,2026-07-03T09:04:53.317062+00:00,114.9,49,ask,EarnestEspressos,CostlyCorianders,5554757
2026-07-03T09:04:55.000770,2026-07-03T09:04:55.008496+00:00,115.3,50,bid,FlawlessFlatbreads,DiligentDonuts,5554783
2026-07-03T09:04:55.010068,2026-07-03T09:04:55.018976+00:00,115.4,43,bid,CostlyCorianders,EarnestEspressos,5554784
2026-07-03T09:04:55.592922,2026-07-03T09:04:55.600162+00:00,115.4,3,ask,DiligentDonuts,Xuanyu Liu,5554797
2026-07-03T09:04:56.125032,2026-07-03T09:04:56.134448+00:00,115.4,41,ask,DiligentDonuts,CostlyCorianders,5554809
2026-07-03T09:04:57.106619,2026-07-03T09:04:57.113467+00:00,115.6,50,bid,FlawlessFlatbreads,EarnestEspressos,5554826
2026-07-03T09:04:59.212744,2026-07-03T09:04:59.224196+00:00,115.5,50,bid,FlawlessFlatbreads,DiligentDonuts,5554849
2026-07-03T09:05:01.912707,2026-07-03T09:05:01.923613+00:00,115.4,3,ask,DiligentDonuts,Xuanyu Liu,5554886
2026-07-03T09:05:02.164334,2026-07-03T09:05:02.176144+00:00,115.4,44,ask,DiligentDonuts,CostlyCorianders,5554890
2026-07-03T09:05:03.452952,2026-07-03T09:05:03.464456+00:00,115.5,50,bid,FlawlessFlatbreads,EarnestEspressos,5554910
2026-07-03T09:05:04.209001,2026-07-03T09:05:04.220317+00:00,115.4,48,ask,DiligentDonuts,CostlyCorianders,5554918
2026-07-03T09:05:04.692468,2026-07-03T09:05:04.703947+00:00,115.9,49,bid,CostlyCorianders,DiligentDonuts,5554924
2026-07-03T09:05:05.588500,2026-07-03T09:05:05.599857+00:00,115.8,50,bid,FlawlessFlatbreads,DiligentDonuts,5554935
2026-07-03T09:05:06.184315,2026-07-03T09:05:06.193221+00:00,115.8,41,bid,CostlyCorianders,DiligentDonuts,5554946
2026-07-03T09:05:06.686650,2026-07-03T09:05:06.694137+00:00,115.4,41,ask,EarnestEspressos,CostlyCorianders,5554962
2026-07-03T09:05:07.694402,2026-07-03T09:05:07.702853+00:00,115.8,9,bid,FlawlessFlatbreads,DiligentDonuts,5554976
2026-07-03T09:05:07.694402,2026-07-03T09:05:07.702853+00:00,115.9,41,bid,FlawlessFlatbreads,EarnestEspressos,5554977
2026-07-03T09:05:08.772777,2026-07-03T09:05:08.779391+00:00,115.8,47,ask,DiligentDonuts,CostlyCorianders,5554997
2026-07-03T09:05:11.307732,2026-07-03T09:05:11.319201+00:00,116.1,41,bid,CostlyCorianders,EarnestEspressos,5555042
2026-07-03T09:05:13.675464,2026-07-03T09:05:13.683236+00:00,115.9,11,ask,DiligentDonuts,Xuanyu Liu,5555078
2026-07-03T09:05:14.007965,2026-07-03T09:05:14.019378+00:00,116.1,50,bid,FlawlessFlatbreads,EarnestEspressos,5555087
2026-07-03T09:05:14.197617,2026-07-03T09:05:14.206068+00:00,116.0,12,ask,EarnestEspressos,Xuanyu Liu,5555091
2026-07-03T09:05:16.166277,2026-07-03T09:05:16.168666+00:00,116.0,50,ask,EarnestEspressos,FlawlessFlatbreads,5555118
2026-07-03T09:05:16.360971,2026-07-03T09:05:16.379416+00:00,116.0,11,ask,EarnestEspressos,Xuanyu Liu,5555127
2026-07-03T09:05:19.588288,2026-07-03T09:05:19.596168+00:00,116.0,48,bid,CostlyCorianders,DiligentDonuts,5555184
2026-07-03T09:05:22.480083,2026-07-03T09:05:22.491631+00:00,115.8,50,ask,DiligentDonuts,FlawlessFlatbreads,5555233
2026-07-03T09:05:24.589527,2026-07-03T09:05:24.601115+00:00,115.6,50,ask,EarnestEspressos,FlawlessFlatbreads,5555280
2026-07-03T09:05:26.697356,2026-07-03T09:05:26.708782+00:00,115.6,50,ask,EarnestEspressos,FlawlessFlatbreads,5555307
2026-07-03T09:05:26.896883,2026-07-03T09:05:26.905428+00:00,115.7,23,bid,Xuanyu Liu,EarnestEspressos,5555308
2026-07-03T09:05:27.837775,2026-07-03T09:05:27.845946+00:00,115.5,46,ask,DiligentDonuts,CostlyCorianders,5555324
2026-07-03T09:05:28.803671,2026-07-03T09:05:28.815225+00:00,115.5,50,ask,DiligentDonuts,FlawlessFlatbreads,5555343
2026-07-03T09:05:30.917322,2026-07-03T09:05:30.928823+00:00,115.3,50,ask,EarnestEspressos,FlawlessFlatbreads,5555378
2026-07-03T09:05:31.315002,2026-07-03T09:05:31.323414+00:00,115.7,46,bid,CostlyCorianders,DiligentDonuts,5555381
2026-07-03T09:05:32.261786,2026-07-03T09:05:32.273108+00:00,115.3,48,ask,EarnestEspressos,CostlyCorianders,5555390
2026-07-03T09:05:33.023153,2026-07-03T09:05:33.034642+00:00,115.3,50,ask,EarnestEspressos,FlawlessFlatbreads,5555405
2026-07-03T09:05:33.210966,2026-07-03T09:05:33.220407+00:00,115.2,100,ask,DiligentDonuts,EarnestEspressos,5555409
2026-07-03T09:05:33.222702,2026-07-03T09:05:33.230434+00:00,115.1,17,bid,Xuanyu Liu,EarnestEspressos,5555410
2026-07-03T09:05:34.641950,2026-07-03T09:05:34.649749+00:00,115.1,11,bid,Xuanyu Liu,EarnestEspressos,5555433
2026-07-03T09:05:35.129711,2026-07-03T09:05:35.141101+00:00,115.0,50,ask,DiligentDonuts,FlawlessFlatbreads,5555440
2026-07-03T09:05:35.488960,2026-07-03T09:05:35.497235+00:00,115.0,40,ask,DiligentDonuts,CostlyCorianders,5555445
2026-07-03T09:05:35.949950,2026-07-03T09:05:35.957812+00:00,115.0,10,ask,DiligentDonuts,Xuanyu Liu,5555453
2026-07-03T09:05:37.238834,2026-07-03T09:05:37.248249+00:00,114.8,50,ask,EarnestEspressos,FlawlessFlatbreads,5555464
2026-07-03T09:05:38.065906,2026-07-03T09:05:38.075372+00:00,114.9,10,bid,Xuanyu Liu,DiligentDonuts,5555475
2026-07-03T09:05:39.345705,2026-07-03T09:05:39.357038+00:00,114.8,50,ask,EarnestEspressos,FlawlessFlatbreads,5555496
2026-07-03T09:05:40.309739,2026-07-03T09:05:40.321574+00:00,115.0,40,bid,CostlyCorianders,EarnestEspressos,5555506
2026-07-03T09:05:40.880020,2026-07-03T09:05:40.890787+00:00,115.0,49,bid,CostlyCorianders,EarnestEspressos,5555514
2026-07-03T09:05:44.180831,2026-07-03T09:05:44.192287+00:00,114.8,40,bid,CostlyCorianders,DiligentDonuts,5555561
2026-07-03T09:05:44.236479,2026-07-03T09:05:44.248029+00:00,114.6,45,ask,EarnestEspressos,CostlyCorianders,5555563
2026-07-03T09:05:45.611507,2026-07-03T09:05:45.628214+00:00,114.8,50,bid,FlawlessFlatbreads,DiligentDonuts,5555581
2026-07-03T09:05:47.718888,2026-07-03T09:05:47.730163+00:00,115.2,50,bid,FlawlessFlatbreads,EarnestEspressos,5555616
2026-07-03T09:05:48.682799,2026-07-03T09:05:48.694182+00:00,114.8,46,ask,DiligentDonuts,CostlyCorianders,5555635
2026-07-03T09:05:49.095432,2026-07-03T09:05:49.103337+00:00,114.8,11,ask,DiligentDonuts,Xuanyu Liu,5555643
2026-07-03T09:05:49.824481,2026-07-03T09:05:49.836089+00:00,114.9,50,bid,FlawlessFlatbreads,DiligentDonuts,5555655
2026-07-03T09:05:50.174847,2026-07-03T09:05:50.183297+00:00,114.8,3,ask,EarnestEspressos,Xuanyu Liu,5555660
2026-07-03T09:05:50.686507,2026-07-03T09:05:50.698040+00:00,114.8,43,ask,EarnestEspressos,CostlyCorianders,5555672
2026-07-03T09:05:51.959292,2026-07-03T09:05:51.969128+00:00,114.9,50,bid,FlawlessFlatbreads,DiligentDonuts,5555685
2026-07-03T09:05:54.065172,2026-07-03T09:05:54.076900+00:00,114.9,50,bid,FlawlessFlatbreads,EarnestEspressos,5555716
2026-07-03T09:05:54.072836,2026-07-03T09:05:54.082117+00:00,114.9,46,bid,CostlyCorianders,EarnestEspressos,5555717
2026-07-03T09:05:56.199480,2026-07-03T09:05:56.210590+00:00,115.3,50,bid,FlawlessFlatbreads,DiligentDonuts,5555733
2026-07-03T09:05:56.295803,2026-07-03T09:05:56.307194+00:00,114.9,42,ask,EarnestEspressos,CostlyCorianders,5555738
2026-07-03T09:05:58.310226,2026-07-03T09:05:58.321969+00:00,115.3,50,bid,FlawlessFlatbreads,DiligentDonuts,5555770
2026-07-03T09:06:00.421042,2026-07-03T09:06:00.429271+00:00,115.2,50,bid,FlawlessFlatbreads,EarnestEspressos,5555807
2026-07-03T09:06:02.286044,2026-07-03T09:06:02.293492+00:00,115.1,3,ask,DiligentDonuts,Xuanyu Liu,5555849
2026-07-03T09:06:02.583487,2026-07-03T09:06:02.590937+00:00,115.1,50,ask,DiligentDonuts,FlawlessFlatbreads,5555855
2026-07-03T09:06:03.019548,2026-07-03T09:06:03.031328+00:00,115.1,47,ask,DiligentDonuts,Alan Niu,5555863
2026-07-03T09:06:04.181767,2026-07-03T09:06:04.193271+00:00,115.4,48,bid,CostlyCorianders,EarnestEspressos,5555881
2026-07-03T09:06:04.691348,2026-07-03T09:06:04.701080+00:00,114.9,50,ask,EarnestEspressos,FlawlessFlatbreads,5555885
2026-07-03T09:06:05.880942,2026-07-03T09:06:05.900776+00:00,115.1,40,bid,CostlyCorianders,DiligentDonuts,5555921
2026-07-03T09:06:06.797730,2026-07-03T09:06:06.809293+00:00,114.8,50,ask,EarnestEspressos,FlawlessFlatbreads,5555934
2026-07-03T09:06:08.598015,2026-07-03T09:06:08.609815+00:00,114.8,45,ask,DiligentDonuts,CostlyCorianders,5555966
2026-07-03T09:06:08.922373,2026-07-03T09:06:08.932642+00:00,114.8,50,ask,DiligentDonuts,FlawlessFlatbreads,5555975
2026-07-03T09:06:09.534419,2026-07-03T09:06:09.545982+00:00,115.2,45,bid,CostlyCorianders,EarnestEspressos,5555996
2026-07-03T09:06:10.051502,2026-07-03T09:06:10.064087+00:00,114.8,5,ask,DiligentDonuts,CostlyCorianders,5556008
2026-07-03T09:06:10.051502,2026-07-03T09:06:10.064087+00:00,114.7,41,ask,EarnestEspressos,CostlyCorianders,5556009
2026-07-03T09:06:11.028342,2026-07-03T09:06:11.039716+00:00,114.7,50,ask,EarnestEspressos,FlawlessFlatbreads,5556024
2026-07-03T09:06:11.191212,2026-07-03T09:06:11.199294+00:00,115.1,3,bid,Xuanyu Liu,EarnestEspressos,5556026
2026-07-03T09:06:14.984734,2026-07-03T09:06:14.995724+00:00,115.3,47,bid,CostlyCorianders,EarnestEspressos,5556081
2026-07-03T09:06:15.249572,2026-07-03T09:06:15.258592+00:00,114.8,50,ask,EarnestEspressos,FlawlessFlatbreads,5556084
2026-07-03T09:06:17.356966,2026-07-03T09:06:17.353331+00:00,114.8,50,ask,EarnestEspressos,FlawlessFlatbreads,5556116
2026-07-03T09:06:18.644961,2026-07-03T09:06:18.651540+00:00,114.7,43,ask,DiligentDonuts,CostlyCorianders,5556132
2026-07-03T09:06:19.264838,2026-07-03T09:06:19.273357+00:00,115.0,3,bid,Xuanyu Liu,EarnestEspressos,5556137
2026-07-03T09:06:19.464867,2026-07-03T09:06:19.476767+00:00,114.7,50,ask,DiligentDonuts,FlawlessFlatbreads,5556139
2026-07-03T09:06:19.640104,2026-07-03T09:06:19.648672+00:00,115.0,48,bid,CostlyCorianders,EarnestEspressos,5556143
2026-07-03T09:06:21.196711,2026-07-03T09:06:21.206284+00:00,114.9,45,ask,EarnestEspressos,CostlyCorianders,5556164
2026-07-03T09:06:21.521520,2026-07-03T09:06:21.528764+00:00,115.1,50,bid,FlawlessFlatbreads,DiligentDonuts,5556167
2026-07-03T09:06:22.853701,2026-07-03T09:06:22.858603+00:00,114.9,40,ask,EarnestEspressos,CostlyCorianders,5556186
2026-07-03T09:06:24.091521,2026-07-03T09:06:24.099072+00:00,115.1,11,bid,Xuanyu Liu,DiligentDonuts,5556214
2026-07-03T09:06:24.603351,2026-07-03T09:06:24.614841+00:00,115.1,46,bid,CostlyCorianders,EarnestEspressos,5556229
2026-07-03T09:06:25.730460,2026-07-03T09:06:25.741940+00:00,115.1,50,bid,FlawlessFlatbreads,EarnestEspressos,5556241
2026-07-03T09:06:25.746161,2026-07-03T09:06:25.754108+00:00,115.1,48,bid,CostlyCorianders,EarnestEspressos,5556244
2026-07-03T09:06:27.835695,2026-07-03T09:06:27.847290+00:00,115.4,50,bid,FlawlessFlatbreads,DiligentDonuts,5556276
2026-07-03T09:06:29.633752,2026-07-03T09:06:29.645092+00:00,115.2,46,ask,EarnestEspressos,CostlyCorianders,5556311
2026-07-03T09:06:29.944632,2026-07-03T09:06:29.958574+00:00,115.4,50,bid,FlawlessFlatbreads,DiligentDonuts,5556318
2026-07-03T09:06:31.006605,2026-07-03T09:06:31.018214+00:00,115.6,43,bid,CostlyCorianders,EarnestEspressos,5556332
2026-07-03T09:06:32.050494,2026-07-03T09:06:32.063853+00:00,115.6,50,bid,FlawlessFlatbreads,EarnestEspressos,5556347
2026-07-03T09:06:33.285106,2026-07-03T09:06:33.294039+00:00,115.6,14,ask,EarnestEspressos,Xuanyu Liu,5556375
2026-07-03T09:06:34.208764,2026-07-03T09:06:34.220379+00:00,115.6,50,ask,EarnestEspressos,FlawlessFlatbreads,5556390
2026-07-03T09:06:36.265371,2026-07-03T09:06:36.273072+00:00,115.9,50,bid,FlawlessFlatbreads,DiligentDonuts,5556423
2026-07-03T09:06:36.566537,2026-07-03T09:06:36.578018+00:00,115.4,47,ask,DiligentDonuts,CostlyCorianders,5556430
2026-07-03T09:06:37.195931,2026-07-03T09:06:37.202987+00:00,115.4,47,ask,DiligentDonuts,CostlyCorianders,5556441
2026-07-03T09:06:38.371247,2026-07-03T09:06:38.382561+00:00,115.8,50,bid,FlawlessFlatbreads,EarnestEspressos,5556466
2026-07-03T09:06:40.476723,2026-07-03T09:06:40.488300+00:00,116.0,50,bid,FlawlessFlatbreads,EarnestEspressos,5556499
2026-07-03T09:06:42.583232,2026-07-03T09:06:42.591817+00:00,116.0,50,bid,FlawlessFlatbreads,EarnestEspressos,5556522
2026-07-03T09:06:42.755823,2026-07-03T09:06:42.767217+00:00,116.1,100,bid,EarnestEspressos,DiligentDonuts,5556524
2026-07-03T09:06:42.820293,2026-07-03T09:06:42.827954+00:00,116.2,14,ask,EarnestEspressos,Xuanyu Liu,5556525
2026-07-03T09:06:42.865329,2026-07-03T09:06:42.877672+00:00,116.2,12,ask,EarnestEspressos,Xuanyu Liu,5556529
2026-07-03T09:06:43.188667,2026-07-03T09:06:43.196096+00:00,116.2,24,ask,EarnestEspressos,DiligentDonuts,5556531
2026-07-03T09:06:44.175502,2026-07-03T09:06:44.185949+00:00,116.2,12,bid,Xuanyu Liu,DiligentDonuts,5556543
2026-07-03T09:06:44.691871,2026-07-03T09:06:44.703280+00:00,116.2,50,bid,FlawlessFlatbreads,DiligentDonuts,5556550
2026-07-03T09:06:46.300435,2026-07-03T09:06:46.312262+00:00,116.1,100,bid,DiligentDonuts,EarnestEspressos,5556563
2026-07-03T09:06:46.851029,2026-07-03T09:06:46.863638+00:00,115.6,50,ask,EarnestEspressos,FlawlessFlatbreads,5556571
2026-07-03T09:06:48.101023,2026-07-03T09:06:48.109155+00:00,116.1,11,bid,Xuanyu Liu,EarnestEspressos,5556586
2026-07-03T09:06:48.301422,2026-07-03T09:06:48.309101+00:00,116.1,3,bid,Xuanyu Liu,EarnestEspressos,5556593
2026-07-03T09:06:48.961826,2026-07-03T09:06:48.973167+00:00,115.6,50,ask,EarnestEspressos,FlawlessFlatbreads,5556601
2026-07-03T09:06:51.069968,2026-07-03T09:06:51.081424+00:00,115.9,50,ask,EarnestEspressos,FlawlessFlatbreads,5556633
2026-07-03T09:06:53.105014,2026-07-03T09:06:53.112926+00:00,115.9,49,bid,CostlyCorianders,EarnestEspressos,5556666
2026-07-03T09:06:53.124303,2026-07-03T09:06:53.133821+00:00,115.9,50,bid,FlawlessFlatbreads,EarnestEspressos,5556669
2026-07-03T09:06:55.233316,2026-07-03T09:06:55.240251+00:00,115.9,50,bid,FlawlessFlatbreads,EarnestEspressos,5556711
2026-07-03T09:06:55.251445,2026-07-03T09:06:55.255881+00:00,115.9,1,bid,CostlyCorianders,EarnestEspressos,5556712
2026-07-03T09:06:55.579180,2026-07-03T09:06:55.586859+00:00,116.1,3,ask,EarnestEspressos,Xuanyu Liu,5556717
2026-07-03T09:06:57.353762,2026-07-03T09:06:57.358597+00:00,116.2,50,bid,FlawlessFlatbreads,DiligentDonuts,5556745
2026-07-03T09:06:59.513048,2026-07-03T09:06:59.520288+00:00,116.0,50,ask,EarnestEspressos,FlawlessFlatbreads,5556781
2026-07-03T09:07:00.821879,2026-07-03T09:07:00.833351+00:00,116.3,47,bid,CostlyCorianders,DiligentDonuts,5556804
2026-07-03T09:07:01.627966,2026-07-03T09:07:01.639327+00:00,116.0,50,ask,EarnestEspressos,FlawlessFlatbreads,5556818
2026-07-03T09:07:03.034600,2026-07-03T09:07:03.045610+00:00,116.2,41,ask,DiligentDonuts,CostlyCorianders,5556837
2026-07-03T09:07:03.683774,2026-07-03T09:07:03.691133+00:00,116.3,50,bid,FlawlessFlatbreads,EarnestEspressos,5556846
2026-07-03T09:07:05.867931,2026-07-03T09:07:05.879374+00:00,116.2,50,ask,DiligentDonuts,FlawlessFlatbreads,5556876
2026-07-03T09:07:06.684437,2026-07-03T09:07:06.695834+00:00,116.2,45,ask,DiligentDonuts,CostlyCorianders,5556889
2026-07-03T09:07:07.974224,2026-07-03T09:07:07.985913+00:00,116.2,5,ask,DiligentDonuts,FlawlessFlatbreads,5556911
2026-07-03T09:07:07.974224,2026-07-03T09:07:07.985913+00:00,116.2,45,ask,Alan Niu,FlawlessFlatbreads,5556912
2026-07-03T09:07:08.156423,2026-07-03T09:07:08.153225+00:00,116.4,44,ask,EarnestEspressos,CostlyCorianders,5556914
2026-07-03T09:07:08.317458,2026-07-03T09:07:08.328845+00:00,116.4,45,ask,EarnestEspressos,Alan Niu,5556915
2026-07-03T09:07:09.137093,2026-07-03T09:07:09.148679+00:00,116.7,43,bid,CostlyCorianders,DiligentDonuts,5556938
2026-07-03T09:07:10.083468,2026-07-03T09:07:10.093051+00:00,116.4,50,ask,EarnestEspressos,FlawlessFlatbreads,5556952
2026-07-03T09:07:11.278106,2026-07-03T09:07:11.286839+00:00,116.3,3,bid,Xuanyu Liu,EarnestEspressos,5556972
2026-07-03T09:07:11.428005,2026-07-03T09:07:11.439128+00:00,116.3,147,bid,Alan Niu,EarnestEspressos,5556976
2026-07-03T09:07:12.162798,2026-07-03T09:07:12.169930+00:00,116.6,47,bid,CostlyCorianders,Alan Niu,5556990
2026-07-03T09:07:12.192097,2026-07-03T09:07:12.199437+00:00,116.3,50,ask,DiligentDonuts,FlawlessFlatbreads,5556991
2026-07-03T09:07:12.217154,2026-07-03T09:07:12.228820+00:00,116.3,49,ask,DiligentDonuts,CostlyCorianders,5556992
2026-07-03T09:07:14.299513,2026-07-03T09:07:14.311252+00:00,116.3,1,ask,DiligentDonuts,FlawlessFlatbreads,5557025
2026-07-03T09:07:14.299513,2026-07-03T09:07:14.311252+00:00,116.3,47,ask,Alan Niu,FlawlessFlatbreads,5557026
2026-07-03T09:07:14.299513,2026-07-03T09:07:14.311252+00:00,115.8,2,ask,EarnestEspressos,FlawlessFlatbreads,5557027
2026-07-03T09:07:14.525792,2026-07-03T09:07:14.533798+00:00,116.3,47,ask,EarnestEspressos,Alan Niu,5557035
2026-07-03T09:07:14.663456,2026-07-03T09:07:14.675048+00:00,116.5,41,bid,CostlyCorianders,Alan Niu,5557037
2026-07-03T09:07:14.718194,2026-07-03T09:07:14.726138+00:00,116.3,49,ask,EarnestEspressos,CostlyCorianders,5557040
2026-07-03T09:07:15.040730,2026-07-03T09:07:15.058575+00:00,116.3,41,bid,Alan Niu,DiligentDonuts,5557049
2026-07-03T09:07:16.411276,2026-07-03T09:07:16.459290+00:00,116.1,47,ask,Alan Niu,FlawlessFlatbreads,5557081
2026-07-03T09:07:16.411276,2026-07-03T09:07:16.459290+00:00,115.8,3,ask,DiligentDonuts,FlawlessFlatbreads,5557082
2026-07-03T09:07:17.937311,2026-07-03T09:07:17.947887+00:00,116.1,100,bid,DiligentDonuts,EarnestEspressos,5557101
2026-07-03T09:07:18.539906,2026-07-03T09:07:18.551070+00:00,115.6,50,ask,EarnestEspressos,FlawlessFlatbreads,5557110
2026-07-03T09:07:19.588930,2026-07-03T09:07:19.597661+00:00,116.1,3,bid,Xuanyu Liu,EarnestEspressos,5557133
2026-07-03T09:07:20.650202,2026-07-03T09:07:20.664588+00:00,116.6,46,bid,CostlyCorianders,DiligentDonuts,5557148
2026-07-03T09:07:21.183288,2026-07-03T09:07:21.189881+00:00,116.3,46,bid,CostlyCorianders,DiligentDonuts,5557162
2026-07-03T09:07:22.778673,2026-07-03T09:07:22.785564+00:00,116.0,50,ask,EarnestEspressos,FlawlessFlatbreads,5557185
2026-07-03T09:07:24.835029,2026-07-03T09:07:24.842747+00:00,116.0,3,ask,DiligentDonuts,Xuanyu Liu,5557220
2026-07-03T09:07:24.885226,2026-07-03T09:07:24.896130+00:00,116.0,50,ask,DiligentDonuts,FlawlessFlatbreads,5557223
2026-07-03T09:07:26.991973,2026-07-03T09:07:27.003725+00:00,116.0,47,ask,DiligentDonuts,FlawlessFlatbreads,5557249
2026-07-03T09:07:29.996320,2026-07-03T09:07:30.007695+00:00,115.7,48,ask,DiligentDonuts,CostlyCorianders,5557288
2026-07-03T09:07:30.483125,2026-07-03T09:07:30.491421+00:00,115.9,45,bid,CostlyCorianders,EarnestEspressos,5557295
2026-07-03T09:07:31.023965,2026-07-03T09:07:31.032507+00:00,115.4,44,ask,EarnestEspressos,CostlyCorianders,5557304
2026-07-03T09:07:31.204253,2026-07-03T09:07:31.215912+00:00,115.4,50,ask,EarnestEspressos,FlawlessFlatbreads,5557307
2026-07-03T09:07:31.585514,2026-07-03T09:07:31.597275+00:00,115.9,48,bid,CostlyCorianders,EarnestEspressos,5557317
2026-07-03T09:07:33.323860,2026-07-03T09:07:33.340515+00:00,115.4,50,ask,DiligentDonuts,FlawlessFlatbreads,5557344
2026-07-03T09:07:34.014473,2026-07-03T09:07:34.023563+00:00,115.7,3,bid,Xuanyu Liu,DiligentDonuts,5557353
2026-07-03T09:07:34.192988,2026-07-03T09:07:34.200208+00:00,115.7,40,bid,CostlyCorianders,DiligentDonuts,5557357
2026-07-03T09:07:35.432352,2026-07-03T09:07:35.443339+00:00,115.3,50,ask,EarnestEspressos,FlawlessFlatbreads,5557370
2026-07-03T09:07:36.548371,2026-07-03T09:07:36.558588+00:00,115.2,45,ask,DiligentDonuts,CostlyCorianders,5557389
2026-07-03T09:07:36.743459,2026-07-03T09:07:36.750701+00:00,115.5,11,bid,Xuanyu Liu,EarnestEspressos,5557391
2026-07-03T09:07:37.487779,2026-07-03T09:07:37.499532+00:00,115.5,50,bid,FlawlessFlatbreads,EarnestEspressos,5557398
2026-07-03T09:07:39.146723,2026-07-03T09:07:39.151322+00:00,115.1,49,ask,DiligentDonuts,CostlyCorianders,5557418
2026-07-03T09:07:39.266435,2026-07-03T09:07:39.273632+00:00,115.5,23,bid,Xuanyu Liu,EarnestEspressos,5557425
2026-07-03T09:07:39.699051,2026-07-03T09:07:39.707834+00:00,115.6,100,bid,EarnestEspressos,DiligentDonuts,5557429
2026-07-03T09:07:40.581917,2026-07-03T09:07:40.590603+00:00,115.7,11,ask,EarnestEspressos,Xuanyu Liu,5557451
2026-07-03T09:07:41.616322,2026-07-03T09:07:41.624690+00:00,115.7,12,ask,EarnestEspressos,Xuanyu Liu,5557460
2026-07-03T09:07:41.751964,2026-07-03T09:07:41.758636+00:00,115.7,27,ask,EarnestEspressos,FlawlessFlatbreads,5557462
2026-07-03T09:07:41.751964,2026-07-03T09:07:41.758636+00:00,115.5,23,ask,DiligentDonuts,FlawlessFlatbreads,5557463
2026-07-03T09:07:42.923872,2026-07-03T09:07:42.931948+00:00,115.5,77,ask,DiligentDonuts,EarnestEspressos,5557483
2026-07-03T09:07:42.933148,2026-07-03T09:07:42.941551+00:00,115.3,35,bid,Xuanyu Liu,EarnestEspressos,5557484
2026-07-03T09:07:43.860558,2026-07-03T09:07:43.872087+00:00,115.1,50,ask,DiligentDonuts,FlawlessFlatbreads,5557499
2026-07-03T09:07:44.851216,2026-07-03T09:07:44.857591+00:00,115.3,38,bid,CostlyCorianders,EarnestEspressos,5557519
2026-07-03T09:07:44.851216,2026-07-03T09:07:44.857591+00:00,115.6,2,bid,CostlyCorianders,DiligentDonuts,5557520
2026-07-03T09:07:45.917095,2026-07-03T09:07:45.928704+00:00,115.6,50,bid,FlawlessFlatbreads,DiligentDonuts,5557528
2026-07-03T09:07:46.032357,2026-07-03T09:07:46.043986+00:00,115.6,48,bid,EarnestEspressos,DiligentDonuts,5557533
2026-07-03T09:07:46.459563,2026-07-03T09:07:46.468138+00:00,115.6,12,ask,EarnestEspressos,Xuanyu Liu,5557537
2026-07-03T09:07:46.476534,2026-07-03T09:07:46.485484+00:00,115.6,43,ask,EarnestEspressos,CostlyCorianders,5557539
2026-07-03T09:07:48.023479,2026-07-03T09:07:48.034928+00:00,115.8,50,bid,FlawlessFlatbreads,DiligentDonuts,5557556
2026-07-03T09:07:48.716591,2026-07-03T09:07:48.727928+00:00,115.8,49,bid,CostlyCorianders,DiligentDonuts,5557564
2026-07-03T09:07:49.577291,2026-07-03T09:07:49.588683+00:00,115.6,100,bid,DiligentDonuts,EarnestEspressos,5557573
2026-07-03T09:07:52.234405,2026-07-03T09:07:52.245977+00:00,115.6,50,bid,FlawlessFlatbreads,EarnestEspressos,5557607
2026-07-03T09:07:52.369587,2026-07-03T09:07:52.377933+00:00,115.8,11,ask,EarnestEspressos,Xuanyu Liu,5557609
2026-07-03T09:07:52.399777,2026-07-03T09:07:52.407588+00:00,115.8,23,ask,EarnestEspressos,Xuanyu Liu,5557614
2026-07-03T09:07:52.792650,2026-07-03T09:07:52.804348+00:00,115.8,100,ask,EarnestEspressos,DiligentDonuts,5557620
2026-07-03T09:07:54.339889,2026-07-03T09:07:54.351349+00:00,116.3,50,bid,FlawlessFlatbreads,EarnestEspressos,5557643
2026-07-03T09:07:55.030385,2026-07-03T09:07:55.038691+00:00,115.8,3,ask,EarnestEspressos,Xuanyu Liu,5557655
2026-07-03T09:07:55.989871,2026-07-03T09:07:56.001321+00:00,115.4,48,ask,DiligentDonuts,CostlyCorianders,5557669
2026-07-03T09:07:56.339634,2026-07-03T09:07:56.347320+00:00,115.7,3,bid,Xuanyu Liu,EarnestEspressos,5557676
2026-07-03T09:07:56.446524,2026-07-03T09:07:56.452960+00:00,115.7,50,bid,FlawlessFlatbreads,EarnestEspressos,5557679
2026-07-03T09:07:57.610344,2026-07-03T09:07:57.622070+00:00,115.7,40,bid,CostlyCorianders,EarnestEspressos,5557698
2026-07-03T09:07:58.106428,2026-07-03T09:07:58.118366+00:00,115.7,48,bid,CostlyCorianders,EarnestEspressos,5557711
2026-07-03T09:07:58.552263,2026-07-03T09:07:58.564155+00:00,115.7,9,bid,FlawlessFlatbreads,EarnestEspressos,5557722
2026-07-03T09:07:58.552263,2026-07-03T09:07:58.564155+00:00,115.9,41,bid,FlawlessFlatbreads,DiligentDonuts,5557723
2026-07-03T09:07:58.693214,2026-07-03T09:07:58.714014+00:00,115.9,59,bid,EarnestEspressos,DiligentDonuts,5557725
2026-07-03T09:07:58.705714,2026-07-03T09:07:58.714014+00:00,116.0,3,ask,EarnestEspressos,Xuanyu Liu,5557726
2026-07-03T09:07:59.213762,2026-07-03T09:07:59.225581+00:00,116.0,47,ask,EarnestEspressos,CostlyCorianders,5557741
2026-07-03T09:08:00.659997,2026-07-03T09:08:00.669721+00:00,116.3,50,bid,FlawlessFlatbreads,DiligentDonuts,5557762
2026-07-03T09:08:04.925365,2026-07-03T09:08:04.937058+00:00,116.1,50,ask,DiligentDonuts,FlawlessFlatbreads,5557810
2026-07-03T09:08:07.031045,2026-07-03T09:08:07.040869+00:00,115.9,50,ask,DiligentDonuts,FlawlessFlatbreads,5557859
2026-07-03T09:08:09.136341,2026-07-03T09:08:09.143473+00:00,115.8,50,ask,DiligentDonuts,FlawlessFlatbreads,5557883
2026-07-03T09:08:09.418246,2026-07-03T09:08:09.428461+00:00,115.8,41,ask,DiligentDonuts,CostlyCorianders,5557887
2026-07-03T09:08:11.250221,2026-07-03T09:08:11.255135+00:00,115.8,9,ask,DiligentDonuts,FlawlessFlatbreads,5557915
2026-07-03T09:08:11.250221,2026-07-03T09:08:11.255135+00:00,115.6,41,ask,EarnestEspressos,FlawlessFlatbreads,5557916
2026-07-03T09:08:11.507238,2026-07-03T09:08:11.518862+00:00,116.0,44,bid,CostlyCorianders,EarnestEspressos,5557922
2026-07-03T09:08:11.785775,2026-07-03T09:08:11.794199+00:00,115.9,3,bid,Xuanyu Liu,DiligentDonuts,5557923
2026-07-03T09:08:12.083687,2026-07-03T09:08:12.091518+00:00,115.9,11,bid,Xuanyu Liu,DiligentDonuts,5557934
2026-07-03T09:08:12.625320,2026-07-03T09:08:12.637085+00:00,115.9,49,bid,CostlyCorianders,DiligentDonuts,5557945
2026-07-03T09:08:13.306726,2026-07-03T09:08:13.313700+00:00,115.9,37,bid,FlawlessFlatbreads,DiligentDonuts,5557956
2026-07-03T09:08:13.306726,2026-07-03T09:08:13.319149+00:00,116.0,13,bid,FlawlessFlatbreads,EarnestEspressos,5557957
2026-07-03T09:08:17.024708,2026-07-03T09:08:16.988502+00:00,115.8,40,ask,EarnestEspressos,CostlyCorianders,5558013
2026-07-03T09:08:17.520495,2026-07-03T09:08:17.532166+00:00,116.2,50,bid,FlawlessFlatbreads,DiligentDonuts,5558023
2026-07-03T09:08:17.987167,2026-07-03T09:08:17.999068+00:00,116.1,45,bid,CostlyCorianders,EarnestEspressos,5558032
2026-07-03T09:08:18.042402,2026-07-03T09:08:18.063646+00:00,115.6,42,ask,EarnestEspressos,CostlyCorianders,5558033
2026-07-03T09:08:19.631093,2026-07-03T09:08:19.642507+00:00,116.1,50,bid,FlawlessFlatbreads,EarnestEspressos,5558050
2026-07-03T09:08:19.684277,2026-07-03T09:08:19.695807+00:00,116.0,49,ask,DiligentDonuts,CostlyCorianders,5558053
2026-07-03T09:08:20.346661,2026-07-03T09:08:20.354526+00:00,116.0,11,ask,DiligentDonuts,Xuanyu Liu,5558072
2026-07-03T09:08:21.208382,2026-07-03T09:08:21.218028+00:00,116.3,47,bid,CostlyCorianders,EarnestEspressos,5558085
2026-07-03T09:08:21.738765,2026-07-03T09:08:21.748924+00:00,116.2,50,bid,FlawlessFlatbreads,DiligentDonuts,5558092
2026-07-03T09:08:22.765530,2026-07-03T09:08:22.774350+00:00,115.8,46,ask,EarnestEspressos,CostlyCorianders,5558115
2026-07-03T09:08:23.335883,2026-07-03T09:08:23.345446+00:00,116.2,46,bid,CostlyCorianders,DiligentDonuts,5558117
2026-07-03T09:08:23.844254,2026-07-03T09:08:23.853650+00:00,116.2,4,bid,FlawlessFlatbreads,DiligentDonuts,5558124
2026-07-03T09:08:23.844254,2026-07-03T09:08:23.853650+00:00,116.3,46,bid,FlawlessFlatbreads,EarnestEspressos,5558125
2026-07-03T09:08:28.133342,2026-07-03T09:08:28.139733+00:00,115.9,50,ask,EarnestEspressos,FlawlessFlatbreads,5558177
2026-07-03T09:08:28.419548,2026-07-03T09:08:28.431099+00:00,115.9,44,ask,EarnestEspressos,CostlyCorianders,5558186
2026-07-03T09:08:28.973158,2026-07-03T09:08:28.979500+00:00,115.9,46,ask,EarnestEspressos,CostlyCorianders,5558193
2026-07-03T09:08:29.139354,2026-07-03T09:08:29.147867+00:00,115.9,3,ask,EarnestEspressos,Xuanyu Liu,5558200
2026-07-03T09:08:30.190185,2026-07-03T09:08:30.264102+00:00,116.3,50,bid,FlawlessFlatbreads,DiligentDonuts,5558216
2026-07-03T09:08:30.383175,2026-07-03T09:08:30.384967+00:00,115.8,100,ask,DiligentDonuts,EarnestEspressos,5558221
2026-07-03T09:08:30.391702,2026-07-03T09:08:30.400356+00:00,115.6,3,bid,Xuanyu Liu,EarnestEspressos,5558222
2026-07-03T09:08:30.448498,2026-07-03T09:08:30.456323+00:00,115.6,11,bid,Xuanyu Liu,EarnestEspressos,5558228
2026-07-03T09:08:30.489561,2026-07-03T09:08:30.501355+00:00,115.6,36,bid,CostlyCorianders,EarnestEspressos,5558230
2026-07-03T09:08:30.489561,2026-07-03T09:08:30.501355+00:00,116.2,10,bid,Alan Niu,DiligentDonuts,5558231
2026-07-03T09:08:30.907435,2026-07-03T09:08:30.964199+00:00,116.2,10,bid,CostlyCorianders,Alan Niu,5558238
2026-07-03T09:08:32.348325,2026-07-03T09:08:32.364007+00:00,115.7,50,ask,DiligentDonuts,FlawlessFlatbreads,5558257
2026-07-03T09:08:33.503913,2026-07-03T09:08:33.512022+00:00,116.0,11,ask,EarnestEspressos,Xuanyu Liu,5558275
2026-07-03T09:08:34.403836,2026-07-03T09:08:34.415403+00:00,116.2,50,bid,FlawlessFlatbreads,DiligentDonuts,5558294
2026-07-03T09:08:35.450546,2026-07-03T09:08:35.458669+00:00,116.0,3,ask,EarnestEspressos,Xuanyu Liu,5558305
2026-07-03T09:08:35.824214,2026-07-03T09:08:35.833272+00:00,116.0,44,ask,EarnestEspressos,CostlyCorianders,5558312
2026-07-03T09:08:36.510432,2026-07-03T09:08:36.521798+00:00,116.2,50,bid,FlawlessFlatbreads,DiligentDonuts,5558321
2026-07-03T09:08:39.919894,2026-07-03T09:08:39.931622+00:00,116.1,41,bid,CostlyCorianders,EarnestEspressos,5558374
2026-07-03T09:08:40.394438,2026-07-03T09:08:40.405426+00:00,116.1,41,bid,CostlyCorianders,EarnestEspressos,5558381
2026-07-03T09:08:40.718923,2026-07-03T09:08:40.730534+00:00,116.1,50,bid,FlawlessFlatbreads,EarnestEspressos,5558385
2026-07-03T09:08:42.884840,2026-07-03T09:08:42.896515+00:00,115.8,50,ask,DiligentDonuts,FlawlessFlatbreads,5558415
2026-07-03T09:08:43.193386,2026-07-03T09:08:43.201264+00:00,116.2,46,ask,EarnestEspressos,CostlyCorianders,5558421
2026-07-03T09:08:43.386595,2026-07-03T09:08:43.399080+00:00,116.2,3,ask,EarnestEspressos,Xuanyu Liu,5558424
2026-07-03T09:08:43.450201,2026-07-03T09:08:43.462085+00:00,116.2,100,ask,EarnestEspressos,DiligentDonuts,5558428
2026-07-03T09:08:43.652275,2026-07-03T09:08:43.660462+00:00,116.2,1,ask,EarnestEspressos,Alan Niu,5558430
2026-07-03T09:08:44.991489,2026-07-03T09:08:45.003523+00:00,115.8,1,ask,Alan Niu,FlawlessFlatbreads,5558447
2026-07-03T09:08:44.991489,2026-07-03T09:08:45.003523+00:00,115.7,49,ask,DiligentDonuts,FlawlessFlatbreads,5558448
2026-07-03T09:08:45.308692,2026-07-03T09:08:45.320211+00:00,116.3,46,bid,CostlyCorianders,Alan Niu,5558452
2026-07-03T09:08:45.364009,2026-07-03T09:08:45.375725+00:00,115.7,41,ask,DiligentDonuts,CostlyCorianders,5558453
2026-07-03T09:08:46.011007,2026-07-03T09:08:46.022425+00:00,115.8,42,ask,Alan Niu,CostlyCorianders,5558461
2026-07-03T09:08:46.195866,2026-07-03T09:08:46.203692+00:00,116.0,3,bid,Xuanyu Liu,EarnestEspressos,5558465
2026-07-03T09:08:46.251755,2026-07-03T09:08:46.258984+00:00,116.0,4,bid,Alan Niu,EarnestEspressos,5558468
2026-07-03T09:08:47.102585,2026-07-03T09:08:47.111849+00:00,115.8,50,ask,DiligentDonuts,FlawlessFlatbreads,5558480
2026-07-03T09:08:51.261427,2026-07-03T09:08:51.272955+00:00,116.1,50,bid,FlawlessFlatbreads,EarnestEspressos,5558543
2026-07-03T09:08:53.369451,2026-07-03T09:08:53.380926+00:00,115.8,50,bid,FlawlessFlatbreads,DiligentDonuts,5558583
2026-07-03T09:08:55.480382,2026-07-03T09:08:55.499245+00:00,115.8,50,bid,FlawlessFlatbreads,DiligentDonuts,5558631
2026-07-03T09:08:56.092601,2026-07-03T09:08:56.104253+00:00,116.1,40,bid,CostlyCorianders,EarnestEspressos,5558642
2026-07-03T09:08:56.620716,2026-07-03T09:08:56.632938+00:00,116.1,45,bid,CostlyCorianders,EarnestEspressos,5558648
2026-07-03T09:08:58.780429,2026-07-03T09:08:58.791891+00:00,116.0,150,bid,EarnestEspressos,Alan Niu,5558694
2026-07-03T09:08:59.694738,2026-07-03T09:08:59.706194+00:00,116.0,50,bid,FlawlessFlatbreads,DiligentDonuts,5558706
2026-07-03T09:09:00.064291,2026-07-03T09:09:00.073636+00:00,115.5,43,ask,DiligentDonuts,CostlyCorianders,5558708
2026-07-03T09:09:01.202824,2026-07-03T09:09:01.210509+00:00,115.5,42,ask,DiligentDonuts,CostlyCorianders,5558724
2026-07-03T09:09:01.801118,2026-07-03T09:09:01.812597+00:00,116.0,50,bid,FlawlessFlatbreads,DiligentDonuts,5558735
2026-07-03T09:09:03.907224,2026-07-03T09:09:03.918403+00:00,115.9,50,bid,FlawlessFlatbreads,EarnestEspressos,5558763
2026-07-03T09:09:04.191509,2026-07-03T09:09:04.203050+00:00,115.8,46,ask,DiligentDonuts,CostlyCorianders,5558767
2026-07-03T09:09:05.208926,2026-07-03T09:09:05.220349+00:00,116.2,49,bid,CostlyCorianders,Alan Niu,5558775
2026-07-03T09:09:06.065005,2026-07-03T09:09:06.076828+00:00,115.8,50,ask,EarnestEspressos,FlawlessFlatbreads,5558788
2026-07-03T09:09:08.174916,2026-07-03T09:09:08.182741+00:00,115.8,50,ask,EarnestEspressos,FlawlessFlatbreads,5558824
2026-07-03T09:09:08.983876,2026-07-03T09:09:08.995564+00:00,116.0,47,bid,CostlyCorianders,EarnestEspressos,5558843
2026-07-03T09:09:10.261375,2026-07-03T09:09:10.268734+00:00,116.0,103,bid,Alan Niu,EarnestEspressos,5558852
2026-07-03T09:09:10.261375,2026-07-03T09:09:10.274316+00:00,116.1,96,bid,Alan Niu,DiligentDonuts,5558853
2026-07-03T09:09:10.281483,2026-07-03T09:09:10.293028+00:00,115.6,50,ask,DiligentDonuts,FlawlessFlatbreads,5558855
2026-07-03T09:09:11.433296,2026-07-03T09:09:11.444877+00:00,116.1,4,bid,EarnestEspressos,DiligentDonuts,5558873
2026-07-03T09:09:12.362410,2026-07-03T09:09:12.369073+00:00,116.3,50,bid,FlawlessFlatbreads,Alan Niu,5558882
2026-07-03T09:09:13.044459,2026-07-03T09:09:13.058541+00:00,116.1,48,ask,EarnestEspressos,CostlyCorianders,5558897
2026-07-03T09:09:14.434196,2026-07-03T09:09:14.445880+00:00,116.4,47,bid,CostlyCorianders,DiligentDonuts,5558907
2026-07-03T09:09:14.469443,2026-07-03T09:09:14.481046+00:00,116.4,50,bid,FlawlessFlatbreads,DiligentDonuts,5558910
2026-07-03T09:09:16.069827,2026-07-03T09:09:16.078652+00:00,116.3,3,ask,DiligentDonuts,Xuanyu Liu,5558949
2026-07-03T09:09:16.407392,2026-07-03T09:09:16.458582+00:00,116.3,97,ask,DiligentDonuts,Alan Niu,5558957
2026-07-03T09:09:16.658243,2026-07-03T09:09:16.664883+00:00,116.0,50,ask,EarnestEspressos,FlawlessFlatbreads,5558960
2026-07-03T09:09:18.714279,2026-07-03T09:09:18.725872+00:00,116.4,50,bid,FlawlessFlatbreads,EarnestEspressos,5558986
2026-07-03T09:09:18.868034,2026-07-03T09:09:18.875680+00:00,116.1,41,ask,DiligentDonuts,CostlyCorianders,5558988
2026-07-03T09:09:20.272680,2026-07-03T09:09:20.280165+00:00,116.4,3,bid,Xuanyu Liu,EarnestEspressos,5559024
2026-07-03T09:09:20.503213,2026-07-03T09:09:20.510849+00:00,116.4,97,bid,Alan Niu,EarnestEspressos,5559031
2026-07-03T09:09:20.821458,2026-07-03T09:09:20.831685+00:00,116.6,50,bid,EarnestEspressos,DiligentDonuts,5559036
2026-07-03T09:09:20.919569,2026-07-03T09:09:20.926514+00:00,116.6,50,bid,FlawlessFlatbreads,DiligentDonuts,5559042
2026-07-03T09:09:20.919569,2026-07-03T09:09:20.931749+00:00,116.8,100,bid,EarnestEspressos,Alan Niu,5559043
2026-07-03T09:09:21.441758,2026-07-03T09:09:21.454101+00:00,116.6,3,ask,DiligentDonuts,Xuanyu Liu,5559050
2026-07-03T09:09:21.552302,2026-07-03T09:09:21.558627+00:00,116.6,50,ask,DiligentDonuts,Alan Niu,5559058
2026-07-03T09:09:21.586495,2026-07-03T09:09:21.594358+00:00,116.6,23,ask,DiligentDonuts,Xuanyu Liu,5559062
2026-07-03T09:09:21.632262,2026-07-03T09:09:21.639717+00:00,116.6,22,ask,DiligentDonuts,Zihao Wu,5559065
2026-07-03T09:09:22.986424,2026-07-03T09:09:22.998071+00:00,116.6,2,ask,DiligentDonuts,FlawlessFlatbreads,5559093
2026-07-03T09:09:24.147219,2026-07-03T09:09:24.156333+00:00,116.5,12,bid,Xuanyu Liu,EarnestEspressos,5559100
2026-07-03T09:09:24.690340,2026-07-03T09:09:24.700381+00:00,116.5,43,bid,CostlyCorianders,EarnestEspressos,5559110
2026-07-03T09:09:25.120588,2026-07-03T09:09:25.129906+00:00,116.1,50,ask,DiligentDonuts,FlawlessFlatbreads,5559119
2026-07-03T09:09:27.225429,2026-07-03T09:09:27.234660+00:00,116.1,50,ask,DiligentDonuts,FlawlessFlatbreads,5559150
2026-07-03T09:09:27.764503,2026-07-03T09:09:27.772983+00:00,116.3,100,ask,EarnestEspressos,DiligentDonuts,5559157
2026-07-03T09:09:29.331553,2026-07-03T09:09:29.341401+00:00,116.3,50,ask,EarnestEspressos,FlawlessFlatbreads,5559187
2026-07-03T09:09:30.459442,2026-07-03T09:09:30.467636+00:00,116.1,14,bid,Xuanyu Liu,EarnestEspressos,5559215
2026-07-03T09:09:31.439185,2026-07-03T09:09:31.450517+00:00,115.9,50,ask,DiligentDonuts,FlawlessFlatbreads,5559225
2026-07-03T09:09:31.796073,2026-07-03T09:09:31.806998+00:00,116.1,48,bid,CostlyCorianders,EarnestEspressos,5559228
2026-07-03T09:09:32.214203,2026-07-03T09:09:32.224645+00:00,116.1,88,bid,Alan Niu,EarnestEspressos,5559235
2026-07-03T09:09:33.494785,2026-07-03T09:09:33.506461+00:00,116.4,50,bid,FlawlessFlatbreads,DiligentDonuts,5559259
2026-07-03T09:09:34.794035,2026-07-03T09:09:34.805655+00:00,116.3,100,bid,Alan Niu,DiligentDonuts,5559284
2026-07-03T09:09:35.603225,2026-07-03T09:09:35.615049+00:00,116.5,50,bid,FlawlessFlatbreads,EarnestEspressos,5559296
2026-07-03T09:09:37.712190,2026-07-03T09:09:37.724039+00:00,116.5,50,bid,FlawlessFlatbreads,Alan Niu,5559331
2026-07-03T09:09:39.940187,2026-07-03T09:09:39.950317+00:00,116.4,41,ask,EarnestEspressos,CostlyCorianders,5559353
2026-07-03T09:09:39.959414,2026-07-03T09:09:39.968592+00:00,116.4,3,ask,EarnestEspressos,Xuanyu Liu,5559354
2026-07-03T09:09:40.457420,2026-07-03T09:09:40.468995+00:00,116.4,106,ask,EarnestEspressos,Alan Niu,5559365
2026-07-03T09:09:40.916017,2026-07-03T09:09:40.927593+00:00,116.3,40,ask,DiligentDonuts,CostlyCorianders,5559371
2026-07-03T09:09:41.950699,2026-07-03T09:09:41.960699+00:00,116.6,32,bid,FlawlessFlatbreads,Alan Niu,5559384
2026-07-03T09:09:41.950699,2026-07-03T09:09:41.960699+00:00,116.8,18,bid,FlawlessFlatbreads,DiligentDonuts,5559385
2026-07-03T09:09:42.034220,2026-07-03T09:09:42.045760+00:00,116.8,43,bid,CostlyCorianders,DiligentDonuts,5559388
2026-07-03T09:09:43.259062,2026-07-03T09:09:43.269131+00:00,116.4,22,bid,Zihao Wu,EarnestEspressos,5559405
2026-07-03T09:09:43.523208,2026-07-03T09:09:43.531716+00:00,116.4,100,bid,DiligentDonuts,EarnestEspressos,5559417
2026-07-03T09:09:43.531925,2026-07-03T09:09:43.543222+00:00,116.4,28,bid,CostlyCorianders,EarnestEspressos,5559418
2026-07-03T09:09:44.136414,2026-07-03T09:09:44.148298+00:00,116.3,50,ask,Alan Niu,FlawlessFlatbreads,5559425
2026-07-03T09:09:44.157659,2026-07-03T09:09:44.169054+00:00,116.3,43,ask,Alan Niu,CostlyCorianders,5559428
2026-07-03T09:09:44.687231,2026-07-03T09:09:44.698720+00:00,116.3,43,ask,Alan Niu,CostlyCorianders,5559433
2026-07-03T09:09:46.244607,2026-07-03T09:09:46.258583+00:00,116.7,50,ask,EarnestEspressos,FlawlessFlatbreads,5559459
2026-07-03T09:09:46.587503,2026-07-03T09:09:46.593752+00:00,116.7,100,ask,EarnestEspressos,Alan Niu,5559461
2026-07-03T09:09:48.355416,2026-07-03T09:09:48.369104+00:00,116.3,50,ask,DiligentDonuts,FlawlessFlatbreads,5559492
2026-07-03T09:09:49.450954,2026-07-03T09:09:49.459226+00:00,116.5,3,bid,Xuanyu Liu,EarnestEspressos,5559509
2026-07-03T09:09:50.463640,2026-07-03T09:09:50.475389+00:00,116.2,50,ask,DiligentDonuts,FlawlessFlatbreads,5559522
2026-07-03T09:09:52.570861,2026-07-03T09:09:52.582479+00:00,116.2,50,ask,DiligentDonuts,FlawlessFlatbreads,5559540
2026-07-03T09:09:53.070174,2026-07-03T09:09:53.078194+00:00,116.3,3,bid,Xuanyu Liu,DiligentDonuts,5559560
2026-07-03T09:09:53.267375,2026-07-03T09:09:53.278794+00:00,116.3,97,bid,Alan Niu,DiligentDonuts,5559567
2026-07-03T09:09:53.267375,2026-07-03T09:09:53.278794+00:00,116.5,67,bid,Alan Niu,EarnestEspressos,5559568
2026-07-03T09:09:54.676451,2026-07-03T09:09:54.683398+00:00,116.0,50,ask,EarnestEspressos,FlawlessFlatbreads,5559593
2026-07-03T09:09:56.783844,2026-07-03T09:09:56.795230+00:00,116.1,50,ask,DiligentDonuts,FlawlessFlatbreads,5559639
2026-07-03T09:09:57.407600,2026-07-03T09:09:57.419146+00:00,116.5,40,bid,CostlyCorianders,EarnestEspressos,5559649
2026-07-03T09:09:58.070677,2026-07-03T09:09:58.082352+00:00,116.5,41,bid,CostlyCorianders,EarnestEspressos,5559658
2026-07-03T09:09:58.879184,2026-07-03T09:09:58.887707+00:00,116.4,3,ask,EarnestEspressos,Xuanyu Liu,5559666
2026-07-03T09:09:59.672383,2026-07-03T09:09:59.680471+00:00,116.4,48,ask,EarnestEspressos,CostlyCorianders,5559681
2026-07-03T09:10:00.947590,2026-07-03T09:10:00.958964+00:00,116.5,50,bid,FlawlessFlatbreads,DiligentDonuts,5559704
2026-07-03T09:10:02.241858,2026-07-03T09:10:02.249605+00:00,116.2,42,ask,EarnestEspressos,CostlyCorianders,5559724
2026-07-03T09:10:03.312320,2026-07-03T09:10:03.323999+00:00,116.7,48,bid,CostlyCorianders,EarnestEspressos,5559732
2026-07-03T09:10:04.488508,2026-07-03T09:10:04.496038+00:00,116.2,43,ask,EarnestEspressos,CostlyCorianders,5559752
2026-07-03T09:10:05.209458,2026-07-03T09:10:05.221104+00:00,116.2,50,ask,DiligentDonuts,FlawlessFlatbreads,5559763
2026-07-03T09:10:08.668104,2026-07-03T09:10:08.674917+00:00,116.2,47,bid,CostlyCorianders,EarnestEspressos,5559818
2026-07-03T09:10:09.187557,2026-07-03T09:10:09.195353+00:00,116.2,41,bid,CostlyCorianders,EarnestEspressos,5559827
2026-07-03T09:10:09.421526,2026-07-03T09:10:09.433203+00:00,115.7,50,ask,EarnestEspressos,FlawlessFlatbreads,5559831
2026-07-03T09:10:11.476777,2026-07-03T09:10:11.488086+00:00,116.2,50,bid,FlawlessFlatbreads,DiligentDonuts,5559871
2026-07-03T09:10:13.587312,2026-07-03T09:10:13.598849+00:00,116.3,50,bid,FlawlessFlatbreads,DiligentDonuts,5559899
2026-07-03T09:10:17.521463,2026-07-03T09:10:17.533022+00:00,115.8,48,ask,DiligentDonuts,CostlyCorianders,5559962
2026-07-03T09:10:17.798824,2026-07-03T09:10:17.807125+00:00,116.3,50,bid,FlawlessFlatbreads,DiligentDonuts,5559965
2026-07-03T09:10:18.668441,2026-07-03T09:10:18.679844+00:00,116.2,46,bid,CostlyCorianders,DiligentDonuts,5559993
2026-07-03T09:10:19.906992,2026-07-03T09:10:19.913565+00:00,116.2,50,bid,FlawlessFlatbreads,DiligentDonuts,5560009
2026-07-03T09:10:21.302529,2026-07-03T09:10:21.309032+00:00,116.2,4,bid,Zihao Wu,DiligentDonuts,5560032
2026-07-03T09:10:22.012782,2026-07-03T09:10:22.022871+00:00,116.4,50,bid,FlawlessFlatbreads,EarnestEspressos,5560045
2026-07-03T09:10:22.608169,2026-07-03T09:10:22.617081+00:00,116.3,42,ask,DiligentDonuts,CostlyCorianders,5560050
2026-07-03T09:10:23.240557,2026-07-03T09:10:23.259431+00:00,116.3,58,ask,DiligentDonuts,Alan Niu,5560065
2026-07-03T09:10:23.244280,2026-07-03T09:10:23.259431+00:00,115.9,41,ask,EarnestEspressos,CostlyCorianders,5560066
2026-07-03T09:10:24.119674,2026-07-03T09:10:24.127361+00:00,116.4,50,bid,FlawlessFlatbreads,Alan Niu,5560078
2026-07-03T09:10:26.230005,2026-07-03T09:10:26.237330+00:00,116.4,50,bid,FlawlessFlatbreads,EarnestEspressos,5560120
2026-07-03T09:10:27.075068,2026-07-03T09:10:27.086713+00:00,116.4,42,bid,CostlyCorianders,EarnestEspressos,5560130
2026-07-03T09:10:28.312808,2026-07-03T09:10:28.324461+00:00,116.3,48,ask,EarnestEspressos,CostlyCorianders,5560155
2026-07-03T09:10:28.338308,2026-07-03T09:10:28.349866+00:00,116.5,50,bid,FlawlessFlatbreads,DiligentDonuts,5560156
2026-07-03T09:10:29.831562,2026-07-03T09:10:29.842975+00:00,116.5,48,bid,CostlyCorianders,DiligentDonuts,5560176
2026-07-03T09:10:30.446128,2026-07-03T09:10:30.458602+00:00,116.5,2,bid,FlawlessFlatbreads,DiligentDonuts,5560181
2026-07-03T09:10:30.446128,2026-07-03T09:10:30.458602+00:00,116.5,48,bid,FlawlessFlatbreads,Alan Niu,5560182
2026-07-03T09:10:30.945908,2026-07-03T09:10:30.954982+00:00,116.0,45,ask,EarnestEspressos,CostlyCorianders,5560188
2026-07-03T09:10:32.477208,2026-07-03T09:10:32.483915+00:00,116.5,46,bid,CostlyCorianders,EarnestEspressos,5560209
2026-07-03T09:10:32.531137,2026-07-03T09:10:32.538613+00:00,116.2,47,ask,DiligentDonuts,CostlyCorianders,5560211
2026-07-03T09:10:32.556610,2026-07-03T09:10:32.565614+00:00,116.5,50,bid,FlawlessFlatbreads,EarnestEspressos,5560212
2026-07-03T09:10:33.510412,2026-07-03T09:10:33.517015+00:00,116.5,41,bid,CostlyCorianders,EarnestEspressos,5560218
2026-07-03T09:10:33.668027,2026-07-03T09:10:33.672734+00:00,116.4,3,ask,EarnestEspressos,Xuanyu Liu,5560220
2026-07-03T09:10:34.097483,2026-07-03T09:10:34.109484+00:00,116.4,11,ask,EarnestEspressos,Xuanyu Liu,5560229
2026-07-03T09:10:34.205773,2026-07-03T09:10:34.217563+00:00,116.4,100,ask,EarnestEspressos,DiligentDonuts,5560231
2026-07-03T09:10:34.521830,2026-07-03T09:10:34.533111+00:00,116.4,36,ask,EarnestEspressos,Alan Niu,5560235
2026-07-03T09:10:35.134048,2026-07-03T09:10:35.145672+00:00,115.8,43,ask,DiligentDonuts,CostlyCorianders,5560248
2026-07-03T09:10:36.776773,2026-07-03T09:10:36.788065+00:00,116.4,8,bid,FlawlessFlatbreads,Alan Niu,5560272
2026-07-03T09:10:37.317116,2026-07-03T09:10:37.326078+00:00,116.2,100,bid,DiligentDonuts,EarnestEspressos,5560283
2026-07-03T09:10:38.884699,2026-07-03T09:10:38.896189+00:00,116.2,50,bid,FlawlessFlatbreads,EarnestEspressos,5560306
2026-07-03T09:10:40.457209,2026-07-03T09:10:40.458599+00:00,116.1,48,ask,EarnestEspressos,CostlyCorianders,5560329
2026-07-03T09:10:41.045926,2026-07-03T09:10:41.054757+00:00,116.1,50,ask,EarnestEspressos,FlawlessFlatbreads,5560336
2026-07-03T09:10:41.322823,2026-07-03T09:10:41.330211+00:00,116.1,22,ask,EarnestEspressos,Zihao Wu,5560342
2026-07-03T09:10:43.152759,2026-07-03T09:10:43.164535+00:00,115.8,50,ask,DiligentDonuts,FlawlessFlatbreads,5560369
2026-07-03T09:10:44.719542,2026-07-03T09:10:44.726970+00:00,116.2,49,bid,CostlyCorianders,DiligentDonuts,5560390
2026-07-03T09:10:45.261979,2026-07-03T09:10:45.271228+00:00,115.8,50,ask,EarnestEspressos,FlawlessFlatbreads,5560399
2026-07-03T09:10:46.361628,2026-07-03T09:10:46.369816+00:00,116.1,11,bid,Xuanyu Liu,EarnestEspressos,5560420
2026-07-03T09:10:47.366565,2026-07-03T09:10:47.376473+00:00,115.9,50,ask,DiligentDonuts,FlawlessFlatbreads,5560436
2026-07-03T09:10:47.653465,2026-07-03T09:10:47.674425+00:00,116.1,44,bid,CostlyCorianders,EarnestEspressos,5560443
2026-07-03T09:10:48.283672,2026-07-03T09:10:48.295298+00:00,115.9,42,ask,DiligentDonuts,CostlyCorianders,5560450
2026-07-03T09:10:49.234235,2026-07-03T09:10:49.242125+00:00,116.1,44,bid,CostlyCorianders,EarnestEspressos,5560469
2026-07-03T09:10:49.474110,2026-07-03T09:10:49.485788+00:00,116.0,50,ask,EarnestEspressos,FlawlessFlatbreads,5560474
2026-07-03T09:10:50.371756,2026-07-03T09:10:50.383257+00:00,116.1,42,bid,CostlyCorianders,DiligentDonuts,5560489
2026-07-03T09:10:51.582792,2026-07-03T09:10:51.591787+00:00,116.0,50,ask,EarnestEspressos,FlawlessFlatbreads,5560512
2026-07-03T09:10:53.694474,2026-07-03T09:10:53.704373+00:00,115.7,50,ask,Alan Niu,FlawlessFlatbreads,5560534
2026-07-03T09:10:59.995526,2026-07-03T09:11:00.007233+00:00,115.6,45,ask,Alan Niu,CostlyCorianders,5560625
2026-07-03T09:11:00.008243,2026-07-03T09:11:00.019911+00:00,115.6,50,ask,Alan Niu,FlawlessFlatbreads,5560626
2026-07-03T09:11:01.386091,2026-07-03T09:11:01.394516+00:00,116.0,3,bid,Xuanyu Liu,EarnestEspressos,5560653
2026-07-03T09:11:01.567747,2026-07-03T09:11:01.579081+00:00,115.7,40,ask,Alan Niu,CostlyCorianders,5560655
2026-07-03T09:11:02.116151,2026-07-03T09:11:02.124387+00:00,115.8,15,ask,Alan Niu,FlawlessFlatbreads,5560665
2026-07-03T09:11:02.116151,2026-07-03T09:11:02.124387+00:00,115.6,35,ask,EarnestEspressos,FlawlessFlatbreads,5560666
2026-07-03T09:11:02.184888,2026-07-03T09:11:02.196227+00:00,116.0,43,bid,CostlyCorianders,DiligentDonuts,5560670
2026-07-03T09:11:03.176830,2026-07-03T09:11:03.186955+00:00,116.1,48,bid,CostlyCorianders,EarnestEspressos,5560681
2026-07-03T09:11:06.276256,2026-07-03T09:11:06.287589+00:00,116.2,50,bid,FlawlessFlatbreads,EarnestEspressos,5560720
2026-07-03T09:11:08.382567,2026-07-03T09:11:08.389482+00:00,116.2,50,bid,FlawlessFlatbreads,Alan Niu,5560751
2026-07-03T09:11:10.176298,2026-07-03T09:11:10.187714+00:00,115.8,43,ask,EarnestEspressos,CostlyCorianders,5560783
2026-07-03T09:11:10.547234,2026-07-03T09:11:10.558553+00:00,115.8,50,ask,EarnestEspressos,FlawlessFlatbreads,5560789
2026-07-03T09:11:12.655129,2026-07-03T09:11:12.652043+00:00,115.8,50,ask,DiligentDonuts,FlawlessFlatbreads,5560807
2026-07-03T09:11:14.764973,2026-07-03T09:11:14.774928+00:00,115.8,50,ask,DiligentDonuts,FlawlessFlatbreads,5560829
2026-07-03T09:11:16.278789,2026-07-03T09:11:16.290488+00:00,115.7,42,ask,Alan Niu,CostlyCorianders,5560837
2026-07-03T09:11:16.819753,2026-07-03T09:11:16.863625+00:00,116.0,50,bid,FlawlessFlatbreads,EarnestEspressos,5560849
2026-07-03T09:11:18.463968,2026-07-03T09:11:18.475595+00:00,116.2,44,bid,CostlyCorianders,EarnestEspressos,5560863
2026-07-03T09:11:18.986852,2026-07-03T09:11:18.998701+00:00,115.9,8,ask,Alan Niu,FlawlessFlatbreads,5560870
2026-07-03T09:11:18.986852,2026-07-03T09:11:18.998701+00:00,115.7,42,ask,EarnestEspressos,FlawlessFlatbreads,5560871
2026-07-03T09:11:19.550834,2026-07-03T09:11:19.557942+00:00,115.7,49,ask,EarnestEspressos,CostlyCorianders,5560881
2026-07-03T09:11:21.052674,2026-07-03T09:11:21.063829+00:00,116.1,50,bid,FlawlessFlatbreads,DiligentDonuts,5560900
2026-07-03T09:11:22.335057,2026-07-03T09:11:22.342116+00:00,116.1,43,bid,CostlyCorianders,EarnestEspressos,5560918
2026-07-03T09:11:22.912775,2026-07-03T09:11:22.919129+00:00,116.1,44,bid,CostlyCorianders,EarnestEspressos,5560929
2026-07-03T09:11:23.161431,2026-07-03T09:11:23.171339+00:00,116.1,50,bid,FlawlessFlatbreads,EarnestEspressos,5560933
2026-07-03T09:11:23.949605,2026-07-03T09:11:23.955948+00:00,115.7,49,ask,DiligentDonuts,CostlyCorianders,5560950
2026-07-03T09:11:24.249011,2026-07-03T09:11:24.260427+00:00,116.2,100,bid,EarnestEspressos,DiligentDonuts,5560951
2026-07-03T09:11:24.980539,2026-07-03T09:11:24.990161+00:00,116.5,47,bid,CostlyCorianders,Alan Niu,5560959
2026-07-03T09:11:25.318116,2026-07-03T09:11:25.329880+00:00,116.2,50,ask,EarnestEspressos,FlawlessFlatbreads,5560964
2026-07-03T09:11:27.427712,2026-07-03T09:11:27.436941+00:00,116.0,50,ask,DiligentDonuts,FlawlessFlatbreads,5560994
2026-07-03T09:11:27.612366,2026-07-03T09:11:27.623612+00:00,116.1,47,bid,Alan Niu,EarnestEspressos,5560997
2026-07-03T09:11:27.966381,2026-07-03T09:11:27.973997+00:00,116.1,100,bid,DiligentDonuts,EarnestEspressos,5561001
2026-07-03T09:11:28.640902,2026-07-03T09:11:28.651547+00:00,115.6,48,ask,EarnestEspressos,CostlyCorianders,5561014
2026-07-03T09:11:29.537337,2026-07-03T09:11:29.548709+00:00,115.6,50,ask,EarnestEspressos,FlawlessFlatbreads,5561029
2026-07-03T09:11:31.679504,2026-07-03T09:11:31.688580+00:00,116.0,50,ask,EarnestEspressos,FlawlessFlatbreads,5561055
2026-07-03T09:11:32.128641,2026-07-03T09:11:32.140410+00:00,116.0,49,ask,EarnestEspressos,CostlyCorianders,5561061
2026-07-03T09:11:33.791261,2026-07-03T09:11:33.799262+00:00,115.8,50,ask,DiligentDonuts,FlawlessFlatbreads,5561086
2026-07-03T09:11:35.907883,2026-07-03T09:11:35.919290+00:00,115.5,50,ask,EarnestEspressos,FlawlessFlatbreads,5561114
2026-07-03T09:11:36.967912,2026-07-03T09:11:36.978399+00:00,115.8,14,bid,Xuanyu Liu,EarnestEspressos,5561128
2026-07-03T09:11:38.013211,2026-07-03T09:11:38.024027+00:00,115.5,50,ask,DiligentDonuts,FlawlessFlatbreads,5561143
2026-07-03T09:11:38.123168,2026-07-03T09:11:38.131584+00:00,115.8,12,bid,Xuanyu Liu,EarnestEspressos,5561149
2026-07-03T09:11:40.138301,2026-07-03T09:11:40.149867+00:00,115.5,50,ask,DiligentDonuts,FlawlessFlatbreads,5561174
2026-07-03T09:11:42.246056,2026-07-03T09:11:42.258566+00:00,115.5,50,ask,EarnestEspressos,FlawlessFlatbreads,5561205
2026-07-03T09:11:43.435596,2026-07-03T09:11:43.443628+00:00,115.8,46,bid,CostlyCorianders,DiligentDonuts,5561218
2026-07-03T09:11:46.485135,2026-07-03T09:11:46.493536+00:00,115.4,50,ask,DiligentDonuts,FlawlessFlatbreads,5561259
2026-07-03T09:11:48.618810,2026-07-03T09:11:48.630180+00:00,115.2,50,ask,EarnestEspressos,FlawlessFlatbreads,5561293
2026-07-03T09:11:49.647980,2026-07-03T09:11:49.760944+00:00,115.5,23,bid,Xuanyu Liu,EarnestEspressos,5561310
2026-07-03T09:11:50.674175,2026-07-03T09:11:50.685562+00:00,115.5,50,bid,FlawlessFlatbreads,EarnestEspressos,5561333
2026-07-03T09:11:52.027457,2026-07-03T09:11:52.038461+00:00,115.5,47,bid,CostlyCorianders,EarnestEspressos,5561366
2026-07-03T09:11:52.790416,2026-07-03T09:11:52.801263+00:00,115.6,50,bid,FlawlessFlatbreads,DiligentDonuts,5561378
2026-07-03T09:11:53.116251,2026-07-03T09:11:53.127816+00:00,115.6,40,bid,CostlyCorianders,DiligentDonuts,5561380
2026-07-03T09:11:54.897448,2026-07-03T09:11:54.909275+00:00,115.7,50,bid,FlawlessFlatbreads,EarnestEspressos,5561403
2026-07-03T09:11:56.211044,2026-07-03T09:11:56.220220+00:00,115.4,49,ask,EarnestEspressos,CostlyCorianders,5561427
2026-07-03T09:11:56.479094,2026-07-03T09:11:56.489758+00:00,115.4,12,ask,EarnestEspressos,Xuanyu Liu,5561436
2026-07-03T09:11:57.032568,2026-07-03T09:11:57.058586+00:00,115.7,50,bid,FlawlessFlatbreads,DiligentDonuts,5561442
2026-07-03T09:11:57.703156,2026-07-03T09:11:57.714588+00:00,115.4,44,ask,EarnestEspressos,CostlyCorianders,5561455
2026-07-03T09:11:59.139822,2026-07-03T09:11:59.147337+00:00,115.5,50,bid,FlawlessFlatbreads,EarnestEspressos,5561473
2026-07-03T09:11:59.191016,2026-07-03T09:11:59.202534+00:00,115.5,43,bid,CostlyCorianders,EarnestEspressos,5561475
2026-07-03T09:11:59.725595,2026-07-03T09:11:59.732921+00:00,115.3,44,ask,DiligentDonuts,CostlyCorianders,5561486
2026-07-03T09:12:01.303443,2026-07-03T09:12:01.311584+00:00,115.3,50,ask,DiligentDonuts,FlawlessFlatbreads,5561504
2026-07-03T09:12:03.359894,2026-07-03T09:12:03.368025+00:00,115.6,50,bid,FlawlessFlatbreads,DiligentDonuts,5561540
2026-07-03T09:12:03.407694,2026-07-03T09:12:03.413940+00:00,115.6,40,bid,CostlyCorianders,DiligentDonuts,5561541
2026-07-03T09:12:04.928829,2026-07-03T09:12:04.936039+00:00,115.4,47,ask,EarnestEspressos,CostlyCorianders,5561565
2026-07-03T09:12:05.466252,2026-07-03T09:12:05.477745+00:00,115.6,10,bid,FlawlessFlatbreads,DiligentDonuts,5561573
2026-07-03T09:12:05.466252,2026-07-03T09:12:05.477745+00:00,115.8,40,bid,FlawlessFlatbreads,EarnestEspressos,5561574
2026-07-03T09:12:06.386368,2026-07-03T09:12:06.398079+00:00,115.8,46,bid,CostlyCorianders,EarnestEspressos,5561593
2026-07-03T09:12:06.964918,2026-07-03T09:12:06.971996+00:00,115.7,23,ask,DiligentDonuts,Xuanyu Liu,5561605
2026-07-03T09:12:07.577537,2026-07-03T09:12:07.589065+00:00,115.8,50,bid,FlawlessFlatbreads,EarnestEspressos,5561612
2026-07-03T09:12:08.544565,2026-07-03T09:12:08.567037+00:00,115.7,44,ask,DiligentDonuts,CostlyCorianders,5561631
2026-07-03T09:12:08.559481,2026-07-03T09:12:08.567037+00:00,116.0,11,ask,EarnestEspressos,Xuanyu Liu,5561634
2026-07-03T09:12:09.140580,2026-07-03T09:12:09.154584+00:00,116.0,100,ask,EarnestEspressos,DiligentDonuts,5561645
2026-07-03T09:12:09.586191,2026-07-03T09:12:09.593852+00:00,116.0,3,ask,EarnestEspressos,Xuanyu Liu,5561653
2026-07-03T09:12:09.745526,2026-07-03T09:12:09.757186+00:00,116.0,36,ask,EarnestEspressos,FlawlessFlatbreads,5561657
2026-07-03T09:12:09.745526,2026-07-03T09:12:09.757186+00:00,115.4,14,ask,DiligentDonuts,FlawlessFlatbreads,5561658
2026-07-03T09:12:11.774162,2026-07-03T09:12:11.782126+00:00,115.7,3,bid,Xuanyu Liu,EarnestEspressos,5561689
2026-07-03T09:12:11.853658,2026-07-03T09:12:11.865018+00:00,115.4,50,ask,DiligentDonuts,FlawlessFlatbreads,5561691
2026-07-03T09:12:12.213307,2026-07-03T09:12:12.221289+00:00,115.7,11,bid,Xuanyu Liu,EarnestEspressos,5561698
2026-07-03T09:12:12.815964,2026-07-03T09:12:12.825436+00:00,115.7,12,bid,Xuanyu Liu,EarnestEspressos,5561708
2026-07-03T09:12:13.963789,2026-07-03T09:12:13.971002+00:00,115.2,50,ask,EarnestEspressos,FlawlessFlatbreads,5561729
2026-07-03T09:12:16.018950,2026-07-03T09:12:16.064099+00:00,115.7,50,bid,FlawlessFlatbreads,EarnestEspressos,5561758
2026-07-03T09:12:17.118603,2026-07-03T09:12:17.125948+00:00,115.7,49,bid,CostlyCorianders,EarnestEspressos,5561776
2026-07-03T09:12:18.125401,2026-07-03T09:12:18.136872+00:00,116.0,50,bid,FlawlessFlatbreads,DiligentDonuts,5561796
2026-07-03T09:12:20.234274,2026-07-03T09:12:20.245683+00:00,116.1,50,bid,FlawlessFlatbreads,EarnestEspressos,5561834
2026-07-03T09:12:21.047319,2026-07-03T09:12:21.063708+00:00,115.6,43,ask,EarnestEspressos,CostlyCorianders,5561847
2026-07-03T09:12:22.341100,2026-07-03T09:12:22.349239+00:00,116.2,50,bid,FlawlessFlatbreads,EarnestEspressos,5561870
2026-07-03T09:12:23.799076,2026-07-03T09:12:23.810907+00:00,116.2,42,bid,CostlyCorianders,EarnestEspressos,5561884
2026-07-03T09:12:24.322849,2026-07-03T09:12:24.334215+00:00,115.7,45,ask,DiligentDonuts,CostlyCorianders,5561898
2026-07-03T09:12:24.370060,2026-07-03T09:12:24.377768+00:00,115.9,23,ask,EarnestEspressos,Xuanyu Liu,5561899
2026-07-03T09:12:24.449133,2026-07-03T09:12:24.460328+00:00,116.2,50,bid,FlawlessFlatbreads,DiligentDonuts,5561901
2026-07-03T09:12:26.560810,2026-07-03T09:12:26.569386+00:00,116.0,50,bid,FlawlessFlatbreads,DiligentDonuts,5561935
2026-07-03T09:12:26.635748,2026-07-03T09:12:26.644643+00:00,115.9,3,ask,EarnestEspressos,Xuanyu Liu,5561938
2026-07-03T09:12:27.577092,2026-07-03T09:12:27.587394+00:00,116.0,48,bid,CostlyCorianders,DiligentDonuts,5561953
2026-07-03T09:12:28.672291,2026-07-03T09:12:28.683618+00:00,116.2,50,bid,FlawlessFlatbreads,EarnestEspressos,5561973
2026-07-03T09:12:30.709071,2026-07-03T09:12:30.716230+00:00,115.8,42,ask,DiligentDonuts,CostlyCorianders,5561995
2026-07-03T09:12:30.780795,2026-07-03T09:12:30.792733+00:00,116.2,50,bid,FlawlessFlatbreads,Alan Niu,5561997
2026-07-03T09:12:31.196678,2026-07-03T09:12:31.204607+00:00,116.3,44,bid,CostlyCorianders,EarnestEspressos,5562007
2026-07-03T09:12:32.887680,2026-07-03T09:12:32.899206+00:00,116.1,50,bid,FlawlessFlatbreads,DiligentDonuts,5562033
2026-07-03T09:12:33.842674,2026-07-03T09:12:33.854085+00:00,116.1,50,bid,EarnestEspressos,DiligentDonuts,5562050
2026-07-03T09:12:34.610964,2026-07-03T09:12:34.624474+00:00,116.1,47,ask,EarnestEspressos,CostlyCorianders,5562066
2026-07-03T09:12:35.007498,2026-07-03T09:12:35.016945+00:00,116.3,50,bid,FlawlessFlatbreads,Alan Niu,5562070
2026-07-03T09:12:35.165064,2026-07-03T09:12:35.173938+00:00,116.1,3,ask,EarnestEspressos,Xuanyu Liu,5562076
2026-07-03T09:12:35.202284,2026-07-03T09:12:35.213907+00:00,116.3,44,bid,CostlyCorianders,Alan Niu,5562079
2026-07-03T09:12:35.235659,2026-07-03T09:12:35.244047+00:00,116.1,50,ask,EarnestEspressos,Alan Niu,5562085
2026-07-03T09:12:37.116060,2026-07-03T09:12:37.126547+00:00,116.0,50,bid,FlawlessFlatbreads,EarnestEspressos,5562111
2026-07-03T09:12:38.621712,2026-07-03T09:12:38.630498+00:00,115.9,42,ask,DiligentDonuts,CostlyCorianders,5562140
2026-07-03T09:12:39.242214,2026-07-03T09:12:39.258559+00:00,116.0,50,bid,FlawlessFlatbreads,EarnestEspressos,5562152
2026-07-03T09:12:39.741361,2026-07-03T09:12:39.749072+00:00,116.0,3,bid,Xuanyu Liu,EarnestEspressos,5562164
2026-07-03T09:12:40.670459,2026-07-03T09:12:40.679396+00:00,116.0,47,bid,CostlyCorianders,EarnestEspressos,5562189
2026-07-03T09:12:41.349339,2026-07-03T09:12:41.360814+00:00,116.0,50,bid,FlawlessFlatbreads,EarnestEspressos,5562200
2026-07-03T09:12:43.331582,2026-07-03T09:12:43.339060+00:00,116.1,100,bid,EarnestEspressos,DiligentDonuts,5562226
2026-07-03T09:12:43.331582,2026-07-03T09:12:43.344226+00:00,116.2,6,bid,EarnestEspressos,Alan Niu,5562227
2026-07-03T09:12:43.400180,2026-07-03T09:12:43.410036+00:00,116.2,14,ask,EarnestEspressos,Xuanyu Liu,5562228
2026-07-03T09:12:43.456977,2026-07-03T09:12:43.468719+00:00,116.7,50,bid,FlawlessFlatbreads,EarnestEspressos,5562231
2026-07-03T09:12:43.676098,2026-07-03T09:12:43.688776+00:00,116.2,12,ask,EarnestEspressos,Xuanyu Liu,5562240
2026-07-03T09:12:45.564087,2026-07-03T09:12:45.575870+00:00,116.3,50,bid,FlawlessFlatbreads,DiligentDonuts,5562276
2026-07-03T09:12:47.191770,2026-07-03T09:12:47.198643+00:00,116.0,48,ask,DiligentDonuts,CostlyCorianders,5562294
2026-07-03T09:12:47.674614,2026-07-03T09:12:47.682420+00:00,116.2,50,bid,FlawlessFlatbreads,EarnestEspressos,5562306
2026-07-03T09:12:49.741278,2026-07-03T09:12:49.748916+00:00,116.0,43,ask,DiligentDonuts,CostlyCorianders,5562335
2026-07-03T09:12:49.782712,2026-07-03T09:12:49.794071+00:00,116.5,50,bid,FlawlessFlatbreads,DiligentDonuts,5562336
2026-07-03T09:12:50.790168,2026-07-03T09:12:50.797164+00:00,116.0,47,ask,EarnestEspressos,CostlyCorianders,5562351
2026-07-03T09:12:51.892022,2026-07-03T09:12:51.903368+00:00,116.5,50,bid,FlawlessFlatbreads,EarnestEspressos,5562371
2026-07-03T09:12:53.676139,2026-07-03T09:12:53.687623+00:00,116.4,48,bid,CostlyCorianders,DiligentDonuts,5562399
2026-07-03T09:12:54.002853,2026-07-03T09:12:54.009362+00:00,116.4,50,bid,FlawlessFlatbreads,DiligentDonuts,5562406
2026-07-03T09:12:54.201319,2026-07-03T09:12:54.209997+00:00,116.0,47,ask,EarnestEspressos,CostlyCorianders,5562414
2026-07-03T09:12:56.113699,2026-07-03T09:12:56.125007+00:00,116.3,50,bid,FlawlessFlatbreads,EarnestEspressos,5562437
2026-07-03T09:12:57.852298,2026-07-03T09:12:57.863688+00:00,116.3,48,bid,CostlyCorianders,EarnestEspressos,5562466
2026-07-03T09:12:58.218386,2026-07-03T09:12:58.227787+00:00,116.3,50,bid,FlawlessFlatbreads,EarnestEspressos,5562476
2026-07-03T09:12:58.875539,2026-07-03T09:12:58.887219+00:00,116.3,2,bid,CostlyCorianders,EarnestEspressos,5562487
2026-07-03T09:12:58.875539,2026-07-03T09:12:58.887219+00:00,116.7,44,bid,CostlyCorianders,DiligentDonuts,5562488
2026-07-03T09:12:59.150354,2026-07-03T09:12:59.163515+00:00,116.4,23,ask,EarnestEspressos,Xuanyu Liu,5562493
2026-07-03T09:12:59.399772,2026-07-03T09:12:59.410379+00:00,116.4,41,ask,EarnestEspressos,CostlyCorianders,5562501
2026-07-03T09:13:00.326228,2026-07-03T09:13:00.336284+00:00,116.8,50,bid,FlawlessFlatbreads,DiligentDonuts,5562518
2026-07-03T09:13:02.005250,2026-07-03T09:13:02.014024+00:00,116.4,22,ask,EarnestEspressos,Xuanyu Liu,5562543
2026-07-03T09:13:02.350257,2026-07-03T09:13:02.359058+00:00,116.3,100,ask,DiligentDonuts,EarnestEspressos,5562549
2026-07-03T09:13:02.434928,2026-07-03T09:13:02.446381+00:00,116.3,50,bid,FlawlessFlatbreads,EarnestEspressos,5562551
2026-07-03T09:13:02.760243,2026-07-03T09:13:02.771625+00:00,115.8,46,ask,EarnestEspressos,CostlyCorianders,5562559
2026-07-03T09:13:04.543493,2026-07-03T09:13:04.558591+00:00,116.4,50,bid,FlawlessFlatbreads,DiligentDonuts,5562578
2026-07-03T09:13:04.670126,2026-07-03T09:13:04.678402+00:00,116.4,11,bid,Xuanyu Liu,DiligentDonuts,5562582
2026-07-03T09:13:05.481335,2026-07-03T09:13:05.484867+00:00,116.4,39,bid,EarnestEspressos,DiligentDonuts,5562600
2026-07-03T09:13:06.049420,2026-07-03T09:13:06.057889+00:00,116.5,11,ask,EarnestEspressos,Xuanyu Liu,5562616
2026-07-03T09:13:06.710295,2026-07-03T09:13:06.719891+00:00,116.5,50,ask,EarnestEspressos,FlawlessFlatbreads,5562623
2026-07-03T09:13:08.511985,2026-07-03T09:13:08.520486+00:00,116.5,12,ask,EarnestEspressos,Xuanyu Liu,5562653
2026-07-03T09:13:08.700811,2026-07-03T09:13:08.712667+00:00,116.4,100,ask,DiligentDonuts,EarnestEspressos,5562662
2026-07-03T09:13:08.818305,2026-07-03T09:13:08.825901+00:00,115.9,50,ask,EarnestEspressos,FlawlessFlatbreads,5562663
2026-07-03T09:13:10.227616,2026-07-03T09:13:10.239104+00:00,116.4,46,bid,CostlyCorianders,EarnestEspressos,5562693
2026-07-03T09:13:10.928190,2026-07-03T09:13:10.937845+00:00,116.0,50,ask,DiligentDonuts,FlawlessFlatbreads,5562711
2026-07-03T09:13:12.149258,2026-07-03T09:13:12.158571+00:00,116.2,42,ask,EarnestEspressos,CostlyCorianders,5562732
2026-07-03T09:13:12.424012,2026-07-03T09:13:12.435426+00:00,116.2,100,ask,EarnestEspressos,DiligentDonuts,5562738
2026-07-03T09:13:13.033527,2026-07-03T09:13:13.044974+00:00,116.2,8,ask,EarnestEspressos,FlawlessFlatbreads,5562755
2026-07-03T09:13:13.033527,2026-07-03T09:13:13.044974+00:00,115.7,42,ask,DiligentDonuts,FlawlessFlatbreads,5562756
2026-07-03T09:13:15.035866,2026-07-03T09:13:15.043775+00:00,115.9,34,bid,Xuanyu Liu,EarnestEspressos,5562782
2026-07-03T09:13:15.121103,2026-07-03T09:13:15.132056+00:00,115.9,12,bid,Xuanyu Liu,EarnestEspressos,5562787
2026-07-03T09:13:15.153714,2026-07-03T09:13:15.165062+00:00,115.9,23,bid,Xuanyu Liu,EarnestEspressos,5562791
2026-07-03T09:13:15.175536,2026-07-03T09:13:15.190985+00:00,115.7,50,ask,DiligentDonuts,FlawlessFlatbreads,5562793
2026-07-03T09:13:15.531985,2026-07-03T09:13:15.568690+00:00,115.9,81,bid,DiligentDonuts,EarnestEspressos,5562810
2026-07-03T09:13:16.322175,2026-07-03T09:13:16.337143+00:00,116.5,40,bid,CostlyCorianders,DiligentDonuts,5562818
2026-07-03T09:13:17.282000,2026-07-03T09:13:17.291145+00:00,116.0,19,ask,DiligentDonuts,FlawlessFlatbreads,5562829
2026-07-03T09:13:17.282000,2026-07-03T09:13:17.291145+00:00,115.5,31,ask,Alan Niu,FlawlessFlatbreads,5562830
2026-07-03T09:13:17.696167,2026-07-03T09:13:17.707654+00:00,116.1,31,bid,CostlyCorianders,Alan Niu,5562843
2026-07-03T09:13:17.696167,2026-07-03T09:13:17.707654+00:00,116.5,17,bid,CostlyCorianders,DiligentDonuts,5562844
2026-07-03T09:13:18.167890,2026-07-03T09:13:18.259268+00:00,116.1,35,ask,EarnestEspressos,Xuanyu Liu,5562850
2026-07-03T09:13:19.364977,2026-07-03T09:13:19.374479+00:00,116.3,50,bid,FlawlessFlatbreads,DiligentDonuts,5562876
2026-07-03T09:13:20.384559,2026-07-03T09:13:20.388152+00:00,116.3,35,bid,Xuanyu Liu,DiligentDonuts,5562891
2026-07-03T09:13:21.302303,2026-07-03T09:13:21.312890+00:00,116.3,15,bid,EarnestEspressos,DiligentDonuts,5562906
2026-07-03T09:13:21.370616,2026-07-03T09:13:21.379484+00:00,116.6,12,ask,EarnestEspressos,Xuanyu Liu,5562907
2026-07-03T09:13:21.471602,2026-07-03T09:13:21.483319+00:00,117.1,50,bid,FlawlessFlatbreads,EarnestEspressos,5562909
2026-07-03T09:13:21.696011,2026-07-03T09:13:21.703472+00:00,116.6,23,ask,EarnestEspressos,Xuanyu Liu,5562913
2026-07-03T09:13:22.068388,2026-07-03T09:13:22.079511+00:00,116.6,43,ask,EarnestEspressos,CostlyCorianders,5562922
2026-07-03T09:13:23.019310,2026-07-03T09:13:23.028449+00:00,116.6,11,ask,EarnestEspressos,Xuanyu Liu,5562945
2026-07-03T09:13:23.636795,2026-07-03T09:13:23.658575+00:00,116.6,46,ask,EarnestEspressos,FlawlessFlatbreads,5562957
2026-07-03T09:13:23.636795,2026-07-03T09:13:23.658575+00:00,116.4,4,ask,DiligentDonuts,FlawlessFlatbreads,5562958
2026-07-03T09:13:24.354048,2026-07-03T09:13:24.356570+00:00,116.9,46,bid,CostlyCorianders,DiligentDonuts,5562976
2026-07-03T09:13:25.032344,2026-07-03T09:13:25.044081+00:00,116.9,100,bid,DiligentDonuts,EarnestEspressos,5562983
2026-07-03T09:13:25.749395,2026-07-03T09:13:25.758550+00:00,116.4,50,ask,EarnestEspressos,FlawlessFlatbreads,5562996
2026-07-03T09:13:26.454477,2026-07-03T09:13:26.456336+00:00,116.4,45,ask,EarnestEspressos,CostlyCorianders,5563011
2026-07-03T09:13:27.875629,2026-07-03T09:13:27.884389+00:00,116.5,50,ask,EarnestEspressos,FlawlessFlatbreads,5563041
2026-07-03T09:13:28.217493,2026-07-03T09:13:28.229136+00:00,117.0,47,bid,CostlyCorianders,EarnestEspressos,5563045
2026-07-03T09:13:29.983046,2026-07-03T09:13:29.991833+00:00,116.6,50,ask,DiligentDonuts,FlawlessFlatbreads,5563082
2026-07-03T09:13:30.886156,2026-07-03T09:13:30.894984+00:00,116.7,23,bid,Xuanyu Liu,EarnestEspressos,5563098
2026-07-03T09:13:32.039597,2026-07-03T09:13:32.045924+00:00,116.7,50,bid,FlawlessFlatbreads,EarnestEspressos,5563114
2026-07-03T09:13:34.198503,2026-07-03T09:13:34.210323+00:00,116.6,50,ask,EarnestEspressos,FlawlessFlatbreads,5563147
2026-07-03T09:13:35.941875,2026-07-03T09:13:35.948331+00:00,116.8,46,bid,CostlyCorianders,DiligentDonuts,5563170
2026-07-03T09:13:36.255665,2026-07-03T09:13:36.257574+00:00,116.8,50,bid,FlawlessFlatbreads,DiligentDonuts,5563178
2026-07-03T09:13:37.576065,2026-07-03T09:13:37.586679+00:00,116.5,43,ask,EarnestEspressos,CostlyCorianders,5563196
2026-07-03T09:13:38.054251,2026-07-03T09:13:38.057139+00:00,117.0,41,bid,CostlyCorianders,EarnestEspressos,5563200
2026-07-03T09:13:38.371145,2026-07-03T09:13:38.381449+00:00,117.0,50,bid,FlawlessFlatbreads,EarnestEspressos,5563208
2026-07-03T09:13:40.479165,2026-07-03T09:13:40.490580+00:00,117.2,50,bid,FlawlessFlatbreads,DiligentDonuts,5563234
2026-07-03T09:13:41.360614,2026-07-03T09:13:41.368501+00:00,116.8,12,ask,DiligentDonuts,Xuanyu Liu,5563256
