timestamp,recv_time,price,volume,aggressor_side,buyer,seller,trade_id
2026-07-01T00:59:59.995218,2026-07-01T01:00:00.005658+00:00,81.9,4,bid,CostlyCorianders,Kelvin Chan,1385834
2026-07-01T01:00:00.550095,2026-07-01T01:00:00.556494+00:00,81.7,100,ask,DiligentDonuts,EarnestEspressos,1385840
2026-07-01T01:00:02.522519,2026-07-01T01:00:02.535004+00:00,81.7,50,bid,FlawlessFlatbreads,EarnestEspressos,1385899
2026-07-01T01:00:03.350742,2026-07-01T01:00:03.363439+00:00,81.9,1,bid,CostlyCorianders,Kelvin Chan,1385910
2026-07-01T01:00:03.350742,2026-07-01T01:00:03.363439+00:00,81.9,44,bid,CostlyCorianders,DiligentDonuts,1385911
2026-07-01T01:00:03.677684,2026-07-01T01:00:03.681438+00:00,81.7,3,ask,EarnestEspressos,Xuanyu Liu,1385916
2026-07-01T01:00:04.684545,2026-07-01T01:00:04.686866+00:00,81.7,50,ask,EarnestEspressos,FlawlessFlatbreads,1385944
2026-07-01T01:00:06.738958,2026-07-01T01:00:06.745941+00:00,81.9,1,bid,FlawlessFlatbreads,Kelvin Chan,1385992
2026-07-01T01:00:06.738958,2026-07-01T01:00:06.745941+00:00,82.1,49,bid,FlawlessFlatbreads,DiligentDonuts,1385993
2026-07-01T01:00:06.826372,2026-07-01T01:00:06.828027+00:00,81.6,46,ask,DiligentDonuts,CostlyCorianders,1385996
2026-07-01T01:00:07.933903,2026-07-01T01:00:07.941077+00:00,81.9,4,bid,CostlyCorianders,Kelvin Chan,1386022
2026-07-01T01:00:08.546293,2026-07-01T01:00:08.556063+00:00,81.7,40,ask,EarnestEspressos,CostlyCorianders,1386040
2026-07-01T01:00:08.896530,2026-07-01T01:00:08.905051+00:00,81.7,50,ask,EarnestEspressos,FlawlessFlatbreads,1386050
2026-07-01T01:00:10.672202,2026-07-01T01:00:10.682721+00:00,81.8,44,bid,CostlyCorianders,EarnestEspressos,1386084
2026-07-01T01:00:11.003977,2026-07-01T01:00:11.011700+00:00,81.6,1,ask,Kelvin Chan,FlawlessFlatbreads,1386099
2026-07-01T01:00:11.003977,2026-07-01T01:00:11.011700+00:00,81.6,49,ask,DiligentDonuts,FlawlessFlatbreads,1386100
2026-07-01T01:00:11.121411,2026-07-01T01:00:11.125542+00:00,81.8,3,bid,Xuanyu Liu,EarnestEspressos,1386106
2026-07-01T01:00:13.114619,2026-07-01T01:00:13.123876+00:00,81.6,50,ask,DiligentDonuts,FlawlessFlatbreads,1386149
2026-07-01T01:00:15.073878,2026-07-01T01:00:15.078173+00:00,81.7,3,ask,Kelvin Chan,Xuanyu Liu,1386194
2026-07-01T01:00:15.221353,2026-07-01T01:00:15.232440+00:00,81.6,50,ask,DiligentDonuts,FlawlessFlatbreads,1386201
2026-07-01T01:00:15.568862,2026-07-01T01:00:15.573111+00:00,81.5,3,bid,Xuanyu Liu,DiligentDonuts,1386206
2026-07-01T01:00:16.020536,2026-07-01T01:00:16.024145+00:00,81.5,5,bid,Kelvin Chan,DiligentDonuts,1386214
2026-07-01T01:00:16.110220,2026-07-01T01:00:16.116246+00:00,81.5,5,bid,Kelvin Chan,DiligentDonuts,1386217
2026-07-01T01:00:16.229643,2026-07-01T01:00:16.240374+00:00,81.5,5,bid,Kelvin Chan,DiligentDonuts,1386220
2026-07-01T01:00:16.380836,2026-07-01T01:00:16.385014+00:00,81.5,11,bid,Xuanyu Liu,DiligentDonuts,1386226
2026-07-01T01:00:16.944029,2026-07-01T01:00:16.967116+00:00,81.3,48,ask,EarnestEspressos,CostlyCorianders,1386242
2026-07-01T01:00:16.962990,2026-07-01T01:00:16.967116+00:00,81.5,12,bid,Xuanyu Liu,DiligentDonuts,1386244
2026-07-01T01:00:17.025461,2026-07-01T01:00:17.028659+00:00,81.5,5,bid,Kelvin Chan,DiligentDonuts,1386246
2026-07-01T01:00:17.121391,2026-07-01T01:00:17.131210+00:00,81.5,5,bid,Kelvin Chan,DiligentDonuts,1386248
2026-07-01T01:00:17.327493,2026-07-01T01:00:17.336250+00:00,81.3,50,ask,EarnestEspressos,FlawlessFlatbreads,1386253
2026-07-01T01:00:17.331606,2026-07-01T01:00:17.336250+00:00,81.5,5,bid,Kelvin Chan,DiligentDonuts,1386254
2026-07-01T01:00:17.430944,2026-07-01T01:00:17.439459+00:00,81.5,5,bid,Kelvin Chan,DiligentDonuts,1386256
2026-07-01T01:00:17.431094,2026-07-01T01:00:17.439459+00:00,81.5,39,bid,CostlyCorianders,DiligentDonuts,1386257
2026-07-01T01:00:17.431094,2026-07-01T01:00:17.439459+00:00,81.8,4,bid,CostlyCorianders,EarnestEspressos,1386258
2026-07-01T01:00:19.436155,2026-07-01T01:00:19.446413+00:00,81.5,4,ask,Kelvin Chan,FlawlessFlatbreads,1386299
2026-07-01T01:00:19.436155,2026-07-01T01:00:19.446413+00:00,81.3,46,ask,DiligentDonuts,FlawlessFlatbreads,1386300
2026-07-01T01:00:21.367244,2026-07-01T01:00:21.375220+00:00,81.5,2,bid,Kelvin Chan,EarnestEspressos,1386333
2026-07-01T01:00:21.441387,2026-07-01T01:00:21.447217+00:00,81.5,2,bid,Kelvin Chan,EarnestEspressos,1386335
2026-07-01T01:00:21.463943,2026-07-01T01:00:21.467854+00:00,81.5,2,bid,Kelvin Chan,EarnestEspressos,1386336
2026-07-01T01:00:21.548466,2026-07-01T01:00:21.550193+00:00,81.4,2,ask,Kelvin Chan,FlawlessFlatbreads,1386341
2026-07-01T01:00:21.548466,2026-07-01T01:00:21.560458+00:00,81.3,48,ask,DiligentDonuts,FlawlessFlatbreads,1386342
2026-07-01T01:00:22.135656,2026-07-01T01:00:22.140244+00:00,81.5,48,bid,CostlyCorianders,EarnestEspressos,1386364
2026-07-01T01:00:23.655040,2026-07-01T01:00:23.664600+00:00,81.3,50,ask,EarnestEspressos,FlawlessFlatbreads,1386406
2026-07-01T01:00:25.059384,2026-07-01T01:00:25.070699+00:00,81.4,5,ask,Kelvin Chan,CostlyCorianders,1386432
2026-07-01T01:00:25.059384,2026-07-01T01:00:25.070699+00:00,81.3,38,ask,EarnestEspressos,CostlyCorianders,1386433
2026-07-01T01:00:25.573174,2026-07-01T01:00:25.577591+00:00,81.5,5,bid,Xuanyu Liu,DiligentDonuts,1386458
2026-07-01T01:00:25.592296,2026-07-01T01:00:25.598260+00:00,81.3,41,ask,EarnestEspressos,CostlyCorianders,1386459
2026-07-01T01:00:25.763813,2026-07-01T01:00:25.773785+00:00,81.0,50,ask,DiligentDonuts,FlawlessFlatbreads,1386465
2026-07-01T01:00:25.885591,2026-07-01T01:00:25.890463+00:00,81.3,23,bid,Xuanyu Liu,EarnestEspressos,1386469
2026-07-01T01:00:26.149321,2026-07-01T01:00:26.158904+00:00,81.3,5,bid,Kelvin Chan,EarnestEspressos,1386471
2026-07-01T01:00:26.289357,2026-07-01T01:00:26.292469+00:00,81.3,5,bid,Kelvin Chan,EarnestEspressos,1386472
2026-07-01T01:00:27.818862,2026-07-01T01:00:27.823879+00:00,81.3,50,bid,FlawlessFlatbreads,EarnestEspressos,1386499
2026-07-01T01:00:28.178376,2026-07-01T01:00:28.183746+00:00,81.3,47,bid,CostlyCorianders,EarnestEspressos,1386511
2026-07-01T01:00:29.797237,2026-07-01T01:00:29.803579+00:00,81.4,48,bid,CostlyCorianders,DiligentDonuts,1386546
2026-07-01T01:00:29.926669,2026-07-01T01:00:29.937895+00:00,81.4,50,bid,FlawlessFlatbreads,DiligentDonuts,1386556
2026-07-01T01:00:32.033156,2026-07-01T01:00:32.036249+00:00,81.5,2,bid,FlawlessFlatbreads,Kelvin Chan,1386592
2026-07-01T01:00:32.033156,2026-07-01T01:00:32.046528+00:00,81.6,48,bid,FlawlessFlatbreads,EarnestEspressos,1386593
2026-07-01T01:00:33.439297,2026-07-01T01:00:33.443374+00:00,81.4,12,ask,EarnestEspressos,Xuanyu Liu,1386623
2026-07-01T01:00:36.297125,2026-07-01T01:00:36.303628+00:00,81.4,50,ask,EarnestEspressos,FlawlessFlatbreads,1386668
2026-07-01T01:00:38.405008,2026-07-01T01:00:38.414966+00:00,81.6,50,ask,DiligentDonuts,FlawlessFlatbreads,1386703
2026-07-01T01:00:38.948626,2026-07-01T01:00:38.958003+00:00,81.6,40,ask,DiligentDonuts,CostlyCorianders,1386708
2026-07-01T01:00:40.006052,2026-07-01T01:00:40.015868+00:00,81.6,10,ask,DiligentDonuts,CostlyCorianders,1386736
2026-07-01T01:00:40.006052,2026-07-01T01:00:40.015868+00:00,81.5,35,ask,EarnestEspressos,CostlyCorianders,1386737
2026-07-01T01:00:40.463003,2026-07-01T01:00:40.467163+00:00,82.0,40,bid,CostlyCorianders,EarnestEspressos,1386744
2026-07-01T01:00:40.511749,2026-07-01T01:00:40.518757+00:00,81.5,50,ask,EarnestEspressos,FlawlessFlatbreads,1386748
2026-07-01T01:00:43.525262,2026-07-01T01:00:43.536491+00:00,81.7,42,bid,CostlyCorianders,EarnestEspressos,1386806
2026-07-01T01:00:44.086067,2026-07-01T01:00:44.102282+00:00,81.4,5,ask,Kelvin Chan,CostlyCorianders,1386831
2026-07-01T01:00:44.086067,2026-07-01T01:00:44.102282+00:00,81.2,40,ask,EarnestEspressos,CostlyCorianders,1386832
2026-07-01T01:00:44.682093,2026-07-01T01:00:44.690272+00:00,81.6,50,bid,FlawlessFlatbreads,DiligentDonuts,1386841
2026-07-01T01:00:46.242249,2026-07-01T01:00:46.251443+00:00,81.4,5,ask,Kelvin Chan,CostlyCorianders,1386873
2026-07-01T01:00:46.242249,2026-07-01T01:00:46.251443+00:00,81.2,35,ask,EarnestEspressos,CostlyCorianders,1386874
2026-07-01T01:00:46.789146,2026-07-01T01:00:46.799318+00:00,81.6,50,bid,FlawlessFlatbreads,DiligentDonuts,1386889
2026-07-01T01:00:47.365011,2026-07-01T01:00:47.374393+00:00,81.7,41,bid,CostlyCorianders,EarnestEspressos,1386906
2026-07-01T01:00:48.895949,2026-07-01T01:00:48.905467+00:00,81.7,6,bid,FlawlessFlatbreads,Kelvin Chan,1386934
2026-07-01T01:00:48.895949,2026-07-01T01:00:48.905467+00:00,81.8,44,bid,FlawlessFlatbreads,EarnestEspressos,1386935
2026-07-01T01:00:49.560894,2026-07-01T01:00:49.563659+00:00,81.4,40,ask,DiligentDonuts,CostlyCorianders,1386953
2026-07-01T01:00:51.003322,2026-07-01T01:00:51.005709+00:00,81.7,3,bid,FlawlessFlatbreads,Kelvin Chan,1386999
2026-07-01T01:00:51.003322,2026-07-01T01:00:51.016112+00:00,81.8,47,bid,FlawlessFlatbreads,EarnestEspressos,1387000
2026-07-01T01:00:53.110781,2026-07-01T01:00:53.118399+00:00,82.0,50,bid,FlawlessFlatbreads,DiligentDonuts,1387029
2026-07-01T01:00:55.220353,2026-07-01T01:00:55.224799+00:00,82.2,50,bid,FlawlessFlatbreads,DiligentDonuts,1387058
2026-07-01T01:00:55.744350,2026-07-01T01:00:55.748530+00:00,81.8,11,ask,EarnestEspressos,Xuanyu Liu,1387076
2026-07-01T01:00:57.051336,2026-07-01T01:00:57.055425+00:00,81.8,12,ask,EarnestEspressos,Xuanyu Liu,1387101
2026-07-01T01:00:57.407218,2026-07-01T01:00:57.413908+00:00,81.8,50,ask,EarnestEspressos,FlawlessFlatbreads,1387107
2026-07-01T01:00:57.547628,2026-07-01T01:00:57.558449+00:00,81.8,100,ask,DiligentDonuts,EarnestEspressos,1387113
2026-07-01T01:00:57.624694,2026-07-01T01:00:57.630595+00:00,81.8,46,bid,CostlyCorianders,EarnestEspressos,1387116
2026-07-01T01:00:58.672791,2026-07-01T01:00:58.678818+00:00,81.5,5,ask,Kelvin Chan,CostlyCorianders,1387137
2026-07-01T01:00:58.672791,2026-07-01T01:00:58.678818+00:00,81.3,40,ask,EarnestEspressos,CostlyCorianders,1387138
2026-07-01T01:00:59.517277,2026-07-01T01:00:59.519898+00:00,81.6,5,ask,Kelvin Chan,FlawlessFlatbreads,1387148
2026-07-01T01:00:59.517277,2026-07-01T01:00:59.530288+00:00,81.3,45,ask,EarnestEspressos,FlawlessFlatbreads,1387149
2026-07-01T01:01:03.552472,2026-07-01T01:01:03.555796+00:00,81.9,3,bid,CostlyCorianders,Kelvin Chan,1387224
2026-07-01T01:01:03.552472,2026-07-01T01:01:03.566103+00:00,82.1,44,bid,CostlyCorianders,EarnestEspressos,1387225
2026-07-01T01:01:03.679873,2026-07-01T01:01:03.690423+00:00,81.9,3,bid,FlawlessFlatbreads,Kelvin Chan,1387235
2026-07-01T01:01:03.679873,2026-07-01T01:01:03.690423+00:00,82.1,47,bid,FlawlessFlatbreads,EarnestEspressos,1387236
2026-07-01T01:01:03.820207,2026-07-01T01:01:03.824808+00:00,82.1,100,bid,EarnestEspressos,DiligentDonuts,1387244
2026-07-01T01:01:03.830025,2026-07-01T01:01:03.835294+00:00,82.1,3,ask,EarnestEspressos,Kelvin Chan,1387246
2026-07-01T01:01:03.893962,2026-07-01T01:01:03.898053+00:00,82.1,1,ask,EarnestEspressos,Xuanyu Liu,1387248
2026-07-01T01:01:04.121892,2026-07-01T01:01:04.126466+00:00,82.1,42,ask,EarnestEspressos,CostlyCorianders,1387259
2026-07-01T01:01:05.662576,2026-07-01T01:01:05.674129+00:00,82.6,49,bid,CostlyCorianders,EarnestEspressos,1387288
2026-07-01T01:01:05.786572,2026-07-01T01:01:05.797840+00:00,82.6,50,bid,FlawlessFlatbreads,EarnestEspressos,1387292
2026-07-01T01:01:06.218024,2026-07-01T01:01:06.221887+00:00,82.1,4,ask,EarnestEspressos,Xuanyu Liu,1387308
2026-07-01T01:01:06.852071,2026-07-01T01:01:06.863059+00:00,82.0,47,ask,DiligentDonuts,CostlyCorianders,1387314
2026-07-01T01:01:07.895419,2026-07-01T01:01:07.907507+00:00,82.4,50,bid,FlawlessFlatbreads,EarnestEspressos,1387346
2026-07-01T01:01:10.002469,2026-07-01T01:01:10.006602+00:00,82.4,50,bid,FlawlessFlatbreads,EarnestEspressos,1387393
2026-07-01T01:01:10.177266,2026-07-01T01:01:10.182276+00:00,82.5,100,bid,EarnestEspressos,DiligentDonuts,1387398
2026-07-01T01:01:10.263647,2026-07-01T01:01:10.267471+00:00,82.6,12,ask,EarnestEspressos,Xuanyu Liu,1387403
2026-07-01T01:01:10.430700,2026-07-01T01:01:10.443022+00:00,82.6,25,ask,EarnestEspressos,Alice Feng,1387404
2026-07-01T01:01:10.642065,2026-07-01T01:01:10.648471+00:00,82.6,13,ask,EarnestEspressos,Alice Feng,1387410
2026-07-01T01:01:13.408377,2026-07-01T01:01:13.411952+00:00,82.2,3,bid,Xuanyu Liu,EarnestEspressos,1387481
2026-07-01T01:01:14.104116,2026-07-01T01:01:14.111296+00:00,82.2,25,bid,Alice Feng,EarnestEspressos,1387495
2026-07-01T01:01:14.278770,2026-07-01T01:01:14.286825+00:00,82.0,50,ask,DiligentDonuts,FlawlessFlatbreads,1387500
2026-07-01T01:01:14.314073,2026-07-01T01:01:14.317856+00:00,82.2,13,bid,Alice Feng,EarnestEspressos,1387502
2026-07-01T01:01:14.824176,2026-07-01T01:01:14.833128+00:00,82.2,44,bid,CostlyCorianders,EarnestEspressos,1387514
2026-07-01T01:01:18.488771,2026-07-01T01:01:18.500220+00:00,82.1,50,ask,EarnestEspressos,FlawlessFlatbreads,1387591
2026-07-01T01:01:20.545585,2026-07-01T01:01:20.556603+00:00,82.2,2,bid,FlawlessFlatbreads,Kelvin Chan,1387635
2026-07-01T01:01:20.545585,2026-07-01T01:01:20.556603+00:00,82.3,48,bid,FlawlessFlatbreads,DiligentDonuts,1387636
2026-07-01T01:01:20.644607,2026-07-01T01:01:20.648383+00:00,82.2,3,bid,Xuanyu Liu,Kelvin Chan,1387643
2026-07-01T01:01:21.974993,2026-07-01T01:01:21.978071+00:00,82.2,3,bid,DiligentDonuts,Kelvin Chan,1387689
2026-07-01T01:01:22.658881,2026-07-01T01:01:22.667013+00:00,82.3,50,bid,FlawlessFlatbreads,EarnestEspressos,1387700
2026-07-01T01:01:24.764113,2026-07-01T01:01:24.771808+00:00,82.3,8,bid,FlawlessFlatbreads,Kelvin Chan,1387741
2026-07-01T01:01:24.764113,2026-07-01T01:01:24.771808+00:00,82.7,42,bid,FlawlessFlatbreads,DiligentDonuts,1387742
2026-07-01T01:01:24.988820,2026-07-01T01:01:24.998266+00:00,82.2,45,ask,DiligentDonuts,CostlyCorianders,1387748
2026-07-01T01:01:26.608127,2026-07-01T01:01:26.611674+00:00,82.8,46,bid,CostlyCorianders,DiligentDonuts,1387790
2026-07-01T01:01:26.924252,2026-07-01T01:01:26.930358+00:00,82.4,50,ask,EarnestEspressos,FlawlessFlatbreads,1387794
2026-07-01T01:01:27.678253,2026-07-01T01:01:27.690186+00:00,82.4,45,ask,EarnestEspressos,CostlyCorianders,1387808
2026-07-01T01:01:28.336552,2026-07-01T01:01:28.339866+00:00,82.4,1,ask,EarnestEspressos,Kelvin Chan,1387827
2026-07-01T01:01:28.585541,2026-07-01T01:01:28.597195+00:00,82.4,48,ask,EarnestEspressos,CostlyCorianders,1387831
2026-07-01T01:01:28.980868,2026-07-01T01:01:28.987071+00:00,82.9,50,bid,FlawlessFlatbreads,EarnestEspressos,1387833
2026-07-01T01:01:29.040662,2026-07-01T01:01:29.048570+00:00,82.9,49,bid,CostlyCorianders,EarnestEspressos,1387836
2026-07-01T01:01:31.138152,2026-07-01T01:01:31.143884+00:00,82.4,50,ask,DiligentDonuts,FlawlessFlatbreads,1387876
2026-07-01T01:01:32.479339,2026-07-01T01:01:32.484047+00:00,82.3,3,ask,DiligentDonuts,Xuanyu Liu,1387916
2026-07-01T01:01:33.196095,2026-07-01T01:01:33.203405+00:00,82.7,50,bid,FlawlessFlatbreads,EarnestEspressos,1387937
2026-07-01T01:01:33.421616,2026-07-01T01:01:33.428909+00:00,82.3,47,ask,DiligentDonuts,CostlyCorianders,1387943
2026-07-01T01:01:35.305478,2026-07-01T01:01:35.310955+00:00,82.5,50,bid,FlawlessFlatbreads,DiligentDonuts,1387987
2026-07-01T01:01:36.344705,2026-07-01T01:01:36.358743+00:00,82.5,45,bid,CostlyCorianders,DiligentDonuts,1388001
2026-07-01T01:01:38.031740,2026-07-01T01:01:38.034741+00:00,82.3,46,ask,DiligentDonuts,CostlyCorianders,1388033
2026-07-01T01:01:39.567088,2026-07-01T01:01:39.576162+00:00,82.3,50,ask,DiligentDonuts,FlawlessFlatbreads,1388070
2026-07-01T01:01:41.607979,2026-07-01T01:01:41.614321+00:00,82.4,42,bid,CostlyCorianders,DiligentDonuts,1388114
2026-07-01T01:01:41.621101,2026-07-01T01:01:41.624616+00:00,82.4,50,bid,FlawlessFlatbreads,DiligentDonuts,1388115
2026-07-01T01:01:43.729270,2026-07-01T01:01:43.732288+00:00,82.4,8,bid,FlawlessFlatbreads,DiligentDonuts,1388156
2026-07-01T01:01:43.729270,2026-07-01T01:01:43.742598+00:00,82.5,42,bid,FlawlessFlatbreads,EarnestEspressos,1388157
2026-07-01T01:01:45.850417,2026-07-01T01:01:45.855158+00:00,82.6,1,bid,FlawlessFlatbreads,Kelvin Chan,1388210
2026-07-01T01:01:45.850417,2026-07-01T01:01:45.855158+00:00,82.6,49,bid,FlawlessFlatbreads,DiligentDonuts,1388211
2026-07-01T01:01:47.281718,2026-07-01T01:01:47.283895+00:00,82.6,47,bid,CostlyCorianders,EarnestEspressos,1388244
2026-07-01T01:01:47.961434,2026-07-01T01:01:47.970926+00:00,82.5,2,bid,FlawlessFlatbreads,Kelvin Chan,1388261
2026-07-01T01:01:47.961434,2026-07-01T01:01:47.970926+00:00,82.6,48,bid,FlawlessFlatbreads,EarnestEspressos,1388262
2026-07-01T01:01:48.151871,2026-07-01T01:01:48.156352+00:00,82.6,14,ask,EarnestEspressos,Xuanyu Liu,1388265
2026-07-01T01:01:48.180665,2026-07-01T01:01:48.187198+00:00,82.6,25,ask,EarnestEspressos,Alice Feng,1388268
2026-07-01T01:01:49.309702,2026-07-01T01:01:49.316402+00:00,82.6,47,ask,EarnestEspressos,CostlyCorianders,1388288
2026-07-01T01:01:49.372670,2026-07-01T01:01:49.378379+00:00,82.6,2,ask,EarnestEspressos,Harry North,1388293
2026-07-01T01:01:49.880838,2026-07-01T01:01:49.891122+00:00,82.8,48,bid,CostlyCorianders,DiligentDonuts,1388304
2026-07-01T01:01:50.095165,2026-07-01T01:01:50.107399+00:00,82.8,50,bid,FlawlessFlatbreads,DiligentDonuts,1388308
2026-07-01T01:01:50.595070,2026-07-01T01:01:50.600081+00:00,82.7,25,ask,DiligentDonuts,Alice Feng,1388313
2026-07-01T01:01:50.805939,2026-07-01T01:01:50.815627+00:00,82.7,25,ask,DiligentDonuts,Alice Feng,1388319
2026-07-01T01:01:51.016864,2026-07-01T01:01:51.022694+00:00,82.7,25,ask,DiligentDonuts,Alice Feng,1388330
2026-07-01T01:01:51.229205,2026-07-01T01:01:51.237305+00:00,82.7,25,ask,DiligentDonuts,Alice Feng,1388334
2026-07-01T01:01:52.254586,2026-07-01T01:01:52.262417+00:00,82.4,50,ask,EarnestEspressos,FlawlessFlatbreads,1388359
2026-07-01T01:01:53.053491,2026-07-01T01:01:53.063782+00:00,82.4,49,ask,EarnestEspressos,CostlyCorianders,1388370
2026-07-01T01:01:54.323837,2026-07-01T01:01:54.328042+00:00,82.7,2,bid,FlawlessFlatbreads,Kelvin Chan,1388405
2026-07-01T01:01:54.323837,2026-07-01T01:01:54.338404+00:00,82.9,48,bid,FlawlessFlatbreads,EarnestEspressos,1388406
2026-07-01T01:01:56.246153,2026-07-01T01:01:56.258104+00:00,82.5,25,ask,DiligentDonuts,Alice Feng,1388436
2026-07-01T01:01:56.456788,2026-07-01T01:01:56.464158+00:00,82.5,25,ask,DiligentDonuts,Alice Feng,1388446
2026-07-01T01:01:56.667271,2026-07-01T01:01:56.670682+00:00,82.5,25,ask,DiligentDonuts,Alice Feng,1388458
2026-07-01T01:01:56.811136,2026-07-01T01:01:56.815290+00:00,82.4,4,ask,Kelvin Chan,DiligentDonuts,1388462
2026-07-01T01:01:57.106429,2026-07-01T01:01:57.113022+00:00,82.4,4,bid,Kelvin Chan,DiligentDonuts,1388465
2026-07-01T01:01:57.602022,2026-07-01T01:01:57.606824+00:00,82.4,40,bid,CostlyCorianders,DiligentDonuts,1388476
2026-07-01T01:01:58.704501,2026-07-01T01:01:58.709353+00:00,82.4,14,bid,Xuanyu Liu,DiligentDonuts,1388510
2026-07-01T01:01:58.733071,2026-07-01T01:01:58.740228+00:00,82.0,42,ask,EarnestEspressos,CostlyCorianders,1388511
2026-07-01T01:02:00.723071,2026-07-01T01:02:00.734671+00:00,82.2,50,ask,DiligentDonuts,FlawlessFlatbreads,1388559
2026-07-01T01:02:00.903001,2026-07-01T01:02:00.909480+00:00,82.2,40,ask,DiligentDonuts,CostlyCorianders,1388561
2026-07-01T01:02:01.359136,2026-07-01T01:02:01.361554+00:00,82.2,10,ask,DiligentDonuts,CostlyCorianders,1388579
2026-07-01T01:02:02.515240,2026-07-01T01:02:02.518731+00:00,82.3,3,ask,Kelvin Chan,Xuanyu Liu,1388605
2026-07-01T01:02:02.830691,2026-07-01T01:02:02.836090+00:00,82.3,2,ask,Kelvin Chan,FlawlessFlatbreads,1388612
2026-07-01T01:02:02.830691,2026-07-01T01:02:02.836090+00:00,81.9,48,ask,EarnestEspressos,FlawlessFlatbreads,1388613
2026-07-01T01:02:03.481794,2026-07-01T01:02:03.492555+00:00,82.3,40,bid,CostlyCorianders,DiligentDonuts,1388637
2026-07-01T01:02:04.021464,2026-07-01T01:02:04.035511+00:00,82.2,3,ask,Kelvin Chan,EarnestEspressos,1388647
2026-07-01T01:02:04.031389,2026-07-01T01:02:04.035511+00:00,82.0,3,bid,Xuanyu Liu,EarnestEspressos,1388649
2026-07-01T01:02:04.049953,2026-07-01T01:02:04.056170+00:00,82.0,49,bid,CostlyCorianders,EarnestEspressos,1388650
2026-07-01T01:02:04.095694,2026-07-01T01:02:04.107446+00:00,82.0,25,bid,Alice Feng,EarnestEspressos,1388653
2026-07-01T01:02:04.305922,2026-07-01T01:02:04.313142+00:00,82.0,25,bid,Alice Feng,EarnestEspressos,1388655
2026-07-01T01:02:04.401730,2026-07-01T01:02:04.405699+00:00,82.0,2,bid,Harry North,EarnestEspressos,1388661
2026-07-01T01:02:04.518601,2026-07-01T01:02:04.528997+00:00,82.0,25,bid,Alice Feng,EarnestEspressos,1388666
2026-07-01T01:02:04.727928,2026-07-01T01:02:04.734254+00:00,82.0,18,bid,Alice Feng,EarnestEspressos,1388674
2026-07-01T01:02:04.939251,2026-07-01T01:02:04.949542+00:00,81.8,50,ask,DiligentDonuts,FlawlessFlatbreads,1388681
2026-07-01T01:02:05.085709,2026-07-01T01:02:05.093633+00:00,81.8,46,ask,DiligentDonuts,CostlyCorianders,1388687
2026-07-01T01:02:05.626772,2026-07-01T01:02:05.638874+00:00,82.3,48,bid,CostlyCorianders,DiligentDonuts,1388702
2026-07-01T01:02:07.056068,2026-07-01T01:02:07.059551+00:00,81.6,50,ask,DiligentDonuts,FlawlessFlatbreads,1388730
2026-07-01T01:02:07.133620,2026-07-01T01:02:07.142099+00:00,82.1,100,bid,EarnestEspressos,DiligentDonuts,1388732
2026-07-01T01:02:07.815930,2026-07-01T01:02:07.818449+00:00,82.1,47,ask,EarnestEspressos,CostlyCorianders,1388738
2026-07-01T01:02:09.162035,2026-07-01T01:02:09.172743+00:00,82.1,3,ask,EarnestEspressos,FlawlessFlatbreads,1388764
2026-07-01T01:02:09.162035,2026-07-01T01:02:09.172743+00:00,81.6,47,ask,DiligentDonuts,FlawlessFlatbreads,1388765
2026-07-01T01:02:10.379044,2026-07-01T01:02:10.389869+00:00,82.0,25,bid,Alice Feng,EarnestEspressos,1388789
2026-07-01T01:02:10.589824,2026-07-01T01:02:10.596828+00:00,82.0,25,bid,Alice Feng,EarnestEspressos,1388799
2026-07-01T01:02:10.745003,2026-07-01T01:02:10.751586+00:00,82.0,49,bid,CostlyCorianders,EarnestEspressos,1388806
2026-07-01T01:02:10.799357,2026-07-01T01:02:10.802982+00:00,82.0,25,bid,Alice Feng,EarnestEspressos,1388808
2026-07-01T01:02:11.008544,2026-07-01T01:02:11.018247+00:00,82.0,25,bid,Alice Feng,EarnestEspressos,1388811
2026-07-01T01:02:11.220258,2026-07-01T01:02:11.223099+00:00,82.0,1,bid,Alice Feng,EarnestEspressos,1388816
2026-07-01T01:02:11.224393,2026-07-01T01:02:11.233418+00:00,82.2,2,bid,Alice Feng,DiligentDonuts,1388817
2026-07-01T01:02:11.279727,2026-07-01T01:02:11.284787+00:00,81.7,50,ask,DiligentDonuts,FlawlessFlatbreads,1388818
2026-07-01T01:02:11.429066,2026-07-01T01:02:11.438344+00:00,82.2,2,bid,Alice Feng,DiligentDonuts,1388822
2026-07-01T01:02:11.634742,2026-07-01T01:02:11.643041+00:00,82.2,2,bid,Alice Feng,DiligentDonuts,1388827
2026-07-01T01:02:13.387551,2026-07-01T01:02:13.399142+00:00,81.7,50,ask,DiligentDonuts,FlawlessFlatbreads,1388860
2026-07-01T01:02:15.444498,2026-07-01T01:02:15.454968+00:00,82.2,50,bid,FlawlessFlatbreads,DiligentDonuts,1388908
2026-07-01T01:02:15.650728,2026-07-01T01:02:15.660709+00:00,82.1,48,ask,EarnestEspressos,CostlyCorianders,1388911
2026-07-01T01:02:17.093373,2026-07-01T01:02:17.097187+00:00,82.0,41,ask,EarnestEspressos,CostlyCorianders,1388939
2026-07-01T01:02:17.550446,2026-07-01T01:02:17.560563+00:00,82.2,50,bid,FlawlessFlatbreads,DiligentDonuts,1388953
2026-07-01T01:02:18.044977,2026-07-01T01:02:18.053724+00:00,82.2,45,bid,CostlyCorianders,DiligentDonuts,1388963
2026-07-01T01:02:19.661934,2026-07-01T01:02:19.666652+00:00,82.4,2,bid,FlawlessFlatbreads,Kelvin Chan,1388993
2026-07-01T01:02:19.661934,2026-07-01T01:02:19.666652+00:00,82.5,48,bid,FlawlessFlatbreads,EarnestEspressos,1388994
2026-07-01T01:02:21.822845,2026-07-01T01:02:21.831550+00:00,82.0,1,ask,Kelvin Chan,FlawlessFlatbreads,1389051
2026-07-01T01:02:21.822845,2026-07-01T01:02:21.831550+00:00,82.0,49,ask,DiligentDonuts,FlawlessFlatbreads,1389052
2026-07-01T01:02:23.654355,2026-07-01T01:02:23.663318+00:00,82.3,1,bid,CostlyCorianders,Kelvin Chan,1389100
2026-07-01T01:02:23.654355,2026-07-01T01:02:23.663318+00:00,82.4,40,bid,CostlyCorianders,DiligentDonuts,1389101
2026-07-01T01:02:23.711232,2026-07-01T01:02:23.714948+00:00,82.0,2,ask,Kelvin Chan,CostlyCorianders,1389103
2026-07-01T01:02:23.711232,2026-07-01T01:02:23.714948+00:00,81.9,45,ask,DiligentDonuts,CostlyCorianders,1389104
2026-07-01T01:02:23.879307,2026-07-01T01:02:23.889166+00:00,82.4,50,bid,FlawlessFlatbreads,DiligentDonuts,1389109
2026-07-01T01:02:25.840347,2026-07-01T01:02:25.844765+00:00,82.3,6,bid,CostlyCorianders,Kelvin Chan,1389155
2026-07-01T01:02:25.840347,2026-07-01T01:02:25.844765+00:00,82.4,43,bid,CostlyCorianders,EarnestEspressos,1389156
2026-07-01T01:02:25.985461,2026-07-01T01:02:25.989695+00:00,82.4,50,bid,FlawlessFlatbreads,EarnestEspressos,1389162
2026-07-01T01:02:26.137209,2026-07-01T01:02:26.153903+00:00,82.3,7,bid,EarnestEspressos,Kelvin Chan,1389168
2026-07-01T01:02:26.150361,2026-07-01T01:02:26.153903+00:00,82.3,3,ask,EarnestEspressos,Xuanyu Liu,1389170
2026-07-01T01:02:26.268344,2026-07-01T01:02:26.277931+00:00,82.3,25,ask,EarnestEspressos,Alice Feng,1389177
2026-07-01T01:02:26.444748,2026-07-01T01:02:26.452090+00:00,82.3,46,ask,EarnestEspressos,CostlyCorianders,1389180
2026-07-01T01:02:26.478029,2026-07-01T01:02:26.483351+00:00,82.3,25,ask,EarnestEspressos,Alice Feng,1389181
2026-07-01T01:02:26.686003,2026-07-01T01:02:26.688447+00:00,82.3,25,ask,EarnestEspressos,Alice Feng,1389187
2026-07-01T01:02:26.894154,2026-07-01T01:02:26.903665+00:00,82.3,19,ask,EarnestEspressos,Alice Feng,1389191
2026-07-01T01:02:27.053824,2026-07-01T01:02:27.068399+00:00,81.9,40,ask,DiligentDonuts,CostlyCorianders,1389197
2026-07-01T01:02:27.578679,2026-07-01T01:02:27.581138+00:00,82.3,6,bid,CostlyCorianders,Kelvin Chan,1389213
2026-07-01T01:02:27.578679,2026-07-01T01:02:27.591470+00:00,82.4,40,bid,CostlyCorianders,DiligentDonuts,1389214
2026-07-01T01:02:28.089621,2026-07-01T01:02:28.095190+00:00,82.4,50,bid,FlawlessFlatbreads,DiligentDonuts,1389228
2026-07-01T01:02:29.762658,2026-07-01T01:02:29.767821+00:00,82.1,40,ask,DiligentDonuts,CostlyCorianders,1389264
2026-07-01T01:02:30.198908,2026-07-01T01:02:30.209056+00:00,82.3,50,bid,FlawlessFlatbreads,EarnestEspressos,1389274
2026-07-01T01:02:30.278469,2026-07-01T01:02:30.280739+00:00,82.3,44,bid,CostlyCorianders,EarnestEspressos,1389275
2026-07-01T01:02:31.350318,2026-07-01T01:02:31.361706+00:00,82.1,47,ask,DiligentDonuts,CostlyCorianders,1389303
2026-07-01T01:02:32.305321,2026-07-01T01:02:32.308576+00:00,82.3,50,bid,FlawlessFlatbreads,EarnestEspressos,1389333
2026-07-01T01:02:32.458941,2026-07-01T01:02:32.462463+00:00,82.3,100,bid,EarnestEspressos,DiligentDonuts,1389334
2026-07-01T01:02:32.537788,2026-07-01T01:02:32.544950+00:00,82.4,25,ask,EarnestEspressos,Alice Feng,1389339
2026-07-01T01:02:32.748017,2026-07-01T01:02:32.749964+00:00,82.4,25,ask,EarnestEspressos,Alice Feng,1389343
2026-07-01T01:02:32.765731,2026-07-01T01:02:32.770473+00:00,82.9,44,bid,CostlyCorianders,EarnestEspressos,1389345
2026-07-01T01:02:36.567195,2026-07-01T01:02:36.571354+00:00,82.1,50,ask,DiligentDonuts,FlawlessFlatbreads,1389418
2026-07-01T01:02:38.000400,2026-07-01T01:02:38.004990+00:00,82.0,49,ask,EarnestEspressos,CostlyCorianders,1389443
2026-07-01T01:02:38.675857,2026-07-01T01:02:38.680819+00:00,82.0,50,ask,EarnestEspressos,FlawlessFlatbreads,1389465
2026-07-01T01:02:38.832466,2026-07-01T01:02:38.856531+00:00,82.0,100,ask,DiligentDonuts,EarnestEspressos,1389466
2026-07-01T01:02:38.852242,2026-07-01T01:02:38.856531+00:00,82.0,3,bid,Xuanyu Liu,EarnestEspressos,1389469
2026-07-01T01:02:38.974740,2026-07-01T01:02:38.979016+00:00,82.0,25,bid,Alice Feng,EarnestEspressos,1389471
2026-07-01T01:02:39.184025,2026-07-01T01:02:39.193426+00:00,82.0,22,bid,Alice Feng,EarnestEspressos,1389473
2026-07-01T01:02:40.781701,2026-07-01T01:02:40.789519+00:00,81.5,50,ask,EarnestEspressos,FlawlessFlatbreads,1389499
2026-07-01T01:02:41.191570,2026-07-01T01:02:41.199579+00:00,82.1,46,bid,CostlyCorianders,DiligentDonuts,1389507
2026-07-01T01:02:42.821535,2026-07-01T01:02:42.824711+00:00,81.9,45,ask,EarnestEspressos,CostlyCorianders,1389546
2026-07-01T01:02:42.889796,2026-07-01T01:02:42.896228+00:00,81.9,50,ask,EarnestEspressos,FlawlessFlatbreads,1389548
2026-07-01T01:02:43.411991,2026-07-01T01:02:43.417933+00:00,82.1,25,bid,Alice Feng,DiligentDonuts,1389565
2026-07-01T01:02:43.623937,2026-07-01T01:02:43.634027+00:00,82.1,25,bid,Alice Feng,DiligentDonuts,1389578
2026-07-01T01:02:43.833827,2026-07-01T01:02:43.839179+00:00,82.1,4,bid,Alice Feng,DiligentDonuts,1389586
2026-07-01T01:02:44.995465,2026-07-01T01:02:45.006021+00:00,82.0,50,ask,DiligentDonuts,FlawlessFlatbreads,1389615
2026-07-01T01:02:45.284326,2026-07-01T01:02:45.293247+00:00,82.2,25,bid,Alice Feng,EarnestEspressos,1389624
2026-07-01T01:02:45.288458,2026-07-01T01:02:45.293247+00:00,82.2,2,bid,Alice Feng,EarnestEspressos,1389625
2026-07-01T01:02:45.499214,2026-07-01T01:02:45.508567+00:00,82.2,11,bid,Alice Feng,EarnestEspressos,1389627
2026-07-01T01:02:45.507536,2026-07-01T01:02:45.518997+00:00,82.2,2,bid,Alice Feng,EarnestEspressos,1389628
2026-07-01T01:02:45.712846,2026-07-01T01:02:45.724650+00:00,82.2,2,bid,Alice Feng,EarnestEspressos,1389630
2026-07-01T01:02:45.917772,2026-07-01T01:02:45.920842+00:00,82.2,1,bid,Alice Feng,EarnestEspressos,1389638
2026-07-01T01:02:46.503060,2026-07-01T01:02:46.506272+00:00,82.2,43,bid,CostlyCorianders,EarnestEspressos,1389646
2026-07-01T01:02:47.101849,2026-07-01T01:02:47.106256+00:00,82.0,50,ask,DiligentDonuts,FlawlessFlatbreads,1389668
2026-07-01T01:02:49.208722,2026-07-01T01:02:49.215019+00:00,82.0,50,ask,EarnestEspressos,FlawlessFlatbreads,1389694
2026-07-01T01:02:50.708623,2026-07-01T01:02:50.714047+00:00,82.0,41,ask,EarnestEspressos,CostlyCorianders,1389740
2026-07-01T01:02:51.341036,2026-07-01T01:02:51.348323+00:00,82.0,50,ask,EarnestEspressos,FlawlessFlatbreads,1389750
2026-07-01T01:02:51.488493,2026-07-01T01:02:51.492641+00:00,81.8,3,bid,Xuanyu Liu,EarnestEspressos,1389752
2026-07-01T01:02:52.514863,2026-07-01T01:02:52.518481+00:00,81.8,11,bid,Xuanyu Liu,EarnestEspressos,1389772
2026-07-01T01:02:53.926579,2026-07-01T01:02:53.933013+00:00,81.8,4,bid,Kelvin Chan,EarnestEspressos,1389796
2026-07-01T01:02:54.063915,2026-07-01T01:02:54.066237+00:00,81.8,4,bid,Kelvin Chan,EarnestEspressos,1389802
2026-07-01T01:02:54.136468,2026-07-01T01:02:54.138564+00:00,81.8,4,bid,Kelvin Chan,EarnestEspressos,1389803
2026-07-01T01:02:54.159691,2026-07-01T01:02:54.169329+00:00,81.8,4,bid,Kelvin Chan,EarnestEspressos,1389805
2026-07-01T01:02:54.254883,2026-07-01T01:02:54.261413+00:00,81.8,4,bid,Kelvin Chan,EarnestEspressos,1389809
2026-07-01T01:02:55.509942,2026-07-01T01:02:55.519374+00:00,82.0,50,bid,FlawlessFlatbreads,EarnestEspressos,1389835
2026-07-01T01:02:57.616725,2026-07-01T01:02:57.618386+00:00,82.0,50,bid,FlawlessFlatbreads,EarnestEspressos,1389885
2026-07-01T01:02:59.060358,2026-07-01T01:02:59.064307+00:00,82.0,11,ask,EarnestEspressos,Xuanyu Liu,1389912
2026-07-01T01:02:59.723830,2026-07-01T01:02:59.728721+00:00,82.1,1,bid,FlawlessFlatbreads,Kelvin Chan,1389927
2026-07-01T01:02:59.723830,2026-07-01T01:02:59.728721+00:00,82.3,49,bid,FlawlessFlatbreads,DiligentDonuts,1389928
2026-07-01T01:03:01.699073,2026-07-01T01:03:01.702445+00:00,81.9,3,ask,EarnestEspressos,Xuanyu Liu,1389976
2026-07-01T01:03:01.833063,2026-07-01T01:03:01.835349+00:00,82.3,50,bid,FlawlessFlatbreads,DiligentDonuts,1389980
2026-07-01T01:03:03.939636,2026-07-01T01:03:03.942846+00:00,82.3,50,bid,FlawlessFlatbreads,DiligentDonuts,1390029
2026-07-01T01:03:07.397593,2026-07-01T01:03:07.409015+00:00,82.3,45,bid,CostlyCorianders,DiligentDonuts,1390098
2026-07-01T01:03:08.211038,2026-07-01T01:03:08.216335+00:00,81.9,50,ask,EarnestEspressos,FlawlessFlatbreads,1390117
2026-07-01T01:03:09.520349,2026-07-01T01:03:09.524064+00:00,82.2,5,bid,DiligentDonuts,Kelvin Chan,1390136
2026-07-01T01:03:09.632771,2026-07-01T01:03:09.636699+00:00,82.2,5,ask,DiligentDonuts,Kelvin Chan,1390141
2026-07-01T01:03:09.706474,2026-07-01T01:03:09.708206+00:00,82.2,5,ask,DiligentDonuts,Kelvin Chan,1390143
2026-07-01T01:03:10.249897,2026-07-01T01:03:10.260338+00:00,82.2,5,ask,DiligentDonuts,Kelvin Chan,1390160
2026-07-01T01:03:10.317320,2026-07-01T01:03:10.321685+00:00,82.2,50,ask,DiligentDonuts,FlawlessFlatbreads,1390166
2026-07-01T01:03:10.425758,2026-07-01T01:03:10.434114+00:00,82.2,5,ask,DiligentDonuts,Kelvin Chan,1390172
2026-07-01T01:03:10.450650,2026-07-01T01:03:10.454626+00:00,82.2,25,ask,DiligentDonuts,EarnestEspressos,1390174
2026-07-01T01:03:10.539724,2026-07-01T01:03:10.546619+00:00,82.1,41,bid,CostlyCorianders,EarnestEspressos,1390177
2026-07-01T01:03:12.373811,2026-07-01T01:03:12.377313+00:00,82.1,50,bid,FlawlessFlatbreads,EarnestEspressos,1390217
2026-07-01T01:03:14.916785,2026-07-01T01:03:14.928153+00:00,82.1,48,ask,EarnestEspressos,CostlyCorianders,1390272
2026-07-01T01:03:15.511831,2026-07-01T01:03:15.521210+00:00,82.1,41,ask,EarnestEspressos,CostlyCorianders,1390285
2026-07-01T01:03:16.588887,2026-07-01T01:03:16.600700+00:00,82.2,6,bid,FlawlessFlatbreads,Kelvin Chan,1390307
2026-07-01T01:03:16.588887,2026-07-01T01:03:16.600700+00:00,82.4,44,bid,FlawlessFlatbreads,DiligentDonuts,1390308
2026-07-01T01:03:17.542698,2026-07-01T01:03:17.545862+00:00,82.3,3,bid,CostlyCorianders,Kelvin Chan,1390341
2026-07-01T01:03:17.542698,2026-07-01T01:03:17.556071+00:00,82.4,45,bid,CostlyCorianders,DiligentDonuts,1390342
2026-07-01T01:03:18.697644,2026-07-01T01:03:18.701253+00:00,82.4,11,bid,FlawlessFlatbreads,DiligentDonuts,1390356
2026-07-01T01:03:18.697644,2026-07-01T01:03:18.701253+00:00,82.4,39,bid,FlawlessFlatbreads,EarnestEspressos,1390357
2026-07-01T01:03:21.307309,2026-07-01T01:03:21.310487+00:00,82.3,41,bid,CostlyCorianders,EarnestEspressos,1390411
2026-07-01T01:03:22.730883,2026-07-01T01:03:22.734892+00:00,82.2,3,ask,DiligentDonuts,Xuanyu Liu,1390433
2026-07-01T01:03:22.790288,2026-07-01T01:03:22.796593+00:00,82.2,25,ask,DiligentDonuts,Alice Feng,1390438
2026-07-01T01:03:22.955891,2026-07-01T01:03:22.960082+00:00,82.2,47,ask,DiligentDonuts,CostlyCorianders,1390443
2026-07-01T01:03:22.963073,2026-07-01T01:03:22.970393+00:00,82.2,25,ask,DiligentDonuts,FlawlessFlatbreads,1390444
2026-07-01T01:03:22.963073,2026-07-01T01:03:22.970393+00:00,82.0,2,ask,Kelvin Chan,FlawlessFlatbreads,1390445
2026-07-01T01:03:22.963073,2026-07-01T01:03:22.970393+00:00,81.8,23,ask,EarnestEspressos,FlawlessFlatbreads,1390446
2026-07-01T01:03:23.481982,2026-07-01T01:03:23.491984+00:00,82.3,4,bid,CostlyCorianders,Kelvin Chan,1390459
2026-07-01T01:03:23.481982,2026-07-01T01:03:23.491984+00:00,82.3,39,bid,CostlyCorianders,EarnestEspressos,1390460
2026-07-01T01:03:25.019815,2026-07-01T01:03:25.025531+00:00,82.3,50,bid,FlawlessFlatbreads,EarnestEspressos,1390486
2026-07-01T01:03:27.127496,2026-07-01T01:03:27.131208+00:00,82.4,50,bid,FlawlessFlatbreads,DiligentDonuts,1390525
2026-07-01T01:03:27.808970,2026-07-01T01:03:27.816245+00:00,82.1,25,ask,EarnestEspressos,Alice Feng,1390538
2026-07-01T01:03:27.986167,2026-07-01T01:03:27.990033+00:00,82.1,34,ask,EarnestEspressos,Xuanyu Liu,1390543
2026-07-01T01:03:28.019575,2026-07-01T01:03:28.031182+00:00,82.1,25,ask,EarnestEspressos,Alice Feng,1390545
2026-07-01T01:03:28.228963,2026-07-01T01:03:28.235751+00:00,82.1,25,ask,EarnestEspressos,Alice Feng,1390547
2026-07-01T01:03:28.438919,2026-07-01T01:03:28.450584+00:00,82.1,25,ask,EarnestEspressos,Alice Feng,1390554
2026-07-01T01:03:28.555415,2026-07-01T01:03:28.563369+00:00,82.1,16,ask,EarnestEspressos,DiligentDonuts,1390561
2026-07-01T01:03:29.233541,2026-07-01T01:03:29.238163+00:00,82.0,50,bid,FlawlessFlatbreads,DiligentDonuts,1390580
2026-07-01T01:03:29.285300,2026-07-01T01:03:29.289146+00:00,82.0,11,bid,Xuanyu Liu,DiligentDonuts,1390583
2026-07-01T01:03:29.449772,2026-07-01T01:03:29.453992+00:00,81.8,23,bid,Xuanyu Liu,EarnestEspressos,1390585
2026-07-01T01:03:29.505369,2026-07-01T01:03:29.509565+00:00,81.8,3,bid,Xuanyu Liu,EarnestEspressos,1390588
2026-07-01T01:03:31.340310,2026-07-01T01:03:31.350779+00:00,81.8,50,bid,FlawlessFlatbreads,EarnestEspressos,1390622
2026-07-01T01:03:31.665603,2026-07-01T01:03:31.667480+00:00,81.8,74,bid,DiligentDonuts,EarnestEspressos,1390630
2026-07-01T01:03:31.683730,2026-07-01T01:03:31.687478+00:00,82.0,3,ask,DiligentDonuts,Xuanyu Liu,1390632
2026-07-01T01:03:31.846794,2026-07-01T01:03:31.850752+00:00,82.0,11,ask,DiligentDonuts,Xuanyu Liu,1390643
2026-07-01T01:03:31.864608,2026-07-01T01:03:31.871454+00:00,82.0,12,ask,DiligentDonuts,Alice Feng,1390644
2026-07-01T01:03:32.695533,2026-07-01T01:03:32.700270+00:00,81.5,2,ask,EarnestEspressos,Alice Feng,1390670
2026-07-01T01:03:32.901638,2026-07-01T01:03:32.904457+00:00,81.5,2,ask,EarnestEspressos,Alice Feng,1390675
2026-07-01T01:03:32.986954,2026-07-01T01:03:32.996227+00:00,81.5,43,ask,EarnestEspressos,CostlyCorianders,1390677
2026-07-01T01:03:33.109650,2026-07-01T01:03:33.119280+00:00,81.5,1,ask,EarnestEspressos,Alice Feng,1390684
2026-07-01T01:03:33.499770,2026-07-01T01:03:33.507295+00:00,81.5,50,ask,EarnestEspressos,FlawlessFlatbreads,1390689
2026-07-01T01:03:35.081862,2026-07-01T01:03:35.090998+00:00,82.0,47,bid,CostlyCorianders,EarnestEspressos,1390720
2026-07-01T01:03:35.612891,2026-07-01T01:03:35.622335+00:00,81.5,50,ask,EarnestEspressos,FlawlessFlatbreads,1390730
2026-07-01T01:03:36.864689,2026-07-01T01:03:36.867957+00:00,81.7,3,bid,Kelvin Chan,EarnestEspressos,1390762
2026-07-01T01:03:37.409137,2026-07-01T01:03:37.420326+00:00,81.7,3,bid,Kelvin Chan,EarnestEspressos,1390767
2026-07-01T01:03:37.722961,2026-07-01T01:03:37.726686+00:00,81.7,3,bid,Kelvin Chan,EarnestEspressos,1390777
2026-07-01T01:03:37.728238,2026-07-01T01:03:37.736978+00:00,81.5,50,ask,DiligentDonuts,FlawlessFlatbreads,1390778
2026-07-01T01:03:39.770395,2026-07-01T01:03:39.774420+00:00,81.7,11,bid,Xuanyu Liu,DiligentDonuts,1390819
2026-07-01T01:03:39.838618,2026-07-01T01:03:39.846156+00:00,81.2,50,ask,DiligentDonuts,FlawlessFlatbreads,1390821
2026-07-01T01:03:41.945753,2026-07-01T01:03:41.954972+00:00,81.2,50,ask,EarnestEspressos,FlawlessFlatbreads,1390863
2026-07-01T01:03:42.380872,2026-07-01T01:03:42.384231+00:00,81.5,3,bid,Xuanyu Liu,DiligentDonuts,1390869
2026-07-01T01:03:42.535468,2026-07-01T01:03:42.538039+00:00,81.5,25,bid,Alice Feng,DiligentDonuts,1390875
2026-07-01T01:03:42.778369,2026-07-01T01:03:42.784157+00:00,81.5,25,bid,Alice Feng,DiligentDonuts,1390882
2026-07-01T01:03:42.988978,2026-07-01T01:03:43.000039+00:00,81.5,25,bid,Alice Feng,DiligentDonuts,1390898
2026-07-01T01:03:43.200315,2026-07-01T01:03:43.204776+00:00,81.5,22,bid,Alice Feng,DiligentDonuts,1390902
2026-07-01T01:03:43.200315,2026-07-01T01:03:43.204776+00:00,81.5,3,bid,Kelvin Chan,EarnestEspressos,1390903
2026-07-01T01:03:43.386161,2026-07-01T01:03:43.391741+00:00,81.0,42,ask,DiligentDonuts,CostlyCorianders,1390909
2026-07-01T01:03:43.411997,2026-07-01T01:03:43.422445+00:00,81.5,25,bid,Alice Feng,EarnestEspressos,1390911
2026-07-01T01:03:43.621542,2026-07-01T01:03:43.626638+00:00,81.5,17,bid,Alice Feng,EarnestEspressos,1390916
2026-07-01T01:03:43.779812,2026-07-01T01:03:43.789997+00:00,81.5,3,bid,Kelvin Chan,EarnestEspressos,1390918
2026-07-01T01:03:43.882215,2026-07-01T01:03:43.892457+00:00,81.5,3,bid,Alice Feng,EarnestEspressos,1390922
2026-07-01T01:03:43.968562,2026-07-01T01:03:43.974592+00:00,81.5,2,bid,Kelvin Chan,EarnestEspressos,1390924
2026-07-01T01:03:43.973939,2026-07-01T01:03:43.984879+00:00,81.5,41,bid,CostlyCorianders,EarnestEspressos,1390925
2026-07-01T01:03:46.568700,2026-07-01T01:03:46.577073+00:00,81.5,44,ask,EarnestEspressos,CostlyCorianders,1390990
2026-07-01T01:03:47.627583,2026-07-01T01:03:47.631018+00:00,81.5,14,ask,EarnestEspressos,Xuanyu Liu,1391015
2026-07-01T01:03:47.637502,2026-07-01T01:03:47.641472+00:00,81.5,25,ask,EarnestEspressos,Alice Feng,1391018
2026-07-01T01:03:47.717854,2026-07-01T01:03:47.723749+00:00,81.5,48,ask,EarnestEspressos,CostlyCorianders,1391025
2026-07-01T01:03:47.846213,2026-07-01T01:03:47.856751+00:00,81.5,19,ask,EarnestEspressos,Alice Feng,1391026
2026-07-01T01:03:48.262494,2026-07-01T01:03:48.267348+00:00,81.2,50,ask,DiligentDonuts,FlawlessFlatbreads,1391040
2026-07-01T01:03:48.271041,2026-07-01T01:03:48.277677+00:00,81.2,2,ask,DiligentDonuts,Alice Feng,1391041
2026-07-01T01:03:48.411934,2026-07-01T01:03:48.430313+00:00,81.2,48,ask,DiligentDonuts,EarnestEspressos,1391043
2026-07-01T01:03:48.426914,2026-07-01T01:03:48.430313+00:00,81.0,14,bid,Xuanyu Liu,EarnestEspressos,1391045
2026-07-01T01:03:48.480637,2026-07-01T01:03:48.491932+00:00,81.0,25,bid,Alice Feng,EarnestEspressos,1391050
2026-07-01T01:03:48.692744,2026-07-01T01:03:48.696406+00:00,81.0,21,bid,Alice Feng,EarnestEspressos,1391052
2026-07-01T01:03:48.938618,2026-07-01T01:03:48.942665+00:00,81.0,3,bid,Xuanyu Liu,EarnestEspressos,1391068
2026-07-01T01:03:49.164222,2026-07-01T01:03:49.168221+00:00,81.0,6,bid,Xuanyu Liu,EarnestEspressos,1391072
2026-07-01T01:03:49.215238,2026-07-01T01:03:49.219156+00:00,81.0,4,bid,Xuanyu Liu,EarnestEspressos,1391074
2026-07-01T01:03:49.536245,2026-07-01T01:03:49.540134+00:00,81.0,1,bid,Xuanyu Liu,EarnestEspressos,1391080
2026-07-01T01:03:49.735234,2026-07-01T01:03:49.745018+00:00,81.0,28,bid,CostlyCorianders,EarnestEspressos,1391085
2026-07-01T01:03:49.735234,2026-07-01T01:03:49.745018+00:00,81.7,12,bid,CostlyCorianders,DiligentDonuts,1391086
2026-07-01T01:03:50.283460,2026-07-01T01:03:50.289898+00:00,81.7,49,bid,CostlyCorianders,DiligentDonuts,1391105
2026-07-01T01:03:51.087630,2026-07-01T01:03:51.099649+00:00,81.4,1,bid,Kelvin Chan,DiligentDonuts,1391116
2026-07-01T01:03:51.248353,2026-07-01T01:03:51.254449+00:00,81.4,1,bid,Kelvin Chan,DiligentDonuts,1391117
2026-07-01T01:03:51.541432,2026-07-01T01:03:51.545392+00:00,81.3,14,ask,EarnestEspressos,Xuanyu Liu,1391123
2026-07-01T01:03:52.421594,2026-07-01T01:03:52.433399+00:00,81.4,50,bid,FlawlessFlatbreads,DiligentDonuts,1391146
2026-07-01T01:03:52.762207,2026-07-01T01:03:52.771217+00:00,81.3,45,ask,EarnestEspressos,CostlyCorianders,1391154
2026-07-01T01:03:53.671208,2026-07-01T01:03:53.674464+00:00,81.3,48,ask,EarnestEspressos,CostlyCorianders,1391172
2026-07-01T01:03:54.149837,2026-07-01T01:03:54.156240+00:00,81.6,5,bid,CostlyCorianders,Kelvin Chan,1391187
2026-07-01T01:03:54.149837,2026-07-01T01:03:54.156240+00:00,81.7,42,bid,CostlyCorianders,DiligentDonuts,1391188
2026-07-01T01:03:54.584180,2026-07-01T01:03:54.586810+00:00,81.3,43,ask,EarnestEspressos,FlawlessFlatbreads,1391195
2026-07-01T01:03:54.584180,2026-07-01T01:03:54.597063+00:00,81.2,7,ask,DiligentDonuts,FlawlessFlatbreads,1391196
2026-07-01T01:03:54.769153,2026-07-01T01:03:54.771304+00:00,81.3,43,bid,CostlyCorianders,EarnestEspressos,1391200
2026-07-01T01:03:55.507210,2026-07-01T01:03:55.511894+00:00,81.3,3,bid,Xuanyu Liu,EarnestEspressos,1391227
2026-07-01T01:03:56.708523,2026-07-01T01:03:56.711821+00:00,81.2,50,ask,DiligentDonuts,FlawlessFlatbreads,1391255
2026-07-01T01:03:56.810433,2026-07-01T01:03:56.814478+00:00,81.2,3,ask,DiligentDonuts,Xuanyu Liu,1391260
2026-07-01T01:03:58.815884,2026-07-01T01:03:58.819674+00:00,81.0,50,ask,DiligentDonuts,FlawlessFlatbreads,1391305
2026-07-01T01:04:00.733832,2026-07-01T01:04:00.737918+00:00,81.3,3,bid,Xuanyu Liu,EarnestEspressos,1391341
2026-07-01T01:04:00.932222,2026-07-01T01:04:00.943248+00:00,81.1,50,ask,DiligentDonuts,FlawlessFlatbreads,1391348
2026-07-01T01:04:02.615629,2026-07-01T01:04:02.621177+00:00,81.2,45,ask,EarnestEspressos,CostlyCorianders,1391396
2026-07-01T01:04:03.038125,2026-07-01T01:04:03.042705+00:00,81.2,50,ask,EarnestEspressos,FlawlessFlatbreads,1391402
2026-07-01T01:04:03.108261,2026-07-01T01:04:03.114332+00:00,81.6,1,bid,CostlyCorianders,Kelvin Chan,1391404
2026-07-01T01:04:03.108261,2026-07-01T01:04:03.114332+00:00,81.6,41,bid,CostlyCorianders,DiligentDonuts,1391405
2026-07-01T01:04:04.111167,2026-07-01T01:04:04.123281+00:00,81.2,45,ask,EarnestEspressos,CostlyCorianders,1391427
2026-07-01T01:04:04.256689,2026-07-01T01:04:04.278814+00:00,81.1,100,ask,DiligentDonuts,EarnestEspressos,1391431
2026-07-01T01:04:04.274651,2026-07-01T01:04:04.278814+00:00,80.9,9,bid,Xuanyu Liu,EarnestEspressos,1391433
2026-07-01T01:04:04.296377,2026-07-01T01:04:04.300559+00:00,80.9,2,bid,Xuanyu Liu,EarnestEspressos,1391435
2026-07-01T01:04:04.543777,2026-07-01T01:04:04.547794+00:00,80.9,10,bid,Xuanyu Liu,EarnestEspressos,1391442
2026-07-01T01:04:04.584587,2026-07-01T01:04:04.588250+00:00,80.9,13,bid,Xuanyu Liu,EarnestEspressos,1391445
2026-07-01T01:04:04.632406,2026-07-01T01:04:04.640223+00:00,80.9,16,bid,CostlyCorianders,EarnestEspressos,1391452
2026-07-01T01:04:04.632406,2026-07-01T01:04:04.640223+00:00,81.6,29,bid,CostlyCorianders,DiligentDonuts,1391453
2026-07-01T01:04:05.147239,2026-07-01T01:04:05.152732+00:00,80.4,50,ask,EarnestEspressos,FlawlessFlatbreads,1391460
2026-07-01T01:04:05.987552,2026-07-01T01:04:05.991121+00:00,81.2,4,ask,Kelvin Chan,Xuanyu Liu,1391481
2026-07-01T01:04:07.254733,2026-07-01T01:04:07.261943+00:00,81.1,4,ask,Kelvin Chan,FlawlessFlatbreads,1391502
2026-07-01T01:04:07.254733,2026-07-01T01:04:07.261943+00:00,80.9,46,ask,DiligentDonuts,FlawlessFlatbreads,1391503
2026-07-01T01:04:07.397334,2026-07-01T01:04:07.407079+00:00,81.4,44,bid,CostlyCorianders,DiligentDonuts,1391504
2026-07-01T01:04:08.606264,2026-07-01T01:04:08.609965+00:00,81.1,3,ask,Kelvin Chan,Xuanyu Liu,1391534
2026-07-01T01:04:09.007634,2026-07-01T01:04:09.011380+00:00,81.1,2,ask,Kelvin Chan,Xuanyu Liu,1391540
2026-07-01T01:04:09.362920,2026-07-01T01:04:09.372782+00:00,81.0,50,ask,EarnestEspressos,FlawlessFlatbreads,1391547
2026-07-01T01:04:09.805803,2026-07-01T01:04:09.808370+00:00,81.0,47,ask,EarnestEspressos,CostlyCorianders,1391564
2026-07-01T01:04:11.469057,2026-07-01T01:04:11.475049+00:00,81.0,50,ask,DiligentDonuts,FlawlessFlatbreads,1391598
2026-07-01T01:04:12.052987,2026-07-01T01:04:12.063010+00:00,81.4,42,bid,CostlyCorianders,EarnestEspressos,1391613
2026-07-01T01:04:13.576165,2026-07-01T01:04:13.581953+00:00,81.0,50,ask,DiligentDonuts,FlawlessFlatbreads,1391635
2026-07-01T01:04:15.461742,2026-07-01T01:04:15.463882+00:00,81.1,5,ask,Kelvin Chan,CostlyCorianders,1391670
2026-07-01T01:04:15.461742,2026-07-01T01:04:15.474291+00:00,81.0,41,ask,EarnestEspressos,FlawlessFlatbreads,1391671
2026-07-01T01:04:15.685044,2026-07-01T01:04:15.692813+00:00,81.0,9,ask,DiligentDonuts,FlawlessFlatbreads,1391678
2026-07-01T01:04:15.685044,2026-07-01T01:04:15.692813+00:00,81.0,41,ask,DiligentDonuts,CostlyCorianders,1391679
2026-07-01T01:04:16.019722,2026-07-01T01:04:16.024425+00:00,81.2,9,bid,Xuanyu Liu,DiligentDonuts,1391685
2026-07-01T01:04:16.104406,2026-07-01T01:04:16.106767+00:00,81.2,42,bid,CostlyCorianders,DiligentDonuts,1391687
2026-07-01T01:04:16.464589,2026-07-01T01:04:16.468552+00:00,81.2,12,bid,Xuanyu Liu,DiligentDonuts,1391699
2026-07-01T01:04:16.662211,2026-07-01T01:04:16.664481+00:00,81.2,37,bid,CostlyCorianders,DiligentDonuts,1391704
2026-07-01T01:04:16.662211,2026-07-01T01:04:16.674825+00:00,81.5,4,bid,CostlyCorianders,EarnestEspressos,1391705
2026-07-01T01:04:17.592081,2026-07-01T01:04:17.598819+00:00,81.1,5,ask,Kelvin Chan,CostlyCorianders,1391734
2026-07-01T01:04:17.592081,2026-07-01T01:04:17.598819+00:00,81.0,35,ask,EarnestEspressos,CostlyCorianders,1391735
2026-07-01T01:04:17.792216,2026-07-01T01:04:17.794298+00:00,81.0,50,ask,EarnestEspressos,FlawlessFlatbreads,1391741
2026-07-01T01:04:19.080590,2026-07-01T01:04:19.091636+00:00,81.5,44,bid,CostlyCorianders,EarnestEspressos,1391757
2026-07-01T01:04:19.847576,2026-07-01T01:04:19.851945+00:00,81.5,50,bid,FlawlessFlatbreads,EarnestEspressos,1391783
2026-07-01T01:04:21.955682,2026-07-01T01:04:21.958024+00:00,81.5,50,bid,FlawlessFlatbreads,DiligentDonuts,1391820
2026-07-01T01:04:24.115119,2026-07-01T01:04:24.119328+00:00,81.5,50,ask,DiligentDonuts,FlawlessFlatbreads,1391865
2026-07-01T01:04:26.221826,2026-07-01T01:04:26.229217+00:00,81.3,50,ask,DiligentDonuts,FlawlessFlatbreads,1391909
2026-07-01T01:04:28.329187,2026-07-01T01:04:28.336696+00:00,81.3,50,ask,DiligentDonuts,FlawlessFlatbreads,1391965
2026-07-01T01:04:28.536258,2026-07-01T01:04:28.541166+00:00,81.2,42,ask,EarnestEspressos,CostlyCorianders,1391970
2026-07-01T01:04:29.495056,2026-07-01T01:04:29.504914+00:00,81.6,3,bid,Harry North,DiligentDonuts,1391984
2026-07-01T01:04:29.937480,2026-07-01T01:04:29.945874+00:00,81.5,2,bid,CostlyCorianders,Kelvin Chan,1391995
2026-07-01T01:04:29.937480,2026-07-01T01:04:29.945874+00:00,81.5,46,bid,CostlyCorianders,EarnestEspressos,1391996
2026-07-01T01:04:30.439523,2026-07-01T01:04:30.448387+00:00,81.1,3,ask,Kelvin Chan,FlawlessFlatbreads,1392009
2026-07-01T01:04:30.439523,2026-07-01T01:04:30.448387+00:00,81.1,47,ask,DiligentDonuts,FlawlessFlatbreads,1392010
2026-07-01T01:04:32.120640,2026-07-01T01:04:32.131813+00:00,81.2,3,ask,Kelvin Chan,CostlyCorianders,1392044
2026-07-01T01:04:32.120640,2026-07-01T01:04:32.131813+00:00,81.0,46,ask,EarnestEspressos,CostlyCorianders,1392045
2026-07-01T01:04:32.514768,2026-07-01T01:04:32.523141+00:00,81.4,50,bid,FlawlessFlatbreads,DiligentDonuts,1392059
2026-07-01T01:04:32.533901,2026-07-01T01:04:32.543974+00:00,81.4,3,bid,Harry North,DiligentDonuts,1392061
2026-07-01T01:04:33.865414,2026-07-01T01:04:33.876940+00:00,81.2,4,ask,Kelvin Chan,CostlyCorianders,1392083
2026-07-01T01:04:33.865414,2026-07-01T01:04:33.876940+00:00,81.0,36,ask,EarnestEspressos,CostlyCorianders,1392084
2026-07-01T01:04:34.621789,2026-07-01T01:04:34.627263+00:00,81.4,47,bid,FlawlessFlatbreads,DiligentDonuts,1392101
2026-07-01T01:04:34.621789,2026-07-01T01:04:34.627263+00:00,81.5,3,bid,FlawlessFlatbreads,EarnestEspressos,1392102
2026-07-01T01:04:35.554590,2026-07-01T01:04:35.560394+00:00,81.5,3,bid,Harry North,EarnestEspressos,1392132
2026-07-01T01:04:36.389414,2026-07-01T01:04:36.395153+00:00,81.3,40,ask,DiligentDonuts,CostlyCorianders,1392147
2026-07-01T01:04:36.731777,2026-07-01T01:04:36.734994+00:00,81.5,50,bid,FlawlessFlatbreads,EarnestEspressos,1392161
2026-07-01T01:04:37.897370,2026-07-01T01:04:37.905159+00:00,81.5,48,bid,CostlyCorianders,EarnestEspressos,1392187
2026-07-01T01:04:38.513006,2026-07-01T01:04:38.518878+00:00,81.5,45,bid,CostlyCorianders,EarnestEspressos,1392193
2026-07-01T01:04:38.598820,2026-07-01T01:04:38.600927+00:00,81.5,3,bid,Harry North,EarnestEspressos,1392201
2026-07-01T01:04:38.760658,2026-07-01T01:04:38.765876+00:00,81.5,4,bid,Xuanyu Liu,EarnestEspressos,1392211
2026-07-01T01:04:38.760658,2026-07-01T01:04:38.765876+00:00,81.5,1,bid,Xuanyu Liu,Kelvin Chan,1392212
2026-07-01T01:04:38.839309,2026-07-01T01:04:38.848090+00:00,81.6,50,bid,FlawlessFlatbreads,DiligentDonuts,1392213
2026-07-01T01:04:39.025278,2026-07-01T01:04:39.032339+00:00,81.6,50,bid,EarnestEspressos,DiligentDonuts,1392216
2026-07-01T01:04:39.090086,2026-07-01T01:04:39.094479+00:00,81.7,5,ask,EarnestEspressos,Xuanyu Liu,1392220
2026-07-01T01:04:39.972818,2026-07-01T01:04:39.975946+00:00,81.7,1,ask,EarnestEspressos,Kelvin Chan,1392241
2026-07-01T01:04:40.055635,2026-07-01T01:04:40.057857+00:00,81.7,1,ask,EarnestEspressos,Kelvin Chan,1392246
2026-07-01T01:04:40.074138,2026-07-01T01:04:40.077935+00:00,81.7,23,ask,EarnestEspressos,Xuanyu Liu,1392248
2026-07-01T01:04:40.285836,2026-07-01T01:04:40.292639+00:00,81.7,42,ask,EarnestEspressos,CostlyCorianders,1392249
2026-07-01T01:04:40.638231,2026-07-01T01:04:40.640587+00:00,81.7,1,ask,EarnestEspressos,Kelvin Chan,1392255
2026-07-01T01:04:40.875326,2026-07-01T01:04:40.887031+00:00,81.7,1,ask,EarnestEspressos,Kelvin Chan,1392259
2026-07-01T01:04:40.944558,2026-07-01T01:04:40.949320+00:00,82.2,50,bid,FlawlessFlatbreads,EarnestEspressos,1392262
2026-07-01T01:04:40.967916,2026-07-01T01:04:40.970107+00:00,81.7,1,ask,EarnestEspressos,Kelvin Chan,1392265
2026-07-01T01:04:40.998017,2026-07-01T01:04:41.001214+00:00,81.7,1,ask,EarnestEspressos,Kelvin Chan,1392267
2026-07-01T01:04:41.035806,2026-07-01T01:04:41.042500+00:00,81.7,1,ask,EarnestEspressos,Kelvin Chan,1392269
2026-07-01T01:04:41.070576,2026-07-01T01:04:41.073442+00:00,81.7,1,ask,EarnestEspressos,Kelvin Chan,1392273
2026-07-01T01:04:41.760261,2026-07-01T01:04:41.762403+00:00,81.8,46,bid,CostlyCorianders,DiligentDonuts,1392282
2026-07-01T01:04:41.998771,2026-07-01T01:04:42.009239+00:00,81.7,2,ask,EarnestEspressos,Kelvin Chan,1392292
2026-07-01T01:04:43.054109,2026-07-01T01:04:43.058772+00:00,81.6,2,bid,FlawlessFlatbreads,Kelvin Chan,1392301
2026-07-01T01:04:43.054109,2026-07-01T01:04:43.058772+00:00,81.6,48,bid,FlawlessFlatbreads,EarnestEspressos,1392302
2026-07-01T01:04:44.637911,2026-07-01T01:04:44.648292+00:00,81.4,12,ask,DiligentDonuts,Harry North,1392355
2026-07-01T01:04:45.166854,2026-07-01T01:04:45.172051+00:00,81.6,50,bid,FlawlessFlatbreads,EarnestEspressos,1392363
2026-07-01T01:04:46.639454,2026-07-01T01:04:46.643927+00:00,81.6,11,ask,EarnestEspressos,Xuanyu Liu,1392400
2026-07-01T01:04:47.274986,2026-07-01T01:04:47.279127+00:00,81.9,50,bid,FlawlessFlatbreads,DiligentDonuts,1392416
2026-07-01T01:04:49.437289,2026-07-01T01:04:49.439648+00:00,81.5,50,ask,DiligentDonuts,FlawlessFlatbreads,1392459
2026-07-01T01:04:51.542563,2026-07-01T01:04:51.551372+00:00,81.5,50,ask,EarnestEspressos,FlawlessFlatbreads,1392490
2026-07-01T01:04:53.657257,2026-07-01T01:04:53.667091+00:00,81.4,1,ask,Kelvin Chan,FlawlessFlatbreads,1392529
2026-07-01T01:04:53.657257,2026-07-01T01:04:53.667091+00:00,81.2,49,ask,DiligentDonuts,FlawlessFlatbreads,1392530
2026-07-01T01:04:54.763891,2026-07-01T01:04:54.773225+00:00,81.4,1,ask,Kelvin Chan,CostlyCorianders,1392551
2026-07-01T01:04:54.763891,2026-07-01T01:04:54.773225+00:00,81.3,42,ask,DiligentDonuts,CostlyCorianders,1392552
2026-07-01T01:04:55.312082,2026-07-01T01:04:55.317052+00:00,81.3,47,ask,DiligentDonuts,CostlyCorianders,1392562
2026-07-01T01:04:55.769082,2026-07-01T01:04:55.779178+00:00,81.3,11,ask,DiligentDonuts,FlawlessFlatbreads,1392571
2026-07-01T01:04:55.769082,2026-07-01T01:04:55.779178+00:00,81.0,39,ask,EarnestEspressos,FlawlessFlatbreads,1392572
2026-07-01T01:04:55.839165,2026-07-01T01:04:55.843239+00:00,81.5,11,bid,Xuanyu Liu,EarnestEspressos,1392577
2026-07-01T01:04:56.274181,2026-07-01T01:04:56.283544+00:00,81.5,47,bid,CostlyCorianders,EarnestEspressos,1392581
2026-07-01T01:04:56.762807,2026-07-01T01:04:56.764724+00:00,81.5,3,bid,Harry North,EarnestEspressos,1392592
2026-07-01T01:04:57.826154,2026-07-01T01:04:57.828753+00:00,81.5,50,bid,FlawlessFlatbreads,EarnestEspressos,1392620
2026-07-01T01:04:58.026973,2026-07-01T01:04:58.034584+00:00,81.5,100,bid,EarnestEspressos,DiligentDonuts,1392625
2026-07-01T01:04:59.948491,2026-07-01T01:04:59.952275+00:00,81.7,3,bid,FlawlessFlatbreads,Kelvin Chan,1392657
2026-07-01T01:04:59.948491,2026-07-01T01:04:59.952275+00:00,82.0,47,bid,FlawlessFlatbreads,EarnestEspressos,1392658
2026-07-01T01:05:01.063968,2026-07-01T01:05:01.068013+00:00,81.5,11,ask,EarnestEspressos,Xuanyu Liu,1392676
2026-07-01T01:05:01.989910,2026-07-01T01:05:02.000853+00:00,81.4,43,ask,DiligentDonuts,CostlyCorianders,1392696
2026-07-01T01:05:02.057327,2026-07-01T01:05:02.062200+00:00,81.6,50,bid,FlawlessFlatbreads,EarnestEspressos,1392699
2026-07-01T01:05:02.169907,2026-07-01T01:05:02.178560+00:00,81.6,26,bid,Thomas Lee,EarnestEspressos,1392700
2026-07-01T01:05:02.368745,2026-07-01T01:05:02.372483+00:00,81.6,11,bid,Xuanyu Liu,EarnestEspressos,1392706
2026-07-01T01:05:02.830806,2026-07-01T01:05:02.834390+00:00,81.6,1,bid,Harry North,EarnestEspressos,1392733
2026-07-01T01:05:04.188774,2026-07-01T01:05:04.198572+00:00,81.6,50,bid,FlawlessFlatbreads,EarnestEspressos,1392757
2026-07-01T01:05:04.354805,2026-07-01T01:05:04.362268+00:00,81.8,100,bid,EarnestEspressos,DiligentDonuts,1392760
2026-07-01T01:05:04.421189,2026-07-01T01:05:04.424973+00:00,82.0,34,ask,EarnestEspressos,Xuanyu Liu,1392764
2026-07-01T01:05:04.994089,2026-07-01T01:05:04.997995+00:00,82.0,3,ask,EarnestEspressos,Xuanyu Liu,1392772
2026-07-01T01:05:05.849262,2026-07-01T01:05:05.860121+00:00,82.0,4,ask,EarnestEspressos,Harry North,1392784
2026-07-01T01:05:06.295285,2026-07-01T01:05:06.299778+00:00,82.5,50,bid,FlawlessFlatbreads,EarnestEspressos,1392796
2026-07-01T01:05:08.401324,2026-07-01T01:05:08.412235+00:00,82.2,50,bid,FlawlessFlatbreads,DiligentDonuts,1392835
2026-07-01T01:05:10.102259,2026-07-01T01:05:10.106116+00:00,81.8,1,bid,Xuanyu Liu,Kelvin Chan,1392885
2026-07-01T01:05:10.507480,2026-07-01T01:05:10.515488+00:00,82.2,50,bid,FlawlessFlatbreads,EarnestEspressos,1392890
2026-07-01T01:05:11.639594,2026-07-01T01:05:11.642259+00:00,81.9,3,bid,CostlyCorianders,Kelvin Chan,1392905
2026-07-01T01:05:11.639594,2026-07-01T01:05:11.652531+00:00,82.2,45,bid,CostlyCorianders,DiligentDonuts,1392906
2026-07-01T01:05:11.694961,2026-07-01T01:05:11.703709+00:00,81.7,40,ask,DiligentDonuts,CostlyCorianders,1392909
2026-07-01T01:05:12.613513,2026-07-01T01:05:12.616416+00:00,82.2,50,bid,FlawlessFlatbreads,DiligentDonuts,1392933
2026-07-01T01:05:14.720763,2026-07-01T01:05:14.727318+00:00,81.9,3,bid,FlawlessFlatbreads,Kelvin Chan,1392978
2026-07-01T01:05:14.720763,2026-07-01T01:05:14.727318+00:00,82.1,47,bid,FlawlessFlatbreads,DiligentDonuts,1392979
2026-07-01T01:05:16.827856,2026-07-01T01:05:16.840666+00:00,82.1,50,bid,FlawlessFlatbreads,EarnestEspressos,1393043
2026-07-01T01:05:16.836703,2026-07-01T01:05:16.840666+00:00,81.9,1,ask,DiligentDonuts,Xuanyu Liu,1393045
2026-07-01T01:05:18.568149,2026-07-01T01:05:18.571067+00:00,81.9,47,ask,DiligentDonuts,CostlyCorianders,1393079
2026-07-01T01:05:18.934568,2026-07-01T01:05:18.939795+00:00,82.0,5,bid,FlawlessFlatbreads,Kelvin Chan,1393088
2026-07-01T01:05:18.934568,2026-07-01T01:05:18.939795+00:00,82.3,45,bid,FlawlessFlatbreads,EarnestEspressos,1393089
2026-07-01T01:05:19.036647,2026-07-01T01:05:19.041854+00:00,82.3,48,bid,CostlyCorianders,EarnestEspressos,1393090
2026-07-01T01:05:19.692978,2026-07-01T01:05:19.707872+00:00,81.8,47,ask,EarnestEspressos,CostlyCorianders,1393105
2026-07-01T01:05:21.043115,2026-07-01T01:05:21.049131+00:00,82.0,4,bid,FlawlessFlatbreads,Kelvin Chan,1393133
2026-07-01T01:05:21.043115,2026-07-01T01:05:21.049131+00:00,82.1,46,bid,FlawlessFlatbreads,DiligentDonuts,1393134
2026-07-01T01:05:22.476111,2026-07-01T01:05:22.485591+00:00,82.0,5,bid,CostlyCorianders,Kelvin Chan,1393157
2026-07-01T01:05:22.476111,2026-07-01T01:05:22.485591+00:00,82.2,41,bid,CostlyCorianders,DiligentDonuts,1393158
2026-07-01T01:05:24.042250,2026-07-01T01:05:24.045640+00:00,81.9,47,ask,EarnestEspressos,CostlyCorianders,1393209
2026-07-01T01:05:24.622593,2026-07-01T01:05:24.628812+00:00,82.1,4,bid,CostlyCorianders,Kelvin Chan,1393219
2026-07-01T01:05:24.622593,2026-07-01T01:05:24.628812+00:00,82.2,42,bid,CostlyCorianders,DiligentDonuts,1393220
2026-07-01T01:05:26.017057,2026-07-01T01:05:26.020823+00:00,82.2,3,ask,DiligentDonuts,Xuanyu Liu,1393253
2026-07-01T01:05:26.022269,2026-07-01T01:05:26.031229+00:00,82.2,1,ask,DiligentDonuts,Kelvin Chan,1393254
2026-07-01T01:05:26.105117,2026-07-01T01:05:26.113171+00:00,82.2,25,ask,DiligentDonuts,Alice Feng,1393258
2026-07-01T01:05:26.316719,2026-07-01T01:05:26.327922+00:00,82.2,25,ask,DiligentDonuts,Alice Feng,1393263
2026-07-01T01:05:26.530647,2026-07-01T01:05:26.533421+00:00,82.2,25,ask,DiligentDonuts,Alice Feng,1393274
2026-07-01T01:05:26.740548,2026-07-01T01:05:26.748066+00:00,82.2,21,ask,DiligentDonuts,Alice Feng,1393276
2026-07-01T01:05:27.746058,2026-07-01T01:05:27.753335+00:00,81.8,4,ask,Kelvin Chan,CostlyCorianders,1393304
2026-07-01T01:05:27.746058,2026-07-01T01:05:27.753335+00:00,81.8,40,ask,EarnestEspressos,CostlyCorianders,1393305
2026-07-01T01:05:29.281345,2026-07-01T01:05:29.290358+00:00,82.3,42,bid,CostlyCorianders,EarnestEspressos,1393337
2026-07-01T01:05:29.521600,2026-07-01T01:05:29.526720+00:00,81.9,5,ask,Kelvin Chan,FlawlessFlatbreads,1393344
2026-07-01T01:05:29.521600,2026-07-01T01:05:29.526720+00:00,81.8,45,ask,EarnestEspressos,FlawlessFlatbreads,1393345
2026-07-01T01:05:31.629995,2026-07-01T01:05:31.639369+00:00,81.9,6,ask,Kelvin Chan,FlawlessFlatbreads,1393384
2026-07-01T01:05:31.629995,2026-07-01T01:05:31.639369+00:00,81.8,44,ask,DiligentDonuts,FlawlessFlatbreads,1393385
2026-07-01T01:05:31.988485,2026-07-01T01:05:31.998997+00:00,82.2,43,bid,CostlyCorianders,EarnestEspressos,1393400
2026-07-01T01:05:33.750510,2026-07-01T01:05:33.761044+00:00,81.8,5,ask,Kelvin Chan,FlawlessFlatbreads,1393429
2026-07-01T01:05:33.750510,2026-07-01T01:05:33.761044+00:00,81.8,45,ask,EarnestEspressos,FlawlessFlatbreads,1393430
2026-07-01T01:05:35.858025,2026-07-01T01:05:35.868948+00:00,81.8,50,ask,EarnestEspressos,FlawlessFlatbreads,1393472
2026-07-01T01:05:36.007470,2026-07-01T01:05:36.010916+00:00,82.1,1,bid,Xuanyu Liu,Kelvin Chan,1393474
2026-07-01T01:05:36.070199,2026-07-01T01:05:36.073646+00:00,82.0,2,bid,Xuanyu Liu,EarnestEspressos,1393479
2026-07-01T01:05:36.182453,2026-07-01T01:05:36.186159+00:00,82.0,25,bid,Alice Feng,EarnestEspressos,1393484
2026-07-01T01:05:36.392971,2026-07-01T01:05:36.400516+00:00,82.0,25,bid,Alice Feng,EarnestEspressos,1393489
2026-07-01T01:05:36.604957,2026-07-01T01:05:36.615779+00:00,82.0,25,bid,Alice Feng,EarnestEspressos,1393496
2026-07-01T01:05:36.815411,2026-07-01T01:05:36.821541+00:00,82.0,21,bid,Alice Feng,EarnestEspressos,1393511
2026-07-01T01:05:37.969293,2026-07-01T01:05:37.978440+00:00,81.8,2,ask,Kelvin Chan,FlawlessFlatbreads,1393542
2026-07-01T01:05:37.969293,2026-07-01T01:05:37.978440+00:00,81.7,48,ask,DiligentDonuts,FlawlessFlatbreads,1393543
2026-07-01T01:05:39.651297,2026-07-01T01:05:39.661438+00:00,81.8,47,ask,EarnestEspressos,CostlyCorianders,1393573
2026-07-01T01:05:40.076647,2026-07-01T01:05:40.083320+00:00,81.8,50,ask,EarnestEspressos,FlawlessFlatbreads,1393577
2026-07-01T01:05:40.306711,2026-07-01T01:05:40.311333+00:00,82.0,40,bid,CostlyCorianders,DiligentDonuts,1393586
2026-07-01T01:05:41.947063,2026-07-01T01:05:41.957270+00:00,81.8,45,ask,EarnestEspressos,CostlyCorianders,1393638
2026-07-01T01:05:42.182274,2026-07-01T01:05:42.193633+00:00,81.8,8,ask,EarnestEspressos,FlawlessFlatbreads,1393640
2026-07-01T01:05:42.182274,2026-07-01T01:05:42.193633+00:00,81.8,1,ask,Kelvin Chan,FlawlessFlatbreads,1393641
2026-07-01T01:05:42.182274,2026-07-01T01:05:42.193633+00:00,81.5,41,ask,DiligentDonuts,FlawlessFlatbreads,1393642
2026-07-01T01:05:42.411729,2026-07-01T01:05:42.419630+00:00,81.6,46,bid,CostlyCorianders,EarnestEspressos,1393645
2026-07-01T01:05:43.063167,2026-07-01T01:05:43.066971+00:00,81.6,3,bid,Xuanyu Liu,EarnestEspressos,1393658
2026-07-01T01:05:43.427550,2026-07-01T01:05:43.436269+00:00,81.5,47,ask,DiligentDonuts,CostlyCorianders,1393661
2026-07-01T01:05:44.291796,2026-07-01T01:05:44.298286+00:00,81.5,12,ask,DiligentDonuts,FlawlessFlatbreads,1393682
2026-07-01T01:05:44.291796,2026-07-01T01:05:44.298286+00:00,81.1,38,ask,EarnestEspressos,FlawlessFlatbreads,1393683
2026-07-01T01:05:45.012691,2026-07-01T01:05:45.016946+00:00,81.6,26,bid,Thomas Lee,EarnestEspressos,1393695
2026-07-01T01:05:45.530578,2026-07-01T01:05:45.540058+00:00,81.7,40,bid,CostlyCorianders,DiligentDonuts,1393703
2026-07-01T01:05:47.373410,2026-07-01T01:05:47.376947+00:00,81.6,3,ask,Kelvin Chan,Xuanyu Liu,1393735
2026-07-01T01:05:47.816445,2026-07-01T01:05:47.820252+00:00,81.6,1,ask,Kelvin Chan,DiligentDonuts,1393748
2026-07-01T01:05:49.203582,2026-07-01T01:05:49.207785+00:00,81.6,41,bid,CostlyCorianders,DiligentDonuts,1393775
2026-07-01T01:05:50.544237,2026-07-01T01:05:50.550507+00:00,81.6,5,bid,Kelvin Chan,DiligentDonuts,1393797
2026-07-01T01:05:50.580236,2026-07-01T01:05:50.591916+00:00,81.6,50,bid,FlawlessFlatbreads,DiligentDonuts,1393799
2026-07-01T01:05:52.303872,2026-07-01T01:05:52.305904+00:00,81.4,42,ask,DiligentDonuts,CostlyCorianders,1393829
2026-07-01T01:05:52.686584,2026-07-01T01:05:52.696496+00:00,81.7,50,bid,FlawlessFlatbreads,EarnestEspressos,1393845
2026-07-01T01:05:53.878478,2026-07-01T01:05:53.886095+00:00,81.4,46,ask,DiligentDonuts,CostlyCorianders,1393861
2026-07-01T01:05:54.819671,2026-07-01T01:05:54.828861+00:00,81.7,50,bid,FlawlessFlatbreads,EarnestEspressos,1393875
2026-07-01T01:05:56.250559,2026-07-01T01:05:56.255233+00:00,81.9,46,bid,CostlyCorianders,DiligentDonuts,1393918
2026-07-01T01:05:56.925213,2026-07-01T01:05:56.930560+00:00,81.9,50,bid,FlawlessFlatbreads,DiligentDonuts,1393934
2026-07-01T01:05:57.266639,2026-07-01T01:05:57.269177+00:00,81.5,44,ask,EarnestEspressos,CostlyCorianders,1393938
2026-07-01T01:05:57.867585,2026-07-01T01:05:57.876219+00:00,81.5,45,ask,EarnestEspressos,CostlyCorianders,1393950
2026-07-01T01:05:59.030977,2026-07-01T01:05:59.036315+00:00,81.6,50,bid,FlawlessFlatbreads,EarnestEspressos,1393984
2026-07-01T01:05:59.731020,2026-07-01T01:05:59.734585+00:00,81.6,3,bid,Xuanyu Liu,EarnestEspressos,1393995
2026-07-01T01:06:00.411755,2026-07-01T01:06:00.422571+00:00,81.6,97,bid,DiligentDonuts,EarnestEspressos,1394010
2026-07-01T01:06:01.136412,2026-07-01T01:06:01.140712+00:00,81.8,5,bid,FlawlessFlatbreads,Kelvin Chan,1394022
2026-07-01T01:06:01.313659,2026-07-01T01:06:01.317107+00:00,82.0,3,ask,EarnestEspressos,Xuanyu Liu,1394028
2026-07-01T01:06:01.863800,2026-07-01T01:06:01.872753+00:00,82.2,47,bid,CostlyCorianders,DiligentDonuts,1394045
2026-07-01T01:06:02.249688,2026-07-01T01:06:02.253409+00:00,82.0,3,ask,EarnestEspressos,Kelvin Chan,1394057
2026-07-01T01:06:02.419152,2026-07-01T01:06:02.428210+00:00,82.0,3,ask,EarnestEspressos,Kelvin Chan,1394062
2026-07-01T01:06:02.424724,2026-07-01T01:06:02.438571+00:00,82.0,44,ask,EarnestEspressos,CostlyCorianders,1394063
2026-07-01T01:06:02.802820,2026-07-01T01:06:02.806366+00:00,82.0,3,ask,EarnestEspressos,Xuanyu Liu,1394073
2026-07-01T01:06:02.868283,2026-07-01T01:06:02.878529+00:00,82.0,25,ask,EarnestEspressos,Alice Feng,1394074
2026-07-01T01:06:03.048040,2026-07-01T01:06:03.052634+00:00,82.0,25,ask,EarnestEspressos,Alice Feng,1394077
2026-07-01T01:06:03.057492,2026-07-01T01:06:03.062991+00:00,82.0,2,ask,EarnestEspressos,Harry North,1394079
2026-07-01T01:06:03.078424,2026-07-01T01:06:03.083580+00:00,82.0,25,ask,EarnestEspressos,Thomas Lee,1394080
2026-07-01T01:06:03.287318,2026-07-01T01:06:03.289728+00:00,82.0,17,ask,EarnestEspressos,Alice Feng,1394086
2026-07-01T01:06:03.989260,2026-07-01T01:06:04.000371+00:00,81.9,49,bid,CostlyCorianders,DiligentDonuts,1394100
2026-07-01T01:06:04.050855,2026-07-01T01:06:04.054710+00:00,81.9,3,bid,Xuanyu Liu,DiligentDonuts,1394105
2026-07-01T01:06:04.131777,2026-07-01T01:06:04.137296+00:00,81.9,25,bid,Alice Feng,DiligentDonuts,1394112
2026-07-01T01:06:04.342067,2026-07-01T01:06:04.353410+00:00,81.9,23,bid,Alice Feng,DiligentDonuts,1394115
2026-07-01T01:06:04.575776,2026-07-01T01:06:04.579981+00:00,81.9,19,bid,Alice Feng,EarnestEspressos,1394124
2026-07-01T01:06:05.347708,2026-07-01T01:06:05.351177+00:00,81.9,50,bid,FlawlessFlatbreads,EarnestEspressos,1394152
2026-07-01T01:06:06.075665,2026-07-01T01:06:06.080208+00:00,81.9,2,bid,Harry North,EarnestEspressos,1394177
2026-07-01T01:06:07.357939,2026-07-01T01:06:07.368803+00:00,81.8,43,ask,DiligentDonuts,CostlyCorianders,1394208
2026-07-01T01:06:07.452946,2026-07-01T01:06:07.461012+00:00,81.9,50,bid,FlawlessFlatbreads,EarnestEspressos,1394210
2026-07-01T01:06:09.411440,2026-07-01T01:06:09.417231+00:00,81.9,5,bid,CostlyCorianders,Kelvin Chan,1394248
2026-07-01T01:06:09.411440,2026-07-01T01:06:09.417231+00:00,82.3,35,bid,CostlyCorianders,DiligentDonuts,1394249
2026-07-01T01:06:09.560196,2026-07-01T01:06:09.572342+00:00,82.3,50,bid,FlawlessFlatbreads,DiligentDonuts,1394252
2026-07-01T01:06:09.993229,2026-07-01T01:06:10.004440+00:00,82.3,41,bid,CostlyCorianders,EarnestEspressos,1394260
2026-07-01T01:06:10.671621,2026-07-01T01:06:10.679885+00:00,82.0,4,ask,DiligentDonuts,Kelvin Chan,1394268
2026-07-01T01:06:10.910028,2026-07-01T01:06:10.915582+00:00,82.1,4,ask,EarnestEspressos,Kelvin Chan,1394269
2026-07-01T01:06:11.321224,2026-07-01T01:06:11.327009+00:00,82.1,4,ask,EarnestEspressos,Kelvin Chan,1394281
2026-07-01T01:06:11.690930,2026-07-01T01:06:11.697080+00:00,82.1,4,ask,EarnestEspressos,Kelvin Chan,1394285
2026-07-01T01:06:11.723250,2026-07-01T01:06:11.727991+00:00,82.1,50,ask,EarnestEspressos,FlawlessFlatbreads,1394287
2026-07-01T01:06:11.920419,2026-07-01T01:06:11.925502+00:00,82.1,4,ask,EarnestEspressos,Kelvin Chan,1394305
2026-07-01T01:06:12.064100,2026-07-01T01:06:12.069700+00:00,82.1,25,ask,EarnestEspressos,Thomas Lee,1394308
2026-07-01T01:06:12.111400,2026-07-01T01:06:12.121265+00:00,82.1,2,ask,EarnestEspressos,Harry North,1394310
2026-07-01T01:06:13.600219,2026-07-01T01:06:13.604999+00:00,82.1,6,ask,EarnestEspressos,Kelvin Chan,1394341
2026-07-01T01:06:13.828427,2026-07-01T01:06:13.830674+00:00,82.1,50,ask,EarnestEspressos,FlawlessFlatbreads,1394352
2026-07-01T01:06:15.935411,2026-07-01T01:06:15.938832+00:00,82.0,50,ask,DiligentDonuts,FlawlessFlatbreads,1394394
2026-07-01T01:06:16.037181,2026-07-01T01:06:16.042173+00:00,82.0,46,ask,DiligentDonuts,CostlyCorianders,1394395
2026-07-01T01:06:16.502690,2026-07-01T01:06:16.506385+00:00,81.7,45,ask,DiligentDonuts,CostlyCorianders,1394399
2026-07-01T01:06:17.762843,2026-07-01T01:06:17.772509+00:00,82.0,45,bid,CostlyCorianders,EarnestEspressos,1394415
2026-07-01T01:06:18.040807,2026-07-01T01:06:18.050369+00:00,81.7,50,ask,DiligentDonuts,FlawlessFlatbreads,1394421
2026-07-01T01:06:18.123491,2026-07-01T01:06:18.132481+00:00,82.0,2,bid,Harry North,EarnestEspressos,1394425
2026-07-01T01:06:19.246178,2026-07-01T01:06:19.254043+00:00,82.0,49,bid,CostlyCorianders,EarnestEspressos,1394443
2026-07-01T01:06:20.097537,2026-07-01T01:06:20.107765+00:00,81.9,50,bid,FlawlessFlatbreads,DiligentDonuts,1394458
2026-07-01T01:06:20.340999,2026-07-01T01:06:20.345198+00:00,81.9,50,bid,EarnestEspressos,DiligentDonuts,1394471
2026-07-01T01:06:20.377350,2026-07-01T01:06:20.386502+00:00,81.9,43,ask,EarnestEspressos,CostlyCorianders,1394472
2026-07-01T01:06:22.257285,2026-07-01T01:06:22.268124+00:00,81.9,50,ask,EarnestEspressos,FlawlessFlatbreads,1394514
2026-07-01T01:06:24.098103,2026-07-01T01:06:24.102436+00:00,81.9,47,ask,DiligentDonuts,CostlyCorianders,1394554
2026-07-01T01:06:24.312802,2026-07-01T01:06:24.318337+00:00,82.0,50,bid,FlawlessFlatbreads,EarnestEspressos,1394564
2026-07-01T01:06:24.565043,2026-07-01T01:06:24.574699+00:00,82.0,45,bid,CostlyCorianders,EarnestEspressos,1394565
2026-07-01T01:06:26.365196,2026-07-01T01:06:26.369439+00:00,82.0,14,bid,Xuanyu Liu,EarnestEspressos,1394609
2026-07-01T01:06:26.471177,2026-07-01T01:06:26.482708+00:00,81.8,1,ask,Kelvin Chan,FlawlessFlatbreads,1394614
2026-07-01T01:06:26.471177,2026-07-01T01:06:26.482708+00:00,81.8,49,ask,DiligentDonuts,FlawlessFlatbreads,1394615
2026-07-01T01:06:26.664685,2026-07-01T01:06:26.667752+00:00,82.1,2,bid,EarnestEspressos,Kelvin Chan,1394617
2026-07-01T01:06:27.102310,2026-07-01T01:06:27.111312+00:00,82.1,48,ask,EarnestEspressos,CostlyCorianders,1394638
2026-07-01T01:06:28.581330,2026-07-01T01:06:28.589770+00:00,82.1,50,ask,EarnestEspressos,FlawlessFlatbreads,1394669
2026-07-01T01:06:28.822210,2026-07-01T01:06:28.826275+00:00,82.1,11,ask,EarnestEspressos,Xuanyu Liu,1394677
2026-07-01T01:06:30.295106,2026-07-01T01:06:30.299353+00:00,82.0,11,bid,Xuanyu Liu,EarnestEspressos,1394721
2026-07-01T01:06:30.348084,2026-07-01T01:06:30.351175+00:00,82.0,44,bid,CostlyCorianders,EarnestEspressos,1394723
2026-07-01T01:06:30.688592,2026-07-01T01:06:30.700238+00:00,81.9,5,ask,Kelvin Chan,FlawlessFlatbreads,1394726
2026-07-01T01:06:30.688592,2026-07-01T01:06:30.700238+00:00,81.7,45,ask,DiligentDonuts,FlawlessFlatbreads,1394727
2026-07-01T01:06:31.814569,2026-07-01T01:06:31.817889+00:00,82.0,43,bid,CostlyCorianders,EarnestEspressos,1394750
2026-07-01T01:06:32.794805,2026-07-01T01:06:32.802013+00:00,81.9,5,ask,Kelvin Chan,FlawlessFlatbreads,1394766
2026-07-01T01:06:32.794805,2026-07-01T01:06:32.802013+00:00,81.7,45,ask,DiligentDonuts,FlawlessFlatbreads,1394767
2026-07-01T01:06:32.827078,2026-07-01T01:06:32.832779+00:00,81.7,48,ask,DiligentDonuts,CostlyCorianders,1394768
2026-07-01T01:06:34.066277,2026-07-01T01:06:34.076352+00:00,82.2,40,bid,CostlyCorianders,DiligentDonuts,1394794
2026-07-01T01:06:34.523443,2026-07-01T01:06:34.526448+00:00,82.0,47,ask,EarnestEspressos,CostlyCorianders,1394802
2026-07-01T01:06:34.900865,2026-07-01T01:06:34.905234+00:00,82.0,50,ask,EarnestEspressos,FlawlessFlatbreads,1394811
2026-07-01T01:06:35.332092,2026-07-01T01:06:35.334057+00:00,82.0,53,ask,EarnestEspressos,DiligentDonuts,1394816
2026-07-01T01:06:36.093502,2026-07-01T01:06:36.099929+00:00,82.0,26,bid,Thomas Lee,DiligentDonuts,1394845
2026-07-01T01:06:36.956912,2026-07-01T01:06:36.963969+00:00,81.9,50,bid,FlawlessFlatbreads,EarnestEspressos,1394855
2026-07-01T01:06:38.187424,2026-07-01T01:06:38.191328+00:00,81.9,12,bid,Xuanyu Liu,EarnestEspressos,1394889
2026-07-01T01:06:39.064670,2026-07-01T01:06:39.072272+00:00,81.9,50,bid,FlawlessFlatbreads,EarnestEspressos,1394898
2026-07-01T01:06:39.131239,2026-07-01T01:06:39.133573+00:00,81.9,26,bid,Thomas Lee,EarnestEspressos,1394901
2026-07-01T01:06:39.497875,2026-07-01T01:06:39.501761+00:00,82.0,12,ask,EarnestEspressos,Xuanyu Liu,1394915
2026-07-01T01:06:41.172622,2026-07-01T01:06:41.176617+00:00,82.1,1,bid,FlawlessFlatbreads,Kelvin Chan,1394955
2026-07-01T01:06:41.172622,2026-07-01T01:06:41.176617+00:00,82.3,49,bid,FlawlessFlatbreads,DiligentDonuts,1394956
2026-07-01T01:06:43.290477,2026-07-01T01:06:43.296226+00:00,82.2,1,bid,FlawlessFlatbreads,Kelvin Chan,1395006
2026-07-01T01:06:43.290477,2026-07-01T01:06:43.296226+00:00,82.3,49,bid,FlawlessFlatbreads,DiligentDonuts,1395007
2026-07-01T01:06:45.397660,2026-07-01T01:06:45.407194+00:00,82.2,1,bid,FlawlessFlatbreads,Kelvin Chan,1395065
2026-07-01T01:06:45.397660,2026-07-01T01:06:45.407194+00:00,82.4,49,bid,FlawlessFlatbreads,EarnestEspressos,1395066
2026-07-01T01:06:45.708276,2026-07-01T01:06:45.713227+00:00,82.4,2,ask,EarnestEspressos,Xuanyu Liu,1395071
2026-07-01T01:06:46.274351,2026-07-01T01:06:46.286912+00:00,82.4,1,ask,EarnestEspressos,Kelvin Chan,1395083
2026-07-01T01:06:46.283054,2026-07-01T01:06:46.286912+00:00,82.4,1,ask,EarnestEspressos,Xuanyu Liu,1395085
2026-07-01T01:06:46.402413,2026-07-01T01:06:46.420431+00:00,82.4,1,ask,EarnestEspressos,Kelvin Chan,1395086
2026-07-01T01:06:46.416433,2026-07-01T01:06:46.420431+00:00,82.4,1,ask,EarnestEspressos,Xuanyu Liu,1395088
2026-07-01T01:06:46.969699,2026-07-01T01:06:46.973586+00:00,82.4,7,ask,EarnestEspressos,Xuanyu Liu,1395115
2026-07-01T01:06:47.356103,2026-07-01T01:06:47.363056+00:00,82.4,2,ask,EarnestEspressos,Kelvin Chan,1395124
2026-07-01T01:06:47.405528,2026-07-01T01:06:47.415062+00:00,82.4,2,ask,EarnestEspressos,Kelvin Chan,1395128
2026-07-01T01:06:47.476430,2026-07-01T01:06:47.486899+00:00,82.4,2,ask,EarnestEspressos,Kelvin Chan,1395130
2026-07-01T01:06:47.505920,2026-07-01T01:06:47.517786+00:00,82.6,50,bid,FlawlessFlatbreads,DiligentDonuts,1395133
2026-07-01T01:06:48.689620,2026-07-01T01:06:48.693636+00:00,82.7,3,ask,DiligentDonuts,Xuanyu Liu,1395168
2026-07-01T01:06:49.178401,2026-07-01T01:06:49.188117+00:00,82.7,46,ask,DiligentDonuts,CostlyCorianders,1395182
2026-07-01T01:06:49.616228,2026-07-01T01:06:49.630710+00:00,82.8,50,bid,FlawlessFlatbreads,EarnestEspressos,1395192
2026-07-01T01:06:50.199538,2026-07-01T01:06:50.205570+00:00,82.8,44,bid,CostlyCorianders,EarnestEspressos,1395198
2026-07-01T01:06:51.723008,2026-07-01T01:06:51.726384+00:00,82.8,50,bid,FlawlessFlatbreads,EarnestEspressos,1395237
2026-07-01T01:06:51.985574,2026-07-01T01:06:51.994642+00:00,82.8,100,bid,EarnestEspressos,DiligentDonuts,1395245
2026-07-01T01:06:52.051902,2026-07-01T01:06:52.055871+00:00,83.1,14,ask,EarnestEspressos,Xuanyu Liu,1395247
2026-07-01T01:06:52.068638,2026-07-01T01:06:52.076627+00:00,83.1,25,ask,EarnestEspressos,Alice Feng,1395248
2026-07-01T01:06:52.278741,2026-07-01T01:06:52.281644+00:00,83.1,11,ask,EarnestEspressos,Alice Feng,1395250
2026-07-01T01:06:53.508228,2026-07-01T01:06:53.511849+00:00,82.5,2,bid,Xuanyu Liu,Kelvin Chan,1395269
2026-07-01T01:06:53.619516,2026-07-01T01:06:53.623050+00:00,82.6,2,bid,Xuanyu Liu,Kelvin Chan,1395273
2026-07-01T01:06:53.692091,2026-07-01T01:06:53.695926+00:00,82.6,2,bid,Xuanyu Liu,Kelvin Chan,1395278
2026-07-01T01:06:53.859377,2026-07-01T01:06:53.870737+00:00,83.6,50,bid,FlawlessFlatbreads,EarnestEspressos,1395284
2026-07-01T01:06:54.174521,2026-07-01T01:06:54.179162+00:00,82.3,25,ask,DiligentDonuts,Thomas Lee,1395299
2026-07-01T01:06:54.222676,2026-07-01T01:06:54.230856+00:00,82.3,2,ask,DiligentDonuts,Harry North,1395301
2026-07-01T01:06:55.972172,2026-07-01T01:06:55.978287+00:00,83.0,50,bid,FlawlessFlatbreads,EarnestEspressos,1395343
2026-07-01T01:06:56.911977,2026-07-01T01:06:56.922168+00:00,83.0,45,bid,CostlyCorianders,EarnestEspressos,1395363
2026-07-01T01:06:56.965682,2026-07-01T01:06:56.973351+00:00,82.6,41,ask,DiligentDonuts,CostlyCorianders,1395364
2026-07-01T01:06:57.188777,2026-07-01T01:06:57.198199+00:00,82.6,25,ask,DiligentDonuts,Thomas Lee,1395372
2026-07-01T01:06:57.250450,2026-07-01T01:06:57.260218+00:00,82.6,2,ask,DiligentDonuts,Harry North,1395374
2026-07-01T01:06:58.320826,2026-07-01T01:06:58.326538+00:00,82.7,100,bid,EarnestEspressos,DiligentDonuts,1395399
2026-07-01T01:06:58.320826,2026-07-01T01:06:58.326538+00:00,82.7,2,bid,EarnestEspressos,Kelvin Chan,1395400
2026-07-01T01:06:58.544092,2026-07-01T01:06:58.552323+00:00,82.7,25,ask,EarnestEspressos,Alice Feng,1395406
2026-07-01T01:06:58.755242,2026-07-01T01:06:58.766982+00:00,82.7,23,ask,EarnestEspressos,Alice Feng,1395409
2026-07-01T01:06:59.451460,2026-07-01T01:06:59.455258+00:00,82.7,1,bid,Xuanyu Liu,Kelvin Chan,1395420
2026-07-01T01:07:01.550706,2026-07-01T01:07:01.554750+00:00,82.6,4,bid,Xuanyu Liu,EarnestEspressos,1395456
2026-07-01T01:07:02.340832,2026-07-01T01:07:02.345119+00:00,82.5,50,ask,DiligentDonuts,FlawlessFlatbreads,1395473
2026-07-01T01:07:02.397338,2026-07-01T01:07:02.406544+00:00,82.6,44,bid,CostlyCorianders,EarnestEspressos,1395475
2026-07-01T01:07:02.886219,2026-07-01T01:07:02.888795+00:00,82.5,46,ask,DiligentDonuts,CostlyCorianders,1395483
2026-07-01T01:07:04.446608,2026-07-01T01:07:04.455693+00:00,82.4,4,ask,Kelvin Chan,FlawlessFlatbreads,1395507
2026-07-01T01:07:04.446608,2026-07-01T01:07:04.455693+00:00,82.2,46,ask,DiligentDonuts,FlawlessFlatbreads,1395508
2026-07-01T01:07:08.608807,2026-07-01T01:07:08.620367+00:00,82.7,50,bid,FlawlessFlatbreads,DiligentDonuts,1395577
2026-07-01T01:07:09.352071,2026-07-01T01:07:09.355898+00:00,82.7,3,bid,Xuanyu Liu,DiligentDonuts,1395596
2026-07-01T01:07:09.796826,2026-07-01T01:07:09.806284+00:00,82.7,25,bid,Alice Feng,DiligentDonuts,1395599
2026-07-01T01:07:10.006148,2026-07-01T01:07:10.011224+00:00,82.7,22,bid,Alice Feng,DiligentDonuts,1395609
2026-07-01T01:07:10.010483,2026-07-01T01:07:10.021491+00:00,82.9,2,bid,Alice Feng,EarnestEspressos,1395610
2026-07-01T01:07:10.216968,2026-07-01T01:07:10.226553+00:00,82.9,1,bid,Alice Feng,EarnestEspressos,1395619
2026-07-01T01:07:10.390850,2026-07-01T01:07:10.400323+00:00,82.7,43,ask,DiligentDonuts,CostlyCorianders,1395623
2026-07-01T01:07:10.768258,2026-07-01T01:07:10.779624+00:00,82.7,50,ask,DiligentDonuts,FlawlessFlatbreads,1395626
2026-07-01T01:07:12.823792,2026-07-01T01:07:12.826001+00:00,83.2,50,bid,FlawlessFlatbreads,DiligentDonuts,1395671
2026-07-01T01:07:13.839237,2026-07-01T01:07:13.850725+00:00,83.2,45,bid,CostlyCorianders,EarnestEspressos,1395691
2026-07-01T01:07:14.307066,2026-07-01T01:07:14.311269+00:00,83.2,41,bid,CostlyCorianders,DiligentDonuts,1395704
2026-07-01T01:07:17.092294,2026-07-01T01:07:17.094208+00:00,82.9,50,ask,EarnestEspressos,FlawlessFlatbreads,1395758
2026-07-01T01:07:18.971856,2026-07-01T01:07:18.978033+00:00,83.2,47,bid,CostlyCorianders,EarnestEspressos,1395801
2026-07-01T01:07:19.200581,2026-07-01T01:07:19.203152+00:00,82.8,50,ask,DiligentDonuts,FlawlessFlatbreads,1395805
2026-07-01T01:07:21.308062,2026-07-01T01:07:21.314451+00:00,83.1,50,ask,EarnestEspressos,FlawlessFlatbreads,1395855
2026-07-01T01:07:22.282411,2026-07-01T01:07:22.289847+00:00,83.1,49,ask,EarnestEspressos,CostlyCorianders,1395884
2026-07-01T01:07:23.415520,2026-07-01T01:07:23.419015+00:00,83.1,50,ask,EarnestEspressos,FlawlessFlatbreads,1395912
2026-07-01T01:07:24.055157,2026-07-01T01:07:24.065935+00:00,82.9,42,ask,DiligentDonuts,CostlyCorianders,1395922
2026-07-01T01:07:24.252529,2026-07-01T01:07:24.260594+00:00,83.0,25,bid,Alice Feng,EarnestEspressos,1395928
2026-07-01T01:07:24.301250,2026-07-01T01:07:24.311889+00:00,83.0,4,bid,Harry North,EarnestEspressos,1395932
2026-07-01T01:07:24.463810,2026-07-01T01:07:24.475402+00:00,83.0,9,bid,Alice Feng,EarnestEspressos,1395935
2026-07-01T01:07:24.527922,2026-07-01T01:07:24.537146+00:00,83.0,40,bid,CostlyCorianders,EarnestEspressos,1395937
2026-07-01T01:07:25.167257,2026-07-01T01:07:25.174545+00:00,83.0,47,bid,CostlyCorianders,EarnestEspressos,1395954
2026-07-01T01:07:25.223281,2026-07-01T01:07:25.225962+00:00,82.9,43,ask,DiligentDonuts,CostlyCorianders,1395955
2026-07-01T01:07:25.471768,2026-07-01T01:07:25.481413+00:00,83.0,25,bid,FlawlessFlatbreads,EarnestEspressos,1395960
2026-07-01T01:07:25.471768,2026-07-01T01:07:25.481413+00:00,83.4,25,bid,FlawlessFlatbreads,DiligentDonuts,1395961
2026-07-01T01:07:26.812150,2026-07-01T01:07:26.823493+00:00,83.0,100,bid,EarnestEspressos,DiligentDonuts,1395999
2026-07-01T01:07:27.579259,2026-07-01T01:07:27.582761+00:00,83.7,50,bid,FlawlessFlatbreads,EarnestEspressos,1396011
2026-07-01T01:07:29.736078,2026-07-01T01:07:29.743009+00:00,83.2,50,ask,EarnestEspressos,FlawlessFlatbreads,1396062
2026-07-01T01:07:30.925400,2026-07-01T01:07:30.931638+00:00,82.8,2,ask,Kelvin Chan,CostlyCorianders,1396088
2026-07-01T01:07:30.925400,2026-07-01T01:07:30.931638+00:00,82.8,41,ask,DiligentDonuts,CostlyCorianders,1396089
2026-07-01T01:07:32.685591,2026-07-01T01:07:32.693545+00:00,83.2,43,bid,CostlyCorianders,EarnestEspressos,1396118
2026-07-01T01:07:33.949308,2026-07-01T01:07:33.956318+00:00,82.9,1,ask,Kelvin Chan,FlawlessFlatbreads,1396143
2026-07-01T01:07:33.949308,2026-07-01T01:07:33.956318+00:00,82.9,49,ask,EarnestEspressos,FlawlessFlatbreads,1396144
2026-07-01T01:07:35.966793,2026-07-01T01:07:35.969194+00:00,82.9,45,ask,EarnestEspressos,CostlyCorianders,1396189
2026-07-01T01:07:36.058108,2026-07-01T01:07:36.070494+00:00,82.9,50,ask,EarnestEspressos,FlawlessFlatbreads,1396190
2026-07-01T01:07:36.345512,2026-07-01T01:07:36.364027+00:00,82.7,100,ask,DiligentDonuts,EarnestEspressos,1396191
2026-07-01T01:07:36.360266,2026-07-01T01:07:36.364027+00:00,82.6,3,bid,Xuanyu Liu,EarnestEspressos,1396193
2026-07-01T01:07:37.093818,2026-07-01T01:07:37.103703+00:00,82.6,42,bid,CostlyCorianders,EarnestEspressos,1396213
2026-07-01T01:07:37.235974,2026-07-01T01:07:37.240273+00:00,82.6,5,bid,Xuanyu Liu,EarnestEspressos,1396219
2026-07-01T01:07:38.163779,2026-07-01T01:07:38.173261+00:00,82.1,50,ask,EarnestEspressos,FlawlessFlatbreads,1396244
2026-07-01T01:07:39.294410,2026-07-01T01:07:39.300697+00:00,82.6,48,ask,DiligentDonuts,CostlyCorianders,1396276
2026-07-01T01:07:40.224019,2026-07-01T01:07:40.234776+00:00,83.1,50,bid,FlawlessFlatbreads,DiligentDonuts,1396286
2026-07-01T01:07:42.331695,2026-07-01T01:07:42.339694+00:00,83.1,50,bid,FlawlessFlatbreads,DiligentDonuts,1396340
2026-07-01T01:07:43.821291,2026-07-01T01:07:43.827335+00:00,83.1,42,bid,CostlyCorianders,DiligentDonuts,1396373
2026-07-01T01:07:44.415772,2026-07-01T01:07:44.422146+00:00,83.1,8,bid,CostlyCorianders,DiligentDonuts,1396388
2026-07-01T01:07:44.415772,2026-07-01T01:07:44.422146+00:00,83.3,35,bid,CostlyCorianders,EarnestEspressos,1396389
2026-07-01T01:07:44.439805,2026-07-01T01:07:44.442595+00:00,83.3,50,bid,FlawlessFlatbreads,EarnestEspressos,1396390
2026-07-01T01:07:45.084487,2026-07-01T01:07:45.088639+00:00,83.0,5,ask,DiligentDonuts,Xuanyu Liu,1396406
2026-07-01T01:07:45.156601,2026-07-01T01:07:45.160616+00:00,83.0,3,ask,DiligentDonuts,Xuanyu Liu,1396412
2026-07-01T01:07:46.546889,2026-07-01T01:07:46.554861+00:00,83.5,50,bid,FlawlessFlatbreads,DiligentDonuts,1396442
2026-07-01T01:07:48.652817,2026-07-01T01:07:48.655562+00:00,83.3,3,bid,FlawlessFlatbreads,Kelvin Chan,1396487
2026-07-01T01:07:48.652817,2026-07-01T01:07:48.665770+00:00,83.6,47,bid,FlawlessFlatbreads,EarnestEspressos,1396488
2026-07-01T01:07:50.939300,2026-07-01T01:07:50.943788+00:00,83.3,46,ask,EarnestEspressos,CostlyCorianders,1396551
2026-07-01T01:07:51.241930,2026-07-01T01:07:51.253145+00:00,83.3,25,ask,EarnestEspressos,Thomas Lee,1396557
2026-07-01T01:07:52.875715,2026-07-01T01:07:52.881500+00:00,83.6,50,bid,FlawlessFlatbreads,DiligentDonuts,1396601
2026-07-01T01:07:54.257551,2026-07-01T01:07:54.261987+00:00,83.1,25,ask,DiligentDonuts,Thomas Lee,1396634
2026-07-01T01:07:54.371269,2026-07-01T01:07:54.375772+00:00,83.1,2,ask,EarnestEspressos,Harry North,1396643
2026-07-01T01:07:54.937582,2026-07-01T01:07:54.941936+00:00,83.1,46,ask,EarnestEspressos,CostlyCorianders,1396651
2026-07-01T01:07:55.033108,2026-07-01T01:07:55.044335+00:00,83.1,50,ask,EarnestEspressos,FlawlessFlatbreads,1396652
2026-07-01T01:07:55.370769,2026-07-01T01:07:55.382737+00:00,83.0,2,ask,Kelvin Chan,EarnestEspressos,1396658
2026-07-01T01:07:56.629928,2026-07-01T01:07:56.641950+00:00,83.0,48,bid,CostlyCorianders,EarnestEspressos,1396686
2026-07-01T01:07:57.139255,2026-07-01T01:07:57.142728+00:00,82.9,50,ask,DiligentDonuts,FlawlessFlatbreads,1396690
2026-07-01T01:07:59.312016,2026-07-01T01:07:59.319468+00:00,82.8,48,ask,DiligentDonuts,CostlyCorianders,1396732
2026-07-01T01:08:01.300625,2026-07-01T01:08:01.306119+00:00,83.0,50,bid,FlawlessFlatbreads,DiligentDonuts,1396774
2026-07-01T01:08:01.481666,2026-07-01T01:08:01.490433+00:00,83.0,46,bid,CostlyCorianders,DiligentDonuts,1396779
2026-07-01T01:08:03.406787,2026-07-01T01:08:03.415870+00:00,83.0,4,bid,CostlyCorianders,DiligentDonuts,1396808
2026-07-01T01:08:03.412628,2026-07-01T01:08:03.415870+00:00,83.3,50,bid,FlawlessFlatbreads,EarnestEspressos,1396809
2026-07-01T01:08:05.569586,2026-07-01T01:08:05.579574+00:00,83.1,50,ask,DiligentDonuts,FlawlessFlatbreads,1396853
2026-07-01T01:08:07.430667,2026-07-01T01:08:07.433125+00:00,83.1,42,ask,DiligentDonuts,CostlyCorianders,1396901
2026-07-01T01:08:07.624663,2026-07-01T01:08:07.627720+00:00,83.5,50,bid,FlawlessFlatbreads,EarnestEspressos,1396906
2026-07-01T01:08:08.093996,2026-07-01T01:08:08.099597+00:00,83.6,46,bid,CostlyCorianders,DiligentDonuts,1396915
2026-07-01T01:08:09.304004,2026-07-01T01:08:09.308163+00:00,83.3,25,ask,EarnestEspressos,Thomas Lee,1396942
2026-07-01T01:08:09.785180,2026-07-01T01:08:09.789608+00:00,83.3,50,ask,EarnestEspressos,FlawlessFlatbreads,1396951
2026-07-01T01:08:10.776000,2026-07-01T01:08:10.785410+00:00,83.3,44,ask,EarnestEspressos,CostlyCorianders,1396983
2026-07-01T01:08:11.840043,2026-07-01T01:08:11.851071+00:00,83.3,50,bid,FlawlessFlatbreads,EarnestEspressos,1397003
2026-07-01T01:08:12.406646,2026-07-01T01:08:12.416329+00:00,83.3,2,bid,Harry North,EarnestEspressos,1397017
2026-07-01T01:08:12.410744,2026-07-01T01:08:12.416329+00:00,83.3,40,bid,CostlyCorianders,EarnestEspressos,1397018
2026-07-01T01:08:13.949782,2026-07-01T01:08:13.951641+00:00,83.3,50,bid,FlawlessFlatbreads,EarnestEspressos,1397054
2026-07-01T01:08:14.307973,2026-07-01T01:08:14.312058+00:00,83.4,100,bid,EarnestEspressos,DiligentDonuts,1397064
2026-07-01T01:08:14.381569,2026-07-01T01:08:14.385323+00:00,83.5,3,ask,EarnestEspressos,Xuanyu Liu,1397068
2026-07-01T01:08:14.573183,2026-07-01T01:08:14.580210+00:00,83.5,25,ask,EarnestEspressos,Alice Feng,1397072
2026-07-01T01:08:14.783297,2026-07-01T01:08:14.785497+00:00,83.5,22,ask,EarnestEspressos,Alice Feng,1397076
2026-07-01T01:08:15.636467,2026-07-01T01:08:15.638862+00:00,83.0,4,ask,Kelvin Chan,CostlyCorianders,1397099
2026-07-01T01:08:15.636467,2026-07-01T01:08:15.649178+00:00,82.9,42,ask,DiligentDonuts,CostlyCorianders,1397100
2026-07-01T01:08:16.055249,2026-07-01T01:08:16.059060+00:00,84.0,50,bid,FlawlessFlatbreads,EarnestEspressos,1397114
2026-07-01T01:08:16.773640,2026-07-01T01:08:16.785758+00:00,83.3,49,ask,DiligentDonuts,CostlyCorianders,1397130
2026-07-01T01:08:18.163701,2026-07-01T01:08:18.170834+00:00,83.5,50,bid,FlawlessFlatbreads,EarnestEspressos,1397158
2026-07-01T01:08:20.004560,2026-07-01T01:08:20.007217+00:00,83.5,49,bid,CostlyCorianders,EarnestEspressos,1397187
2026-07-01T01:08:20.324645,2026-07-01T01:08:20.336057+00:00,83.1,50,ask,DiligentDonuts,FlawlessFlatbreads,1397195
2026-07-01T01:08:21.326493,2026-07-01T01:08:21.330169+00:00,83.3,25,ask,EarnestEspressos,Thomas Lee,1397230
2026-07-01T01:08:21.458252,2026-07-01T01:08:21.463734+00:00,83.3,1,ask,EarnestEspressos,Harry North,1397235
2026-07-01T01:08:22.451172,2026-07-01T01:08:22.461394+00:00,83.3,50,ask,EarnestEspressos,FlawlessFlatbreads,1397264
2026-07-01T01:08:23.299037,2026-07-01T01:08:23.305950+00:00,83.4,40,bid,CostlyCorianders,DiligentDonuts,1397274
2026-07-01T01:08:26.619596,2026-07-01T01:08:26.623190+00:00,83.5,50,bid,FlawlessFlatbreads,EarnestEspressos,1397333
2026-07-01T01:08:27.230552,2026-07-01T01:08:27.237781+00:00,83.3,25,ask,EarnestEspressos,Alice Feng,1397351
2026-07-01T01:08:27.464382,2026-07-01T01:08:27.473832+00:00,83.3,25,ask,EarnestEspressos,Alice Feng,1397353
2026-07-01T01:08:27.495351,2026-07-01T01:08:27.504746+00:00,83.3,1,ask,EarnestEspressos,Harry North,1397356
2026-07-01T01:08:27.679579,2026-07-01T01:08:27.689468+00:00,83.3,25,ask,EarnestEspressos,Alice Feng,1397365
2026-07-01T01:08:27.704132,2026-07-01T01:08:27.710187+00:00,83.3,45,ask,EarnestEspressos,CostlyCorianders,1397369
2026-07-01T01:08:27.895760,2026-07-01T01:08:27.905324+00:00,83.3,25,ask,EarnestEspressos,Alice Feng,1397380
2026-07-01T01:08:28.106498,2026-07-01T01:08:28.110889+00:00,83.3,4,ask,EarnestEspressos,Alice Feng,1397387
2026-07-01T01:08:28.726737,2026-07-01T01:08:28.736571+00:00,83.5,4,bid,FlawlessFlatbreads,Kelvin Chan,1397406
2026-07-01T01:08:28.726737,2026-07-01T01:08:28.736571+00:00,83.5,46,bid,FlawlessFlatbreads,DiligentDonuts,1397407
2026-07-01T01:08:29.760534,2026-07-01T01:08:29.762972+00:00,83.0,25,ask,DiligentDonuts,Alice Feng,1397441
2026-07-01T01:08:29.770690,2026-07-01T01:08:29.773242+00:00,83.0,2,ask,DiligentDonuts,Alice Feng,1397443
2026-07-01T01:08:29.975487,2026-07-01T01:08:29.978961+00:00,83.0,19,ask,DiligentDonuts,Alice Feng,1397448
2026-07-01T01:08:29.985373,2026-07-01T01:08:29.989204+00:00,83.0,2,ask,DiligentDonuts,Alice Feng,1397450
2026-07-01T01:08:30.179166,2026-07-01T01:08:30.194794+00:00,83.0,52,ask,DiligentDonuts,EarnestEspressos,1397454
2026-07-01T01:08:30.190825,2026-07-01T01:08:30.194794+00:00,82.8,3,bid,Xuanyu Liu,EarnestEspressos,1397457
2026-07-01T01:08:30.835267,2026-07-01T01:08:30.840675+00:00,82.8,50,bid,FlawlessFlatbreads,EarnestEspressos,1397467
2026-07-01T01:08:31.205494,2026-07-01T01:08:31.210468+00:00,82.8,25,bid,Alice Feng,EarnestEspressos,1397478
2026-07-01T01:08:31.420473,2026-07-01T01:08:31.425316+00:00,82.8,20,bid,Alice Feng,EarnestEspressos,1397482
2026-07-01T01:08:32.436652,2026-07-01T01:08:32.443094+00:00,83.1,3,ask,Kelvin Chan,DiligentDonuts,1397503
2026-07-01T01:08:32.461906,2026-07-01T01:08:32.473777+00:00,83.1,2,bid,Kelvin Chan,DiligentDonuts,1397505
2026-07-01T01:08:32.492813,2026-07-01T01:08:32.504551+00:00,83.1,2,bid,Kelvin Chan,DiligentDonuts,1397506
2026-07-01T01:08:32.523135,2026-07-01T01:08:32.524980+00:00,83.1,2,bid,Kelvin Chan,DiligentDonuts,1397507
2026-07-01T01:08:32.942712,2026-07-01T01:08:32.945007+00:00,83.1,50,bid,FlawlessFlatbreads,DiligentDonuts,1397517
2026-07-01T01:08:32.950076,2026-07-01T01:08:32.955261+00:00,83.1,2,bid,Kelvin Chan,DiligentDonuts,1397518
2026-07-01T01:08:33.292339,2026-07-01T01:08:33.302590+00:00,83.1,39,bid,EarnestEspressos,DiligentDonuts,1397520
2026-07-01T01:08:33.541050,2026-07-01T01:08:33.547965+00:00,83.1,43,ask,EarnestEspressos,CostlyCorianders,1397522
2026-07-01T01:08:35.048352,2026-07-01T01:08:35.053321+00:00,83.5,3,bid,FlawlessFlatbreads,Kelvin Chan,1397545
2026-07-01T01:08:35.048352,2026-07-01T01:08:35.053321+00:00,83.6,47,bid,FlawlessFlatbreads,EarnestEspressos,1397546
2026-07-01T01:08:35.577563,2026-07-01T01:08:35.584706+00:00,83.6,45,bid,CostlyCorianders,EarnestEspressos,1397548
2026-07-01T01:08:36.566253,2026-07-01T01:08:36.578164+00:00,83.4,45,bid,CostlyCorianders,DiligentDonuts,1397564
2026-07-01T01:08:37.609001,2026-07-01T01:08:37.612802+00:00,83.1,3,ask,EarnestEspressos,Xuanyu Liu,1397586
2026-07-01T01:08:37.680265,2026-07-01T01:08:37.685187+00:00,83.1,25,ask,EarnestEspressos,Alice Feng,1397587
2026-07-01T01:08:37.891350,2026-07-01T01:08:37.901627+00:00,83.1,21,ask,EarnestEspressos,Alice Feng,1397589
2026-07-01T01:08:39.272308,2026-07-01T01:08:39.284191+00:00,83.4,3,bid,FlawlessFlatbreads,Kelvin Chan,1397617
2026-07-01T01:08:39.272308,2026-07-01T01:08:39.284191+00:00,83.5,47,bid,FlawlessFlatbreads,DiligentDonuts,1397618
2026-07-01T01:08:39.543899,2026-07-01T01:08:39.550597+00:00,83.1,47,ask,EarnestEspressos,CostlyCorianders,1397632
2026-07-01T01:08:39.597198,2026-07-01T01:08:39.602327+00:00,83.1,2,ask,Kelvin Chan,Harry North,1397634
2026-07-01T01:08:40.074958,2026-07-01T01:08:40.084906+00:00,83.0,43,ask,DiligentDonuts,CostlyCorianders,1397642
2026-07-01T01:08:40.573528,2026-07-01T01:08:40.577081+00:00,83.1,40,bid,CostlyCorianders,EarnestEspressos,1397645
2026-07-01T01:08:41.465471,2026-07-01T01:08:41.469237+00:00,83.0,50,ask,DiligentDonuts,FlawlessFlatbreads,1397666
2026-07-01T01:08:42.629649,2026-07-01T01:08:42.632515+00:00,83.1,48,bid,CostlyCorianders,EarnestEspressos,1397680
2026-07-01T01:08:43.684199,2026-07-01T01:08:43.693294+00:00,83.2,44,bid,CostlyCorianders,DiligentDonuts,1397702
2026-07-01T01:08:48.124472,2026-07-01T01:08:48.128727+00:00,83.1,11,ask,EarnestEspressos,Xuanyu Liu,1397801
2026-07-01T01:08:48.676621,2026-07-01T01:08:48.683790+00:00,83.1,2,ask,EarnestEspressos,Harry North,1397818
2026-07-01T01:08:49.898252,2026-07-01T01:08:49.904264+00:00,82.9,50,ask,DiligentDonuts,FlawlessFlatbreads,1397846
2026-07-01T01:08:50.182338,2026-07-01T01:08:50.191025+00:00,82.9,40,ask,DiligentDonuts,CostlyCorianders,1397853
2026-07-01T01:08:51.955800,2026-07-01T01:08:51.961623+00:00,83.1,50,bid,FlawlessFlatbreads,DiligentDonuts,1397886
2026-07-01T01:08:56.228744,2026-07-01T01:08:56.239693+00:00,82.8,50,ask,DiligentDonuts,FlawlessFlatbreads,1397973
2026-07-01T01:08:57.764091,2026-07-01T01:08:57.767003+00:00,82.8,2,ask,EarnestEspressos,Harry North,1397995
2026-07-01T01:08:58.336566,2026-07-01T01:08:58.344157+00:00,82.8,50,ask,EarnestEspressos,FlawlessFlatbreads,1398006
2026-07-01T01:08:58.775454,2026-07-01T01:08:58.780145+00:00,82.9,3,bid,Xuanyu Liu,DiligentDonuts,1398014
2026-07-01T01:08:59.014400,2026-07-01T01:08:59.018878+00:00,82.9,4,bid,Xuanyu Liu,DiligentDonuts,1398020
2026-07-01T01:08:59.078849,2026-07-01T01:08:59.080563+00:00,82.9,43,bid,CostlyCorianders,DiligentDonuts,1398021
2026-07-01T01:09:00.443853,2026-07-01T01:09:00.446110+00:00,82.4,50,ask,DiligentDonuts,FlawlessFlatbreads,1398049
2026-07-01T01:09:00.829053,2026-07-01T01:09:00.836220+00:00,82.9,8,bid,Harry North,EarnestEspressos,1398059
2026-07-01T01:09:02.530984,2026-07-01T01:09:02.534966+00:00,82.9,4,bid,Xuanyu Liu,EarnestEspressos,1398096
2026-07-01T01:09:02.550373,2026-07-01T01:09:02.555617+00:00,82.5,50,ask,DiligentDonuts,FlawlessFlatbreads,1398098
2026-07-01T01:09:02.841233,2026-07-01T01:09:02.843188+00:00,82.5,43,ask,DiligentDonuts,CostlyCorianders,1398107
2026-07-01T01:09:04.080466,2026-07-01T01:09:04.084447+00:00,82.7,3,bid,Xuanyu Liu,DiligentDonuts,1398133
2026-07-01T01:09:04.656157,2026-07-01T01:09:04.659046+00:00,82.4,50,ask,EarnestEspressos,FlawlessFlatbreads,1398140
2026-07-01T01:09:04.890538,2026-07-01T01:09:04.894533+00:00,82.7,42,bid,CostlyCorianders,DiligentDonuts,1398148
2026-07-01T01:09:06.712934,2026-07-01T01:09:06.719061+00:00,82.7,50,bid,FlawlessFlatbreads,DiligentDonuts,1398197
2026-07-01T01:09:06.944890,2026-07-01T01:09:06.955020+00:00,82.3,47,ask,EarnestEspressos,CostlyCorianders,1398203
2026-07-01T01:09:08.772050,2026-07-01T01:09:08.780697+00:00,82.6,25,bid,Alice Feng,EarnestEspressos,1398246
2026-07-01T01:09:08.824852,2026-07-01T01:09:08.831871+00:00,82.6,50,bid,FlawlessFlatbreads,EarnestEspressos,1398248
2026-07-01T01:09:08.981388,2026-07-01T01:09:08.985158+00:00,82.6,25,bid,Alice Feng,EarnestEspressos,1398256
2026-07-01T01:09:10.597347,2026-07-01T01:09:10.603931+00:00,82.6,25,bid,Alice Feng,EarnestEspressos,1398292
2026-07-01T01:09:10.808231,2026-07-01T01:09:10.818659+00:00,82.6,25,bid,Alice Feng,EarnestEspressos,1398294
2026-07-01T01:09:11.289368,2026-07-01T01:09:11.300707+00:00,82.9,100,bid,EarnestEspressos,DiligentDonuts,1398309
2026-07-01T01:09:13.086206,2026-07-01T01:09:13.092775+00:00,82.9,50,ask,EarnestEspressos,FlawlessFlatbreads,1398332
2026-07-01T01:09:13.893929,2026-07-01T01:09:13.902677+00:00,83.0,4,bid,CostlyCorianders,Kelvin Chan,1398353
2026-07-01T01:09:14.480937,2026-07-01T01:09:14.487455+00:00,82.9,44,ask,DiligentDonuts,CostlyCorianders,1398359
2026-07-01T01:09:14.503522,2026-07-01T01:09:14.508028+00:00,82.9,56,ask,DiligentDonuts,EarnestEspressos,1398360
2026-07-01T01:09:14.839819,2026-07-01T01:09:14.847873+00:00,82.8,25,bid,Alice Feng,EarnestEspressos,1398373
2026-07-01T01:09:15.052089,2026-07-01T01:09:15.063881+00:00,82.8,25,bid,Alice Feng,EarnestEspressos,1398382
2026-07-01T01:09:15.260802,2026-07-01T01:09:15.269003+00:00,82.8,25,bid,Alice Feng,EarnestEspressos,1398390
2026-07-01T01:09:15.474944,2026-07-01T01:09:15.484550+00:00,82.8,19,bid,Alice Feng,EarnestEspressos,1398396
2026-07-01T01:09:16.574980,2026-07-01T01:09:16.582057+00:00,83.0,5,bid,CostlyCorianders,Kelvin Chan,1398426
2026-07-01T01:09:16.574980,2026-07-01T01:09:16.582057+00:00,83.4,40,bid,CostlyCorianders,DiligentDonuts,1398427
2026-07-01T01:09:17.243435,2026-07-01T01:09:17.249346+00:00,83.2,50,bid,FlawlessFlatbreads,DiligentDonuts,1398443
2026-07-01T01:09:19.351057,2026-07-01T01:09:19.354205+00:00,83.2,50,bid,FlawlessFlatbreads,DiligentDonuts,1398494
2026-07-01T01:09:19.575307,2026-07-01T01:09:19.579247+00:00,83.0,3,ask,EarnestEspressos,Xuanyu Liu,1398501
2026-07-01T01:09:19.614621,2026-07-01T01:09:19.618630+00:00,83.0,11,ask,EarnestEspressos,Xuanyu Liu,1398504
2026-07-01T01:09:19.708813,2026-07-01T01:09:19.710836+00:00,83.0,25,ask,EarnestEspressos,Alice Feng,1398505
2026-07-01T01:09:19.921530,2026-07-01T01:09:19.925887+00:00,83.0,25,ask,EarnestEspressos,Alice Feng,1398513
2026-07-01T01:09:20.143259,2026-07-01T01:09:20.151246+00:00,83.0,25,ask,EarnestEspressos,Alice Feng,1398519
2026-07-01T01:09:20.351984,2026-07-01T01:09:20.358476+00:00,83.0,25,ask,EarnestEspressos,Alice Feng,1398533
2026-07-01T01:09:20.561460,2026-07-01T01:09:20.563486+00:00,83.0,25,ask,EarnestEspressos,Alice Feng,1398540
2026-07-01T01:09:20.771240,2026-07-01T01:09:20.778817+00:00,82.9,25,ask,DiligentDonuts,Alice Feng,1398545
2026-07-01T01:09:20.858435,2026-07-01T01:09:20.885789+00:00,82.9,75,ask,DiligentDonuts,EarnestEspressos,1398552
2026-07-01T01:09:20.881623,2026-07-01T01:09:20.896174+00:00,82.7,14,bid,Xuanyu Liu,EarnestEspressos,1398558
2026-07-01T01:09:20.986804,2026-07-01T01:09:20.998504+00:00,82.7,25,bid,Alice Feng,EarnestEspressos,1398560
2026-07-01T01:09:21.196260,2026-07-01T01:09:21.202994+00:00,82.7,25,bid,Alice Feng,EarnestEspressos,1398564
2026-07-01T01:09:21.411830,2026-07-01T01:09:21.418426+00:00,82.7,11,bid,Alice Feng,EarnestEspressos,1398569
2026-07-01T01:09:21.516179,2026-07-01T01:09:21.520808+00:00,82.2,50,ask,EarnestEspressos,FlawlessFlatbreads,1398571
2026-07-01T01:09:23.624540,2026-07-01T01:09:23.632893+00:00,82.7,50,ask,DiligentDonuts,FlawlessFlatbreads,1398629
2026-07-01T01:09:23.889593,2026-07-01T01:09:23.899532+00:00,82.7,41,ask,DiligentDonuts,CostlyCorianders,1398635
2026-07-01T01:09:26.152393,2026-07-01T01:09:26.156086+00:00,82.7,3,ask,EarnestEspressos,Xuanyu Liu,1398682
2026-07-01T01:09:26.274715,2026-07-01T01:09:26.279548+00:00,82.7,25,ask,EarnestEspressos,Alice Feng,1398686
2026-07-01T01:09:26.484393,2026-07-01T01:09:26.494022+00:00,82.7,25,ask,EarnestEspressos,Alice Feng,1398691
2026-07-01T01:09:26.696398,2026-07-01T01:09:26.698740+00:00,82.7,25,ask,EarnestEspressos,Alice Feng,1398698
2026-07-01T01:09:26.905956,2026-07-01T01:09:26.914073+00:00,82.7,25,ask,EarnestEspressos,Alice Feng,1398705
2026-07-01T01:09:27.196668,2026-07-01T01:09:27.200555+00:00,82.5,3,bid,Xuanyu Liu,EarnestEspressos,1398717
2026-07-01T01:09:27.783387,2026-07-01T01:09:27.785136+00:00,82.5,50,bid,FlawlessFlatbreads,EarnestEspressos,1398733
2026-07-01T01:09:28.396405,2026-07-01T01:09:28.400010+00:00,82.5,49,bid,CostlyCorianders,EarnestEspressos,1398752
2026-07-01T01:09:29.323882,2026-07-01T01:09:29.333171+00:00,82.5,47,bid,CostlyCorianders,EarnestEspressos,1398772
