timestamp,recv_time,price,volume,aggressor_side,buyer,seller,trade_id
2026-07-08T13:00:00.389293,2026-07-08T13:00:00.378913+00:00,138.6,2,ask,,,12219128
2026-07-08T13:00:00.389293,2026-07-08T13:00:00.378913+00:00,138.5,8,ask,,,12219129
2026-07-08T13:00:00.389293,2026-07-08T13:00:00.378913+00:00,138.3,40,ask,,,12219130
2026-07-08T13:00:00.727703,2026-07-08T13:00:00.740061+00:00,138.7,2,bid,,,12219138
2026-07-08T13:00:02.449261,2026-07-08T13:00:02.459767+00:00,138.8,50,bid,,,12219166
2026-07-08T13:00:02.791366,2026-07-08T13:00:02.801960+00:00,138.7,2,bid,,,12219169
2026-07-08T13:00:02.926987,2026-07-08T13:00:02.938760+00:00,138.8,43,bid,,,12219171
2026-07-08T13:00:02.984426,2026-07-08T13:00:02.995104+00:00,138.4,2,ask,,,12219173
2026-07-08T13:00:02.984426,2026-07-08T13:00:02.995104+00:00,138.3,38,ask,,,12219174
2026-07-08T13:00:04.059621,2026-07-08T13:00:04.070168+00:00,138.8,5,bid,,,12219192
2026-07-08T13:00:04.059621,2026-07-08T13:00:04.070168+00:00,138.8,41,bid,,,12219193
2026-07-08T13:00:04.605319,2026-07-08T13:00:04.617093+00:00,138.6,50,ask,,,12219207
2026-07-08T13:00:06.673839,2026-07-08T13:00:06.684742+00:00,139.0,50,bid,,,12219237
2026-07-08T13:00:08.784919,2026-07-08T13:00:08.796189+00:00,138.7,1,ask,,,12219270
2026-07-08T13:00:08.839796,2026-07-08T13:00:08.846862+00:00,138.7,50,ask,,,12219272
2026-07-08T13:00:08.977174,2026-07-08T13:00:08.989006+00:00,138.7,42,ask,,,12219273
2026-07-08T13:00:09.574677,2026-07-08T13:00:09.586454+00:00,138.7,48,ask,,,12219280
2026-07-08T13:00:09.746758,2026-07-08T13:00:09.755478+00:00,138.8,8,ask,,,12219284
2026-07-08T13:00:09.831376,2026-07-08T13:00:09.838477+00:00,138.7,1,ask,,,12219288
2026-07-08T13:00:10.084483,2026-07-08T13:00:10.091833+00:00,138.8,49,bid,,,12219299
2026-07-08T13:00:10.914859,2026-07-08T13:00:10.926842+00:00,138.7,8,ask,,,12219307
2026-07-08T13:00:10.968119,2026-07-08T13:00:10.975218+00:00,138.6,8,ask,,,12219310
2026-07-08T13:00:10.968119,2026-07-08T13:00:10.980622+00:00,138.3,42,ask,,,12219311
2026-07-08T13:00:11.131362,2026-07-08T13:00:11.142351+00:00,138.7,8,bid,,,12219322
2026-07-08T13:00:11.131362,2026-07-08T13:00:11.142351+00:00,138.8,33,bid,,,12219323
2026-07-08T13:00:11.712345,2026-07-08T13:00:11.723495+00:00,138.4,14,bid,,,12219329
2026-07-08T13:00:13.079684,2026-07-08T13:00:13.088354+00:00,138.3,50,ask,,,12219354
2026-07-08T13:00:13.943896,2026-07-08T13:00:13.958636+00:00,138.3,3,ask,,,12219367
2026-07-08T13:00:13.994107,2026-07-08T13:00:14.005902+00:00,138.3,1,ask,,,12219370
2026-07-08T13:00:14.861556,2026-07-08T13:00:14.869048+00:00,138.3,46,ask,,,12219387
2026-07-08T13:00:14.861556,2026-07-08T13:00:14.874300+00:00,138.2,8,ask,,,12219388
2026-07-08T13:00:14.990821,2026-07-08T13:00:14.999905+00:00,138.1,3,bid,,,12219393
2026-07-08T13:00:15.067035,2026-07-08T13:00:15.080328+00:00,138.0,2,bid,,,12219398
2026-07-08T13:00:15.201710,2026-07-08T13:00:15.213602+00:00,137.8,2,ask,,,12219402
2026-07-08T13:00:15.201710,2026-07-08T13:00:15.213602+00:00,137.7,48,ask,,,12219403
2026-07-08T13:00:16.391129,2026-07-08T13:00:16.399929+00:00,137.9,2,ask,,,12219423
2026-07-08T13:00:17.187219,2026-07-08T13:00:17.195083+00:00,137.8,40,ask,,,12219437
2026-07-08T13:00:17.311405,2026-07-08T13:00:17.319853+00:00,137.8,50,ask,,,12219442
2026-07-08T13:00:18.198550,2026-07-08T13:00:18.206048+00:00,137.9,2,ask,,,12219457
2026-07-08T13:00:18.198550,2026-07-08T13:00:18.211298+00:00,137.8,10,ask,,,12219458
2026-07-08T13:00:18.198550,2026-07-08T13:00:18.211298+00:00,137.8,8,ask,,,12219459
2026-07-08T13:00:19.419433,2026-07-08T13:00:19.431158+00:00,137.6,50,ask,,,12219478
2026-07-08T13:00:20.193671,2026-07-08T13:00:20.205746+00:00,137.9,47,bid,,,12219485
2026-07-08T13:00:20.204499,2026-07-08T13:00:20.216049+00:00,137.9,1,bid,,,12219486
2026-07-08T13:00:21.734651,2026-07-08T13:00:21.744651+00:00,137.7,2,bid,,,12219518
2026-07-08T13:00:21.734651,2026-07-08T13:00:21.744651+00:00,137.8,44,bid,,,12219519
2026-07-08T13:00:22.978811,2026-07-08T13:00:22.990563+00:00,137.3,46,ask,,,12219546
2026-07-08T13:00:23.511052,2026-07-08T13:00:23.522474+00:00,137.7,2,bid,,,12219554
2026-07-08T13:00:23.511052,2026-07-08T13:00:23.522474+00:00,137.8,46,bid,,,12219555
2026-07-08T13:00:26.117478,2026-07-08T13:00:26.129111+00:00,137.7,2,bid,,,12219587
2026-07-08T13:00:27.398962,2026-07-08T13:00:27.411135+00:00,137.8,1,bid,,,12219610
2026-07-08T13:00:27.517014,2026-07-08T13:00:27.525342+00:00,137.5,44,ask,,,12219615
2026-07-08T13:00:27.813935,2026-07-08T13:00:27.822584+00:00,137.8,50,bid,,,12219618
2026-07-08T13:00:28.046523,2026-07-08T13:00:28.054566+00:00,137.8,42,bid,,,12219620
2026-07-08T13:00:29.976707,2026-07-08T13:00:29.988896+00:00,137.6,2,ask,,,12219663
2026-07-08T13:00:29.976707,2026-07-08T13:00:29.988896+00:00,137.5,48,ask,,,12219664
2026-07-08T13:00:30.711387,2026-07-08T13:00:30.721920+00:00,137.5,100,ask,,,12219678
2026-07-08T13:00:31.232941,2026-07-08T13:00:31.244940+00:00,137.5,25,bid,,,12219691
2026-07-08T13:00:31.540579,2026-07-08T13:00:31.549346+00:00,137.5,1,bid,,,12219694
2026-07-08T13:00:31.559641,2026-07-08T13:00:31.568805+00:00,137.5,14,bid,,,12219696
2026-07-08T13:00:31.828912,2026-07-08T13:00:31.840763+00:00,137.0,45,ask,,,12219703
2026-07-08T13:00:32.087773,2026-07-08T13:00:32.099552+00:00,137.4,50,ask,,,12219709
2026-07-08T13:00:32.579459,2026-07-08T13:00:32.591038+00:00,137.5,1,bid,,,12219718
2026-07-08T13:00:32.866354,2026-07-08T13:00:32.874170+00:00,137.5,9,bid,,,12219725
2026-07-08T13:00:32.866354,2026-07-08T13:00:32.879404+00:00,137.8,8,bid,,,12219726
2026-07-08T13:00:32.866354,2026-07-08T13:00:32.879404+00:00,137.9,27,bid,,,12219727
2026-07-08T13:00:32.926263,2026-07-08T13:00:32.935517+00:00,137.4,48,ask,,,12219729
2026-07-08T13:00:34.195690,2026-07-08T13:00:34.207636+00:00,137.6,50,ask,,,12219748
2026-07-08T13:00:35.085804,2026-07-08T13:00:35.096431+00:00,137.7,2,ask,,,12219762
2026-07-08T13:00:36.303568,2026-07-08T13:00:36.313759+00:00,137.6,50,ask,,,12219780
2026-07-08T13:00:36.369282,2026-07-08T13:00:36.385107+00:00,137.7,11,bid,,,12219783
2026-07-08T13:00:36.678545,2026-07-08T13:00:36.690423+00:00,137.7,1,bid,,,12219788
2026-07-08T13:00:37.721012,2026-07-08T13:00:37.731323+00:00,137.7,1,bid,,,12219807
2026-07-08T13:00:38.409992,2026-07-08T13:00:38.421763+00:00,137.2,50,ask,,,12219817
2026-07-08T13:00:38.801687,2026-07-08T13:00:38.810894+00:00,137.7,1,bid,,,12219820
2026-07-08T13:00:39.845074,2026-07-08T13:00:39.858552+00:00,137.7,1,bid,,,12219839
2026-07-08T13:00:39.934635,2026-07-08T13:00:39.946478+00:00,137.7,4,bid,,,12219841
2026-07-08T13:00:40.467513,2026-07-08T13:00:40.479780+00:00,137.6,50,bid,,,12219850
2026-07-08T13:00:40.884510,2026-07-08T13:00:40.896221+00:00,137.6,1,bid,,,12219852
2026-07-08T13:00:41.219323,2026-07-08T13:00:41.230236+00:00,137.6,45,bid,,,12219858
2026-07-08T13:00:41.924424,2026-07-08T13:00:41.936245+00:00,137.6,1,bid,,,12219874
2026-07-08T13:00:42.576447,2026-07-08T13:00:42.585586+00:00,137.6,50,bid,,,12219880
2026-07-08T13:00:42.724313,2026-07-08T13:00:42.738728+00:00,137.6,3,bid,,,12219891
2026-07-08T13:00:42.974850,2026-07-08T13:00:42.982704+00:00,137.8,1,bid,,,12219895
2026-07-08T13:00:43.245388,2026-07-08T13:00:43.263730+00:00,137.8,4,bid,,,12219902
2026-07-08T13:00:43.321005,2026-07-08T13:00:43.333199+00:00,137.8,95,bid,,,12219905
2026-07-08T13:00:43.321005,2026-07-08T13:00:43.333199+00:00,137.8,8,bid,,,12219906
2026-07-08T13:00:44.002829,2026-07-08T13:00:44.014514+00:00,137.8,44,ask,,,12219923
2026-07-08T13:00:44.072230,2026-07-08T13:00:44.159712+00:00,137.8,3,ask,,,12219926
2026-07-08T13:00:44.683402,2026-07-08T13:00:44.695364+00:00,138.1,2,bid,,,12219937
2026-07-08T13:00:44.683402,2026-07-08T13:00:44.695364+00:00,138.1,48,bid,,,12219938
2026-07-08T13:00:46.544019,2026-07-08T13:00:46.552003+00:00,137.6,100,ask,,,12219984
2026-07-08T13:00:46.544019,2026-07-08T13:00:46.552003+00:00,137.6,2,ask,,,12219985
2026-07-08T13:00:46.544019,2026-07-08T13:00:46.552003+00:00,137.5,8,ask,,,12219986
2026-07-08T13:00:46.686208,2026-07-08T13:00:46.697191+00:00,137.4,35,bid,,,12219991
2026-07-08T13:00:46.795566,2026-07-08T13:00:46.807751+00:00,137.4,5,bid,,,12219994
2026-07-08T13:00:46.795566,2026-07-08T13:00:46.807751+00:00,137.9,2,bid,,,12219995
2026-07-08T13:00:46.795566,2026-07-08T13:00:46.813035+00:00,138.0,8,bid,,,12219996
2026-07-08T13:00:46.795566,2026-07-08T13:00:46.813035+00:00,138.1,35,bid,,,12219997
2026-07-08T13:00:47.088219,2026-07-08T13:00:47.100288+00:00,137.7,8,bid,,,12220004
2026-07-08T13:00:47.088219,2026-07-08T13:00:47.100288+00:00,138.1,17,bid,,,12220005
2026-07-08T13:00:47.748320,2026-07-08T13:00:47.757819+00:00,137.7,23,ask,,,12220009
2026-07-08T13:00:48.534949,2026-07-08T13:00:48.544405+00:00,137.7,12,ask,,,12220030
2026-07-08T13:00:48.913783,2026-07-08T13:00:48.926373+00:00,138.0,2,bid,,,12220036
2026-07-08T13:00:48.913783,2026-07-08T13:00:48.926373+00:00,138.1,8,bid,,,12220037
2026-07-08T13:00:48.913783,2026-07-08T13:00:48.926373+00:00,138.2,40,bid,,,12220038
2026-07-08T13:00:49.935476,2026-07-08T13:00:49.947488+00:00,137.7,47,ask,,,12220056
2026-07-08T13:00:51.025916,2026-07-08T13:00:51.033329+00:00,137.9,2,bid,,,12220072
2026-07-08T13:00:51.025916,2026-07-08T13:00:51.038587+00:00,137.9,48,bid,,,12220073
2026-07-08T13:00:52.216893,2026-07-08T13:00:52.224562+00:00,137.9,1,bid,,,12220086
2026-07-08T13:00:53.135471,2026-07-08T13:00:53.142457+00:00,137.9,50,bid,,,12220104
2026-07-08T13:00:54.002213,2026-07-08T13:00:54.014015+00:00,137.8,2,bid,,,12220119
2026-07-08T13:00:55.242166,2026-07-08T13:00:55.254161+00:00,138.2,50,bid,,,12220142
2026-07-08T13:00:55.330456,2026-07-08T13:00:55.340008+00:00,137.9,2,ask,,,12220147
2026-07-08T13:00:55.999030,2026-07-08T13:00:56.010372+00:00,138.0,12,ask,,,12220160
2026-07-08T13:00:56.480794,2026-07-08T13:00:56.487365+00:00,138.0,48,ask,,,12220170
2026-07-08T13:00:57.352445,2026-07-08T13:00:57.364383+00:00,138.3,50,bid,,,12220195
2026-07-08T13:00:58.077731,2026-07-08T13:00:58.084739+00:00,138.1,2,bid,,,12220205
2026-07-08T13:00:58.077731,2026-07-08T13:00:58.090003+00:00,138.3,40,bid,,,12220206
2026-07-08T13:00:59.461490,2026-07-08T13:00:59.473478+00:00,138.0,2,bid,,,12220230
2026-07-08T13:00:59.461490,2026-07-08T13:00:59.473478+00:00,138.1,48,bid,,,12220231
2026-07-08T13:00:59.566707,2026-07-08T13:00:59.574494+00:00,138.1,40,bid,,,12220234
2026-07-08T13:01:01.569748,2026-07-08T13:01:01.581878+00:00,138.1,50,bid,,,12220265
2026-07-08T13:01:02.088032,2026-07-08T13:01:02.099861+00:00,137.9,45,ask,,,12220271
2026-07-08T13:01:02.419337,2026-07-08T13:01:02.444236+00:00,138.1,3,ask,,,12220273
2026-07-08T13:01:03.732622,2026-07-08T13:01:03.744123+00:00,138.0,50,ask,,,12220299
2026-07-08T13:01:04.224397,2026-07-08T13:01:04.236254+00:00,138.1,2,ask,,,12220307
2026-07-08T13:01:04.224397,2026-07-08T13:01:04.236254+00:00,138.1,8,ask,,,12220308
2026-07-08T13:01:04.224397,2026-07-08T13:01:04.236254+00:00,138.0,38,ask,,,12220309
2026-07-08T13:01:07.891892,2026-07-08T13:01:07.899567+00:00,138.1,2,bid,,,12220360
2026-07-08T13:01:09.164444,2026-07-08T13:01:09.176701+00:00,138.2,2,bid,,,12220375
2026-07-08T13:01:09.164444,2026-07-08T13:01:09.176701+00:00,138.4,45,bid,,,12220376
2026-07-08T13:01:09.729987,2026-07-08T13:01:09.741744+00:00,138.4,44,bid,,,12220391
2026-07-08T13:01:09.785073,2026-07-08T13:01:09.796968+00:00,138.1,2,ask,,,12220393
2026-07-08T13:01:09.785073,2026-07-08T13:01:09.796968+00:00,138.1,8,ask,,,12220394
2026-07-08T13:01:09.826136,2026-07-08T13:01:09.835978+00:00,138.3,8,bid,,,12220397
2026-07-08T13:01:09.826136,2026-07-08T13:01:09.835978+00:00,138.4,92,bid,,,12220398
2026-07-08T13:01:09.999192,2026-07-08T13:01:10.006520+00:00,138.3,2,bid,,,12220401
2026-07-08T13:01:09.999192,2026-07-08T13:01:10.011507+00:00,138.4,48,bid,,,12220402
2026-07-08T13:01:11.834493,2026-07-08T13:01:11.846160+00:00,138.3,8,bid,,,12220428
2026-07-08T13:01:11.847577,2026-07-08T13:01:11.856725+00:00,138.5,11,ask,,,12220429
2026-07-08T13:01:12.064273,2026-07-08T13:01:12.073991+00:00,138.5,1,ask,,,12220444
2026-07-08T13:01:12.111192,2026-07-08T13:01:12.121269+00:00,138.9,50,bid,,,12220447
2026-07-08T13:01:12.134193,2026-07-08T13:01:12.142869+00:00,138.6,8,ask,,,12220450
2026-07-08T13:01:12.459724,2026-07-08T13:01:12.469614+00:00,138.6,4,ask,,,12220454
2026-07-08T13:01:12.855365,2026-07-08T13:01:12.866968+00:00,138.6,4,ask,,,12220459
2026-07-08T13:01:13.040051,2026-07-08T13:01:13.049924+00:00,138.6,4,ask,,,12220469
2026-07-08T13:01:13.051090,2026-07-08T13:01:13.060997+00:00,138.5,7,ask,,,12220471
2026-07-08T13:01:13.105587,2026-07-08T13:01:13.115930+00:00,138.5,1,ask,,,12220474
2026-07-08T13:01:13.241773,2026-07-08T13:01:13.258592+00:00,138.5,44,ask,,,12220475
2026-07-08T13:01:14.156041,2026-07-08T13:01:14.163789+00:00,138.5,1,ask,,,12220493
2026-07-08T13:01:14.218714,2026-07-08T13:01:14.228417+00:00,138.7,50,bid,,,12220496
2026-07-08T13:01:14.349297,2026-07-08T13:01:14.361656+00:00,138.5,23,ask,,,12220502
2026-07-08T13:01:14.824809,2026-07-08T13:01:14.836700+00:00,138.5,41,ask,,,12220509
2026-07-08T13:01:15.053743,2026-07-08T13:01:15.055082+00:00,138.2,100,ask,,,12220513
2026-07-08T13:01:15.060005,2026-07-08T13:01:15.070610+00:00,138.1,34,bid,,,12220514
2026-07-08T13:01:15.069440,2026-07-08T13:01:15.085888+00:00,138.1,8,bid,,,12220516
2026-07-08T13:01:15.353840,2026-07-08T13:01:15.365603+00:00,138.0,2,bid,,,12220521
2026-07-08T13:01:15.353840,2026-07-08T13:01:15.365603+00:00,138.1,8,bid,,,12220522
2026-07-08T13:01:15.353840,2026-07-08T13:01:15.365603+00:00,138.7,31,bid,,,12220523
2026-07-08T13:01:16.497986,2026-07-08T13:01:16.510205+00:00,137.8,49,ask,,,12220545
2026-07-08T13:01:17.078243,2026-07-08T13:01:17.088196+00:00,138.2,8,bid,,,12220560
2026-07-08T13:01:17.078243,2026-07-08T13:01:17.088196+00:00,138.3,33,bid,,,12220561
2026-07-08T13:01:18.169766,2026-07-08T13:01:18.180692+00:00,138.2,2,bid,,,12220576
2026-07-08T13:01:18.486839,2026-07-08T13:01:18.494588+00:00,138.2,50,ask,,,12220585
2026-07-08T13:01:19.299672,2026-07-08T13:01:19.310489+00:00,138.2,1,ask,,,12220596
2026-07-08T13:01:20.340483,2026-07-08T13:01:20.351739+00:00,138.2,1,ask,,,12220610
2026-07-08T13:01:20.477271,2026-07-08T13:01:20.484989+00:00,138.4,47,bid,,,12220612
2026-07-08T13:01:20.532407,2026-07-08T13:01:20.539960+00:00,138.2,41,ask,,,12220614
2026-07-08T13:01:20.593609,2026-07-08T13:01:20.600493+00:00,138.2,50,ask,,,12220615
2026-07-08T13:01:20.993596,2026-07-08T13:01:21.001573+00:00,138.2,5,ask,,,12220623
2026-07-08T13:01:20.993596,2026-07-08T13:01:21.006789+00:00,138.1,8,ask,,,12220624
2026-07-08T13:01:20.993596,2026-07-08T13:01:21.006789+00:00,137.9,34,ask,,,12220625
2026-07-08T13:01:21.992238,2026-07-08T13:01:22.001089+00:00,138.1,46,bid,,,12220645
2026-07-08T13:01:22.641657,2026-07-08T13:01:22.654175+00:00,138.1,45,bid,,,12220665
2026-07-08T13:01:22.653391,2026-07-08T13:01:22.664378+00:00,138.1,50,bid,,,12220666
2026-07-08T13:01:23.444244,2026-07-08T13:01:23.453598+00:00,138.0,2,bid,,,12220673
2026-07-08T13:01:23.688450,2026-07-08T13:01:23.696027+00:00,137.9,2,ask,,,12220681
2026-07-08T13:01:23.688450,2026-07-08T13:01:23.701446+00:00,137.8,47,ask,,,12220682
2026-07-08T13:01:24.501457,2026-07-08T13:01:24.510275+00:00,138.1,2,bid,,,12220698
2026-07-08T13:01:24.501457,2026-07-08T13:01:24.515468+00:00,138.2,8,bid,,,12220699
2026-07-08T13:01:24.501457,2026-07-08T13:01:24.515468+00:00,138.3,100,bid,,,12220700
2026-07-08T13:01:24.574193,2026-07-08T13:01:24.589096+00:00,138.3,2,ask,,,12220703
2026-07-08T13:01:24.871402,2026-07-08T13:01:24.880314+00:00,138.3,11,ask,,,12220711
2026-07-08T13:01:26.042595,2026-07-08T13:01:26.053062+00:00,138.3,4,ask,,,12220736
2026-07-08T13:01:26.297710,2026-07-08T13:01:26.307687+00:00,138.3,23,ask,,,12220741
2026-07-08T13:01:26.297710,2026-07-08T13:01:26.307687+00:00,138.1,8,ask,,,12220742
2026-07-08T13:01:26.297710,2026-07-08T13:01:26.312726+00:00,137.9,10,ask,,,12220743
2026-07-08T13:01:26.585341,2026-07-08T13:01:26.593964+00:00,138.0,2,ask,,,12220750
2026-07-08T13:01:26.898943,2026-07-08T13:01:26.905428+00:00,138.3,2,bid,,,12220755
2026-07-08T13:01:26.898943,2026-07-08T13:01:26.910628+00:00,138.4,48,bid,,,12220756
2026-07-08T13:01:26.956027,2026-07-08T13:01:26.967678+00:00,138.4,43,bid,,,12220758
2026-07-08T13:01:27.547053,2026-07-08T13:01:27.553328+00:00,137.9,1,ask,,,12220767
2026-07-08T13:01:27.729101,2026-07-08T13:01:27.739312+00:00,138.0,11,bid,,,12220772
2026-07-08T13:01:28.631757,2026-07-08T13:01:28.640830+00:00,138.0,8,bid,,,12220791
2026-07-08T13:01:28.829740,2026-07-08T13:01:28.837885+00:00,138.0,100,bid,,,12220800
2026-07-08T13:01:29.060821,2026-07-08T13:01:29.069837+00:00,137.9,2,ask,,,12220803
2026-07-08T13:01:29.060821,2026-07-08T13:01:29.069837+00:00,137.6,8,ask,,,12220804
2026-07-08T13:01:29.060821,2026-07-08T13:01:29.075193+00:00,137.5,40,ask,,,12220805
2026-07-08T13:01:29.978405,2026-07-08T13:01:29.989974+00:00,137.5,40,ask,,,12220816
2026-07-08T13:01:31.170387,2026-07-08T13:01:31.180396+00:00,137.6,2,ask,,,12220832
2026-07-08T13:01:31.170387,2026-07-08T13:01:31.180396+00:00,137.5,48,ask,,,12220833
2026-07-08T13:01:31.435496,2026-07-08T13:01:31.447044+00:00,137.9,2,bid,,,12220839
2026-07-08T13:01:31.435496,2026-07-08T13:01:31.447044+00:00,137.9,2,bid,,,12220840
2026-07-08T13:01:31.659570,2026-07-08T13:01:31.668933+00:00,137.8,2,bid,,,12220845
2026-07-08T13:01:33.315467,2026-07-08T13:01:33.329663+00:00,137.8,50,ask,,,12220881
2026-07-08T13:01:34.822205,2026-07-08T13:01:34.834234+00:00,138.0,42,bid,,,12220903
2026-07-08T13:01:35.752825,2026-07-08T13:01:35.772979+00:00,138.0,9,bid,,,12220920
2026-07-08T13:01:35.771948,2026-07-08T13:01:35.788193+00:00,138.0,47,bid,,,12220922
2026-07-08T13:01:36.312808,2026-07-08T13:01:36.324737+00:00,137.7,41,ask,,,12220927
2026-07-08T13:01:36.959817,2026-07-08T13:01:36.969561+00:00,137.8,2,ask,,,12220936
2026-07-08T13:01:36.959817,2026-07-08T13:01:36.969561+00:00,137.7,42,ask,,,12220937
2026-07-08T13:01:36.981307,2026-07-08T13:01:36.991053+00:00,137.9,2,bid,,,12220940
2026-07-08T13:01:37.176907,2026-07-08T13:01:37.197593+00:00,138.0,8,bid,,,12220944
2026-07-08T13:01:37.188513,2026-07-08T13:01:37.197593+00:00,138.1,2,ask,,,12220946
2026-07-08T13:01:37.482589,2026-07-08T13:01:37.489236+00:00,138.2,50,bid,,,12220952
2026-07-08T13:01:38.496640,2026-07-08T13:01:38.508832+00:00,138.2,2,bid,,,12220969
2026-07-08T13:01:38.496640,2026-07-08T13:01:38.508832+00:00,138.4,8,bid,,,12220970
2026-07-08T13:01:38.496640,2026-07-08T13:01:38.508832+00:00,138.5,31,bid,,,12220971
2026-07-08T13:01:39.507898,2026-07-08T13:01:39.517462+00:00,138.5,41,bid,,,12220993
2026-07-08T13:01:39.629798,2026-07-08T13:01:39.637904+00:00,138.5,28,bid,,,12220997
2026-07-08T13:01:39.629798,2026-07-08T13:01:39.643214+00:00,138.6,22,bid,,,12220998
2026-07-08T13:01:41.087258,2026-07-08T13:01:41.094368+00:00,138.3,41,ask,,,12221030
2026-07-08T13:01:41.096476,2026-07-08T13:01:41.104578+00:00,138.3,1,ask,,,12221032
2026-07-08T13:01:41.708842,2026-07-08T13:01:41.717524+00:00,138.3,25,ask,,,12221038
2026-07-08T13:01:41.738023,2026-07-08T13:01:41.749829+00:00,138.7,50,bid,,,12221039
2026-07-08T13:01:42.042096,2026-07-08T13:01:42.058557+00:00,138.7,45,bid,,,12221047
2026-07-08T13:01:42.139090,2026-07-08T13:01:42.146447+00:00,138.3,1,ask,,,12221051
2026-07-08T13:01:43.181587,2026-07-08T13:01:43.192854+00:00,138.3,1,ask,,,12221067
2026-07-08T13:01:43.848638,2026-07-08T13:01:43.860974+00:00,138.5,50,bid,,,12221085
2026-07-08T13:01:44.261113,2026-07-08T13:01:44.269819+00:00,138.4,2,ask,,,12221089
2026-07-08T13:01:44.673800,2026-07-08T13:01:44.685594+00:00,138.5,100,bid,,,12221100
2026-07-08T13:01:45.958212,2026-07-08T13:01:45.966735+00:00,138.9,8,bid,,,12221118
2026-07-08T13:01:45.958212,2026-07-08T13:01:45.966735+00:00,139.1,42,bid,,,12221119
2026-07-08T13:01:46.708950,2026-07-08T13:01:46.719091+00:00,138.7,32,ask,,,12221129
2026-07-08T13:01:46.842695,2026-07-08T13:01:46.854482+00:00,138.7,25,ask,,,12221133
2026-07-08T13:01:47.305775,2026-07-08T13:01:47.316635+00:00,138.7,1,ask,,,12221145
2026-07-08T13:01:47.848789,2026-07-08T13:01:47.864257+00:00,138.7,12,ask,,,12221153
2026-07-08T13:01:48.084352,2026-07-08T13:01:48.093989+00:00,138.9,50,bid,,,12221157
2026-07-08T13:01:48.347980,2026-07-08T13:01:48.358575+00:00,138.7,1,ask,,,12221162
2026-07-08T13:01:49.222751,2026-07-08T13:01:49.232011+00:00,138.7,4,ask,,,12221184
2026-07-08T13:01:49.387636,2026-07-08T13:01:49.395781+00:00,138.7,1,ask,,,12221190
2026-07-08T13:01:50.242894,2026-07-08T13:01:50.254257+00:00,138.4,50,ask,,,12221201
2026-07-08T13:01:50.426190,2026-07-08T13:01:50.434739+00:00,138.4,1,ask,,,12221204
2026-07-08T13:01:51.501449,2026-07-08T13:01:51.508467+00:00,138.3,1,ask,,,12221227
2026-07-08T13:01:51.780463,2026-07-08T13:01:51.788073+00:00,138.3,43,ask,,,12221232
2026-07-08T13:01:51.959480,2026-07-08T13:01:51.971327+00:00,138.3,25,ask,,,12221233
2026-07-08T13:01:52.512152,2026-07-08T13:01:52.523657+00:00,138.3,4,ask,,,12221245
2026-07-08T13:01:52.541579,2026-07-08T13:01:52.549885+00:00,138.3,1,ask,,,12221247
2026-07-08T13:01:53.089886,2026-07-08T13:01:53.097484+00:00,138.3,8,ask,,,12221260
2026-07-08T13:01:53.089886,2026-07-08T13:01:53.102777+00:00,138.2,100,ask,,,12221261
2026-07-08T13:01:53.104190,2026-07-08T13:01:53.114404+00:00,138.2,12,bid,,,12221262
2026-07-08T13:01:53.989022,2026-07-08T13:01:53.996842+00:00,137.9,2,ask,,,12221290
2026-07-08T13:01:53.989022,2026-07-08T13:01:54.002038+00:00,137.7,47,ask,,,12221291
2026-07-08T13:01:54.403221,2026-07-08T13:01:54.415664+00:00,138.2,30,bid,,,12221299
2026-07-08T13:01:54.403221,2026-07-08T13:01:54.415664+00:00,138.2,2,bid,,,12221300
2026-07-08T13:01:54.403221,2026-07-08T13:01:54.421103+00:00,138.2,8,bid,,,12221301
2026-07-08T13:01:54.403221,2026-07-08T13:01:54.421103+00:00,138.3,10,bid,,,12221302
2026-07-08T13:01:55.671945,2026-07-08T13:01:55.679516+00:00,138.0,2,ask,,,12221322
2026-07-08T13:01:56.569059,2026-07-08T13:01:56.580749+00:00,138.0,50,ask,,,12221349
2026-07-08T13:01:57.688887,2026-07-08T13:01:57.699975+00:00,138.0,1,ask,,,12221365
2026-07-08T13:01:58.676496,2026-07-08T13:01:58.688779+00:00,138.0,50,ask,,,12221382
2026-07-08T13:01:58.783729,2026-07-08T13:01:58.796541+00:00,138.0,1,ask,,,12221386
2026-07-08T13:02:00.349900,2026-07-08T13:02:00.352698+00:00,138.1,42,bid,,,12221403
2026-07-08T13:02:00.590211,2026-07-08T13:02:00.601629+00:00,138.0,2,ask,,,12221410
2026-07-08T13:02:00.785965,2026-07-08T13:02:00.797452+00:00,137.7,8,ask,,,12221418
2026-07-08T13:02:00.785965,2026-07-08T13:02:00.797452+00:00,137.6,42,ask,,,12221419
2026-07-08T13:02:01.584943,2026-07-08T13:02:01.596516+00:00,137.6,40,ask,,,12221431
2026-07-08T13:02:02.081209,2026-07-08T13:02:02.093068+00:00,137.8,2,ask,,,12221452
2026-07-08T13:02:02.588316,2026-07-08T13:02:02.598811+00:00,137.8,11,bid,,,12221455
2026-07-08T13:02:02.893751,2026-07-08T13:02:02.903618+00:00,137.5,50,ask,,,12221461
2026-07-08T13:02:05.005690,2026-07-08T13:02:05.014993+00:00,137.5,2,ask,,,12221501
2026-07-08T13:02:05.005690,2026-07-08T13:02:05.014993+00:00,137.3,48,ask,,,12221502
2026-07-08T13:02:05.759740,2026-07-08T13:02:05.773104+00:00,137.7,12,bid,,,12221518
2026-07-08T13:02:07.021205,2026-07-08T13:02:07.030221+00:00,137.6,2,bid,,,12221542
2026-07-08T13:02:07.113619,2026-07-08T13:02:07.120195+00:00,137.4,2,ask,,,12221544
2026-07-08T13:02:07.113619,2026-07-08T13:02:07.125645+00:00,137.3,48,ask,,,12221545
2026-07-08T13:02:07.419564,2026-07-08T13:02:07.428659+00:00,137.7,8,bid,,,12221550
2026-07-08T13:02:07.711139,2026-07-08T13:02:07.723102+00:00,137.7,47,bid,,,12221564
2026-07-08T13:02:07.750343,2026-07-08T13:02:07.760153+00:00,137.7,4,bid,,,12221566
2026-07-08T13:02:09.222546,2026-07-08T13:02:09.234344+00:00,137.5,50,ask,,,12221582
2026-07-08T13:02:09.283570,2026-07-08T13:02:09.294819+00:00,137.5,43,ask,,,12221585
2026-07-08T13:02:10.281593,2026-07-08T13:02:10.293250+00:00,137.7,8,bid,,,12221602
2026-07-08T13:02:10.281593,2026-07-08T13:02:10.293250+00:00,137.9,39,bid,,,12221603
2026-07-08T13:02:10.834429,2026-07-08T13:02:10.842682+00:00,137.9,45,bid,,,12221615
2026-07-08T13:02:11.330305,2026-07-08T13:02:11.340325+00:00,137.5,50,ask,,,12221628
2026-07-08T13:02:12.093165,2026-07-08T13:02:12.110260+00:00,137.4,100,ask,,,12221633
2026-07-08T13:02:12.093165,2026-07-08T13:02:12.110260+00:00,137.4,8,ask,,,12221634
2026-07-08T13:02:12.214269,2026-07-08T13:02:12.228520+00:00,137.4,3,bid,,,12221641
2026-07-08T13:02:12.229185,2026-07-08T13:02:12.244028+00:00,137.4,4,bid,,,12221645
2026-07-08T13:02:12.259538,2026-07-08T13:02:12.270042+00:00,137.4,25,bid,,,12221647
2026-07-08T13:02:13.022925,2026-07-08T13:02:13.035200+00:00,137.4,10,bid,,,12221656
2026-07-08T13:02:13.022925,2026-07-08T13:02:13.035200+00:00,137.4,8,bid,,,12221657
2026-07-08T13:02:13.056278,2026-07-08T13:02:13.057959+00:00,137.6,1,bid,,,12221658
2026-07-08T13:02:14.110090,2026-07-08T13:02:14.119636+00:00,137.5,2,ask,,,12221676
2026-07-08T13:02:14.177388,2026-07-08T13:02:14.189030+00:00,137.4,49,ask,,,12221678
2026-07-08T13:02:15.235774,2026-07-08T13:02:15.254462+00:00,137.6,1,ask,,,12221694
2026-07-08T13:02:15.540159,2026-07-08T13:02:15.551930+00:00,137.6,50,ask,,,12221700
2026-07-08T13:02:15.616462,2026-07-08T13:02:15.628654+00:00,137.9,40,bid,,,12221704
2026-07-08T13:02:16.791860,2026-07-08T13:02:16.804157+00:00,137.8,2,bid,,,12221716
2026-07-08T13:02:17.805940,2026-07-08T13:02:17.812584+00:00,137.6,40,ask,,,12221736
2026-07-08T13:02:19.612871,2026-07-08T13:02:19.622833+00:00,137.7,2,bid,,,12221766
2026-07-08T13:02:19.612871,2026-07-08T13:02:19.622833+00:00,137.8,38,bid,,,12221767
2026-07-08T13:02:19.754947,2026-07-08T13:02:19.767123+00:00,137.6,2,ask,,,12221771
2026-07-08T13:02:19.754947,2026-07-08T13:02:19.767123+00:00,137.4,48,ask,,,12221772
2026-07-08T13:02:20.789543,2026-07-08T13:02:20.797632+00:00,137.5,2,ask,,,12221787
2026-07-08T13:02:20.789543,2026-07-08T13:02:20.803030+00:00,137.4,38,ask,,,12221788
2026-07-08T13:02:21.412385,2026-07-08T13:02:21.422317+00:00,137.8,48,bid,,,12221803
2026-07-08T13:02:21.866342,2026-07-08T13:02:21.878454+00:00,137.7,50,ask,,,12221811
2026-07-08T13:02:22.753064,2026-07-08T13:02:22.759708+00:00,137.7,100,ask,,,12221833
2026-07-08T13:02:23.975023,2026-07-08T13:02:23.987600+00:00,137.4,8,ask,,,12221858
2026-07-08T13:02:25.171760,2026-07-08T13:02:25.183877+00:00,137.6,1,bid,,,12221867
2026-07-08T13:02:25.374281,2026-07-08T13:02:25.381216+00:00,137.6,4,bid,,,12221871
2026-07-08T13:02:26.081013,2026-07-08T13:02:26.093104+00:00,137.5,50,ask,,,12221880
2026-07-08T13:02:26.211162,2026-07-08T13:02:26.222667+00:00,137.6,1,bid,,,12221882
2026-07-08T13:02:26.625836,2026-07-08T13:02:26.635127+00:00,137.6,3,bid,,,12221891
2026-07-08T13:02:27.252312,2026-07-08T13:02:27.257122+00:00,137.6,1,bid,,,12221905
2026-07-08T13:02:27.388501,2026-07-08T13:02:27.400355+00:00,137.6,25,bid,,,12221910
2026-07-08T13:02:27.512335,2026-07-08T13:02:27.521606+00:00,137.5,47,ask,,,12221914
2026-07-08T13:02:28.190525,2026-07-08T13:02:28.202676+00:00,137.5,3,ask,,,12221936
2026-07-08T13:02:28.190525,2026-07-08T13:02:28.202676+00:00,137.5,8,ask,,,12221937
2026-07-08T13:02:28.190525,2026-07-08T13:02:28.202676+00:00,137.3,39,ask,,,12221938
2026-07-08T13:02:28.479956,2026-07-08T13:02:28.491881+00:00,137.6,2,bid,,,12221943
2026-07-08T13:02:28.479956,2026-07-08T13:02:28.491881+00:00,137.7,8,bid,,,12221944
2026-07-08T13:02:28.479956,2026-07-08T13:02:28.491881+00:00,137.8,36,bid,,,12221945
2026-07-08T13:02:29.312323,2026-07-08T13:02:29.331845+00:00,137.6,11,bid,,,12221972
2026-07-08T13:02:29.900514,2026-07-08T13:02:29.912203+00:00,137.3,48,ask,,,12221979
2026-07-08T13:02:30.302213,2026-07-08T13:02:30.316040+00:00,137.3,50,ask,,,12221989
2026-07-08T13:02:30.356839,2026-07-08T13:02:30.358605+00:00,137.6,1,bid,,,12221990
2026-07-08T13:02:31.394746,2026-07-08T13:02:31.406644+00:00,137.4,1,bid,,,12222016
2026-07-08T13:02:31.899919,2026-07-08T13:02:31.911751+00:00,137.4,41,bid,,,12222027
2026-07-08T13:02:31.933444,2026-07-08T13:02:31.952309+00:00,137.4,4,bid,,,12222028
2026-07-08T13:02:31.942782,2026-07-08T13:02:31.952309+00:00,137.4,12,bid,,,12222029
2026-07-08T13:02:32.435873,2026-07-08T13:02:32.447507+00:00,137.4,1,bid,,,12222040
2026-07-08T13:02:32.505082,2026-07-08T13:02:32.515400+00:00,137.4,25,bid,,,12222044
2026-07-08T13:02:33.476521,2026-07-08T13:02:33.485553+00:00,137.4,1,bid,,,12222063
2026-07-08T13:02:34.489515,2026-07-08T13:02:34.500218+00:00,137.6,8,bid,,,12222094
2026-07-08T13:02:34.489515,2026-07-08T13:02:34.500218+00:00,137.8,42,bid,,,12222095
2026-07-08T13:02:35.261403,2026-07-08T13:02:35.271648+00:00,137.7,2,bid,,,12222115
2026-07-08T13:02:36.659107,2026-07-08T13:02:36.671230+00:00,137.7,50,ask,,,12222144
2026-07-08T13:02:38.782766,2026-07-08T13:02:38.794390+00:00,137.7,50,ask,,,12222186
2026-07-08T13:02:39.349652,2026-07-08T13:02:39.360452+00:00,137.8,2,ask,,,12222191
2026-07-08T13:02:40.889966,2026-07-08T13:02:40.902204+00:00,137.5,50,ask,,,12222221
2026-07-08T13:02:41.851390,2026-07-08T13:02:41.858577+00:00,137.7,4,bid,,,12222236
2026-07-08T13:02:42.400399,2026-07-08T13:02:42.411041+00:00,137.7,1,bid,,,12222243
2026-07-08T13:02:42.624609,2026-07-08T13:02:42.636209+00:00,137.7,6,bid,,,12222249
2026-07-08T13:02:43.438566,2026-07-08T13:02:43.448765+00:00,137.7,1,bid,,,12222259
2026-07-08T13:02:44.484307,2026-07-08T13:02:44.493599+00:00,137.7,1,bid,,,12222279
2026-07-08T13:02:45.104231,2026-07-08T13:02:45.116383+00:00,137.4,50,ask,,,12222295
2026-07-08T13:02:45.527713,2026-07-08T13:02:45.534811+00:00,137.8,1,bid,,,12222301
2026-07-08T13:02:46.360741,2026-07-08T13:02:46.372367+00:00,137.4,47,ask,,,12222315
2026-07-08T13:02:46.601730,2026-07-08T13:02:46.608733+00:00,137.8,1,bid,,,12222319
2026-07-08T13:02:46.899554,2026-07-08T13:02:46.911612+00:00,137.8,44,bid,,,12222323
2026-07-08T13:02:46.944359,2026-07-08T13:02:46.957477+00:00,137.4,2,bid,,,12222325
2026-07-08T13:02:47.215289,2026-07-08T13:02:47.227023+00:00,137.3,50,ask,,,12222329
2026-07-08T13:02:47.641240,2026-07-08T13:02:47.651141+00:00,137.4,1,bid,,,12222340
2026-07-08T13:02:48.439993,2026-07-08T13:02:48.450265+00:00,137.4,4,bid,,,12222360
2026-07-08T13:02:48.681174,2026-07-08T13:02:48.692806+00:00,137.4,1,bid,,,12222365
2026-07-08T13:02:49.059762,2026-07-08T13:02:49.068920+00:00,137.4,11,bid,,,12222373
2026-07-08T13:02:49.270180,2026-07-08T13:02:49.280294+00:00,137.4,50,bid,,,12222376
2026-07-08T13:02:49.724402,2026-07-08T13:02:49.736446+00:00,137.4,1,bid,,,12222381
2026-07-08T13:02:49.818943,2026-07-08T13:02:49.830527+00:00,137.4,40,bid,,,12222387
2026-07-08T13:02:50.767566,2026-07-08T13:02:50.779025+00:00,137.6,1,bid,,,12222393
2026-07-08T13:02:51.380546,2026-07-08T13:02:51.387392+00:00,137.8,8,bid,,,12222400
2026-07-08T13:02:51.380546,2026-07-08T13:02:51.392639+00:00,137.9,42,bid,,,12222401
2026-07-08T13:02:51.809924,2026-07-08T13:02:51.817473+00:00,137.9,1,bid,,,12222415
2026-07-08T13:02:52.808239,2026-07-08T13:02:52.820346+00:00,137.5,8,ask,,,12222428
2026-07-08T13:02:52.808239,2026-07-08T13:02:52.820346+00:00,137.4,33,ask,,,12222429
2026-07-08T13:02:52.853155,2026-07-08T13:02:52.858558+00:00,137.9,1,bid,,,12222431
2026-07-08T13:02:53.892875,2026-07-08T13:02:53.900374+00:00,137.9,1,bid,,,12222457
2026-07-08T13:02:54.932353,2026-07-08T13:02:54.944012+00:00,138.1,1,bid,,,12222478
2026-07-08T13:02:55.014560,2026-07-08T13:02:55.026039+00:00,138.1,4,bid,,,12222481
2026-07-08T13:02:55.615569,2026-07-08T13:02:55.627267+00:00,138.1,50,bid,,,12222497
2026-07-08T13:02:55.975099,2026-07-08T13:02:55.986805+00:00,138.1,1,bid,,,12222504
2026-07-08T13:02:57.016899,2026-07-08T13:02:57.028710+00:00,138.1,1,bid,,,12222514
2026-07-08T13:02:57.768967,2026-07-08T13:02:57.780917+00:00,138.4,50,bid,,,12222526
2026-07-08T13:02:57.983571,2026-07-08T13:02:57.995239+00:00,138.0,43,ask,,,12222529
2026-07-08T13:02:58.460189,2026-07-08T13:02:58.472120+00:00,138.0,48,ask,,,12222536
2026-07-08T13:02:59.374434,2026-07-08T13:02:59.390174+00:00,138.0,11,ask,,,12222559
2026-07-08T13:02:59.597619,2026-07-08T13:02:59.611226+00:00,138.2,2,bid,,,12222565
2026-07-08T13:02:59.597619,2026-07-08T13:02:59.611226+00:00,138.4,46,bid,,,12222566
2026-07-08T13:02:59.605695,2026-07-08T13:02:59.616673+00:00,138.0,2,ask,,,12222567
2026-07-08T13:02:59.876625,2026-07-08T13:02:59.888469+00:00,138.0,50,bid,,,12222577
2026-07-08T13:03:00.086934,2026-07-08T13:03:00.094186+00:00,138.0,1,bid,,,12222578
2026-07-08T13:03:00.682227,2026-07-08T13:03:00.694063+00:00,138.0,97,bid,,,12222585
2026-07-08T13:03:00.699360,2026-07-08T13:03:00.715768+00:00,138.1,3,ask,,,12222589
2026-07-08T13:03:01.253050,2026-07-08T13:03:01.264991+00:00,138.2,2,bid,,,12222602
2026-07-08T13:03:01.984936,2026-07-08T13:03:01.993633+00:00,138.5,8,bid,,,12222611
2026-07-08T13:03:01.984936,2026-07-08T13:03:01.998885+00:00,138.6,42,bid,,,12222612
2026-07-08T13:03:03.182945,2026-07-08T13:03:03.194718+00:00,138.2,46,ask,,,12222637
2026-07-08T13:03:03.502175,2026-07-08T13:03:03.511933+00:00,138.2,23,ask,,,12222643
2026-07-08T13:03:04.095341,2026-07-08T13:03:04.106943+00:00,138.3,50,bid,,,12222654
2026-07-08T13:03:05.252266,2026-07-08T13:03:05.264077+00:00,138.3,1,bid,,,12222670
2026-07-08T13:03:06.203862,2026-07-08T13:03:06.212354+00:00,138.3,42,bid,,,12222692
2026-07-08T13:03:06.224966,2026-07-08T13:03:06.232973+00:00,138.3,7,bid,,,12222694
2026-07-08T13:03:06.224966,2026-07-08T13:03:06.238377+00:00,138.3,43,bid,,,12222695
2026-07-08T13:03:06.293209,2026-07-08T13:03:06.302507+00:00,138.3,1,bid,,,12222697
2026-07-08T13:03:07.390521,2026-07-08T13:03:07.402214+00:00,138.2,49,ask,,,12222701
2026-07-08T13:03:07.933941,2026-07-08T13:03:07.946026+00:00,138.3,43,bid,,,12222704
2026-07-08T13:03:08.333796,2026-07-08T13:03:08.340992+00:00,138.3,50,bid,,,12222717
2026-07-08T13:03:08.349616,2026-07-08T13:03:08.356644+00:00,138.3,1,bid,,,12222718
2026-07-08T13:03:10.521820,2026-07-08T13:03:10.532650+00:00,138.4,50,ask,,,12222750
2026-07-08T13:03:10.833416,2026-07-08T13:03:10.842734+00:00,138.4,45,ask,,,12222754
2026-07-08T13:03:12.292610,2026-07-08T13:03:12.301971+00:00,138.4,2,ask,,,12222779
2026-07-08T13:03:12.577272,2026-07-08T13:03:12.583804+00:00,138.4,50,bid,,,12222788
2026-07-08T13:03:13.508378,2026-07-08T13:03:13.517481+00:00,138.4,1,bid,,,12222809
2026-07-08T13:03:14.691413,2026-07-08T13:03:14.701494+00:00,138.3,2,bid,,,12222847
2026-07-08T13:03:14.691413,2026-07-08T13:03:14.701494+00:00,138.4,48,bid,,,12222848
2026-07-08T13:03:15.677925,2026-07-08T13:03:15.685647+00:00,138.5,8,bid,,,12222866
2026-07-08T13:03:15.677925,2026-07-08T13:03:15.690883+00:00,138.7,34,bid,,,12222867
2026-07-08T13:03:16.799372,2026-07-08T13:03:16.811065+00:00,138.4,2,bid,,,12222884
2026-07-08T13:03:16.799372,2026-07-08T13:03:16.811065+00:00,138.5,48,bid,,,12222885
2026-07-08T13:03:18.936512,2026-07-08T13:03:18.945531+00:00,138.5,3,bid,,,12222929
2026-07-08T13:03:18.936512,2026-07-08T13:03:18.945531+00:00,138.5,2,bid,,,12222930
2026-07-08T13:03:18.936512,2026-07-08T13:03:18.950951+00:00,138.7,8,bid,,,12222931
2026-07-08T13:03:18.936512,2026-07-08T13:03:18.950951+00:00,138.9,37,bid,,,12222932
2026-07-08T13:03:19.465197,2026-07-08T13:03:19.476960+00:00,138.5,8,ask,,,12222942
2026-07-08T13:03:19.465197,2026-07-08T13:03:19.476960+00:00,138.4,33,ask,,,12222943
2026-07-08T13:03:20.647754,2026-07-08T13:03:20.656500+00:00,138.6,3,ask,,,12222967
2026-07-08T13:03:20.825715,2026-07-08T13:03:20.837170+00:00,138.6,1,ask,,,12222979
2026-07-08T13:03:22.713337,2026-07-08T13:03:22.725128+00:00,138.5,25,ask,,,12223011
2026-07-08T13:03:23.212537,2026-07-08T13:03:23.220200+00:00,138.4,2,ask,,,12223026
2026-07-08T13:03:23.212537,2026-07-08T13:03:23.225617+00:00,138.3,48,ask,,,12223027
2026-07-08T13:03:25.271932,2026-07-08T13:03:25.279824+00:00,138.5,50,bid,,,12223057
2026-07-08T13:03:25.989794,2026-07-08T13:03:26.000257+00:00,138.3,2,ask,,,12223063
2026-07-08T13:03:27.429277,2026-07-08T13:03:27.437404+00:00,138.3,50,ask,,,12223098
2026-07-08T13:03:28.410093,2026-07-08T13:03:28.418967+00:00,138.4,2,bid,,,12223112
2026-07-08T13:03:29.453490,2026-07-08T13:03:29.464229+00:00,138.3,8,ask,,,12223131
2026-07-08T13:03:29.485013,2026-07-08T13:03:29.496960+00:00,138.5,2,bid,,,12223132
2026-07-08T13:03:29.485013,2026-07-08T13:03:29.496960+00:00,138.6,8,bid,,,12223133
2026-07-08T13:03:29.485013,2026-07-08T13:03:29.496960+00:00,138.7,40,bid,,,12223134
2026-07-08T13:03:30.341431,2026-07-08T13:03:30.351693+00:00,138.3,2,ask,,,12223157
2026-07-08T13:03:31.559571,2026-07-08T13:03:31.570257+00:00,138.5,2,ask,,,12223189
2026-07-08T13:03:31.596131,2026-07-08T13:03:31.608293+00:00,138.6,2,bid,,,12223191
2026-07-08T13:03:31.596131,2026-07-08T13:03:31.608293+00:00,138.7,48,bid,,,12223192
2026-07-08T13:03:32.693042,2026-07-08T13:03:32.704976+00:00,138.5,2,ask,,,12223203
2026-07-08T13:03:32.693042,2026-07-08T13:03:32.704976+00:00,138.5,2,ask,,,12223204
2026-07-08T13:03:32.693042,2026-07-08T13:03:32.704976+00:00,138.4,38,ask,,,12223205
2026-07-08T13:03:32.772260,2026-07-08T13:03:32.782089+00:00,138.4,2,ask,,,12223207
2026-07-08T13:03:33.180141,2026-07-08T13:03:33.192841+00:00,138.5,2,ask,,,12223209
2026-07-08T13:03:33.180141,2026-07-08T13:03:33.192841+00:00,138.4,45,ask,,,12223210
2026-07-08T13:03:33.595935,2026-07-08T13:03:33.607538+00:00,138.4,2,ask,,,12223215
2026-07-08T13:03:33.707268,2026-07-08T13:03:33.719288+00:00,138.6,2,bid,,,12223217
2026-07-08T13:03:33.707268,2026-07-08T13:03:33.719288+00:00,138.7,8,bid,,,12223218
2026-07-08T13:03:33.707268,2026-07-08T13:03:33.719288+00:00,138.8,40,bid,,,12223219
2026-07-08T13:03:34.018834,2026-07-08T13:03:34.031724+00:00,138.6,2,ask,,,12223227
2026-07-08T13:03:34.473564,2026-07-08T13:03:34.484555+00:00,138.5,2,ask,,,12223239
2026-07-08T13:03:34.838783,2026-07-08T13:03:34.853569+00:00,138.3,2,ask,,,12223248
2026-07-08T13:03:35.100163,2026-07-08T13:03:35.112114+00:00,138.5,44,bid,,,12223255
2026-07-08T13:03:35.875541,2026-07-08T13:03:35.884786+00:00,138.4,50,ask,,,12223260
2026-07-08T13:03:36.687543,2026-07-08T13:03:36.699530+00:00,138.4,41,ask,,,12223282
2026-07-08T13:03:37.983124,2026-07-08T13:03:37.995411+00:00,138.4,9,ask,,,12223305
2026-07-08T13:03:37.983124,2026-07-08T13:03:37.995411+00:00,138.4,2,ask,,,12223306
2026-07-08T13:03:37.983124,2026-07-08T13:03:37.995411+00:00,138.3,8,ask,,,12223307
2026-07-08T13:03:37.983124,2026-07-08T13:03:38.000392+00:00,138.2,31,ask,,,12223308
2026-07-08T13:03:39.386056,2026-07-08T13:03:39.396826+00:00,138.3,2,bid,,,12223327
2026-07-08T13:03:40.095451,2026-07-08T13:03:40.107067+00:00,138.2,50,ask,,,12223343
2026-07-08T13:03:41.436354,2026-07-08T13:03:41.445793+00:00,138.3,2,bid,,,12223361
2026-07-08T13:03:42.028770,2026-07-08T13:03:42.040494+00:00,138.5,5,bid,,,12223369
2026-07-08T13:03:42.028770,2026-07-08T13:03:42.040494+00:00,138.5,8,bid,,,12223370
2026-07-08T13:03:42.028770,2026-07-08T13:03:42.040494+00:00,138.6,32,bid,,,12223371
2026-07-08T13:03:42.201691,2026-07-08T13:03:42.213829+00:00,138.3,2,ask,,,12223373
2026-07-08T13:03:42.201691,2026-07-08T13:03:42.213829+00:00,138.3,8,ask,,,12223374
2026-07-08T13:03:42.201691,2026-07-08T13:03:42.213829+00:00,138.2,2,ask,,,12223375
2026-07-08T13:03:42.201691,2026-07-08T13:03:42.219057+00:00,138.2,38,ask,,,12223376
2026-07-08T13:03:42.448980,2026-07-08T13:03:42.459498+00:00,138.3,1,bid,,,12223377
2026-07-08T13:03:42.608185,2026-07-08T13:03:42.617429+00:00,138.3,1,bid,,,12223382
2026-07-08T13:03:42.608185,2026-07-08T13:03:42.617429+00:00,138.4,8,bid,,,12223383
2026-07-08T13:03:42.608185,2026-07-08T13:03:42.622414+00:00,138.5,2,bid,,,12223384
2026-07-08T13:03:42.608185,2026-07-08T13:03:42.622414+00:00,138.6,32,bid,,,12223385
2026-07-08T13:03:42.666506,2026-07-08T13:03:42.678402+00:00,138.2,47,ask,,,12223386
2026-07-08T13:03:42.870800,2026-07-08T13:03:42.879895+00:00,138.3,2,ask,,,12223390
2026-07-08T13:03:43.250798,2026-07-08T13:03:43.258590+00:00,138.5,8,bid,,,12223397
2026-07-08T13:03:43.250798,2026-07-08T13:03:43.258590+00:00,138.6,38,bid,,,12223398
2026-07-08T13:03:43.307733,2026-07-08T13:03:43.319840+00:00,138.3,8,ask,,,12223403
2026-07-08T13:03:43.307733,2026-07-08T13:03:43.319840+00:00,138.2,15,ask,,,12223404
2026-07-08T13:03:43.307733,2026-07-08T13:03:43.319840+00:00,138.2,2,ask,,,12223405
2026-07-08T13:03:43.832276,2026-07-08T13:03:43.843993+00:00,138.1,40,ask,,,12223410
2026-07-08T13:03:44.318374,2026-07-08T13:03:44.327683+00:00,138.3,50,ask,,,12223422
2026-07-08T13:03:45.031248,2026-07-08T13:03:45.039483+00:00,138.3,100,ask,,,12223431
2026-07-08T13:03:46.248322,2026-07-08T13:03:46.258390+00:00,138.4,2,bid,,,12223455
2026-07-08T13:03:46.248322,2026-07-08T13:03:46.258390+00:00,138.5,8,bid,,,12223456
2026-07-08T13:03:46.248322,2026-07-08T13:03:46.258390+00:00,138.8,32,bid,,,12223457
2026-07-08T13:03:46.425725,2026-07-08T13:03:46.434489+00:00,138.3,2,ask,,,12223458
2026-07-08T13:03:46.425725,2026-07-08T13:03:46.439786+00:00,138.3,8,ask,,,12223459
2026-07-08T13:03:46.425725,2026-07-08T13:03:46.439786+00:00,137.8,40,ask,,,12223460
2026-07-08T13:03:47.728824,2026-07-08T13:03:47.737858+00:00,138.3,2,bid,,,12223481
2026-07-08T13:03:47.728824,2026-07-08T13:03:47.743113+00:00,138.4,39,bid,,,12223482
2026-07-08T13:03:47.788056,2026-07-08T13:03:47.795410+00:00,138.2,2,ask,,,12223483
2026-07-08T13:03:48.540323,2026-07-08T13:03:48.547615+00:00,138.2,8,ask,,,12223497
2026-07-08T13:03:48.540323,2026-07-08T13:03:48.553222+00:00,138.1,42,ask,,,12223498
2026-07-08T13:03:49.441999,2026-07-08T13:03:49.451106+00:00,138.2,2,bid,,,12223510
2026-07-08T13:03:50.648142,2026-07-08T13:03:50.660288+00:00,138.2,2,ask,,,12223534
2026-07-08T13:03:50.648142,2026-07-08T13:03:50.660288+00:00,138.2,8,ask,,,12223535
2026-07-08T13:03:50.658534,2026-07-08T13:03:50.665258+00:00,138.3,1,bid,,,12223536
2026-07-08T13:03:51.695415,2026-07-08T13:03:51.707397+00:00,138.3,1,bid,,,12223549
2026-07-08T13:03:51.921052,2026-07-08T13:03:51.928455+00:00,138.2,8,ask,,,12223555
2026-07-08T13:03:51.921052,2026-07-08T13:03:51.933732+00:00,138.1,32,ask,,,12223556
2026-07-08T13:03:52.706757,2026-07-08T13:03:52.718545+00:00,138.4,8,bid,,,12223579
2026-07-08T13:03:52.706757,2026-07-08T13:03:52.718545+00:00,138.5,42,bid,,,12223580
2026-07-08T13:03:52.973006,2026-07-08T13:03:52.984953+00:00,138.3,2,bid,,,12223582
2026-07-08T13:03:53.578137,2026-07-08T13:03:53.595392+00:00,138.2,2,ask,,,12223593
2026-07-08T13:03:53.578137,2026-07-08T13:03:53.595392+00:00,138.2,8,ask,,,12223594
2026-07-08T13:03:53.748094,2026-07-08T13:03:53.754788+00:00,138.3,1,bid,,,12223598
2026-07-08T13:03:54.509230,2026-07-08T13:03:54.521206+00:00,138.3,8,bid,,,12223610
2026-07-08T13:03:54.509230,2026-07-08T13:03:54.521206+00:00,138.4,2,bid,,,12223611
2026-07-08T13:03:54.509230,2026-07-08T13:03:54.521206+00:00,138.5,31,bid,,,12223612
2026-07-08T13:03:54.787527,2026-07-08T13:03:54.792597+00:00,138.4,1,bid,,,12223618
2026-07-08T13:03:54.867154,2026-07-08T13:03:54.879244+00:00,138.2,8,ask,,,12223621
2026-07-08T13:03:54.867154,2026-07-08T13:03:54.879244+00:00,138.1,2,ask,,,12223622
2026-07-08T13:03:54.867154,2026-07-08T13:03:54.879244+00:00,138.1,40,ask,,,12223623
2026-07-08T13:03:55.828934,2026-07-08T13:03:55.837142+00:00,138.3,1,bid,,,12223642
2026-07-08T13:03:56.880455,2026-07-08T13:03:56.891345+00:00,138.3,1,bid,,,12223658
2026-07-08T13:03:56.978066,2026-07-08T13:03:56.990003+00:00,138.2,2,ask,,,12223660
2026-07-08T13:03:56.978066,2026-07-08T13:03:56.990003+00:00,138.1,48,ask,,,12223661
2026-07-08T13:03:57.919548,2026-07-08T13:03:57.931569+00:00,138.3,1,bid,,,12223675
2026-07-08T13:03:58.088581,2026-07-08T13:03:58.095184+00:00,138.3,25,bid,,,12223678
2026-07-08T13:03:58.964462,2026-07-08T13:03:58.974013+00:00,138.3,1,bid,,,12223693
2026-07-08T13:03:59.036510,2026-07-08T13:03:59.048507+00:00,138.3,50,bid,,,12223695
2026-07-08T13:03:59.652237,2026-07-08T13:03:59.663853+00:00,138.3,23,bid,,,12223711
2026-07-08T13:03:59.652237,2026-07-08T13:03:59.663853+00:00,138.4,8,bid,,,12223712
2026-07-08T13:04:00.001119,2026-07-08T13:04:00.012814+00:00,138.5,1,bid,,,12223719
2026-07-08T13:04:01.041735,2026-07-08T13:04:01.053416+00:00,138.5,1,bid,,,12223727
2026-07-08T13:04:01.195638,2026-07-08T13:04:01.207463+00:00,138.3,48,ask,,,12223730
2026-07-08T13:04:01.200940,2026-07-08T13:04:01.207463+00:00,138.3,50,ask,,,12223731
2026-07-08T13:04:02.547827,2026-07-08T13:04:02.557927+00:00,138.3,2,ask,,,12223752
2026-07-08T13:04:03.203642,2026-07-08T13:04:03.212975+00:00,138.3,2,bid,,,12223763
2026-07-08T13:04:03.786776,2026-07-08T13:04:03.799192+00:00,138.5,44,bid,,,12223767
2026-07-08T13:04:04.959569,2026-07-08T13:04:04.971592+00:00,138.2,2,ask,,,12223786
2026-07-08T13:04:04.959569,2026-07-08T13:04:04.971592+00:00,138.2,8,ask,,,12223787
2026-07-08T13:04:04.959569,2026-07-08T13:04:04.971592+00:00,138.0,33,ask,,,12223788
2026-07-08T13:04:05.347721,2026-07-08T13:04:05.372643+00:00,138.2,2,bid,,,12223797
2026-07-08T13:04:05.347721,2026-07-08T13:04:05.372643+00:00,138.2,1,bid,,,12223798
2026-07-08T13:04:05.524528,2026-07-08T13:04:05.537046+00:00,138.0,48,ask,,,12223803
2026-07-08T13:04:06.079861,2026-07-08T13:04:06.087540+00:00,138.3,2,bid,,,12223812
2026-07-08T13:04:06.079861,2026-07-08T13:04:06.092562+00:00,138.4,8,bid,,,12223813
2026-07-08T13:04:06.079861,2026-07-08T13:04:06.092562+00:00,138.5,38,bid,,,12223814
2026-07-08T13:04:07.247222,2026-07-08T13:04:07.254207+00:00,138.5,1,bid,,,12223831
2026-07-08T13:04:07.283141,2026-07-08T13:04:07.295047+00:00,138.5,49,bid,,,12223834
2026-07-08T13:04:07.521237,2026-07-08T13:04:07.533030+00:00,138.3,50,ask,,,12223839
2026-07-08T13:04:08.286208,2026-07-08T13:04:08.295820+00:00,138.5,1,bid,,,12223854
2026-07-08T13:04:08.319739,2026-07-08T13:04:08.331714+00:00,138.5,1,bid,,,12223856
2026-07-08T13:04:08.766981,2026-07-08T13:04:08.778772+00:00,138.5,47,bid,,,12223867
2026-07-08T13:04:09.267120,2026-07-08T13:04:09.277967+00:00,138.6,8,bid,,,12223879
2026-07-08T13:04:09.636699,2026-07-08T13:04:09.648741+00:00,138.6,50,ask,,,12223887
2026-07-08T13:04:10.361067,2026-07-08T13:04:10.371346+00:00,138.8,1,bid,,,12223896
2026-07-08T13:04:10.378961,2026-07-08T13:04:10.390960+00:00,138.6,92,ask,,,12223898
2026-07-08T13:04:10.378961,2026-07-08T13:04:10.390960+00:00,138.6,8,ask,,,12223899
2026-07-08T13:04:11.407154,2026-07-08T13:04:11.417102+00:00,138.7,1,bid,,,12223923
2026-07-08T13:04:11.743925,2026-07-08T13:04:11.755285+00:00,138.6,2,ask,,,12223927
2026-07-08T13:04:11.743925,2026-07-08T13:04:11.755285+00:00,138.5,8,ask,,,12223928
2026-07-08T13:04:11.743925,2026-07-08T13:04:11.755285+00:00,138.1,40,ask,,,12223929
2026-07-08T13:04:11.783676,2026-07-08T13:04:11.794178+00:00,138.6,2,bid,,,12223931
2026-07-08T13:04:12.450657,2026-07-08T13:04:12.458560+00:00,138.8,1,bid,,,12223945
2026-07-08T13:04:12.626689,2026-07-08T13:04:12.636725+00:00,138.6,2,bid,,,12223952
2026-07-08T13:04:13.072615,2026-07-08T13:04:13.081893+00:00,138.7,2,bid,,,12223963
2026-07-08T13:04:13.496047,2026-07-08T13:04:13.502518+00:00,138.8,1,bid,,,12223968
2026-07-08T13:04:13.772076,2026-07-08T13:04:13.784181+00:00,138.8,4,bid,,,12223972
2026-07-08T13:04:13.880225,2026-07-08T13:04:13.892059+00:00,138.6,2,ask,,,12223974
2026-07-08T13:04:13.880225,2026-07-08T13:04:13.892059+00:00,138.6,48,ask,,,12223975
2026-07-08T13:04:13.929799,2026-07-08T13:04:13.941903+00:00,138.6,48,ask,,,12223976
2026-07-08T13:04:14.441800,2026-07-08T13:04:14.448557+00:00,138.8,43,bid,,,12223981
2026-07-08T13:04:14.534674,2026-07-08T13:04:14.546562+00:00,138.8,1,bid,,,12223982
2026-07-08T13:04:15.578255,2026-07-08T13:04:15.586042+00:00,138.9,1,bid,,,12224000
2026-07-08T13:04:15.989227,2026-07-08T13:04:16.001705+00:00,138.7,2,ask,,,12224016
2026-07-08T13:04:15.989227,2026-07-08T13:04:16.001705+00:00,138.6,4,ask,,,12224017
2026-07-08T13:04:15.989227,2026-07-08T13:04:16.006948+00:00,138.6,8,ask,,,12224018
2026-07-08T13:04:15.989227,2026-07-08T13:04:16.006948+00:00,138.5,36,ask,,,12224019
2026-07-08T13:04:16.617729,2026-07-08T13:04:16.625289+00:00,138.8,1,bid,,,12224027
2026-07-08T13:04:16.717844,2026-07-08T13:04:16.728711+00:00,138.7,5,bid,,,12224029
2026-07-08T13:04:17.658215,2026-07-08T13:04:17.670151+00:00,138.7,1,bid,,,12224045
2026-07-08T13:04:18.109171,2026-07-08T13:04:18.122243+00:00,138.6,2,ask,,,12224056
2026-07-08T13:04:18.109171,2026-07-08T13:04:18.122243+00:00,138.5,48,ask,,,12224057
2026-07-08T13:04:18.758408,2026-07-08T13:04:18.769982+00:00,138.7,1,bid,,,12224078
2026-07-08T13:04:19.312751,2026-07-08T13:04:19.319225+00:00,138.5,49,bid,,,12224085
2026-07-08T13:04:19.800447,2026-07-08T13:04:19.807995+00:00,138.5,1,bid,,,12224092
2026-07-08T13:04:19.911062,2026-07-08T13:04:19.925001+00:00,138.4,2,bid,,,12224102
2026-07-08T13:04:20.217927,2026-07-08T13:04:20.230537+00:00,138.2,2,ask,,,12224113
2026-07-08T13:04:20.217927,2026-07-08T13:04:20.230537+00:00,138.2,8,ask,,,12224114
2026-07-08T13:04:20.217927,2026-07-08T13:04:20.230537+00:00,138.1,40,ask,,,12224115
2026-07-08T13:04:20.312397,2026-07-08T13:04:20.322996+00:00,138.4,2,bid,,,12224118
2026-07-08T13:04:20.341079,2026-07-08T13:04:20.352937+00:00,138.5,4,bid,,,12224121
2026-07-08T13:04:20.484955,2026-07-08T13:04:20.495586+00:00,138.5,8,bid,,,12224123
2026-07-08T13:04:20.838069,2026-07-08T13:04:20.850094+00:00,138.5,1,bid,,,12224129
2026-07-08T13:04:20.954297,2026-07-08T13:04:20.966323+00:00,138.2,2,ask,,,12224131
2026-07-08T13:04:20.954297,2026-07-08T13:04:20.966323+00:00,138.2,8,ask,,,12224132
2026-07-08T13:04:20.954297,2026-07-08T13:04:20.966323+00:00,138.1,33,ask,,,12224133
2026-07-08T13:04:21.124105,2026-07-08T13:04:21.134628+00:00,138.4,2,bid,,,12224136
2026-07-08T13:04:21.882211,2026-07-08T13:04:21.893524+00:00,138.6,1,bid,,,12224150
2026-07-08T13:04:22.145684,2026-07-08T13:04:22.152239+00:00,138.5,2,bid,,,12224155
2026-07-08T13:04:22.145684,2026-07-08T13:04:22.152239+00:00,138.6,39,bid,,,12224156
2026-07-08T13:04:22.344855,2026-07-08T13:04:22.356638+00:00,138.4,50,ask,,,12224159
2026-07-08T13:04:22.919929,2026-07-08T13:04:22.927345+00:00,138.6,1,bid,,,12224171
2026-07-08T13:04:23.052326,2026-07-08T13:04:23.064056+00:00,138.4,43,ask,,,12224174
2026-07-08T13:04:23.958286,2026-07-08T13:04:23.970114+00:00,138.6,1,bid,,,12224191
2026-07-08T13:04:24.103316,2026-07-08T13:04:24.115411+00:00,138.6,48,bid,,,12224194
2026-07-08T13:04:24.883634,2026-07-08T13:04:24.893275+00:00,138.6,9,bid,,,12224214
2026-07-08T13:04:25.007862,2026-07-08T13:04:25.016741+00:00,138.6,1,bid,,,12224219
2026-07-08T13:04:25.637424,2026-07-08T13:04:25.649241+00:00,138.3,2,ask,,,12224229
2026-07-08T13:04:25.637424,2026-07-08T13:04:25.649241+00:00,138.3,39,ask,,,12224230
2026-07-08T13:04:26.059253,2026-07-08T13:04:26.069097+00:00,138.6,1,bid,,,12224235
2026-07-08T13:04:26.202966,2026-07-08T13:04:26.212336+00:00,138.7,8,bid,,,12224239
2026-07-08T13:04:26.360720,2026-07-08T13:04:26.371408+00:00,138.7,2,bid,,,12224246
2026-07-08T13:04:26.508766,2026-07-08T13:04:26.515600+00:00,138.8,50,bid,,,12224252
2026-07-08T13:04:26.759596,2026-07-08T13:04:26.768716+00:00,138.7,2,bid,,,12224258
2026-07-08T13:04:27.097339,2026-07-08T13:04:27.109095+00:00,138.8,1,bid,,,12224263
2026-07-08T13:04:27.258837,2026-07-08T13:04:27.270866+00:00,138.8,49,bid,,,12224266
2026-07-08T13:04:28.135989,2026-07-08T13:04:28.144452+00:00,138.8,1,bid,,,12224282
2026-07-08T13:04:28.616667,2026-07-08T13:04:28.627998+00:00,138.9,50,bid,,,12224294
2026-07-08T13:04:29.178500,2026-07-08T13:04:29.185690+00:00,138.9,1,bid,,,12224306
2026-07-08T13:04:30.156264,2026-07-08T13:04:30.173105+00:00,138.9,2,ask,,,12224328
2026-07-08T13:04:30.205957,2026-07-08T13:04:30.217425+00:00,138.8,10,ask,,,12224330
2026-07-08T13:04:30.219822,2026-07-08T13:04:30.232719+00:00,139.1,1,bid,,,12224332
2026-07-08T13:04:31.261773,2026-07-08T13:04:31.270570+00:00,139.1,1,bid,,,12224344
2026-07-08T13:04:32.316694,2026-07-08T13:04:32.325589+00:00,139.0,1,bid,,,12224355
2026-07-08T13:04:33.355890,2026-07-08T13:04:33.367959+00:00,139.0,1,bid,,,12224371
2026-07-08T13:04:34.410662,2026-07-08T13:04:34.418307+00:00,139.0,1,bid,,,12224394
2026-07-08T13:04:34.950893,2026-07-08T13:04:34.957543+00:00,139.0,2,bid,,,12224406
2026-07-08T13:04:34.950893,2026-07-08T13:04:34.957543+00:00,139.1,48,bid,,,12224407
2026-07-08T13:04:35.197168,2026-07-08T13:04:35.205458+00:00,139.1,2,bid,,,12224411
2026-07-08T13:04:35.452143,2026-07-08T13:04:35.456009+00:00,139.0,1,bid,,,12224416
2026-07-08T13:04:35.636133,2026-07-08T13:04:35.643288+00:00,139.1,1,bid,,,12224421
2026-07-08T13:04:36.491623,2026-07-08T13:04:36.503095+00:00,139.0,1,bid,,,12224429
2026-07-08T13:04:36.862006,2026-07-08T13:04:36.868834+00:00,139.1,1,bid,,,12224441
2026-07-08T13:04:37.072092,2026-07-08T13:04:37.079295+00:00,139.1,50,bid,,,12224446
2026-07-08T13:04:37.534382,2026-07-08T13:04:37.541533+00:00,139.1,1,bid,,,12224451
2026-07-08T13:04:37.759502,2026-07-08T13:04:37.769257+00:00,139.0,11,ask,,,12224454
2026-07-08T13:04:38.576636,2026-07-08T13:04:38.584725+00:00,139.2,1,bid,,,12224470
2026-07-08T13:04:38.685032,2026-07-08T13:04:38.697076+00:00,139.1,2,ask,,,12224475
2026-07-08T13:04:38.685032,2026-07-08T13:04:38.697076+00:00,139.0,39,ask,,,12224476
2026-07-08T13:04:39.179387,2026-07-08T13:04:39.191591+00:00,139.2,1,bid,,,12224492
2026-07-08T13:04:39.179387,2026-07-08T13:04:39.191591+00:00,139.2,49,bid,,,12224493
2026-07-08T13:04:39.332405,2026-07-08T13:04:39.343339+00:00,139.0,12,ask,,,12224498
2026-07-08T13:04:39.622234,2026-07-08T13:04:39.630669+00:00,139.2,1,bid,,,12224506
2026-07-08T13:04:40.664505,2026-07-08T13:04:40.676444+00:00,139.2,1,bid,,,12224527
2026-07-08T13:04:41.316686,2026-07-08T13:04:41.323519+00:00,139.1,2,bid,,,12224547
2026-07-08T13:04:41.316686,2026-07-08T13:04:41.328597+00:00,139.2,48,bid,,,12224548
2026-07-08T13:04:41.344392,2026-07-08T13:04:41.358610+00:00,139.0,2,ask,,,12224549
2026-07-08T13:04:41.344392,2026-07-08T13:04:41.358610+00:00,138.9,8,ask,,,12224550
2026-07-08T13:04:41.344392,2026-07-08T13:04:41.358610+00:00,138.7,37,ask,,,12224551
2026-07-08T13:04:41.703658,2026-07-08T13:04:41.715169+00:00,139.0,1,bid,,,12224559
2026-07-08T13:04:42.100534,2026-07-08T13:04:42.110548+00:00,139.1,1,bid,,,12224567
2026-07-08T13:04:42.752153,2026-07-08T13:04:42.758588+00:00,139.1,1,bid,,,12224569
2026-07-08T13:04:42.919837,2026-07-08T13:04:42.930006+00:00,139.2,1,bid,,,12224572
2026-07-08T13:04:43.482316,2026-07-08T13:04:43.495000+00:00,139.0,2,ask,,,12224583
2026-07-08T13:04:43.482316,2026-07-08T13:04:43.495000+00:00,138.9,48,ask,,,12224584
2026-07-08T13:04:43.791018,2026-07-08T13:04:43.802799+00:00,139.1,1,bid,,,12224589
2026-07-08T13:04:44.111486,2026-07-08T13:04:44.163915+00:00,139.1,1,bid,,,12224596
2026-07-08T13:04:44.111486,2026-07-08T13:04:44.163915+00:00,139.1,8,bid,,,12224597
2026-07-08T13:04:44.832937,2026-07-08T13:04:44.849912+00:00,139.1,1,bid,,,12224617
2026-07-08T13:04:44.960658,2026-07-08T13:04:44.970298+00:00,139.2,1,bid,,,12224620
2026-07-08T13:04:45.548234,2026-07-08T13:04:45.559012+00:00,139.0,2,ask,,,12224625
2026-07-08T13:04:45.548234,2026-07-08T13:04:45.559012+00:00,138.9,8,ask,,,12224626
2026-07-08T13:04:45.548234,2026-07-08T13:04:45.564319+00:00,138.7,35,ask,,,12224627
2026-07-08T13:04:45.592397,2026-07-08T13:04:45.600900+00:00,138.7,50,ask,,,12224631
2026-07-08T13:04:45.879383,2026-07-08T13:04:45.887008+00:00,139.0,1,bid,,,12224634
2026-07-08T13:04:46.648781,2026-07-08T13:04:46.658618+00:00,138.7,49,ask,,,12224653
2026-07-08T13:04:47.311572,2026-07-08T13:04:47.343696+00:00,138.7,100,ask,,,12224671
2026-07-08T13:04:47.311572,2026-07-08T13:04:47.343696+00:00,138.6,8,ask,,,12224672
2026-07-08T13:04:47.324830,2026-07-08T13:04:47.343696+00:00,138.5,35,bid,,,12224673
2026-07-08T13:04:47.389352,2026-07-08T13:04:47.398625+00:00,138.5,7,bid,,,12224680
2026-07-08T13:04:47.728434,2026-07-08T13:04:47.741027+00:00,138.4,2,ask,,,12224689
2026-07-08T13:04:47.728434,2026-07-08T13:04:47.741027+00:00,138.4,8,ask,,,12224690
2026-07-08T13:04:47.728434,2026-07-08T13:04:47.741027+00:00,138.3,2,ask,,,12224691
2026-07-08T13:04:47.728434,2026-07-08T13:04:47.741027+00:00,138.0,38,ask,,,12224692
2026-07-08T13:04:48.963624,2026-07-08T13:04:48.974162+00:00,138.5,1,bid,,,12224713
2026-07-08T13:04:49.788141,2026-07-08T13:04:49.800225+00:00,138.6,2,bid,,,12224723
2026-07-08T13:04:49.788141,2026-07-08T13:04:49.800225+00:00,138.8,48,bid,,,12224724
2026-07-08T13:04:50.001706,2026-07-08T13:04:50.013648+00:00,138.7,1,bid,,,12224729
2026-07-08T13:04:50.295450,2026-07-08T13:04:50.306971+00:00,138.8,1,bid,,,12224736
2026-07-08T13:04:50.904152,2026-07-08T13:04:50.911050+00:00,138.7,2,bid,,,12224754
2026-07-08T13:04:50.904152,2026-07-08T13:04:50.916549+00:00,138.8,40,bid,,,12224755
2026-07-08T13:04:51.043455,2026-07-08T13:04:51.054473+00:00,138.8,1,bid,,,12224756
2026-07-08T13:04:51.111169,2026-07-08T13:04:51.118776+00:00,138.8,2,bid,,,12224761
2026-07-08T13:04:51.521930,2026-07-08T13:04:51.533382+00:00,138.6,3,ask,,,12224775
2026-07-08T13:04:51.534734,2026-07-08T13:04:51.543624+00:00,138.7,2,ask,,,12224777
2026-07-08T13:04:51.978729,2026-07-08T13:04:51.986179+00:00,138.6,50,ask,,,12224782
2026-07-08T13:04:51.990808,2026-07-08T13:04:52.001608+00:00,138.6,2,ask,,,12224784
2026-07-08T13:04:52.008065,2026-07-08T13:04:52.018089+00:00,138.7,2,ask,,,12224785
2026-07-08T13:04:52.097000,2026-07-08T13:04:52.104454+00:00,138.9,1,bid,,,12224787
2026-07-08T13:04:52.419976,2026-07-08T13:04:52.429388+00:00,138.7,2,ask,,,12224790
2026-07-08T13:04:52.596424,2026-07-08T13:04:52.621301+00:00,138.6,6,ask,,,12224797
2026-07-08T13:04:52.754251,2026-07-08T13:04:52.761450+00:00,138.8,2,bid,,,12224802
2026-07-08T13:04:52.754251,2026-07-08T13:04:52.766689+00:00,139.0,42,bid,,,12224803
2026-07-08T13:04:52.818974,2026-07-08T13:04:52.829799+00:00,138.6,1,ask,,,12224811
2026-07-08T13:04:52.841307,2026-07-08T13:04:52.858938+00:00,138.7,2,ask,,,12224814
2026-07-08T13:04:53.136390,2026-07-08T13:04:53.148195+00:00,138.9,1,bid,,,12224826
2026-07-08T13:04:53.247705,2026-07-08T13:04:53.255521+00:00,138.6,1,ask,,,12224831
2026-07-08T13:04:53.259687,2026-07-08T13:04:53.268682+00:00,138.7,2,ask,,,12224832
2026-07-08T13:04:53.331018,2026-07-08T13:04:53.340393+00:00,138.9,2,bid,,,12224834
2026-07-08T13:04:53.331018,2026-07-08T13:04:53.340393+00:00,139.0,38,bid,,,12224835
2026-07-08T13:04:54.175342,2026-07-08T13:04:54.181840+00:00,138.7,1,bid,,,12224842
2026-07-08T13:04:54.338787,2026-07-08T13:04:54.346761+00:00,138.5,47,ask,,,12224846
2026-07-08T13:04:55.215732,2026-07-08T13:04:55.225585+00:00,138.7,1,bid,,,12224859
2026-07-08T13:04:56.256590,2026-07-08T13:04:56.257225+00:00,138.7,1,bid,,,12224885
2026-07-08T13:04:56.379378,2026-07-08T13:04:56.386935+00:00,138.7,44,bid,,,12224890
2026-07-08T13:04:56.973370,2026-07-08T13:04:56.982513+00:00,138.6,2,ask,,,12224900
2026-07-08T13:04:56.973370,2026-07-08T13:04:56.982513+00:00,138.5,47,ask,,,12224901
2026-07-08T13:04:57.296422,2026-07-08T13:04:57.308371+00:00,138.7,1,bid,,,12224909
2026-07-08T13:04:58.040427,2026-07-08T13:04:58.053974+00:00,138.5,49,ask,,,12224929
2026-07-08T13:04:58.272625,2026-07-08T13:04:58.279823+00:00,138.7,1,bid,,,12224939
2026-07-08T13:04:58.272625,2026-07-08T13:04:58.285235+00:00,138.8,49,bid,,,12224940
2026-07-08T13:04:58.339592,2026-07-08T13:04:58.348432+00:00,138.8,1,bid,,,12224944
2026-07-08T13:04:58.527949,2026-07-08T13:04:58.540345+00:00,138.7,2,bid,,,12224947
2026-07-08T13:04:58.527949,2026-07-08T13:04:58.540345+00:00,138.8,47,bid,,,12224948
2026-07-08T13:04:59.398182,2026-07-08T13:04:59.409426+00:00,138.8,1,bid,,,12224959
2026-07-08T13:04:59.948548,2026-07-08T13:04:59.957817+00:00,138.7,7,ask,,,12224963
2026-07-08T13:05:00.032205,2026-07-08T13:05:00.044012+00:00,138.7,41,ask,,,12224965
2026-07-08T13:05:00.381273,2026-07-08T13:05:00.388239+00:00,139.0,50,bid,,,12224978
2026-07-08T13:05:00.497026,2026-07-08T13:05:00.508159+00:00,138.8,2,bid,,,12224981
2026-07-08T13:05:00.497026,2026-07-08T13:05:00.508159+00:00,139.0,46,bid,,,12224982
2026-07-08T13:05:01.473006,2026-07-08T13:05:01.481103+00:00,138.7,49,ask,,,12224999
2026-07-08T13:05:01.786028,2026-07-08T13:05:01.799074+00:00,138.8,2,ask,,,12225009
2026-07-08T13:05:02.504440,2026-07-08T13:05:02.516760+00:00,139.0,2,bid,,,12225014
2026-07-08T13:05:02.504440,2026-07-08T13:05:02.516760+00:00,139.0,8,bid,,,12225015
2026-07-08T13:05:02.504440,2026-07-08T13:05:02.516760+00:00,139.1,40,bid,,,12225016
2026-07-08T13:05:03.529306,2026-07-08T13:05:03.539242+00:00,138.8,1,bid,,,12225031
2026-07-08T13:05:03.974001,2026-07-08T13:05:03.986064+00:00,138.8,43,bid,,,12225037
2026-07-08T13:05:04.573731,2026-07-08T13:05:04.581015+00:00,138.8,1,bid,,,12225051
2026-07-08T13:05:04.616239,2026-07-08T13:05:04.627816+00:00,138.8,50,bid,,,12225053
2026-07-08T13:05:05.616544,2026-07-08T13:05:05.625573+00:00,138.8,1,bid,,,12225072
2026-07-08T13:05:06.071616,2026-07-08T13:05:06.083427+00:00,138.8,43,bid,,,12225083
2026-07-08T13:05:06.127889,2026-07-08T13:05:06.139896+00:00,138.6,43,ask,,,12225084
2026-07-08T13:05:06.283482,2026-07-08T13:05:06.292841+00:00,138.9,21,ask,,,12225090
2026-07-08T13:05:06.747949,2026-07-08T13:05:06.760181+00:00,139.0,2,bid,,,12225105
2026-07-08T13:05:06.747949,2026-07-08T13:05:06.760181+00:00,139.1,48,bid,,,12225106
2026-07-08T13:05:08.712302,2026-07-08T13:05:08.721411+00:00,139.1,1,bid,,,12225139
2026-07-08T13:05:09.124036,2026-07-08T13:05:09.133398+00:00,139.1,1,bid,,,12225146
2026-07-08T13:05:09.124036,2026-07-08T13:05:09.133398+00:00,139.2,45,bid,,,12225147
2026-07-08T13:05:09.766729,2026-07-08T13:05:09.773260+00:00,139.2,1,bid,,,12225162
2026-07-08T13:05:10.209547,2026-07-08T13:05:10.219226+00:00,139.1,43,ask,,,12225171
2026-07-08T13:05:10.984925,2026-07-08T13:05:10.998818+00:00,139.2,3,ask,,,12225185
2026-07-08T13:05:11.052960,2026-07-08T13:05:11.063187+00:00,139.2,50,ask,,,12225189
2026-07-08T13:05:11.374742,2026-07-08T13:05:11.386221+00:00,139.2,47,ask,,,12225195
2026-07-08T13:05:11.374742,2026-07-08T13:05:11.386221+00:00,139.1,1,ask,,,12225196
2026-07-08T13:05:12.312252,2026-07-08T13:05:12.323445+00:00,139.2,2,bid,,,12225214
2026-07-08T13:05:13.872969,2026-07-08T13:05:13.882709+00:00,139.4,1,bid,,,12225243
2026-07-08T13:05:14.201762,2026-07-08T13:05:14.220619+00:00,139.5,1,bid,,,12225251
2026-07-08T13:05:15.214698,2026-07-08T13:05:15.223694+00:00,139.4,2,bid,,,12225270
2026-07-08T13:05:15.214698,2026-07-08T13:05:15.223694+00:00,139.5,8,bid,,,12225271
2026-07-08T13:05:15.214698,2026-07-08T13:05:15.228934+00:00,139.6,40,bid,,,12225272
2026-07-08T13:05:16.271383,2026-07-08T13:05:16.279586+00:00,139.3,2,ask,,,12225287
2026-07-08T13:05:17.396303,2026-07-08T13:05:17.407013+00:00,139.2,2,ask,,,12225301
2026-07-08T13:05:17.396303,2026-07-08T13:05:17.407013+00:00,139.1,48,ask,,,12225302
2026-07-08T13:05:19.078126,2026-07-08T13:05:19.088636+00:00,139.1,1,bid,,,12225337
2026-07-08T13:05:19.503840,2026-07-08T13:05:19.515533+00:00,139.0,50,ask,,,12225346
2026-07-08T13:05:19.920462,2026-07-08T13:05:19.932206+00:00,139.1,45,bid,,,12225351
2026-07-08T13:05:20.117976,2026-07-08T13:05:20.127039+00:00,139.1,1,bid,,,12225355
2026-07-08T13:05:20.659572,2026-07-08T13:05:20.668771+00:00,139.0,2,bid,,,12225362
2026-07-08T13:05:21.043576,2026-07-08T13:05:21.056514+00:00,138.8,2,ask,,,12225370
2026-07-08T13:05:21.043576,2026-07-08T13:05:21.068899+00:00,138.7,47,ask,,,12225371
2026-07-08T13:05:21.156636,2026-07-08T13:05:21.163854+00:00,139.1,1,bid,,,12225374
2026-07-08T13:05:21.459651,2026-07-08T13:05:21.469305+00:00,139.0,1,bid,,,12225384
2026-07-08T13:05:21.561338,2026-07-08T13:05:21.573205+00:00,139.0,1,bid,,,12225388
2026-07-08T13:05:21.561338,2026-07-08T13:05:21.573205+00:00,139.1,49,bid,,,12225389
2026-07-08T13:05:21.950630,2026-07-08T13:05:21.957043+00:00,139.1,40,bid,,,12225396
2026-07-08T13:05:22.109857,2026-07-08T13:05:22.119339+00:00,139.2,100,bid,,,12225398
2026-07-08T13:05:22.109857,2026-07-08T13:05:22.119339+00:00,139.2,8,bid,,,12225399
2026-07-08T13:05:22.179800,2026-07-08T13:05:22.190317+00:00,139.3,3,ask,,,12225400
2026-07-08T13:05:23.540155,2026-07-08T13:05:23.551772+00:00,139.4,2,bid,,,12225433
2026-07-08T13:05:23.540155,2026-07-08T13:05:23.551772+00:00,139.5,42,bid,,,12225434
2026-07-08T13:05:23.697591,2026-07-08T13:05:23.709267+00:00,139.5,50,bid,,,12225437
2026-07-08T13:05:24.588218,2026-07-08T13:05:24.597715+00:00,139.3,39,ask,,,12225450
2026-07-08T13:05:24.588218,2026-07-08T13:05:24.597715+00:00,139.1,3,ask,,,12225451
2026-07-08T13:05:25.188639,2026-07-08T13:05:25.200972+00:00,139.2,2,ask,,,12225462
2026-07-08T13:05:25.188639,2026-07-08T13:05:25.200972+00:00,139.0,46,ask,,,12225463
2026-07-08T13:05:25.805671,2026-07-08T13:05:25.817473+00:00,139.1,2,bid,,,12225484
2026-07-08T13:05:25.805671,2026-07-08T13:05:25.817473+00:00,139.1,48,bid,,,12225485
2026-07-08T13:05:26.494662,2026-07-08T13:05:26.504144+00:00,139.1,3,bid,,,12225498
2026-07-08T13:05:27.376467,2026-07-08T13:05:27.385493+00:00,139.1,1,bid,,,12225522
2026-07-08T13:05:27.698376,2026-07-08T13:05:27.715004+00:00,139.1,11,bid,,,12225528
2026-07-08T13:05:27.919485,2026-07-08T13:05:27.933537+00:00,139.1,8,bid,,,12225531
2026-07-08T13:05:27.923240,2026-07-08T13:05:27.933537+00:00,139.1,50,bid,,,12225533
2026-07-08T13:05:28.423391,2026-07-08T13:05:28.434940+00:00,139.3,1,bid,,,12225551
2026-07-08T13:05:28.451704,2026-07-08T13:05:28.460899+00:00,139.2,19,ask,,,12225553
2026-07-08T13:05:29.370280,2026-07-08T13:05:29.379506+00:00,139.2,3,ask,,,12225570
2026-07-08T13:05:30.032897,2026-07-08T13:05:30.055387+00:00,139.3,1,bid,,,12225586
2026-07-08T13:05:30.032897,2026-07-08T13:05:30.055387+00:00,139.3,2,bid,,,12225587
2026-07-08T13:05:30.032897,2026-07-08T13:05:30.055387+00:00,139.5,47,bid,,,12225588
2026-07-08T13:05:31.567242,2026-07-08T13:05:31.576162+00:00,139.1,2,ask,,,12225618
2026-07-08T13:05:31.821148,2026-07-08T13:05:31.829652+00:00,139.5,45,bid,,,12225624
2026-07-08T13:05:32.167236,2026-07-08T13:05:32.175028+00:00,139.5,8,bid,,,12225631
2026-07-08T13:05:32.167236,2026-07-08T13:05:32.180282+00:00,139.5,8,bid,,,12225632
2026-07-08T13:05:32.167236,2026-07-08T13:05:32.180282+00:00,139.7,34,bid,,,12225633
2026-07-08T13:05:32.407741,2026-07-08T13:05:32.414703+00:00,139.3,2,ask,,,12225636
2026-07-08T13:05:32.407741,2026-07-08T13:05:32.420073+00:00,139.2,47,ask,,,12225637
2026-07-08T13:05:32.688272,2026-07-08T13:05:32.697449+00:00,139.5,2,bid,,,12225643
2026-07-08T13:05:32.688272,2026-07-08T13:05:32.697449+00:00,139.5,8,bid,,,12225644
2026-07-08T13:05:32.931378,2026-07-08T13:05:32.942968+00:00,139.7,45,bid,,,12225648
2026-07-08T13:05:34.353885,2026-07-08T13:05:34.358644+00:00,139.6,50,ask,,,12225660
2026-07-08T13:05:35.061292,2026-07-08T13:05:35.070406+00:00,139.6,40,ask,,,12225674
2026-07-08T13:05:35.061292,2026-07-08T13:05:35.070406+00:00,139.4,2,ask,,,12225675
2026-07-08T13:05:35.682243,2026-07-08T13:05:35.692895+00:00,139.6,2,bid,,,12225690
2026-07-08T13:05:35.682243,2026-07-08T13:05:35.698111+00:00,139.6,2,bid,,,12225691
2026-07-08T13:05:35.682243,2026-07-08T13:05:35.698111+00:00,139.8,8,bid,,,12225692
2026-07-08T13:05:35.682243,2026-07-08T13:05:35.698111+00:00,139.9,30,bid,,,12225693
2026-07-08T13:05:36.410024,2026-07-08T13:05:36.421879+00:00,139.7,2,bid,,,12225701
2026-07-08T13:05:36.766771,2026-07-08T13:05:36.780273+00:00,139.8,2,bid,,,12225705
2026-07-08T13:05:37.936591,2026-07-08T13:05:37.948339+00:00,139.6,2,bid,,,12225735
2026-07-08T13:05:37.936591,2026-07-08T13:05:37.948339+00:00,139.7,2,bid,,,12225736
2026-07-08T13:05:38.004993,2026-07-08T13:05:38.015956+00:00,139.8,2,bid,,,12225739
2026-07-08T13:05:38.598065,2026-07-08T13:05:38.607471+00:00,139.7,50,ask,,,12225751
2026-07-08T13:05:39.815313,2026-07-08T13:05:39.832389+00:00,139.9,2,bid,,,12225771
2026-07-08T13:05:39.815313,2026-07-08T13:05:39.832389+00:00,140.0,2,bid,,,12225772
2026-07-08T13:05:40.704710,2026-07-08T13:05:40.712073+00:00,139.8,2,ask,,,12225797
2026-07-08T13:05:40.704710,2026-07-08T13:05:40.717401+00:00,139.7,48,ask,,,12225798
2026-07-08T13:05:41.009531,2026-07-08T13:05:41.017833+00:00,139.8,2,ask,,,12225803
2026-07-08T13:05:41.009531,2026-07-08T13:05:41.017833+00:00,139.7,41,ask,,,12225804
2026-07-08T13:05:41.798052,2026-07-08T13:05:41.807026+00:00,139.7,1,bid,,,12225822
2026-07-08T13:05:42.178814,2026-07-08T13:05:42.186221+00:00,139.7,100,bid,,,12225829
2026-07-08T13:05:42.450961,2026-07-08T13:05:42.461110+00:00,139.6,2,bid,,,12225834
2026-07-08T13:05:42.835907,2026-07-08T13:05:42.843104+00:00,139.7,1,bid,,,12225840
2026-07-08T13:05:42.860083,2026-07-08T13:05:42.871591+00:00,139.6,1,bid,,,12225842
2026-07-08T13:05:43.875458,2026-07-08T13:05:43.885214+00:00,139.6,1,bid,,,12225858
2026-07-08T13:05:44.169411,2026-07-08T13:05:44.184884+00:00,139.6,2,bid,,,12225866
2026-07-08T13:05:44.471633,2026-07-08T13:05:44.479706+00:00,139.9,2,bid,,,12225877
2026-07-08T13:05:44.876439,2026-07-08T13:05:44.887554+00:00,140.2,50,bid,,,12225883
2026-07-08T13:05:44.893838,2026-07-08T13:05:44.905815+00:00,139.9,2,ask,,,12225884
2026-07-08T13:05:46.109782,2026-07-08T13:05:46.121668+00:00,139.9,2,bid,,,12225910
2026-07-08T13:05:46.109782,2026-07-08T13:05:46.121668+00:00,140.1,2,bid,,,12225911
2026-07-08T13:05:46.109782,2026-07-08T13:05:46.121668+00:00,140.1,45,bid,,,12225912
2026-07-08T13:05:46.746816,2026-07-08T13:05:46.765123+00:00,140.1,45,bid,,,12225927
2026-07-08T13:05:46.984754,2026-07-08T13:05:46.996483+00:00,140.1,10,bid,,,12225940
2026-07-08T13:05:46.984754,2026-07-08T13:05:46.996483+00:00,140.2,8,bid,,,12225941
2026-07-08T13:05:46.984754,2026-07-08T13:05:46.996483+00:00,140.3,32,bid,,,12225942
2026-07-08T13:05:47.308948,2026-07-08T13:05:47.317974+00:00,140.0,2,ask,,,12225949
2026-07-08T13:05:47.447161,2026-07-08T13:05:47.459283+00:00,140.0,1,ask,,,12225951
2026-07-08T13:05:49.122719,2026-07-08T13:05:49.133882+00:00,140.1,2,bid,,,12225979
2026-07-08T13:05:49.122719,2026-07-08T13:05:49.133882+00:00,140.2,2,bid,,,12225980
2026-07-08T13:05:49.122719,2026-07-08T13:05:49.133882+00:00,140.3,8,bid,,,12225981
2026-07-08T13:05:49.122719,2026-07-08T13:05:49.133882+00:00,140.5,38,bid,,,12225982
2026-07-08T13:05:50.407668,2026-07-08T13:05:50.419732+00:00,140.2,2,ask,,,12226003
2026-07-08T13:05:50.407668,2026-07-08T13:05:50.419732+00:00,140.1,8,ask,,,12226004
2026-07-08T13:05:50.407668,2026-07-08T13:05:50.419732+00:00,140.0,34,ask,,,12226005
2026-07-08T13:05:51.234439,2026-07-08T13:05:51.246199+00:00,140.2,2,bid,,,12226018
2026-07-08T13:05:51.234439,2026-07-08T13:05:51.246199+00:00,140.2,2,bid,,,12226019
2026-07-08T13:05:51.234439,2026-07-08T13:05:51.246199+00:00,140.4,8,bid,,,12226020
2026-07-08T13:05:51.234439,2026-07-08T13:05:51.251395+00:00,140.5,38,bid,,,12226021
2026-07-08T13:05:53.346398,2026-07-08T13:05:53.358198+00:00,140.3,2,bid,,,12226055
2026-07-08T13:05:53.346398,2026-07-08T13:05:53.358198+00:00,140.4,2,bid,,,12226056
2026-07-08T13:05:53.346398,2026-07-08T13:05:53.358198+00:00,140.5,46,bid,,,12226057
2026-07-08T13:05:53.758423,2026-07-08T13:05:53.795476+00:00,140.2,2,ask,,,12226074
2026-07-08T13:05:53.758423,2026-07-08T13:05:53.795476+00:00,140.2,1,ask,,,12226075
2026-07-08T13:05:53.785073,2026-07-08T13:05:53.795476+00:00,140.2,7,ask,,,12226078
2026-07-08T13:05:53.831116,2026-07-08T13:05:53.840635+00:00,140.3,2,ask,,,12226083
2026-07-08T13:05:54.077427,2026-07-08T13:05:54.086401+00:00,140.2,42,ask,,,12226089
2026-07-08T13:05:54.159550,2026-07-08T13:05:54.168364+00:00,140.3,8,ask,,,12226091
2026-07-08T13:05:54.239218,2026-07-08T13:05:54.266438+00:00,140.2,59,ask,,,12226093
2026-07-08T13:05:54.257392,2026-07-08T13:05:54.266438+00:00,140.3,1,ask,,,12226095
2026-07-08T13:05:54.664192,2026-07-08T13:05:54.674357+00:00,140.3,1,ask,,,12226100
2026-07-08T13:05:55.146525,2026-07-08T13:05:55.153591+00:00,140.2,1,ask,,,12226110
2026-07-08T13:05:55.514024,2026-07-08T13:05:55.525567+00:00,140.2,41,ask,,,12226115
2026-07-08T13:05:55.514024,2026-07-08T13:05:55.525567+00:00,140.2,8,ask,,,12226116
2026-07-08T13:05:55.514024,2026-07-08T13:05:55.525567+00:00,139.9,1,ask,,,12226117
2026-07-08T13:05:55.575102,2026-07-08T13:05:55.586097+00:00,139.9,40,ask,,,12226118
2026-07-08T13:05:56.192554,2026-07-08T13:05:56.203185+00:00,140.1,2,bid,,,12226131
2026-07-08T13:05:56.952453,2026-07-08T13:05:56.961166+00:00,140.1,2,ask,,,12226150
2026-07-08T13:05:57.033957,2026-07-08T13:05:57.040432+00:00,140.0,46,bid,,,12226155
2026-07-08T13:05:57.572726,2026-07-08T13:05:57.579144+00:00,140.0,50,bid,,,12226176
2026-07-08T13:05:58.251257,2026-07-08T13:05:58.262212+00:00,139.7,2,bid,,,12226187
2026-07-08T13:06:00.011100,2026-07-08T13:06:00.023220+00:00,139.9,2,bid,,,12226216
2026-07-08T13:06:00.011100,2026-07-08T13:06:00.023220+00:00,140.0,44,bid,,,12226217
2026-07-08T13:06:03.527771,2026-07-08T13:06:03.542726+00:00,139.8,2,bid,,,12226277
2026-07-08T13:06:03.885558,2026-07-08T13:06:03.895811+00:00,140.0,50,bid,,,12226289
2026-07-08T13:06:05.250747,2026-07-08T13:06:05.269987+00:00,139.8,2,ask,,,12226324
2026-07-08T13:06:05.392134,2026-07-08T13:06:05.399326+00:00,139.7,1,ask,,,12226330
2026-07-08T13:06:05.553920,2026-07-08T13:06:05.567636+00:00,139.8,2,ask,,,12226333
2026-07-08T13:06:05.991537,2026-07-08T13:06:06.000133+00:00,140.0,2,bid,,,12226340
2026-07-08T13:06:05.991537,2026-07-08T13:06:06.000133+00:00,140.2,48,bid,,,12226341
2026-07-08T13:06:06.463923,2026-07-08T13:06:06.483019+00:00,139.9,2,ask,,,12226362
2026-07-08T13:06:06.473204,2026-07-08T13:06:06.483019+00:00,139.9,2,ask,,,12226363
2026-07-08T13:06:06.485064,2026-07-08T13:06:06.496178+00:00,139.9,21,ask,,,12226365
2026-07-08T13:06:06.641071,2026-07-08T13:06:06.650357+00:00,139.9,8,ask,,,12226372
2026-07-08T13:06:06.761914,2026-07-08T13:06:06.772354+00:00,139.9,35,ask,,,12226374
2026-07-08T13:06:06.781240,2026-07-08T13:06:06.790790+00:00,140.0,2,ask,,,12226378
2026-07-08T13:06:06.960213,2026-07-08T13:06:06.969114+00:00,139.9,8,ask,,,12226380
2026-07-08T13:06:07.184647,2026-07-08T13:06:07.193894+00:00,139.9,3,ask,,,12226387
2026-07-08T13:06:07.285408,2026-07-08T13:06:07.297600+00:00,140.0,2,ask,,,12226395
2026-07-08T13:06:07.298727,2026-07-08T13:06:07.309139+00:00,139.9,3,ask,,,12226397
2026-07-08T13:06:07.553785,2026-07-08T13:06:07.557300+00:00,139.9,68,ask,,,12226411
2026-07-08T13:06:07.553785,2026-07-08T13:06:07.557300+00:00,139.8,8,ask,,,12226412
2026-07-08T13:06:07.559619,2026-07-08T13:06:07.569106+00:00,139.5,24,bid,,,12226413
2026-07-08T13:06:07.815165,2026-07-08T13:06:07.827207+00:00,139.2,8,ask,,,12226428
2026-07-08T13:06:07.815165,2026-07-08T13:06:07.827207+00:00,139.1,2,ask,,,12226429
2026-07-08T13:06:07.815165,2026-07-08T13:06:07.827207+00:00,139.0,35,ask,,,12226430
2026-07-08T13:06:08.359595,2026-07-08T13:06:08.368372+00:00,139.7,2,bid,,,12226439
2026-07-08T13:06:08.443825,2026-07-08T13:06:08.453364+00:00,139.7,2,bid,,,12226442
2026-07-08T13:06:08.542322,2026-07-08T13:06:08.552941+00:00,139.4,2,bid,,,12226444
2026-07-08T13:06:09.275908,2026-07-08T13:06:09.284716+00:00,139.8,7,ask,,,12226451
2026-07-08T13:06:09.683653,2026-07-08T13:06:09.705880+00:00,139.7,2,ask,,,12226464
2026-07-08T13:06:09.683653,2026-07-08T13:06:09.705880+00:00,139.5,8,ask,,,12226465
2026-07-08T13:06:09.696458,2026-07-08T13:06:09.705880+00:00,139.4,23,bid,,,12226466
2026-07-08T13:06:09.958423,2026-07-08T13:06:09.970529+00:00,139.0,40,ask,,,12226471
2026-07-08T13:06:10.075761,2026-07-08T13:06:10.115183+00:00,139.3,2,bid,,,12226473
2026-07-08T13:06:10.488501,2026-07-08T13:06:10.497646+00:00,139.3,2,bid,,,12226477
2026-07-08T13:06:10.496597,2026-07-08T13:06:10.517981+00:00,139.4,40,bid,,,12226479
2026-07-08T13:06:10.596519,2026-07-08T13:06:10.607567+00:00,139.3,2,bid,,,12226481
2026-07-08T13:06:10.774982,2026-07-08T13:06:10.790741+00:00,139.4,5,bid,,,12226484
2026-07-08T13:06:12.062613,2026-07-08T13:06:12.074455+00:00,139.4,42,bid,,,12226508
2026-07-08T13:06:12.117119,2026-07-08T13:06:12.125899+00:00,139.3,43,ask,,,12226509
2026-07-08T13:06:12.308000,2026-07-08T13:06:12.319976+00:00,139.4,30,bid,,,12226511
2026-07-08T13:06:12.308000,2026-07-08T13:06:12.319976+00:00,139.5,8,bid,,,12226512
2026-07-08T13:06:12.308000,2026-07-08T13:06:12.319976+00:00,139.8,12,bid,,,12226513
2026-07-08T13:06:12.639399,2026-07-08T13:06:12.650392+00:00,139.4,1,ask,,,12226525
2026-07-08T13:06:12.804525,2026-07-08T13:06:12.813742+00:00,139.5,11,ask,,,12226530
2026-07-08T13:06:13.497947,2026-07-08T13:06:13.506786+00:00,139.5,25,ask,,,12226542
2026-07-08T13:06:13.682213,2026-07-08T13:06:13.689197+00:00,139.5,1,ask,,,12226548
2026-07-08T13:06:14.082184,2026-07-08T13:06:14.094689+00:00,139.5,12,ask,,,12226554
2026-07-08T13:06:14.330495,2026-07-08T13:06:14.341472+00:00,139.5,11,ask,,,12226558
2026-07-08T13:06:14.472749,2026-07-08T13:06:14.484256+00:00,139.5,50,ask,,,12226568
2026-07-08T13:06:14.727375,2026-07-08T13:06:14.739179+00:00,139.5,1,ask,,,12226571
2026-07-08T13:06:15.421275,2026-07-08T13:06:15.428687+00:00,139.5,4,ask,,,12226581
2026-07-08T13:06:15.775735,2026-07-08T13:06:15.784034+00:00,139.5,1,ask,,,12226590
2026-07-08T13:06:16.007183,2026-07-08T13:06:16.032503+00:00,139.4,1,ask,,,12226598
2026-07-08T13:06:16.007183,2026-07-08T13:06:16.032503+00:00,139.4,8,ask,,,12226599
2026-07-08T13:06:16.020109,2026-07-08T13:06:16.032503+00:00,139.3,11,bid,,,12226600
2026-07-08T13:06:16.023670,2026-07-08T13:06:16.032503+00:00,139.2,40,ask,,,12226601
2026-07-08T13:06:16.207554,2026-07-08T13:06:16.216745+00:00,139.2,8,ask,,,12226605
2026-07-08T13:06:16.530502,2026-07-08T13:06:16.539618+00:00,139.2,3,ask,,,12226610
2026-07-08T13:06:16.579531,2026-07-08T13:06:16.591389+00:00,139.2,49,ask,,,12226613
2026-07-08T13:06:16.579531,2026-07-08T13:06:16.591389+00:00,139.0,1,ask,,,12226614
2026-07-08T13:06:16.618598,2026-07-08T13:06:16.628875+00:00,139.3,43,bid,,,12226615
2026-07-08T13:06:16.822553,2026-07-08T13:06:16.841254+00:00,139.1,2,bid,,,12226620
2026-07-08T13:06:16.878911,2026-07-08T13:06:16.890313+00:00,139.2,8,bid,,,12226622
2026-07-08T13:06:16.922294,2026-07-08T13:06:16.933355+00:00,139.2,1,bid,,,12226626
2026-07-08T13:06:17.057564,2026-07-08T13:06:17.067340+00:00,139.1,12,bid,,,12226630
2026-07-08T13:06:17.155469,2026-07-08T13:06:17.167246+00:00,138.9,2,ask,,,12226636
2026-07-08T13:06:17.155469,2026-07-08T13:06:17.167246+00:00,138.8,39,ask,,,12226637
2026-07-08T13:06:18.253325,2026-07-08T13:06:18.265126+00:00,139.1,43,bid,,,12226653
2026-07-08T13:06:18.686882,2026-07-08T13:06:18.698718+00:00,138.8,50,ask,,,12226658
2026-07-08T13:06:18.855345,2026-07-08T13:06:18.858573+00:00,139.1,45,bid,,,12226662
2026-07-08T13:06:18.855345,2026-07-08T13:06:18.858573+00:00,139.1,4,bid,,,12226663
2026-07-08T13:06:18.876399,2026-07-08T13:06:18.886463+00:00,138.9,2,bid,,,12226664
2026-07-08T13:06:19.319459,2026-07-08T13:06:19.338681+00:00,139.0,9,bid,,,12226673
2026-07-08T13:06:19.339950,2026-07-08T13:06:19.349369+00:00,138.9,2,bid,,,12226675
2026-07-08T13:06:19.445885,2026-07-08T13:06:19.458549+00:00,138.7,2,ask,,,12226677
2026-07-08T13:06:19.445885,2026-07-08T13:06:19.458549+00:00,138.6,40,ask,,,12226678
2026-07-08T13:06:19.748073,2026-07-08T13:06:19.793906+00:00,138.9,1,bid,,,12226689
2026-07-08T13:06:20.072816,2026-07-08T13:06:20.084845+00:00,138.9,1,bid,,,12226697
2026-07-08T13:06:20.072816,2026-07-08T13:06:20.084845+00:00,139.0,45,bid,,,12226698
2026-07-08T13:06:20.129847,2026-07-08T13:06:20.141893+00:00,138.7,2,ask,,,12226700
2026-07-08T13:06:20.609218,2026-07-08T13:06:20.622176+00:00,138.8,46,ask,,,12226705
2026-07-08T13:06:20.745213,2026-07-08T13:06:20.757089+00:00,138.9,2,bid,,,12226715
2026-07-08T13:06:20.745213,2026-07-08T13:06:20.757089+00:00,139.0,48,bid,,,12226716
2026-07-08T13:06:21.119076,2026-07-08T13:06:21.125581+00:00,138.8,44,ask,,,12226723
2026-07-08T13:06:21.722508,2026-07-08T13:06:21.730040+00:00,138.9,2,bid,,,12226729
2026-07-08T13:06:21.722508,2026-07-08T13:06:21.735038+00:00,139.0,41,bid,,,12226730
2026-07-08T13:06:22.290002,2026-07-08T13:06:22.297923+00:00,139.1,1,bid,,,12226748
2026-07-08T13:06:22.290002,2026-07-08T13:06:22.314225+00:00,139.2,8,bid,,,12226749
2026-07-08T13:06:22.304891,2026-07-08T13:06:22.314225+00:00,139.2,14,ask,,,12226750
2026-07-08T13:06:22.858099,2026-07-08T13:06:22.868954+00:00,139.3,50,bid,,,12226761
2026-07-08T13:06:22.975546,2026-07-08T13:06:22.983741+00:00,139.2,1,ask,,,12226763
2026-07-08T13:06:23.198938,2026-07-08T13:06:23.211048+00:00,139.3,47,bid,,,12226765
2026-07-08T13:06:23.679262,2026-07-08T13:06:23.690800+00:00,139.2,25,ask,,,12226775
2026-07-08T13:06:24.048303,2026-07-08T13:06:24.058613+00:00,139.2,1,ask,,,12226784
2026-07-08T13:06:25.020070,2026-07-08T13:06:25.028872+00:00,139.2,50,ask,,,12226802
2026-07-08T13:06:25.090398,2026-07-08T13:06:25.098373+00:00,139.2,1,ask,,,12226804
2026-07-08T13:06:25.278133,2026-07-08T13:06:25.289680+00:00,139.2,4,ask,,,12226806
2026-07-08T13:06:27.137571,2026-07-08T13:06:27.145559+00:00,138.9,2,ask,,,12226839
2026-07-08T13:06:27.137571,2026-07-08T13:06:27.148470+00:00,138.8,48,ask,,,12226840
2026-07-08T13:06:28.170650,2026-07-08T13:06:28.180429+00:00,138.9,2,bid,,,12226846
2026-07-08T13:06:28.670905,2026-07-08T13:06:28.692339+00:00,138.8,2,ask,,,12226860
2026-07-08T13:06:28.683521,2026-07-08T13:06:28.692339+00:00,138.8,8,bid,,,12226861
2026-07-08T13:06:29.246969,2026-07-08T13:06:29.253628+00:00,138.6,50,ask,,,12226877
2026-07-08T13:06:29.808020,2026-07-08T13:06:29.818274+00:00,138.7,1,bid,,,12226886
2026-07-08T13:06:30.232281,2026-07-08T13:06:30.244571+00:00,138.6,2,bid,,,12226897
2026-07-08T13:06:30.717592,2026-07-08T13:06:30.724829+00:00,138.5,2,ask,,,12226909
2026-07-08T13:06:30.717592,2026-07-08T13:06:30.730063+00:00,138.4,46,ask,,,12226910
2026-07-08T13:06:31.021260,2026-07-08T13:06:31.031329+00:00,138.6,1,bid,,,12226913
2026-07-08T13:06:31.303063,2026-07-08T13:06:31.311957+00:00,138.6,1,bid,,,12226922
2026-07-08T13:06:31.303063,2026-07-08T13:06:31.311957+00:00,138.8,49,bid,,,12226923
2026-07-08T13:06:31.701707,2026-07-08T13:06:31.711522+00:00,138.7,2,bid,,,12226934
2026-07-08T13:06:31.701707,2026-07-08T13:06:31.711522+00:00,138.8,41,bid,,,12226935
2026-07-08T13:06:32.879305,2026-07-08T13:06:32.891123+00:00,138.8,100,ask,,,12226955
2026-07-08T13:06:33.415921,2026-07-08T13:06:33.422793+00:00,138.9,2,bid,,,12226965
2026-07-08T13:06:33.415921,2026-07-08T13:06:33.427788+00:00,139.1,8,bid,,,12226966
2026-07-08T13:06:33.415921,2026-07-08T13:06:33.427788+00:00,139.3,40,bid,,,12226967
2026-07-08T13:06:33.444784,2026-07-08T13:06:33.453713+00:00,138.9,2,ask,,,12226969
2026-07-08T13:06:33.786417,2026-07-08T13:06:33.797989+00:00,138.8,1,ask,,,12226973
2026-07-08T13:06:33.852694,2026-07-08T13:06:33.864938+00:00,138.9,2,ask,,,12226976
2026-07-08T13:06:35.549209,2026-07-08T13:06:35.558589+00:00,138.7,2,bid,,,12227022
2026-07-08T13:06:35.549209,2026-07-08T13:06:35.558589+00:00,138.8,2,bid,,,12227023
2026-07-08T13:06:35.549209,2026-07-08T13:06:35.558589+00:00,138.9,46,bid,,,12227024
2026-07-08T13:06:37.726420,2026-07-08T13:06:37.734683+00:00,138.7,2,ask,,,12227055
2026-07-08T13:06:37.726420,2026-07-08T13:06:37.739905+00:00,138.7,2,ask,,,12227056
2026-07-08T13:06:37.726420,2026-07-08T13:06:37.739905+00:00,138.6,46,ask,,,12227057
2026-07-08T13:06:39.458673,2026-07-08T13:06:39.467248+00:00,138.7,2,bid,,,12227082
2026-07-08T13:06:39.750680,2026-07-08T13:06:39.760445+00:00,138.6,44,ask,,,12227084
2026-07-08T13:06:39.847637,2026-07-08T13:06:39.854217+00:00,138.6,50,ask,,,12227085
2026-07-08T13:06:41.506006,2026-07-08T13:06:41.524036+00:00,138.7,1,bid,,,12227110
2026-07-08T13:06:41.683312,2026-07-08T13:06:41.704642+00:00,138.7,1,bid,,,12227120
2026-07-08T13:06:41.683312,2026-07-08T13:06:41.704642+00:00,138.7,2,bid,,,12227121
2026-07-08T13:06:41.905951,2026-07-08T13:06:41.916095+00:00,138.8,50,bid,,,12227131
2026-07-08T13:06:41.909114,2026-07-08T13:06:41.916095+00:00,138.8,32,bid,,,12227132
2026-07-08T13:06:42.314335,2026-07-08T13:06:42.321801+00:00,138.8,68,bid,,,12227134
2026-07-08T13:06:42.830704,2026-07-08T13:06:42.838396+00:00,138.8,32,ask,,,12227143
2026-07-08T13:06:42.830704,2026-07-08T13:06:42.843825+00:00,138.7,8,ask,,,12227144
2026-07-08T13:06:43.549664,2026-07-08T13:06:43.559077+00:00,138.7,1,bid,,,12227167
2026-07-08T13:06:44.028439,2026-07-08T13:06:44.063650+00:00,138.7,1,bid,,,12227171
2026-07-08T13:06:44.067290,2026-07-08T13:06:44.074002+00:00,138.5,2,ask,,,12227172
2026-07-08T13:06:44.067290,2026-07-08T13:06:44.074002+00:00,138.4,8,ask,,,12227173
2026-07-08T13:06:44.067290,2026-07-08T13:06:44.074002+00:00,138.3,40,ask,,,12227174
2026-07-08T13:06:44.465442,2026-07-08T13:06:44.477676+00:00,138.6,2,bid,,,12227183
2026-07-08T13:06:44.465442,2026-07-08T13:06:44.477676+00:00,138.7,8,bid,,,12227184
2026-07-08T13:06:44.465442,2026-07-08T13:06:44.477676+00:00,138.9,5,bid,,,12227185
2026-07-08T13:06:44.488948,2026-07-08T13:06:44.502234+00:00,139.0,3,ask,,,12227188
2026-07-08T13:06:44.831409,2026-07-08T13:06:44.839570+00:00,139.1,2,bid,,,12227194
2026-07-08T13:06:44.831409,2026-07-08T13:06:44.844589+00:00,139.3,40,bid,,,12227195
2026-07-08T13:06:45.149185,2026-07-08T13:06:45.165288+00:00,139.1,2,ask,,,12227202
2026-07-08T13:06:45.528511,2026-07-08T13:06:45.535224+00:00,139.0,100,ask,,,12227206
2026-07-08T13:06:48.232176,2026-07-08T13:06:48.279723+00:00,138.9,50,bid,,,12227248
2026-07-08T13:06:48.236038,2026-07-08T13:06:48.279723+00:00,138.9,2,bid,,,12227249
2026-07-08T13:06:48.908176,2026-07-08T13:06:48.916597+00:00,138.8,47,ask,,,12227259
2026-07-08T13:06:49.740879,2026-07-08T13:06:49.751629+00:00,138.9,1,bid,,,12227276
2026-07-08T13:06:50.392761,2026-07-08T13:06:50.402044+00:00,138.8,50,ask,,,12227285
2026-07-08T13:06:52.512869,2026-07-08T13:06:52.524861+00:00,138.8,50,ask,,,12227315
2026-07-08T13:06:54.619581,2026-07-08T13:06:54.630005+00:00,138.8,2,ask,,,12227343
2026-07-08T13:06:54.619581,2026-07-08T13:06:54.630005+00:00,138.6,8,ask,,,12227344
2026-07-08T13:06:54.619581,2026-07-08T13:06:54.635212+00:00,138.5,40,ask,,,12227345
2026-07-08T13:06:54.816626,2026-07-08T13:06:54.827286+00:00,138.8,2,bid,,,12227350
2026-07-08T13:06:55.177375,2026-07-08T13:06:55.186800+00:00,138.9,2,bid,,,12227357
2026-07-08T13:06:55.584464,2026-07-08T13:06:55.594224+00:00,138.9,48,bid,,,12227364
2026-07-08T13:06:55.876103,2026-07-08T13:06:55.882985+00:00,138.9,1,bid,,,12227368
2026-07-08T13:06:56.730382,2026-07-08T13:06:56.741090+00:00,138.7,50,ask,,,12227386
2026-07-08T13:06:56.913988,2026-07-08T13:06:56.924118+00:00,138.9,1,bid,,,12227388
2026-07-08T13:06:57.396020,2026-07-08T13:06:57.407736+00:00,138.9,48,ask,,,12227399
2026-07-08T13:06:58.189536,2026-07-08T13:06:58.201762+00:00,139.0,2,ask,,,12227413
2026-07-08T13:06:58.837265,2026-07-08T13:06:58.850621+00:00,138.9,50,ask,,,12227426
2026-07-08T13:06:58.974819,2026-07-08T13:06:58.985630+00:00,139.0,1,bid,,,12227433
2026-07-08T13:06:59.230790,2026-07-08T13:06:59.242761+00:00,139.0,25,bid,,,12227441
2026-07-08T13:07:00.392681,2026-07-08T13:07:00.404483+00:00,139.0,49,bid,,,12227456
2026-07-08T13:07:01.030794,2026-07-08T13:07:01.038738+00:00,139.0,1,bid,,,12227471
2026-07-08T13:07:01.212487,2026-07-08T13:07:01.222981+00:00,138.8,1,bid,,,12227473
2026-07-08T13:07:01.510066,2026-07-08T13:07:01.520994+00:00,138.8,1,bid,,,12227487
2026-07-08T13:07:02.080198,2026-07-08T13:07:02.092768+00:00,139.0,1,bid,,,12227494
2026-07-08T13:07:03.084483,2026-07-08T13:07:03.092003+00:00,138.7,50,ask,,,12227513
2026-07-08T13:07:03.109594,2026-07-08T13:07:03.117594+00:00,138.9,8,bid,,,12227514
2026-07-08T13:07:03.109594,2026-07-08T13:07:03.123048+00:00,139.0,33,bid,,,12227515
2026-07-08T13:07:03.678884,2026-07-08T13:07:03.690348+00:00,138.7,41,ask,,,12227523
2026-07-08T13:07:04.139431,2026-07-08T13:07:04.148630+00:00,138.9,1,bid,,,12227534
2026-07-08T13:07:04.303355,2026-07-08T13:07:04.315453+00:00,138.9,7,bid,,,12227541
2026-07-08T13:07:04.303355,2026-07-08T13:07:04.315453+00:00,139.1,42,bid,,,12227542
2026-07-08T13:07:04.358538,2026-07-08T13:07:04.370579+00:00,138.7,9,ask,,,12227544
2026-07-08T13:07:04.400299,2026-07-08T13:07:04.408444+00:00,139.1,2,bid,,,12227545
2026-07-08T13:07:04.831625,2026-07-08T13:07:04.840808+00:00,138.8,35,bid,,,12227551
2026-07-08T13:07:04.834796,2026-07-08T13:07:04.845843+00:00,138.8,4,bid,,,12227552
2026-07-08T13:07:05.178628,2026-07-08T13:07:05.190623+00:00,138.8,1,bid,,,12227555
2026-07-08T13:07:05.221909,2026-07-08T13:07:05.232851+00:00,138.6,50,ask,,,12227557
2026-07-08T13:07:06.065854,2026-07-08T13:07:06.074175+00:00,138.6,44,ask,,,12227581
2026-07-08T13:07:06.216753,2026-07-08T13:07:06.228874+00:00,138.8,1,bid,,,12227586
2026-07-08T13:07:06.849559,2026-07-08T13:07:06.858488+00:00,138.7,2,bid,,,12227593
2026-07-08T13:07:07.255042,2026-07-08T13:07:07.258546+00:00,138.8,1,bid,,,12227600
2026-07-08T13:07:07.261206,2026-07-08T13:07:07.270859+00:00,138.8,1,bid,,,12227601
2026-07-08T13:07:07.330902,2026-07-08T13:07:07.337825+00:00,138.6,8,ask,,,12227605
2026-07-08T13:07:07.330902,2026-07-08T13:07:07.343070+00:00,138.4,42,ask,,,12227606
2026-07-08T13:07:07.673401,2026-07-08T13:07:07.683057+00:00,138.7,2,bid,,,12227610
2026-07-08T13:07:08.106577,2026-07-08T13:07:08.117898+00:00,138.8,2,bid,,,12227621
2026-07-08T13:07:08.301413,2026-07-08T13:07:08.309394+00:00,138.9,1,bid,,,12227627
2026-07-08T13:07:08.886083,2026-07-08T13:07:08.894927+00:00,138.9,4,bid,,,12227636
2026-07-08T13:07:09.304101,2026-07-08T13:07:09.313078+00:00,138.8,2,bid,,,12227647
2026-07-08T13:07:09.341902,2026-07-08T13:07:09.351977+00:00,138.9,1,bid,,,12227649
2026-07-08T13:07:09.531664,2026-07-08T13:07:09.543698+00:00,138.9,25,bid,,,12227653
2026-07-08T13:07:09.587308,2026-07-08T13:07:09.594337+00:00,138.9,2,bid,,,12227654
2026-07-08T13:07:09.708027,2026-07-08T13:07:09.716267+00:00,138.9,2,bid,,,12227656
2026-07-08T13:07:09.712722,2026-07-08T13:07:09.721519+00:00,138.9,2,bid,,,12227657
2026-07-08T13:07:10.131462,2026-07-08T13:07:10.145343+00:00,138.8,2,bid,,,12227662
2026-07-08T13:07:10.381128,2026-07-08T13:07:10.393055+00:00,139.0,1,bid,,,12227672
2026-07-08T13:07:10.529130,2026-07-08T13:07:10.538985+00:00,139.0,2,bid,,,12227674
2026-07-08T13:07:10.952543,2026-07-08T13:07:10.963011+00:00,138.8,2,bid,,,12227689
2026-07-08T13:07:11.350526,2026-07-08T13:07:11.350798+00:00,139.0,2,bid,,,12227693
2026-07-08T13:07:11.389641,2026-07-08T13:07:11.408207+00:00,138.9,2,bid,,,12227694
2026-07-08T13:07:11.443033,2026-07-08T13:07:11.454999+00:00,139.0,1,bid,,,12227697
2026-07-08T13:07:11.783973,2026-07-08T13:07:11.791423+00:00,139.0,2,bid,,,12227708
2026-07-08T13:07:12.506373,2026-07-08T13:07:12.517191+00:00,139.0,1,bid,,,12227721
2026-07-08T13:07:13.559204,2026-07-08T13:07:13.567239+00:00,139.0,1,bid,,,12227740
2026-07-08T13:07:13.652137,2026-07-08T13:07:13.664034+00:00,138.7,8,ask,,,12227742
2026-07-08T13:07:13.652137,2026-07-08T13:07:13.664034+00:00,138.6,42,ask,,,12227743
2026-07-08T13:07:14.599616,2026-07-08T13:07:14.620012+00:00,138.9,1,bid,,,12227761
2026-07-08T13:07:14.666061,2026-07-08T13:07:14.674376+00:00,138.9,7,bid,,,12227764
2026-07-08T13:07:14.666061,2026-07-08T13:07:14.679348+00:00,139.0,35,bid,,,12227765
2026-07-08T13:07:14.703532,2026-07-08T13:07:14.710587+00:00,138.9,4,bid,,,12227766
2026-07-08T13:07:14.758059,2026-07-08T13:07:14.769875+00:00,138.9,2,bid,,,12227767
2026-07-08T13:07:15.290720,2026-07-08T13:07:15.302795+00:00,139.0,44,bid,,,12227774
2026-07-08T13:07:15.638147,2026-07-08T13:07:15.650066+00:00,139.0,1,bid,,,12227783
2026-07-08T13:07:15.765292,2026-07-08T13:07:15.776720+00:00,138.7,8,ask,,,12227788
2026-07-08T13:07:15.765292,2026-07-08T13:07:15.776720+00:00,138.6,42,ask,,,12227789
2026-07-08T13:07:16.677385,2026-07-08T13:07:16.689247+00:00,138.9,1,bid,,,12227805
2026-07-08T13:07:17.013766,2026-07-08T13:07:17.021489+00:00,138.9,1,bid,,,12227810
2026-07-08T13:07:17.757325,2026-07-08T13:07:17.769319+00:00,138.9,1,bid,,,12227831
2026-07-08T13:07:17.879070,2026-07-08T13:07:17.890446+00:00,138.7,50,ask,,,12227840
2026-07-08T13:07:18.895917,2026-07-08T13:07:18.904083+00:00,138.9,1,bid,,,12227855
2026-07-08T13:07:19.187346,2026-07-08T13:07:19.199558+00:00,138.7,42,ask,,,12227863
2026-07-08T13:07:19.818994,2026-07-08T13:07:19.830763+00:00,138.9,1,bid,,,12227875
2026-07-08T13:07:19.934212,2026-07-08T13:07:19.943344+00:00,138.9,1,bid,,,12227876
2026-07-08T13:07:20.224960,2026-07-08T13:07:20.232788+00:00,138.7,8,ask,,,12227890
2026-07-08T13:07:20.224960,2026-07-08T13:07:20.237943+00:00,138.7,8,ask,,,12227891
2026-07-08T13:07:20.224960,2026-07-08T13:07:20.237943+00:00,138.4,33,ask,,,12227892
2026-07-08T13:07:20.966072,2026-07-08T13:07:20.979933+00:00,138.8,2,bid,,,12227901
2026-07-08T13:07:20.982005,2026-07-08T13:07:20.995158+00:00,138.9,1,bid,,,12227903
2026-07-08T13:07:21.033177,2026-07-08T13:07:21.041780+00:00,138.9,2,bid,,,12227905
2026-07-08T13:07:21.459590,2026-07-08T13:07:21.469908+00:00,138.8,2,bid,,,12227917
2026-07-08T13:07:21.850662,2026-07-08T13:07:21.855215+00:00,138.9,2,bid,,,12227933
2026-07-08T13:07:22.027354,2026-07-08T13:07:22.037847+00:00,138.8,1,bid,,,12227935
2026-07-08T13:07:22.043090,2026-07-08T13:07:22.053774+00:00,138.8,7,bid,,,12227939
2026-07-08T13:07:22.043090,2026-07-08T13:07:22.053774+00:00,138.9,43,bid,,,12227940
2026-07-08T13:07:22.404163,2026-07-08T13:07:22.413713+00:00,138.8,2,bid,,,12227954
2026-07-08T13:07:22.674966,2026-07-08T13:07:22.683302+00:00,139.0,2,bid,,,12227964
2026-07-08T13:07:22.844457,2026-07-08T13:07:22.856379+00:00,139.0,46,bid,,,12227965
2026-07-08T13:07:23.075785,2026-07-08T13:07:23.086062+00:00,139.0,1,bid,,,12227969
2026-07-08T13:07:23.720798,2026-07-08T13:07:23.729931+00:00,138.8,7,ask,,,12227981
2026-07-08T13:07:24.120090,2026-07-08T13:07:24.129904+00:00,139.0,1,bid,,,12227983
2026-07-08T13:07:25.158566,2026-07-08T13:07:25.168714+00:00,139.0,1,bid,,,12228000
2026-07-08T13:07:26.172189,2026-07-08T13:07:26.184206+00:00,139.0,8,bid,,,12228018
2026-07-08T13:07:26.172189,2026-07-08T13:07:26.184206+00:00,139.1,39,bid,,,12228019
2026-07-08T13:07:26.197644,2026-07-08T13:07:26.209699+00:00,139.1,1,bid,,,12228020
2026-07-08T13:07:26.229189,2026-07-08T13:07:26.241181+00:00,138.8,8,ask,,,12228022
2026-07-08T13:07:26.229189,2026-07-08T13:07:26.241181+00:00,138.7,39,ask,,,12228023
2026-07-08T13:07:26.751308,2026-07-08T13:07:26.758553+00:00,139.0,8,bid,,,12228035
2026-07-08T13:07:26.751308,2026-07-08T13:07:26.758553+00:00,139.1,34,bid,,,12228036
2026-07-08T13:07:27.238681,2026-07-08T13:07:27.250525+00:00,139.0,1,bid,,,12228042
2026-07-08T13:07:27.890129,2026-07-08T13:07:27.899466+00:00,138.8,8,ask,,,12228052
2026-07-08T13:07:27.890129,2026-07-08T13:07:27.899466+00:00,138.6,39,ask,,,12228053
2026-07-08T13:07:28.280159,2026-07-08T13:07:28.287700+00:00,139.0,1,bid,,,12228061
2026-07-08T13:07:28.411800,2026-07-08T13:07:28.424328+00:00,138.8,8,ask,,,12228064
2026-07-08T13:07:28.411800,2026-07-08T13:07:28.424328+00:00,138.6,42,ask,,,12228065
2026-07-08T13:07:29.029760,2026-07-08T13:07:29.041515+00:00,138.7,8,ask,,,12228076
2026-07-08T13:07:29.029760,2026-07-08T13:07:29.041515+00:00,138.6,32,ask,,,12228077
2026-07-08T13:07:29.103833,2026-07-08T13:07:29.115244+00:00,138.8,2,bid,,,12228078
2026-07-08T13:07:29.324706,2026-07-08T13:07:29.334542+00:00,139.0,1,bid,,,12228093
2026-07-08T13:07:29.504452,2026-07-08T13:07:29.513788+00:00,139.1,2,bid,,,12228104
2026-07-08T13:07:30.276072,2026-07-08T13:07:30.285276+00:00,138.9,10,bid,,,12228113
2026-07-08T13:07:30.325529,2026-07-08T13:07:30.332402+00:00,138.9,24,bid,,,12228118
2026-07-08T13:07:30.366753,2026-07-08T13:07:30.376337+00:00,138.9,1,bid,,,12228119
2026-07-08T13:07:30.471445,2026-07-08T13:07:30.483404+00:00,138.9,50,bid,,,12228122
2026-07-08T13:07:31.406325,2026-07-08T13:07:31.417902+00:00,138.9,1,bid,,,12228132
2026-07-08T13:07:32.482427,2026-07-08T13:07:32.490605+00:00,138.8,1,bid,,,12228155
2026-07-08T13:07:32.769255,2026-07-08T13:07:32.779910+00:00,138.9,2,bid,,,12228159
2026-07-08T13:07:32.797716,2026-07-08T13:07:32.809873+00:00,138.9,12,bid,,,12228160
2026-07-08T13:07:32.797716,2026-07-08T13:07:32.809873+00:00,138.9,8,bid,,,12228161
2026-07-08T13:07:32.797716,2026-07-08T13:07:32.809873+00:00,139.1,22,bid,,,12228162
2026-07-08T13:07:33.523567,2026-07-08T13:07:33.535836+00:00,139.0,1,bid,,,12228175
2026-07-08T13:07:34.568065,2026-07-08T13:07:34.579086+00:00,139.0,1,bid,,,12228194
2026-07-08T13:07:34.733006,2026-07-08T13:07:34.744856+00:00,138.8,8,ask,,,12228200
2026-07-08T13:07:34.733006,2026-07-08T13:07:34.744856+00:00,138.7,42,ask,,,12228201
2026-07-08T13:07:35.607352,2026-07-08T13:07:35.616909+00:00,139.0,1,bid,,,12228216
2026-07-08T13:07:35.991186,2026-07-08T13:07:36.001606+00:00,139.0,1,bid,,,12228227
2026-07-08T13:07:36.647006,2026-07-08T13:07:36.658807+00:00,138.9,1,bid,,,12228237
2026-07-08T13:07:36.845519,2026-07-08T13:07:36.863756+00:00,138.7,8,ask,,,12228239
2026-07-08T13:07:36.845519,2026-07-08T13:07:36.863756+00:00,138.6,42,ask,,,12228240
2026-07-08T13:07:37.695191,2026-07-08T13:07:37.707303+00:00,138.9,1,bid,,,12228256
2026-07-08T13:07:38.736866,2026-07-08T13:07:38.748743+00:00,138.8,1,bid,,,12228279
2026-07-08T13:07:38.811557,2026-07-08T13:07:38.822539+00:00,138.9,1,bid,,,12228282
2026-07-08T13:07:38.903067,2026-07-08T13:07:38.915045+00:00,138.8,2,bid,,,12228284
2026-07-08T13:07:38.903067,2026-07-08T13:07:38.915045+00:00,138.9,48,bid,,,12228285
2026-07-08T13:07:39.229438,2026-07-08T13:07:39.240324+00:00,138.9,2,bid,,,12228289
2026-07-08T13:07:39.367456,2026-07-08T13:07:39.378012+00:00,138.6,49,ask,,,12228290
2026-07-08T13:07:39.774420,2026-07-08T13:07:39.786336+00:00,138.8,1,bid,,,12228298
2026-07-08T13:07:40.825912,2026-07-08T13:07:40.834657+00:00,138.8,1,bid,,,12228315
2026-07-08T13:07:40.850343,2026-07-08T13:07:40.860781+00:00,138.9,1,bid,,,12228317
2026-07-08T13:07:41.014646,2026-07-08T13:07:41.025869+00:00,138.8,2,bid,,,12228321
2026-07-08T13:07:41.014646,2026-07-08T13:07:41.025869+00:00,138.9,48,bid,,,12228322
2026-07-08T13:07:41.263810,2026-07-08T13:07:41.272436+00:00,138.9,2,bid,,,12228326
2026-07-08T13:07:41.866006,2026-07-08T13:07:41.877990+00:00,139.0,1,bid,,,12228339
2026-07-08T13:07:42.474899,2026-07-08T13:07:42.486695+00:00,139.0,8,bid,,,12228351
2026-07-08T13:07:42.474899,2026-07-08T13:07:42.486695+00:00,139.3,35,bid,,,12228352
2026-07-08T13:07:42.908193,2026-07-08T13:07:42.918453+00:00,139.0,1,bid,,,12228354
2026-07-08T13:07:43.122914,2026-07-08T13:07:43.135002+00:00,139.0,50,bid,,,12228358
2026-07-08T13:07:43.950322,2026-07-08T13:07:44.009909+00:00,139.0,1,bid,,,12228374
2026-07-08T13:07:44.639950,2026-07-08T13:07:44.649948+00:00,139.0,48,bid,,,12228391
2026-07-08T13:07:44.639950,2026-07-08T13:07:44.654931+00:00,139.0,8,bid,,,12228392
2026-07-08T13:07:44.679721,2026-07-08T13:07:44.687356+00:00,139.1,46,ask,,,12228393
2026-07-08T13:07:44.710562,2026-07-08T13:07:44.720117+00:00,139.1,12,ask,,,12228396
2026-07-08T13:07:44.860885,2026-07-08T13:07:44.872074+00:00,139.2,8,ask,,,12228402
2026-07-08T13:07:44.888495,2026-07-08T13:07:44.898275+00:00,139.2,2,ask,,,12228404
2026-07-08T13:07:45.231005,2026-07-08T13:07:45.243324+00:00,139.2,2,bid,,,12228409
2026-07-08T13:07:45.231005,2026-07-08T13:07:45.243324+00:00,139.3,8,bid,,,12228410
2026-07-08T13:07:45.231005,2026-07-08T13:07:45.243324+00:00,139.4,2,bid,,,12228411
2026-07-08T13:07:45.231005,2026-07-08T13:07:45.243324+00:00,139.6,38,bid,,,12228412
2026-07-08T13:07:47.442779,2026-07-08T13:07:47.454469+00:00,139.3,2,bid,,,12228448
2026-07-08T13:07:47.442779,2026-07-08T13:07:47.454469+00:00,139.5,2,bid,,,12228449
2026-07-08T13:07:47.442779,2026-07-08T13:07:47.454469+00:00,139.5,44,bid,,,12228450
2026-07-08T13:07:47.694976,2026-07-08T13:07:47.704750+00:00,139.5,2,bid,,,12228454
2026-07-08T13:07:48.587606,2026-07-08T13:07:48.600150+00:00,139.4,2,bid,,,12228474
