timestamp,recv_time,price,volume,aggressor_side,buyer,seller,trade_id
2026-07-02T13:00:01.453119,2026-07-02T13:00:01.464566+00:00,107.9,1,ask,,,4162290
2026-07-02T13:00:01.453119,2026-07-02T13:00:01.464566+00:00,107.6,49,ask,,,4162291
2026-07-02T13:00:02.465138,2026-07-02T13:00:02.473768+00:00,107.8,3,bid,,,4162316
2026-07-02T13:00:03.563214,2026-07-02T13:00:03.574412+00:00,107.6,50,ask,,,4162347
2026-07-02T13:00:03.908271,2026-07-02T13:00:03.915425+00:00,107.8,25,bid,,,4162356
2026-07-02T13:00:05.076965,2026-07-02T13:00:05.087486+00:00,107.8,42,bid,,,4162389
2026-07-02T13:00:05.320108,2026-07-02T13:00:05.331894+00:00,107.8,6,bid,,,4162396
2026-07-02T13:00:05.670761,2026-07-02T13:00:05.682211+00:00,107.6,50,ask,,,4162408
2026-07-02T13:00:05.720680,2026-07-02T13:00:05.732479+00:00,107.6,41,ask,,,4162409
2026-07-02T13:00:07.316635,2026-07-02T13:00:07.328317+00:00,107.6,9,ask,,,4162439
2026-07-02T13:00:07.316635,2026-07-02T13:00:07.328317+00:00,107.5,37,ask,,,4162440
2026-07-02T13:00:07.777624,2026-07-02T13:00:07.785749+00:00,107.2,50,ask,,,4162449
2026-07-02T13:00:07.839773,2026-07-02T13:00:07.847257+00:00,107.7,4,bid,,,4162451
2026-07-02T13:00:08.444703,2026-07-02T13:00:08.452462+00:00,107.7,3,bid,,,4162461
2026-07-02T13:00:10.405933,2026-07-02T13:00:10.417653+00:00,107.7,11,bid,,,4162503
2026-07-02T13:00:10.418814,2026-07-02T13:00:10.426477+00:00,107.6,12,bid,,,4162505
2026-07-02T13:00:10.739978,2026-07-02T13:00:10.748017+00:00,107.7,4,bid,,,4162517
2026-07-02T13:00:11.106952,2026-07-02T13:00:11.118483+00:00,107.8,4,bid,,,4162537
2026-07-02T13:00:11.986650,2026-07-02T13:00:11.995762+00:00,107.4,50,ask,,,4162550
2026-07-02T13:00:12.045399,2026-07-02T13:00:12.058545+00:00,107.8,48,bid,,,4162552
2026-07-02T13:00:13.622869,2026-07-02T13:00:13.634451+00:00,107.8,42,bid,,,4162577
2026-07-02T13:00:14.093282,2026-07-02T13:00:14.104993+00:00,107.7,50,ask,,,4162595
2026-07-02T13:00:14.352958,2026-07-02T13:00:14.364428+00:00,107.9,4,bid,,,4162602
2026-07-02T13:00:14.675970,2026-07-02T13:00:14.682940+00:00,107.7,49,ask,,,4162608
2026-07-02T13:00:15.142540,2026-07-02T13:00:15.149042+00:00,107.7,40,ask,,,4162615
2026-07-02T13:00:15.626440,2026-07-02T13:00:15.636200+00:00,107.7,2,ask,,,4162624
2026-07-02T13:00:15.642898,2026-07-02T13:00:15.651681+00:00,107.7,9,ask,,,4162626
2026-07-02T13:00:16.198150,2026-07-02T13:00:16.209746+00:00,107.4,50,ask,,,4162638
2026-07-02T13:00:16.760875,2026-07-02T13:00:16.772037+00:00,107.7,1,bid,,,4162655
2026-07-02T13:00:16.987921,2026-07-02T13:00:16.995939+00:00,107.4,50,ask,,,4162663
2026-07-02T13:00:16.997107,2026-07-02T13:00:17.004511+00:00,107.4,32,bid,,,4162664
2026-07-02T13:00:17.644650,2026-07-02T13:00:17.656024+00:00,107.4,4,bid,,,4162684
2026-07-02T13:00:17.766523,2026-07-02T13:00:17.777951+00:00,107.4,42,bid,,,4162686
2026-07-02T13:00:18.253398,2026-07-02T13:00:18.252713+00:00,107.4,22,bid,,,4162711
2026-07-02T13:00:18.375518,2026-07-02T13:00:18.384412+00:00,107.6,4,bid,,,4162714
2026-07-02T13:00:18.397717,2026-07-02T13:00:18.405356+00:00,107.6,46,bid,,,4162716
2026-07-02T13:00:18.922341,2026-07-02T13:00:18.934021+00:00,107.3,4,ask,,,4162732
2026-07-02T13:00:18.922341,2026-07-02T13:00:18.934021+00:00,107.1,38,ask,,,4162733
2026-07-02T13:00:20.095070,2026-07-02T13:00:20.106438+00:00,107.6,50,bid,,,4162757
2026-07-02T13:00:20.159551,2026-07-02T13:00:20.167200+00:00,107.7,2,ask,,,4162758
2026-07-02T13:00:20.359944,2026-07-02T13:00:20.371367+00:00,108.2,50,bid,,,4162766
2026-07-02T13:00:20.727090,2026-07-02T13:00:20.736809+00:00,107.7,3,ask,,,4162775
2026-07-02T13:00:20.882398,2026-07-02T13:00:20.893542+00:00,107.7,30,ask,,,4162781
2026-07-02T13:00:21.397499,2026-07-02T13:00:21.409074+00:00,107.7,43,ask,,,4162796
2026-07-02T13:00:21.425495,2026-07-02T13:00:21.435439+00:00,107.7,22,ask,,,4162798
2026-07-02T13:00:21.814701,2026-07-02T13:00:21.827025+00:00,107.7,12,bid,,,4162815
2026-07-02T13:00:22.189716,2026-07-02T13:00:22.201009+00:00,107.7,11,bid,,,4162823
2026-07-02T13:00:22.410486,2026-07-02T13:00:22.419329+00:00,107.7,47,bid,,,4162825
2026-07-02T13:00:22.516980,2026-07-02T13:00:22.528708+00:00,107.4,3,ask,,,4162834
2026-07-02T13:00:22.927599,2026-07-02T13:00:22.935465+00:00,107.7,8,bid,,,4162847
2026-07-02T13:00:24.190011,2026-07-02T13:00:24.201684+00:00,107.7,4,bid,,,4162873
2026-07-02T13:00:24.617627,2026-07-02T13:00:24.629212+00:00,107.9,45,bid,,,4162884
2026-07-02T13:00:24.623139,2026-07-02T13:00:24.634253+00:00,107.7,50,ask,,,4162885
2026-07-02T13:00:24.672202,2026-07-02T13:00:24.683615+00:00,107.7,43,ask,,,4162890
2026-07-02T13:00:24.814890,2026-07-02T13:00:24.823141+00:00,107.7,7,ask,,,4162894
2026-07-02T13:00:25.287860,2026-07-02T13:00:25.295431+00:00,107.4,43,ask,,,4162910
2026-07-02T13:00:26.123927,2026-07-02T13:00:26.132723+00:00,107.7,3,bid,,,4162920
2026-07-02T13:00:26.133959,2026-07-02T13:00:26.142353+00:00,107.9,4,bid,,,4162922
2026-07-02T13:00:27.326813,2026-07-02T13:00:27.333745+00:00,108.2,41,bid,,,4162961
2026-07-02T13:00:30.712975,2026-07-02T13:00:30.724649+00:00,108.0,4,bid,,,4163037
2026-07-02T13:00:30.884286,2026-07-02T13:00:30.895859+00:00,108.0,50,bid,,,4163040
2026-07-02T13:00:31.560800,2026-07-02T13:00:31.572151+00:00,108.0,44,bid,,,4163055
2026-07-02T13:00:32.992050,2026-07-02T13:00:33.003726+00:00,108.2,50,bid,,,4163109
2026-07-02T13:00:33.989194,2026-07-02T13:00:33.999682+00:00,107.9,11,ask,,,4163124
2026-07-02T13:00:35.298042,2026-07-02T13:00:35.306217+00:00,107.9,12,ask,,,4163154
2026-07-02T13:00:37.202636,2026-07-02T13:00:37.213147+00:00,108.2,50,bid,,,4163188
2026-07-02T13:00:39.324344,2026-07-02T13:00:39.333744+00:00,108.0,5,bid,,,4163239
2026-07-02T13:00:39.324344,2026-07-02T13:00:39.333744+00:00,108.2,45,bid,,,4163240
2026-07-02T13:00:41.432609,2026-07-02T13:00:41.444115+00:00,108.1,5,bid,,,4163277
2026-07-02T13:00:41.432609,2026-07-02T13:00:41.444115+00:00,108.4,45,bid,,,4163278
2026-07-02T13:00:41.776647,2026-07-02T13:00:41.788096+00:00,108.0,42,ask,,,4163284
2026-07-02T13:00:42.242069,2026-07-02T13:00:42.251484+00:00,108.2,14,ask,,,4163291
2026-07-02T13:00:43.546221,2026-07-02T13:00:43.558599+00:00,108.7,50,bid,,,4163322
2026-07-02T13:00:44.834737,2026-07-02T13:00:44.846310+00:00,108.2,49,ask,,,4163349
2026-07-02T13:00:45.439402,2026-07-02T13:00:45.446761+00:00,108.1,45,ask,,,4163370
2026-07-02T13:00:45.656775,2026-07-02T13:00:45.668275+00:00,108.5,50,bid,,,4163378
2026-07-02T13:00:49.947933,2026-07-02T13:00:49.958573+00:00,108.1,50,ask,,,4163467
2026-07-02T13:00:52.063410,2026-07-02T13:00:52.067039+00:00,108.1,50,ask,,,4163503
2026-07-02T13:00:52.456826,2026-07-02T13:00:52.464338+00:00,108.3,1,bid,,,4163517
2026-07-02T13:00:54.170479,2026-07-02T13:00:54.178191+00:00,108.0,5,ask,,,4163546
2026-07-02T13:00:54.170479,2026-07-02T13:00:54.183605+00:00,107.9,45,ask,,,4163547
2026-07-02T13:00:58.126396,2026-07-02T13:00:58.135834+00:00,108.0,8,ask,,,4163633
2026-07-02T13:00:58.126396,2026-07-02T13:00:58.135834+00:00,107.9,100,ask,,,4163634
2026-07-02T13:00:58.862923,2026-07-02T13:00:58.874507+00:00,107.9,42,bid,,,4163652
2026-07-02T13:00:58.862923,2026-07-02T13:00:58.874507+00:00,108.4,6,bid,,,4163653
2026-07-02T13:00:59.022578,2026-07-02T13:00:59.030760+00:00,108.4,22,bid,,,4163655
2026-07-02T13:00:59.423088,2026-07-02T13:00:59.430009+00:00,108.0,8,ask,,,4163665
2026-07-02T13:00:59.436985,2026-07-02T13:00:59.445124+00:00,107.9,3,bid,,,4163667
2026-07-02T13:01:00.130187,2026-07-02T13:01:00.136688+00:00,107.9,4,bid,,,4163694
2026-07-02T13:01:00.827755,2026-07-02T13:01:00.839739+00:00,107.9,48,bid,,,4163703
2026-07-02T13:01:01.238618,2026-07-02T13:01:01.248997+00:00,107.9,37,bid,,,4163716
2026-07-02T13:01:01.288307,2026-07-02T13:01:01.297400+00:00,108.1,49,ask,,,4163718
2026-07-02T13:01:01.303629,2026-07-02T13:01:01.313062+00:00,108.1,3,ask,,,4163719
2026-07-02T13:01:01.426930,2026-07-02T13:01:01.437267+00:00,108.1,22,ask,,,4163722
2026-07-02T13:01:02.617805,2026-07-02T13:01:02.626407+00:00,108.1,39,ask,,,4163743
2026-07-02T13:01:02.617805,2026-07-02T13:01:02.626407+00:00,107.9,8,ask,,,4163744
2026-07-02T13:01:02.617805,2026-07-02T13:01:02.631944+00:00,107.7,3,ask,,,4163745
2026-07-02T13:01:04.728938,2026-07-02T13:01:04.739864+00:00,107.9,8,ask,,,4163801
2026-07-02T13:01:04.728938,2026-07-02T13:01:04.739864+00:00,107.7,42,ask,,,4163802
2026-07-02T13:01:06.733912,2026-07-02T13:01:06.745570+00:00,107.9,48,bid,,,4163861
2026-07-02T13:01:06.837266,2026-07-02T13:01:06.844143+00:00,107.8,4,ask,,,4163868
2026-07-02T13:01:06.837266,2026-07-02T13:01:06.849466+00:00,107.6,46,ask,,,4163869
2026-07-02T13:01:07.613431,2026-07-02T13:01:07.625260+00:00,107.8,3,ask,,,4163878
2026-07-02T13:01:08.059621,2026-07-02T13:01:08.066997+00:00,107.5,14,bid,,,4163891
2026-07-02T13:01:08.459570,2026-07-02T13:01:08.470023+00:00,107.5,2,bid,,,4163896
2026-07-02T13:01:08.852489,2026-07-02T13:01:08.860783+00:00,107.5,100,bid,,,4163903
2026-07-02T13:01:08.968254,2026-07-02T13:01:08.976632+00:00,107.0,50,ask,,,4163904
2026-07-02T13:01:09.370568,2026-07-02T13:01:09.378684+00:00,107.5,12,bid,,,4163923
2026-07-02T13:01:09.861701,2026-07-02T13:01:09.869529+00:00,107.5,4,bid,,,4163931
2026-07-02T13:01:09.946814,2026-07-02T13:01:09.957433+00:00,107.5,4,bid,,,4163936
2026-07-02T13:01:10.504388,2026-07-02T13:01:10.510674+00:00,107.0,46,ask,,,4163960
2026-07-02T13:01:11.023758,2026-07-02T13:01:11.035237+00:00,107.9,50,bid,,,4163977
2026-07-02T13:01:11.139193,2026-07-02T13:01:11.150855+00:00,107.6,5,ask,,,4163981
2026-07-02T13:01:13.038131,2026-07-02T13:01:13.046622+00:00,107.6,2,ask,,,4164023
2026-07-02T13:01:13.129311,2026-07-02T13:01:13.136109+00:00,107.7,50,bid,,,4164026
2026-07-02T13:01:13.224661,2026-07-02T13:01:13.236297+00:00,107.7,4,bid,,,4164029
2026-07-02T13:01:13.597370,2026-07-02T13:01:13.605619+00:00,107.6,2,ask,,,4164035
2026-07-02T13:01:14.282324,2026-07-02T13:01:14.293632+00:00,107.4,46,ask,,,4164061
2026-07-02T13:01:14.644533,2026-07-02T13:01:14.653173+00:00,107.6,1,ask,,,4164064
2026-07-02T13:01:14.719617,2026-07-02T13:01:14.726943+00:00,107.6,1,ask,,,4164067
2026-07-02T13:01:14.809442,2026-07-02T13:01:14.816834+00:00,107.6,1,ask,,,4164073
2026-07-02T13:01:15.041703,2026-07-02T13:01:15.050390+00:00,107.6,1,ask,,,4164080
2026-07-02T13:01:17.282753,2026-07-02T13:01:17.291142+00:00,107.5,1,ask,,,4164128
2026-07-02T13:01:18.899518,2026-07-02T13:01:18.911261+00:00,107.7,41,bid,,,4164161
2026-07-02T13:01:19.449298,2026-07-02T13:01:19.451646+00:00,107.7,50,bid,,,4164182
2026-07-02T13:01:19.913097,2026-07-02T13:01:19.922402+00:00,107.4,3,ask,,,4164193
2026-07-02T13:01:19.961676,2026-07-02T13:01:19.973171+00:00,107.4,46,ask,,,4164195
2026-07-02T13:01:21.495016,2026-07-02T13:01:21.506661+00:00,107.4,100,bid,,,4164232
2026-07-02T13:01:21.559932,2026-07-02T13:01:21.570002+00:00,107.4,50,bid,,,4164234
2026-07-02T13:01:21.682491,2026-07-02T13:01:21.690304+00:00,106.9,22,ask,,,4164237
2026-07-02T13:01:23.402411,2026-07-02T13:01:23.410225+00:00,107.5,11,ask,,,4164265
2026-07-02T13:01:24.625402,2026-07-02T13:01:24.637164+00:00,108.0,46,bid,,,4164289
2026-07-02T13:01:24.874281,2026-07-02T13:01:24.884098+00:00,107.6,22,bid,,,4164307
2026-07-02T13:01:26.554289,2026-07-02T13:01:26.567593+00:00,107.6,78,bid,,,4164344
2026-07-02T13:01:26.559660,2026-07-02T13:01:26.567593+00:00,107.6,3,ask,,,4164345
2026-07-02T13:01:27.144731,2026-07-02T13:01:27.158601+00:00,107.8,5,bid,,,4164356
2026-07-02T13:01:27.886265,2026-07-02T13:01:27.897947+00:00,107.6,69,ask,,,4164376
2026-07-02T13:01:27.923666,2026-07-02T13:01:27.935349+00:00,107.1,50,ask,,,4164377
2026-07-02T13:01:28.555490,2026-07-02T13:01:28.558597+00:00,107.1,42,ask,,,4164387
2026-07-02T13:01:30.034369,2026-07-02T13:01:30.048955+00:00,107.1,8,ask,,,4164424
2026-07-02T13:01:30.034369,2026-07-02T13:01:30.048955+00:00,106.8,42,ask,,,4164425
2026-07-02T13:01:30.802047,2026-07-02T13:01:30.810013+00:00,107.3,3,bid,,,4164439
2026-07-02T13:01:32.014239,2026-07-02T13:01:32.025645+00:00,107.3,45,bid,,,4164475
2026-07-02T13:01:32.091779,2026-07-02T13:01:32.101219+00:00,107.3,50,bid,,,4164477
2026-07-02T13:01:34.248833,2026-07-02T13:01:34.255295+00:00,107.3,2,ask,,,4164521
2026-07-02T13:01:34.248833,2026-07-02T13:01:34.255295+00:00,107.1,48,ask,,,4164522
2026-07-02T13:01:34.608514,2026-07-02T13:01:34.615427+00:00,107.5,41,bid,,,4164538
2026-07-02T13:01:36.227172,2026-07-02T13:01:36.246780+00:00,107.3,3,ask,,,4164580
2026-07-02T13:01:36.356791,2026-07-02T13:01:36.365577+00:00,107.3,50,ask,,,4164583
2026-07-02T13:01:37.373797,2026-07-02T13:01:37.380643+00:00,107.3,97,ask,,,4164614
2026-07-02T13:01:37.684159,2026-07-02T13:01:37.695701+00:00,106.8,49,ask,,,4164623
2026-07-02T13:01:39.259942,2026-07-02T13:01:39.270286+00:00,107.0,14,bid,,,4164665
2026-07-02T13:01:39.416920,2026-07-02T13:01:39.428295+00:00,107.0,4,bid,,,4164669
2026-07-02T13:01:40.349075,2026-07-02T13:01:40.355492+00:00,106.8,45,ask,,,4164698
2026-07-02T13:01:42.678450,2026-07-02T13:01:42.689272+00:00,106.7,50,ask,,,4164768
2026-07-02T13:01:42.694242,2026-07-02T13:01:42.704771+00:00,107.0,4,bid,,,4164771
2026-07-02T13:01:44.789990,2026-07-02T13:01:44.798365+00:00,106.7,50,ask,,,4164826
2026-07-02T13:01:45.415935,2026-07-02T13:01:45.427690+00:00,107.0,42,bid,,,4164853
2026-07-02T13:01:45.956979,2026-07-02T13:01:45.957691+00:00,107.0,4,bid,,,4164866
2026-07-02T13:01:46.895745,2026-07-02T13:01:46.907398+00:00,106.5,50,ask,,,4164888
2026-07-02T13:01:49.003481,2026-07-02T13:01:49.012488+00:00,106.5,50,ask,,,4164949
2026-07-02T13:01:49.700133,2026-07-02T13:01:49.711144+00:00,106.9,40,bid,,,4164964
2026-07-02T13:01:51.111277,2026-07-02T13:01:51.121157+00:00,106.5,50,ask,,,4165000
2026-07-02T13:01:51.901854,2026-07-02T13:01:51.921851+00:00,106.4,100,ask,,,4165020
2026-07-02T13:01:51.913272,2026-07-02T13:01:51.921851+00:00,106.4,35,bid,,,4165021
2026-07-02T13:01:52.696087,2026-07-02T13:01:52.710627+00:00,106.4,15,bid,,,4165040
2026-07-02T13:01:52.902883,2026-07-02T13:01:52.913345+00:00,105.9,22,ask,,,4165048
2026-07-02T13:01:55.036322,2026-07-02T13:01:55.046119+00:00,106.6,4,ask,,,4165098
2026-07-02T13:01:55.274609,2026-07-02T13:01:55.284376+00:00,106.8,50,bid,,,4165104
2026-07-02T13:01:56.074132,2026-07-02T13:01:56.084969+00:00,106.6,45,ask,,,4165129
2026-07-02T13:01:57.396462,2026-07-02T13:01:57.411958+00:00,106.9,50,bid,,,4165153
2026-07-02T13:01:57.933690,2026-07-02T13:01:57.943484+00:00,106.9,40,bid,,,4165166
2026-07-02T13:01:59.485742,2026-07-02T13:01:59.496239+00:00,106.8,9,ask,,,4165202
2026-07-02T13:01:59.505162,2026-07-02T13:01:59.516643+00:00,107.0,3,bid,,,4165204
2026-07-02T13:01:59.505162,2026-07-02T13:01:59.516643+00:00,107.0,47,bid,,,4165205
2026-07-02T13:01:59.569634,2026-07-02T13:01:59.578974+00:00,106.8,2,ask,,,4165207
2026-07-02T13:02:00.166827,2026-07-02T13:02:00.177974+00:00,107.0,42,bid,,,4165222
2026-07-02T13:02:01.613113,2026-07-02T13:02:01.622538+00:00,106.9,5,bid,,,4165255
2026-07-02T13:02:02.634835,2026-07-02T13:02:02.646479+00:00,106.9,4,bid,,,4165284
2026-07-02T13:02:03.460042,2026-07-02T13:02:03.469175+00:00,107.0,12,ask,,,4165294
2026-07-02T13:02:03.778692,2026-07-02T13:02:03.787824+00:00,107.0,50,ask,,,4165309
2026-07-02T13:02:04.502957,2026-07-02T13:02:04.514648+00:00,107.0,34,ask,,,4165320
2026-07-02T13:02:05.834856,2026-07-02T13:02:05.841859+00:00,107.4,50,bid,,,4165344
2026-07-02T13:02:06.585717,2026-07-02T13:02:06.607102+00:00,106.9,40,ask,,,4165364
2026-07-02T13:02:08.009063,2026-07-02T13:02:08.020433+00:00,106.8,50,ask,,,4165397
2026-07-02T13:02:08.230378,2026-07-02T13:02:08.242200+00:00,107.1,44,bid,,,4165398
2026-07-02T13:02:09.376832,2026-07-02T13:02:09.387974+00:00,106.8,48,ask,,,4165422
2026-07-02T13:02:13.685160,2026-07-02T13:02:13.696588+00:00,107.1,43,bid,,,4165525
2026-07-02T13:02:15.363933,2026-07-02T13:02:15.375662+00:00,106.8,41,ask,,,4165560
2026-07-02T13:02:16.417778,2026-07-02T13:02:16.429084+00:00,107.3,50,bid,,,4165594
2026-07-02T13:02:18.524168,2026-07-02T13:02:18.535571+00:00,107.3,50,bid,,,4165647
2026-07-02T13:02:19.455387,2026-07-02T13:02:19.467031+00:00,107.3,45,bid,,,4165679
2026-07-02T13:02:20.647880,2026-07-02T13:02:20.658614+00:00,107.1,2,bid,,,4165709
2026-07-02T13:02:22.694266,2026-07-02T13:02:22.705937+00:00,106.9,48,ask,,,4165750
2026-07-02T13:02:22.756389,2026-07-02T13:02:22.756012+00:00,107.2,50,bid,,,4165751
2026-07-02T13:02:24.126871,2026-07-02T13:02:24.138711+00:00,107.1,1,bid,,,4165793
2026-07-02T13:02:24.126871,2026-07-02T13:02:24.138711+00:00,107.4,47,bid,,,4165794
2026-07-02T13:02:24.924707,2026-07-02T13:02:24.936158+00:00,107.0,50,ask,,,4165818
2026-07-02T13:02:25.254521,2026-07-02T13:02:25.258563+00:00,107.2,1,bid,,,4165826
2026-07-02T13:02:28.086987,2026-07-02T13:02:28.094825+00:00,107.0,11,ask,,,4165893
2026-07-02T13:02:29.141620,2026-07-02T13:02:29.150850+00:00,107.0,50,ask,,,4165918
2026-07-02T13:02:30.813351,2026-07-02T13:02:30.821554+00:00,107.2,45,bid,,,4165952
2026-07-02T13:02:31.197731,2026-07-02T13:02:31.205965+00:00,107.2,50,bid,,,4165963
2026-07-02T13:02:33.009532,2026-07-02T13:02:33.018475+00:00,107.0,12,ask,,,4165991
2026-07-02T13:02:33.307623,2026-07-02T13:02:33.325057+00:00,107.2,50,bid,,,4166003
2026-07-02T13:02:35.425531,2026-07-02T13:02:35.434798+00:00,107.2,50,bid,,,4166046
2026-07-02T13:02:35.970736,2026-07-02T13:02:35.978619+00:00,107.0,14,ask,,,4166058
2026-07-02T13:02:36.427306,2026-07-02T13:02:36.433780+00:00,106.9,2,ask,,,4166071
2026-07-02T13:02:36.427306,2026-07-02T13:02:36.438929+00:00,106.7,47,ask,,,4166072
2026-07-02T13:02:36.992163,2026-07-02T13:02:37.003859+00:00,106.7,41,ask,,,4166087
2026-07-02T13:02:37.532748,2026-07-02T13:02:37.542578+00:00,107.1,50,bid,,,4166106
2026-07-02T13:02:39.640042,2026-07-02T13:02:39.650739+00:00,107.1,50,bid,,,4166134
2026-07-02T13:02:40.700952,2026-07-02T13:02:40.712360+00:00,107.0,43,ask,,,4166156
2026-07-02T13:02:41.745449,2026-07-02T13:02:41.763921+00:00,107.1,50,bid,,,4166168
2026-07-02T13:02:41.880335,2026-07-02T13:02:41.891994+00:00,107.1,42,bid,,,4166169
2026-07-02T13:02:42.978969,2026-07-02T13:02:42.991058+00:00,107.1,8,bid,,,4166197
2026-07-02T13:02:42.978969,2026-07-02T13:02:42.991058+00:00,107.2,4,bid,,,4166198
2026-07-02T13:02:42.978969,2026-07-02T13:02:42.991058+00:00,107.3,33,bid,,,4166199
2026-07-02T13:02:43.037222,2026-07-02T13:02:43.048698+00:00,106.8,49,ask,,,4166201
2026-07-02T13:02:43.853576,2026-07-02T13:02:43.858568+00:00,107.2,4,bid,,,4166212
2026-07-02T13:02:43.853576,2026-07-02T13:02:43.858568+00:00,107.3,46,bid,,,4166213
2026-07-02T13:02:45.961159,2026-07-02T13:02:45.972821+00:00,107.2,4,bid,,,4166252
2026-07-02T13:02:45.961159,2026-07-02T13:02:45.972821+00:00,107.3,46,bid,,,4166253
2026-07-02T13:02:46.022558,2026-07-02T13:02:46.033932+00:00,106.9,43,ask,,,4166258
2026-07-02T13:02:48.070175,2026-07-02T13:02:48.081842+00:00,107.2,3,bid,,,4166324
2026-07-02T13:02:48.070175,2026-07-02T13:02:48.081842+00:00,107.3,47,bid,,,4166325
2026-07-02T13:02:49.678632,2026-07-02T13:02:49.690366+00:00,107.2,2,bid,,,4166368
2026-07-02T13:02:49.678632,2026-07-02T13:02:49.690366+00:00,107.3,47,bid,,,4166369
2026-07-02T13:02:52.281136,2026-07-02T13:02:52.292805+00:00,107.2,2,bid,,,4166444
2026-07-02T13:02:53.653654,2026-07-02T13:02:53.665338+00:00,107.2,41,bid,,,4166467
2026-07-02T13:02:54.813802,2026-07-02T13:02:54.825280+00:00,107.1,41,ask,,,4166510
2026-07-02T13:02:55.358290,2026-07-02T13:02:55.367579+00:00,106.9,1,ask,,,4166527
2026-07-02T13:02:55.358290,2026-07-02T13:02:55.367579+00:00,106.9,44,ask,,,4166528
2026-07-02T13:02:56.489953,2026-07-02T13:02:56.501766+00:00,107.3,2,bid,,,4166563
2026-07-02T13:02:56.489953,2026-07-02T13:02:56.501766+00:00,107.4,48,bid,,,4166564
2026-07-02T13:02:58.599407,2026-07-02T13:02:58.610331+00:00,107.4,50,bid,,,4166625
2026-07-02T13:02:59.745382,2026-07-02T13:02:59.764056+00:00,107.0,4,ask,,,4166655
2026-07-02T13:02:59.745382,2026-07-02T13:02:59.764056+00:00,107.0,36,ask,,,4166656
2026-07-02T13:03:00.704712,2026-07-02T13:03:00.716279+00:00,107.3,2,bid,,,4166681
2026-07-02T13:03:00.704712,2026-07-02T13:03:00.716279+00:00,107.4,48,bid,,,4166682
2026-07-02T13:03:02.797813,2026-07-02T13:03:02.813037+00:00,107.4,41,bid,,,4166730
2026-07-02T13:03:03.276647,2026-07-02T13:03:03.285863+00:00,107.4,44,bid,,,4166740
2026-07-02T13:03:03.329829,2026-07-02T13:03:03.341553+00:00,107.0,2,ask,,,4166742
2026-07-02T13:03:03.329829,2026-07-02T13:03:03.341553+00:00,107.0,40,ask,,,4166743
2026-07-02T13:03:03.904053,2026-07-02T13:03:03.915490+00:00,107.0,45,ask,,,4166749
2026-07-02T13:03:05.912315,2026-07-02T13:03:05.922679+00:00,107.2,100,bid,,,4166799
2026-07-02T13:03:06.489304,2026-07-02T13:03:06.500812+00:00,107.2,41,bid,,,4166815
2026-07-02T13:03:07.086852,2026-07-02T13:03:07.094355+00:00,106.7,50,ask,,,4166822
2026-07-02T13:03:07.491698,2026-07-02T13:03:07.503281+00:00,107.2,9,bid,,,4166838
2026-07-02T13:03:07.491698,2026-07-02T13:03:07.503281+00:00,107.3,5,bid,,,4166839
2026-07-02T13:03:07.491698,2026-07-02T13:03:07.503281+00:00,107.8,34,bid,,,4166840
2026-07-02T13:03:07.825320,2026-07-02T13:03:07.835998+00:00,107.3,3,ask,,,4166850
2026-07-02T13:03:07.834986,2026-07-02T13:03:07.856311+00:00,107.3,22,ask,,,4166854
2026-07-02T13:03:07.904555,2026-07-02T13:03:07.914023+00:00,107.3,25,ask,,,4166855
2026-07-02T13:03:08.113012,2026-07-02T13:03:08.124680+00:00,107.3,25,ask,,,4166859
2026-07-02T13:03:08.246611,2026-07-02T13:03:08.264357+00:00,107.3,11,ask,,,4166862
2026-07-02T13:03:08.251822,2026-07-02T13:03:08.264357+00:00,107.8,22,bid,,,4166864
2026-07-02T13:03:08.322927,2026-07-02T13:03:08.330567+00:00,107.3,25,ask,,,4166869
2026-07-02T13:03:08.532637,2026-07-02T13:03:08.542025+00:00,107.3,25,ask,,,4166872
2026-07-02T13:03:08.698579,2026-07-02T13:03:08.710234+00:00,107.3,14,ask,,,4166876
2026-07-02T13:03:09.193719,2026-07-02T13:03:09.200920+00:00,106.8,50,ask,,,4166901
2026-07-02T13:03:09.237011,2026-07-02T13:03:09.247420+00:00,107.3,22,bid,,,4166903
2026-07-02T13:03:10.181352,2026-07-02T13:03:10.192771+00:00,107.3,47,bid,,,4166912
2026-07-02T13:03:11.037724,2026-07-02T13:03:11.048417+00:00,107.0,11,bid,,,4166929
2026-07-02T13:03:11.305665,2026-07-02T13:03:11.313374+00:00,106.8,50,ask,,,4166933
2026-07-02T13:03:11.692524,2026-07-02T13:03:11.700279+00:00,107.0,2,bid,,,4166936
2026-07-02T13:03:11.848329,2026-07-02T13:03:11.851981+00:00,107.0,2,bid,,,4166938
2026-07-02T13:03:11.875467,2026-07-02T13:03:11.887083+00:00,107.0,2,bid,,,4166939
2026-07-02T13:03:13.209905,2026-07-02T13:03:13.217055+00:00,107.0,2,bid,,,4166983
2026-07-02T13:03:13.413390,2026-07-02T13:03:13.424903+00:00,106.9,50,ask,,,4166988
2026-07-02T13:03:14.038591,2026-07-02T13:03:14.046238+00:00,106.9,45,ask,,,4167014
2026-07-02T13:03:14.185399,2026-07-02T13:03:14.196862+00:00,106.9,5,ask,,,4167015
2026-07-02T13:03:14.185399,2026-07-02T13:03:14.196862+00:00,106.9,1,ask,,,4167016
2026-07-02T13:03:14.344932,2026-07-02T13:03:14.352518+00:00,106.9,2,bid,,,4167018
2026-07-02T13:03:15.543632,2026-07-02T13:03:15.554936+00:00,106.4,50,ask,,,4167043
2026-07-02T13:03:16.595890,2026-07-02T13:03:16.607304+00:00,106.9,44,bid,,,4167073
2026-07-02T13:03:17.652346,2026-07-02T13:03:17.663687+00:00,106.4,50,ask,,,4167102
2026-07-02T13:03:18.244468,2026-07-02T13:03:18.263945+00:00,106.4,46,ask,,,4167115
2026-07-02T13:03:18.622948,2026-07-02T13:03:18.631581+00:00,106.6,3,bid,,,4167122
2026-07-02T13:03:18.763251,2026-07-02T13:03:18.773752+00:00,106.6,1,bid,,,4167125
2026-07-02T13:03:19.759047,2026-07-02T13:03:19.770648+00:00,106.3,50,ask,,,4167168
2026-07-02T13:03:21.867460,2026-07-02T13:03:21.874957+00:00,105.9,50,ask,,,4167217
2026-07-02T13:03:21.981755,2026-07-02T13:03:21.989110+00:00,106.3,25,bid,,,4167223
2026-07-02T13:03:22.195221,2026-07-02T13:03:22.202993+00:00,106.3,25,bid,,,4167228
2026-07-02T13:03:22.405446,2026-07-02T13:03:22.416740+00:00,106.3,25,bid,,,4167232
2026-07-02T13:03:26.025149,2026-07-02T13:03:26.037025+00:00,106.3,50,bid,,,4167306
2026-07-02T13:03:28.134045,2026-07-02T13:03:28.146930+00:00,106.4,50,bid,,,4167351
2026-07-02T13:03:28.752892,2026-07-02T13:03:28.764485+00:00,106.1,47,ask,,,4167361
2026-07-02T13:03:30.257153,2026-07-02T13:03:30.268777+00:00,106.5,50,bid,,,4167394
2026-07-02T13:03:33.877768,2026-07-02T13:03:33.889415+00:00,106.3,47,bid,,,4167449
2026-07-02T13:03:34.467126,2026-07-02T13:03:34.478635+00:00,106.4,50,bid,,,4167466
2026-07-02T13:03:36.572654,2026-07-02T13:03:36.579589+00:00,106.4,50,bid,,,4167507
2026-07-02T13:03:37.081932,2026-07-02T13:03:37.091756+00:00,106.0,46,ask,,,4167526
2026-07-02T13:03:38.736052,2026-07-02T13:03:38.744926+00:00,106.1,50,ask,,,4167564
2026-07-02T13:03:39.499457,2026-07-02T13:03:39.508018+00:00,106.1,50,ask,,,4167575
2026-07-02T13:03:40.841609,2026-07-02T13:03:40.853042+00:00,105.8,50,ask,,,4167612
2026-07-02T13:03:42.898172,2026-07-02T13:03:42.909872+00:00,106.3,50,bid,,,4167660
2026-07-02T13:03:45.058521,2026-07-02T13:03:45.068918+00:00,106.1,50,ask,,,4167686
2026-07-02T13:03:47.165198,2026-07-02T13:03:47.175330+00:00,105.6,50,ask,,,4167732
2026-07-02T13:03:47.903001,2026-07-02T13:03:47.914194+00:00,106.0,3,bid,,,4167744
2026-07-02T13:03:48.576468,2026-07-02T13:03:48.588307+00:00,106.0,49,bid,,,4167750
2026-07-02T13:03:51.374545,2026-07-02T13:03:51.382743+00:00,105.9,2,ask,,,4167797
2026-07-02T13:03:51.374545,2026-07-02T13:03:51.382743+00:00,105.7,48,ask,,,4167798
2026-07-02T13:03:51.829732,2026-07-02T13:03:51.840463+00:00,105.7,40,ask,,,4167810
2026-07-02T13:03:52.151824,2026-07-02T13:03:52.158195+00:00,105.7,12,ask,,,4167815
2026-07-02T13:03:52.481301,2026-07-02T13:03:52.488128+00:00,105.7,22,bid,,,4167825
2026-07-02T13:03:53.142668,2026-07-02T13:03:53.158595+00:00,105.7,1,bid,,,4167836
2026-07-02T13:03:53.267503,2026-07-02T13:03:53.275012+00:00,105.7,1,bid,,,4167838
2026-07-02T13:03:53.481783,2026-07-02T13:03:53.493388+00:00,105.2,50,ask,,,4167841
2026-07-02T13:03:54.681249,2026-07-02T13:03:54.688481+00:00,105.2,22,ask,,,4167885
2026-07-02T13:03:55.479881,2026-07-02T13:03:55.487495+00:00,105.5,1,bid,,,4167903
2026-07-02T13:03:55.537207,2026-07-02T13:03:55.545210+00:00,105.5,50,bid,,,4167906
2026-07-02T13:03:56.296606,2026-07-02T13:03:56.303089+00:00,105.5,46,bid,,,4167914
2026-07-02T13:03:57.696329,2026-07-02T13:03:57.704065+00:00,105.2,50,ask,,,4167961
2026-07-02T13:03:59.726167,2026-07-02T13:03:59.733675+00:00,105.5,100,ask,,,4167997
2026-07-02T13:03:59.802410,2026-07-02T13:03:59.809253+00:00,105.5,50,ask,,,4168003
2026-07-02T13:03:59.887925,2026-07-02T13:03:59.899398+00:00,106.0,22,bid,,,4168006
2026-07-02T13:04:00.954002,2026-07-02T13:04:00.956626+00:00,105.8,4,bid,,,4168029
2026-07-02T13:04:00.954002,2026-07-02T13:04:00.956626+00:00,106.0,42,bid,,,4168030
2026-07-02T13:04:01.904204,2026-07-02T13:04:01.912786+00:00,105.5,1,bid,,,4168062
2026-07-02T13:04:01.912736,2026-07-02T13:04:01.923192+00:00,105.0,50,ask,,,4168063
2026-07-02T13:04:02.114115,2026-07-02T13:04:02.121913+00:00,105.5,44,bid,,,4168065
2026-07-02T13:04:02.891215,2026-07-02T13:04:02.900245+00:00,105.1,22,ask,,,4168078
2026-07-02T13:04:04.033741,2026-07-02T13:04:04.042497+00:00,105.1,50,ask,,,4168115
2026-07-02T13:04:04.653539,2026-07-02T13:04:04.665294+00:00,105.1,28,ask,,,4168123
2026-07-02T13:04:04.653539,2026-07-02T13:04:04.665294+00:00,105.0,18,ask,,,4168124
2026-07-02T13:04:06.064924,2026-07-02T13:04:06.077454+00:00,105.4,3,bid,,,4168155
2026-07-02T13:04:06.141128,2026-07-02T13:04:06.152917+00:00,105.1,50,ask,,,4168158
2026-07-02T13:04:06.249192,2026-07-02T13:04:06.255867+00:00,105.4,6,bid,,,4168160
2026-07-02T13:04:06.616707,2026-07-02T13:04:06.628191+00:00,105.1,48,ask,,,4168164
2026-07-02T13:04:06.994544,2026-07-02T13:04:07.004864+00:00,105.4,11,bid,,,4168170
2026-07-02T13:04:07.126065,2026-07-02T13:04:07.147153+00:00,105.4,40,bid,,,4168173
2026-07-02T13:04:08.253068,2026-07-02T13:04:08.263862+00:00,105.3,5,ask,,,4168205
2026-07-02T13:04:08.253068,2026-07-02T13:04:08.263862+00:00,105.0,45,ask,,,4168206
2026-07-02T13:04:09.805905,2026-07-02T13:04:09.817397+00:00,105.3,7,ask,,,4168245
2026-07-02T13:04:09.805905,2026-07-02T13:04:09.817397+00:00,105.1,39,ask,,,4168246
2026-07-02T13:04:10.359724,2026-07-02T13:04:10.371147+00:00,105.3,6,ask,,,4168257
2026-07-02T13:04:10.359724,2026-07-02T13:04:10.371147+00:00,105.1,44,ask,,,4168258
2026-07-02T13:04:11.138941,2026-07-02T13:04:11.148279+00:00,105.3,23,bid,,,4168278
2026-07-02T13:04:12.468025,2026-07-02T13:04:12.479436+00:00,105.2,6,ask,,,4168318
2026-07-02T13:04:14.346568,2026-07-02T13:04:14.354661+00:00,105.3,12,bid,,,4168359
2026-07-02T13:04:14.505038,2026-07-02T13:04:14.512941+00:00,105.3,22,bid,,,4168364
2026-07-02T13:04:14.575244,2026-07-02T13:04:14.588361+00:00,105.1,5,ask,,,4168366
2026-07-02T13:04:14.575244,2026-07-02T13:04:14.588361+00:00,104.9,45,ask,,,4168367
2026-07-02T13:04:16.526955,2026-07-02T13:04:16.538485+00:00,105.3,45,bid,,,4168405
2026-07-02T13:04:16.686241,2026-07-02T13:04:16.693769+00:00,105.1,4,ask,,,4168409
2026-07-02T13:04:16.686241,2026-07-02T13:04:16.699072+00:00,105.0,46,ask,,,4168410
2026-07-02T13:04:17.543440,2026-07-02T13:04:17.558548+00:00,105.4,1,bid,,,4168438
2026-07-02T13:04:18.273479,2026-07-02T13:04:18.281483+00:00,105.2,12,ask,,,4168457
2026-07-02T13:04:18.306398,2026-07-02T13:04:18.313744+00:00,105.2,22,ask,,,4168461
2026-07-02T13:04:18.553749,2026-07-02T13:04:18.558628+00:00,105.4,3,bid,,,4168469
2026-07-02T13:04:18.724117,2026-07-02T13:04:18.734859+00:00,105.2,100,ask,,,4168481
2026-07-02T13:04:20.639073,2026-07-02T13:04:20.650647+00:00,105.1,3,ask,,,4168527
2026-07-02T13:04:20.848772,2026-07-02T13:04:20.863627+00:00,105.1,50,bid,,,4168528
2026-07-02T13:04:20.919841,2026-07-02T13:04:20.930521+00:00,105.1,12,bid,,,4168533
2026-07-02T13:04:21.109400,2026-07-02T13:04:21.120791+00:00,105.1,22,bid,,,4168539
2026-07-02T13:04:22.518149,2026-07-02T13:04:22.529865+00:00,105.1,43,bid,,,4168572
2026-07-02T13:04:22.963526,2026-07-02T13:04:22.975123+00:00,105.1,20,bid,,,4168580
2026-07-02T13:04:22.963526,2026-07-02T13:04:22.975123+00:00,105.5,30,bid,,,4168581
2026-07-02T13:04:23.171330,2026-07-02T13:04:23.178067+00:00,105.3,5,bid,,,4168591
2026-07-02T13:04:23.781476,2026-07-02T13:04:23.787899+00:00,105.3,5,bid,,,4168603
2026-07-02T13:04:24.191235,2026-07-02T13:04:24.197833+00:00,105.3,5,bid,,,4168613
2026-07-02T13:04:25.071117,2026-07-02T13:04:25.080336+00:00,105.7,50,bid,,,4168634
2026-07-02T13:04:25.397958,2026-07-02T13:04:25.408048+00:00,105.2,42,ask,,,4168640
2026-07-02T13:04:26.051394,2026-07-02T13:04:26.064716+00:00,105.3,2,bid,,,4168661
2026-07-02T13:04:26.051394,2026-07-02T13:04:26.064716+00:00,105.7,40,bid,,,4168662
2026-07-02T13:04:26.941059,2026-07-02T13:04:26.948923+00:00,105.6,35,ask,,,4168682
2026-07-02T13:04:27.114938,2026-07-02T13:04:27.124001+00:00,105.6,22,ask,,,4168696
2026-07-02T13:04:27.191324,2026-07-02T13:04:27.201113+00:00,105.7,50,bid,,,4168702
2026-07-02T13:04:29.298768,2026-07-02T13:04:29.310187+00:00,105.8,50,bid,,,4168748
2026-07-02T13:04:31.011395,2026-07-02T13:04:31.020999+00:00,105.5,2,bid,,,4168776
2026-07-02T13:04:31.404396,2026-07-02T13:04:31.413148+00:00,105.5,1,bid,,,4168796
2026-07-02T13:04:31.404396,2026-07-02T13:04:31.413148+00:00,105.8,49,bid,,,4168797
2026-07-02T13:04:32.376118,2026-07-02T13:04:32.385229+00:00,105.4,40,ask,,,4168813
2026-07-02T13:04:32.783478,2026-07-02T13:04:32.793924+00:00,105.5,1,bid,,,4168831
2026-07-02T13:04:32.877134,2026-07-02T13:04:32.884691+00:00,105.8,47,bid,,,4168835
2026-07-02T13:04:32.932237,2026-07-02T13:04:32.942625+00:00,105.4,48,ask,,,4168839
2026-07-02T13:04:33.580328,2026-07-02T13:04:33.591188+00:00,105.6,50,ask,,,4168847
2026-07-02T13:04:34.436918,2026-07-02T13:04:34.448356+00:00,105.6,41,ask,,,4168872
2026-07-02T13:04:34.958425,2026-07-02T13:04:34.969863+00:00,105.6,42,ask,,,4168877
2026-07-02T13:04:35.636758,2026-07-02T13:04:35.645779+00:00,105.7,50,bid,,,4168889
2026-07-02T13:04:37.476482,2026-07-02T13:04:37.488234+00:00,105.5,41,bid,,,4168926
2026-07-02T13:04:37.792346,2026-07-02T13:04:37.804077+00:00,105.2,3,ask,,,4168931
2026-07-02T13:04:37.792346,2026-07-02T13:04:37.804077+00:00,105.0,47,ask,,,4168932
2026-07-02T13:04:37.941248,2026-07-02T13:04:37.952912+00:00,105.5,42,bid,,,4168934
2026-07-02T13:04:39.518805,2026-07-02T13:04:39.530384+00:00,105.5,44,bid,,,4168963
2026-07-02T13:04:39.848995,2026-07-02T13:04:39.858552+00:00,105.5,50,bid,,,4168978
2026-07-02T13:04:40.063772,2026-07-02T13:04:40.075261+00:00,105.4,44,ask,,,4168985
2026-07-02T13:04:41.954289,2026-07-02T13:04:41.961701+00:00,105.8,50,bid,,,4169018
2026-07-02T13:04:44.111961,2026-07-02T13:04:44.119289+00:00,105.4,50,ask,,,4169055
2026-07-02T13:04:45.874986,2026-07-02T13:04:45.886303+00:00,105.6,1,bid,,,4169089
2026-07-02T13:04:46.218379,2026-07-02T13:04:46.229801+00:00,105.4,50,ask,,,4169090
2026-07-02T13:04:46.262552,2026-07-02T13:04:46.269717+00:00,105.7,48,bid,,,4169091
2026-07-02T13:04:49.081897,2026-07-02T13:04:49.091517+00:00,105.3,4,ask,,,4169153
2026-07-02T13:04:49.081897,2026-07-02T13:04:49.091517+00:00,105.3,45,ask,,,4169154
2026-07-02T13:04:50.378514,2026-07-02T13:04:50.385826+00:00,105.8,50,bid,,,4169195
2026-07-02T13:04:51.143569,2026-07-02T13:04:51.150702+00:00,105.3,41,ask,,,4169203
2026-07-02T13:04:51.600909,2026-07-02T13:04:51.612627+00:00,105.8,49,bid,,,4169223
2026-07-02T13:04:52.397469,2026-07-02T13:04:52.405878+00:00,105.4,11,ask,,,4169244
2026-07-02T13:04:52.485243,2026-07-02T13:04:52.495703+00:00,105.8,50,bid,,,4169248
2026-07-02T13:04:54.594991,2026-07-02T13:04:54.606640+00:00,105.7,50,bid,,,4169320
2026-07-02T13:04:56.703612,2026-07-02T13:04:56.710593+00:00,105.9,50,bid,,,4169360
2026-07-02T13:04:59.607674,2026-07-02T13:04:59.617884+00:00,105.4,49,ask,,,4169420
2026-07-02T13:05:00.962570,2026-07-02T13:05:00.973983+00:00,105.4,1,ask,,,4169454
2026-07-02T13:05:00.962570,2026-07-02T13:05:00.973983+00:00,105.4,49,ask,,,4169455
2026-07-02T13:05:02.142747,2026-07-02T13:05:02.151409+00:00,105.7,3,bid,,,4169482
2026-07-02T13:05:02.142747,2026-07-02T13:05:02.151409+00:00,105.7,40,bid,,,4169483
2026-07-02T13:05:03.070674,2026-07-02T13:05:03.082085+00:00,105.3,50,ask,,,4169498
2026-07-02T13:05:05.126730,2026-07-02T13:05:05.138102+00:00,105.7,50,bid,,,4169532
2026-07-02T13:05:05.675910,2026-07-02T13:05:05.684781+00:00,105.3,44,ask,,,4169538
2026-07-02T13:05:06.242873,2026-07-02T13:05:06.250330+00:00,105.4,41,bid,,,4169547
2026-07-02T13:05:07.185831,2026-07-02T13:05:07.197309+00:00,105.4,47,bid,,,4169558
2026-07-02T13:05:08.957493,2026-07-02T13:05:08.965531+00:00,105.1,40,ask,,,4169600
2026-07-02T13:05:09.334518,2026-07-02T13:05:09.343715+00:00,105.6,50,bid,,,4169603
2026-07-02T13:05:09.431035,2026-07-02T13:05:09.440661+00:00,105.2,3,ask,,,4169606
2026-07-02T13:05:11.498858,2026-07-02T13:05:11.509781+00:00,105.2,50,ask,,,4169659
2026-07-02T13:05:13.105757,2026-07-02T13:05:13.117252+00:00,105.0,42,ask,,,4169680
2026-07-02T13:05:13.623892,2026-07-02T13:05:13.631200+00:00,105.0,50,ask,,,4169694
2026-07-02T13:05:15.731313,2026-07-02T13:05:15.738602+00:00,104.7,50,ask,,,4169735
2026-07-02T13:05:17.637201,2026-07-02T13:05:17.659328+00:00,105.1,3,ask,,,4169767
2026-07-02T13:05:17.649947,2026-07-02T13:05:17.659328+00:00,105.0,3,bid,,,4169768
2026-07-02T13:05:17.840586,2026-07-02T13:05:17.847206+00:00,104.7,50,ask,,,4169777
2026-07-02T13:05:19.949623,2026-07-02T13:05:19.950095+00:00,104.7,50,ask,,,4169819
2026-07-02T13:05:20.094553,2026-07-02T13:05:20.106089+00:00,105.0,49,bid,,,4169822
2026-07-02T13:05:20.637521,2026-07-02T13:05:20.648928+00:00,105.0,46,bid,,,4169843
2026-07-02T13:05:21.245461,2026-07-02T13:05:21.258601+00:00,104.9,44,ask,,,4169849
2026-07-02T13:05:22.080430,2026-07-02T13:05:22.091866+00:00,104.9,50,ask,,,4169867
2026-07-02T13:05:22.356283,2026-07-02T13:05:22.358582+00:00,104.9,43,ask,,,4169868
2026-07-02T13:05:23.974047,2026-07-02T13:05:23.993871+00:00,104.9,2,ask,,,4169897
2026-07-02T13:05:23.984444,2026-07-02T13:05:23.993871+00:00,104.9,11,bid,,,4169898
2026-07-02T13:05:24.034472,2026-07-02T13:05:24.045645+00:00,104.9,2,bid,,,4169902
2026-07-02T13:05:24.137331,2026-07-02T13:05:24.148841+00:00,104.9,50,bid,,,4169904
2026-07-02T13:05:25.191157,2026-07-02T13:05:25.286165+00:00,104.9,12,bid,,,4169930
2026-07-02T13:05:25.740735,2026-07-02T13:05:25.749288+00:00,104.9,11,bid,,,4169939
2026-07-02T13:05:26.246067,2026-07-02T13:05:26.258545+00:00,104.9,50,bid,,,4169945
2026-07-02T13:05:26.953397,2026-07-02T13:05:26.962706+00:00,104.9,12,bid,,,4169961
2026-07-02T13:05:27.085335,2026-07-02T13:05:27.096807+00:00,105.1,100,bid,,,4169963
2026-07-02T13:05:27.085335,2026-07-02T13:05:27.096807+00:00,105.2,4,bid,,,4169964
2026-07-02T13:05:27.127273,2026-07-02T13:05:27.133614+00:00,105.3,4,ask,,,4169965
2026-07-02T13:05:27.159606,2026-07-02T13:05:27.168420+00:00,105.3,35,ask,,,4169966
2026-07-02T13:05:27.190991,2026-07-02T13:05:27.200866+00:00,105.3,4,ask,,,4169970
2026-07-02T13:05:27.236170,2026-07-02T13:05:27.246124+00:00,105.3,3,ask,,,4169971
2026-07-02T13:05:27.247192,2026-07-02T13:05:27.255492+00:00,105.1,1,bid,,,4169972
2026-07-02T13:05:27.379339,2026-07-02T13:05:27.387280+00:00,105.8,22,bid,,,4169979
2026-07-02T13:05:28.373773,2026-07-02T13:05:28.385446+00:00,105.7,44,bid,,,4170002
2026-07-02T13:05:28.382678,2026-07-02T13:05:28.390433+00:00,105.2,22,ask,,,4170005
2026-07-02T13:05:28.879440,2026-07-02T13:05:28.889380+00:00,105.2,48,ask,,,4170026
2026-07-02T13:05:30.460144,2026-07-02T13:05:30.471722+00:00,105.4,50,bid,,,4170067
2026-07-02T13:05:30.472712,2026-07-02T13:05:30.484009+00:00,105.4,43,bid,,,4170068
2026-07-02T13:05:30.525836,2026-07-02T13:05:30.537151+00:00,105.2,30,ask,,,4170070
2026-07-02T13:05:32.567231,2026-07-02T13:05:32.573600+00:00,105.2,2,bid,,,4170118
2026-07-02T13:05:32.567231,2026-07-02T13:05:32.578949+00:00,105.3,48,bid,,,4170119
2026-07-02T13:05:34.675532,2026-07-02T13:05:34.686305+00:00,105.5,50,bid,,,4170172
2026-07-02T13:05:36.584334,2026-07-02T13:05:36.596074+00:00,105.3,1,ask,,,4170219
2026-07-02T13:05:37.542220,2026-07-02T13:05:37.548928+00:00,105.3,48,ask,,,4170241
2026-07-02T13:05:38.909260,2026-07-02T13:05:38.917757+00:00,105.6,50,bid,,,4170281
2026-07-02T13:05:39.073954,2026-07-02T13:05:39.080944+00:00,105.6,47,bid,,,4170294
2026-07-02T13:05:40.730314,2026-07-02T13:05:40.738024+00:00,105.6,3,bid,,,4170329
2026-07-02T13:05:40.730314,2026-07-02T13:05:40.738024+00:00,105.6,41,bid,,,4170330
2026-07-02T13:05:40.916688,2026-07-02T13:05:40.926062+00:00,105.4,11,ask,,,4170335
2026-07-02T13:05:41.040420,2026-07-02T13:05:41.058576+00:00,105.6,50,bid,,,4170339
2026-07-02T13:05:42.603889,2026-07-02T13:05:42.618092+00:00,105.4,44,ask,,,4170370
2026-07-02T13:05:42.922241,2026-07-02T13:05:42.930693+00:00,105.6,3,ask,,,4170380
2026-07-02T13:05:43.202763,2026-07-02T13:05:43.220467+00:00,105.6,50,ask,,,4170387
2026-07-02T13:05:45.309133,2026-07-02T13:05:45.321009+00:00,105.6,50,ask,,,4170438
2026-07-02T13:05:47.366171,2026-07-02T13:05:47.374555+00:00,105.6,50,bid,,,4170496
2026-07-02T13:05:48.321009,2026-07-02T13:05:48.332837+00:00,105.6,49,bid,,,4170519
2026-07-02T13:05:49.472665,2026-07-02T13:05:49.478884+00:00,105.7,50,bid,,,4170543
2026-07-02T13:05:50.381184,2026-07-02T13:05:50.392057+00:00,105.5,43,ask,,,4170562
2026-07-02T13:05:51.579489,2026-07-02T13:05:51.587300+00:00,105.9,50,bid,,,4170582
2026-07-02T13:05:53.684039,2026-07-02T13:05:53.695720+00:00,105.9,50,bid,,,4170629
2026-07-02T13:05:54.662376,2026-07-02T13:05:54.669532+00:00,105.5,49,ask,,,4170648
2026-07-02T13:05:55.148412,2026-07-02T13:05:55.154734+00:00,105.9,41,bid,,,4170653
2026-07-02T13:05:55.791473,2026-07-02T13:05:55.803275+00:00,105.9,9,bid,,,4170661
2026-07-02T13:05:55.791473,2026-07-02T13:05:55.803275+00:00,105.9,41,bid,,,4170662
2026-07-02T13:05:57.901900,2026-07-02T13:05:57.913561+00:00,105.9,50,bid,,,4170706
2026-07-02T13:05:58.388165,2026-07-02T13:05:58.395891+00:00,105.7,4,ask,,,4170712
2026-07-02T13:05:58.505494,2026-07-02T13:05:58.517161+00:00,105.7,4,ask,,,4170713
2026-07-02T13:05:59.031745,2026-07-02T13:05:59.042835+00:00,105.8,4,ask,,,4170722
2026-07-02T13:05:59.407652,2026-07-02T13:05:59.415032+00:00,105.8,4,ask,,,4170726
2026-07-02T13:05:59.453107,2026-07-02T13:05:59.464758+00:00,105.8,3,ask,,,4170727
2026-07-02T13:06:00.007057,2026-07-02T13:06:00.018486+00:00,106.3,50,bid,,,4170740
2026-07-02T13:06:00.027898,2026-07-02T13:06:00.034422+00:00,105.8,3,ask,,,4170742
2026-07-02T13:06:00.091361,2026-07-02T13:06:00.102711+00:00,105.8,3,ask,,,4170746
2026-07-02T13:06:00.132700,2026-07-02T13:06:00.144041+00:00,105.8,3,ask,,,4170747
2026-07-02T13:06:00.201689,2026-07-02T13:06:00.212065+00:00,105.8,3,ask,,,4170752
2026-07-02T13:06:01.134718,2026-07-02T13:06:01.144850+00:00,105.8,3,ask,,,4170777
2026-07-02T13:06:01.186825,2026-07-02T13:06:01.195728+00:00,105.8,48,ask,,,4170778
2026-07-02T13:06:01.836275,2026-07-02T13:06:01.847687+00:00,105.8,44,ask,,,4170785
2026-07-02T13:06:01.885652,2026-07-02T13:06:01.893960+00:00,105.8,3,ask,,,4170786
2026-07-02T13:06:01.978582,2026-07-02T13:06:01.989431+00:00,105.8,25,ask,,,4170795
2026-07-02T13:06:02.033336,2026-07-02T13:06:02.041903+00:00,105.8,22,ask,,,4170800
2026-07-02T13:06:02.113463,2026-07-02T13:06:02.123717+00:00,105.9,3,bid,,,4170807
2026-07-02T13:06:02.113463,2026-07-02T13:06:02.123717+00:00,106.0,47,bid,,,4170808
2026-07-02T13:06:02.214231,2026-07-02T13:06:02.225103+00:00,105.8,25,ask,,,4170816
2026-07-02T13:06:02.427879,2026-07-02T13:06:02.435277+00:00,105.8,25,ask,,,4170831
2026-07-02T13:06:02.633604,2026-07-02T13:06:02.641999+00:00,106.0,22,bid,,,4170841
2026-07-02T13:06:03.009770,2026-07-02T13:06:03.021303+00:00,106.0,49,bid,,,4170843
2026-07-02T13:06:04.219744,2026-07-02T13:06:04.229841+00:00,105.8,50,bid,,,4170875
2026-07-02T13:06:05.220080,2026-07-02T13:06:05.227023+00:00,105.7,22,ask,,,4170899
2026-07-02T13:06:05.244679,2026-07-02T13:06:05.253399+00:00,105.7,25,ask,,,4170902
2026-07-02T13:06:05.453185,2026-07-02T13:06:05.464585+00:00,105.7,25,ask,,,4170905
2026-07-02T13:06:05.664881,2026-07-02T13:06:05.675238+00:00,105.7,25,ask,,,4170913
2026-07-02T13:06:06.237116,2026-07-02T13:06:06.247376+00:00,106.2,22,bid,,,4170923
2026-07-02T13:06:06.379077,2026-07-02T13:06:06.390535+00:00,105.7,50,ask,,,4170928
2026-07-02T13:06:06.425634,2026-07-02T13:06:06.433905+00:00,105.7,3,ask,,,4170929
2026-07-02T13:06:06.425634,2026-07-02T13:06:06.433905+00:00,105.6,2,ask,,,4170930
2026-07-02T13:06:06.425634,2026-07-02T13:06:06.439135+00:00,105.5,41,ask,,,4170931
2026-07-02T13:06:09.503381,2026-07-02T13:06:09.514412+00:00,105.7,43,bid,,,4171011
2026-07-02T13:06:12.693186,2026-07-02T13:06:12.704897+00:00,105.2,50,ask,,,4171080
2026-07-02T13:06:13.685073,2026-07-02T13:06:13.696788+00:00,105.7,45,bid,,,4171093
2026-07-02T13:06:16.903483,2026-07-02T13:06:16.911487+00:00,105.3,50,ask,,,4171148
2026-07-02T13:06:18.483994,2026-07-02T13:06:18.495419+00:00,105.6,46,bid,,,4171172
2026-07-02T13:06:18.993457,2026-07-02T13:06:19.006156+00:00,105.5,1,ask,,,4171199
2026-07-02T13:06:19.008414,2026-07-02T13:06:19.026584+00:00,105.1,50,ask,,,4171203
2026-07-02T13:06:19.598269,2026-07-02T13:06:19.609129+00:00,105.1,48,ask,,,4171215
2026-07-02T13:06:20.948217,2026-07-02T13:06:20.957216+00:00,105.4,2,ask,,,4171233
2026-07-02T13:06:20.958533,2026-07-02T13:06:20.967790+00:00,105.4,4,bid,,,4171236
2026-07-02T13:06:21.078142,2026-07-02T13:06:21.085506+00:00,105.1,40,ask,,,4171244
2026-07-02T13:06:21.116135,2026-07-02T13:06:21.123306+00:00,105.1,50,ask,,,4171248
2026-07-02T13:06:21.837673,2026-07-02T13:06:21.844744+00:00,105.4,3,bid,,,4171264
2026-07-02T13:06:22.193654,2026-07-02T13:06:22.205175+00:00,105.4,49,bid,,,4171268
2026-07-02T13:06:22.651277,2026-07-02T13:06:22.652426+00:00,104.9,42,ask,,,4171280
2026-07-02T13:06:22.924815,2026-07-02T13:06:22.934891+00:00,105.4,25,bid,,,4171283
2026-07-02T13:06:23.134143,2026-07-02T13:06:23.141126+00:00,105.4,25,bid,,,4171287
2026-07-02T13:06:23.192166,2026-07-02T13:06:23.202861+00:00,105.4,42,bid,,,4171290
2026-07-02T13:06:23.192166,2026-07-02T13:06:23.202861+00:00,105.4,8,bid,,,4171291
2026-07-02T13:06:23.344309,2026-07-02T13:06:23.350643+00:00,105.4,25,bid,,,4171309
2026-07-02T13:06:23.554227,2026-07-02T13:06:23.558589+00:00,105.4,25,bid,,,4171316
2026-07-02T13:06:23.698048,2026-07-02T13:06:23.707927+00:00,105.4,42,bid,,,4171319
2026-07-02T13:06:25.041631,2026-07-02T13:06:25.050045+00:00,105.9,22,bid,,,4171348
2026-07-02T13:06:25.444100,2026-07-02T13:06:25.453855+00:00,105.4,22,ask,,,4171370
2026-07-02T13:06:27.435861,2026-07-02T13:06:27.446883+00:00,105.8,50,bid,,,4171411
2026-07-02T13:06:27.600535,2026-07-02T13:06:27.612272+00:00,105.8,43,bid,,,4171415
2026-07-02T13:06:29.592798,2026-07-02T13:06:29.604386+00:00,105.7,50,ask,,,4171468
2026-07-02T13:06:31.652860,2026-07-02T13:06:31.658577+00:00,106.0,50,bid,,,4171513
2026-07-02T13:06:33.762841,2026-07-02T13:06:33.774280+00:00,106.1,50,bid,,,4171547
2026-07-02T13:06:34.738807,2026-07-02T13:06:34.744403+00:00,106.0,3,ask,,,4171568
2026-07-02T13:06:35.869275,2026-07-02T13:06:35.879616+00:00,106.4,50,bid,,,4171604
2026-07-02T13:06:36.740579,2026-07-02T13:06:36.751452+00:00,106.2,11,ask,,,4171616
2026-07-02T13:06:36.783231,2026-07-02T13:06:36.794577+00:00,106.2,25,ask,,,4171621
2026-07-02T13:06:36.991801,2026-07-02T13:06:37.002624+00:00,106.2,25,ask,,,4171625
2026-07-02T13:06:36.998446,2026-07-02T13:06:37.007852+00:00,106.2,4,ask,,,4171627
2026-07-02T13:06:37.055239,2026-07-02T13:06:37.063835+00:00,106.2,22,ask,,,4171633
2026-07-02T13:06:37.200400,2026-07-02T13:06:37.212155+00:00,106.2,25,ask,,,4171635
2026-07-02T13:06:37.375260,2026-07-02T13:06:37.387139+00:00,106.2,12,ask,,,4171643
2026-07-02T13:06:37.415772,2026-07-02T13:06:37.425563+00:00,106.2,25,ask,,,4171645
2026-07-02T13:06:37.625230,2026-07-02T13:06:37.636846+00:00,106.2,1,ask,,,4171648
2026-07-02T13:06:37.654270,2026-07-02T13:06:37.654497+00:00,106.5,22,bid,,,4171653
2026-07-02T13:06:38.026887,2026-07-02T13:06:38.033950+00:00,105.9,50,ask,,,4171662
2026-07-02T13:06:38.287782,2026-07-02T13:06:38.299195+00:00,105.9,47,ask,,,4171668
2026-07-02T13:06:39.952631,2026-07-02T13:06:39.963350+00:00,106.1,12,bid,,,4171713
2026-07-02T13:06:40.038903,2026-07-02T13:06:40.050485+00:00,105.9,3,ask,,,4171715
2026-07-02T13:06:40.085095,2026-07-02T13:06:40.096650+00:00,106.1,50,bid,,,4171717
2026-07-02T13:06:42.089806,2026-07-02T13:06:42.097829+00:00,105.6,40,ask,,,4171766
2026-07-02T13:06:42.261628,2026-07-02T13:06:42.276544+00:00,105.6,50,ask,,,4171774
2026-07-02T13:06:43.164083,2026-07-02T13:06:43.182586+00:00,105.8,11,bid,,,4171786
2026-07-02T13:06:44.332256,2026-07-02T13:06:44.344063+00:00,105.8,50,bid,,,4171816
2026-07-02T13:06:45.000433,2026-07-02T13:06:45.009918+00:00,105.7,5,ask,,,4171827
2026-07-02T13:06:45.966120,2026-07-02T13:06:45.977902+00:00,105.6,40,ask,,,4171843
2026-07-02T13:06:46.511846,2026-07-02T13:06:46.525063+00:00,105.6,50,ask,,,4171864
2026-07-02T13:06:46.531363,2026-07-02T13:06:46.538700+00:00,105.9,1,bid,,,4171869
2026-07-02T13:06:46.539783,2026-07-02T13:06:46.547580+00:00,106.0,2,bid,,,4171871
2026-07-02T13:06:47.503776,2026-07-02T13:06:47.516063+00:00,106.0,46,bid,,,4171897
2026-07-02T13:06:48.621551,2026-07-02T13:06:48.633213+00:00,105.6,4,ask,,,4171927
2026-07-02T13:06:48.621551,2026-07-02T13:06:48.633213+00:00,105.6,46,ask,,,4171928
2026-07-02T13:06:49.725834,2026-07-02T13:06:49.737527+00:00,106.1,46,bid,,,4171952
2026-07-02T13:06:50.579924,2026-07-02T13:06:50.591289+00:00,105.8,100,ask,,,4171977
2026-07-02T13:06:50.678676,2026-07-02T13:06:50.693455+00:00,106.3,50,bid,,,4171981
2026-07-02T13:06:52.786638,2026-07-02T13:06:52.798415+00:00,106.2,50,bid,,,4172038
2026-07-02T13:06:55.701207,2026-07-02T13:06:55.710092+00:00,106.0,6,bid,,,4172090
2026-07-02T13:06:56.353910,2026-07-02T13:06:56.365508+00:00,106.1,40,ask,,,4172110
2026-07-02T13:06:56.925379,2026-07-02T13:06:56.936843+00:00,106.1,45,ask,,,4172116
2026-07-02T13:06:59.541469,2026-07-02T13:06:59.558556+00:00,106.3,45,bid,,,4172174
2026-07-02T13:07:00.075202,2026-07-02T13:07:00.082994+00:00,106.3,46,bid,,,4172180
2026-07-02T13:07:00.130301,2026-07-02T13:07:00.141569+00:00,106.2,42,ask,,,4172182
2026-07-02T13:07:00.602710,2026-07-02T13:07:00.610083+00:00,106.2,2,ask,,,4172196
2026-07-02T13:07:01.270674,2026-07-02T13:07:01.282248+00:00,106.2,50,ask,,,4172211
2026-07-02T13:07:01.889124,2026-07-02T13:07:01.896554+00:00,106.3,47,bid,,,4172217
2026-07-02T13:07:02.031437,2026-07-02T13:07:02.040481+00:00,106.4,12,ask,,,4172221
2026-07-02T13:07:02.079609,2026-07-02T13:07:02.089756+00:00,106.4,22,ask,,,4172225
2026-07-02T13:07:02.087742,2026-07-02T13:07:02.094880+00:00,106.4,25,ask,,,4172226
2026-07-02T13:07:02.265890,2026-07-02T13:07:02.281327+00:00,106.4,23,ask,,,4172232
2026-07-02T13:07:03.119416,2026-07-02T13:07:03.127214+00:00,106.4,4,ask,,,4172263
2026-07-02T13:07:03.228536,2026-07-02T13:07:03.237963+00:00,106.4,64,ask,,,4172266
2026-07-02T13:07:03.239088,2026-07-02T13:07:03.247134+00:00,105.9,34,bid,,,4172267
2026-07-02T13:07:03.284021,2026-07-02T13:07:03.291266+00:00,105.9,2,bid,,,4172270
2026-07-02T13:07:05.428787,2026-07-02T13:07:05.440213+00:00,106.2,50,bid,,,4172306
2026-07-02T13:07:07.858362,2026-07-02T13:07:07.869727+00:00,105.8,4,ask,,,4172354
2026-07-02T13:07:07.858362,2026-07-02T13:07:07.869727+00:00,105.7,36,ask,,,4172355
2026-07-02T13:07:09.471047,2026-07-02T13:07:09.482477+00:00,106.1,40,bid,,,4172394
2026-07-02T13:07:09.646655,2026-07-02T13:07:09.658115+00:00,106.1,50,bid,,,4172396
2026-07-02T13:07:11.585668,2026-07-02T13:07:11.597425+00:00,105.9,4,ask,,,4172432
2026-07-02T13:07:11.585668,2026-07-02T13:07:11.597425+00:00,105.9,36,ask,,,4172433
2026-07-02T13:07:11.760838,2026-07-02T13:07:11.769856+00:00,106.1,50,bid,,,4172437
2026-07-02T13:07:13.896388,2026-07-02T13:07:13.904887+00:00,106.1,3,bid,,,4172485
2026-07-02T13:07:13.923448,2026-07-02T13:07:13.932424+00:00,105.9,50,ask,,,4172487
2026-07-02T13:07:15.978269,2026-07-02T13:07:15.989713+00:00,106.0,50,bid,,,4172536
2026-07-02T13:07:16.031652,2026-07-02T13:07:16.039121+00:00,105.9,42,ask,,,4172537
2026-07-02T13:07:18.086307,2026-07-02T13:07:18.097741+00:00,106.2,50,bid,,,4172586
2026-07-02T13:07:18.895270,2026-07-02T13:07:18.906299+00:00,106.2,46,bid,,,4172598
2026-07-02T13:07:21.023079,2026-07-02T13:07:21.031867+00:00,106.0,11,ask,,,4172655
2026-07-02T13:07:21.100037,2026-07-02T13:07:21.109560+00:00,106.0,22,ask,,,4172661
2026-07-02T13:07:21.601450,2026-07-02T13:07:21.612924+00:00,106.0,46,ask,,,4172670
2026-07-02T13:07:22.352357,2026-07-02T13:07:22.356103+00:00,106.0,50,ask,,,4172688
2026-07-02T13:07:22.545080,2026-07-02T13:07:22.556042+00:00,106.0,21,ask,,,4172698
2026-07-02T13:07:23.150573,2026-07-02T13:07:23.156728+00:00,106.1,40,bid,,,4172708
2026-07-02T13:07:23.303177,2026-07-02T13:07:23.310118+00:00,106.1,22,bid,,,4172712
2026-07-02T13:07:24.533635,2026-07-02T13:07:24.541520+00:00,105.8,11,bid,,,4172748
2026-07-02T13:07:24.742460,2026-07-02T13:07:24.752037+00:00,105.6,48,ask,,,4172756
2026-07-02T13:07:25.240938,2026-07-02T13:07:25.248549+00:00,105.8,2,bid,,,4172762
2026-07-02T13:07:25.271462,2026-07-02T13:07:25.282916+00:00,105.8,2,bid,,,4172763
2026-07-02T13:07:25.301261,2026-07-02T13:07:25.312849+00:00,105.8,2,bid,,,4172764
2026-07-02T13:07:25.331411,2026-07-02T13:07:25.338258+00:00,105.8,1,bid,,,4172765
2026-07-02T13:07:25.381649,2026-07-02T13:07:25.391345+00:00,105.8,46,bid,,,4172766
2026-07-02T13:07:25.435003,2026-07-02T13:07:25.443536+00:00,105.8,2,bid,,,4172767
2026-07-02T13:07:25.569205,2026-07-02T13:07:25.579614+00:00,105.8,1,bid,,,4172769
2026-07-02T13:07:25.653615,2026-07-02T13:07:25.657787+00:00,105.8,1,bid,,,4172776
2026-07-02T13:07:25.698739,2026-07-02T13:07:25.705835+00:00,105.8,1,bid,,,4172777
2026-07-02T13:07:26.000078,2026-07-02T13:07:26.011854+00:00,105.8,40,bid,,,4172785
2026-07-02T13:07:26.246472,2026-07-02T13:07:26.254447+00:00,105.8,2,bid,,,4172790
2026-07-02T13:07:26.287987,2026-07-02T13:07:26.295742+00:00,105.8,2,bid,,,4172791
2026-07-02T13:07:26.564823,2026-07-02T13:07:26.576062+00:00,105.7,50,ask,,,4172797
2026-07-02T13:07:28.246311,2026-07-02T13:07:28.257738+00:00,105.7,49,ask,,,4172834
2026-07-02T13:07:28.479125,2026-07-02T13:07:28.489636+00:00,105.7,23,ask,,,4172843
2026-07-02T13:07:28.508555,2026-07-02T13:07:28.515665+00:00,105.7,22,ask,,,4172848
2026-07-02T13:07:28.522709,2026-07-02T13:07:28.531378+00:00,105.7,100,ask,,,4172849
2026-07-02T13:07:28.671357,2026-07-02T13:07:28.680435+00:00,105.7,5,ask,,,4172858
2026-07-02T13:07:28.708669,2026-07-02T13:07:28.716267+00:00,106.2,3,bid,,,4172860
2026-07-02T13:07:28.708669,2026-07-02T13:07:28.716267+00:00,106.2,19,bid,,,4172861
2026-07-02T13:07:30.561976,2026-07-02T13:07:30.571273+00:00,105.5,23,bid,,,4172891
2026-07-02T13:07:32.297664,2026-07-02T13:07:32.305596+00:00,105.5,3,bid,,,4172939
2026-07-02T13:07:32.844966,2026-07-02T13:07:32.863959+00:00,105.5,50,bid,,,4172952
2026-07-02T13:07:33.786399,2026-07-02T13:07:33.796520+00:00,105.4,48,ask,,,4172982
2026-07-02T13:07:38.475415,2026-07-02T13:07:38.486792+00:00,105.6,48,bid,,,4173120
2026-07-02T13:07:39.986508,2026-07-02T13:07:39.998107+00:00,105.1,46,ask,,,4173153
2026-07-02T13:07:41.032358,2026-07-02T13:07:41.040372+00:00,105.5,3,ask,,,4173183
2026-07-02T13:07:41.312788,2026-07-02T13:07:41.319529+00:00,105.5,3,bid,,,4173191
2026-07-02T13:07:41.330401,2026-07-02T13:07:41.340467+00:00,105.2,50,ask,,,4173193
2026-07-02T13:07:43.437535,2026-07-02T13:07:43.449249+00:00,105.4,2,ask,,,4173246
2026-07-02T13:07:43.437535,2026-07-02T13:07:43.449249+00:00,105.2,48,ask,,,4173247
2026-07-02T13:07:43.962775,2026-07-02T13:07:43.974048+00:00,105.5,40,bid,,,4173265
2026-07-02T13:07:45.554365,2026-07-02T13:07:45.558546+00:00,105.4,1,ask,,,4173307
2026-07-02T13:07:45.554365,2026-07-02T13:07:45.558546+00:00,105.3,49,ask,,,4173308
2026-07-02T13:07:46.383985,2026-07-02T13:07:46.395809+00:00,105.3,51,ask,,,4173325
2026-07-02T13:07:47.661178,2026-07-02T13:07:47.672862+00:00,104.9,50,ask,,,4173358
2026-07-02T13:07:48.765007,2026-07-02T13:07:48.776408+00:00,105.3,44,bid,,,4173389
2026-07-02T13:07:49.401719,2026-07-02T13:07:49.413363+00:00,104.9,42,ask,,,4173400
2026-07-02T13:07:50.677657,2026-07-02T13:07:50.689246+00:00,105.1,100,ask,,,4173425
2026-07-02T13:07:50.731361,2026-07-02T13:07:50.738806+00:00,105.5,4,bid,,,4173427
2026-07-02T13:07:52.182306,2026-07-02T13:07:52.189650+00:00,105.6,45,bid,,,4173465
2026-07-02T13:07:52.718184,2026-07-02T13:07:52.727230+00:00,105.4,3,bid,,,4173473
2026-07-02T13:07:52.820846,2026-07-02T13:07:52.830455+00:00,104.9,45,ask,,,4173475
2026-07-02T13:07:53.942648,2026-07-02T13:07:53.953275+00:00,105.4,50,bid,,,4173502
2026-07-02T13:07:53.946761,2026-07-02T13:07:53.958891+00:00,105.1,22,ask,,,4173505
2026-07-02T13:07:54.323807,2026-07-02T13:07:54.331851+00:00,105.4,41,bid,,,4173512
2026-07-02T13:07:56.050685,2026-07-02T13:07:56.063614+00:00,105.6,50,bid,,,4173546
2026-07-02T13:07:58.162433,2026-07-02T13:07:58.173976+00:00,105.6,50,bid,,,4173593
2026-07-02T13:08:00.269072,2026-07-02T13:08:00.280486+00:00,105.5,50,bid,,,4173651
2026-07-02T13:08:02.376616,2026-07-02T13:08:02.388117+00:00,105.5,50,bid,,,4173694
2026-07-02T13:08:03.546010,2026-07-02T13:08:03.553218+00:00,105.5,5,ask,,,4173722
2026-07-02T13:08:03.625697,2026-07-02T13:08:03.634360+00:00,105.5,5,ask,,,4173723
2026-07-02T13:08:03.937524,2026-07-02T13:08:03.945846+00:00,105.5,3,ask,,,4173726
2026-07-02T13:08:03.996754,2026-07-02T13:08:04.008236+00:00,105.5,4,ask,,,4173728
2026-07-02T13:08:04.126954,2026-07-02T13:08:04.136413+00:00,105.5,4,ask,,,4173731
2026-07-02T13:08:04.283530,2026-07-02T13:08:04.294908+00:00,105.5,4,ask,,,4173735
2026-07-02T13:08:04.412593,2026-07-02T13:08:04.420594+00:00,105.5,4,ask,,,4173747
2026-07-02T13:08:04.482777,2026-07-02T13:08:04.494120+00:00,105.7,50,bid,,,4173753
2026-07-02T13:08:05.159710,2026-07-02T13:08:05.169297+00:00,105.5,4,ask,,,4173763
2026-07-02T13:08:05.246143,2026-07-02T13:08:05.255416+00:00,105.5,11,ask,,,4173765
2026-07-02T13:08:05.347919,2026-07-02T13:08:05.358543+00:00,105.5,22,ask,,,4173769
2026-07-02T13:08:06.589816,2026-07-02T13:08:06.601398+00:00,105.6,4,bid,,,4173808
2026-07-02T13:08:06.589816,2026-07-02T13:08:06.601398+00:00,105.6,46,bid,,,4173809
2026-07-02T13:08:08.697207,2026-07-02T13:08:08.706282+00:00,105.6,50,bid,,,4173863
2026-07-02T13:08:09.619602,2026-07-02T13:08:09.631127+00:00,105.6,5,bid,,,4173887
2026-07-02T13:08:10.395881,2026-07-02T13:08:10.403339+00:00,105.6,5,ask,,,4173910
2026-07-02T13:08:10.530511,2026-07-02T13:08:10.538364+00:00,105.6,12,ask,,,4173915
2026-07-02T13:08:10.756680,2026-07-02T13:08:10.763794+00:00,105.6,5,ask,,,4173923
2026-07-02T13:08:10.790263,2026-07-02T13:08:10.802163+00:00,105.6,5,ask,,,4173924
2026-07-02T13:08:10.803328,2026-07-02T13:08:10.812748+00:00,105.8,50,bid,,,4173926
2026-07-02T13:08:11.773408,2026-07-02T13:08:11.784777+00:00,105.6,4,ask,,,4173942
2026-07-02T13:08:12.758331,2026-07-02T13:08:12.769656+00:00,106.0,22,bid,,,4173971
2026-07-02T13:08:13.155736,2026-07-02T13:08:13.164430+00:00,105.5,22,ask,,,4174007
2026-07-02T13:08:13.757378,2026-07-02T13:08:13.768989+00:00,105.8,22,bid,,,4174023
2026-07-02T13:08:14.957917,2026-07-02T13:08:14.969411+00:00,105.7,22,ask,,,4174057
2026-07-02T13:08:15.119136,2026-07-02T13:08:15.130912+00:00,105.7,40,ask,,,4174070
2026-07-02T13:08:15.158217,2026-07-02T13:08:15.166232+00:00,105.8,7,bid,,,4174075
2026-07-02T13:08:15.959961,2026-07-02T13:08:15.971656+00:00,105.7,22,ask,,,4174096
2026-07-02T13:08:17.120533,2026-07-02T13:08:17.132050+00:00,106.0,50,bid,,,4174136
2026-07-02T13:08:17.962167,2026-07-02T13:08:17.968987+00:00,106.0,22,bid,,,4174156
2026-07-02T13:08:19.179391,2026-07-02T13:08:19.189059+00:00,105.6,22,ask,,,4174178
2026-07-02T13:08:19.280182,2026-07-02T13:08:19.291762+00:00,105.6,50,ask,,,4174179
2026-07-02T13:08:19.558873,2026-07-02T13:08:19.566197+00:00,105.8,45,bid,,,4174191
2026-07-02T13:08:21.386963,2026-07-02T13:08:21.398462+00:00,105.6,28,ask,,,4174235
2026-07-02T13:08:21.386963,2026-07-02T13:08:21.398462+00:00,105.5,5,ask,,,4174236
2026-07-02T13:08:21.386963,2026-07-02T13:08:21.398462+00:00,105.4,17,ask,,,4174237
2026-07-02T13:08:21.567478,2026-07-02T13:08:21.578282+00:00,105.9,22,bid,,,4174245
2026-07-02T13:08:21.765480,2026-07-02T13:08:21.774370+00:00,105.9,19,bid,,,4174249
2026-07-02T13:08:23.503667,2026-07-02T13:08:23.514412+00:00,105.4,50,ask,,,4174303
2026-07-02T13:08:25.618913,2026-07-02T13:08:25.630326+00:00,105.3,50,ask,,,4174357
2026-07-02T13:08:26.544071,2026-07-02T13:08:26.555381+00:00,105.3,43,ask,,,4174370
2026-07-02T13:08:27.530830,2026-07-02T13:08:27.542261+00:00,105.3,100,ask,,,4174410
2026-07-02T13:08:27.543906,2026-07-02T13:08:27.552743+00:00,105.2,12,bid,,,4174411
2026-07-02T13:08:27.570101,2026-07-02T13:08:27.577915+00:00,105.2,14,bid,,,4174414
2026-07-02T13:08:27.594848,2026-07-02T13:08:27.606454+00:00,105.2,24,bid,,,4174416
2026-07-02T13:08:27.594848,2026-07-02T13:08:27.606454+00:00,105.8,22,bid,,,4174417
2026-07-02T13:08:27.775456,2026-07-02T13:08:27.786434+00:00,105.8,22,bid,,,4174423
2026-07-02T13:08:28.172297,2026-07-02T13:08:28.179681+00:00,105.5,1,ask,,,4174442
2026-07-02T13:08:28.776115,2026-07-02T13:08:28.785521+00:00,105.3,22,ask,,,4174452
2026-07-02T13:08:28.972961,2026-07-02T13:08:28.980417+00:00,105.3,12,ask,,,4174456
2026-07-02T13:08:29.648405,2026-07-02T13:08:29.658596+00:00,105.3,41,ask,,,4174475
2026-07-02T13:08:29.830077,2026-07-02T13:08:29.841499+00:00,105.3,25,ask,,,4174482
2026-07-02T13:08:29.974561,2026-07-02T13:08:29.981958+00:00,105.8,22,bid,,,4174488
2026-07-02T13:08:30.650995,2026-07-02T13:08:30.658474+00:00,105.6,14,ask,,,4174515
2026-07-02T13:08:30.775718,2026-07-02T13:08:30.782491+00:00,105.6,22,ask,,,4174519
2026-07-02T13:08:31.860225,2026-07-02T13:08:31.871683+00:00,105.6,100,ask,,,4174532
2026-07-02T13:08:31.935552,2026-07-02T13:08:31.947281+00:00,105.6,14,ask,,,4174533
2026-07-02T13:08:31.935552,2026-07-02T13:08:31.947281+00:00,105.0,36,ask,,,4174534
2026-07-02T13:08:32.576516,2026-07-02T13:08:32.584118+00:00,105.8,1,bid,,,4174545
2026-07-02T13:08:32.981461,2026-07-02T13:08:32.990316+00:00,105.0,22,ask,,,4174550
2026-07-02T13:08:34.060699,2026-07-02T13:08:34.069044+00:00,105.0,42,ask,,,4174593
2026-07-02T13:08:34.060699,2026-07-02T13:08:34.069044+00:00,105.0,8,ask,,,4174594
2026-07-02T13:08:34.122533,2026-07-02T13:08:34.130698+00:00,105.5,11,bid,,,4174595
2026-07-02T13:08:36.667987,2026-07-02T13:08:36.679567+00:00,105.5,48,bid,,,4174651
2026-07-02T13:08:39.364735,2026-07-02T13:08:39.374112+00:00,105.6,3,bid,,,4174715
2026-07-02T13:08:40.349448,2026-07-02T13:08:40.355670+00:00,105.6,50,bid,,,4174747
2026-07-02T13:08:42.381350,2026-07-02T13:08:42.393151+00:00,105.4,5,ask,,,4174783
2026-07-02T13:08:42.381350,2026-07-02T13:08:42.393151+00:00,105.4,42,ask,,,4174784
2026-07-02T13:08:42.512519,2026-07-02T13:08:42.521525+00:00,105.4,50,ask,,,4174789
2026-07-02T13:08:42.996614,2026-07-02T13:08:43.006701+00:00,105.4,48,ask,,,4174794
2026-07-02T13:08:43.358047,2026-07-02T13:08:43.369607+00:00,105.4,5,ask,,,4174799
2026-07-02T13:08:43.370707,2026-07-02T13:08:43.380946+00:00,105.3,3,bid,,,4174800
2026-07-02T13:08:43.384191,2026-07-02T13:08:43.396200+00:00,105.3,5,bid,,,4174802
2026-07-02T13:08:43.425948,2026-07-02T13:08:43.434086+00:00,105.3,4,bid,,,4174803
2026-07-02T13:08:43.458733,2026-07-02T13:08:43.466837+00:00,105.3,40,bid,,,4174804
2026-07-02T13:08:43.501586,2026-07-02T13:08:43.508551+00:00,105.3,25,bid,,,4174806
2026-07-02T13:08:43.589851,2026-07-02T13:08:43.596284+00:00,105.3,4,bid,,,4174807
2026-07-02T13:08:43.712630,2026-07-02T13:08:43.721408+00:00,105.3,25,bid,,,4174812
2026-07-02T13:08:43.921677,2026-07-02T13:08:43.928544+00:00,105.3,25,bid,,,4174817
2026-07-02T13:08:44.131449,2026-07-02T13:08:44.138559+00:00,105.3,14,bid,,,4174821
2026-07-02T13:08:44.622550,2026-07-02T13:08:44.635886+00:00,105.4,50,ask,,,4174841
2026-07-02T13:08:44.652506,2026-07-02T13:08:44.660684+00:00,105.4,3,ask,,,4174845
2026-07-02T13:08:46.121725,2026-07-02T13:08:46.132568+00:00,105.9,46,bid,,,4174882
2026-07-02T13:08:46.641481,2026-07-02T13:08:46.652809+00:00,105.4,45,ask,,,4174889
2026-07-02T13:08:46.678754,2026-07-02T13:08:46.686187+00:00,105.7,1,bid,,,4174890
2026-07-02T13:08:46.678754,2026-07-02T13:08:46.691411+00:00,105.9,49,bid,,,4174891
2026-07-02T13:08:48.785980,2026-07-02T13:08:48.797685+00:00,105.7,1,bid,,,4174948
2026-07-02T13:08:48.785980,2026-07-02T13:08:48.797685+00:00,105.8,49,bid,,,4174949
2026-07-02T13:08:49.991931,2026-07-02T13:08:49.999706+00:00,105.4,41,ask,,,4174971
2026-07-02T13:08:50.893467,2026-07-02T13:08:50.902263+00:00,105.9,50,bid,,,4174988
2026-07-02T13:08:53.051022,2026-07-02T13:08:53.053040+00:00,105.4,50,ask,,,4175046
2026-07-02T13:08:53.098125,2026-07-02T13:08:53.109551+00:00,105.9,44,bid,,,4175047
2026-07-02T13:08:53.831768,2026-07-02T13:08:53.840118+00:00,105.4,26,ask,,,4175064
2026-07-02T13:08:53.953071,2026-07-02T13:08:53.964636+00:00,105.4,25,ask,,,4175067
2026-07-02T13:08:53.989388,2026-07-02T13:08:53.996526+00:00,105.4,100,ask,,,4175072
2026-07-02T13:08:53.999133,2026-07-02T13:08:54.006689+00:00,105.4,22,ask,,,4175074
2026-07-02T13:08:54.162500,2026-07-02T13:08:54.174231+00:00,105.4,3,ask,,,4175077
2026-07-02T13:08:54.184794,2026-07-02T13:08:54.196198+00:00,105.3,2,ask,,,4175079
2026-07-02T13:08:54.200777,2026-07-02T13:08:54.207531+00:00,105.9,22,bid,,,4175081
2026-07-02T13:08:55.157300,2026-07-02T13:08:55.163830+00:00,104.8,50,ask,,,4175109
2026-07-02T13:08:56.021389,2026-07-02T13:08:56.034607+00:00,105.1,26,bid,,,4175131
2026-07-02T13:08:56.177191,2026-07-02T13:08:56.184048+00:00,105.1,25,bid,,,4175135
2026-07-02T13:08:56.421537,2026-07-02T13:08:56.432481+00:00,105.1,25,bid,,,4175138
2026-07-02T13:08:57.097757,2026-07-02T13:08:57.109056+00:00,105.1,74,bid,,,4175157
2026-07-02T13:08:57.212062,2026-07-02T13:08:57.222785+00:00,105.6,4,bid,,,4175162
2026-07-02T13:08:57.212062,2026-07-02T13:08:57.222785+00:00,105.6,46,bid,,,4175163
2026-07-02T13:08:57.384205,2026-07-02T13:08:57.391356+00:00,105.1,26,ask,,,4175166
2026-07-02T13:08:57.405238,2026-07-02T13:08:57.412355+00:00,105.6,22,bid,,,4175170
2026-07-02T13:08:58.838698,2026-07-02T13:08:58.858575+00:00,105.6,32,bid,,,4175201
2026-07-02T13:08:58.838698,2026-07-02T13:08:58.858575+00:00,105.6,3,bid,,,4175202
2026-07-02T13:08:59.205778,2026-07-02T13:08:59.213032+00:00,105.3,22,ask,,,4175206
2026-07-02T13:08:59.369042,2026-07-02T13:08:59.375565+00:00,105.3,49,ask,,,4175213
2026-07-02T13:08:59.371459,2026-07-02T13:08:59.380551+00:00,105.3,50,ask,,,4175214
2026-07-02T13:09:00.378159,2026-07-02T13:09:00.387264+00:00,105.3,3,ask,,,4175237
2026-07-02T13:09:00.432845,2026-07-02T13:09:00.444691+00:00,105.3,25,ask,,,4175240
2026-07-02T13:09:00.647569,2026-07-02T13:09:00.655107+00:00,105.3,1,ask,,,4175244
2026-07-02T13:09:01.059815,2026-07-02T13:09:01.071592+00:00,105.3,2,ask,,,4175259
2026-07-02T13:09:01.469520,2026-07-02T13:09:01.476377+00:00,105.3,2,ask,,,4175272
2026-07-02T13:09:02.326875,2026-07-02T13:09:02.347550+00:00,105.1,100,ask,,,4175305
2026-07-02T13:09:02.339503,2026-07-02T13:09:02.347550+00:00,105.1,3,bid,,,4175306
2026-07-02T13:09:02.484418,2026-07-02T13:09:02.491189+00:00,105.1,25,bid,,,4175309
2026-07-02T13:09:02.694791,2026-07-02T13:09:02.705891+00:00,105.1,22,bid,,,4175318
2026-07-02T13:09:02.809069,2026-07-02T13:09:02.817564+00:00,105.6,3,bid,,,4175320
2026-07-02T13:09:02.809069,2026-07-02T13:09:02.817564+00:00,105.6,19,bid,,,4175321
2026-07-02T13:09:03.611457,2026-07-02T13:09:03.622947+00:00,105.0,22,ask,,,4175337
2026-07-02T13:09:05.138997,2026-07-02T13:09:05.149126+00:00,105.5,42,bid,,,4175369
2026-07-02T13:09:05.638037,2026-07-02T13:09:05.649329+00:00,105.5,50,bid,,,4175382
2026-07-02T13:09:06.113563,2026-07-02T13:09:06.124508+00:00,105.5,8,bid,,,4175386
2026-07-02T13:09:06.113563,2026-07-02T13:09:06.124508+00:00,105.6,3,bid,,,4175387
2026-07-02T13:09:06.706280,2026-07-02T13:09:06.715123+00:00,105.3,48,ask,,,4175408
2026-07-02T13:09:07.743333,2026-07-02T13:09:07.751114+00:00,105.5,3,bid,,,4175429
2026-07-02T13:09:07.743333,2026-07-02T13:09:07.756345+00:00,105.7,47,bid,,,4175430
2026-07-02T13:09:07.782361,2026-07-02T13:09:07.793795+00:00,105.7,43,bid,,,4175431
2026-07-02T13:09:08.780955,2026-07-02T13:09:08.792545+00:00,105.2,2,ask,,,4175456
2026-07-02T13:09:08.780955,2026-07-02T13:09:08.792545+00:00,105.2,45,ask,,,4175457
2026-07-02T13:09:09.851362,2026-07-02T13:09:09.868649+00:00,105.6,50,bid,,,4175478
2026-07-02T13:09:10.277405,2026-07-02T13:09:10.288992+00:00,105.6,49,bid,,,4175488
2026-07-02T13:09:11.703376,2026-07-02T13:09:11.711754+00:00,105.5,3,ask,,,4175516
2026-07-02T13:09:11.715075,2026-07-02T13:09:11.727021+00:00,105.5,7,ask,,,4175518
2026-07-02T13:09:11.759241,2026-07-02T13:09:11.770508+00:00,105.6,5,bid,,,4175521
2026-07-02T13:09:11.923172,2026-07-02T13:09:11.934787+00:00,105.6,25,ask,,,4175531
2026-07-02T13:09:11.961088,2026-07-02T13:09:11.972795+00:00,106.0,50,bid,,,4175533
2026-07-02T13:09:12.155938,2026-07-02T13:09:12.171175+00:00,105.6,25,ask,,,4175544
2026-07-02T13:09:12.376708,2026-07-02T13:09:12.387906+00:00,105.6,25,ask,,,4175551
2026-07-02T13:09:12.589071,2026-07-02T13:09:12.600511+00:00,105.6,25,ask,,,4175559
2026-07-02T13:09:14.124944,2026-07-02T13:09:14.135423+00:00,105.6,45,ask,,,4175600
2026-07-02T13:09:14.124944,2026-07-02T13:09:14.140408+00:00,105.6,5,ask,,,4175601
2026-07-02T13:09:14.803805,2026-07-02T13:09:14.814606+00:00,105.6,34,ask,,,4175615
2026-07-02T13:09:14.822424,2026-07-02T13:09:14.829835+00:00,105.6,22,ask,,,4175618
2026-07-02T13:09:14.972039,2026-07-02T13:09:14.993758+00:00,105.6,39,ask,,,4175620
2026-07-02T13:09:14.984802,2026-07-02T13:09:14.993758+00:00,105.3,1,bid,,,4175621
2026-07-02T13:09:14.994837,2026-07-02T13:09:15.002522+00:00,105.3,10,bid,,,4175623
2026-07-02T13:09:15.391080,2026-07-02T13:09:15.399096+00:00,105.3,7,bid,,,4175631
2026-07-02T13:09:15.670274,2026-07-02T13:09:15.677542+00:00,105.3,5,bid,,,4175647
2026-07-02T13:09:15.822855,2026-07-02T13:09:15.833931+00:00,105.3,22,bid,,,4175661
2026-07-02T13:09:16.233242,2026-07-02T13:09:16.244860+00:00,105.0,50,ask,,,4175674
2026-07-02T13:09:16.624806,2026-07-02T13:09:16.632786+00:00,105.3,20,bid,,,4175681
2026-07-02T13:09:17.418489,2026-07-02T13:09:17.426569+00:00,105.3,14,bid,,,4175698
2026-07-02T13:09:18.340924,2026-07-02T13:09:18.349876+00:00,105.4,50,ask,,,4175726
2026-07-02T13:09:20.446693,2026-07-02T13:09:20.448455+00:00,105.4,50,ask,,,4175780
2026-07-02T13:09:20.711935,2026-07-02T13:09:20.721095+00:00,105.4,3,ask,,,4175785
2026-07-02T13:09:22.501412,2026-07-02T13:09:22.512791+00:00,105.4,50,bid,,,4175823
2026-07-02T13:09:22.827934,2026-07-02T13:09:22.837789+00:00,105.3,4,ask,,,4175837
2026-07-02T13:09:24.657496,2026-07-02T13:09:24.669071+00:00,104.9,50,ask,,,4175888
2026-07-02T13:09:26.031482,2026-07-02T13:09:26.043189+00:00,105.2,46,bid,,,4175925
2026-07-02T13:09:26.764430,2026-07-02T13:09:26.775829+00:00,104.9,50,ask,,,4175959
2026-07-02T13:09:27.186323,2026-07-02T13:09:27.197606+00:00,105.2,7,bid,,,4175964
2026-07-02T13:09:27.618058,2026-07-02T13:09:27.628184+00:00,104.7,45,ask,,,4175978
2026-07-02T13:09:28.014033,2026-07-02T13:09:28.023921+00:00,105.1,6,bid,,,4175990
2026-07-02T13:09:28.118439,2026-07-02T13:09:28.124838+00:00,105.1,6,bid,,,4175992
2026-07-02T13:09:28.245315,2026-07-02T13:09:28.257015+00:00,104.7,40,ask,,,4175994
2026-07-02T13:09:28.635318,2026-07-02T13:09:28.644471+00:00,105.1,6,bid,,,4175997
2026-07-02T13:09:28.779136,2026-07-02T13:09:28.787625+00:00,104.9,3,bid,,,4176002
2026-07-02T13:09:28.870858,2026-07-02T13:09:28.882558+00:00,104.6,50,ask,,,4176008
2026-07-02T13:09:29.027840,2026-07-02T13:09:29.035265+00:00,104.9,6,bid,,,4176016
2026-07-02T13:09:29.217331,2026-07-02T13:09:29.223654+00:00,104.9,6,bid,,,4176018
2026-07-02T13:09:31.335118,2026-07-02T13:09:31.342573+00:00,104.9,42,bid,,,4176083
2026-07-02T13:09:31.859271,2026-07-02T13:09:31.870083+00:00,105.0,41,bid,,,4176095
2026-07-02T13:09:33.082912,2026-07-02T13:09:33.094446+00:00,104.9,5,ask,,,4176131
2026-07-02T13:09:33.082912,2026-07-02T13:09:33.094446+00:00,104.7,45,ask,,,4176132
2026-07-02T13:09:33.400128,2026-07-02T13:09:33.414270+00:00,104.9,6,ask,,,4176144
2026-07-02T13:09:33.400128,2026-07-02T13:09:33.414270+00:00,104.7,35,ask,,,4176145
2026-07-02T13:09:34.915442,2026-07-02T13:09:34.926781+00:00,104.7,20,ask,,,4176181
2026-07-02T13:09:34.915442,2026-07-02T13:09:34.926781+00:00,104.7,21,ask,,,4176182
2026-07-02T13:09:35.205010,2026-07-02T13:09:35.213870+00:00,104.7,50,ask,,,4176189
2026-07-02T13:09:35.453027,2026-07-02T13:09:35.464405+00:00,104.9,47,bid,,,4176195
2026-07-02T13:09:37.161608,2026-07-02T13:09:37.172928+00:00,104.8,2,ask,,,4176234
2026-07-02T13:09:37.310055,2026-07-02T13:09:37.321253+00:00,104.4,50,ask,,,4176238
2026-07-02T13:09:38.272578,2026-07-02T13:09:38.280361+00:00,104.8,25,bid,,,4176265
2026-07-02T13:09:38.428554,2026-07-02T13:09:38.437390+00:00,104.7,3,bid,,,4176266
2026-07-02T13:09:38.482167,2026-07-02T13:09:38.492490+00:00,104.7,25,bid,,,4176271
2026-07-02T13:09:38.692453,2026-07-02T13:09:38.703993+00:00,104.7,25,bid,,,4176273
2026-07-02T13:09:38.903467,2026-07-02T13:09:38.914301+00:00,104.7,25,bid,,,4176277
2026-07-02T13:09:39.112262,2026-07-02T13:09:39.123564+00:00,104.7,22,bid,,,4176287
2026-07-02T13:09:39.321595,2026-07-02T13:09:39.331353+00:00,104.8,25,bid,,,4176291
2026-07-02T13:09:39.447651,2026-07-02T13:09:39.455473+00:00,104.3,50,ask,,,4176297
2026-07-02T13:09:39.530717,2026-07-02T13:09:39.537885+00:00,104.8,25,bid,,,4176300
2026-07-02T13:09:40.342909,2026-07-02T13:09:40.353183+00:00,105.0,5,bid,,,4176319
2026-07-02T13:09:41.352584,2026-07-02T13:09:41.356597+00:00,105.0,4,bid,,,4176349
2026-07-02T13:09:41.554018,2026-07-02T13:09:41.565619+00:00,104.8,50,ask,,,4176357
2026-07-02T13:09:42.427439,2026-07-02T13:09:42.438827+00:00,104.8,40,ask,,,4176375
2026-07-02T13:09:43.666517,2026-07-02T13:09:43.674999+00:00,104.8,10,ask,,,4176412
2026-07-02T13:09:43.666517,2026-07-02T13:09:43.674999+00:00,104.7,1,ask,,,4176413
2026-07-02T13:09:43.666517,2026-07-02T13:09:43.680257+00:00,104.7,39,ask,,,4176414
2026-07-02T13:09:45.660161,2026-07-02T13:09:45.671939+00:00,105.0,4,bid,,,4176464
2026-07-02T13:09:45.660161,2026-07-02T13:09:45.671939+00:00,105.1,40,bid,,,4176465
2026-07-02T13:09:45.777027,2026-07-02T13:09:45.786625+00:00,104.7,50,ask,,,4176469
2026-07-02T13:09:46.436578,2026-07-02T13:09:46.447878+00:00,105.0,4,bid,,,4176490
2026-07-02T13:09:46.570601,2026-07-02T13:09:46.577463+00:00,105.0,1,bid,,,4176492
2026-07-02T13:09:47.766411,2026-07-02T13:09:47.776072+00:00,104.9,45,bid,,,4176519
2026-07-02T13:09:47.912668,2026-07-02T13:09:47.920891+00:00,104.7,50,ask,,,4176523
2026-07-02T13:09:49.691547,2026-07-02T13:09:49.698782+00:00,104.9,4,bid,,,4176553
2026-07-02T13:09:50.018070,2026-07-02T13:09:50.030000+00:00,104.7,2,ask,,,4176566
2026-07-02T13:09:50.018070,2026-07-02T13:09:50.030000+00:00,104.7,2,ask,,,4176567
2026-07-02T13:09:50.018070,2026-07-02T13:09:50.030000+00:00,104.6,46,ask,,,4176568
2026-07-02T13:09:51.475008,2026-07-02T13:09:51.485180+00:00,104.6,41,ask,,,4176597
2026-07-02T13:09:52.131502,2026-07-02T13:09:52.143158+00:00,104.6,50,ask,,,4176616
2026-07-02T13:09:52.978749,2026-07-02T13:09:52.986797+00:00,104.7,11,bid,,,4176643
2026-07-02T13:09:54.436482,2026-07-02T13:09:54.448013+00:00,104.7,48,bid,,,4176669
2026-07-02T13:09:54.942820,2026-07-02T13:09:54.954640+00:00,104.7,48,bid,,,4176688
2026-07-02T13:09:55.721683,2026-07-02T13:09:55.732199+00:00,104.7,12,bid,,,4176701
2026-07-02T13:09:56.201694,2026-07-02T13:09:56.212943+00:00,104.9,4,bid,,,4176717
2026-07-02T13:09:56.289573,2026-07-02T13:09:56.296493+00:00,104.9,50,bid,,,4176720
2026-07-02T13:09:58.397783,2026-07-02T13:09:58.409199+00:00,104.9,5,bid,,,4176749
2026-07-02T13:09:58.397783,2026-07-02T13:09:58.409199+00:00,105.0,45,bid,,,4176750
2026-07-02T13:09:58.852517,2026-07-02T13:09:58.864130+00:00,104.7,41,ask,,,4176764
2026-07-02T13:09:59.358548,2026-07-02T13:09:59.368648+00:00,104.6,47,ask,,,4176774
2026-07-02T13:10:00.505865,2026-07-02T13:10:00.517309+00:00,104.9,5,bid,,,4176797
2026-07-02T13:10:00.505865,2026-07-02T13:10:00.517309+00:00,105.1,45,bid,,,4176798
2026-07-02T13:10:00.940270,2026-07-02T13:10:00.951652+00:00,104.7,48,ask,,,4176806
2026-07-02T13:10:02.674650,2026-07-02T13:10:02.683491+00:00,104.7,50,ask,,,4176841
2026-07-02T13:10:04.059792,2026-07-02T13:10:04.071131+00:00,105.0,44,bid,,,4176863
2026-07-02T13:10:05.180659,2026-07-02T13:10:05.192371+00:00,105.0,46,bid,,,4176887
2026-07-02T13:10:06.868619,2026-07-02T13:10:06.876818+00:00,105.1,50,bid,,,4176919
2026-07-02T13:10:09.032325,2026-07-02T13:10:09.044053+00:00,104.9,50,ask,,,4176958
2026-07-02T13:10:11.092071,2026-07-02T13:10:11.105876+00:00,105.3,50,bid,,,4177001
2026-07-02T13:10:11.184777,2026-07-02T13:10:11.194449+00:00,104.9,12,ask,,,4177005
2026-07-02T13:10:12.762182,2026-07-02T13:10:12.773585+00:00,104.8,45,ask,,,4177026
2026-07-02T13:10:13.272774,2026-07-02T13:10:13.280438+00:00,104.8,50,ask,,,4177032
2026-07-02T13:10:14.424244,2026-07-02T13:10:14.435732+00:00,104.8,45,ask,,,4177051
2026-07-02T13:10:17.743731,2026-07-02T13:10:17.752685+00:00,105.0,12,bid,,,4177130
2026-07-02T13:10:18.873366,2026-07-02T13:10:18.881331+00:00,105.0,46,bid,,,4177156
2026-07-02T13:10:19.542459,2026-07-02T13:10:19.553934+00:00,105.3,50,bid,,,4177168
2026-07-02T13:10:21.298050,2026-07-02T13:10:21.306314+00:00,104.9,43,ask,,,4177206
2026-07-02T13:10:21.649507,2026-07-02T13:10:21.655710+00:00,105.4,50,bid,,,4177213
2026-07-02T13:10:23.284162,2026-07-02T13:10:23.295766+00:00,105.4,49,bid,,,4177261
2026-07-02T13:10:23.819749,2026-07-02T13:10:23.831136+00:00,105.0,40,ask,,,4177267
2026-07-02T13:10:25.657712,2026-07-02T13:10:25.665028+00:00,105.5,46,bid,,,4177308
2026-07-02T13:10:25.917759,2026-07-02T13:10:25.926022+00:00,105.0,50,ask,,,4177314
2026-07-02T13:10:26.918739,2026-07-02T13:10:26.926275+00:00,105.0,26,ask,,,4177335
2026-07-02T13:10:27.313475,2026-07-02T13:10:27.325276+00:00,105.0,46,ask,,,4177344
2026-07-02T13:10:27.752347,2026-07-02T13:10:27.809393+00:00,104.9,100,ask,,,4177350
2026-07-02T13:10:27.789403,2026-07-02T13:10:27.809393+00:00,104.8,3,bid,,,4177352
2026-07-02T13:10:28.025472,2026-07-02T13:10:28.036795+00:00,104.3,50,ask,,,4177370
2026-07-02T13:10:28.421741,2026-07-02T13:10:28.431695+00:00,104.8,11,bid,,,4177374
2026-07-02T13:10:28.432211,2026-07-02T13:10:28.447395+00:00,104.8,36,bid,,,4177377
2026-07-02T13:10:28.432211,2026-07-02T13:10:28.447395+00:00,105.2,4,bid,,,4177378
2026-07-02T13:10:28.432211,2026-07-02T13:10:28.447395+00:00,105.4,7,bid,,,4177379
2026-07-02T13:10:30.863425,2026-07-02T13:10:30.873313+00:00,104.8,100,bid,,,4177439
2026-07-02T13:10:31.018445,2026-07-02T13:10:31.029892+00:00,105.2,5,bid,,,4177445
2026-07-02T13:10:31.673189,2026-07-02T13:10:31.684485+00:00,104.9,43,ask,,,4177458
2026-07-02T13:10:32.236448,2026-07-02T13:10:32.244584+00:00,104.9,7,ask,,,4177477
2026-07-02T13:10:32.236448,2026-07-02T13:10:32.244584+00:00,104.7,43,ask,,,4177478
2026-07-02T13:10:32.796400,2026-07-02T13:10:32.807877+00:00,105.1,5,bid,,,4177497
2026-07-02T13:10:32.796400,2026-07-02T13:10:32.807877+00:00,105.2,36,bid,,,4177498
2026-07-02T13:10:34.090312,2026-07-02T13:10:34.099375+00:00,104.9,12,bid,,,4177525
2026-07-02T13:10:34.344015,2026-07-02T13:10:34.351245+00:00,104.7,50,ask,,,4177529
2026-07-02T13:10:34.776303,2026-07-02T13:10:34.790669+00:00,104.9,23,bid,,,4177543
2026-07-02T13:10:34.907333,2026-07-02T13:10:34.914483+00:00,104.9,22,bid,,,4177554
2026-07-02T13:10:35.223947,2026-07-02T13:10:35.235834+00:00,104.9,93,bid,,,4177564
2026-07-02T13:10:35.380286,2026-07-02T13:10:35.391787+00:00,104.9,7,ask,,,4177565
2026-07-02T13:10:35.909507,2026-07-02T13:10:35.920898+00:00,104.4,11,ask,,,4177577
2026-07-02T13:10:36.108752,2026-07-02T13:10:36.115940+00:00,104.4,3,ask,,,4177589
2026-07-02T13:10:37.187724,2026-07-02T13:10:37.205186+00:00,105.1,3,bid,,,4177629
2026-07-02T13:10:37.206539,2026-07-02T13:10:37.214407+00:00,105.1,8,ask,,,4177630
2026-07-02T13:10:37.215466,2026-07-02T13:10:37.223332+00:00,105.1,4,ask,,,4177632
2026-07-02T13:10:37.374012,2026-07-02T13:10:37.385198+00:00,105.1,48,ask,,,4177635
2026-07-02T13:10:38.443512,2026-07-02T13:10:38.463620+00:00,105.1,87,ask,,,4177658
2026-07-02T13:10:38.507473,2026-07-02T13:10:38.515702+00:00,105.1,13,bid,,,4177660
2026-07-02T13:10:38.507473,2026-07-02T13:10:38.515702+00:00,105.6,37,bid,,,4177661
2026-07-02T13:10:38.757375,2026-07-02T13:10:38.769006+00:00,105.6,40,bid,,,4177663
2026-07-02T13:10:40.615782,2026-07-02T13:10:40.627214+00:00,105.5,50,bid,,,4177714
2026-07-02T13:10:43.793915,2026-07-02T13:10:43.805586+00:00,105.5,41,bid,,,4177783
2026-07-02T13:10:43.959517,2026-07-02T13:10:43.967693+00:00,105.1,11,ask,,,4177789
2026-07-02T13:10:44.341850,2026-07-02T13:10:44.353242+00:00,105.1,41,ask,,,4177804
2026-07-02T13:10:44.880772,2026-07-02T13:10:44.892173+00:00,105.1,50,ask,,,4177820
2026-07-02T13:10:45.302354,2026-07-02T13:10:45.313747+00:00,105.4,46,bid,,,4177826
2026-07-02T13:10:46.294916,2026-07-02T13:10:46.302102+00:00,105.4,1,bid,,,4177842
2026-07-02T13:10:46.989765,2026-07-02T13:10:46.997698+00:00,104.9,4,ask,,,4177863
2026-07-02T13:10:46.989765,2026-07-02T13:10:46.997698+00:00,104.9,46,ask,,,4177864
2026-07-02T13:10:47.315698,2026-07-02T13:10:47.327508+00:00,105.0,5,ask,,,4177873
2026-07-02T13:10:47.315698,2026-07-02T13:10:47.327508+00:00,104.9,44,ask,,,4177874
2026-07-02T13:10:48.870080,2026-07-02T13:10:48.881426+00:00,105.1,49,bid,,,4177908
2026-07-02T13:10:49.097561,2026-07-02T13:10:49.109090+00:00,105.0,5,ask,,,4177913
2026-07-02T13:10:49.097561,2026-07-02T13:10:49.109090+00:00,104.8,45,ask,,,4177914
2026-07-02T13:10:50.524750,2026-07-02T13:10:50.535274+00:00,105.3,22,bid,,,4177946
2026-07-02T13:10:50.527147,2026-07-02T13:10:50.535274+00:00,105.3,23,bid,,,4177947
2026-07-02T13:10:51.208916,2026-07-02T13:10:51.220408+00:00,105.3,50,ask,,,4177973
2026-07-02T13:10:51.817233,2026-07-02T13:10:51.828879+00:00,105.7,46,bid,,,4177987
2026-07-02T13:10:52.345699,2026-07-02T13:10:52.354015+00:00,105.3,1,ask,,,4178003
2026-07-02T13:10:53.147562,2026-07-02T13:10:53.156788+00:00,105.3,22,ask,,,4178014
2026-07-02T13:10:53.315800,2026-07-02T13:10:53.325028+00:00,105.3,27,ask,,,4178025
2026-07-02T13:10:53.315800,2026-07-02T13:10:53.325028+00:00,105.3,23,ask,,,4178026
2026-07-02T13:10:53.326566,2026-07-02T13:10:53.335510+00:00,105.3,22,ask,,,4178028
2026-07-02T13:10:53.859652,2026-07-02T13:10:53.867807+00:00,105.3,12,ask,,,4178041
2026-07-02T13:10:54.256423,2026-07-02T13:10:54.278858+00:00,105.3,93,ask,,,4178051
2026-07-02T13:10:54.269313,2026-07-02T13:10:54.278858+00:00,105.1,7,bid,,,4178052
2026-07-02T13:10:54.331010,2026-07-02T13:10:54.340668+00:00,105.8,22,bid,,,4178057
2026-07-02T13:10:54.532011,2026-07-02T13:10:54.540901+00:00,104.9,5,ask,,,4178064
2026-07-02T13:10:55.423100,2026-07-02T13:10:55.434726+00:00,104.6,50,ask,,,4178078
2026-07-02T13:10:56.271531,2026-07-02T13:10:56.289096+00:00,105.4,5,bid,,,4178100
2026-07-02T13:10:57.528998,2026-07-02T13:10:57.540337+00:00,105.0,50,ask,,,4178134
2026-07-02T13:10:58.618375,2026-07-02T13:10:58.625700+00:00,105.0,42,ask,,,4178155
2026-07-02T13:10:59.132965,2026-07-02T13:10:59.145460+00:00,105.4,44,bid,,,4178167
2026-07-02T13:10:59.635562,2026-07-02T13:10:59.648245+00:00,105.0,8,ask,,,4178174
2026-07-02T13:10:59.635562,2026-07-02T13:10:59.648245+00:00,104.9,42,ask,,,4178175
2026-07-02T13:11:00.617931,2026-07-02T13:11:00.625887+00:00,105.1,34,bid,,,4178204
2026-07-02T13:11:00.734859,2026-07-02T13:11:00.743646+00:00,105.1,22,bid,,,4178209
2026-07-02T13:11:01.155147,2026-07-02T13:11:01.166728+00:00,104.9,46,ask,,,4178219
2026-07-02T13:11:01.765018,2026-07-02T13:11:01.776557+00:00,105.0,5,ask,,,4178238
2026-07-02T13:11:01.765018,2026-07-02T13:11:01.776557+00:00,104.9,45,ask,,,4178239
2026-07-02T13:11:02.515096,2026-07-02T13:11:02.526761+00:00,105.0,5,ask,,,4178245
2026-07-02T13:11:02.586687,2026-07-02T13:11:02.595550+00:00,105.0,11,bid,,,4178249
2026-07-02T13:11:03.107200,2026-07-02T13:11:03.118884+00:00,105.0,40,bid,,,4178277
2026-07-02T13:11:03.516086,2026-07-02T13:11:03.529387+00:00,105.0,12,bid,,,4178284
2026-07-02T13:11:03.540105,2026-07-02T13:11:03.550381+00:00,105.0,23,bid,,,4178287
2026-07-02T13:11:03.870687,2026-07-02T13:11:03.882498+00:00,104.9,2,ask,,,4178303
2026-07-02T13:11:03.870687,2026-07-02T13:11:03.882498+00:00,104.8,48,ask,,,4178304
2026-07-02T13:11:04.959551,2026-07-02T13:11:04.966715+00:00,105.0,11,bid,,,4178331
2026-07-02T13:11:05.638104,2026-07-02T13:11:05.647081+00:00,105.2,4,bid,,,4178345
2026-07-02T13:11:05.638104,2026-07-02T13:11:05.647081+00:00,105.3,40,bid,,,4178346
2026-07-02T13:11:06.005192,2026-07-02T13:11:06.016882+00:00,105.1,50,ask,,,4178354
2026-07-02T13:11:08.111653,2026-07-02T13:11:08.123023+00:00,105.1,50,ask,,,4178395
2026-07-02T13:11:10.035731,2026-07-02T13:11:10.047107+00:00,105.2,100,bid,,,4178440
2026-07-02T13:11:10.171095,2026-07-02T13:11:10.180162+00:00,105.2,50,bid,,,4178444
2026-07-02T13:11:10.349200,2026-07-02T13:11:10.360687+00:00,105.7,23,bid,,,4178452
2026-07-02T13:11:12.002799,2026-07-02T13:11:12.011794+00:00,105.3,3,bid,,,4178487
2026-07-02T13:11:12.013064,2026-07-02T13:11:12.023452+00:00,105.4,23,ask,,,4178488
2026-07-02T13:11:12.101276,2026-07-02T13:11:12.112950+00:00,105.4,44,ask,,,4178493
2026-07-02T13:11:14.097712,2026-07-02T13:11:14.106548+00:00,105.7,42,bid,,,4178528
2026-07-02T13:11:14.386253,2026-07-02T13:11:14.393166+00:00,105.7,50,bid,,,4178539
2026-07-02T13:11:15.079807,2026-07-02T13:11:15.091313+00:00,105.4,48,ask,,,4178564
2026-07-02T13:11:16.484399,2026-07-02T13:11:16.495726+00:00,105.5,43,bid,,,4178595
2026-07-02T13:11:16.494928,2026-07-02T13:11:16.506396+00:00,105.5,50,bid,,,4178596
2026-07-02T13:11:19.385889,2026-07-02T13:11:19.393822+00:00,105.5,34,ask,,,4178660
2026-07-02T13:11:19.556558,2026-07-02T13:11:19.558582+00:00,105.5,68,ask,,,4178663
2026-07-02T13:11:19.588935,2026-07-02T13:11:19.600347+00:00,105.5,48,ask,,,4178664
2026-07-02T13:11:20.721963,2026-07-02T13:11:20.733352+00:00,105.5,50,bid,,,4178695
2026-07-02T13:11:21.132872,2026-07-02T13:11:21.144329+00:00,105.5,2,bid,,,4178701
2026-07-02T13:11:21.539690,2026-07-02T13:11:21.548721+00:00,105.1,2,ask,,,4178713
2026-07-02T13:11:21.550123,2026-07-02T13:11:21.561842+00:00,105.1,46,bid,,,4178715
2026-07-02T13:11:21.561079,2026-07-02T13:11:21.577416+00:00,105.1,45,bid,,,4178719
2026-07-02T13:11:22.696367,2026-07-02T13:11:22.707975+00:00,105.1,57,bid,,,4178740
2026-07-02T13:11:22.764925,2026-07-02T13:11:22.775107+00:00,105.4,23,ask,,,4178743
2026-07-02T13:11:22.828156,2026-07-02T13:11:22.837999+00:00,105.9,50,bid,,,4178746
2026-07-02T13:11:23.311760,2026-07-02T13:11:23.320192+00:00,105.4,11,ask,,,4178754
2026-07-02T13:11:24.054987,2026-07-02T13:11:24.066995+00:00,105.4,9,ask,,,4178765
2026-07-02T13:11:24.054987,2026-07-02T13:11:24.066995+00:00,105.2,5,ask,,,4178766
2026-07-02T13:11:24.054987,2026-07-02T13:11:24.066995+00:00,104.6,35,ask,,,4178767
2026-07-02T13:11:24.161981,2026-07-02T13:11:24.172509+00:00,105.9,23,bid,,,4178771
2026-07-02T13:11:24.959617,2026-07-02T13:11:24.969556+00:00,105.5,50,bid,,,4178795
2026-07-02T13:11:25.860247,2026-07-02T13:11:25.870613+00:00,105.5,100,bid,,,4178821
2026-07-02T13:11:25.963203,2026-07-02T13:11:25.974278+00:00,105.2,4,ask,,,4178827
2026-07-02T13:11:27.065133,2026-07-02T13:11:27.076495+00:00,106.0,50,bid,,,4178846
2026-07-02T13:11:27.838921,2026-07-02T13:11:27.852824+00:00,105.6,23,ask,,,4178858
2026-07-02T13:11:27.964264,2026-07-02T13:11:27.974311+00:00,105.6,45,ask,,,4178864
2026-07-02T13:11:28.105091,2026-07-02T13:11:28.111319+00:00,105.6,3,ask,,,4178865
2026-07-02T13:11:29.187248,2026-07-02T13:11:29.193729+00:00,105.7,50,bid,,,4178898
2026-07-02T13:11:31.291990,2026-07-02T13:11:31.303908+00:00,105.7,50,bid,,,4178937
2026-07-02T13:11:33.412323,2026-07-02T13:11:33.423948+00:00,106.0,50,bid,,,4178991
2026-07-02T13:11:33.441230,2026-07-02T13:11:33.452682+00:00,105.6,45,ask,,,4178992
2026-07-02T13:11:34.009047,2026-07-02T13:11:34.020367+00:00,105.6,44,ask,,,4179007
2026-07-02T13:11:35.520536,2026-07-02T13:11:35.529593+00:00,105.9,50,bid,,,4179036
2026-07-02T13:11:36.003664,2026-07-02T13:11:36.014353+00:00,105.7,1,ask,,,4179043
2026-07-02T13:11:37.572449,2026-07-02T13:11:37.580415+00:00,105.9,40,bid,,,4179087
2026-07-02T13:11:37.626702,2026-07-02T13:11:37.638074+00:00,105.9,10,bid,,,4179089
2026-07-02T13:11:37.626702,2026-07-02T13:11:37.638074+00:00,106.3,40,bid,,,4179090
2026-07-02T13:11:39.733083,2026-07-02T13:11:39.744530+00:00,106.3,50,bid,,,4179120
2026-07-02T13:11:40.507111,2026-07-02T13:11:40.514613+00:00,106.4,23,ask,,,4179129
2026-07-02T13:11:41.334104,2026-07-02T13:11:41.344702+00:00,106.5,42,bid,,,4179138
2026-07-02T13:11:41.675556,2026-07-02T13:11:41.683550+00:00,106.4,3,ask,,,4179142
2026-07-02T13:11:41.891740,2026-07-02T13:11:41.903572+00:00,106.4,50,ask,,,4179147
2026-07-02T13:11:42.287480,2026-07-02T13:11:42.297106+00:00,106.4,42,ask,,,4179155
2026-07-02T13:11:43.278638,2026-07-02T13:11:43.290405+00:00,106.4,32,ask,,,4179179
2026-07-02T13:11:43.278638,2026-07-02T13:11:43.290405+00:00,106.1,8,ask,,,4179180
2026-07-02T13:11:43.705271,2026-07-02T13:11:43.729226+00:00,106.1,92,ask,,,4179190
2026-07-02T13:11:43.721420,2026-07-02T13:11:43.729226+00:00,105.9,3,bid,,,4179194
2026-07-02T13:11:43.762063,2026-07-02T13:11:43.773702+00:00,105.9,48,bid,,,4179196
2026-07-02T13:11:43.999224,2026-07-02T13:11:44.010742+00:00,105.7,5,ask,,,4179202
2026-07-02T13:11:43.999224,2026-07-02T13:11:44.010742+00:00,105.4,45,ask,,,4179203
2026-07-02T13:11:44.386698,2026-07-02T13:11:44.398403+00:00,105.9,7,bid,,,4179207
2026-07-02T13:11:45.279553,2026-07-02T13:11:45.289833+00:00,105.9,11,bid,,,4179228
2026-07-02T13:11:45.612427,2026-07-02T13:11:45.620988+00:00,105.9,23,bid,,,4179246
2026-07-02T13:11:46.056673,2026-07-02T13:11:46.058586+00:00,105.9,50,bid,,,4179254
2026-07-02T13:11:46.814586,2026-07-02T13:11:46.826217+00:00,105.9,16,bid,,,4179268
2026-07-02T13:11:46.881262,2026-07-02T13:11:46.889902+00:00,106.1,11,ask,,,4179273
2026-07-02T13:11:48.162733,2026-07-02T13:11:48.174128+00:00,106.6,50,bid,,,4179300
2026-07-02T13:11:48.463633,2026-07-02T13:11:48.473928+00:00,106.1,48,ask,,,4179310
2026-07-02T13:11:50.270426,2026-07-02T13:11:50.282081+00:00,106.5,50,bid,,,4179348
2026-07-02T13:11:53.165769,2026-07-02T13:11:53.181911+00:00,106.3,12,ask,,,4179421
2026-07-02T13:11:53.183479,2026-07-02T13:11:53.191568+00:00,106.3,11,ask,,,4179425
2026-07-02T13:11:53.490031,2026-07-02T13:11:53.500681+00:00,106.3,3,ask,,,4179430
2026-07-02T13:11:54.096101,2026-07-02T13:11:54.107849+00:00,106.3,49,ask,,,4179439
2026-07-02T13:11:54.532310,2026-07-02T13:11:54.539854+00:00,106.3,50,ask,,,4179449
2026-07-02T13:11:56.375800,2026-07-02T13:11:56.384576+00:00,106.1,3,bid,,,4179485
2026-07-02T13:11:56.592702,2026-07-02T13:11:56.609768+00:00,106.1,50,bid,,,4179493
2026-07-02T13:11:56.592851,2026-07-02T13:11:56.614745+00:00,106.1,44,bid,,,4179494
2026-07-02T13:11:57.415541,2026-07-02T13:11:57.428496+00:00,106.1,11,bid,,,4179508
2026-07-02T13:11:57.481116,2026-07-02T13:11:57.492858+00:00,106.1,42,bid,,,4179511
2026-07-02T13:11:58.703093,2026-07-02T13:11:58.714330+00:00,106.6,50,bid,,,4179533
2026-07-02T13:11:59.485558,2026-07-02T13:11:59.494895+00:00,106.3,11,ask,,,4179544
2026-07-02T13:11:59.579682,2026-07-02T13:11:59.591492+00:00,106.3,1,ask,,,4179546
2026-07-02T13:11:59.633264,2026-07-02T13:11:59.644969+00:00,106.3,1,ask,,,4179547
2026-07-02T13:11:59.664272,2026-07-02T13:11:59.674215+00:00,106.3,1,ask,,,4179548
2026-07-02T13:11:59.708618,2026-07-02T13:11:59.715888+00:00,106.3,1,ask,,,4179549
2026-07-02T13:11:59.784895,2026-07-02T13:11:59.795682+00:00,106.3,1,ask,,,4179553
2026-07-02T13:12:01.350055,2026-07-02T13:12:01.356447+00:00,106.8,49,bid,,,4179606
2026-07-02T13:12:01.369794,2026-07-02T13:12:01.379675+00:00,106.4,3,ask,,,4179608
2026-07-02T13:12:01.851409,2026-07-02T13:12:01.858563+00:00,106.4,3,ask,,,4179622
2026-07-02T13:12:02.837007,2026-07-02T13:12:02.844422+00:00,106.5,3,ask,,,4179639
2026-07-02T13:12:02.948762,2026-07-02T13:12:02.957232+00:00,106.5,3,ask,,,4179643
2026-07-02T13:12:02.966126,2026-07-02T13:12:02.976031+00:00,106.5,50,ask,,,4179644
2026-07-02T13:12:05.021873,2026-07-02T13:12:05.030720+00:00,106.6,50,bid,,,4179695
2026-07-02T13:12:07.179187,2026-07-02T13:12:07.190797+00:00,106.3,50,ask,,,4179743
2026-07-02T13:12:09.235730,2026-07-02T13:12:09.242464+00:00,106.7,50,bid,,,4179773
2026-07-02T13:12:10.821116,2026-07-02T13:12:10.831808+00:00,106.4,40,ask,,,4179808
2026-07-02T13:12:11.457410,2026-07-02T13:12:11.468762+00:00,106.7,40,bid,,,4179822
2026-07-02T13:12:15.548697,2026-07-02T13:12:15.560245+00:00,106.7,50,bid,,,4179905
2026-07-02T13:12:17.656403,2026-07-02T13:12:17.664190+00:00,106.7,50,bid,,,4179959
2026-07-02T13:12:18.486374,2026-07-02T13:12:18.497844+00:00,106.8,100,bid,,,4179978
2026-07-02T13:12:19.786774,2026-07-02T13:12:19.796364+00:00,107.2,50,bid,,,4180010
2026-07-02T13:12:21.682175,2026-07-02T13:12:21.693716+00:00,106.7,43,ask,,,4180052
2026-07-02T13:12:21.895824,2026-07-02T13:12:21.907307+00:00,106.9,50,bid,,,4180056
2026-07-02T13:12:22.663781,2026-07-02T13:12:22.675295+00:00,106.9,46,bid,,,4180065
2026-07-02T13:12:24.002709,2026-07-02T13:12:24.014150+00:00,106.9,50,bid,,,4180083
2026-07-02T13:12:24.823210,2026-07-02T13:12:24.830894+00:00,106.9,14,ask,,,4180118
2026-07-02T13:12:24.825422,2026-07-02T13:12:24.830894+00:00,106.9,22,ask,,,4180119
2026-07-02T13:12:24.876557,2026-07-02T13:12:24.887836+00:00,106.9,25,ask,,,4180121
2026-07-02T13:12:25.026627,2026-07-02T13:12:25.036324+00:00,107.2,22,bid,,,4180126
2026-07-02T13:12:25.085088,2026-07-02T13:12:25.096717+00:00,106.9,25,ask,,,4180127
2026-07-02T13:12:25.503110,2026-07-02T13:12:25.513328+00:00,106.9,25,ask,,,4180139
2026-07-02T13:12:25.711293,2026-07-02T13:12:25.723113+00:00,106.9,14,ask,,,4180141
2026-07-02T13:12:26.109896,2026-07-02T13:12:26.121284+00:00,107.3,50,bid,,,4180155
2026-07-02T13:12:27.123706,2026-07-02T13:12:27.135395+00:00,106.8,25,ask,,,4180175
2026-07-02T13:12:27.334247,2026-07-02T13:12:27.345916+00:00,106.8,25,ask,,,4180183
2026-07-02T13:12:27.545426,2026-07-02T13:12:27.558609+00:00,106.8,25,ask,,,4180185
2026-07-02T13:12:28.020039,2026-07-02T13:12:28.031520+00:00,106.8,25,ask,,,4180193
2026-07-02T13:12:28.216586,2026-07-02T13:12:28.228236+00:00,106.8,50,bid,,,4180204
2026-07-02T13:12:29.505582,2026-07-02T13:12:29.513677+00:00,106.8,11,bid,,,4180231
2026-07-02T13:12:29.543418,2026-07-02T13:12:29.554799+00:00,106.6,47,ask,,,4180233
2026-07-02T13:12:30.324338,2026-07-02T13:12:30.335601+00:00,106.8,50,bid,,,4180245
2026-07-02T13:12:30.464200,2026-07-02T13:12:30.475891+00:00,106.8,14,bid,,,4180256
2026-07-02T13:12:30.464200,2026-07-02T13:12:30.475891+00:00,106.9,5,bid,,,4180257
2026-07-02T13:12:31.128444,2026-07-02T13:12:31.139897+00:00,107.1,100,bid,,,4180271
2026-07-02T13:12:31.194659,2026-07-02T13:12:31.204369+00:00,107.1,11,ask,,,4180273
2026-07-02T13:12:31.233321,2026-07-02T13:12:31.242828+00:00,107.1,22,ask,,,4180277
2026-07-02T13:12:31.299506,2026-07-02T13:12:31.308145+00:00,107.1,7,ask,,,4180278
2026-07-02T13:12:31.363517,2026-07-02T13:12:31.370693+00:00,107.1,10,ask,,,4180282
2026-07-02T13:12:32.505446,2026-07-02T13:12:32.517664+00:00,106.8,50,ask,,,4180303
2026-07-02T13:12:32.819154,2026-07-02T13:12:32.827477+00:00,106.9,5,bid,,,4180315
2026-07-02T13:12:34.237255,2026-07-02T13:12:34.246137+00:00,107.3,22,bid,,,4180355
2026-07-02T13:12:34.613338,2026-07-02T13:12:34.624673+00:00,106.8,50,ask,,,4180362
2026-07-02T13:12:35.446479,2026-07-02T13:12:35.454811+00:00,106.9,9,bid,,,4180396
2026-07-02T13:12:35.585032,2026-07-02T13:12:35.591630+00:00,106.9,25,bid,,,4180403
2026-07-02T13:12:35.794189,2026-07-02T13:12:35.800963+00:00,106.9,25,bid,,,4180413
2026-07-02T13:12:36.004866,2026-07-02T13:12:36.015832+00:00,106.9,25,bid,,,4180417
2026-07-02T13:12:36.215435,2026-07-02T13:12:36.222081+00:00,106.9,25,bid,,,4180422
2026-07-02T13:12:36.424675,2026-07-02T13:12:36.433774+00:00,106.9,25,bid,,,4180425
2026-07-02T13:12:36.634683,2026-07-02T13:12:36.645803+00:00,106.9,16,bid,,,4180436
2026-07-02T13:12:37.050168,2026-07-02T13:12:37.063799+00:00,106.5,47,ask,,,4180445
2026-07-02T13:12:37.465692,2026-07-02T13:12:37.477730+00:00,107.0,4,bid,,,4180451
2026-07-02T13:12:37.465692,2026-07-02T13:12:37.477730+00:00,107.0,100,bid,,,4180452
2026-07-02T13:12:37.532686,2026-07-02T13:12:37.538348+00:00,107.2,7,ask,,,4180456
2026-07-02T13:12:37.576427,2026-07-02T13:12:37.585654+00:00,107.2,7,ask,,,4180459
2026-07-02T13:12:37.641054,2026-07-02T13:12:37.650415+00:00,107.2,25,ask,,,4180463
2026-07-02T13:12:37.852438,2026-07-02T13:12:37.869082+00:00,107.2,7,ask,,,4180469
2026-07-02T13:12:38.237888,2026-07-02T13:12:38.244905+00:00,107.7,22,bid,,,4180489
2026-07-02T13:12:38.838213,2026-07-02T13:12:38.846522+00:00,107.1,22,ask,,,4180509
2026-07-02T13:12:40.452969,2026-07-02T13:12:40.460245+00:00,107.6,42,bid,,,4180552
2026-07-02T13:12:40.962581,2026-07-02T13:12:40.969929+00:00,107.1,50,ask,,,4180572
2026-07-02T13:12:43.513474,2026-07-02T13:12:43.521388+00:00,107.1,4,bid,,,4180624
2026-07-02T13:12:44.100518,2026-07-02T13:12:44.109257+00:00,106.9,45,ask,,,4180637
2026-07-02T13:12:44.616287,2026-07-02T13:12:44.626868+00:00,107.1,3,bid,,,4180643
2026-07-02T13:12:44.616287,2026-07-02T13:12:44.626868+00:00,107.3,46,bid,,,4180644
2026-07-02T13:12:47.144597,2026-07-02T13:12:47.155925+00:00,106.9,42,ask,,,4180697
2026-07-02T13:12:47.601849,2026-07-02T13:12:47.610838+00:00,107.2,2,bid,,,4180710
2026-07-02T13:12:47.601849,2026-07-02T13:12:47.610838+00:00,107.3,41,bid,,,4180711
2026-07-02T13:12:49.386572,2026-07-02T13:12:49.398200+00:00,107.0,50,ask,,,4180754
2026-07-02T13:12:50.159569,2026-07-02T13:12:50.168738+00:00,107.0,46,ask,,,4180771
2026-07-02T13:12:50.735938,2026-07-02T13:12:50.742768+00:00,107.2,4,bid,,,4180790
2026-07-02T13:12:51.344275,2026-07-02T13:12:51.358550+00:00,106.8,1,ask,,,4180810
2026-07-02T13:12:51.344275,2026-07-02T13:12:51.358550+00:00,106.8,45,ask,,,4180811
2026-07-02T13:12:51.442369,2026-07-02T13:12:51.449190+00:00,107.2,50,bid,,,4180815
2026-07-02T13:12:52.356748,2026-07-02T13:12:52.358575+00:00,107.2,44,bid,,,4180842
2026-07-02T13:12:53.547736,2026-07-02T13:12:53.559173+00:00,107.2,6,bid,,,4180868
2026-07-02T13:12:53.547736,2026-07-02T13:12:53.559173+00:00,107.3,44,bid,,,4180869
2026-07-02T13:12:55.657876,2026-07-02T13:12:55.669401+00:00,107.3,50,bid,,,4180919
2026-07-02T13:12:57.765312,2026-07-02T13:12:57.776930+00:00,107.3,6,bid,,,4180972
2026-07-02T13:12:57.765312,2026-07-02T13:12:57.776930+00:00,107.4,44,bid,,,4180973
2026-07-02T13:12:59.873167,2026-07-02T13:12:59.879816+00:00,107.3,6,bid,,,4181040
2026-07-02T13:12:59.873167,2026-07-02T13:12:59.885110+00:00,107.4,44,bid,,,4181041
2026-07-02T13:13:00.136572,2026-07-02T13:13:00.148027+00:00,107.2,47,ask,,,4181048
2026-07-02T13:13:00.502539,2026-07-02T13:13:00.513937+00:00,107.2,25,ask,,,4181052
2026-07-02T13:13:00.660670,2026-07-02T13:13:00.668964+00:00,107.2,47,ask,,,4181054
2026-07-02T13:13:00.711926,2026-07-02T13:13:00.723507+00:00,107.2,25,ask,,,4181055
2026-07-02T13:13:00.921048,2026-07-02T13:13:00.932784+00:00,107.2,6,ask,,,4181058
2026-07-02T13:13:00.921048,2026-07-02T13:13:00.932784+00:00,107.2,19,ask,,,4181059
2026-07-02T13:13:01.133493,2026-07-02T13:13:01.144452+00:00,107.2,25,ask,,,4181066
2026-07-02T13:13:01.980805,2026-07-02T13:13:01.990414+00:00,107.7,50,bid,,,4181086
2026-07-02T13:13:02.837340,2026-07-02T13:13:02.846793+00:00,107.2,56,ask,,,4181108
2026-07-02T13:13:03.386439,2026-07-02T13:13:03.397045+00:00,107.2,45,bid,,,4181120
2026-07-02T13:13:04.022571,2026-07-02T13:13:04.030124+00:00,107.2,44,bid,,,4181139
2026-07-02T13:13:04.087975,2026-07-02T13:13:04.099700+00:00,107.2,5,bid,,,4181146
2026-07-02T13:13:04.087975,2026-07-02T13:13:04.099700+00:00,107.4,7,bid,,,4181147
2026-07-02T13:13:04.087975,2026-07-02T13:13:04.099700+00:00,107.4,38,bid,,,4181148
2026-07-02T13:13:05.959481,2026-07-02T13:13:05.968245+00:00,107.2,11,ask,,,4181188
2026-07-02T13:13:06.068118,2026-07-02T13:13:06.075875+00:00,107.2,22,ask,,,4181198
2026-07-02T13:13:06.198767,2026-07-02T13:13:06.205301+00:00,107.4,50,bid,,,4181200
2026-07-02T13:13:07.068523,2026-07-02T13:13:07.075861+00:00,107.7,22,bid,,,4181221
2026-07-02T13:13:08.270288,2026-07-02T13:13:08.277607+00:00,107.2,22,ask,,,4181236
2026-07-02T13:13:08.308268,2026-07-02T13:13:08.319220+00:00,107.4,7,bid,,,4181244
2026-07-02T13:13:08.308268,2026-07-02T13:13:08.319220+00:00,107.6,43,bid,,,4181245
2026-07-02T13:13:09.904540,2026-07-02T13:13:09.915791+00:00,107.1,45,ask,,,4181294
2026-07-02T13:13:10.459995,2026-07-02T13:13:10.471672+00:00,107.4,4,bid,,,4181310
2026-07-02T13:13:10.459995,2026-07-02T13:13:10.471672+00:00,107.6,39,bid,,,4181311
2026-07-02T13:13:10.467749,2026-07-02T13:13:10.476902+00:00,107.1,50,ask,,,4181312
2026-07-02T13:13:10.473222,2026-07-02T13:13:10.482067+00:00,107.6,22,bid,,,4181314
2026-07-02T13:13:10.518387,2026-07-02T13:13:10.527254+00:00,107.1,49,ask,,,4181317
2026-07-02T13:13:11.524304,2026-07-02T13:13:11.535847+00:00,107.1,44,ask,,,4181342
2026-07-02T13:13:12.521183,2026-07-02T13:13:12.532821+00:00,107.3,50,bid,,,4181355
2026-07-02T13:13:14.628025,2026-07-02T13:13:14.636867+00:00,107.3,50,bid,,,4181404
2026-07-02T13:13:15.510087,2026-07-02T13:13:15.517531+00:00,107.4,22,ask,,,4181434
2026-07-02T13:13:15.698188,2026-07-02T13:13:15.709565+00:00,107.4,4,ask,,,4181438
