timestamp,recv_time,price,volume,aggressor_side,buyer,seller,trade_id
2026-07-03T00:00:00.239846,2026-07-03T00:00:00.244321+00:00,114.6,49,ask,EarnestEspressos,CostlyCorianders,5013057
2026-07-03T00:00:02.873643,2026-07-03T00:00:02.881279+00:00,114.6,1,bid,CostlyCorianders,Kelvin Chan,5013103
2026-07-03T00:00:02.873643,2026-07-03T00:00:02.886430+00:00,114.7,39,bid,CostlyCorianders,EarnestEspressos,5013104
2026-07-03T00:00:03.022413,2026-07-03T00:00:03.033763+00:00,114.4,50,ask,DiligentDonuts,FlawlessFlatbreads,5013107
2026-07-03T00:00:04.945784,2026-07-03T00:00:04.958605+00:00,114.6,43,bid,CostlyCorianders,DiligentDonuts,5013150
2026-07-03T00:00:05.131124,2026-07-03T00:00:05.142653+00:00,114.3,3,ask,Kelvin Chan,FlawlessFlatbreads,5013152
2026-07-03T00:00:05.131124,2026-07-03T00:00:05.142653+00:00,114.3,47,ask,EarnestEspressos,FlawlessFlatbreads,5013153
2026-07-03T00:00:06.775294,2026-07-03T00:00:06.786706+00:00,114.3,5,ask,Kelvin Chan,EarnestEspressos,5013188
2026-07-03T00:00:07.240170,2026-07-03T00:00:07.251599+00:00,114.1,50,ask,DiligentDonuts,FlawlessFlatbreads,5013194
2026-07-03T00:00:08.181905,2026-07-03T00:00:08.188844+00:00,114.3,5,bid,Kelvin Chan,EarnestEspressos,5013207
2026-07-03T00:00:08.296111,2026-07-03T00:00:08.302682+00:00,114.3,5,bid,Kelvin Chan,EarnestEspressos,5013209
2026-07-03T00:00:09.350267,2026-07-03T00:00:09.358544+00:00,113.9,50,ask,DiligentDonuts,FlawlessFlatbreads,5013229
2026-07-03T00:00:10.257795,2026-07-03T00:00:10.269091+00:00,114.0,49,ask,EarnestEspressos,CostlyCorianders,5013245
2026-07-03T00:00:10.556014,2026-07-03T00:00:10.564287+00:00,114.4,23,bid,Xuanyu Liu,DiligentDonuts,5013255
2026-07-03T00:00:11.294665,2026-07-03T00:00:11.300994+00:00,114.4,42,bid,CostlyCorianders,EarnestEspressos,5013277
2026-07-03T00:00:11.456305,2026-07-03T00:00:11.468043+00:00,114.1,50,ask,DiligentDonuts,FlawlessFlatbreads,5013278
2026-07-03T00:00:12.787812,2026-07-03T00:00:12.799380+00:00,114.2,3,ask,Kelvin Chan,CostlyCorianders,5013307
2026-07-03T00:00:12.787812,2026-07-03T00:00:12.799380+00:00,114.1,44,ask,DiligentDonuts,CostlyCorianders,5013308
2026-07-03T00:00:13.578684,2026-07-03T00:00:13.586845+00:00,114.1,6,ask,DiligentDonuts,FlawlessFlatbreads,5013330
2026-07-03T00:00:13.578684,2026-07-03T00:00:13.586845+00:00,114.1,44,ask,EarnestEspressos,FlawlessFlatbreads,5013331
2026-07-03T00:00:14.790349,2026-07-03T00:00:14.801781+00:00,114.1,40,ask,EarnestEspressos,CostlyCorianders,5013362
2026-07-03T00:00:15.963110,2026-07-03T00:00:15.970020+00:00,114.2,42,bid,CostlyCorianders,DiligentDonuts,5013382
2026-07-03T00:00:16.616204,2026-07-03T00:00:16.625467+00:00,114.2,44,bid,CostlyCorianders,DiligentDonuts,5013389
2026-07-03T00:00:17.820330,2026-07-03T00:00:17.830763+00:00,113.9,50,ask,DiligentDonuts,FlawlessFlatbreads,5013420
2026-07-03T00:00:19.926790,2026-07-03T00:00:19.934235+00:00,114.0,4,ask,Kelvin Chan,FlawlessFlatbreads,5013457
2026-07-03T00:00:19.926790,2026-07-03T00:00:19.939218+00:00,113.9,46,ask,DiligentDonuts,FlawlessFlatbreads,5013458
2026-07-03T00:00:21.087272,2026-07-03T00:00:21.098745+00:00,114.0,4,ask,Kelvin Chan,CostlyCorianders,5013494
2026-07-03T00:00:21.087272,2026-07-03T00:00:21.098745+00:00,113.7,43,ask,EarnestEspressos,CostlyCorianders,5013495
2026-07-03T00:00:22.040623,2026-07-03T00:00:22.058618+00:00,113.7,50,ask,EarnestEspressos,FlawlessFlatbreads,5013510
2026-07-03T00:00:22.338899,2026-07-03T00:00:22.352035+00:00,114.2,12,bid,Xuanyu Liu,EarnestEspressos,5013512
2026-07-03T00:00:22.622340,2026-07-03T00:00:22.631029+00:00,114.0,22,bid,Xuanyu Liu,EarnestEspressos,5013522
2026-07-03T00:00:23.959646,2026-07-03T00:00:23.971068+00:00,114.0,41,bid,CostlyCorianders,EarnestEspressos,5013555
2026-07-03T00:00:24.147847,2026-07-03T00:00:24.158545+00:00,113.7,50,ask,DiligentDonuts,FlawlessFlatbreads,5013559
2026-07-03T00:00:26.201938,2026-07-03T00:00:26.213841+00:00,114.2,47,bid,CostlyCorianders,DiligentDonuts,5013609
2026-07-03T00:00:26.260234,2026-07-03T00:00:26.269838+00:00,113.7,50,ask,DiligentDonuts,FlawlessFlatbreads,5013611
2026-07-03T00:00:28.317395,2026-07-03T00:00:28.326678+00:00,114.0,50,bid,FlawlessFlatbreads,DiligentDonuts,5013661
2026-07-03T00:00:28.716810,2026-07-03T00:00:28.725440+00:00,114.0,12,bid,Xuanyu Liu,DiligentDonuts,5013668
2026-07-03T00:00:34.476555,2026-07-03T00:00:34.488415+00:00,113.8,3,ask,Kelvin Chan,CostlyCorianders,5013799
2026-07-03T00:00:34.476555,2026-07-03T00:00:34.488415+00:00,113.8,45,ask,DiligentDonuts,CostlyCorianders,5013800
2026-07-03T00:00:34.689415,2026-07-03T00:00:34.698657+00:00,113.8,50,ask,DiligentDonuts,FlawlessFlatbreads,5013804
2026-07-03T00:00:35.003081,2026-07-03T00:00:35.010985+00:00,113.8,5,ask,DiligentDonuts,CostlyCorianders,5013822
2026-07-03T00:00:35.003081,2026-07-03T00:00:35.016035+00:00,113.6,39,ask,EarnestEspressos,CostlyCorianders,5013823
2026-07-03T00:00:36.794043,2026-07-03T00:00:36.801864+00:00,113.8,3,ask,Kelvin Chan,FlawlessFlatbreads,5013867
2026-07-03T00:00:36.794043,2026-07-03T00:00:36.801864+00:00,113.5,47,ask,EarnestEspressos,FlawlessFlatbreads,5013868
2026-07-03T00:00:38.431424,2026-07-03T00:00:38.439748+00:00,113.7,11,bid,Xuanyu Liu,EarnestEspressos,5013909
2026-07-03T00:00:38.901041,2026-07-03T00:00:38.912649+00:00,113.4,50,ask,DiligentDonuts,FlawlessFlatbreads,5013921
2026-07-03T00:00:40.955898,2026-07-03T00:00:40.953598+00:00,113.7,50,bid,FlawlessFlatbreads,EarnestEspressos,5013961
2026-07-03T00:00:41.542402,2026-07-03T00:00:41.549188+00:00,113.7,42,bid,CostlyCorianders,DiligentDonuts,5013975
2026-07-03T00:00:43.063329,2026-07-03T00:00:43.074727+00:00,113.6,50,bid,FlawlessFlatbreads,DiligentDonuts,5014004
2026-07-03T00:00:45.714107,2026-07-03T00:00:45.723150+00:00,113.6,42,bid,CostlyCorianders,DiligentDonuts,5014043
2026-07-03T00:00:46.267826,2026-07-03T00:00:46.279296+00:00,113.3,45,ask,EarnestEspressos,CostlyCorianders,5014058
2026-07-03T00:00:46.867459,2026-07-03T00:00:46.874235+00:00,113.7,44,bid,CostlyCorianders,DiligentDonuts,5014064
2026-07-03T00:00:47.278119,2026-07-03T00:00:47.289440+00:00,113.7,50,bid,FlawlessFlatbreads,DiligentDonuts,5014067
2026-07-03T00:00:48.378034,2026-07-03T00:00:48.389545+00:00,113.6,46,bid,CostlyCorianders,EarnestEspressos,5014081
2026-07-03T00:00:48.933138,2026-07-03T00:00:48.941229+00:00,113.6,100,bid,DiligentDonuts,EarnestEspressos,5014097
2026-07-03T00:00:49.385639,2026-07-03T00:00:49.396658+00:00,113.6,4,bid,FlawlessFlatbreads,EarnestEspressos,5014107
2026-07-03T00:00:49.385639,2026-07-03T00:00:49.396658+00:00,113.9,5,bid,FlawlessFlatbreads,Kelvin Chan,5014108
2026-07-03T00:00:49.385639,2026-07-03T00:00:49.396658+00:00,114.1,41,bid,FlawlessFlatbreads,DiligentDonuts,5014109
2026-07-03T00:00:51.028943,2026-07-03T00:00:51.038780+00:00,113.6,11,ask,EarnestEspressos,Xuanyu Liu,5014151
2026-07-03T00:00:51.494988,2026-07-03T00:00:51.506396+00:00,114.1,50,bid,FlawlessFlatbreads,DiligentDonuts,5014165
2026-07-03T00:00:53.602742,2026-07-03T00:00:53.614415+00:00,113.8,5,bid,FlawlessFlatbreads,Kelvin Chan,5014222
2026-07-03T00:00:53.602742,2026-07-03T00:00:53.614415+00:00,114.1,45,bid,FlawlessFlatbreads,EarnestEspressos,5014223
2026-07-03T00:00:54.204849,2026-07-03T00:00:54.215010+00:00,113.7,12,ask,EarnestEspressos,Xuanyu Liu,5014230
2026-07-03T00:00:55.711634,2026-07-03T00:00:55.720866+00:00,114.1,50,bid,FlawlessFlatbreads,DiligentDonuts,5014263
2026-07-03T00:00:56.442565,2026-07-03T00:00:56.452385+00:00,113.7,11,ask,EarnestEspressos,Xuanyu Liu,5014280
2026-07-03T00:00:57.820254,2026-07-03T00:00:57.831917+00:00,114.0,50,bid,FlawlessFlatbreads,EarnestEspressos,5014300
2026-07-03T00:00:59.894791,2026-07-03T00:00:59.902507+00:00,113.6,4,ask,Kelvin Chan,CostlyCorianders,5014342
2026-07-03T00:00:59.894791,2026-07-03T00:00:59.907759+00:00,113.6,42,ask,DiligentDonuts,CostlyCorianders,5014343
2026-07-03T00:00:59.928069,2026-07-03T00:00:59.939923+00:00,113.9,1,bid,FlawlessFlatbreads,Kelvin Chan,5014344
2026-07-03T00:00:59.928069,2026-07-03T00:00:59.939923+00:00,114.0,49,bid,FlawlessFlatbreads,EarnestEspressos,5014345
2026-07-03T00:01:00.536872,2026-07-03T00:01:00.545815+00:00,114.0,23,ask,EarnestEspressos,Xuanyu Liu,5014356
2026-07-03T00:01:01.651672,2026-07-03T00:01:01.657965+00:00,114.0,100,ask,EarnestEspressos,DiligentDonuts,5014385
2026-07-03T00:01:02.043923,2026-07-03T00:01:02.055383+00:00,114.5,50,bid,FlawlessFlatbreads,EarnestEspressos,5014399
2026-07-03T00:01:03.109633,2026-07-03T00:01:03.117814+00:00,114.0,27,ask,EarnestEspressos,CostlyCorianders,5014425
2026-07-03T00:01:03.109633,2026-07-03T00:01:03.117814+00:00,113.6,2,ask,Kelvin Chan,CostlyCorianders,5014426
2026-07-03T00:01:03.109633,2026-07-03T00:01:03.123393+00:00,113.5,18,ask,DiligentDonuts,CostlyCorianders,5014427
2026-07-03T00:01:04.149515,2026-07-03T00:01:04.158582+00:00,114.1,50,bid,FlawlessFlatbreads,EarnestEspressos,5014457
2026-07-03T00:01:06.257644,2026-07-03T00:01:06.269236+00:00,114.0,4,bid,FlawlessFlatbreads,Kelvin Chan,5014495
2026-07-03T00:01:06.257644,2026-07-03T00:01:06.269236+00:00,114.1,46,bid,FlawlessFlatbreads,EarnestEspressos,5014496
2026-07-03T00:01:08.365365,2026-07-03T00:01:08.376937+00:00,114.3,50,bid,FlawlessFlatbreads,DiligentDonuts,5014556
2026-07-03T00:01:09.232573,2026-07-03T00:01:09.242103+00:00,114.0,11,ask,EarnestEspressos,Xuanyu Liu,5014574
2026-07-03T00:01:10.473940,2026-07-03T00:01:10.485437+00:00,114.3,50,bid,FlawlessFlatbreads,DiligentDonuts,5014595
2026-07-03T00:01:11.456952,2026-07-03T00:01:11.463928+00:00,114.0,40,ask,DiligentDonuts,CostlyCorianders,5014619
2026-07-03T00:01:12.018399,2026-07-03T00:01:12.024848+00:00,114.4,40,bid,CostlyCorianders,EarnestEspressos,5014634
2026-07-03T00:01:12.633279,2026-07-03T00:01:12.644964+00:00,114.0,50,ask,DiligentDonuts,FlawlessFlatbreads,5014644
2026-07-03T00:01:13.196119,2026-07-03T00:01:13.207808+00:00,114.1,5,bid,EarnestEspressos,Kelvin Chan,5014654
2026-07-03T00:01:13.255745,2026-07-03T00:01:13.257879+00:00,114.1,5,ask,EarnestEspressos,Kelvin Chan,5014655
2026-07-03T00:01:13.482847,2026-07-03T00:01:13.490421+00:00,114.1,5,ask,EarnestEspressos,Kelvin Chan,5014658
2026-07-03T00:01:14.015466,2026-07-03T00:01:14.023343+00:00,114.1,49,ask,EarnestEspressos,CostlyCorianders,5014680
2026-07-03T00:01:14.680478,2026-07-03T00:01:14.688592+00:00,114.1,12,ask,EarnestEspressos,Xuanyu Liu,5014695
2026-07-03T00:01:14.739889,2026-07-03T00:01:14.751230+00:00,114.1,50,ask,EarnestEspressos,FlawlessFlatbreads,5014700
2026-07-03T00:01:16.126112,2026-07-03T00:01:16.134523+00:00,114.1,14,ask,EarnestEspressos,Xuanyu Liu,5014727
2026-07-03T00:01:16.415031,2026-07-03T00:01:16.426596+00:00,113.8,100,ask,DiligentDonuts,EarnestEspressos,5014736
2026-07-03T00:01:16.428791,2026-07-03T00:01:16.436924+00:00,113.6,14,bid,Xuanyu Liu,EarnestEspressos,5014737
2026-07-03T00:01:16.794456,2026-07-03T00:01:16.805996+00:00,113.6,36,bid,FlawlessFlatbreads,EarnestEspressos,5014748
2026-07-03T00:01:16.794456,2026-07-03T00:01:16.805996+00:00,114.3,14,bid,FlawlessFlatbreads,DiligentDonuts,5014749
2026-07-03T00:01:17.505826,2026-07-03T00:01:17.514948+00:00,113.6,12,bid,Xuanyu Liu,DiligentDonuts,5014761
2026-07-03T00:01:18.973818,2026-07-03T00:01:18.982440+00:00,113.1,50,ask,EarnestEspressos,FlawlessFlatbreads,5014798
2026-07-03T00:01:20.059471,2026-07-03T00:01:20.068212+00:00,113.6,11,bid,Xuanyu Liu,DiligentDonuts,5014811
2026-07-03T00:01:21.080361,2026-07-03T00:01:21.091703+00:00,113.5,50,ask,EarnestEspressos,FlawlessFlatbreads,5014839
2026-07-03T00:01:23.135532,2026-07-03T00:01:23.146845+00:00,113.9,50,bid,FlawlessFlatbreads,DiligentDonuts,5014872
2026-07-03T00:01:23.637591,2026-07-03T00:01:23.645671+00:00,113.7,4,ask,Kelvin Chan,CostlyCorianders,5014887
2026-07-03T00:01:25.241654,2026-07-03T00:01:25.258580+00:00,114.0,2,bid,FlawlessFlatbreads,Kelvin Chan,5014913
2026-07-03T00:01:25.241654,2026-07-03T00:01:25.258580+00:00,114.0,48,bid,FlawlessFlatbreads,EarnestEspressos,5014914
2026-07-03T00:01:26.386633,2026-07-03T00:01:26.398101+00:00,113.7,1,ask,Kelvin Chan,CostlyCorianders,5014927
2026-07-03T00:01:26.386633,2026-07-03T00:01:26.398101+00:00,113.7,48,ask,EarnestEspressos,CostlyCorianders,5014928
2026-07-03T00:01:27.350158,2026-07-03T00:01:27.356667+00:00,114.0,3,bid,FlawlessFlatbreads,Kelvin Chan,5014954
2026-07-03T00:01:27.350158,2026-07-03T00:01:27.356667+00:00,114.1,47,bid,FlawlessFlatbreads,DiligentDonuts,5014955
2026-07-03T00:01:28.417505,2026-07-03T00:01:28.426453+00:00,114.1,44,bid,CostlyCorianders,DiligentDonuts,5014983
2026-07-03T00:01:29.459868,2026-07-03T00:01:29.470762+00:00,114.0,50,bid,FlawlessFlatbreads,EarnestEspressos,5015005
2026-07-03T00:01:30.107023,2026-07-03T00:01:30.115160+00:00,113.9,11,ask,DiligentDonuts,Xuanyu Liu,5015018
2026-07-03T00:01:31.126919,2026-07-03T00:01:31.138360+00:00,113.9,47,ask,DiligentDonuts,CostlyCorianders,5015048
2026-07-03T00:01:32.161613,2026-07-03T00:01:32.173271+00:00,114.4,40,bid,CostlyCorianders,DiligentDonuts,5015060
2026-07-03T00:01:32.683273,2026-07-03T00:01:32.690984+00:00,114.3,47,bid,CostlyCorianders,EarnestEspressos,5015077
2026-07-03T00:01:33.684384,2026-07-03T00:01:33.692640+00:00,114.0,4,bid,FlawlessFlatbreads,Kelvin Chan,5015095
2026-07-03T00:01:33.684384,2026-07-03T00:01:33.697658+00:00,114.3,46,bid,FlawlessFlatbreads,EarnestEspressos,5015096
2026-07-03T00:01:34.296936,2026-07-03T00:01:34.308455+00:00,114.0,4,bid,CostlyCorianders,Kelvin Chan,5015105
2026-07-03T00:01:34.489915,2026-07-03T00:01:34.499521+00:00,113.8,12,ask,EarnestEspressos,Xuanyu Liu,5015109
2026-07-03T00:01:35.339895,2026-07-03T00:01:35.348760+00:00,113.9,11,ask,EarnestEspressos,Xuanyu Liu,5015124
2026-07-03T00:01:35.792922,2026-07-03T00:01:35.803377+00:00,114.1,4,bid,FlawlessFlatbreads,Kelvin Chan,5015137
2026-07-03T00:01:35.792922,2026-07-03T00:01:35.803377+00:00,114.3,46,bid,FlawlessFlatbreads,DiligentDonuts,5015138
2026-07-03T00:01:40.035341,2026-07-03T00:01:40.058633+00:00,114.1,4,bid,FlawlessFlatbreads,Kelvin Chan,5015260
2026-07-03T00:01:40.035341,2026-07-03T00:01:40.058633+00:00,114.4,46,bid,FlawlessFlatbreads,EarnestEspressos,5015261
2026-07-03T00:01:41.665993,2026-07-03T00:01:41.675000+00:00,114.1,3,ask,EarnestEspressos,Xuanyu Liu,5015289
2026-07-03T00:01:42.149099,2026-07-03T00:01:42.160906+00:00,114.2,5,bid,FlawlessFlatbreads,Kelvin Chan,5015303
2026-07-03T00:01:42.149099,2026-07-03T00:01:42.160906+00:00,114.4,45,bid,FlawlessFlatbreads,DiligentDonuts,5015304
2026-07-03T00:01:44.258457,2026-07-03T00:01:44.269864+00:00,114.4,50,bid,FlawlessFlatbreads,DiligentDonuts,5015344
2026-07-03T00:01:44.599431,2026-07-03T00:01:44.605851+00:00,114.1,46,ask,EarnestEspressos,CostlyCorianders,5015353
2026-07-03T00:01:46.389804,2026-07-03T00:01:46.401026+00:00,114.4,50,bid,FlawlessFlatbreads,EarnestEspressos,5015395
2026-07-03T00:01:47.081662,2026-07-03T00:01:47.092996+00:00,113.9,43,ask,EarnestEspressos,CostlyCorianders,5015407
2026-07-03T00:01:48.549438,2026-07-03T00:01:48.554333+00:00,113.9,50,ask,DiligentDonuts,FlawlessFlatbreads,5015435
2026-07-03T00:01:49.190968,2026-07-03T00:01:49.199685+00:00,114.3,47,bid,CostlyCorianders,EarnestEspressos,5015445
2026-07-03T00:01:50.658374,2026-07-03T00:01:50.669826+00:00,114.0,1,ask,Kelvin Chan,FlawlessFlatbreads,5015466
2026-07-03T00:01:50.658374,2026-07-03T00:01:50.669826+00:00,113.8,49,ask,EarnestEspressos,FlawlessFlatbreads,5015467
2026-07-03T00:01:50.846586,2026-07-03T00:01:50.858541+00:00,114.3,45,bid,CostlyCorianders,EarnestEspressos,5015470
2026-07-03T00:01:50.899801,2026-07-03T00:01:50.911275+00:00,113.8,46,ask,EarnestEspressos,CostlyCorianders,5015472
2026-07-03T00:01:52.716399,2026-07-03T00:01:52.724007+00:00,114.3,5,bid,FlawlessFlatbreads,Kelvin Chan,5015510
2026-07-03T00:01:52.716399,2026-07-03T00:01:52.729258+00:00,114.3,45,bid,FlawlessFlatbreads,EarnestEspressos,5015511
2026-07-03T00:01:52.919162,2026-07-03T00:01:52.930649+00:00,114.3,44,bid,CostlyCorianders,EarnestEspressos,5015516
2026-07-03T00:01:54.875498,2026-07-03T00:01:54.884448+00:00,114.1,50,ask,EarnestEspressos,FlawlessFlatbreads,5015556
2026-07-03T00:01:56.983284,2026-07-03T00:01:56.994970+00:00,114.1,50,ask,EarnestEspressos,FlawlessFlatbreads,5015606
2026-07-03T00:01:58.130832,2026-07-03T00:01:58.142428+00:00,113.8,45,ask,DiligentDonuts,CostlyCorianders,5015625
2026-07-03T00:01:59.089893,2026-07-03T00:01:59.098163+00:00,113.7,50,ask,EarnestEspressos,FlawlessFlatbreads,5015658
2026-07-03T00:01:59.326051,2026-07-03T00:01:59.333997+00:00,114.2,46,bid,CostlyCorianders,EarnestEspressos,5015661
2026-07-03T00:02:01.195717,2026-07-03T00:02:01.208643+00:00,113.7,50,ask,DiligentDonuts,FlawlessFlatbreads,5015699
2026-07-03T00:02:02.979204,2026-07-03T00:02:02.990621+00:00,113.6,42,ask,EarnestEspressos,CostlyCorianders,5015745
2026-07-03T00:02:03.303155,2026-07-03T00:02:03.312318+00:00,113.6,50,ask,EarnestEspressos,FlawlessFlatbreads,5015753
2026-07-03T00:02:03.476623,2026-07-03T00:02:03.488200+00:00,113.6,41,ask,EarnestEspressos,CostlyCorianders,5015754
2026-07-03T00:02:03.886514,2026-07-03T00:02:03.899400+00:00,113.4,3,bid,Xuanyu Liu,EarnestEspressos,5015766
2026-07-03T00:02:04.036668,2026-07-03T00:02:04.047755+00:00,113.4,47,bid,CostlyCorianders,EarnestEspressos,5015771
2026-07-03T00:02:05.412764,2026-07-03T00:02:05.423052+00:00,113.2,50,ask,DiligentDonuts,FlawlessFlatbreads,5015809
2026-07-03T00:02:06.018353,2026-07-03T00:02:06.025374+00:00,113.4,44,bid,CostlyCorianders,EarnestEspressos,5015835
2026-07-03T00:02:07.173908,2026-07-03T00:02:07.185501+00:00,113.3,40,ask,EarnestEspressos,CostlyCorianders,5015864
2026-07-03T00:02:07.519344,2026-07-03T00:02:07.530668+00:00,113.3,50,ask,EarnestEspressos,FlawlessFlatbreads,5015869
2026-07-03T00:02:09.577511,2026-07-03T00:02:09.587247+00:00,113.7,50,bid,FlawlessFlatbreads,DiligentDonuts,5015919
2026-07-03T00:02:11.734660,2026-07-03T00:02:11.742802+00:00,113.5,1,ask,Kelvin Chan,FlawlessFlatbreads,5015949
2026-07-03T00:02:11.734660,2026-07-03T00:02:11.742802+00:00,113.4,49,ask,DiligentDonuts,FlawlessFlatbreads,5015950
2026-07-03T00:02:12.711697,2026-07-03T00:02:12.722450+00:00,113.6,43,bid,CostlyCorianders,EarnestEspressos,5015978
2026-07-03T00:02:13.843673,2026-07-03T00:02:13.858586+00:00,113.5,3,ask,Kelvin Chan,FlawlessFlatbreads,5016012
2026-07-03T00:02:13.843673,2026-07-03T00:02:13.858586+00:00,113.4,47,ask,DiligentDonuts,FlawlessFlatbreads,5016013
2026-07-03T00:02:14.458781,2026-07-03T00:02:14.468288+00:00,113.5,2,ask,Kelvin Chan,DiligentDonuts,5016030
2026-07-03T00:02:15.050634,2026-07-03T00:02:15.054823+00:00,113.5,2,bid,Kelvin Chan,DiligentDonuts,5016041
2026-07-03T00:02:15.952930,2026-07-03T00:02:15.968718+00:00,113.1,50,ask,EarnestEspressos,FlawlessFlatbreads,5016065
2026-07-03T00:02:17.306897,2026-07-03T00:02:17.363666+00:00,113.0,46,ask,DiligentDonuts,CostlyCorianders,5016109
2026-07-03T00:02:17.653595,2026-07-03T00:02:17.662688+00:00,113.3,11,bid,Xuanyu Liu,DiligentDonuts,5016118
2026-07-03T00:02:18.060719,2026-07-03T00:02:18.072082+00:00,113.0,50,ask,EarnestEspressos,FlawlessFlatbreads,5016128
2026-07-03T00:02:18.296019,2026-07-03T00:02:18.307488+00:00,113.3,49,bid,CostlyCorianders,DiligentDonuts,5016135
2026-07-03T00:02:18.391183,2026-07-03T00:02:18.402225+00:00,113.3,2,bid,Kelvin Chan,DiligentDonuts,5016138
2026-07-03T00:02:19.705498,2026-07-03T00:02:19.714020+00:00,112.9,23,bid,Xuanyu Liu,EarnestEspressos,5016164
2026-07-03T00:02:20.168848,2026-07-03T00:02:20.180541+00:00,112.8,50,ask,DiligentDonuts,FlawlessFlatbreads,5016181
2026-07-03T00:02:21.597810,2026-07-03T00:02:21.608240+00:00,112.9,4,bid,Kelvin Chan,EarnestEspressos,5016208
2026-07-03T00:02:22.814703,2026-07-03T00:02:22.821039+00:00,112.6,48,ask,DiligentDonuts,CostlyCorianders,5016223
2026-07-03T00:02:23.951351,2026-07-03T00:02:23.961482+00:00,112.9,12,bid,Xuanyu Liu,DiligentDonuts,5016255
2026-07-03T00:02:24.382307,2026-07-03T00:02:24.393622+00:00,112.6,50,ask,DiligentDonuts,FlawlessFlatbreads,5016262
2026-07-03T00:02:24.478850,2026-07-03T00:02:24.490364+00:00,112.9,48,bid,CostlyCorianders,DiligentDonuts,5016263
2026-07-03T00:02:25.219488,2026-07-03T00:02:25.231314+00:00,112.9,5,bid,Kelvin Chan,DiligentDonuts,5016270
2026-07-03T00:02:25.514399,2026-07-03T00:02:25.522414+00:00,112.9,5,bid,Kelvin Chan,DiligentDonuts,5016276
2026-07-03T00:02:26.490041,2026-07-03T00:02:26.498433+00:00,112.4,50,ask,DiligentDonuts,FlawlessFlatbreads,5016298
2026-07-03T00:02:26.687127,2026-07-03T00:02:26.693292+00:00,112.9,30,bid,CostlyCorianders,DiligentDonuts,5016304
2026-07-03T00:02:26.687127,2026-07-03T00:02:26.698771+00:00,112.9,12,bid,CostlyCorianders,EarnestEspressos,5016305
2026-07-03T00:02:26.744436,2026-07-03T00:02:26.755358+00:00,112.4,43,ask,DiligentDonuts,CostlyCorianders,5016307
2026-07-03T00:02:28.343913,2026-07-03T00:02:28.355271+00:00,112.9,43,bid,CostlyCorianders,EarnestEspressos,5016339
2026-07-03T00:02:28.546581,2026-07-03T00:02:28.554200+00:00,112.9,50,bid,FlawlessFlatbreads,EarnestEspressos,5016345
2026-07-03T00:02:28.928812,2026-07-03T00:02:28.940581+00:00,112.4,41,ask,EarnestEspressos,CostlyCorianders,5016349
2026-07-03T00:02:29.499430,2026-07-03T00:02:29.510827+00:00,112.6,44,ask,EarnestEspressos,CostlyCorianders,5016358
2026-07-03T00:02:30.127975,2026-07-03T00:02:30.139513+00:00,112.9,48,bid,CostlyCorianders,DiligentDonuts,5016367
2026-07-03T00:02:30.677372,2026-07-03T00:02:30.688611+00:00,113.1,49,bid,CostlyCorianders,EarnestEspressos,5016388
2026-07-03T00:02:32.824307,2026-07-03T00:02:32.834074+00:00,112.8,50,ask,EarnestEspressos,FlawlessFlatbreads,5016424
2026-07-03T00:02:36.981850,2026-07-03T00:02:36.993511+00:00,113.1,50,bid,FlawlessFlatbreads,EarnestEspressos,5016494
2026-07-03T00:02:39.091449,2026-07-03T00:02:39.107928+00:00,113.1,2,bid,FlawlessFlatbreads,Kelvin Chan,5016533
2026-07-03T00:02:39.091449,2026-07-03T00:02:39.107928+00:00,113.2,48,bid,FlawlessFlatbreads,DiligentDonuts,5016534
2026-07-03T00:02:40.959293,2026-07-03T00:02:40.969164+00:00,112.8,45,ask,EarnestEspressos,CostlyCorianders,5016570
2026-07-03T00:02:41.199171,2026-07-03T00:02:41.210599+00:00,113.1,2,bid,FlawlessFlatbreads,Kelvin Chan,5016575
2026-07-03T00:02:41.199171,2026-07-03T00:02:41.210599+00:00,113.2,48,bid,FlawlessFlatbreads,DiligentDonuts,5016576
2026-07-03T00:02:43.313999,2026-07-03T00:02:43.325750+00:00,113.1,5,bid,FlawlessFlatbreads,Kelvin Chan,5016606
2026-07-03T00:02:43.313999,2026-07-03T00:02:43.325750+00:00,113.2,45,bid,FlawlessFlatbreads,EarnestEspressos,5016607
2026-07-03T00:02:45.423063,2026-07-03T00:02:45.434405+00:00,113.3,50,bid,FlawlessFlatbreads,EarnestEspressos,5016665
2026-07-03T00:02:47.533553,2026-07-03T00:02:47.545273+00:00,113.1,3,bid,FlawlessFlatbreads,Kelvin Chan,5016715
2026-07-03T00:02:47.533553,2026-07-03T00:02:47.545273+00:00,113.3,47,bid,FlawlessFlatbreads,EarnestEspressos,5016716
2026-07-03T00:02:48.150956,2026-07-03T00:02:48.158975+00:00,113.3,8,ask,EarnestEspressos,Xuanyu Liu,5016730
2026-07-03T00:02:48.666255,2026-07-03T00:02:48.678909+00:00,113.3,4,ask,EarnestEspressos,Xuanyu Liu,5016743
2026-07-03T00:02:48.746591,2026-07-03T00:02:48.757975+00:00,113.3,42,ask,EarnestEspressos,CostlyCorianders,5016748
2026-07-03T00:02:49.641814,2026-07-03T00:02:49.653628+00:00,113.6,50,bid,FlawlessFlatbreads,DiligentDonuts,5016771
2026-07-03T00:02:50.329307,2026-07-03T00:02:50.342940+00:00,113.3,11,ask,EarnestEspressos,Xuanyu Liu,5016788
2026-07-03T00:02:50.351792,2026-07-03T00:02:50.358190+00:00,113.6,48,bid,CostlyCorianders,DiligentDonuts,5016790
2026-07-03T00:02:50.552269,2026-07-03T00:02:50.560656+00:00,113.3,12,ask,EarnestEspressos,Xuanyu Liu,5016795
2026-07-03T00:02:51.775572,2026-07-03T00:02:51.783373+00:00,113.3,50,bid,FlawlessFlatbreads,EarnestEspressos,5016835
2026-07-03T00:02:52.028524,2026-07-03T00:02:52.037858+00:00,113.1,49,ask,DiligentDonuts,CostlyCorianders,5016836
2026-07-03T00:02:52.682649,2026-07-03T00:02:52.693975+00:00,113.0,44,ask,DiligentDonuts,CostlyCorianders,5016849
2026-07-03T00:02:55.985473,2026-07-03T00:02:55.997174+00:00,113.5,50,bid,FlawlessFlatbreads,DiligentDonuts,5016912
2026-07-03T00:02:58.094992,2026-07-03T00:02:58.102487+00:00,113.3,1,bid,FlawlessFlatbreads,Kelvin Chan,5016964
2026-07-03T00:02:58.094992,2026-07-03T00:02:58.107662+00:00,113.5,49,bid,FlawlessFlatbreads,DiligentDonuts,5016965
2026-07-03T00:02:58.536346,2026-07-03T00:02:58.547794+00:00,113.5,1,bid,CostlyCorianders,DiligentDonuts,5016983
2026-07-03T00:02:58.536346,2026-07-03T00:02:58.547794+00:00,113.5,46,bid,CostlyCorianders,EarnestEspressos,5016984
2026-07-03T00:02:59.557758,2026-07-03T00:02:59.566449+00:00,113.0,4,ask,Kelvin Chan,CostlyCorianders,5017000
2026-07-03T00:02:59.557758,2026-07-03T00:02:59.566449+00:00,113.0,40,ask,EarnestEspressos,CostlyCorianders,5017001
2026-07-03T00:03:00.202485,2026-07-03T00:03:00.214117+00:00,113.5,50,bid,FlawlessFlatbreads,EarnestEspressos,5017011
2026-07-03T00:03:02.310172,2026-07-03T00:03:02.321500+00:00,113.5,50,bid,FlawlessFlatbreads,EarnestEspressos,5017048
2026-07-03T00:03:02.364855,2026-07-03T00:03:02.375586+00:00,113.1,6,ask,Kelvin Chan,Xuanyu Liu,5017050
2026-07-03T00:03:02.364855,2026-07-03T00:03:02.375586+00:00,113.1,5,ask,DiligentDonuts,Xuanyu Liu,5017051
2026-07-03T00:03:04.421433,2026-07-03T00:03:04.432692+00:00,113.6,50,bid,FlawlessFlatbreads,DiligentDonuts,5017092
2026-07-03T00:03:04.678660,2026-07-03T00:03:04.689965+00:00,113.6,42,bid,CostlyCorianders,DiligentDonuts,5017093
2026-07-03T00:03:04.930163,2026-07-03T00:03:04.939314+00:00,113.1,3,ask,DiligentDonuts,Xuanyu Liu,5017103
2026-07-03T00:03:05.203408,2026-07-03T00:03:05.215078+00:00,113.1,6,ask,Kelvin Chan,CostlyCorianders,5017108
2026-07-03T00:03:05.203408,2026-07-03T00:03:05.215078+00:00,113.1,43,ask,EarnestEspressos,CostlyCorianders,5017109
2026-07-03T00:03:05.763610,2026-07-03T00:03:05.775275+00:00,113.4,1,bid,CostlyCorianders,Kelvin Chan,5017118
2026-07-03T00:03:05.763610,2026-07-03T00:03:05.775275+00:00,113.6,41,bid,CostlyCorianders,EarnestEspressos,5017119
2026-07-03T00:03:10.787381,2026-07-03T00:03:10.796662+00:00,113.1,2,ask,Kelvin Chan,FlawlessFlatbreads,5017215
2026-07-03T00:03:10.787381,2026-07-03T00:03:10.796662+00:00,113.1,48,ask,DiligentDonuts,FlawlessFlatbreads,5017216
2026-07-03T00:03:11.838351,2026-07-03T00:03:11.849957+00:00,113.1,40,ask,EarnestEspressos,CostlyCorianders,5017236
2026-07-03T00:03:12.480528,2026-07-03T00:03:12.489054+00:00,113.4,1,bid,CostlyCorianders,Kelvin Chan,5017266
2026-07-03T00:03:12.480528,2026-07-03T00:03:12.489054+00:00,113.4,47,bid,CostlyCorianders,DiligentDonuts,5017267
2026-07-03T00:03:14.953627,2026-07-03T00:03:14.965313+00:00,113.6,50,bid,FlawlessFlatbreads,EarnestEspressos,5017313
2026-07-03T00:03:17.061493,2026-07-03T00:03:17.068676+00:00,113.5,4,bid,FlawlessFlatbreads,Kelvin Chan,5017361
2026-07-03T00:03:17.061493,2026-07-03T00:03:17.074073+00:00,113.8,46,bid,FlawlessFlatbreads,DiligentDonuts,5017362
2026-07-03T00:03:17.605169,2026-07-03T00:03:17.614898+00:00,113.4,48,ask,EarnestEspressos,CostlyCorianders,5017369
2026-07-03T00:03:18.715254,2026-07-03T00:03:18.726733+00:00,113.5,3,bid,CostlyCorianders,Kelvin Chan,5017387
2026-07-03T00:03:18.715254,2026-07-03T00:03:18.726733+00:00,113.9,44,bid,CostlyCorianders,EarnestEspressos,5017388
2026-07-03T00:03:19.194930,2026-07-03T00:03:19.206467+00:00,113.4,45,ask,EarnestEspressos,CostlyCorianders,5017411
2026-07-03T00:03:19.219476,2026-07-03T00:03:19.230790+00:00,113.4,50,ask,EarnestEspressos,FlawlessFlatbreads,5017414
2026-07-03T00:03:19.732593,2026-07-03T00:03:19.744249+00:00,113.4,7,ask,EarnestEspressos,CostlyCorianders,5017432
2026-07-03T00:03:19.732593,2026-07-03T00:03:19.744249+00:00,113.4,39,ask,DiligentDonuts,CostlyCorianders,5017433
2026-07-03T00:03:19.844245,2026-07-03T00:03:19.850625+00:00,113.4,61,ask,DiligentDonuts,EarnestEspressos,5017434
2026-07-03T00:03:21.902750,2026-07-03T00:03:21.911591+00:00,113.3,3,bid,Xuanyu Liu,EarnestEspressos,5017469
2026-07-03T00:03:23.430594,2026-07-03T00:03:23.442212+00:00,113.2,2,ask,Kelvin Chan,FlawlessFlatbreads,5017507
2026-07-03T00:03:23.430594,2026-07-03T00:03:23.442212+00:00,113.1,48,ask,DiligentDonuts,FlawlessFlatbreads,5017508
2026-07-03T00:03:25.392012,2026-07-03T00:03:25.398558+00:00,113.4,40,bid,CostlyCorianders,DiligentDonuts,5017546
2026-07-03T00:03:26.752206,2026-07-03T00:03:26.760420+00:00,113.2,1,ask,Kelvin Chan,Xuanyu Liu,5017582
2026-07-03T00:03:27.038034,2026-07-03T00:03:27.046952+00:00,113.4,42,bid,CostlyCorianders,DiligentDonuts,5017585
2026-07-03T00:03:27.591977,2026-07-03T00:03:27.601246+00:00,113.4,50,bid,FlawlessFlatbreads,EarnestEspressos,5017595
2026-07-03T00:03:27.759550,2026-07-03T00:03:27.767607+00:00,113.2,2,ask,Kelvin Chan,Xuanyu Liu,5017596
2026-07-03T00:03:29.702994,2026-07-03T00:03:29.711825+00:00,113.5,2,bid,FlawlessFlatbreads,Kelvin Chan,5017645
2026-07-03T00:03:29.702994,2026-07-03T00:03:29.711825+00:00,113.5,48,bid,FlawlessFlatbreads,DiligentDonuts,5017646
2026-07-03T00:03:32.812144,2026-07-03T00:03:32.822013+00:00,113.3,3,ask,DiligentDonuts,Xuanyu Liu,5017709
2026-07-03T00:03:33.917613,2026-07-03T00:03:33.927547+00:00,113.5,2,bid,FlawlessFlatbreads,Kelvin Chan,5017736
2026-07-03T00:03:33.917613,2026-07-03T00:03:33.927547+00:00,113.5,48,bid,FlawlessFlatbreads,DiligentDonuts,5017737
2026-07-03T00:03:35.183428,2026-07-03T00:03:35.191856+00:00,113.2,3,ask,Kelvin Chan,CostlyCorianders,5017755
2026-07-03T00:03:35.183428,2026-07-03T00:03:35.191856+00:00,113.1,43,ask,EarnestEspressos,CostlyCorianders,5017756
2026-07-03T00:03:35.652878,2026-07-03T00:03:35.664472+00:00,113.5,45,bid,CostlyCorianders,DiligentDonuts,5017769
2026-07-03T00:03:36.024700,2026-07-03T00:03:36.032498+00:00,113.5,7,bid,FlawlessFlatbreads,DiligentDonuts,5017780
2026-07-03T00:03:36.024700,2026-07-03T00:03:36.037772+00:00,113.6,43,bid,FlawlessFlatbreads,EarnestEspressos,5017781
2026-07-03T00:03:37.214559,2026-07-03T00:03:37.225815+00:00,113.4,45,ask,DiligentDonuts,CostlyCorianders,5017815
2026-07-03T00:03:38.183551,2026-07-03T00:03:38.189845+00:00,113.4,50,ask,DiligentDonuts,FlawlessFlatbreads,5017831
2026-07-03T00:03:38.322510,2026-07-03T00:03:38.333893+00:00,113.6,48,bid,CostlyCorianders,EarnestEspressos,5017832
2026-07-03T00:03:38.779811,2026-07-03T00:03:38.789558+00:00,113.4,5,ask,DiligentDonuts,CostlyCorianders,5017844
2026-07-03T00:03:38.779811,2026-07-03T00:03:38.789558+00:00,113.2,2,ask,Kelvin Chan,CostlyCorianders,5017845
2026-07-03T00:03:39.480774,2026-07-03T00:03:39.487346+00:00,113.6,45,ask,EarnestEspressos,CostlyCorianders,5017858
2026-07-03T00:03:40.295814,2026-07-03T00:03:40.304442+00:00,113.6,50,ask,EarnestEspressos,FlawlessFlatbreads,5017894
2026-07-03T00:03:41.624628,2026-07-03T00:03:41.636138+00:00,113.6,40,ask,EarnestEspressos,CostlyCorianders,5017911
2026-07-03T00:03:42.403826,2026-07-03T00:03:42.414760+00:00,113.3,50,ask,DiligentDonuts,FlawlessFlatbreads,5017924
2026-07-03T00:03:43.693968,2026-07-03T00:03:43.702146+00:00,113.5,3,bid,Xuanyu Liu,EarnestEspressos,5017968
2026-07-03T00:03:44.509721,2026-07-03T00:03:44.521074+00:00,113.3,2,ask,Kelvin Chan,FlawlessFlatbreads,5017983
2026-07-03T00:03:44.509721,2026-07-03T00:03:44.521074+00:00,113.2,48,ask,DiligentDonuts,FlawlessFlatbreads,5017984
2026-07-03T00:03:46.630026,2026-07-03T00:03:46.638984+00:00,113.2,3,ask,Kelvin Chan,FlawlessFlatbreads,5018021
2026-07-03T00:03:46.630026,2026-07-03T00:03:46.644477+00:00,113.1,47,ask,DiligentDonuts,FlawlessFlatbreads,5018022
2026-07-03T00:03:46.964367,2026-07-03T00:03:46.971534+00:00,113.4,48,bid,CostlyCorianders,EarnestEspressos,5018042
2026-07-03T00:03:48.546795,2026-07-03T00:03:48.555073+00:00,113.6,2,bid,CostlyCorianders,Kelvin Chan,5018088
2026-07-03T00:03:48.546795,2026-07-03T00:03:48.555073+00:00,113.6,46,bid,CostlyCorianders,DiligentDonuts,5018089
2026-07-03T00:03:48.737277,2026-07-03T00:03:48.748637+00:00,113.1,50,ask,DiligentDonuts,FlawlessFlatbreads,5018093
2026-07-03T00:03:49.638346,2026-07-03T00:03:49.649711+00:00,113.2,4,ask,Kelvin Chan,CostlyCorianders,5018102
2026-07-03T00:03:49.638346,2026-07-03T00:03:49.649711+00:00,113.1,40,ask,EarnestEspressos,CostlyCorianders,5018103
2026-07-03T00:03:50.670597,2026-07-03T00:03:50.679968+00:00,113.2,5,ask,Kelvin Chan,CostlyCorianders,5018119
2026-07-03T00:03:50.845048,2026-07-03T00:03:50.855794+00:00,113.1,50,ask,EarnestEspressos,FlawlessFlatbreads,5018126
2026-07-03T00:03:54.024715,2026-07-03T00:03:54.034039+00:00,113.4,42,bid,CostlyCorianders,DiligentDonuts,5018183
2026-07-03T00:03:54.983179,2026-07-03T00:03:54.994748+00:00,113.1,4,ask,Kelvin Chan,CostlyCorianders,5018215
2026-07-03T00:03:54.983179,2026-07-03T00:03:54.994748+00:00,112.9,44,ask,DiligentDonuts,CostlyCorianders,5018216
2026-07-03T00:03:55.058869,2026-07-03T00:03:55.070100+00:00,112.9,50,ask,DiligentDonuts,FlawlessFlatbreads,5018219
2026-07-03T00:03:55.781370,2026-07-03T00:03:55.789832+00:00,113.3,3,bid,Xuanyu Liu,DiligentDonuts,5018231
2026-07-03T00:03:57.113136,2026-07-03T00:03:57.119955+00:00,113.3,50,bid,FlawlessFlatbreads,DiligentDonuts,5018266
2026-07-03T00:03:58.141996,2026-07-03T00:03:58.164268+00:00,113.3,47,bid,CostlyCorianders,DiligentDonuts,5018286
2026-07-03T00:03:58.744120,2026-07-03T00:03:58.758608+00:00,113.5,2,bid,CostlyCorianders,Kelvin Chan,5018300
2026-07-03T00:03:58.744120,2026-07-03T00:03:58.758608+00:00,113.5,43,bid,CostlyCorianders,EarnestEspressos,5018301
2026-07-03T00:04:00.757038,2026-07-03T00:04:00.750784+00:00,113.2,48,ask,DiligentDonuts,CostlyCorianders,5018336
2026-07-03T00:04:01.378672,2026-07-03T00:04:01.389092+00:00,113.2,50,ask,DiligentDonuts,FlawlessFlatbreads,5018363
2026-07-03T00:04:02.929485,2026-07-03T00:04:02.940831+00:00,113.1,1,ask,Kelvin Chan,CostlyCorianders,5018401
2026-07-03T00:04:02.929485,2026-07-03T00:04:02.940831+00:00,113.1,45,ask,EarnestEspressos,CostlyCorianders,5018402
2026-07-03T00:04:03.402726,2026-07-03T00:04:03.411751+00:00,113.4,1,bid,CostlyCorianders,Kelvin Chan,5018406
2026-07-03T00:04:03.402726,2026-07-03T00:04:03.411751+00:00,113.4,48,bid,CostlyCorianders,DiligentDonuts,5018407
2026-07-03T00:04:03.483286,2026-07-03T00:04:03.494554+00:00,113.1,50,ask,EarnestEspressos,FlawlessFlatbreads,5018410
2026-07-03T00:04:04.348567,2026-07-03T00:04:04.358631+00:00,113.2,40,bid,CostlyCorianders,EarnestEspressos,5018425
2026-07-03T00:04:04.868798,2026-07-03T00:04:04.876639+00:00,113.2,43,bid,CostlyCorianders,EarnestEspressos,5018432
2026-07-03T00:04:05.588427,2026-07-03T00:04:05.599020+00:00,113.1,6,ask,Kelvin Chan,FlawlessFlatbreads,5018442
2026-07-03T00:04:05.588427,2026-07-03T00:04:05.599020+00:00,113.0,44,ask,DiligentDonuts,FlawlessFlatbreads,5018443
2026-07-03T00:04:07.697525,2026-07-03T00:04:07.707022+00:00,113.0,50,ask,DiligentDonuts,FlawlessFlatbreads,5018490
2026-07-03T00:04:08.172177,2026-07-03T00:04:08.182036+00:00,113.0,6,ask,DiligentDonuts,CostlyCorianders,5018503
2026-07-03T00:04:08.172177,2026-07-03T00:04:08.182036+00:00,113.0,38,ask,EarnestEspressos,CostlyCorianders,5018504
2026-07-03T00:04:08.338332,2026-07-03T00:04:08.345599+00:00,113.0,100,ask,EarnestEspressos,DiligentDonuts,5018515
2026-07-03T00:04:09.071162,2026-07-03T00:04:09.079622+00:00,113.0,12,ask,EarnestEspressos,CostlyCorianders,5018529
2026-07-03T00:04:09.071162,2026-07-03T00:04:09.079622+00:00,112.5,37,ask,DiligentDonuts,CostlyCorianders,5018530
2026-07-03T00:04:09.569230,2026-07-03T00:04:09.576823+00:00,113.4,1,bid,CostlyCorianders,Kelvin Chan,5018537
2026-07-03T00:04:09.569230,2026-07-03T00:04:09.582125+00:00,113.5,41,bid,CostlyCorianders,EarnestEspressos,5018538
2026-07-03T00:04:09.805526,2026-07-03T00:04:09.814553+00:00,112.5,50,ask,DiligentDonuts,FlawlessFlatbreads,5018541
2026-07-03T00:04:10.070963,2026-07-03T00:04:10.082736+00:00,112.5,13,ask,DiligentDonuts,CostlyCorianders,5018543
2026-07-03T00:04:10.472716,2026-07-03T00:04:10.482961+00:00,112.9,11,bid,Xuanyu Liu,EarnestEspressos,5018553
2026-07-03T00:04:12.015102,2026-07-03T00:04:12.026473+00:00,112.9,48,bid,CostlyCorianders,EarnestEspressos,5018583
2026-07-03T00:04:13.575517,2026-07-03T00:04:13.586740+00:00,112.7,40,ask,EarnestEspressos,CostlyCorianders,5018622
2026-07-03T00:04:13.963089,2026-07-03T00:04:13.974705+00:00,113.0,50,bid,FlawlessFlatbreads,DiligentDonuts,5018630
2026-07-03T00:04:16.217969,2026-07-03T00:04:16.229809+00:00,113.1,3,bid,CostlyCorianders,Kelvin Chan,5018684
2026-07-03T00:04:16.217969,2026-07-03T00:04:16.229809+00:00,113.2,46,bid,CostlyCorianders,EarnestEspressos,5018685
2026-07-03T00:04:18.176661,2026-07-03T00:04:18.184546+00:00,113.4,50,bid,FlawlessFlatbreads,EarnestEspressos,5018716
2026-07-03T00:04:18.340722,2026-07-03T00:04:18.352295+00:00,112.9,48,ask,EarnestEspressos,CostlyCorianders,5018720
2026-07-03T00:04:20.281479,2026-07-03T00:04:20.289733+00:00,113.3,50,bid,FlawlessFlatbreads,EarnestEspressos,5018773
2026-07-03T00:04:20.808410,2026-07-03T00:04:20.815239+00:00,112.9,48,ask,DiligentDonuts,CostlyCorianders,5018782
2026-07-03T00:04:21.847406,2026-07-03T00:04:21.858622+00:00,113.2,40,bid,CostlyCorianders,DiligentDonuts,5018804
2026-07-03T00:04:22.388617,2026-07-03T00:04:22.397577+00:00,113.2,50,bid,FlawlessFlatbreads,DiligentDonuts,5018827
2026-07-03T00:04:24.493670,2026-07-03T00:04:24.505034+00:00,113.2,3,bid,FlawlessFlatbreads,Kelvin Chan,5018865
2026-07-03T00:04:24.493670,2026-07-03T00:04:24.505034+00:00,113.5,47,bid,FlawlessFlatbreads,EarnestEspressos,5018866
2026-07-03T00:04:25.684263,2026-07-03T00:04:25.696802+00:00,113.2,2,bid,CostlyCorianders,Kelvin Chan,5018890
2026-07-03T00:04:26.296474,2026-07-03T00:04:26.304929+00:00,113.3,11,ask,EarnestEspressos,Xuanyu Liu,5018907
2026-07-03T00:04:26.369564,2026-07-03T00:04:26.375739+00:00,113.3,46,ask,EarnestEspressos,CostlyCorianders,5018910
2026-07-03T00:04:26.599710,2026-07-03T00:04:26.620754+00:00,113.3,3,ask,EarnestEspressos,Xuanyu Liu,5018917
2026-07-03T00:04:26.599818,2026-07-03T00:04:26.620754+00:00,113.5,50,bid,FlawlessFlatbreads,DiligentDonuts,5018918
2026-07-03T00:04:28.708850,2026-07-03T00:04:28.717584+00:00,113.5,50,bid,FlawlessFlatbreads,DiligentDonuts,5018969
2026-07-03T00:04:29.196230,2026-07-03T00:04:29.203043+00:00,113.3,49,ask,EarnestEspressos,CostlyCorianders,5018990
2026-07-03T00:04:30.241200,2026-07-03T00:04:30.250585+00:00,113.2,3,bid,Xuanyu Liu,EarnestEspressos,5019015
2026-07-03T00:04:30.448371,2026-07-03T00:04:30.455826+00:00,113.2,100,bid,DiligentDonuts,EarnestEspressos,5019025
2026-07-03T00:04:30.875430,2026-07-03T00:04:30.885857+00:00,112.7,50,ask,EarnestEspressos,FlawlessFlatbreads,5019040
2026-07-03T00:04:32.981501,2026-07-03T00:04:32.990362+00:00,112.8,50,ask,EarnestEspressos,FlawlessFlatbreads,5019095
2026-07-03T00:04:35.088162,2026-07-03T00:04:35.099551+00:00,112.8,50,ask,EarnestEspressos,FlawlessFlatbreads,5019127
2026-07-03T00:04:35.777458,2026-07-03T00:04:35.783922+00:00,112.8,100,ask,DiligentDonuts,EarnestEspressos,5019136
2026-07-03T00:04:36.544338,2026-07-03T00:04:36.553417+00:00,112.7,5,bid,Xuanyu Liu,EarnestEspressos,5019166
2026-07-03T00:04:36.787481,2026-07-03T00:04:36.795574+00:00,112.7,6,bid,Xuanyu Liu,EarnestEspressos,5019171
2026-07-03T00:04:36.934362,2026-07-03T00:04:36.942553+00:00,112.7,12,bid,Xuanyu Liu,EarnestEspressos,5019174
2026-07-03T00:04:37.102867,2026-07-03T00:04:37.112665+00:00,112.7,4,bid,Kelvin Chan,EarnestEspressos,5019178
2026-07-03T00:04:37.144386,2026-07-03T00:04:37.158566+00:00,112.7,4,bid,Kelvin Chan,EarnestEspressos,5019180
2026-07-03T00:04:37.450134,2026-07-03T00:04:37.456362+00:00,112.7,19,bid,CostlyCorianders,EarnestEspressos,5019187
2026-07-03T00:04:37.450134,2026-07-03T00:04:37.456362+00:00,112.7,29,bid,CostlyCorianders,DiligentDonuts,5019188
2026-07-03T00:04:38.886293,2026-07-03T00:04:38.895045+00:00,112.7,71,bid,EarnestEspressos,DiligentDonuts,5019215
2026-07-03T00:04:38.901040,2026-07-03T00:04:38.912564+00:00,112.9,49,ask,EarnestEspressos,CostlyCorianders,5019216
2026-07-03T00:04:38.948948,2026-07-03T00:04:38.963132+00:00,112.9,12,ask,EarnestEspressos,Xuanyu Liu,5019217
2026-07-03T00:04:39.311452,2026-07-03T00:04:39.326135+00:00,112.9,18,ask,EarnestEspressos,FlawlessFlatbreads,5019225
2026-07-03T00:04:39.311452,2026-07-03T00:04:39.326135+00:00,112.2,32,ask,DiligentDonuts,FlawlessFlatbreads,5019226
2026-07-03T00:04:40.961243,2026-07-03T00:04:40.972897+00:00,113.0,44,bid,CostlyCorianders,DiligentDonuts,5019253
2026-07-03T00:04:41.418274,2026-07-03T00:04:41.429779+00:00,112.8,5,ask,Kelvin Chan,FlawlessFlatbreads,5019258
2026-07-03T00:04:43.525469,2026-07-03T00:04:43.537143+00:00,112.7,5,ask,Kelvin Chan,FlawlessFlatbreads,5019292
2026-07-03T00:04:43.525469,2026-07-03T00:04:43.537143+00:00,112.7,45,ask,DiligentDonuts,FlawlessFlatbreads,5019293
2026-07-03T00:04:45.636731,2026-07-03T00:04:45.647138+00:00,112.7,50,ask,DiligentDonuts,FlawlessFlatbreads,5019352
2026-07-03T00:04:46.379553,2026-07-03T00:04:46.390880+00:00,112.9,49,bid,CostlyCorianders,EarnestEspressos,5019366
2026-07-03T00:04:46.856811,2026-07-03T00:04:46.868651+00:00,112.9,41,bid,CostlyCorianders,EarnestEspressos,5019373
2026-07-03T00:04:49.845898,2026-07-03T00:04:49.858570+00:00,112.7,50,ask,EarnestEspressos,FlawlessFlatbreads,5019431
2026-07-03T00:04:51.957402,2026-07-03T00:04:51.966222+00:00,112.6,1,ask,Kelvin Chan,FlawlessFlatbreads,5019471
2026-07-03T00:04:51.957402,2026-07-03T00:04:51.966222+00:00,112.5,49,ask,EarnestEspressos,FlawlessFlatbreads,5019472
2026-07-03T00:04:53.171855,2026-07-03T00:04:53.183375+00:00,112.5,41,ask,EarnestEspressos,CostlyCorianders,5019494
2026-07-03T00:04:54.013933,2026-07-03T00:04:54.025667+00:00,112.9,4,bid,FlawlessFlatbreads,Kelvin Chan,5019509
2026-07-03T00:04:54.013933,2026-07-03T00:04:54.025667+00:00,113.0,46,bid,FlawlessFlatbreads,EarnestEspressos,5019510
2026-07-03T00:04:54.167548,2026-07-03T00:04:54.179344+00:00,112.6,1,ask,Kelvin Chan,CostlyCorianders,5019515
2026-07-03T00:04:54.167548,2026-07-03T00:04:54.179344+00:00,112.5,39,ask,EarnestEspressos,CostlyCorianders,5019516
2026-07-03T00:04:54.754066,2026-07-03T00:04:54.765567+00:00,112.6,2,ask,Kelvin Chan,EarnestEspressos,5019538
2026-07-03T00:04:54.754066,2026-07-03T00:04:54.765567+00:00,112.5,100,ask,DiligentDonuts,EarnestEspressos,5019539
2026-07-03T00:04:54.766822,2026-07-03T00:04:54.774933+00:00,112.5,3,bid,Xuanyu Liu,EarnestEspressos,5019540
2026-07-03T00:04:54.775954,2026-07-03T00:04:54.784091+00:00,112.5,9,bid,Xuanyu Liu,EarnestEspressos,5019542
2026-07-03T00:04:55.106622,2026-07-03T00:04:55.116823+00:00,112.5,11,bid,Xuanyu Liu,EarnestEspressos,5019545
2026-07-03T00:04:55.552445,2026-07-03T00:04:55.563770+00:00,112.5,4,bid,Kelvin Chan,EarnestEspressos,5019552
2026-07-03T00:04:55.657833,2026-07-03T00:04:55.668818+00:00,112.5,4,bid,Kelvin Chan,EarnestEspressos,5019554
2026-07-03T00:04:55.699379,2026-07-03T00:04:55.710728+00:00,112.5,3,bid,Kelvin Chan,EarnestEspressos,5019555
2026-07-03T00:04:56.464545,2026-07-03T00:04:56.471709+00:00,112.5,3,bid,Kelvin Chan,EarnestEspressos,5019567
2026-07-03T00:04:56.544237,2026-07-03T00:04:56.555518+00:00,112.5,3,bid,Kelvin Chan,EarnestEspressos,5019569
2026-07-03T00:04:56.570881,2026-07-03T00:04:56.580117+00:00,112.5,2,bid,Kelvin Chan,EarnestEspressos,5019570
2026-07-03T00:04:56.598024,2026-07-03T00:04:56.609554+00:00,112.5,2,bid,Kelvin Chan,EarnestEspressos,5019571
2026-07-03T00:04:56.634248,2026-07-03T00:04:56.645934+00:00,112.5,2,bid,Kelvin Chan,EarnestEspressos,5019572
2026-07-03T00:04:56.678614,2026-07-03T00:04:56.686210+00:00,112.5,2,bid,Kelvin Chan,EarnestEspressos,5019573
2026-07-03T00:04:56.835870,2026-07-03T00:04:56.847085+00:00,112.6,47,bid,CostlyCorianders,DiligentDonuts,5019578
2026-07-03T00:04:57.863719,2026-07-03T00:04:57.874989+00:00,112.6,53,bid,EarnestEspressos,DiligentDonuts,5019597
2026-07-03T00:04:57.906970,2026-07-03T00:04:57.913615+00:00,112.7,43,ask,EarnestEspressos,CostlyCorianders,5019598
2026-07-03T00:04:58.230728,2026-07-03T00:04:58.242152+00:00,112.9,2,bid,FlawlessFlatbreads,Kelvin Chan,5019604
2026-07-03T00:04:58.230728,2026-07-03T00:04:58.242152+00:00,113.2,48,bid,FlawlessFlatbreads,EarnestEspressos,5019605
2026-07-03T00:04:58.723680,2026-07-03T00:04:58.734040+00:00,112.7,11,ask,EarnestEspressos,Xuanyu Liu,5019606
2026-07-03T00:04:59.103272,2026-07-03T00:04:59.111161+00:00,112.7,23,ask,EarnestEspressos,Xuanyu Liu,5019614
2026-07-03T00:05:00.339949,2026-07-03T00:05:00.350397+00:00,112.8,4,bid,FlawlessFlatbreads,Kelvin Chan,5019654
2026-07-03T00:05:00.339949,2026-07-03T00:05:00.350397+00:00,112.8,46,bid,FlawlessFlatbreads,DiligentDonuts,5019655
2026-07-03T00:05:02.499497,2026-07-03T00:05:02.508475+00:00,112.2,50,ask,DiligentDonuts,FlawlessFlatbreads,5019707
2026-07-03T00:05:04.555203,2026-07-03T00:05:04.563585+00:00,112.7,50,bid,FlawlessFlatbreads,DiligentDonuts,5019754
2026-07-03T00:05:06.320726,2026-07-03T00:05:06.332147+00:00,112.7,41,bid,CostlyCorianders,EarnestEspressos,5019805
2026-07-03T00:05:06.662049,2026-07-03T00:05:06.673393+00:00,112.7,50,bid,FlawlessFlatbreads,EarnestEspressos,5019808
2026-07-03T00:05:08.769030,2026-07-03T00:05:08.779888+00:00,112.8,1,bid,FlawlessFlatbreads,Kelvin Chan,5019862
2026-07-03T00:05:08.769030,2026-07-03T00:05:08.779888+00:00,112.8,49,bid,FlawlessFlatbreads,DiligentDonuts,5019863
2026-07-03T00:05:10.216874,2026-07-03T00:05:10.225530+00:00,112.7,4,bid,Xuanyu Liu,Kelvin Chan,5019885
2026-07-03T00:05:10.328319,2026-07-03T00:05:10.336947+00:00,112.7,4,bid,Xuanyu Liu,Kelvin Chan,5019889
2026-07-03T00:05:10.661008,2026-07-03T00:05:10.672450+00:00,112.7,41,ask,EarnestEspressos,CostlyCorianders,5019899
2026-07-03T00:05:10.928100,2026-07-03T00:05:10.939569+00:00,112.7,50,ask,EarnestEspressos,FlawlessFlatbreads,5019909
2026-07-03T00:05:12.126311,2026-07-03T00:05:12.137696+00:00,113.0,41,bid,CostlyCorianders,DiligentDonuts,5019939
2026-07-03T00:05:12.982633,2026-07-03T00:05:12.990320+00:00,113.0,50,bid,FlawlessFlatbreads,DiligentDonuts,5019952
2026-07-03T00:05:14.717072,2026-07-03T00:05:14.726291+00:00,112.7,8,ask,DiligentDonuts,Xuanyu Liu,5019996
2026-07-03T00:05:15.141098,2026-07-03T00:05:15.150087+00:00,112.7,50,ask,DiligentDonuts,FlawlessFlatbreads,5020003
2026-07-03T00:05:16.159475,2026-07-03T00:05:16.168544+00:00,112.7,3,ask,DiligentDonuts,Xuanyu Liu,5020018
2026-07-03T00:05:16.523912,2026-07-03T00:05:16.535588+00:00,112.7,39,ask,DiligentDonuts,CostlyCorianders,5020028
2026-07-03T00:05:16.523912,2026-07-03T00:05:16.535588+00:00,112.4,1,ask,Kelvin Chan,CostlyCorianders,5020029
2026-07-03T00:05:16.523912,2026-07-03T00:05:16.535588+00:00,112.3,1,ask,EarnestEspressos,CostlyCorianders,5020030
2026-07-03T00:05:16.900325,2026-07-03T00:05:16.926892+00:00,112.5,1,ask,Kelvin Chan,EarnestEspressos,5020035
2026-07-03T00:05:16.916649,2026-07-03T00:05:16.926892+00:00,112.5,3,bid,Xuanyu Liu,EarnestEspressos,5020038
2026-07-03T00:05:18.770405,2026-07-03T00:05:18.777853+00:00,112.5,11,bid,Xuanyu Liu,EarnestEspressos,5020076
2026-07-03T00:05:19.305341,2026-07-03T00:05:19.316355+00:00,112.5,50,bid,FlawlessFlatbreads,EarnestEspressos,5020087
2026-07-03T00:05:21.410852,2026-07-03T00:05:21.419117+00:00,112.8,1,bid,FlawlessFlatbreads,Kelvin Chan,5020127
2026-07-03T00:05:21.410852,2026-07-03T00:05:21.419117+00:00,112.9,49,bid,FlawlessFlatbreads,EarnestEspressos,5020128
2026-07-03T00:05:22.488868,2026-07-03T00:05:22.500322+00:00,112.7,2,bid,CostlyCorianders,Kelvin Chan,5020151
2026-07-03T00:05:22.488868,2026-07-03T00:05:22.500322+00:00,112.9,43,bid,CostlyCorianders,EarnestEspressos,5020152
2026-07-03T00:05:23.184306,2026-07-03T00:05:23.192492+00:00,112.6,11,ask,EarnestEspressos,Xuanyu Liu,5020173
2026-07-03T00:05:23.520960,2026-07-03T00:05:23.532614+00:00,112.7,3,bid,FlawlessFlatbreads,Kelvin Chan,5020184
2026-07-03T00:05:23.520960,2026-07-03T00:05:23.532614+00:00,112.9,47,bid,FlawlessFlatbreads,DiligentDonuts,5020185
2026-07-03T00:05:25.629002,2026-07-03T00:05:25.640478+00:00,112.7,3,bid,FlawlessFlatbreads,Kelvin Chan,5020225
2026-07-03T00:05:25.629002,2026-07-03T00:05:25.640478+00:00,113.0,47,bid,FlawlessFlatbreads,DiligentDonuts,5020226
2026-07-03T00:05:26.335734,2026-07-03T00:05:26.343051+00:00,112.8,4,bid,EarnestEspressos,Kelvin Chan,5020239
2026-07-03T00:05:26.447542,2026-07-03T00:05:26.458571+00:00,112.8,4,ask,EarnestEspressos,Kelvin Chan,5020246
2026-07-03T00:05:26.482086,2026-07-03T00:05:26.493908+00:00,112.8,41,ask,EarnestEspressos,CostlyCorianders,5020249
2026-07-03T00:05:26.580150,2026-07-03T00:05:26.587778+00:00,112.8,4,ask,EarnestEspressos,Kelvin Chan,5020258
2026-07-03T00:05:26.738757,2026-07-03T00:05:26.750088+00:00,112.8,3,ask,EarnestEspressos,Kelvin Chan,5020264
2026-07-03T00:05:27.105639,2026-07-03T00:05:27.116976+00:00,112.8,49,ask,EarnestEspressos,CostlyCorianders,5020270
2026-07-03T00:05:27.610876,2026-07-03T00:05:27.617521+00:00,113.0,3,ask,DiligentDonuts,Kelvin Chan,5020278
2026-07-03T00:05:27.744021,2026-07-03T00:05:27.750597+00:00,113.3,50,bid,FlawlessFlatbreads,EarnestEspressos,5020280
2026-07-03T00:05:27.940621,2026-07-03T00:05:27.952149+00:00,113.0,3,ask,DiligentDonuts,Xuanyu Liu,5020284
2026-07-03T00:05:28.301508,2026-07-03T00:05:28.308671+00:00,113.3,41,bid,CostlyCorianders,EarnestEspressos,5020295
2026-07-03T00:05:28.706826,2026-07-03T00:05:28.714651+00:00,113.0,3,ask,DiligentDonuts,Kelvin Chan,5020304
2026-07-03T00:05:28.812744,2026-07-03T00:05:28.820352+00:00,113.0,3,ask,DiligentDonuts,Kelvin Chan,5020305
2026-07-03T00:05:29.900774,2026-07-03T00:05:29.912412+00:00,113.0,50,ask,DiligentDonuts,FlawlessFlatbreads,5020330
2026-07-03T00:05:29.962008,2026-07-03T00:05:29.971244+00:00,113.0,3,ask,DiligentDonuts,Kelvin Chan,5020333
2026-07-03T00:05:30.111224,2026-07-03T00:05:30.122603+00:00,113.0,35,ask,DiligentDonuts,CostlyCorianders,5020339
2026-07-03T00:05:30.111224,2026-07-03T00:05:30.122603+00:00,112.6,4,ask,Kelvin Chan,CostlyCorianders,5020340
2026-07-03T00:05:30.111224,2026-07-03T00:05:30.122603+00:00,112.6,6,ask,EarnestEspressos,CostlyCorianders,5020341
2026-07-03T00:05:31.881530,2026-07-03T00:05:31.889896+00:00,112.8,3,bid,Xuanyu Liu,DiligentDonuts,5020384
2026-07-03T00:05:32.011871,2026-07-03T00:05:32.018035+00:00,112.6,50,ask,EarnestEspressos,FlawlessFlatbreads,5020389
2026-07-03T00:05:32.599814,2026-07-03T00:05:32.612740+00:00,112.8,42,bid,CostlyCorianders,DiligentDonuts,5020396
2026-07-03T00:05:34.116156,2026-07-03T00:05:34.127712+00:00,112.6,4,ask,Kelvin Chan,FlawlessFlatbreads,5020433
2026-07-03T00:05:34.116156,2026-07-03T00:05:34.127712+00:00,112.6,46,ask,EarnestEspressos,FlawlessFlatbreads,5020434
2026-07-03T00:05:34.784374,2026-07-03T00:05:34.794108+00:00,112.9,2,bid,CostlyCorianders,Kelvin Chan,5020441
2026-07-03T00:05:34.784374,2026-07-03T00:05:34.794108+00:00,113.1,40,bid,CostlyCorianders,EarnestEspressos,5020442
2026-07-03T00:05:35.348203,2026-07-03T00:05:35.354700+00:00,112.6,48,ask,EarnestEspressos,CostlyCorianders,5020453
2026-07-03T00:05:38.331238,2026-07-03T00:05:38.342597+00:00,112.6,2,ask,Kelvin Chan,FlawlessFlatbreads,5020512
2026-07-03T00:05:38.331238,2026-07-03T00:05:38.342597+00:00,112.3,48,ask,EarnestEspressos,FlawlessFlatbreads,5020513
2026-07-03T00:05:39.064717,2026-07-03T00:05:39.073062+00:00,112.6,11,bid,Xuanyu Liu,EarnestEspressos,5020525
2026-07-03T00:05:41.013746,2026-07-03T00:05:41.020261+00:00,112.6,44,bid,CostlyCorianders,EarnestEspressos,5020553
2026-07-03T00:05:42.206077,2026-07-03T00:05:42.214364+00:00,112.8,43,bid,CostlyCorianders,DiligentDonuts,5020583
2026-07-03T00:05:42.285007,2026-07-03T00:05:42.295916+00:00,112.5,5,ask,Kelvin Chan,CostlyCorianders,5020588
2026-07-03T00:05:42.285007,2026-07-03T00:05:42.295916+00:00,112.4,37,ask,EarnestEspressos,CostlyCorianders,5020589
2026-07-03T00:05:42.500524,2026-07-03T00:05:42.509143+00:00,112.8,50,bid,FlawlessFlatbreads,DiligentDonuts,5020599
2026-07-03T00:05:43.168011,2026-07-03T00:05:43.179475+00:00,112.9,1,bid,DiligentDonuts,Kelvin Chan,5020612
2026-07-03T00:05:43.168011,2026-07-03T00:05:43.179475+00:00,112.9,99,bid,DiligentDonuts,EarnestEspressos,5020613
2026-07-03T00:05:44.376304,2026-07-03T00:05:44.387801+00:00,112.8,3,bid,CostlyCorianders,Kelvin Chan,5020635
2026-07-03T00:05:44.376304,2026-07-03T00:05:44.387801+00:00,112.9,40,bid,CostlyCorianders,EarnestEspressos,5020636
2026-07-03T00:05:44.606289,2026-07-03T00:05:44.615248+00:00,112.9,11,bid,FlawlessFlatbreads,EarnestEspressos,5020641
2026-07-03T00:05:45.328788,2026-07-03T00:05:45.343144+00:00,113.1,11,ask,EarnestEspressos,Xuanyu Liu,5020651
2026-07-03T00:05:46.275865,2026-07-03T00:05:46.287293+00:00,113.1,45,ask,EarnestEspressos,CostlyCorianders,5020688
2026-07-03T00:05:46.764654,2026-07-03T00:05:46.776207+00:00,113.1,50,ask,EarnestEspressos,FlawlessFlatbreads,5020695
2026-07-03T00:05:46.793802,2026-07-03T00:05:46.805289+00:00,113.2,47,bid,CostlyCorianders,DiligentDonuts,5020696
2026-07-03T00:05:47.893090,2026-07-03T00:05:47.901689+00:00,113.1,44,ask,EarnestEspressos,CostlyCorianders,5020706
2026-07-03T00:05:47.893090,2026-07-03T00:05:47.901689+00:00,112.7,2,ask,DiligentDonuts,CostlyCorianders,5020707
2026-07-03T00:05:49.845066,2026-07-03T00:05:49.856409+00:00,113.1,45,bid,CostlyCorianders,EarnestEspressos,5020744
2026-07-03T00:05:50.977412,2026-07-03T00:05:50.988687+00:00,112.9,50,ask,DiligentDonuts,FlawlessFlatbreads,5020761
2026-07-03T00:05:50.988729,2026-07-03T00:05:50.999937+00:00,112.9,46,ask,DiligentDonuts,CostlyCorianders,5020762
2026-07-03T00:05:52.871400,2026-07-03T00:05:52.879488+00:00,113.0,11,bid,Xuanyu Liu,DiligentDonuts,5020798
2026-07-03T00:05:52.955249,2026-07-03T00:05:52.966610+00:00,112.7,7,ask,Kelvin Chan,CostlyCorianders,5020802
2026-07-03T00:05:53.086203,2026-07-03T00:05:53.094396+00:00,112.6,50,ask,EarnestEspressos,FlawlessFlatbreads,5020806
2026-07-03T00:05:53.237461,2026-07-03T00:05:53.246299+00:00,113.0,12,bid,Xuanyu Liu,DiligentDonuts,5020808
2026-07-03T00:05:54.157188,2026-07-03T00:05:54.168547+00:00,113.0,49,bid,CostlyCorianders,DiligentDonuts,5020831
2026-07-03T00:05:55.191676,2026-07-03T00:05:55.203393+00:00,112.7,6,ask,Kelvin Chan,FlawlessFlatbreads,5020855
2026-07-03T00:05:55.191676,2026-07-03T00:05:55.203393+00:00,112.5,44,ask,DiligentDonuts,FlawlessFlatbreads,5020856
2026-07-03T00:05:56.734578,2026-07-03T00:05:56.745913+00:00,112.5,48,ask,EarnestEspressos,CostlyCorianders,5020885
2026-07-03T00:05:57.302329,2026-07-03T00:05:57.312085+00:00,112.5,50,ask,EarnestEspressos,FlawlessFlatbreads,5020894
2026-07-03T00:05:58.036727,2026-07-03T00:05:58.077491+00:00,112.6,3,ask,Kelvin Chan,EarnestEspressos,5020911
2026-07-03T00:05:58.059476,2026-07-03T00:05:58.077491+00:00,112.6,23,bid,Xuanyu Liu,EarnestEspressos,5020912
2026-07-03T00:05:58.745093,2026-07-03T00:05:58.758610+00:00,112.6,3,bid,Kelvin Chan,EarnestEspressos,5020923
2026-07-03T00:05:58.806905,2026-07-03T00:05:58.818370+00:00,112.6,2,bid,Kelvin Chan,EarnestEspressos,5020925
2026-07-03T00:05:58.842223,2026-07-03T00:05:58.853625+00:00,112.6,2,bid,Kelvin Chan,EarnestEspressos,5020926
2026-07-03T00:05:58.877992,2026-07-03T00:05:58.884380+00:00,112.6,2,bid,Kelvin Chan,EarnestEspressos,5020927
2026-07-03T00:05:58.906668,2026-07-03T00:05:58.915958+00:00,112.6,2,bid,Kelvin Chan,EarnestEspressos,5020928
2026-07-03T00:05:58.934080,2026-07-03T00:05:58.945469+00:00,112.6,2,bid,Kelvin Chan,EarnestEspressos,5020929
2026-07-03T00:05:59.122586,2026-07-03T00:05:59.129002+00:00,112.6,1,bid,Kelvin Chan,EarnestEspressos,5020933
2026-07-03T00:05:59.194676,2026-07-03T00:05:59.206168+00:00,112.6,1,bid,Kelvin Chan,EarnestEspressos,5020937
2026-07-03T00:05:59.408280,2026-07-03T00:05:59.417027+00:00,112.4,50,ask,DiligentDonuts,FlawlessFlatbreads,5020942
2026-07-03T00:06:00.180918,2026-07-03T00:06:00.192263+00:00,112.4,40,ask,DiligentDonuts,CostlyCorianders,5020964
2026-07-03T00:06:01.514374,2026-07-03T00:06:01.525981+00:00,112.4,10,ask,DiligentDonuts,FlawlessFlatbreads,5020988
2026-07-03T00:06:01.514374,2026-07-03T00:06:01.525981+00:00,112.1,40,ask,EarnestEspressos,FlawlessFlatbreads,5020989
2026-07-03T00:06:01.799534,2026-07-03T00:06:01.808448+00:00,112.6,41,bid,CostlyCorianders,EarnestEspressos,5020990
2026-07-03T00:06:03.622374,2026-07-03T00:06:03.634082+00:00,112.2,50,ask,DiligentDonuts,FlawlessFlatbreads,5021042
2026-07-03T00:06:04.476715,2026-07-03T00:06:04.488263+00:00,112.7,40,bid,CostlyCorianders,DiligentDonuts,5021067
2026-07-03T00:06:05.501539,2026-07-03T00:06:05.512982+00:00,112.2,46,ask,EarnestEspressos,CostlyCorianders,5021098
2026-07-03T00:06:05.729897,2026-07-03T00:06:05.741538+00:00,112.2,50,ask,EarnestEspressos,FlawlessFlatbreads,5021104
2026-07-03T00:06:07.541816,2026-07-03T00:06:07.551301+00:00,112.2,34,bid,Xuanyu Liu,EarnestEspressos,5021148
2026-07-03T00:06:07.634476,2026-07-03T00:06:07.646159+00:00,112.2,43,bid,CostlyCorianders,EarnestEspressos,5021150
2026-07-03T00:06:07.661029,2026-07-03T00:06:07.669734+00:00,112.2,22,bid,Zihao Wu,EarnestEspressos,5021153
2026-07-03T00:06:07.838994,2026-07-03T00:06:07.858622+00:00,112.0,50,ask,DiligentDonuts,FlawlessFlatbreads,5021159
2026-07-03T00:06:08.132509,2026-07-03T00:06:08.143889+00:00,112.2,44,bid,CostlyCorianders,EarnestEspressos,5021162
2026-07-03T00:06:08.464770,2026-07-03T00:06:08.472518+00:00,112.2,3,bid,Kelvin Chan,EarnestEspressos,5021169
2026-07-03T00:06:08.649479,2026-07-03T00:06:08.654217+00:00,112.1,40,ask,DiligentDonuts,CostlyCorianders,5021173
2026-07-03T00:06:09.741084,2026-07-03T00:06:09.758599+00:00,112.2,4,bid,CostlyCorianders,EarnestEspressos,5021193
2026-07-03T00:06:09.945390,2026-07-03T00:06:09.958578+00:00,112.1,50,ask,DiligentDonuts,FlawlessFlatbreads,5021197
2026-07-03T00:06:12.052680,2026-07-03T00:06:12.063699+00:00,112.3,50,ask,EarnestEspressos,FlawlessFlatbreads,5021234
2026-07-03T00:06:13.191246,2026-07-03T00:06:13.198705+00:00,112.3,45,ask,EarnestEspressos,CostlyCorianders,5021247
2026-07-03T00:06:14.107752,2026-07-03T00:06:14.119431+00:00,112.4,50,bid,FlawlessFlatbreads,DiligentDonuts,5021281
2026-07-03T00:06:16.220183,2026-07-03T00:06:16.228005+00:00,112.5,50,bid,FlawlessFlatbreads,DiligentDonuts,5021324
2026-07-03T00:06:16.377679,2026-07-03T00:06:16.389109+00:00,112.5,49,bid,CostlyCorianders,DiligentDonuts,5021326
2026-07-03T00:06:18.909919,2026-07-03T00:06:18.921276+00:00,112.4,45,ask,DiligentDonuts,CostlyCorianders,5021377
2026-07-03T00:06:19.896866,2026-07-03T00:06:19.908144+00:00,112.7,40,bid,CostlyCorianders,EarnestEspressos,5021399
2026-07-03T00:06:20.369965,2026-07-03T00:06:20.380116+00:00,112.4,23,ask,DiligentDonuts,Xuanyu Liu,5021407
2026-07-03T00:06:22.466469,2026-07-03T00:06:22.478207+00:00,112.4,43,bid,CostlyCorianders,DiligentDonuts,5021457
2026-07-03T00:06:22.537745,2026-07-03T00:06:22.550947+00:00,112.4,50,bid,FlawlessFlatbreads,DiligentDonuts,5021458
2026-07-03T00:06:24.650842,2026-07-03T00:06:24.658620+00:00,112.5,1,bid,FlawlessFlatbreads,Kelvin Chan,5021499
2026-07-03T00:06:24.650842,2026-07-03T00:06:24.668657+00:00,112.6,49,bid,FlawlessFlatbreads,EarnestEspressos,5021500
2026-07-03T00:06:25.972758,2026-07-03T00:06:25.979309+00:00,112.4,49,ask,DiligentDonuts,CostlyCorianders,5021525
2026-07-03T00:06:26.532922,2026-07-03T00:06:26.544233+00:00,112.4,46,ask,DiligentDonuts,CostlyCorianders,5021537
2026-07-03T00:06:26.760279,2026-07-03T00:06:26.768001+00:00,112.5,1,bid,FlawlessFlatbreads,Kelvin Chan,5021539
2026-07-03T00:06:26.760279,2026-07-03T00:06:26.772982+00:00,112.8,49,bid,FlawlessFlatbreads,EarnestEspressos,5021540
2026-07-03T00:06:28.167645,2026-07-03T00:06:28.179113+00:00,112.5,47,bid,CostlyCorianders,DiligentDonuts,5021565
2026-07-03T00:06:28.684820,2026-07-03T00:06:28.696059+00:00,112.5,47,bid,CostlyCorianders,DiligentDonuts,5021583
2026-07-03T00:06:28.887201,2026-07-03T00:06:28.895123+00:00,112.5,6,bid,FlawlessFlatbreads,DiligentDonuts,5021587
2026-07-03T00:06:28.887201,2026-07-03T00:06:28.900136+00:00,112.8,44,bid,FlawlessFlatbreads,EarnestEspressos,5021588
2026-07-03T00:06:29.712968,2026-07-03T00:06:29.722717+00:00,112.7,23,ask,EarnestEspressos,Xuanyu Liu,5021607
2026-07-03T00:06:30.996549,2026-07-03T00:06:31.008085+00:00,112.8,50,bid,FlawlessFlatbreads,DiligentDonuts,5021634
2026-07-03T00:06:31.306171,2026-07-03T00:06:31.315044+00:00,112.7,48,ask,EarnestEspressos,CostlyCorianders,5021641
2026-07-03T00:06:32.386790,2026-07-03T00:06:32.393371+00:00,112.7,49,ask,EarnestEspressos,CostlyCorianders,5021660
2026-07-03T00:06:33.126957,2026-07-03T00:06:33.134637+00:00,112.7,50,bid,FlawlessFlatbreads,EarnestEspressos,5021672
2026-07-03T00:06:34.786928,2026-07-03T00:06:34.794739+00:00,112.7,12,bid,Xuanyu Liu,EarnestEspressos,5021713
2026-07-03T00:06:35.235653,2026-07-03T00:06:35.245691+00:00,112.7,50,bid,FlawlessFlatbreads,EarnestEspressos,5021724
2026-07-03T00:06:35.987512,2026-07-03T00:06:35.994990+00:00,112.9,12,ask,EarnestEspressos,Xuanyu Liu,5021737
2026-07-03T00:06:36.695482,2026-07-03T00:06:36.716697+00:00,113.0,40,bid,CostlyCorianders,DiligentDonuts,5021749
2026-07-03T00:06:36.752085,2026-07-03T00:06:36.764196+00:00,112.9,49,ask,EarnestEspressos,CostlyCorianders,5021752
2026-07-03T00:06:37.352530,2026-07-03T00:06:37.359367+00:00,113.3,50,bid,FlawlessFlatbreads,DiligentDonuts,5021764
2026-07-03T00:06:37.476684,2026-07-03T00:06:37.484924+00:00,112.9,1,ask,EarnestEspressos,Kelvin Chan,5021765
2026-07-03T00:06:37.633839,2026-07-03T00:06:37.645357+00:00,112.9,1,ask,EarnestEspressos,Kelvin Chan,5021766
2026-07-03T00:06:37.889657,2026-07-03T00:06:37.898651+00:00,112.9,1,ask,EarnestEspressos,Kelvin Chan,5021769
2026-07-03T00:06:38.510258,2026-07-03T00:06:38.521129+00:00,113.3,44,bid,CostlyCorianders,DiligentDonuts,5021785
2026-07-03T00:06:39.190328,2026-07-03T00:06:39.196687+00:00,112.8,1,ask,DiligentDonuts,Kelvin Chan,5021804
2026-07-03T00:06:39.459632,2026-07-03T00:06:39.469140+00:00,113.2,50,bid,FlawlessFlatbreads,EarnestEspressos,5021814
2026-07-03T00:06:39.510061,2026-07-03T00:06:39.519944+00:00,112.8,1,ask,DiligentDonuts,Kelvin Chan,5021815
2026-07-03T00:06:39.807255,2026-07-03T00:06:39.815656+00:00,112.8,1,ask,DiligentDonuts,Kelvin Chan,5021819
2026-07-03T00:06:40.077847,2026-07-03T00:06:40.087062+00:00,112.7,41,ask,EarnestEspressos,CostlyCorianders,5021824
2026-07-03T00:06:40.140870,2026-07-03T00:06:40.149478+00:00,113.1,23,ask,DiligentDonuts,Xuanyu Liu,5021825
2026-07-03T00:06:40.635868,2026-07-03T00:06:40.647137+00:00,113.2,45,bid,CostlyCorianders,EarnestEspressos,5021834
2026-07-03T00:06:41.593050,2026-07-03T00:06:41.603455+00:00,113.2,50,bid,FlawlessFlatbreads,EarnestEspressos,5021863
2026-07-03T00:06:42.118299,2026-07-03T00:06:42.129757+00:00,113.2,5,bid,CostlyCorianders,EarnestEspressos,5021871
2026-07-03T00:06:42.194509,2026-07-03T00:06:42.206196+00:00,113.1,47,ask,DiligentDonuts,CostlyCorianders,5021872
2026-07-03T00:06:42.679770,2026-07-03T00:06:42.691113+00:00,113.6,46,bid,CostlyCorianders,DiligentDonuts,5021886
2026-07-03T00:06:43.156260,2026-07-03T00:06:43.167983+00:00,113.1,30,ask,DiligentDonuts,CostlyCorianders,5021902
2026-07-03T00:06:43.156260,2026-07-03T00:06:43.167983+00:00,113.1,10,ask,EarnestEspressos,CostlyCorianders,5021903
2026-07-03T00:06:43.705308,2026-07-03T00:06:43.713890+00:00,113.6,50,bid,FlawlessFlatbreads,EarnestEspressos,5021912
2026-07-03T00:06:45.029244,2026-07-03T00:06:45.039496+00:00,113.6,49,bid,CostlyCorianders,EarnestEspressos,5021939
2026-07-03T00:06:45.461881,2026-07-03T00:06:45.473379+00:00,113.6,100,bid,EarnestEspressos,DiligentDonuts,5021944
2026-07-03T00:06:45.528553,2026-07-03T00:06:45.537943+00:00,113.6,14,ask,EarnestEspressos,Xuanyu Liu,5021945
2026-07-03T00:06:45.840402,2026-07-03T00:06:45.847653+00:00,114.1,50,bid,FlawlessFlatbreads,EarnestEspressos,5021957
2026-07-03T00:06:45.980480,2026-07-03T00:06:45.987234+00:00,113.6,36,ask,EarnestEspressos,CostlyCorianders,5021962
2026-07-03T00:06:45.980480,2026-07-03T00:06:45.992663+00:00,113.1,5,ask,DiligentDonuts,CostlyCorianders,5021963
2026-07-03T00:06:47.945703,2026-07-03T00:06:47.951891+00:00,113.9,50,bid,FlawlessFlatbreads,DiligentDonuts,5021994
2026-07-03T00:06:48.120565,2026-07-03T00:06:48.132081+00:00,113.4,40,ask,DiligentDonuts,CostlyCorianders,5022005
2026-07-03T00:06:49.984009,2026-07-03T00:06:49.991397+00:00,113.3,22,ask,DiligentDonuts,Zihao Wu,5022044
2026-07-03T00:06:50.051916,2026-07-03T00:06:50.058567+00:00,113.7,50,bid,FlawlessFlatbreads,EarnestEspressos,5022045
2026-07-03T00:06:52.159385,2026-07-03T00:06:52.170670+00:00,113.8,50,bid,FlawlessFlatbreads,DiligentDonuts,5022089
2026-07-03T00:06:54.265517,2026-07-03T00:06:54.276810+00:00,113.8,50,bid,FlawlessFlatbreads,EarnestEspressos,5022127
2026-07-03T00:06:54.404121,2026-07-03T00:06:54.415778+00:00,113.7,41,ask,DiligentDonuts,CostlyCorianders,5022128
2026-07-03T00:06:55.522845,2026-07-03T00:06:55.534171+00:00,114.1,47,bid,CostlyCorianders,EarnestEspressos,5022145
2026-07-03T00:06:56.373547,2026-07-03T00:06:56.384852+00:00,113.9,50,bid,FlawlessFlatbreads,DiligentDonuts,5022159
2026-07-03T00:06:56.686906,2026-07-03T00:06:56.691758+00:00,113.6,41,ask,EarnestEspressos,CostlyCorianders,5022163
2026-07-03T00:06:57.183028,2026-07-03T00:06:57.189457+00:00,113.6,3,ask,EarnestEspressos,Kelvin Chan,5022169
2026-07-03T00:06:57.312221,2026-07-03T00:06:57.323681+00:00,113.9,47,bid,CostlyCorianders,DiligentDonuts,5022173
2026-07-03T00:06:57.417400,2026-07-03T00:06:57.426482+00:00,113.6,3,ask,EarnestEspressos,Kelvin Chan,5022179
2026-07-03T00:06:57.828579,2026-07-03T00:06:57.839862+00:00,113.6,44,ask,EarnestEspressos,CostlyCorianders,5022188
2026-07-03T00:07:00.458034,2026-07-03T00:07:00.469453+00:00,113.6,5,ask,DiligentDonuts,Kelvin Chan,5022257
2026-07-03T00:07:00.599080,2026-07-03T00:07:00.610862+00:00,113.9,50,bid,FlawlessFlatbreads,EarnestEspressos,5022260
2026-07-03T00:07:01.287395,2026-07-03T00:07:01.298912+00:00,113.7,6,bid,EarnestEspressos,Kelvin Chan,5022270
2026-07-03T00:07:01.317227,2026-07-03T00:07:01.325282+00:00,113.7,5,ask,EarnestEspressos,Kelvin Chan,5022271
2026-07-03T00:07:01.491333,2026-07-03T00:07:01.500109+00:00,113.7,5,ask,EarnestEspressos,Kelvin Chan,5022274
2026-07-03T00:07:01.630789,2026-07-03T00:07:01.640874+00:00,113.7,5,ask,EarnestEspressos,Kelvin Chan,5022277
2026-07-03T00:07:01.698376,2026-07-03T00:07:01.708255+00:00,113.7,49,ask,EarnestEspressos,CostlyCorianders,5022278
2026-07-03T00:07:02.759235,2026-07-03T00:07:02.768820+00:00,113.8,50,ask,DiligentDonuts,FlawlessFlatbreads,5022304
2026-07-03T00:07:04.665892,2026-07-03T00:07:04.674374+00:00,113.8,2,ask,DiligentDonuts,Kelvin Chan,5022338
2026-07-03T00:07:04.689103,2026-07-03T00:07:04.700310+00:00,113.8,2,ask,DiligentDonuts,Kelvin Chan,5022339
2026-07-03T00:07:04.721745,2026-07-03T00:07:04.729049+00:00,113.8,2,ask,DiligentDonuts,Kelvin Chan,5022341
2026-07-03T00:07:04.865277,2026-07-03T00:07:04.876693+00:00,113.8,44,ask,DiligentDonuts,FlawlessFlatbreads,5022344
2026-07-03T00:07:04.865277,2026-07-03T00:07:04.876693+00:00,113.4,4,ask,Kelvin Chan,FlawlessFlatbreads,5022345
2026-07-03T00:07:04.865277,2026-07-03T00:07:04.876693+00:00,113.4,2,ask,EarnestEspressos,FlawlessFlatbreads,5022346
2026-07-03T00:07:05.905222,2026-07-03T00:07:05.914485+00:00,113.8,2,bid,CostlyCorianders,Kelvin Chan,5022370
2026-07-03T00:07:05.905222,2026-07-03T00:07:05.914485+00:00,113.9,43,bid,CostlyCorianders,EarnestEspressos,5022371
2026-07-03T00:07:06.975287,2026-07-03T00:07:06.986568+00:00,113.6,50,ask,DiligentDonuts,FlawlessFlatbreads,5022390
2026-07-03T00:07:09.030273,2026-07-03T00:07:09.041815+00:00,113.8,2,bid,FlawlessFlatbreads,Kelvin Chan,5022424
2026-07-03T00:07:09.030273,2026-07-03T00:07:09.041815+00:00,113.8,48,bid,FlawlessFlatbreads,DiligentDonuts,5022425
2026-07-03T00:07:10.798776,2026-07-03T00:07:10.807109+00:00,113.8,52,bid,EarnestEspressos,DiligentDonuts,5022476
2026-07-03T00:07:10.798776,2026-07-03T00:07:10.807109+00:00,113.8,1,bid,EarnestEspressos,Kelvin Chan,5022477
2026-07-03T00:07:11.189770,2026-07-03T00:07:11.196909+00:00,114.0,50,ask,EarnestEspressos,FlawlessFlatbreads,5022482
2026-07-03T00:07:12.133311,2026-07-03T00:07:12.144773+00:00,114.4,44,bid,CostlyCorianders,DiligentDonuts,5022507
2026-07-03T00:07:13.295381,2026-07-03T00:07:13.306728+00:00,114.0,47,ask,EarnestEspressos,FlawlessFlatbreads,5022523
2026-07-03T00:07:13.295381,2026-07-03T00:07:13.306728+00:00,113.9,3,ask,DiligentDonuts,FlawlessFlatbreads,5022524
2026-07-03T00:07:14.013831,2026-07-03T00:07:14.020754+00:00,113.9,97,ask,DiligentDonuts,EarnestEspressos,5022535
2026-07-03T00:07:14.935761,2026-07-03T00:07:14.947010+00:00,113.8,48,bid,CostlyCorianders,EarnestEspressos,5022553
2026-07-03T00:07:14.989507,2026-07-03T00:07:15.001049+00:00,113.5,43,ask,DiligentDonuts,CostlyCorianders,5022557
2026-07-03T00:07:15.403123,2026-07-03T00:07:15.413947+00:00,113.5,50,ask,DiligentDonuts,FlawlessFlatbreads,5022560
2026-07-03T00:07:17.513160,2026-07-03T00:07:17.519898+00:00,113.7,50,ask,EarnestEspressos,FlawlessFlatbreads,5022600
2026-07-03T00:07:19.621632,2026-07-03T00:07:19.628799+00:00,113.7,50,ask,EarnestEspressos,FlawlessFlatbreads,5022639
2026-07-03T00:07:21.316202,2026-07-03T00:07:21.323888+00:00,113.9,3,bid,CostlyCorianders,Kelvin Chan,5022672
2026-07-03T00:07:21.316202,2026-07-03T00:07:21.329296+00:00,113.9,42,bid,CostlyCorianders,EarnestEspressos,5022673
2026-07-03T00:07:21.727528,2026-07-03T00:07:21.736686+00:00,113.6,3,ask,Kelvin Chan,FlawlessFlatbreads,5022680
2026-07-03T00:07:21.727528,2026-07-03T00:07:21.736686+00:00,113.5,47,ask,DiligentDonuts,FlawlessFlatbreads,5022681
2026-07-03T00:07:23.313517,2026-07-03T00:07:23.324774+00:00,113.6,4,ask,Kelvin Chan,CostlyCorianders,5022707
2026-07-03T00:07:23.313517,2026-07-03T00:07:23.324774+00:00,113.5,43,ask,DiligentDonuts,CostlyCorianders,5022708
2026-07-03T00:07:23.835697,2026-07-03T00:07:23.840186+00:00,113.6,50,ask,EarnestEspressos,FlawlessFlatbreads,5022724
2026-07-03T00:07:24.431317,2026-07-03T00:07:24.442732+00:00,113.9,1,bid,CostlyCorianders,Kelvin Chan,5022731
2026-07-03T00:07:24.431317,2026-07-03T00:07:24.442732+00:00,114.1,42,bid,CostlyCorianders,EarnestEspressos,5022732
2026-07-03T00:07:24.459561,2026-07-03T00:07:24.468142+00:00,113.7,3,bid,Xuanyu Liu,DiligentDonuts,5022733
2026-07-03T00:07:25.942654,2026-07-03T00:07:25.958537+00:00,113.6,50,ask,EarnestEspressos,FlawlessFlatbreads,5022770
2026-07-03T00:07:27.617638,2026-07-03T00:07:27.630570+00:00,113.6,4,ask,Kelvin Chan,DiligentDonuts,5022797
2026-07-03T00:07:28.050388,2026-07-03T00:07:28.056623+00:00,113.5,4,ask,Kelvin Chan,FlawlessFlatbreads,5022805
2026-07-03T00:07:28.050388,2026-07-03T00:07:28.056623+00:00,113.4,46,ask,EarnestEspressos,FlawlessFlatbreads,5022806
2026-07-03T00:07:28.151511,2026-07-03T00:07:28.158575+00:00,113.5,4,ask,Kelvin Chan,CostlyCorianders,5022810
2026-07-03T00:07:28.151511,2026-07-03T00:07:28.158575+00:00,113.4,45,ask,EarnestEspressos,CostlyCorianders,5022811
2026-07-03T00:07:28.775234,2026-07-03T00:07:28.786794+00:00,113.6,43,bid,CostlyCorianders,DiligentDonuts,5022822
2026-07-03T00:07:28.902925,2026-07-03T00:07:28.911168+00:00,113.6,11,bid,Xuanyu Liu,DiligentDonuts,5022827
2026-07-03T00:07:29.345776,2026-07-03T00:07:29.357145+00:00,113.6,42,bid,CostlyCorianders,DiligentDonuts,5022831
2026-07-03T00:07:30.157424,2026-07-03T00:07:30.168778+00:00,113.5,2,ask,Kelvin Chan,FlawlessFlatbreads,5022844
2026-07-03T00:07:30.157424,2026-07-03T00:07:30.168778+00:00,113.1,48,ask,DiligentDonuts,FlawlessFlatbreads,5022845
2026-07-03T00:07:32.251397,2026-07-03T00:07:32.251443+00:00,113.5,3,ask,Kelvin Chan,CostlyCorianders,5022893
2026-07-03T00:07:32.251397,2026-07-03T00:07:32.251443+00:00,113.3,40,ask,DiligentDonuts,CostlyCorianders,5022894
2026-07-03T00:07:32.267088,2026-07-03T00:07:32.278675+00:00,113.3,50,ask,DiligentDonuts,FlawlessFlatbreads,5022895
2026-07-03T00:07:32.807639,2026-07-03T00:07:32.819548+00:00,113.4,4,ask,Kelvin Chan,CostlyCorianders,5022907
2026-07-03T00:07:32.807639,2026-07-03T00:07:32.819548+00:00,113.3,10,ask,DiligentDonuts,CostlyCorianders,5022908
2026-07-03T00:07:32.807639,2026-07-03T00:07:32.819548+00:00,113.1,29,ask,EarnestEspressos,CostlyCorianders,5022909
2026-07-03T00:07:33.006301,2026-07-03T00:07:33.017221+00:00,113.2,23,bid,Xuanyu Liu,EarnestEspressos,5022915
2026-07-03T00:07:33.744014,2026-07-03T00:07:33.752679+00:00,113.2,12,bid,Xuanyu Liu,EarnestEspressos,5022939
2026-07-03T00:07:33.846517,2026-07-03T00:07:33.856011+00:00,113.2,44,bid,CostlyCorianders,EarnestEspressos,5022945
2026-07-03T00:07:34.373080,2026-07-03T00:07:34.382116+00:00,113.0,50,ask,DiligentDonuts,FlawlessFlatbreads,5022963
2026-07-03T00:07:34.862529,2026-07-03T00:07:34.873583+00:00,113.2,11,bid,Xuanyu Liu,EarnestEspressos,5022966
2026-07-03T00:07:34.904629,2026-07-03T00:07:34.913748+00:00,113.2,41,bid,CostlyCorianders,EarnestEspressos,5022969
2026-07-03T00:07:35.915971,2026-07-03T00:07:35.927196+00:00,113.0,42,ask,DiligentDonuts,CostlyCorianders,5022990
2026-07-03T00:07:36.139978,2026-07-03T00:07:36.149623+00:00,113.4,11,ask,EarnestEspressos,Xuanyu Liu,5022995
2026-07-03T00:07:36.364266,2026-07-03T00:07:36.372469+00:00,113.4,12,ask,EarnestEspressos,Xuanyu Liu,5023002
2026-07-03T00:07:36.473589,2026-07-03T00:07:36.485227+00:00,113.5,43,bid,CostlyCorianders,DiligentDonuts,5023008
2026-07-03T00:07:36.485074,2026-07-03T00:07:36.495495+00:00,113.4,50,ask,EarnestEspressos,FlawlessFlatbreads,5023010
2026-07-03T00:07:37.117068,2026-07-03T00:07:37.125668+00:00,113.4,77,ask,EarnestEspressos,DiligentDonuts,5023023
2026-07-03T00:07:37.157897,2026-07-03T00:07:37.165621+00:00,113.2,1,ask,Kelvin Chan,CostlyCorianders,5023024
2026-07-03T00:07:37.157897,2026-07-03T00:07:37.170773+00:00,112.8,46,ask,DiligentDonuts,CostlyCorianders,5023025
2026-07-03T00:07:38.591057,2026-07-03T00:07:38.602588+00:00,112.8,50,ask,DiligentDonuts,FlawlessFlatbreads,5023073
2026-07-03T00:07:39.137645,2026-07-03T00:07:39.144850+00:00,113.3,23,bid,CostlyCorianders,DiligentDonuts,5023083
2026-07-03T00:07:39.137645,2026-07-03T00:07:39.150301+00:00,113.6,3,bid,CostlyCorianders,Kelvin Chan,5023084
2026-07-03T00:07:39.747389,2026-07-03T00:07:39.754731+00:00,113.3,46,bid,CostlyCorianders,EarnestEspressos,5023100
2026-07-03T00:07:40.701669,2026-07-03T00:07:40.709645+00:00,112.8,50,ask,EarnestEspressos,FlawlessFlatbreads,5023122
2026-07-03T00:07:41.595840,2026-07-03T00:07:41.604292+00:00,113.3,12,bid,Xuanyu Liu,EarnestEspressos,5023140
2026-07-03T00:07:42.756262,2026-07-03T00:07:42.751069+00:00,113.3,50,bid,FlawlessFlatbreads,DiligentDonuts,5023162
2026-07-03T00:07:43.637648,2026-07-03T00:07:43.649184+00:00,113.1,2,ask,Kelvin Chan,CostlyCorianders,5023172
2026-07-03T00:07:43.637648,2026-07-03T00:07:43.649184+00:00,112.9,39,ask,EarnestEspressos,CostlyCorianders,5023173
2026-07-03T00:07:44.202854,2026-07-03T00:07:44.209271+00:00,113.1,2,ask,Kelvin Chan,CostlyCorianders,5023185
2026-07-03T00:07:44.202854,2026-07-03T00:07:44.214871+00:00,112.9,38,ask,EarnestEspressos,CostlyCorianders,5023186
2026-07-03T00:07:44.862863,2026-07-03T00:07:44.874552+00:00,113.4,2,bid,FlawlessFlatbreads,Kelvin Chan,5023209
2026-07-03T00:07:44.862863,2026-07-03T00:07:44.874552+00:00,113.4,48,bid,FlawlessFlatbreads,EarnestEspressos,5023210
2026-07-03T00:07:45.208124,2026-07-03T00:07:45.219293+00:00,113.4,46,bid,CostlyCorianders,EarnestEspressos,5023215
2026-07-03T00:07:45.710975,2026-07-03T00:07:45.719958+00:00,113.3,4,bid,CostlyCorianders,Kelvin Chan,5023223
2026-07-03T00:07:45.710975,2026-07-03T00:07:45.719958+00:00,113.3,37,bid,CostlyCorianders,EarnestEspressos,5023224
2026-07-03T00:07:46.978308,2026-07-03T00:07:46.995477+00:00,113.3,50,bid,FlawlessFlatbreads,EarnestEspressos,5023253
2026-07-03T00:07:48.780242,2026-07-03T00:07:48.790117+00:00,113.0,2,ask,Kelvin Chan,CostlyCorianders,5023304
2026-07-03T00:07:48.780242,2026-07-03T00:07:48.795339+00:00,112.9,45,ask,DiligentDonuts,CostlyCorianders,5023305
2026-07-03T00:07:49.085248,2026-07-03T00:07:49.096836+00:00,113.3,2,bid,FlawlessFlatbreads,Kelvin Chan,5023313
2026-07-03T00:07:49.085248,2026-07-03T00:07:49.096836+00:00,113.4,48,bid,FlawlessFlatbreads,DiligentDonuts,5023314
2026-07-03T00:07:49.242697,2026-07-03T00:07:49.258562+00:00,113.1,45,ask,EarnestEspressos,CostlyCorianders,5023318
2026-07-03T00:07:51.270049,2026-07-03T00:07:51.280568+00:00,113.1,50,ask,EarnestEspressos,FlawlessFlatbreads,5023352
2026-07-03T00:07:51.336489,2026-07-03T00:07:51.343432+00:00,113.3,5,bid,CostlyCorianders,Kelvin Chan,5023357
2026-07-03T00:07:51.336489,2026-07-03T00:07:51.348687+00:00,113.4,43,bid,CostlyCorianders,DiligentDonuts,5023358
2026-07-03T00:07:51.901587,2026-07-03T00:07:51.913304+00:00,113.4,48,bid,CostlyCorianders,DiligentDonuts,5023373
2026-07-03T00:07:52.880440,2026-07-03T00:07:52.886786+00:00,113.3,100,bid,DiligentDonuts,EarnestEspressos,5023382
2026-07-03T00:07:53.376783,2026-07-03T00:07:53.386141+00:00,113.0,1,ask,Kelvin Chan,FlawlessFlatbreads,5023389
2026-07-03T00:07:53.376783,2026-07-03T00:07:53.386141+00:00,112.8,49,ask,EarnestEspressos,FlawlessFlatbreads,5023390
2026-07-03T00:07:55.443323,2026-07-03T00:07:55.452905+00:00,113.6,50,bid,FlawlessFlatbreads,EarnestEspressos,5023431
2026-07-03T00:07:59.654358,2026-07-03T00:07:59.665714+00:00,113.4,1,bid,FlawlessFlatbreads,Kelvin Chan,5023524
2026-07-03T00:07:59.654358,2026-07-03T00:07:59.665714+00:00,113.6,49,bid,FlawlessFlatbreads,DiligentDonuts,5023525
2026-07-03T00:08:01.813447,2026-07-03T00:08:01.824706+00:00,113.4,50,ask,EarnestEspressos,FlawlessFlatbreads,5023587
2026-07-03T00:08:03.340802,2026-07-03T00:08:03.349377+00:00,113.4,2,ask,EarnestEspressos,Kelvin Chan,5023612
2026-07-03T00:08:06.586632,2026-07-03T00:08:06.598170+00:00,113.2,4,ask,Kelvin Chan,CostlyCorianders,5023673
2026-07-03T00:08:06.586632,2026-07-03T00:08:06.598170+00:00,113.1,43,ask,EarnestEspressos,CostlyCorianders,5023674
2026-07-03T00:08:08.105760,2026-07-03T00:08:08.115568+00:00,113.4,50,bid,FlawlessFlatbreads,EarnestEspressos,5023701
2026-07-03T00:08:09.126766,2026-07-03T00:08:09.134305+00:00,113.4,11,bid,Xuanyu Liu,EarnestEspressos,5023739
2026-07-03T00:08:09.639918,2026-07-03T00:08:09.646056+00:00,113.4,49,bid,CostlyCorianders,EarnestEspressos,5023748
2026-07-03T00:08:10.216094,2026-07-03T00:08:10.227884+00:00,113.4,40,bid,FlawlessFlatbreads,EarnestEspressos,5023763
2026-07-03T00:08:10.216094,2026-07-03T00:08:10.227884+00:00,113.5,1,bid,FlawlessFlatbreads,Kelvin Chan,5023764
2026-07-03T00:08:10.216094,2026-07-03T00:08:10.227884+00:00,113.8,9,bid,FlawlessFlatbreads,DiligentDonuts,5023765
2026-07-03T00:08:10.966365,2026-07-03T00:08:10.975769+00:00,113.7,23,ask,EarnestEspressos,Xuanyu Liu,5023784
2026-07-03T00:08:11.240413,2026-07-03T00:08:11.249008+00:00,113.7,11,ask,EarnestEspressos,Xuanyu Liu,5023790
2026-07-03T00:08:12.306097,2026-07-03T00:08:12.317468+00:00,113.7,41,ask,EarnestEspressos,CostlyCorianders,5023815
2026-07-03T00:08:12.328213,2026-07-03T00:08:12.339467+00:00,114.1,50,bid,FlawlessFlatbreads,DiligentDonuts,5023819
2026-07-03T00:08:14.556658,2026-07-03T00:08:14.563636+00:00,113.6,49,ask,DiligentDonuts,CostlyCorianders,5023855
2026-07-03T00:08:16.540856,2026-07-03T00:08:16.552381+00:00,113.9,50,bid,FlawlessFlatbreads,DiligentDonuts,5023909
2026-07-03T00:08:18.646844,2026-07-03T00:08:18.658646+00:00,113.8,50,bid,FlawlessFlatbreads,EarnestEspressos,5023958
2026-07-03T00:08:19.441088,2026-07-03T00:08:19.452450+00:00,113.4,5,ask,Kelvin Chan,CostlyCorianders,5023974
2026-07-03T00:08:19.441088,2026-07-03T00:08:19.452450+00:00,113.4,40,ask,DiligentDonuts,CostlyCorianders,5023975
2026-07-03T00:08:19.902392,2026-07-03T00:08:19.913713+00:00,113.8,41,bid,CostlyCorianders,EarnestEspressos,5023992
2026-07-03T00:08:20.754924,2026-07-03T00:08:20.766735+00:00,113.9,50,bid,FlawlessFlatbreads,DiligentDonuts,5024005
2026-07-03T00:08:20.934203,2026-07-03T00:08:20.942965+00:00,113.8,12,ask,EarnestEspressos,Xuanyu Liu,5024012
2026-07-03T00:08:21.199901,2026-07-03T00:08:21.207902+00:00,113.8,1,ask,EarnestEspressos,Kelvin Chan,5024020
2026-07-03T00:08:21.609689,2026-07-03T00:08:21.621109+00:00,113.8,40,ask,EarnestEspressos,CostlyCorianders,5024034
2026-07-03T00:08:22.861833,2026-07-03T00:08:22.871542+00:00,114.0,50,bid,FlawlessFlatbreads,DiligentDonuts,5024063
2026-07-03T00:08:23.371799,2026-07-03T00:08:23.380570+00:00,113.8,11,ask,EarnestEspressos,Xuanyu Liu,5024080
2026-07-03T00:08:24.968686,2026-07-03T00:08:24.980343+00:00,113.8,50,bid,FlawlessFlatbreads,EarnestEspressos,5024122
2026-07-03T00:08:27.074947,2026-07-03T00:08:27.084393+00:00,114.0,50,bid,FlawlessFlatbreads,EarnestEspressos,5024172
2026-07-03T00:08:28.160036,2026-07-03T00:08:28.169483+00:00,114.0,45,bid,CostlyCorianders,EarnestEspressos,5024188
2026-07-03T00:08:28.765832,2026-07-03T00:08:28.780429+00:00,113.6,49,ask,DiligentDonuts,CostlyCorianders,5024212
2026-07-03T00:08:29.180668,2026-07-03T00:08:29.192211+00:00,114.0,50,bid,FlawlessFlatbreads,EarnestEspressos,5024219
2026-07-03T00:08:29.937055,2026-07-03T00:08:29.972941+00:00,114.0,3,ask,EarnestEspressos,Xuanyu Liu,5024228
2026-07-03T00:08:30.901966,2026-07-03T00:08:30.913262+00:00,114.0,100,ask,EarnestEspressos,DiligentDonuts,5024247
2026-07-03T00:08:30.922793,2026-07-03T00:08:30.929837+00:00,114.0,1,ask,EarnestEspressos,Kelvin Chan,5024249
2026-07-03T00:08:30.939993,2026-07-03T00:08:30.950865+00:00,114.0,42,ask,EarnestEspressos,CostlyCorianders,5024250
2026-07-03T00:08:31.286241,2026-07-03T00:08:31.297873+00:00,114.5,50,bid,FlawlessFlatbreads,EarnestEspressos,5024258
2026-07-03T00:08:31.882826,2026-07-03T00:08:31.890296+00:00,114.0,1,ask,EarnestEspressos,Kelvin Chan,5024266
2026-07-03T00:08:32.733195,2026-07-03T00:08:32.742079+00:00,114.0,3,ask,EarnestEspressos,Xuanyu Liu,5024274
2026-07-03T00:08:33.392313,2026-07-03T00:08:33.403130+00:00,113.9,2,bid,FlawlessFlatbreads,Kelvin Chan,5024291
2026-07-03T00:08:33.392313,2026-07-03T00:08:33.403130+00:00,114.0,48,bid,FlawlessFlatbreads,EarnestEspressos,5024292
2026-07-03T00:08:35.168822,2026-07-03T00:08:35.180284+00:00,113.9,3,bid,CostlyCorianders,Kelvin Chan,5024330
2026-07-03T00:08:35.168822,2026-07-03T00:08:35.180284+00:00,114.0,45,bid,CostlyCorianders,EarnestEspressos,5024331
2026-07-03T00:08:35.501443,2026-07-03T00:08:35.513162+00:00,114.0,50,bid,FlawlessFlatbreads,EarnestEspressos,5024343
2026-07-03T00:08:36.247574,2026-07-03T00:08:36.258539+00:00,114.0,100,bid,EarnestEspressos,DiligentDonuts,5024359
2026-07-03T00:08:36.310501,2026-07-03T00:08:36.319912+00:00,114.3,11,ask,EarnestEspressos,Xuanyu Liu,5024360
2026-07-03T00:08:37.609452,2026-07-03T00:08:37.620931+00:00,114.5,50,bid,FlawlessFlatbreads,DiligentDonuts,5024389
2026-07-03T00:08:37.975089,2026-07-03T00:08:37.990840+00:00,114.3,4,ask,EarnestEspressos,Kelvin Chan,5024402
2026-07-03T00:08:37.993958,2026-07-03T00:08:38.007185+00:00,114.3,35,ask,EarnestEspressos,Xuanyu Liu,5024405
2026-07-03T00:08:38.187766,2026-07-03T00:08:38.199246+00:00,114.0,43,ask,DiligentDonuts,CostlyCorianders,5024410
2026-07-03T00:08:39.123233,2026-07-03T00:08:39.130846+00:00,114.0,4,ask,DiligentDonuts,Kelvin Chan,5024419
2026-07-03T00:08:39.212915,2026-07-03T00:08:39.220641+00:00,114.1,4,bid,Xuanyu Liu,Kelvin Chan,5024423
2026-07-03T00:08:39.337343,2026-07-03T00:08:39.345357+00:00,114.0,40,ask,DiligentDonuts,CostlyCorianders,5024425
2026-07-03T00:08:39.465499,2026-07-03T00:08:39.473848+00:00,114.0,13,ask,DiligentDonuts,EarnestEspressos,5024426
2026-07-03T00:08:39.475118,2026-07-03T00:08:39.483412+00:00,113.9,19,bid,Xuanyu Liu,EarnestEspressos,5024427
2026-07-03T00:08:39.767556,2026-07-03T00:08:39.779213+00:00,113.4,50,ask,EarnestEspressos,FlawlessFlatbreads,5024432
2026-07-03T00:08:40.217763,2026-07-03T00:08:40.233903+00:00,113.9,4,bid,Xuanyu Liu,EarnestEspressos,5024446
2026-07-03T00:08:41.851848,2026-07-03T00:08:41.858244+00:00,113.9,47,bid,CostlyCorianders,EarnestEspressos,5024491
2026-07-03T00:08:44.548036,2026-07-03T00:08:44.556448+00:00,114.0,8,bid,Xuanyu Liu,EarnestEspressos,5024549
2026-07-03T00:08:45.945858,2026-07-03T00:08:45.955183+00:00,114.0,5,bid,CostlyCorianders,Kelvin Chan,5024583
2026-07-03T00:08:45.945858,2026-07-03T00:08:45.955183+00:00,114.1,38,bid,CostlyCorianders,DiligentDonuts,5024584
2026-07-03T00:08:46.083760,2026-07-03T00:08:46.095100+00:00,113.7,50,ask,EarnestEspressos,FlawlessFlatbreads,5024586
2026-07-03T00:08:46.516034,2026-07-03T00:08:46.527405+00:00,113.7,42,ask,EarnestEspressos,CostlyCorianders,5024594
2026-07-03T00:08:47.529812,2026-07-03T00:08:47.539552+00:00,114.2,47,bid,CostlyCorianders,EarnestEspressos,5024622
2026-07-03T00:08:48.191177,2026-07-03T00:08:48.202431+00:00,113.7,50,ask,EarnestEspressos,FlawlessFlatbreads,5024642
2026-07-03T00:08:48.746189,2026-07-03T00:08:48.764180+00:00,114.2,41,bid,CostlyCorianders,EarnestEspressos,5024648
2026-07-03T00:08:49.299713,2026-07-03T00:08:49.311224+00:00,113.7,49,ask,DiligentDonuts,CostlyCorianders,5024660
2026-07-03T00:08:50.245502,2026-07-03T00:08:50.256908+00:00,114.0,4,bid,FlawlessFlatbreads,Kelvin Chan,5024681
2026-07-03T00:08:50.245502,2026-07-03T00:08:50.256908+00:00,114.1,46,bid,FlawlessFlatbreads,EarnestEspressos,5024682
2026-07-03T00:08:50.892234,2026-07-03T00:08:50.901222+00:00,113.7,41,ask,DiligentDonuts,CostlyCorianders,5024688
2026-07-03T00:08:52.429345,2026-07-03T00:08:52.440534+00:00,113.7,50,ask,DiligentDonuts,FlawlessFlatbreads,5024723
2026-07-03T00:08:53.065212,2026-07-03T00:08:53.074048+00:00,113.9,11,bid,Xuanyu Liu,DiligentDonuts,5024738
2026-07-03T00:08:54.535077,2026-07-03T00:08:54.546612+00:00,113.7,1,ask,Kelvin Chan,FlawlessFlatbreads,5024777
2026-07-03T00:08:54.535077,2026-07-03T00:08:54.546612+00:00,113.6,49,ask,EarnestEspressos,FlawlessFlatbreads,5024778
2026-07-03T00:08:55.568993,2026-07-03T00:08:55.580466+00:00,113.9,46,bid,CostlyCorianders,DiligentDonuts,5024794
2026-07-03T00:08:56.539752,2026-07-03T00:08:56.551112+00:00,113.5,43,ask,DiligentDonuts,CostlyCorianders,5024815
2026-07-03T00:08:56.653053,2026-07-03T00:08:56.664317+00:00,113.5,50,ask,DiligentDonuts,FlawlessFlatbreads,5024819
2026-07-03T00:08:58.069811,2026-07-03T00:08:58.079289+00:00,113.9,22,bid,Zihao Wu,EarnestEspressos,5024858
2026-07-03T00:08:58.763098,2026-07-03T00:08:58.770497+00:00,113.5,7,ask,DiligentDonuts,FlawlessFlatbreads,5024868
2026-07-03T00:08:58.763098,2026-07-03T00:08:58.775723+00:00,113.4,43,ask,EarnestEspressos,FlawlessFlatbreads,5024869
2026-07-03T00:08:59.383189,2026-07-03T00:08:59.391251+00:00,113.7,3,bid,Xuanyu Liu,DiligentDonuts,5024885
2026-07-03T00:09:04.912361,2026-07-03T00:09:04.923572+00:00,113.6,41,bid,CostlyCorianders,EarnestEspressos,5025022
2026-07-03T00:09:05.879003,2026-07-03T00:09:05.887560+00:00,113.6,45,bid,CostlyCorianders,EarnestEspressos,5025047
2026-07-03T00:09:07.167203,2026-07-03T00:09:07.178492+00:00,113.6,50,bid,FlawlessFlatbreads,EarnestEspressos,5025066
2026-07-03T00:09:07.459832,2026-07-03T00:09:07.471227+00:00,113.1,46,ask,EarnestEspressos,CostlyCorianders,5025071
2026-07-03T00:09:08.586345,2026-07-03T00:09:08.597603+00:00,113.5,45,ask,EarnestEspressos,CostlyCorianders,5025103
2026-07-03T00:09:08.860825,2026-07-03T00:09:08.872127+00:00,113.5,100,ask,EarnestEspressos,DiligentDonuts,5025109
2026-07-03T00:09:09.228716,2026-07-03T00:09:09.240054+00:00,113.8,3,bid,CostlyCorianders,Kelvin Chan,5025115
2026-07-03T00:09:09.228716,2026-07-03T00:09:09.240054+00:00,114.0,45,bid,CostlyCorianders,EarnestEspressos,5025116
2026-07-03T00:09:09.332176,2026-07-03T00:09:09.354360+00:00,113.5,5,ask,EarnestEspressos,FlawlessFlatbreads,5025118
2026-07-03T00:09:11.438084,2026-07-03T00:09:11.446942+00:00,113.0,50,ask,DiligentDonuts,FlawlessFlatbreads,5025176
2026-07-03T00:09:11.920276,2026-07-03T00:09:11.930138+00:00,113.4,1,bid,Kelvin Chan,EarnestEspressos,5025185
2026-07-03T00:09:12.086840,2026-07-03T00:09:12.094225+00:00,113.4,1,bid,Kelvin Chan,EarnestEspressos,5025191
2026-07-03T00:09:12.370645,2026-07-03T00:09:12.377238+00:00,113.4,1,bid,Kelvin Chan,EarnestEspressos,5025194
2026-07-03T00:09:12.416002,2026-07-03T00:09:12.427360+00:00,113.4,1,bid,Kelvin Chan,EarnestEspressos,5025195
2026-07-03T00:09:12.455598,2026-07-03T00:09:12.462128+00:00,113.4,1,bid,Kelvin Chan,EarnestEspressos,5025199
2026-07-03T00:09:12.730185,2026-07-03T00:09:12.736488+00:00,113.4,1,bid,Kelvin Chan,EarnestEspressos,5025206
2026-07-03T00:09:13.558713,2026-07-03T00:09:13.570231+00:00,113.1,50,ask,DiligentDonuts,FlawlessFlatbreads,5025225
2026-07-03T00:09:14.027324,2026-07-03T00:09:14.038608+00:00,113.1,44,ask,DiligentDonuts,CostlyCorianders,5025234
2026-07-03T00:09:14.850407,2026-07-03T00:09:14.854961+00:00,113.3,1,bid,Kelvin Chan,EarnestEspressos,5025251
2026-07-03T00:09:14.971169,2026-07-03T00:09:14.978832+00:00,113.3,1,bid,Kelvin Chan,EarnestEspressos,5025256
2026-07-03T00:09:15.005508,2026-07-03T00:09:15.017112+00:00,113.3,1,bid,Kelvin Chan,EarnestEspressos,5025257
2026-07-03T00:09:15.070649,2026-07-03T00:09:15.077933+00:00,113.3,1,bid,Kelvin Chan,EarnestEspressos,5025263
2026-07-03T00:09:15.134008,2026-07-03T00:09:15.144115+00:00,113.3,1,bid,Kelvin Chan,EarnestEspressos,5025265
2026-07-03T00:09:19.171893,2026-07-03T00:09:19.182451+00:00,113.2,49,bid,CostlyCorianders,DiligentDonuts,5025364
2026-07-03T00:09:19.846511,2026-07-03T00:09:19.857939+00:00,113.2,50,bid,FlawlessFlatbreads,DiligentDonuts,5025373
2026-07-03T00:09:22.005014,2026-07-03T00:09:22.016477+00:00,113.2,50,ask,DiligentDonuts,FlawlessFlatbreads,5025420
2026-07-03T00:09:24.110154,2026-07-03T00:09:24.121656+00:00,113.2,50,ask,DiligentDonuts,FlawlessFlatbreads,5025464
2026-07-03T00:09:26.192733,2026-07-03T00:09:26.201750+00:00,112.8,48,ask,EarnestEspressos,CostlyCorianders,5025517
2026-07-03T00:09:27.771957,2026-07-03T00:09:27.782450+00:00,113.1,47,bid,CostlyCorianders,EarnestEspressos,5025546
2026-07-03T00:09:27.799138,2026-07-03T00:09:27.807528+00:00,113.1,14,bid,Xuanyu Liu,EarnestEspressos,5025547
2026-07-03T00:09:28.319564,2026-07-03T00:09:28.329254+00:00,112.9,50,ask,DiligentDonuts,FlawlessFlatbreads,5025557
2026-07-03T00:09:30.425692,2026-07-03T00:09:30.437219+00:00,113.1,50,ask,EarnestEspressos,FlawlessFlatbreads,5025601
2026-07-03T00:09:30.440257,2026-07-03T00:09:30.451609+00:00,113.3,2,bid,CostlyCorianders,Kelvin Chan,5025602
2026-07-03T00:09:30.440257,2026-07-03T00:09:30.451609+00:00,113.4,39,bid,CostlyCorianders,DiligentDonuts,5025603
2026-07-03T00:09:32.480258,2026-07-03T00:09:32.490422+00:00,113.4,50,bid,FlawlessFlatbreads,DiligentDonuts,5025647
2026-07-03T00:09:33.887763,2026-07-03T00:09:33.899317+00:00,113.0,6,ask,Kelvin Chan,CostlyCorianders,5025681
2026-07-03T00:09:33.887763,2026-07-03T00:09:33.899317+00:00,112.9,41,ask,DiligentDonuts,CostlyCorianders,5025682
2026-07-03T00:09:34.585143,2026-07-03T00:09:34.593688+00:00,113.3,50,bid,FlawlessFlatbreads,EarnestEspressos,5025700
2026-07-03T00:09:38.793774,2026-07-03T00:09:38.805327+00:00,113.4,50,bid,FlawlessFlatbreads,DiligentDonuts,5025810
2026-07-03T00:09:38.972348,2026-07-03T00:09:38.979258+00:00,113.4,48,bid,CostlyCorianders,DiligentDonuts,5025811
2026-07-03T00:09:39.957381,2026-07-03T00:09:39.968851+00:00,113.0,41,ask,EarnestEspressos,CostlyCorianders,5025833
2026-07-03T00:09:42.218550,2026-07-03T00:09:42.226726+00:00,113.2,11,ask,DiligentDonuts,Xuanyu Liu,5025887
2026-07-03T00:09:43.007097,2026-07-03T00:09:43.018364+00:00,113.3,2,bid,FlawlessFlatbreads,Kelvin Chan,5025911
2026-07-03T00:09:43.007097,2026-07-03T00:09:43.018364+00:00,113.3,48,bid,FlawlessFlatbreads,EarnestEspressos,5025912
2026-07-03T00:09:43.180529,2026-07-03T00:09:43.192316+00:00,113.3,42,bid,CostlyCorianders,EarnestEspressos,5025922
2026-07-03T00:09:43.235106,2026-07-03T00:09:43.246235+00:00,113.2,47,ask,DiligentDonuts,CostlyCorianders,5025924
2026-07-03T00:09:45.114633,2026-07-03T00:09:45.121071+00:00,113.3,50,bid,FlawlessFlatbreads,EarnestEspressos,5025975
2026-07-03T00:09:45.139311,2026-07-03T00:09:45.151030+00:00,113.3,10,bid,CostlyCorianders,EarnestEspressos,5025976
2026-07-03T00:09:45.139311,2026-07-03T00:09:45.151030+00:00,113.6,39,bid,CostlyCorianders,DiligentDonuts,5025977
2026-07-03T00:09:45.908462,2026-07-03T00:09:45.915720+00:00,113.5,3,ask,EarnestEspressos,Xuanyu Liu,5025998
2026-07-03T00:09:47.207783,2026-07-03T00:09:47.218985+00:00,113.5,41,ask,EarnestEspressos,CostlyCorianders,5026030
2026-07-03T00:09:48.805492,2026-07-03T00:09:48.814249+00:00,113.5,3,ask,EarnestEspressos,Xuanyu Liu,5026060
2026-07-03T00:09:49.323926,2026-07-03T00:09:49.334048+00:00,113.6,50,bid,FlawlessFlatbreads,EarnestEspressos,5026072
2026-07-03T00:09:49.790720,2026-07-03T00:09:49.802294+00:00,113.2,45,ask,DiligentDonuts,CostlyCorianders,5026073
2026-07-03T00:09:50.059636,2026-07-03T00:09:50.070582+00:00,113.2,3,bid,Xuanyu Liu,DiligentDonuts,5026079
2026-07-03T00:09:51.431160,2026-07-03T00:09:51.439256+00:00,113.2,50,bid,FlawlessFlatbreads,DiligentDonuts,5026112
2026-07-03T00:09:52.221087,2026-07-03T00:09:52.232365+00:00,113.2,47,bid,EarnestEspressos,DiligentDonuts,5026122
2026-07-03T00:09:53.589185,2026-07-03T00:09:53.597615+00:00,113.4,50,ask,EarnestEspressos,FlawlessFlatbreads,5026159
2026-07-03T00:09:54.089806,2026-07-03T00:09:54.101342+00:00,113.8,43,bid,CostlyCorianders,DiligentDonuts,5026168
2026-07-03T00:09:54.706359,2026-07-03T00:09:54.720607+00:00,113.4,41,ask,EarnestEspressos,CostlyCorianders,5026186
2026-07-03T00:09:55.285244,2026-07-03T00:09:55.296496+00:00,113.4,12,ask,EarnestEspressos,CostlyCorianders,5026201
2026-07-03T00:09:55.643519,2026-07-03T00:09:55.655233+00:00,113.4,50,bid,FlawlessFlatbreads,EarnestEspressos,5026203
2026-07-03T00:09:56.313343,2026-07-03T00:09:56.323696+00:00,113.4,100,bid,DiligentDonuts,EarnestEspressos,5026217
2026-07-03T00:09:57.771242,2026-07-03T00:09:57.781348+00:00,114.0,50,bid,FlawlessFlatbreads,DiligentDonuts,5026260
2026-07-03T00:09:58.591014,2026-07-03T00:09:58.601689+00:00,113.6,5,ask,EarnestEspressos,Kelvin Chan,5026275
2026-07-03T00:09:59.904809,2026-07-03T00:09:59.916463+00:00,113.8,45,bid,CostlyCorianders,DiligentDonuts,5026304
2026-07-03T00:10:01.808182,2026-07-03T00:10:01.817608+00:00,113.8,43,bid,CostlyCorianders,DiligentDonuts,5026335
2026-07-03T00:10:01.992363,2026-07-03T00:10:02.003074+00:00,113.8,12,bid,FlawlessFlatbreads,DiligentDonuts,5026336
2026-07-03T00:10:01.992363,2026-07-03T00:10:02.003074+00:00,114.1,38,bid,FlawlessFlatbreads,EarnestEspressos,5026337
2026-07-03T00:10:04.150952,2026-07-03T00:10:04.157016+00:00,113.6,50,ask,EarnestEspressos,FlawlessFlatbreads,5026371
2026-07-03T00:10:04.547178,2026-07-03T00:10:04.556076+00:00,113.6,3,ask,EarnestEspressos,Xuanyu Liu,5026380
2026-07-03T00:10:04.557077,2026-07-03T00:10:04.564521+00:00,113.7,11,ask,Kelvin Chan,Xuanyu Liu,5026382
2026-07-03T00:10:04.611470,2026-07-03T00:10:04.620988+00:00,113.7,4,ask,Kelvin Chan,Xuanyu Liu,5026384
2026-07-03T00:10:05.397818,2026-07-03T00:10:05.409587+00:00,113.7,6,ask,Kelvin Chan,CostlyCorianders,5026394
2026-07-03T00:10:05.397818,2026-07-03T00:10:05.409587+00:00,113.6,40,ask,DiligentDonuts,CostlyCorianders,5026395
2026-07-03T00:10:05.938682,2026-07-03T00:10:05.949425+00:00,113.4,47,ask,DiligentDonuts,CostlyCorianders,5026401
2026-07-03T00:10:06.285001,2026-07-03T00:10:06.296262+00:00,113.4,50,ask,DiligentDonuts,FlawlessFlatbreads,5026412
2026-07-03T00:10:08.391042,2026-07-03T00:10:08.402329+00:00,113.4,3,ask,DiligentDonuts,FlawlessFlatbreads,5026461
2026-07-03T00:10:08.391042,2026-07-03T00:10:08.402329+00:00,113.2,47,ask,EarnestEspressos,FlawlessFlatbreads,5026462
2026-07-03T00:10:09.020236,2026-07-03T00:10:09.029357+00:00,113.7,48,bid,CostlyCorianders,EarnestEspressos,5026481
2026-07-03T00:10:09.568372,2026-07-03T00:10:09.580012+00:00,113.4,43,bid,CostlyCorianders,DiligentDonuts,5026490
2026-07-03T00:10:09.623551,2026-07-03T00:10:09.634943+00:00,113.2,48,ask,EarnestEspressos,CostlyCorianders,5026491
2026-07-03T00:10:09.791639,2026-07-03T00:10:09.800990+00:00,113.4,4,bid,Xuanyu Liu,DiligentDonuts,5026499
2026-07-03T00:10:09.904384,2026-07-03T00:10:09.912440+00:00,113.4,11,bid,Xuanyu Liu,DiligentDonuts,5026502
2026-07-03T00:10:10.480706,2026-07-03T00:10:10.489714+00:00,113.4,42,bid,FlawlessFlatbreads,DiligentDonuts,5026513
2026-07-03T00:10:10.480706,2026-07-03T00:10:10.489714+00:00,113.7,8,bid,FlawlessFlatbreads,EarnestEspressos,5026514
2026-07-03T00:10:11.638635,2026-07-03T00:10:11.650036+00:00,113.7,40,bid,CostlyCorianders,EarnestEspressos,5026542
2026-07-03T00:10:12.641160,2026-07-03T00:10:12.652603+00:00,113.5,5,ask,Kelvin Chan,FlawlessFlatbreads,5026562
2026-07-03T00:10:12.641160,2026-07-03T00:10:12.652603+00:00,113.4,45,ask,DiligentDonuts,FlawlessFlatbreads,5026563
2026-07-03T00:10:14.543842,2026-07-03T00:10:14.558591+00:00,113.4,46,ask,DiligentDonuts,CostlyCorianders,5026590
2026-07-03T00:10:16.853247,2026-07-03T00:10:16.855500+00:00,113.4,5,ask,Kelvin Chan,FlawlessFlatbreads,5026639
2026-07-03T00:10:16.853247,2026-07-03T00:10:16.855500+00:00,113.4,45,ask,EarnestEspressos,FlawlessFlatbreads,5026640
2026-07-03T00:10:17.084899,2026-07-03T00:10:17.096211+00:00,113.7,48,bid,CostlyCorianders,DiligentDonuts,5026644
2026-07-03T00:10:18.963158,2026-07-03T00:10:18.969751+00:00,113.3,50,ask,EarnestEspressos,FlawlessFlatbreads,5026675
2026-07-03T00:10:20.805663,2026-07-03T00:10:20.814307+00:00,113.5,3,bid,Xuanyu Liu,EarnestEspressos,5026709
2026-07-03T00:10:21.069771,2026-07-03T00:10:21.081083+00:00,113.4,4,ask,Kelvin Chan,FlawlessFlatbreads,5026713
2026-07-03T00:10:21.069771,2026-07-03T00:10:21.081083+00:00,113.3,46,ask,DiligentDonuts,FlawlessFlatbreads,5026714
2026-07-03T00:10:21.104608,2026-07-03T00:10:21.115915+00:00,113.3,48,ask,DiligentDonuts,CostlyCorianders,5026716
2026-07-03T00:10:22.177047,2026-07-03T00:10:22.185756+00:00,113.4,4,ask,Kelvin Chan,CostlyCorianders,5026731
2026-07-03T00:10:22.677034,2026-07-03T00:10:22.685130+00:00,113.5,42,bid,CostlyCorianders,EarnestEspressos,5026741
2026-07-03T00:10:23.185297,2026-07-03T00:10:23.200045+00:00,113.3,3,ask,Kelvin Chan,FlawlessFlatbreads,5026751
2026-07-03T00:10:23.185297,2026-07-03T00:10:23.200045+00:00,113.1,47,ask,DiligentDonuts,FlawlessFlatbreads,5026752
2026-07-03T00:10:23.870210,2026-07-03T00:10:23.881373+00:00,113.6,40,bid,CostlyCorianders,DiligentDonuts,5026766
2026-07-03T00:10:25.292265,2026-07-03T00:10:25.303587+00:00,113.2,50,ask,EarnestEspressos,FlawlessFlatbreads,5026795
2026-07-03T00:10:25.599127,2026-07-03T00:10:25.610435+00:00,113.2,47,ask,EarnestEspressos,CostlyCorianders,5026800
2026-07-03T00:10:27.075031,2026-07-03T00:10:27.084500+00:00,113.3,3,ask,Kelvin Chan,EarnestEspressos,5026824
2026-07-03T00:10:27.405662,2026-07-03T00:10:27.423896+00:00,113.1,50,ask,DiligentDonuts,FlawlessFlatbreads,5026841
2026-07-03T00:10:28.066051,2026-07-03T00:10:28.075865+00:00,113.3,49,bid,CostlyCorianders,EarnestEspressos,5026846
2026-07-03T00:10:29.513413,2026-07-03T00:10:29.525204+00:00,112.8,50,ask,EarnestEspressos,FlawlessFlatbreads,5026873
2026-07-03T00:10:29.577401,2026-07-03T00:10:29.588646+00:00,112.8,45,ask,EarnestEspressos,CostlyCorianders,5026879
2026-07-03T00:10:30.546679,2026-07-03T00:10:30.558104+00:00,113.2,48,bid,CostlyCorianders,EarnestEspressos,5026890
2026-07-03T00:10:31.620568,2026-07-03T00:10:31.632307+00:00,112.9,50,ask,DiligentDonuts,FlawlessFlatbreads,5026910
2026-07-03T00:10:33.582911,2026-07-03T00:10:33.594200+00:00,112.9,42,ask,DiligentDonuts,CostlyCorianders,5026952
2026-07-03T00:10:33.728104,2026-07-03T00:10:33.739491+00:00,112.9,8,ask,DiligentDonuts,FlawlessFlatbreads,5026956
2026-07-03T00:10:33.728104,2026-07-03T00:10:33.739491+00:00,112.8,42,ask,EarnestEspressos,FlawlessFlatbreads,5026957
2026-07-03T00:10:34.335184,2026-07-03T00:10:34.344304+00:00,113.1,14,bid,Xuanyu Liu,DiligentDonuts,5026974
2026-07-03T00:10:34.710855,2026-07-03T00:10:34.720737+00:00,112.8,47,ask,EarnestEspressos,CostlyCorianders,5026981
2026-07-03T00:10:35.836801,2026-07-03T00:10:35.848115+00:00,112.8,50,ask,EarnestEspressos,FlawlessFlatbreads,5026997
2026-07-03T00:10:36.291142,2026-07-03T00:10:36.302241+00:00,113.1,45,bid,CostlyCorianders,DiligentDonuts,5027002
2026-07-03T00:10:36.559820,2026-07-03T00:10:36.567088+00:00,113.0,1,ask,Kelvin Chan,EarnestEspressos,5027006
2026-07-03T00:10:36.573398,2026-07-03T00:10:36.582910+00:00,112.7,23,bid,Xuanyu Liu,EarnestEspressos,5027007
2026-07-03T00:10:37.287277,2026-07-03T00:10:37.298778+00:00,112.7,40,bid,CostlyCorianders,EarnestEspressos,5027030
2026-07-03T00:10:37.944135,2026-07-03T00:10:37.955422+00:00,112.5,50,ask,DiligentDonuts,FlawlessFlatbreads,5027039
2026-07-03T00:10:39.412844,2026-07-03T00:10:39.419572+00:00,112.7,40,bid,CostlyCorianders,EarnestEspressos,5027067
2026-07-03T00:10:39.466323,2026-07-03T00:10:39.477904+00:00,112.5,46,ask,DiligentDonuts,CostlyCorianders,5027070
2026-07-03T00:10:40.051117,2026-07-03T00:10:40.063664+00:00,112.6,50,ask,EarnestEspressos,FlawlessFlatbreads,5027082
2026-07-03T00:10:41.582666,2026-07-03T00:10:41.588889+00:00,112.7,46,bid,CostlyCorianders,DiligentDonuts,5027105
