timestamp,recv_time,price,volume,aggressor_side,buyer,seller,trade_id
2026-07-07T15:00:02.151935,2026-07-07T15:00:02.065445+00:00,142.8,50,ask,,,11004453
2026-07-07T15:00:04.207762,2026-07-07T15:00:04.207094+00:00,142.9,50,bid,,,11004490
2026-07-07T15:00:05.249704,2026-07-07T15:00:05.256203+00:00,142.7,43,ask,,,11004509
2026-07-07T15:00:06.315019,2026-07-07T15:00:06.325142+00:00,143.2,12,bid,,,11004519
2026-07-07T15:00:06.315019,2026-07-07T15:00:06.325142+00:00,143.2,38,bid,,,11004520
2026-07-07T15:00:07.191475,2026-07-07T15:00:07.200588+00:00,142.8,12,ask,,,11004536
2026-07-07T15:00:07.191475,2026-07-07T15:00:07.200588+00:00,142.7,37,ask,,,11004537
2026-07-07T15:00:07.770434,2026-07-07T15:00:07.782029+00:00,143.2,45,bid,,,11004547
2026-07-07T15:00:08.425725,2026-07-07T15:00:08.437448+00:00,143.2,50,bid,,,11004557
2026-07-07T15:00:09.143147,2026-07-07T15:00:09.163646+00:00,143.0,41,ask,,,11004567
2026-07-07T15:00:11.261444,2026-07-07T15:00:11.269845+00:00,143.5,40,bid,,,11004598
2026-07-07T15:00:11.846717,2026-07-07T15:00:11.858579+00:00,143.1,46,ask,,,11004611
2026-07-07T15:00:12.702454,2026-07-07T15:00:12.714128+00:00,143.1,50,ask,,,11004622
2026-07-07T15:00:14.332665,2026-07-07T15:00:14.344394+00:00,143.2,46,bid,,,11004646
2026-07-07T15:00:14.840665,2026-07-07T15:00:14.858573+00:00,143.1,50,ask,,,11004652
2026-07-07T15:00:15.328056,2026-07-07T15:00:15.340012+00:00,143.2,41,bid,,,11004660
2026-07-07T15:00:15.387487,2026-07-07T15:00:15.401508+00:00,143.0,43,ask,,,11004662
2026-07-07T15:00:16.896661,2026-07-07T15:00:16.908707+00:00,143.2,50,bid,,,11004684
2026-07-07T15:00:17.459622,2026-07-07T15:00:17.469892+00:00,143.3,12,ask,,,11004692
2026-07-07T15:00:18.302244,2026-07-07T15:00:25.654090+00:00,143.3,100,ask,,,11004701
2026-07-07T15:00:21.137010,2026-07-07T15:00:25.654090+00:00,143.1,50,bid,,,11004736
2026-07-07T15:00:21.447320,2026-07-07T15:00:25.654090+00:00,143.1,40,bid,,,11004742
2026-07-07T15:00:22.427914,2026-07-07T15:00:25.654090+00:00,142.8,45,ask,,,11004760
2026-07-07T15:00:23.253681,2026-07-07T15:00:25.654090+00:00,143.1,50,bid,,,11004771
2026-07-07T15:00:24.539485,2026-07-07T15:00:25.654090+00:00,143.1,40,ask,,,11004788
2026-07-07T15:00:25.030446,2026-07-07T15:00:25.654090+00:00,143.2,41,bid,,,11004803
2026-07-07T15:00:25.361917,2026-07-07T15:00:25.654090+00:00,143.2,50,bid,,,11004816
2026-07-07T15:00:25.643593,2026-07-07T15:00:25.654090+00:00,143.1,22,ask,,,11004818
2026-07-07T15:00:26.648075,2026-07-07T15:00:26.657636+00:00,143.1,12,ask,,,11004832
2026-07-07T15:00:27.499763,2026-07-07T15:00:27.511335+00:00,143.0,50,bid,,,11004843
2026-07-07T15:00:27.954270,2026-07-07T15:00:27.963101+00:00,143.0,12,bid,,,11004852
2026-07-07T15:00:29.608445,2026-07-07T15:00:29.620294+00:00,143.0,50,bid,,,11004892
2026-07-07T15:00:30.026224,2026-07-07T15:00:30.038302+00:00,143.1,12,bid,,,11004894
2026-07-07T15:00:31.739233,2026-07-07T15:00:31.747232+00:00,143.4,50,bid,,,11004926
2026-07-07T15:00:31.912201,2026-07-07T15:00:31.923375+00:00,143.1,12,ask,,,11004929
2026-07-07T15:00:33.202536,2026-07-07T15:00:33.214787+00:00,142.9,49,ask,,,11004951
2026-07-07T15:00:33.794543,2026-07-07T15:00:33.806330+00:00,142.9,47,ask,,,11004961
2026-07-07T15:00:33.847128,2026-07-07T15:00:33.858610+00:00,143.3,12,bid,,,11004964
2026-07-07T15:00:33.847128,2026-07-07T15:00:33.858610+00:00,143.4,38,bid,,,11004965
2026-07-07T15:00:35.955962,2026-07-07T15:00:35.965780+00:00,143.2,12,bid,,,11004992
2026-07-07T15:00:35.955962,2026-07-07T15:00:35.965780+00:00,143.3,38,bid,,,11004993
2026-07-07T15:00:36.432582,2026-07-07T15:00:36.444676+00:00,143.3,49,bid,,,11005001
2026-07-07T15:00:38.064263,2026-07-07T15:00:38.075844+00:00,143.4,50,bid,,,11005026
2026-07-07T15:00:39.768791,2026-07-07T15:00:39.775982+00:00,143.0,47,ask,,,11005050
2026-07-07T15:00:41.176418,2026-07-07T15:00:41.186040+00:00,143.0,11,ask,,,11005071
2026-07-07T15:00:41.838437,2026-07-07T15:00:41.847862+00:00,143.1,12,bid,,,11005076
2026-07-07T15:00:41.838437,2026-07-07T15:00:41.847862+00:00,143.2,33,bid,,,11005077
2026-07-07T15:00:42.305688,2026-07-07T15:00:42.317344+00:00,143.2,50,bid,,,11005092
2026-07-07T15:00:44.416355,2026-07-07T15:00:44.464652+00:00,143.3,12,bid,,,11005129
2026-07-07T15:00:44.416355,2026-07-07T15:00:44.464652+00:00,143.4,38,bid,,,11005130
2026-07-07T15:00:44.879871,2026-07-07T15:00:44.892759+00:00,142.9,42,ask,,,11005141
2026-07-07T15:00:46.384965,2026-07-07T15:00:46.394046+00:00,142.9,12,ask,,,11005163
2026-07-07T15:00:46.525530,2026-07-07T15:00:46.537420+00:00,143.3,12,bid,,,11005167
2026-07-07T15:00:46.525530,2026-07-07T15:00:46.537420+00:00,143.3,38,bid,,,11005168
2026-07-07T15:00:48.694090,2026-07-07T15:00:48.700959+00:00,142.8,50,ask,,,11005210
2026-07-07T15:00:49.002263,2026-07-07T15:00:49.011240+00:00,143.1,12,bid,,,11005221
2026-07-07T15:00:49.969468,2026-07-07T15:00:49.982960+00:00,143.2,12,bid,,,11005233
2026-07-07T15:00:50.800026,2026-07-07T15:00:50.807604+00:00,143.2,50,ask,,,11005243
2026-07-07T15:00:52.918662,2026-07-07T15:00:52.925556+00:00,143.2,38,ask,,,11005280
2026-07-07T15:00:52.918662,2026-07-07T15:00:52.931085+00:00,143.1,12,ask,,,11005281
2026-07-07T15:00:54.124400,2026-07-07T15:00:54.136224+00:00,143.3,12,bid,,,11005307
2026-07-07T15:00:54.124400,2026-07-07T15:00:54.136224+00:00,143.3,28,bid,,,11005308
2026-07-07T15:00:54.628383,2026-07-07T15:00:54.639958+00:00,143.3,43,bid,,,11005319
2026-07-07T15:00:55.582294,2026-07-07T15:00:55.591809+00:00,143.1,40,ask,,,11005336
2026-07-07T15:00:57.082212,2026-07-07T15:00:57.094188+00:00,143.5,12,bid,,,11005357
2026-07-07T15:00:57.082212,2026-07-07T15:00:57.094188+00:00,143.6,38,bid,,,11005358
2026-07-07T15:00:59.214870,2026-07-07T15:00:59.226529+00:00,143.6,50,bid,,,11005391
2026-07-07T15:01:00.217465,2026-07-07T15:01:00.224984+00:00,143.3,49,ask,,,11005405
2026-07-07T15:01:01.242210,2026-07-07T15:01:01.253908+00:00,143.6,45,bid,,,11005430
2026-07-07T15:01:01.321134,2026-07-07T15:01:01.332736+00:00,143.6,50,bid,,,11005432
2026-07-07T15:01:01.680706,2026-07-07T15:01:01.702862+00:00,143.6,10,bid,,,11005437
2026-07-07T15:01:01.693477,2026-07-07T15:01:01.702862+00:00,143.6,23,ask,,,11005438
2026-07-07T15:01:01.890763,2026-07-07T15:01:01.902576+00:00,143.8,43,bid,,,11005445
2026-07-07T15:01:02.130155,2026-07-07T15:01:02.139043+00:00,143.6,3,ask,,,11005450
2026-07-07T15:01:03.427109,2026-07-07T15:01:03.435983+00:00,143.6,43,ask,,,11005467
2026-07-07T15:01:03.433372,2026-07-07T15:01:03.441664+00:00,143.7,50,bid,,,11005468
2026-07-07T15:01:05.592265,2026-07-07T15:01:05.603942+00:00,143.2,50,ask,,,11005502
2026-07-07T15:01:07.703469,2026-07-07T15:01:07.714317+00:00,143.2,50,ask,,,11005530
2026-07-07T15:01:09.761047,2026-07-07T15:01:09.769184+00:00,143.5,50,bid,,,11005555
2026-07-07T15:01:11.244471,2026-07-07T15:01:11.254904+00:00,143.7,41,bid,,,11005581
2026-07-07T15:01:11.710197,2026-07-07T15:01:11.720498+00:00,143.4,40,ask,,,11005590
2026-07-07T15:01:11.918997,2026-07-07T15:01:11.930858+00:00,143.4,50,ask,,,11005591
2026-07-07T15:01:12.350829,2026-07-07T15:01:12.357591+00:00,143.8,48,bid,,,11005606
2026-07-07T15:01:12.949395,2026-07-07T15:01:12.956772+00:00,143.4,45,ask,,,11005612
2026-07-07T15:01:14.027986,2026-07-07T15:01:14.038318+00:00,143.4,15,ask,,,11005624
2026-07-07T15:01:14.027986,2026-07-07T15:01:14.038318+00:00,143.3,35,ask,,,11005625
2026-07-07T15:01:14.390743,2026-07-07T15:01:14.411853+00:00,143.3,65,ask,,,11005629
2026-07-07T15:01:14.399959,2026-07-07T15:01:14.411853+00:00,143.3,26,bid,,,11005630
2026-07-07T15:01:16.137436,2026-07-07T15:01:16.149752+00:00,143.2,12,ask,,,11005662
2026-07-07T15:01:16.137436,2026-07-07T15:01:16.149752+00:00,143.2,38,ask,,,11005663
2026-07-07T15:01:16.585946,2026-07-07T15:01:16.597657+00:00,143.3,41,bid,,,11005673
2026-07-07T15:01:18.248286,2026-07-07T15:01:18.258587+00:00,143.2,50,ask,,,11005704
2026-07-07T15:01:20.355877,2026-07-07T15:01:20.367460+00:00,143.3,12,ask,,,11005728
2026-07-07T15:01:20.355877,2026-07-07T15:01:20.367460+00:00,143.2,38,ask,,,11005729
2026-07-07T15:01:20.484787,2026-07-07T15:01:20.496317+00:00,143.2,42,ask,,,11005731
2026-07-07T15:01:21.519770,2026-07-07T15:01:21.530928+00:00,143.5,40,bid,,,11005745
2026-07-07T15:01:22.465267,2026-07-07T15:01:22.477021+00:00,143.2,12,ask,,,11005757
2026-07-07T15:01:22.465267,2026-07-07T15:01:22.477021+00:00,143.2,38,ask,,,11005758
2026-07-07T15:01:24.575878,2026-07-07T15:01:24.587654+00:00,143.2,50,ask,,,11005787
2026-07-07T15:01:24.843521,2026-07-07T15:01:24.853040+00:00,143.3,11,bid,,,11005792
2026-07-07T15:01:26.683849,2026-07-07T15:01:26.693314+00:00,143.1,50,ask,,,11005829
2026-07-07T15:01:27.177011,2026-07-07T15:01:27.188344+00:00,143.3,41,bid,,,11005836
2026-07-07T15:01:28.789974,2026-07-07T15:01:28.801845+00:00,143.1,12,ask,,,11005865
2026-07-07T15:01:28.789974,2026-07-07T15:01:28.801845+00:00,143.1,38,ask,,,11005866
2026-07-07T15:01:30.901782,2026-07-07T15:01:30.909755+00:00,143.1,50,ask,,,11005893
2026-07-07T15:01:31.199274,2026-07-07T15:01:31.208642+00:00,143.2,12,bid,,,11005897
2026-07-07T15:01:31.706974,2026-07-07T15:01:31.718407+00:00,143.1,12,ask,,,11005908
2026-07-07T15:01:31.706974,2026-07-07T15:01:31.718407+00:00,142.8,31,ask,,,11005909
2026-07-07T15:01:32.253535,2026-07-07T15:01:32.258588+00:00,142.9,12,ask,,,11005922
2026-07-07T15:01:32.253535,2026-07-07T15:01:32.258588+00:00,142.8,33,ask,,,11005923
2026-07-07T15:01:33.008937,2026-07-07T15:01:33.020763+00:00,142.8,50,ask,,,11005936
2026-07-07T15:01:33.422573,2026-07-07T15:01:33.432207+00:00,142.9,22,bid,,,11005948
2026-07-07T15:01:33.934396,2026-07-07T15:01:33.941713+00:00,142.9,49,bid,,,11005957
2026-07-07T15:01:34.932364,2026-07-07T15:01:34.943969+00:00,142.9,47,bid,,,11005976
2026-07-07T15:01:35.117533,2026-07-07T15:01:35.129187+00:00,142.5,50,ask,,,11005979
2026-07-07T15:01:36.753510,2026-07-07T15:01:36.755651+00:00,143.0,12,bid,,,11006002
2026-07-07T15:01:37.034905,2026-07-07T15:01:37.046725+00:00,142.9,49,ask,,,11006006
2026-07-07T15:01:37.192275,2026-07-07T15:01:37.204357+00:00,143.0,50,bid,,,11006011
2026-07-07T15:01:39.208539,2026-07-07T15:01:39.220332+00:00,143.2,47,bid,,,11006042
2026-07-07T15:01:39.303760,2026-07-07T15:01:39.312739+00:00,142.9,11,ask,,,11006044
2026-07-07T15:01:39.738771,2026-07-07T15:01:39.750834+00:00,142.9,12,ask,,,11006052
2026-07-07T15:01:39.779732,2026-07-07T15:01:39.791311+00:00,142.7,49,ask,,,11006053
2026-07-07T15:01:41.020225,2026-07-07T15:01:41.026710+00:00,142.7,12,ask,,,11006075
2026-07-07T15:01:41.020225,2026-07-07T15:01:41.032207+00:00,142.4,28,ask,,,11006076
2026-07-07T15:01:43.572032,2026-07-07T15:01:43.584155+00:00,142.5,12,ask,,,11006108
2026-07-07T15:01:43.572032,2026-07-07T15:01:43.584155+00:00,142.4,38,ask,,,11006109
2026-07-07T15:01:45.629992,2026-07-07T15:01:45.637941+00:00,142.9,50,bid,,,11006142
2026-07-07T15:01:46.237708,2026-07-07T15:01:46.246842+00:00,142.9,48,bid,,,11006149
2026-07-07T15:01:47.737919,2026-07-07T15:01:47.745336+00:00,143.0,50,bid,,,11006173
2026-07-07T15:01:49.855365,2026-07-07T15:01:49.868898+00:00,143.0,12,bid,,,11006206
2026-07-07T15:01:49.855365,2026-07-07T15:01:49.868898+00:00,143.1,38,bid,,,11006207
2026-07-07T15:01:50.878053,2026-07-07T15:01:50.890065+00:00,142.7,10,ask,,,11006219
2026-07-07T15:01:50.878053,2026-07-07T15:01:50.890065+00:00,142.6,30,ask,,,11006220
2026-07-07T15:01:52.014497,2026-07-07T15:01:52.026034+00:00,142.6,50,ask,,,11006246
2026-07-07T15:01:52.040590,2026-07-07T15:01:52.052162+00:00,143.0,48,bid,,,11006247
2026-07-07T15:01:53.099011,2026-07-07T15:01:53.110490+00:00,143.0,40,bid,,,11006260
2026-07-07T15:01:53.296459,2026-07-07T15:01:53.307330+00:00,143.0,100,bid,,,11006263
2026-07-07T15:01:54.075141,2026-07-07T15:01:54.089825+00:00,143.0,50,bid,,,11006269
2026-07-07T15:01:55.520722,2026-07-07T15:01:55.532512+00:00,143.2,11,ask,,,11006296
2026-07-07T15:01:55.827529,2026-07-07T15:01:55.836407+00:00,143.2,42,ask,,,11006302
2026-07-07T15:01:56.020170,2026-07-07T15:01:56.029576+00:00,143.2,12,ask,,,11006305
2026-07-07T15:01:56.189473,2026-07-07T15:01:56.197242+00:00,143.3,12,bid,,,11006307
2026-07-07T15:01:56.189473,2026-07-07T15:01:56.202265+00:00,143.5,38,bid,,,11006308
2026-07-07T15:01:56.745646,2026-07-07T15:01:56.758602+00:00,143.2,12,ask,,,11006321
2026-07-07T15:01:58.321154,2026-07-07T15:01:58.329877+00:00,143.3,50,bid,,,11006342
2026-07-07T15:02:00.427386,2026-07-07T15:02:00.439238+00:00,143.3,12,bid,,,11006387
2026-07-07T15:02:04.638850,2026-07-07T15:02:04.645963+00:00,143.2,12,bid,,,11006465
2026-07-07T15:02:07.727335,2026-07-07T15:02:07.737652+00:00,143.0,49,ask,,,11006515
2026-07-07T15:02:08.846513,2026-07-07T15:02:08.858585+00:00,143.1,50,bid,,,11006529
2026-07-07T15:02:09.245954,2026-07-07T15:02:09.258577+00:00,143.1,49,bid,,,11006531
2026-07-07T15:02:10.459563,2026-07-07T15:02:10.469081+00:00,143.1,12,bid,,,11006554
2026-07-07T15:02:11.312191,2026-07-07T15:02:11.323871+00:00,143.1,100,bid,,,11006571
2026-07-07T15:02:11.312191,2026-07-07T15:02:11.323871+00:00,143.3,12,bid,,,11006572
2026-07-07T15:02:11.380522,2026-07-07T15:02:11.392144+00:00,143.4,23,ask,,,11006573
2026-07-07T15:02:11.431790,2026-07-07T15:02:11.440619+00:00,143.4,15,ask,,,11006575
2026-07-07T15:02:11.431790,2026-07-07T15:02:11.446051+00:00,142.9,12,ask,,,11006576
2026-07-07T15:02:11.431790,2026-07-07T15:02:11.446051+00:00,142.6,16,ask,,,11006577
2026-07-07T15:02:12.694250,2026-07-07T15:02:12.706225+00:00,143.3,12,bid,,,11006590
2026-07-07T15:02:12.694250,2026-07-07T15:02:12.706225+00:00,143.4,30,bid,,,11006591
2026-07-07T15:02:13.109554,2026-07-07T15:02:13.120989+00:00,142.9,50,ask,,,11006600
2026-07-07T15:02:13.339230,2026-07-07T15:02:13.346003+00:00,142.9,45,ask,,,11006603
2026-07-07T15:02:14.528561,2026-07-07T15:02:14.540580+00:00,142.9,5,ask,,,11006621
2026-07-07T15:02:14.528561,2026-07-07T15:02:14.540580+00:00,142.8,12,ask,,,11006622
2026-07-07T15:02:15.216396,2026-07-07T15:02:15.228339+00:00,142.4,12,ask,,,11006632
2026-07-07T15:02:15.216396,2026-07-07T15:02:15.228339+00:00,142.3,38,ask,,,11006633
2026-07-07T15:02:15.709987,2026-07-07T15:02:15.718998+00:00,142.8,23,bid,,,11006640
2026-07-07T15:02:17.326361,2026-07-07T15:02:17.337994+00:00,142.6,12,ask,,,11006656
2026-07-07T15:02:17.326361,2026-07-07T15:02:17.337994+00:00,142.5,38,ask,,,11006657
2026-07-07T15:02:19.438535,2026-07-07T15:02:19.447994+00:00,142.4,50,ask,,,11006695
2026-07-07T15:02:21.544910,2026-07-07T15:02:21.556639+00:00,142.4,50,ask,,,11006737
2026-07-07T15:02:21.733560,2026-07-07T15:02:21.745753+00:00,142.5,22,bid,,,11006741
2026-07-07T15:02:23.900136,2026-07-07T15:02:23.911878+00:00,142.5,44,bid,,,11006777
2026-07-07T15:02:24.899873,2026-07-07T15:02:24.910855+00:00,142.6,22,ask,,,11006807
2026-07-07T15:02:25.016606,2026-07-07T15:02:25.026492+00:00,142.6,100,ask,,,11006810
2026-07-07T15:02:25.706455,2026-07-07T15:02:25.713577+00:00,142.8,12,bid,,,11006819
2026-07-07T15:02:25.706455,2026-07-07T15:02:25.718791+00:00,143.1,38,bid,,,11006820
2026-07-07T15:02:27.185595,2026-07-07T15:02:27.197463+00:00,142.5,12,ask,,,11006843
2026-07-07T15:02:27.526337,2026-07-07T15:02:27.535286+00:00,142.5,11,bid,,,11006854
2026-07-07T15:02:27.815243,2026-07-07T15:02:27.826994+00:00,142.5,50,bid,,,11006861
2026-07-07T15:02:28.611804,2026-07-07T15:02:28.622120+00:00,142.5,12,bid,,,11006880
2026-07-07T15:02:29.200055,2026-07-07T15:02:29.209241+00:00,142.4,40,ask,,,11006888
2026-07-07T15:02:29.923494,2026-07-07T15:02:29.934924+00:00,142.5,50,bid,,,11006898
2026-07-07T15:02:30.311346,2026-07-07T15:02:30.322162+00:00,142.6,11,ask,,,11006905
2026-07-07T15:02:31.340692,2026-07-07T15:02:31.350381+00:00,142.6,100,ask,,,11006930
2026-07-07T15:02:32.081408,2026-07-07T15:02:32.093387+00:00,142.6,39,ask,,,11006946
2026-07-07T15:02:32.081408,2026-07-07T15:02:32.093387+00:00,142.5,11,ask,,,11006947
2026-07-07T15:02:32.680939,2026-07-07T15:02:32.692565+00:00,142.8,12,bid,,,11006958
2026-07-07T15:02:32.680939,2026-07-07T15:02:32.692565+00:00,143.1,35,bid,,,11006959
2026-07-07T15:02:32.737767,2026-07-07T15:02:32.747197+00:00,142.5,1,ask,,,11006960
2026-07-07T15:02:34.140806,2026-07-07T15:02:34.152309+00:00,142.7,50,bid,,,11006987
2026-07-07T15:02:38.405626,2026-07-07T15:02:38.412193+00:00,142.6,12,ask,,,11007066
2026-07-07T15:02:38.405626,2026-07-07T15:02:38.417466+00:00,142.5,38,ask,,,11007067
2026-07-07T15:02:40.514535,2026-07-07T15:02:40.522052+00:00,142.4,50,ask,,,11007099
2026-07-07T15:02:44.453196,2026-07-07T15:02:44.468764+00:00,142.5,12,ask,,,11007164
2026-07-07T15:02:44.453196,2026-07-07T15:02:44.468764+00:00,142.5,32,ask,,,11007165
2026-07-07T15:02:44.728310,2026-07-07T15:02:44.740162+00:00,142.5,50,ask,,,11007173
2026-07-07T15:02:44.998523,2026-07-07T15:02:45.010680+00:00,142.8,12,bid,,,11007176
2026-07-07T15:02:44.998523,2026-07-07T15:02:45.010680+00:00,142.9,31,bid,,,11007177
2026-07-07T15:02:45.056742,2026-07-07T15:02:45.068570+00:00,142.5,40,ask,,,11007178
2026-07-07T15:02:46.837059,2026-07-07T15:02:46.844648+00:00,142.4,50,ask,,,11007210
2026-07-07T15:02:48.893057,2026-07-07T15:02:48.901747+00:00,142.6,50,bid,,,11007242
2026-07-07T15:02:49.170301,2026-07-07T15:02:49.182916+00:00,142.6,11,bid,,,11007247
2026-07-07T15:02:51.015294,2026-07-07T15:02:51.026144+00:00,142.9,50,bid,,,11007267
2026-07-07T15:02:53.128035,2026-07-07T15:02:53.136022+00:00,143.0,12,bid,,,11007295
2026-07-07T15:02:53.128035,2026-07-07T15:02:53.136022+00:00,143.0,38,bid,,,11007296
2026-07-07T15:02:53.895083,2026-07-07T15:02:53.906910+00:00,142.7,12,ask,,,11007313
2026-07-07T15:02:55.239186,2026-07-07T15:02:55.250600+00:00,143.0,12,bid,,,11007343
2026-07-07T15:02:55.239186,2026-07-07T15:02:55.250600+00:00,143.1,38,bid,,,11007344
2026-07-07T15:02:56.025943,2026-07-07T15:02:56.035521+00:00,143.1,43,bid,,,11007369
2026-07-07T15:02:57.346931,2026-07-07T15:02:57.358579+00:00,143.2,50,bid,,,11007390
2026-07-07T15:02:59.020753,2026-07-07T15:02:59.031388+00:00,143.0,11,ask,,,11007413
2026-07-07T15:02:59.264889,2026-07-07T15:02:59.276519+00:00,143.0,12,ask,,,11007418
2026-07-07T15:02:59.480011,2026-07-07T15:02:59.489940+00:00,143.2,50,bid,,,11007424
2026-07-07T15:02:59.779738,2026-07-07T15:02:59.789713+00:00,143.1,11,ask,,,11007432
2026-07-07T15:03:00.449864,2026-07-07T15:03:00.456278+00:00,143.1,42,ask,,,11007442
2026-07-07T15:03:01.586872,2026-07-07T15:03:01.598773+00:00,143.2,12,bid,,,11007457
2026-07-07T15:03:01.586872,2026-07-07T15:03:01.598773+00:00,143.5,38,bid,,,11007458
2026-07-07T15:03:02.976366,2026-07-07T15:03:02.987907+00:00,143.4,12,bid,,,11007484
2026-07-07T15:03:02.976366,2026-07-07T15:03:02.987907+00:00,143.5,28,bid,,,11007485
2026-07-07T15:03:03.695291,2026-07-07T15:03:03.707286+00:00,143.5,50,bid,,,11007495
2026-07-07T15:03:04.644753,2026-07-07T15:03:04.658564+00:00,143.0,46,ask,,,11007508
2026-07-07T15:03:05.804694,2026-07-07T15:03:05.816219+00:00,143.4,12,bid,,,11007523
2026-07-07T15:03:05.804694,2026-07-07T15:03:05.816219+00:00,143.5,38,bid,,,11007524
2026-07-07T15:03:07.914308,2026-07-07T15:03:07.922127+00:00,143.5,12,bid,,,11007558
2026-07-07T15:03:07.914308,2026-07-07T15:03:07.927531+00:00,143.6,38,bid,,,11007559
2026-07-07T15:03:08.358593,2026-07-07T15:03:08.370774+00:00,143.5,12,bid,,,11007563
2026-07-07T15:03:08.358593,2026-07-07T15:03:08.370774+00:00,143.6,33,bid,,,11007564
2026-07-07T15:03:09.268160,2026-07-07T15:03:09.277795+00:00,143.3,12,ask,,,11007578
2026-07-07T15:03:09.515719,2026-07-07T15:03:09.525371+00:00,143.3,11,ask,,,11007586
2026-07-07T15:03:09.755146,2026-07-07T15:03:09.755266+00:00,143.3,3,ask,,,11007590
2026-07-07T15:03:10.055994,2026-07-07T15:03:10.067549+00:00,143.3,3,ask,,,11007595
2026-07-07T15:03:10.326334,2026-07-07T15:03:10.338273+00:00,143.3,3,ask,,,11007610
2026-07-07T15:03:10.588205,2026-07-07T15:03:10.599974+00:00,143.3,3,ask,,,11007614
2026-07-07T15:03:10.832378,2026-07-07T15:03:10.843774+00:00,143.3,3,ask,,,11007617
2026-07-07T15:03:10.849392,2026-07-07T15:03:10.859069+00:00,143.3,3,ask,,,11007619
2026-07-07T15:03:10.864587,2026-07-07T15:03:10.875001+00:00,143.3,12,ask,,,11007620
2026-07-07T15:03:11.125026,2026-07-07T15:03:11.132640+00:00,143.3,3,ask,,,11007626
2026-07-07T15:03:11.384127,2026-07-07T15:03:11.392621+00:00,143.3,3,ask,,,11007631
2026-07-07T15:03:11.497550,2026-07-07T15:03:11.509420+00:00,143.3,41,ask,,,11007633
2026-07-07T15:03:12.129550,2026-07-07T15:03:12.141026+00:00,143.2,12,bid,,,11007645
2026-07-07T15:03:12.129550,2026-07-07T15:03:12.141026+00:00,143.3,38,bid,,,11007646
2026-07-07T15:03:14.266807,2026-07-07T15:03:14.278485+00:00,143.3,50,bid,,,11007679
2026-07-07T15:03:14.609170,2026-07-07T15:03:14.620859+00:00,143.3,100,bid,,,11007686
2026-07-07T15:03:16.452306,2026-07-07T15:03:16.458584+00:00,143.4,50,ask,,,11007717
2026-07-07T15:03:18.022524,2026-07-07T15:03:18.032545+00:00,143.1,40,ask,,,11007751
2026-07-07T15:03:18.563067,2026-07-07T15:03:18.574573+00:00,143.1,50,ask,,,11007762
2026-07-07T15:03:19.892208,2026-07-07T15:03:19.901641+00:00,142.9,44,ask,,,11007783
2026-07-07T15:03:20.703275,2026-07-07T15:03:20.716772+00:00,142.9,50,ask,,,11007799
2026-07-07T15:03:20.994900,2026-07-07T15:03:21.006762+00:00,142.8,100,ask,,,11007809
2026-07-07T15:03:20.994900,2026-07-07T15:03:21.006762+00:00,142.6,12,ask,,,11007810
2026-07-07T15:03:21.007966,2026-07-07T15:03:21.018433+00:00,142.6,14,bid,,,11007811
2026-07-07T15:03:21.347915,2026-07-07T15:03:21.371923+00:00,142.6,12,bid,,,11007818
2026-07-07T15:03:22.245799,2026-07-07T15:03:22.254386+00:00,142.6,11,bid,,,11007834
2026-07-07T15:03:22.758529,2026-07-07T15:03:22.770538+00:00,142.6,1,bid,,,11007848
2026-07-07T15:03:22.758529,2026-07-07T15:03:22.770538+00:00,142.8,49,bid,,,11007849
2026-07-07T15:03:23.010813,2026-07-07T15:03:23.018500+00:00,142.8,44,bid,,,11007850
2026-07-07T15:03:24.124512,2026-07-07T15:03:24.134539+00:00,142.6,11,ask,,,11007873
2026-07-07T15:03:24.870845,2026-07-07T15:03:24.882748+00:00,142.8,7,bid,,,11007891
2026-07-07T15:03:24.870845,2026-07-07T15:03:24.882748+00:00,142.8,12,bid,,,11007892
2026-07-07T15:03:24.870845,2026-07-07T15:03:24.882748+00:00,143.1,31,bid,,,11007893
2026-07-07T15:03:24.920200,2026-07-07T15:03:24.932644+00:00,142.6,46,ask,,,11007895
2026-07-07T15:03:25.554935,2026-07-07T15:03:25.566487+00:00,142.9,45,bid,,,11007903
2026-07-07T15:03:26.770423,2026-07-07T15:03:26.779268+00:00,142.6,43,ask,,,11007920
2026-07-07T15:03:29.087470,2026-07-07T15:03:29.097305+00:00,142.9,50,bid,,,11007951
2026-07-07T15:03:29.219429,2026-07-07T15:03:29.228399+00:00,142.7,23,ask,,,11007956
2026-07-07T15:03:31.246652,2026-07-07T15:03:31.258564+00:00,142.7,50,ask,,,11007986
2026-07-07T15:03:33.353805,2026-07-07T15:03:33.365445+00:00,142.6,12,ask,,,11008022
2026-07-07T15:03:33.353805,2026-07-07T15:03:33.365445+00:00,142.5,38,ask,,,11008023
2026-07-07T15:03:34.716843,2026-07-07T15:03:34.724632+00:00,142.8,12,bid,,,11008050
2026-07-07T15:03:34.716843,2026-07-07T15:03:34.729811+00:00,142.9,35,bid,,,11008051
2026-07-07T15:03:35.412192,2026-07-07T15:03:35.423728+00:00,142.9,50,bid,,,11008068
2026-07-07T15:03:37.501383,2026-07-07T15:03:37.512777+00:00,142.9,15,bid,,,11008099
2026-07-07T15:03:38.684762,2026-07-07T15:03:38.695997+00:00,142.6,47,ask,,,11008120
2026-07-07T15:03:39.662840,2026-07-07T15:03:39.675035+00:00,142.9,1,bid,,,11008151
2026-07-07T15:03:39.662840,2026-07-07T15:03:39.675035+00:00,143.0,41,bid,,,11008152
2026-07-07T15:03:39.673553,2026-07-07T15:03:39.680171+00:00,142.6,50,ask,,,11008153
2026-07-07T15:03:41.780027,2026-07-07T15:03:41.791001+00:00,142.7,50,ask,,,11008189
2026-07-07T15:03:43.887133,2026-07-07T15:03:43.898830+00:00,142.6,12,ask,,,11008221
2026-07-07T15:03:43.887133,2026-07-07T15:03:43.898830+00:00,142.5,38,ask,,,11008222
2026-07-07T15:03:44.310495,2026-07-07T15:03:44.320937+00:00,142.9,42,bid,,,11008228
2026-07-07T15:03:45.318015,2026-07-07T15:03:45.329700+00:00,142.5,42,ask,,,11008259
2026-07-07T15:03:46.003508,2026-07-07T15:03:46.015022+00:00,142.5,50,ask,,,11008274
2026-07-07T15:03:46.930727,2026-07-07T15:03:46.939797+00:00,142.7,42,bid,,,11008282
2026-07-07T15:03:46.986507,2026-07-07T15:03:46.993647+00:00,142.4,46,ask,,,11008283
2026-07-07T15:03:47.462951,2026-07-07T15:03:47.474499+00:00,142.7,42,bid,,,11008289
2026-07-07T15:03:48.890114,2026-07-07T15:03:48.899532+00:00,142.7,11,bid,,,11008309
2026-07-07T15:03:49.148633,2026-07-07T15:03:49.163725+00:00,142.4,12,ask,,,11008314
2026-07-07T15:03:49.148633,2026-07-07T15:03:49.163725+00:00,142.3,29,ask,,,11008315
2026-07-07T15:03:50.468453,2026-07-07T15:03:50.479966+00:00,142.5,100,ask,,,11008337
2026-07-07T15:03:51.780847,2026-07-07T15:03:51.787827+00:00,142.7,12,bid,,,11008364
2026-07-07T15:03:52.630952,2026-07-07T15:03:52.642499+00:00,142.3,12,ask,,,11008378
2026-07-07T15:03:52.643746,2026-07-07T15:03:52.652087+00:00,142.3,12,bid,,,11008379
2026-07-07T15:03:52.805917,2026-07-07T15:03:52.817644+00:00,142.0,47,ask,,,11008381
2026-07-07T15:03:52.823781,2026-07-07T15:03:52.831993+00:00,142.3,11,bid,,,11008383
2026-07-07T15:03:53.615778,2026-07-07T15:03:53.626388+00:00,142.3,12,bid,,,11008399
2026-07-07T15:03:54.289145,2026-07-07T15:03:54.298201+00:00,142.3,40,bid,,,11008411
2026-07-07T15:03:54.420771,2026-07-07T15:03:54.432391+00:00,142.2,50,ask,,,11008414
2026-07-07T15:03:55.277562,2026-07-07T15:03:55.284626+00:00,142.2,46,ask,,,11008422
2026-07-07T15:03:55.448899,2026-07-07T15:03:55.457975+00:00,142.3,23,bid,,,11008431
2026-07-07T15:03:55.742639,2026-07-07T15:03:55.751494+00:00,142.6,12,bid,,,11008433
2026-07-07T15:03:55.759690,2026-07-07T15:03:55.769650+00:00,142.6,23,ask,,,11008434
2026-07-07T15:03:55.810372,2026-07-07T15:03:55.823285+00:00,142.6,23,ask,,,11008437
2026-07-07T15:03:56.529267,2026-07-07T15:03:56.541115+00:00,142.6,50,ask,,,11008449
2026-07-07T15:03:56.794467,2026-07-07T15:03:56.805286+00:00,142.6,42,ask,,,11008454
2026-07-07T15:03:57.973017,2026-07-07T15:03:57.981826+00:00,142.4,49,bid,,,11008469
2026-07-07T15:03:58.577949,2026-07-07T15:03:58.585914+00:00,142.4,9,bid,,,11008480
2026-07-07T15:03:58.637664,2026-07-07T15:03:58.649141+00:00,142.0,12,ask,,,11008482
2026-07-07T15:03:58.637664,2026-07-07T15:03:58.649141+00:00,141.9,38,ask,,,11008483
2026-07-07T15:03:58.983429,2026-07-07T15:03:58.992121+00:00,142.2,14,bid,,,11008488
2026-07-07T15:03:59.482103,2026-07-07T15:03:59.490612+00:00,142.0,12,ask,,,11008493
2026-07-07T15:03:59.482103,2026-07-07T15:03:59.490612+00:00,141.9,37,ask,,,11008494
2026-07-07T15:04:00.424110,2026-07-07T15:04:00.435443+00:00,142.2,41,bid,,,11008515
2026-07-07T15:04:00.744404,2026-07-07T15:04:00.751294+00:00,141.9,50,ask,,,11008521
2026-07-07T15:04:01.991186,2026-07-07T15:04:02.001509+00:00,142.2,45,bid,,,11008542
2026-07-07T15:04:02.851440,2026-07-07T15:04:02.859322+00:00,142.0,12,ask,,,11008554
2026-07-07T15:04:03.306701,2026-07-07T15:04:03.318632+00:00,142.1,12,bid,,,11008557
2026-07-07T15:04:04.533101,2026-07-07T15:04:04.544560+00:00,141.9,44,ask,,,11008579
2026-07-07T15:04:04.916174,2026-07-07T15:04:04.927951+00:00,142.1,50,bid,,,11008588
2026-07-07T15:04:05.122888,2026-07-07T15:04:05.134530+00:00,141.9,47,ask,,,11008590
2026-07-07T15:04:06.078831,2026-07-07T15:04:06.086144+00:00,142.1,38,bid,,,11008597
2026-07-07T15:04:06.078831,2026-07-07T15:04:06.091542+00:00,142.1,3,bid,,,11008598
2026-07-07T15:04:07.026337,2026-07-07T15:04:07.033298+00:00,142.1,50,bid,,,11008611
2026-07-07T15:04:09.162247,2026-07-07T15:04:09.170124+00:00,142.3,50,bid,,,11008643
2026-07-07T15:04:11.022414,2026-07-07T15:04:11.034185+00:00,142.1,12,ask,,,11008671
2026-07-07T15:04:11.022414,2026-07-07T15:04:11.034185+00:00,142.1,32,ask,,,11008672
2026-07-07T15:04:11.268257,2026-07-07T15:04:11.280154+00:00,142.3,50,bid,,,11008676
2026-07-07T15:04:11.603391,2026-07-07T15:04:11.613825+00:00,142.3,12,ask,,,11008685
2026-07-07T15:04:12.178898,2026-07-07T15:04:12.190454+00:00,142.5,12,bid,,,11008693
2026-07-07T15:04:12.178898,2026-07-07T15:04:12.190454+00:00,142.6,37,bid,,,11008694
2026-07-07T15:04:12.777912,2026-07-07T15:04:12.784841+00:00,142.3,48,ask,,,11008702
2026-07-07T15:04:13.383070,2026-07-07T15:04:13.400564+00:00,142.5,50,bid,,,11008712
2026-07-07T15:04:13.397057,2026-07-07T15:04:13.405570+00:00,142.5,46,bid,,,11008713
2026-07-07T15:04:13.995531,2026-07-07T15:04:14.015966+00:00,142.5,4,bid,,,11008723
2026-07-07T15:04:13.995531,2026-07-07T15:04:14.015966+00:00,142.5,12,bid,,,11008724
2026-07-07T15:04:14.512659,2026-07-07T15:04:14.524399+00:00,142.3,42,ask,,,11008730
2026-07-07T15:04:15.495654,2026-07-07T15:04:15.507322+00:00,142.4,50,bid,,,11008756
2026-07-07T15:04:15.952519,2026-07-07T15:04:15.964461+00:00,142.3,44,ask,,,11008763
2026-07-07T15:04:16.441232,2026-07-07T15:04:16.452491+00:00,142.3,23,ask,,,11008775
2026-07-07T15:04:17.638811,2026-07-07T15:04:17.646127+00:00,142.4,50,bid,,,11008791
2026-07-07T15:04:19.750770,2026-07-07T15:04:19.769031+00:00,142.4,12,bid,,,11008824
2026-07-07T15:04:19.750770,2026-07-07T15:04:19.769031+00:00,142.6,38,bid,,,11008825
2026-07-07T15:04:20.385345,2026-07-07T15:04:20.395870+00:00,142.3,11,ask,,,11008836
2026-07-07T15:04:21.965236,2026-07-07T15:04:21.976709+00:00,142.1,50,ask,,,11008856
2026-07-07T15:04:24.072271,2026-07-07T15:04:24.084404+00:00,142.0,12,ask,,,11008897
2026-07-07T15:04:24.072271,2026-07-07T15:04:24.084404+00:00,141.9,38,ask,,,11008898
2026-07-07T15:04:26.182040,2026-07-07T15:04:26.193586+00:00,141.9,50,ask,,,11008922
2026-07-07T15:04:26.776772,2026-07-07T15:04:26.789182+00:00,142.2,12,bid,,,11008933
2026-07-07T15:04:26.776772,2026-07-07T15:04:26.789182+00:00,142.2,32,bid,,,11008934
2026-07-07T15:04:27.636507,2026-07-07T15:04:27.646585+00:00,142.0,11,bid,,,11008943
2026-07-07T15:04:28.289279,2026-07-07T15:04:28.300900+00:00,141.8,12,ask,,,11008959
2026-07-07T15:04:28.289279,2026-07-07T15:04:28.300900+00:00,141.7,38,ask,,,11008960
2026-07-07T15:04:30.330252,2026-07-07T15:04:30.337278+00:00,141.7,46,ask,,,11008985
2026-07-07T15:04:30.349606,2026-07-07T15:04:30.353009+00:00,142.0,50,bid,,,11008987
2026-07-07T15:04:32.456085,2026-07-07T15:04:32.458557+00:00,142.0,50,bid,,,11009004
2026-07-07T15:04:34.189594,2026-07-07T15:04:34.201466+00:00,142.0,48,bid,,,11009032
2026-07-07T15:04:34.577607,2026-07-07T15:04:34.590106+00:00,142.0,50,bid,,,11009037
2026-07-07T15:04:35.415805,2026-07-07T15:04:35.426611+00:00,141.7,12,ask,,,11009055
2026-07-07T15:04:35.415805,2026-07-07T15:04:35.426611+00:00,141.7,29,ask,,,11009056
2026-07-07T15:04:37.779522,2026-07-07T15:04:37.791705+00:00,142.0,12,bid,,,11009101
2026-07-07T15:04:37.779522,2026-07-07T15:04:37.791705+00:00,142.1,28,bid,,,11009102
2026-07-07T15:04:38.482368,2026-07-07T15:04:38.494247+00:00,142.0,12,bid,,,11009110
2026-07-07T15:04:38.482368,2026-07-07T15:04:38.494247+00:00,142.1,31,bid,,,11009111
2026-07-07T15:04:40.811421,2026-07-07T15:04:40.819866+00:00,141.7,44,ask,,,11009137
2026-07-07T15:04:41.302888,2026-07-07T15:04:41.314860+00:00,142.1,12,bid,,,11009144
2026-07-07T15:04:41.302888,2026-07-07T15:04:41.314860+00:00,142.2,36,bid,,,11009145
2026-07-07T15:04:41.362865,2026-07-07T15:04:41.374145+00:00,141.7,46,ask,,,11009146
2026-07-07T15:04:42.538463,2026-07-07T15:04:42.550343+00:00,142.2,48,bid,,,11009164
2026-07-07T15:04:42.594238,2026-07-07T15:04:42.606174+00:00,141.7,49,ask,,,11009167
2026-07-07T15:04:42.997383,2026-07-07T15:04:43.009048+00:00,142.2,50,bid,,,11009172
2026-07-07T15:04:45.103440,2026-07-07T15:04:45.115516+00:00,142.0,12,bid,,,11009208
2026-07-07T15:04:45.103440,2026-07-07T15:04:45.115516+00:00,142.1,38,bid,,,11009209
2026-07-07T15:04:45.190006,2026-07-07T15:04:45.201719+00:00,141.7,48,ask,,,11009210
2026-07-07T15:04:47.215291,2026-07-07T15:04:47.226881+00:00,142.2,50,bid,,,11009228
2026-07-07T15:04:47.254787,2026-07-07T15:04:47.266467+00:00,142.2,42,bid,,,11009229
2026-07-07T15:04:49.249121,2026-07-07T15:04:49.264773+00:00,141.9,11,ask,,,11009257
2026-07-07T15:04:49.395408,2026-07-07T15:04:49.404574+00:00,141.9,50,ask,,,11009261
2026-07-07T15:04:50.181063,2026-07-07T15:04:50.192230+00:00,141.9,39,ask,,,11009271
2026-07-07T15:04:50.181063,2026-07-07T15:04:50.192230+00:00,141.7,7,ask,,,11009272
2026-07-07T15:04:51.501928,2026-07-07T15:04:51.514096+00:00,141.7,50,ask,,,11009298
2026-07-07T15:04:51.842918,2026-07-07T15:04:51.849514+00:00,142.0,42,bid,,,11009308
2026-07-07T15:04:53.546094,2026-07-07T15:04:53.553053+00:00,142.0,46,bid,,,11009331
2026-07-07T15:04:53.613776,2026-07-07T15:04:53.622806+00:00,141.6,12,ask,,,11009332
2026-07-07T15:04:53.613776,2026-07-07T15:04:53.622806+00:00,141.5,38,ask,,,11009333
2026-07-07T15:04:55.751814,2026-07-07T15:04:55.761872+00:00,141.6,50,ask,,,11009362
2026-07-07T15:04:59.525465,2026-07-07T15:04:59.533338+00:00,142.0,46,bid,,,11009413
2026-07-07T15:04:59.963679,2026-07-07T15:04:59.975452+00:00,141.6,12,ask,,,11009415
2026-07-07T15:04:59.963679,2026-07-07T15:04:59.975452+00:00,141.6,38,ask,,,11009416
2026-07-07T15:05:02.073724,2026-07-07T15:05:02.085161+00:00,141.7,50,ask,,,11009446
2026-07-07T15:05:03.014973,2026-07-07T15:05:03.024052+00:00,141.7,40,ask,,,11009456
2026-07-07T15:05:03.502363,2026-07-07T15:05:03.513805+00:00,141.9,48,bid,,,11009465
2026-07-07T15:05:04.130281,2026-07-07T15:05:04.141809+00:00,141.9,50,bid,,,11009472
2026-07-07T15:05:04.483005,2026-07-07T15:05:04.495261+00:00,141.7,12,ask,,,11009479
2026-07-07T15:05:04.483005,2026-07-07T15:05:04.495261+00:00,141.6,37,ask,,,11009480
2026-07-07T15:05:05.013837,2026-07-07T15:05:05.024451+00:00,141.9,2,bid,,,11009492
2026-07-07T15:05:06.224282,2026-07-07T15:05:06.235923+00:00,141.6,12,ask,,,11009511
2026-07-07T15:05:06.224282,2026-07-07T15:05:06.235923+00:00,141.5,35,ask,,,11009512
2026-07-07T15:05:08.389015,2026-07-07T15:05:08.400478+00:00,141.7,50,ask,,,11009535
2026-07-07T15:05:08.584141,2026-07-07T15:05:08.609980+00:00,141.8,12,ask,,,11009541
2026-07-07T15:05:08.596812,2026-07-07T15:05:08.609980+00:00,141.8,21,bid,,,11009543
2026-07-07T15:05:09.440070,2026-07-07T15:05:09.451824+00:00,141.8,41,bid,,,11009551
2026-07-07T15:05:09.795058,2026-07-07T15:05:09.806473+00:00,141.8,12,bid,,,11009558
2026-07-07T15:05:10.434650,2026-07-07T15:05:10.446241+00:00,141.7,42,ask,,,11009568
2026-07-07T15:05:10.496003,2026-07-07T15:05:10.507843+00:00,141.7,50,ask,,,11009569
2026-07-07T15:05:12.439577,2026-07-07T15:05:12.450402+00:00,141.7,8,ask,,,11009596
2026-07-07T15:05:12.439577,2026-07-07T15:05:12.450402+00:00,141.7,4,ask,,,11009597
2026-07-07T15:05:12.782431,2026-07-07T15:05:12.794424+00:00,141.6,100,ask,,,11009604
2026-07-07T15:05:14.442176,2026-07-07T15:05:14.454095+00:00,141.9,12,bid,,,11009618
2026-07-07T15:05:14.442176,2026-07-07T15:05:14.454095+00:00,142.1,35,bid,,,11009619
2026-07-07T15:05:15.452815,2026-07-07T15:05:15.464515+00:00,141.7,42,bid,,,11009633
2026-07-07T15:05:17.538124,2026-07-07T15:05:17.549588+00:00,141.5,12,ask,,,11009663
2026-07-07T15:05:17.538124,2026-07-07T15:05:17.549588+00:00,141.5,32,ask,,,11009664
2026-07-07T15:05:18.186551,2026-07-07T15:05:18.195616+00:00,141.5,44,ask,,,11009671
2026-07-07T15:05:18.681073,2026-07-07T15:05:18.688201+00:00,141.8,12,bid,,,11009680
2026-07-07T15:05:18.681073,2026-07-07T15:05:18.693737+00:00,141.8,30,bid,,,11009681
2026-07-07T15:05:19.223500,2026-07-07T15:05:19.234924+00:00,141.8,49,bid,,,11009696
2026-07-07T15:05:19.726485,2026-07-07T15:05:19.738418+00:00,141.5,12,ask,,,11009706
2026-07-07T15:05:19.726485,2026-07-07T15:05:19.738418+00:00,141.3,30,ask,,,11009707
2026-07-07T15:05:21.375458,2026-07-07T15:05:21.387027+00:00,141.6,43,ask,,,11009723
2026-07-07T15:05:23.122612,2026-07-07T15:05:23.134393+00:00,141.6,50,ask,,,11009756
2026-07-07T15:05:27.281507,2026-07-07T15:05:27.293515+00:00,141.7,50,bid,,,11009812
2026-07-07T15:05:27.369953,2026-07-07T15:05:27.379775+00:00,141.7,12,bid,,,11009815
2026-07-07T15:05:29.391323,2026-07-07T15:05:29.402861+00:00,142.0,50,bid,,,11009845
2026-07-07T15:05:30.992762,2026-07-07T15:05:31.003928+00:00,141.7,12,ask,,,11009866
2026-07-07T15:05:31.500117,2026-07-07T15:05:31.510781+00:00,142.0,50,bid,,,11009872
2026-07-07T15:05:31.979739,2026-07-07T15:05:31.991064+00:00,142.0,12,bid,,,11009881
2026-07-07T15:05:31.979739,2026-07-07T15:05:31.991064+00:00,142.1,28,bid,,,11009882
2026-07-07T15:05:33.606061,2026-07-07T15:05:33.618060+00:00,142.1,50,bid,,,11009907
2026-07-07T15:05:34.568495,2026-07-07T15:05:34.578961+00:00,141.8,41,ask,,,11009920
2026-07-07T15:05:35.141881,2026-07-07T15:05:35.150721+00:00,141.8,12,ask,,,11009932
2026-07-07T15:05:35.272983,2026-07-07T15:05:35.281943+00:00,141.8,11,ask,,,11009936
2026-07-07T15:05:35.784015,2026-07-07T15:05:35.793093+00:00,141.8,50,ask,,,11009945
2026-07-07T15:05:36.062923,2026-07-07T15:05:36.071551+00:00,141.9,12,bid,,,11009951
2026-07-07T15:05:36.062923,2026-07-07T15:05:36.071551+00:00,142.0,32,bid,,,11009952
2026-07-07T15:05:37.132500,2026-07-07T15:05:37.144073+00:00,141.5,41,ask,,,11009963
2026-07-07T15:05:37.893923,2026-07-07T15:05:37.903767+00:00,141.5,50,ask,,,11009973
2026-07-07T15:05:42.075413,2026-07-07T15:05:42.087159+00:00,141.8,50,bid,,,11010028
2026-07-07T15:05:46.355164,2026-07-07T15:05:46.367217+00:00,141.5,12,ask,,,11010083
2026-07-07T15:05:48.434452,2026-07-07T15:05:48.445049+00:00,141.8,12,bid,,,11010113
2026-07-07T15:05:48.434452,2026-07-07T15:05:48.445049+00:00,141.8,38,bid,,,11010114
2026-07-07T15:05:50.544138,2026-07-07T15:05:50.555670+00:00,141.8,50,bid,,,11010145
2026-07-07T15:05:52.197385,2026-07-07T15:05:52.209462+00:00,141.8,47,bid,,,11010171
2026-07-07T15:05:52.736700,2026-07-07T15:05:52.746288+00:00,141.6,50,ask,,,11010180
2026-07-07T15:05:54.792576,2026-07-07T15:05:54.800526+00:00,141.9,50,bid,,,11010223
2026-07-07T15:05:56.906440,2026-07-07T15:05:56.916311+00:00,141.9,50,bid,,,11010258
2026-07-07T15:05:59.065762,2026-07-07T15:05:59.077643+00:00,141.8,50,ask,,,11010296
2026-07-07T15:06:00.584635,2026-07-07T15:06:00.595865+00:00,141.6,44,ask,,,11010318
2026-07-07T15:06:01.123497,2026-07-07T15:06:01.135143+00:00,141.9,12,bid,,,11010328
2026-07-07T15:06:01.159395,2026-07-07T15:06:01.168938+00:00,142.0,41,bid,,,11010330
2026-07-07T15:06:03.368026,2026-07-07T15:06:03.379657+00:00,141.7,48,ask,,,11010357
2026-07-07T15:06:07.524278,2026-07-07T15:06:07.533485+00:00,141.6,12,ask,,,11010425
2026-07-07T15:06:07.524278,2026-07-07T15:06:07.533485+00:00,141.6,38,ask,,,11010426
2026-07-07T15:06:09.110888,2026-07-07T15:06:09.122429+00:00,142.0,12,bid,,,11010450
2026-07-07T15:06:09.110888,2026-07-07T15:06:09.122429+00:00,142.0,33,bid,,,11010451
2026-07-07T15:06:09.634752,2026-07-07T15:06:09.645176+00:00,141.6,50,ask,,,11010460
2026-07-07T15:06:10.094864,2026-07-07T15:06:10.106590+00:00,141.5,47,ask,,,11010464
2026-07-07T15:06:11.642362,2026-07-07T15:06:11.658546+00:00,142.0,45,bid,,,11010486
2026-07-07T15:06:11.745452,2026-07-07T15:06:11.752385+00:00,141.5,50,ask,,,11010488
2026-07-07T15:06:13.301123,2026-07-07T15:06:13.313056+00:00,141.5,12,ask,,,11010508
2026-07-07T15:06:13.301123,2026-07-07T15:06:13.313056+00:00,141.4,29,ask,,,11010509
2026-07-07T15:06:13.878338,2026-07-07T15:06:13.884971+00:00,141.4,50,ask,,,11010518
2026-07-07T15:06:15.051889,2026-07-07T15:06:15.064260+00:00,141.9,12,bid,,,11010536
2026-07-07T15:06:15.051889,2026-07-07T15:06:15.064260+00:00,141.9,31,bid,,,11010537
2026-07-07T15:06:15.092833,2026-07-07T15:06:15.105846+00:00,141.4,100,ask,,,11010539
2026-07-07T15:06:15.107216,2026-07-07T15:06:15.122953+00:00,141.3,50,bid,,,11010541
2026-07-07T15:06:15.597472,2026-07-07T15:06:15.609060+00:00,141.9,46,bid,,,11010561
2026-07-07T15:06:16.617465,2026-07-07T15:06:16.627560+00:00,141.5,4,ask,,,11010570
2026-07-07T15:06:16.747085,2026-07-07T15:06:16.770093+00:00,141.6,12,ask,,,11010575
2026-07-07T15:06:18.038152,2026-07-07T15:06:18.046078+00:00,141.9,50,bid,,,11010602
2026-07-07T15:06:20.197644,2026-07-07T15:06:20.208413+00:00,141.7,50,ask,,,11010630
2026-07-07T15:06:22.304087,2026-07-07T15:06:22.313247+00:00,141.6,50,ask,,,11010655
2026-07-07T15:06:24.412766,2026-07-07T15:06:24.425229+00:00,141.5,50,ask,,,11010676
2026-07-07T15:06:26.521461,2026-07-07T15:06:26.530407+00:00,141.5,12,ask,,,11010702
2026-07-07T15:06:26.521461,2026-07-07T15:06:26.530407+00:00,141.4,38,ask,,,11010703
2026-07-07T15:06:26.762918,2026-07-07T15:06:26.774511+00:00,141.8,46,bid,,,11010710
2026-07-07T15:06:27.693231,2026-07-07T15:06:27.700418+00:00,141.9,100,bid,,,11010723
2026-07-07T15:06:27.833539,2026-07-07T15:06:27.843967+00:00,141.9,23,ask,,,11010724
2026-07-07T15:06:28.628878,2026-07-07T15:06:28.636278+00:00,141.9,27,ask,,,11010733
2026-07-07T15:06:28.628878,2026-07-07T15:06:28.641545+00:00,141.7,12,ask,,,11010734
2026-07-07T15:06:28.628878,2026-07-07T15:06:28.641545+00:00,141.4,11,ask,,,11010735
2026-07-07T15:06:30.918487,2026-07-07T15:06:30.937028+00:00,141.6,100,ask,,,11010766
2026-07-07T15:06:30.925159,2026-07-07T15:06:30.937028+00:00,141.6,9,bid,,,11010767
2026-07-07T15:06:30.928331,2026-07-07T15:06:30.937028+00:00,141.6,35,bid,,,11010768
2026-07-07T15:06:30.968716,2026-07-07T15:06:30.976179+00:00,141.1,48,ask,,,11010772
2026-07-07T15:06:31.460802,2026-07-07T15:06:31.470974+00:00,141.6,3,bid,,,11010782
2026-07-07T15:06:32.844325,2026-07-07T15:06:32.858572+00:00,141.5,9,ask,,,11010811
2026-07-07T15:06:32.844325,2026-07-07T15:06:32.858572+00:00,141.4,41,ask,,,11010812
2026-07-07T15:06:33.532267,2026-07-07T15:06:33.544295+00:00,141.4,47,ask,,,11010817
2026-07-07T15:06:34.954661,2026-07-07T15:06:34.972269+00:00,141.3,33,ask,,,11010843
2026-07-07T15:06:34.982508,2026-07-07T15:06:34.990103+00:00,141.8,49,bid,,,11010844
2026-07-07T15:06:35.037776,2026-07-07T15:06:35.049289+00:00,141.3,40,ask,,,11010846
2026-07-07T15:06:35.729275,2026-07-07T15:06:35.739084+00:00,141.4,11,bid,,,11010861
2026-07-07T15:06:36.103423,2026-07-07T15:06:36.114873+00:00,141.3,48,ask,,,11010870
2026-07-07T15:06:37.016768,2026-07-07T15:06:37.028220+00:00,141.4,50,bid,,,11010888
2026-07-07T15:06:39.805458,2026-07-07T15:06:39.817438+00:00,141.4,40,bid,,,11010935
2026-07-07T15:06:40.453400,2026-07-07T15:06:40.465021+00:00,141.6,44,bid,,,11010941
2026-07-07T15:06:41.229124,2026-07-07T15:06:41.236167+00:00,141.6,50,bid,,,11010954
2026-07-07T15:06:43.336919,2026-07-07T15:06:43.348781+00:00,141.6,50,bid,,,11010991
2026-07-07T15:06:45.444507,2026-07-07T15:06:45.452781+00:00,141.7,50,bid,,,11011017
2026-07-07T15:06:46.703093,2026-07-07T15:06:46.713052+00:00,141.7,11,ask,,,11011046
2026-07-07T15:06:47.602993,2026-07-07T15:06:47.611830+00:00,141.7,50,ask,,,11011061
2026-07-07T15:06:49.709492,2026-07-07T15:06:49.720943+00:00,141.7,50,ask,,,11011094
2026-07-07T15:06:50.180998,2026-07-07T15:06:50.190763+00:00,141.6,12,ask,,,11011101
2026-07-07T15:06:51.816125,2026-07-07T15:06:51.828218+00:00,141.3,50,ask,,,11011122
2026-07-07T15:06:53.086403,2026-07-07T15:06:53.098065+00:00,141.5,12,bid,,,11011132
2026-07-07T15:06:53.936064,2026-07-07T15:06:53.943341+00:00,141.2,50,ask,,,11011154
2026-07-07T15:06:56.474959,2026-07-07T15:06:56.483818+00:00,141.3,42,ask,,,11011186
2026-07-07T15:06:57.527200,2026-07-07T15:06:57.535346+00:00,141.5,46,bid,,,11011200
2026-07-07T15:06:58.059468,2026-07-07T15:06:58.067532+00:00,141.5,11,bid,,,11011204
2026-07-07T15:06:58.112681,2026-07-07T15:06:58.124307+00:00,141.5,50,bid,,,11011206
2026-07-07T15:06:59.156083,2026-07-07T15:06:59.158573+00:00,141.5,43,bid,,,11011217
2026-07-07T15:06:59.156083,2026-07-07T15:06:59.169795+00:00,141.7,6,bid,,,11011218
2026-07-07T15:06:59.340848,2026-07-07T15:06:59.348501+00:00,141.7,94,bid,,,11011222
2026-07-07T15:06:59.340848,2026-07-07T15:06:59.353473+00:00,141.8,12,bid,,,11011223
2026-07-07T15:06:59.945033,2026-07-07T15:06:59.955827+00:00,141.8,11,ask,,,11011231
2026-07-07T15:07:00.196690,2026-07-07T15:07:00.206041+00:00,141.8,12,ask,,,11011235
2026-07-07T15:07:00.429337,2026-07-07T15:07:00.441365+00:00,141.8,21,ask,,,11011244
2026-07-07T15:07:00.429337,2026-07-07T15:07:00.441365+00:00,141.6,24,ask,,,11011245
2026-07-07T15:07:02.345374,2026-07-07T15:07:02.354409+00:00,142.0,12,bid,,,11011281
2026-07-07T15:07:02.345374,2026-07-07T15:07:02.354409+00:00,142.1,38,bid,,,11011282
2026-07-07T15:07:02.614957,2026-07-07T15:07:02.627477+00:00,141.7,12,bid,,,11011286
2026-07-07T15:07:02.952451,2026-07-07T15:07:02.958627+00:00,141.7,40,bid,,,11011293
2026-07-07T15:07:04.505224,2026-07-07T15:07:04.517249+00:00,141.6,12,ask,,,11011314
2026-07-07T15:07:04.505224,2026-07-07T15:07:04.517249+00:00,141.6,38,ask,,,11011315
2026-07-07T15:07:05.682600,2026-07-07T15:07:05.694159+00:00,141.6,45,ask,,,11011325
2026-07-07T15:07:06.647212,2026-07-07T15:07:06.659140+00:00,141.6,17,ask,,,11011338
2026-07-07T15:07:06.647212,2026-07-07T15:07:06.659140+00:00,141.6,12,ask,,,11011339
2026-07-07T15:07:06.647212,2026-07-07T15:07:06.659140+00:00,141.3,21,ask,,,11011340
2026-07-07T15:07:08.764295,2026-07-07T15:07:08.771745+00:00,141.3,50,ask,,,11011363
2026-07-07T15:07:12.303123,2026-07-07T15:07:12.313306+00:00,141.2,11,bid,,,11011409
2026-07-07T15:07:12.950792,2026-07-07T15:07:12.958542+00:00,141.2,50,bid,,,11011418
2026-07-07T15:07:13.510165,2026-07-07T15:07:13.520621+00:00,141.2,11,bid,,,11011425
2026-07-07T15:07:15.112259,2026-07-07T15:07:15.121566+00:00,141.1,50,ask,,,11011454
2026-07-07T15:07:17.218727,2026-07-07T15:07:17.230621+00:00,141.0,50,ask,,,11011480
2026-07-07T15:07:18.107529,2026-07-07T15:07:18.123524+00:00,141.0,11,ask,,,11011495
2026-07-07T15:07:19.277833,2026-07-07T15:07:19.289703+00:00,141.0,50,bid,,,11011514
2026-07-07T15:07:21.388055,2026-07-07T15:07:21.395382+00:00,141.0,50,bid,,,11011547
2026-07-07T15:07:23.561192,2026-07-07T15:07:23.574546+00:00,140.8,50,ask,,,11011582
2026-07-07T15:07:25.503282,2026-07-07T15:07:25.511970+00:00,140.9,47,bid,,,11011604
2026-07-07T15:07:25.558362,2026-07-07T15:07:25.570244+00:00,140.8,47,ask,,,11011605
2026-07-07T15:07:25.667695,2026-07-07T15:07:25.674312+00:00,140.8,50,ask,,,11011609
2026-07-07T15:07:26.810369,2026-07-07T15:07:26.822074+00:00,140.8,43,ask,,,11011625
2026-07-07T15:07:27.327415,2026-07-07T15:07:27.339236+00:00,141.2,45,bid,,,11011632
2026-07-07T15:07:27.776141,2026-07-07T15:07:27.790657+00:00,140.7,50,ask,,,11011644
2026-07-07T15:07:27.896186,2026-07-07T15:07:27.905168+00:00,140.8,23,bid,,,11011645
2026-07-07T15:07:29.882324,2026-07-07T15:07:29.891501+00:00,140.7,50,ask,,,11011673
2026-07-07T15:07:30.820406,2026-07-07T15:07:30.830344+00:00,140.8,44,bid,,,11011684
2026-07-07T15:07:31.938840,2026-07-07T15:07:31.950730+00:00,141.1,50,bid,,,11011696
2026-07-07T15:07:34.074707,2026-07-07T15:07:34.086273+00:00,141.1,50,bid,,,11011720
2026-07-07T15:07:36.770711,2026-07-07T15:07:36.779618+00:00,141.0,44,ask,,,11011756
2026-07-07T15:07:38.286426,2026-07-07T15:07:38.298085+00:00,141.2,50,bid,,,11011783
2026-07-07T15:07:42.208293,2026-07-07T15:07:42.220248+00:00,141.0,40,ask,,,11011830
2026-07-07T15:07:42.551714,2026-07-07T15:07:42.559679+00:00,141.0,50,ask,,,11011839
2026-07-07T15:07:44.070168,2026-07-07T15:07:44.079512+00:00,141.0,10,ask,,,11011856
2026-07-07T15:07:44.608059,2026-07-07T15:07:44.659247+00:00,141.2,50,bid,,,11011863
2026-07-07T15:07:46.714911,2026-07-07T15:07:46.726783+00:00,141.0,50,bid,,,11011885
2026-07-07T15:07:47.347142,2026-07-07T15:07:47.358692+00:00,140.9,43,ask,,,11011894
2026-07-07T15:07:47.375929,2026-07-07T15:07:47.386344+00:00,140.9,2,ask,,,11011895
2026-07-07T15:07:48.822048,2026-07-07T15:07:48.833601+00:00,141.0,50,bid,,,11011919
2026-07-07T15:07:49.380134,2026-07-07T15:07:49.391950+00:00,141.0,47,bid,,,11011922
2026-07-07T15:07:50.930639,2026-07-07T15:07:50.942525+00:00,141.0,3,bid,,,11011946
2026-07-07T15:07:50.930639,2026-07-07T15:07:50.942525+00:00,141.1,47,bid,,,11011947
2026-07-07T15:07:50.939414,2026-07-07T15:07:50.947980+00:00,141.1,49,bid,,,11011948
2026-07-07T15:07:51.959534,2026-07-07T15:07:51.968942+00:00,141.0,11,ask,,,11011958
2026-07-07T15:07:52.147290,2026-07-07T15:07:52.153769+00:00,141.0,42,ask,,,11011963
2026-07-07T15:07:52.213987,2026-07-07T15:07:52.222894+00:00,141.0,11,ask,,,11011964
2026-07-07T15:07:52.689367,2026-07-07T15:07:52.701233+00:00,141.1,48,bid,,,11011971
2026-07-07T15:07:53.044534,2026-07-07T15:07:53.058615+00:00,141.1,6,bid,,,11011977
2026-07-07T15:07:53.044534,2026-07-07T15:07:53.058615+00:00,141.4,12,bid,,,11011978
2026-07-07T15:07:53.044534,2026-07-07T15:07:53.058615+00:00,141.5,32,bid,,,11011979
2026-07-07T15:07:53.160278,2026-07-07T15:07:53.170231+00:00,141.2,23,ask,,,11011982
2026-07-07T15:07:54.232346,2026-07-07T15:07:54.241576+00:00,141.2,100,ask,,,11011998
2026-07-07T15:07:54.705731,2026-07-07T15:07:54.716295+00:00,141.2,27,ask,,,11012010
2026-07-07T15:07:54.705731,2026-07-07T15:07:54.716295+00:00,141.1,12,ask,,,11012011
2026-07-07T15:07:54.705731,2026-07-07T15:07:54.716295+00:00,140.6,7,ask,,,11012012
2026-07-07T15:07:55.158048,2026-07-07T15:07:55.166912+00:00,141.4,12,bid,,,11012018
2026-07-07T15:07:55.158048,2026-07-07T15:07:55.166912+00:00,141.7,38,bid,,,11012019
2026-07-07T15:07:57.247175,2026-07-07T15:07:57.263680+00:00,141.2,47,bid,,,11012052
2026-07-07T15:07:57.267194,2026-07-07T15:07:57.278816+00:00,141.2,50,bid,,,11012053
2026-07-07T15:07:59.374893,2026-07-07T15:07:59.386358+00:00,141.2,50,bid,,,11012080
2026-07-07T15:07:59.477484,2026-07-07T15:07:59.485739+00:00,141.3,12,ask,,,11012083
2026-07-07T15:08:00.804192,2026-07-07T15:08:00.816275+00:00,141.3,49,ask,,,11012105
2026-07-07T15:08:01.533058,2026-07-07T15:08:01.544799+00:00,141.3,50,ask,,,11012115
2026-07-07T15:08:07.799663,2026-07-07T15:08:07.811227+00:00,141.4,50,bid,,,11012201
2026-07-07T15:08:10.707115,2026-07-07T15:08:10.717826+00:00,141.2,46,ask,,,11012232
2026-07-07T15:08:12.947612,2026-07-07T15:08:12.956080+00:00,141.4,12,bid,,,11012254
2026-07-07T15:08:13.864493,2026-07-07T15:08:13.875613+00:00,141.5,44,bid,,,11012277
2026-07-07T15:08:14.115793,2026-07-07T15:08:14.127324+00:00,141.5,50,bid,,,11012288
2026-07-07T15:08:15.297999,2026-07-07T15:08:15.307945+00:00,141.6,23,ask,,,11012299
2026-07-07T15:08:15.344967,2026-07-07T15:08:15.355265+00:00,141.6,40,ask,,,11012302
2026-07-07T15:08:15.818015,2026-07-07T15:08:15.825774+00:00,141.6,12,ask,,,11012308
2026-07-07T15:08:16.281722,2026-07-07T15:08:16.293758+00:00,141.6,50,ask,,,11012316
2026-07-07T15:08:16.387349,2026-07-07T15:08:16.396206+00:00,141.6,25,ask,,,11012320
2026-07-07T15:08:16.783386,2026-07-07T15:08:16.795793+00:00,141.2,12,ask,,,11012325
2026-07-07T15:08:16.783386,2026-07-07T15:08:16.795793+00:00,141.1,28,ask,,,11012326
2026-07-07T15:08:17.782538,2026-07-07T15:08:17.794116+00:00,141.6,46,bid,,,11012339
2026-07-07T15:08:18.337739,2026-07-07T15:08:18.350181+00:00,141.6,29,bid,,,11012348
2026-07-07T15:08:18.337739,2026-07-07T15:08:18.350181+00:00,141.6,12,bid,,,11012349
2026-07-07T15:08:18.337739,2026-07-07T15:08:18.355174+00:00,142.1,9,bid,,,11012350
2026-07-07T15:08:18.850529,2026-07-07T15:08:18.859341+00:00,141.6,11,bid,,,11012364
2026-07-07T15:08:19.357145,2026-07-07T15:08:19.368866+00:00,141.3,12,ask,,,11012373
2026-07-07T15:08:19.357145,2026-07-07T15:08:19.368866+00:00,141.2,35,ask,,,11012374
2026-07-07T15:08:19.951642,2026-07-07T15:08:19.957994+00:00,141.7,46,bid,,,11012384
2026-07-07T15:08:20.022259,2026-07-07T15:08:20.034435+00:00,141.5,46,ask,,,11012386
2026-07-07T15:08:20.519094,2026-07-07T15:08:20.529704+00:00,141.5,50,ask,,,11012397
2026-07-07T15:08:22.626138,2026-07-07T15:08:22.638163+00:00,141.3,12,ask,,,11012430
2026-07-07T15:08:22.626138,2026-07-07T15:08:22.638163+00:00,141.3,38,ask,,,11012431
2026-07-07T15:08:22.962970,2026-07-07T15:08:22.972353+00:00,141.6,40,bid,,,11012435
2026-07-07T15:08:24.737859,2026-07-07T15:08:24.758854+00:00,141.3,50,ask,,,11012467
2026-07-07T15:08:25.399343,2026-07-07T15:08:25.411090+00:00,141.3,12,ask,,,11012480
2026-07-07T15:08:25.399343,2026-07-07T15:08:25.411090+00:00,141.1,31,ask,,,11012481
2026-07-07T15:08:26.527945,2026-07-07T15:08:26.536734+00:00,141.5,40,bid,,,11012494
2026-07-07T15:08:26.585295,2026-07-07T15:08:26.594339+00:00,141.1,11,ask,,,11012498
2026-07-07T15:08:26.585295,2026-07-07T15:08:26.594339+00:00,141.1,33,ask,,,11012499
2026-07-07T15:08:26.844327,2026-07-07T15:08:26.856152+00:00,141.1,50,ask,,,11012501
2026-07-07T15:08:28.098889,2026-07-07T15:08:28.110767+00:00,141.6,47,bid,,,11012512
2026-07-07T15:08:28.627707,2026-07-07T15:08:28.639359+00:00,141.1,17,ask,,,11012524
2026-07-07T15:08:28.627707,2026-07-07T15:08:28.639359+00:00,141.1,26,ask,,,11012525
2026-07-07T15:08:28.953853,2026-07-07T15:08:28.954216+00:00,141.1,50,ask,,,11012528
2026-07-07T15:08:29.269761,2026-07-07T15:08:29.281662+00:00,141.5,49,bid,,,11012534
2026-07-07T15:08:30.957631,2026-07-07T15:08:30.967552+00:00,141.5,12,bid,,,11012573
2026-07-07T15:08:31.001033,2026-07-07T15:08:31.013090+00:00,141.1,44,ask,,,11012576
2026-07-07T15:08:31.064428,2026-07-07T15:08:31.074553+00:00,141.0,50,ask,,,11012578
2026-07-07T15:08:31.177506,2026-07-07T15:08:31.187546+00:00,141.2,34,bid,,,11012580
2026-07-07T15:08:31.522754,2026-07-07T15:08:31.534401+00:00,141.2,48,bid,,,11012584
2026-07-07T15:08:32.160955,2026-07-07T15:08:32.168981+00:00,141.2,68,bid,,,11012589
2026-07-07T15:08:33.182917,2026-07-07T15:08:33.196075+00:00,141.2,32,ask,,,11012609
2026-07-07T15:08:33.182917,2026-07-07T15:08:33.196075+00:00,140.7,18,ask,,,11012610
2026-07-07T15:08:34.953693,2026-07-07T15:08:34.958588+00:00,141.2,41,ask,,,11012630
2026-07-07T15:08:35.293846,2026-07-07T15:08:35.305351+00:00,141.2,50,ask,,,11012641
2026-07-07T15:08:37.430783,2026-07-07T15:08:37.441746+00:00,140.9,50,ask,,,11012659
2026-07-07T15:08:39.485578,2026-07-07T15:08:39.497677+00:00,141.1,50,bid,,,11012689
2026-07-07T15:08:40.854543,2026-07-07T15:08:40.866559+00:00,141.1,41,bid,,,11012708
2026-07-07T15:08:41.593039,2026-07-07T15:08:41.604480+00:00,141.1,9,bid,,,11012721
2026-07-07T15:08:41.593039,2026-07-07T15:08:41.604480+00:00,141.1,41,bid,,,11012722
2026-07-07T15:08:42.457687,2026-07-07T15:08:42.469240+00:00,141.0,45,ask,,,11012743
2026-07-07T15:08:43.041779,2026-07-07T15:08:43.051425+00:00,141.1,11,bid,,,11012746
2026-07-07T15:08:43.703497,2026-07-07T15:08:43.710816+00:00,141.1,40,bid,,,11012761
2026-07-07T15:08:43.789778,2026-07-07T15:08:43.801623+00:00,141.0,50,ask,,,11012764
2026-07-07T15:08:45.086274,2026-07-07T15:08:45.097647+00:00,140.8,46,ask,,,11012778
2026-07-07T15:08:46.615390,2026-07-07T15:08:46.627102+00:00,141.1,43,bid,,,11012798
2026-07-07T15:08:50.059319,2026-07-07T15:08:50.068958+00:00,141.3,50,bid,,,11012839
2026-07-07T15:08:51.146293,2026-07-07T15:08:51.146992+00:00,141.4,42,bid,,,11012852
2026-07-07T15:08:51.200321,2026-07-07T15:08:51.211973+00:00,140.9,48,ask,,,11012854
2026-07-07T15:08:52.115556,2026-07-07T15:08:52.126443+00:00,141.3,43,bid,,,11012872
2026-07-07T15:08:52.196407,2026-07-07T15:08:52.207996+00:00,141.3,50,bid,,,11012874
2026-07-07T15:08:52.578145,2026-07-07T15:08:52.589845+00:00,140.9,48,ask,,,11012879
2026-07-07T15:08:54.304601,2026-07-07T15:08:54.311330+00:00,141.2,50,bid,,,11012898
2026-07-07T15:08:54.395879,2026-07-07T15:08:54.410575+00:00,141.1,11,ask,,,11012901
2026-07-07T15:08:55.149363,2026-07-07T15:08:55.158555+00:00,141.2,49,bid,,,11012905
2026-07-07T15:08:56.441700,2026-07-07T15:08:56.453675+00:00,141.4,12,bid,,,11012916
2026-07-07T15:08:56.441700,2026-07-07T15:08:56.453675+00:00,141.6,38,bid,,,11012917
2026-07-07T15:08:57.387130,2026-07-07T15:08:57.396004+00:00,141.2,11,ask,,,11012928
2026-07-07T15:08:57.589256,2026-07-07T15:08:57.599730+00:00,141.2,1,ask,,,11012934
2026-07-07T15:08:57.589256,2026-07-07T15:08:57.599730+00:00,141.2,11,ask,,,11012935
2026-07-07T15:09:00.393918,2026-07-07T15:09:00.405903+00:00,141.2,42,ask,,,11012968
2026-07-07T15:09:00.660301,2026-07-07T15:09:00.672084+00:00,141.4,50,bid,,,11012974
2026-07-07T15:09:02.673270,2026-07-07T15:09:02.685373+00:00,141.4,40,bid,,,11012998
2026-07-07T15:09:02.770744,2026-07-07T15:09:02.778322+00:00,141.5,12,bid,,,11012999
2026-07-07T15:09:02.770744,2026-07-07T15:09:02.783331+00:00,141.5,38,bid,,,11013000
2026-07-07T15:09:02.880425,2026-07-07T15:09:02.889049+00:00,141.3,11,ask,,,11013005
2026-07-07T15:09:04.910226,2026-07-07T15:09:04.924919+00:00,141.4,12,bid,,,11013046
2026-07-07T15:09:04.910226,2026-07-07T15:09:04.924919+00:00,141.5,38,bid,,,11013047
2026-07-07T15:09:09.096038,2026-07-07T15:09:09.103411+00:00,141.2,12,ask,,,11013106
2026-07-07T15:09:09.096038,2026-07-07T15:09:09.108885+00:00,141.2,35,ask,,,11013107
2026-07-07T15:09:09.151600,2026-07-07T15:09:09.168910+00:00,141.5,12,bid,,,11013109
2026-07-07T15:09:09.151600,2026-07-07T15:09:09.168910+00:00,141.6,38,bid,,,11013110
2026-07-07T15:09:11.317088,2026-07-07T15:09:11.327021+00:00,141.1,50,ask,,,11013145
2026-07-07T15:09:13.242216,2026-07-07T15:09:13.254025+00:00,141.1,42,ask,,,11013162
2026-07-07T15:09:13.427923,2026-07-07T15:09:13.439416+00:00,141.1,50,ask,,,11013165
2026-07-07T15:09:15.565058,2026-07-07T15:09:15.572470+00:00,141.0,50,ask,,,11013196
2026-07-07T15:09:16.300788,2026-07-07T15:09:16.307470+00:00,141.2,48,bid,,,11013208
2026-07-07T15:09:16.906235,2026-07-07T15:09:16.913703+00:00,141.2,48,bid,,,11013215
2026-07-07T15:09:16.960719,2026-07-07T15:09:16.972375+00:00,141.0,12,ask,,,11013217
2026-07-07T15:09:16.960719,2026-07-07T15:09:16.972375+00:00,140.8,30,ask,,,11013218
2026-07-07T15:09:17.460390,2026-07-07T15:09:17.470126+00:00,140.8,40,ask,,,11013231
2026-07-07T15:09:18.481917,2026-07-07T15:09:18.488701+00:00,141.2,46,bid,,,11013237
2026-07-07T15:09:19.038027,2026-07-07T15:09:19.048952+00:00,141.0,49,ask,,,11013241
2026-07-07T15:09:19.715111,2026-07-07T15:09:19.726584+00:00,141.0,100,ask,,,11013248
2026-07-07T15:09:21.885068,2026-07-07T15:09:21.906663+00:00,140.8,12,ask,,,11013278
2026-07-07T15:09:21.885068,2026-07-07T15:09:21.906663+00:00,140.5,38,ask,,,11013279
2026-07-07T15:09:22.091357,2026-07-07T15:09:22.103135+00:00,141.0,40,bid,,,11013281
2026-07-07T15:09:23.116612,2026-07-07T15:09:23.128152+00:00,140.8,42,ask,,,11013291
2026-07-07T15:09:23.993922,2026-07-07T15:09:24.005651+00:00,140.8,50,ask,,,11013296
2026-07-07T15:09:26.103388,2026-07-07T15:09:26.116455+00:00,140.4,50,ask,,,11013320
2026-07-07T15:09:28.112442,2026-07-07T15:09:28.121145+00:00,140.6,23,bid,,,11013350
2026-07-07T15:09:28.209519,2026-07-07T15:09:28.221008+00:00,140.4,50,ask,,,11013352
2026-07-07T15:09:29.130773,2026-07-07T15:09:29.141215+00:00,140.6,11,bid,,,11013370
2026-07-07T15:09:30.265830,2026-07-07T15:09:30.272566+00:00,140.6,50,bid,,,11013379
2026-07-07T15:09:31.759427,2026-07-07T15:09:31.768796+00:00,140.5,11,ask,,,11013396
2026-07-07T15:09:32.371095,2026-07-07T15:09:32.380387+00:00,140.8,12,bid,,,11013409
2026-07-07T15:09:32.371095,2026-07-07T15:09:32.380387+00:00,141.0,38,bid,,,11013410
2026-07-07T15:09:32.397646,2026-07-07T15:09:32.405963+00:00,140.5,100,ask,,,11013411
2026-07-07T15:09:32.856043,2026-07-07T15:09:32.868005+00:00,140.9,12,bid,,,11013417
2026-07-07T15:09:32.856043,2026-07-07T15:09:32.868005+00:00,141.0,33,bid,,,11013418
2026-07-07T15:09:33.347878,2026-07-07T15:09:33.358588+00:00,140.5,39,ask,,,11013433
2026-07-07T15:09:33.347878,2026-07-07T15:09:33.358588+00:00,140.3,9,ask,,,11013434
2026-07-07T15:09:34.482270,2026-07-07T15:09:34.493804+00:00,140.5,50,bid,,,11013455
2026-07-07T15:09:35.825636,2026-07-07T15:09:35.837330+00:00,140.5,48,bid,,,11013476
2026-07-07T15:09:36.590852,2026-07-07T15:09:36.602472+00:00,140.5,50,bid,,,11013483
2026-07-07T15:09:37.559598,2026-07-07T15:09:37.568977+00:00,140.5,12,ask,,,11013492
2026-07-07T15:09:38.000064,2026-07-07T15:09:38.011545+00:00,140.5,42,ask,,,11013498
2026-07-07T15:09:38.697904,2026-07-07T15:09:38.705597+00:00,140.7,12,bid,,,11013511
2026-07-07T15:09:38.697904,2026-07-07T15:09:38.710594+00:00,141.0,38,bid,,,11013512
2026-07-07T15:09:40.805332,2026-07-07T15:09:40.817204+00:00,140.6,50,bid,,,11013540
2026-07-07T15:09:40.925187,2026-07-07T15:09:40.934628+00:00,140.4,11,ask,,,11013544
2026-07-07T15:09:42.922232,2026-07-07T15:09:42.933958+00:00,140.6,12,bid,,,11013577
2026-07-07T15:09:42.922232,2026-07-07T15:09:42.933958+00:00,140.6,38,bid,,,11013578
2026-07-07T15:09:43.432558,2026-07-07T15:09:43.448057+00:00,140.4,23,ask,,,11013588
2026-07-07T15:09:43.564448,2026-07-07T15:09:43.574451+00:00,140.4,3,ask,,,11013594
2026-07-07T15:09:45.083041,2026-07-07T15:09:45.093525+00:00,139.9,12,ask,,,11013614
2026-07-07T15:09:45.083041,2026-07-07T15:09:45.093525+00:00,139.8,38,ask,,,11013615
2026-07-07T15:09:46.068566,2026-07-07T15:09:46.079999+00:00,139.8,40,ask,,,11013627
2026-07-07T15:09:46.573755,2026-07-07T15:09:46.584000+00:00,140.2,12,bid,,,11013635
2026-07-07T15:09:46.573755,2026-07-07T15:09:46.584000+00:00,140.3,33,bid,,,11013636
2026-07-07T15:09:47.117192,2026-07-07T15:09:47.127237+00:00,140.0,14,bid,,,11013644
2026-07-07T15:09:47.592564,2026-07-07T15:09:47.603983+00:00,140.0,42,bid,,,11013654
2026-07-07T15:09:48.054533,2026-07-07T15:09:48.066030+00:00,139.8,42,ask,,,11013665
2026-07-07T15:09:49.296077,2026-07-07T15:09:49.308070+00:00,139.8,12,ask,,,11013683
2026-07-07T15:09:53.513148,2026-07-07T15:09:53.520352+00:00,139.8,12,ask,,,11013743
2026-07-07T15:09:53.513148,2026-07-07T15:09:53.525333+00:00,139.7,38,ask,,,11013744
2026-07-07T15:09:53.702710,2026-07-07T15:09:53.710155+00:00,140.1,49,bid,,,11013747
2026-07-07T15:09:55.623631,2026-07-07T15:09:55.635669+00:00,139.8,50,ask,,,11013775
2026-07-07T15:09:57.732531,2026-07-07T15:09:57.739387+00:00,139.7,4,ask,,,11013800
2026-07-07T15:09:57.732531,2026-07-07T15:09:57.744569+00:00,139.6,46,ask,,,11013801
2026-07-07T15:09:59.184456,2026-07-07T15:09:59.196132+00:00,139.6,49,ask,,,11013819
2026-07-07T15:09:59.842320,2026-07-07T15:09:59.853991+00:00,139.6,5,ask,,,11013830
2026-07-07T15:09:59.842320,2026-07-07T15:09:59.853991+00:00,139.5,45,ask,,,11013831
2026-07-07T15:10:00.897610,2026-07-07T15:10:00.908442+00:00,139.8,12,bid,,,11013840
2026-07-07T15:10:01.951196,2026-07-07T15:10:01.963996+00:00,139.5,50,ask,,,11013852
2026-07-07T15:10:01.951429,2026-07-07T15:10:01.963996+00:00,139.8,11,bid,,,11013853
2026-07-07T15:10:03.023139,2026-07-07T15:10:03.034863+00:00,139.5,48,bid,,,11013866
2026-07-07T15:10:04.060003,2026-07-07T15:10:04.071368+00:00,139.2,50,ask,,,11013880
2026-07-07T15:10:04.077491,2026-07-07T15:10:04.089109+00:00,139.5,49,bid,,,11013881
2026-07-07T15:10:05.372956,2026-07-07T15:10:05.381817+00:00,139.5,12,bid,,,11013891
2026-07-07T15:10:06.247680,2026-07-07T15:10:06.258602+00:00,139.4,46,ask,,,11013907
2026-07-07T15:10:06.757727,2026-07-07T15:10:06.769664+00:00,139.4,42,ask,,,11013919
2026-07-07T15:10:07.230129,2026-07-07T15:10:07.238246+00:00,139.5,22,bid,,,11013923
2026-07-07T15:10:07.642477,2026-07-07T15:10:07.657620+00:00,139.4,22,ask,,,11013933
2026-07-07T15:10:07.941856,2026-07-07T15:10:07.952138+00:00,139.5,40,bid,,,11013942
2026-07-07T15:10:08.556113,2026-07-07T15:10:08.567831+00:00,139.5,38,bid,,,11013952
2026-07-07T15:10:08.556113,2026-07-07T15:10:08.567831+00:00,139.5,3,bid,,,11013953
2026-07-07T15:10:09.251217,2026-07-07T15:10:09.257744+00:00,139.5,3,ask,,,11013973
2026-07-07T15:10:12.328075,2026-07-07T15:10:12.339849+00:00,139.6,50,bid,,,11014020
2026-07-07T15:10:14.437028,2026-07-07T15:10:14.448653+00:00,139.3,50,bid,,,11014055
2026-07-07T15:10:16.544406,2026-07-07T15:10:16.554292+00:00,139.6,50,bid,,,11014083
2026-07-07T15:10:16.774874,2026-07-07T15:10:16.782298+00:00,139.2,49,ask,,,11014088
2026-07-07T15:10:17.242355,2026-07-07T15:10:17.253921+00:00,139.2,41,ask,,,11014095
2026-07-07T15:10:17.843345,2026-07-07T15:10:17.854946+00:00,139.6,46,bid,,,11014104
2026-07-07T15:10:18.650498,2026-07-07T15:10:18.662164+00:00,139.6,50,bid,,,11014112
2026-07-07T15:10:18.728591,2026-07-07T15:10:18.738482+00:00,139.6,12,ask,,,11014113
2026-07-07T15:10:19.484477,2026-07-07T15:10:19.496201+00:00,139.6,45,ask,,,11014118
2026-07-07T15:10:20.035314,2026-07-07T15:10:20.046740+00:00,139.7,41,bid,,,11014125
2026-07-07T15:10:20.758090,2026-07-07T15:10:20.770491+00:00,139.7,50,bid,,,11014137
2026-07-07T15:10:22.006656,2026-07-07T15:10:22.018301+00:00,139.5,42,ask,,,11014150
2026-07-07T15:10:22.865276,2026-07-07T15:10:22.877601+00:00,139.7,9,bid,,,11014158
2026-07-07T15:10:22.865276,2026-07-07T15:10:22.877601+00:00,139.9,12,bid,,,11014159
2026-07-07T15:10:22.865276,2026-07-07T15:10:22.882803+00:00,140.0,29,bid,,,11014160
2026-07-07T15:10:24.050109,2026-07-07T15:10:24.058620+00:00,140.0,42,bid,,,11014175
2026-07-07T15:10:24.977560,2026-07-07T15:10:24.989106+00:00,139.9,12,bid,,,11014192
2026-07-07T15:10:24.977560,2026-07-07T15:10:24.989106+00:00,140.0,38,bid,,,11014193
2026-07-07T15:10:25.054977,2026-07-07T15:10:25.065225+00:00,139.6,11,ask,,,11014194
2026-07-07T15:10:26.117658,2026-07-07T15:10:26.129363+00:00,139.6,44,ask,,,11014209
2026-07-07T15:10:27.086635,2026-07-07T15:10:27.097095+00:00,139.9,50,bid,,,11014224
2026-07-07T15:10:27.222965,2026-07-07T15:10:27.232161+00:00,139.9,41,bid,,,11014229
2026-07-07T15:10:29.195910,2026-07-07T15:10:29.207802+00:00,139.8,12,bid,,,11014247
2026-07-07T15:10:29.195910,2026-07-07T15:10:29.207802+00:00,139.9,9,bid,,,11014248
2026-07-07T15:10:29.195910,2026-07-07T15:10:29.207802+00:00,140.0,29,bid,,,11014249
2026-07-07T15:10:29.314979,2026-07-07T15:10:29.327637+00:00,139.8,12,ask,,,11014251
2026-07-07T15:10:31.731373,2026-07-07T15:10:31.743211+00:00,139.8,47,ask,,,11014282
2026-07-07T15:10:33.418362,2026-07-07T15:10:33.428140+00:00,140.0,12,bid,,,11014300
2026-07-07T15:10:33.418362,2026-07-07T15:10:33.428140+00:00,140.1,38,bid,,,11014301
2026-07-07T15:10:34.870183,2026-07-07T15:10:34.879471+00:00,139.7,12,bid,,,11014326
2026-07-07T15:10:34.870183,2026-07-07T15:10:34.879471+00:00,139.8,32,bid,,,11014327
2026-07-07T15:10:36.310056,2026-07-07T15:10:36.320668+00:00,139.4,12,ask,,,11014352
2026-07-07T15:10:36.310056,2026-07-07T15:10:36.320668+00:00,139.3,34,ask,,,11014353
2026-07-07T15:10:37.687311,2026-07-07T15:10:37.697431+00:00,139.4,12,ask,,,11014370
2026-07-07T15:10:37.687311,2026-07-07T15:10:37.697431+00:00,139.3,38,ask,,,11014371
2026-07-07T15:10:39.796581,2026-07-07T15:10:39.804677+00:00,139.7,50,ask,,,11014394
2026-07-07T15:10:40.924080,2026-07-07T15:10:40.935094+00:00,139.7,12,ask,,,11014405
2026-07-07T15:10:40.924080,2026-07-07T15:10:40.935094+00:00,139.7,34,ask,,,11014406
2026-07-07T15:10:41.457409,2026-07-07T15:10:41.469033+00:00,139.9,46,bid,,,11014414
2026-07-07T15:10:41.854148,2026-07-07T15:10:41.858552+00:00,139.9,50,bid,,,11014420
2026-07-07T15:10:41.961972,2026-07-07T15:10:41.970932+00:00,139.7,41,ask,,,11014421
2026-07-07T15:10:41.977998,2026-07-07T15:10:41.986498+00:00,140.0,12,bid,,,11014422
2026-07-07T15:10:44.012256,2026-07-07T15:10:44.021398+00:00,140.0,14,ask,,,11014443
2026-07-07T15:10:44.028981,2026-07-07T15:10:44.036616+00:00,140.0,50,ask,,,11014447
2026-07-07T15:10:44.091691,2026-07-07T15:10:44.098603+00:00,140.0,24,ask,,,11014451
2026-07-07T15:10:46.135728,2026-07-07T15:10:46.147486+00:00,139.6,12,ask,,,11014489
2026-07-07T15:10:46.135728,2026-07-07T15:10:46.147486+00:00,139.5,38,ask,,,11014490
2026-07-07T15:10:47.259431,2026-07-07T15:10:47.268974+00:00,139.7,3,bid,,,11014506
2026-07-07T15:10:48.193847,2026-07-07T15:10:48.205509+00:00,139.7,50,bid,,,11014526
2026-07-07T15:10:48.565064,2026-07-07T15:10:48.576618+00:00,139.7,45,bid,,,11014531
2026-07-07T15:10:49.418378,2026-07-07T15:10:49.434294+00:00,139.7,11,bid,,,11014544
2026-07-07T15:10:50.303974,2026-07-07T15:10:50.316004+00:00,139.7,41,bid,,,11014560
2026-07-07T15:10:50.303974,2026-07-07T15:10:50.316004+00:00,139.9,9,bid,,,11014561
2026-07-07T15:10:50.501936,2026-07-07T15:10:50.513665+00:00,139.9,42,bid,,,11014563
2026-07-07T15:10:52.690619,2026-07-07T15:10:52.707340+00:00,139.7,46,ask,,,11014600
2026-07-07T15:10:53.737238,2026-07-07T15:10:53.744279+00:00,139.9,12,bid,,,11014606
2026-07-07T15:10:53.737238,2026-07-07T15:10:53.749644+00:00,140.2,32,bid,,,11014607
2026-07-07T15:10:53.794128,2026-07-07T15:10:53.802475+00:00,139.7,43,ask,,,11014608
2026-07-07T15:10:54.542213,2026-07-07T15:10:54.558599+00:00,140.0,12,bid,,,11014617
2026-07-07T15:10:54.542213,2026-07-07T15:10:54.558599+00:00,140.2,38,bid,,,11014618
2026-07-07T15:10:56.728793,2026-07-07T15:10:56.740540+00:00,139.7,50,ask,,,11014650
2026-07-07T15:10:58.389590,2026-07-07T15:10:58.397642+00:00,140.0,12,bid,,,11014678
2026-07-07T15:10:58.389590,2026-07-07T15:10:58.397642+00:00,140.0,37,bid,,,11014679
2026-07-07T15:10:58.835366,2026-07-07T15:10:58.846911+00:00,139.7,12,ask,,,11014690
2026-07-07T15:10:58.835366,2026-07-07T15:10:58.846911+00:00,139.7,38,ask,,,11014691
2026-07-07T15:11:00.972761,2026-07-07T15:11:00.981628+00:00,139.6,50,ask,,,11014721
2026-07-07T15:11:03.078787,2026-07-07T15:11:03.090625+00:00,139.8,50,ask,,,11014768
2026-07-07T15:11:03.113916,2026-07-07T15:11:03.121144+00:00,139.8,50,ask,,,11014769
2026-07-07T15:11:07.300388,2026-07-07T15:11:07.308612+00:00,139.6,12,ask,,,11014833
2026-07-07T15:11:07.300388,2026-07-07T15:11:07.308612+00:00,139.5,38,ask,,,11014834
2026-07-07T15:11:09.409219,2026-07-07T15:11:09.420943+00:00,139.5,12,ask,,,11014859
2026-07-07T15:11:09.409219,2026-07-07T15:11:09.420943+00:00,139.3,38,ask,,,11014860
2026-07-07T15:11:11.011849,2026-07-07T15:11:11.026360+00:00,139.4,12,ask,,,11014881
2026-07-07T15:11:11.011849,2026-07-07T15:11:11.026360+00:00,139.2,28,ask,,,11014882
2026-07-07T15:11:11.517556,2026-07-07T15:11:11.529115+00:00,139.2,50,ask,,,11014889
2026-07-07T15:11:11.622785,2026-07-07T15:11:11.631937+00:00,139.6,12,bid,,,11014892
2026-07-07T15:11:13.087799,2026-07-07T15:11:13.094575+00:00,139.6,40,bid,,,11014913
2026-07-07T15:11:13.142462,2026-07-07T15:11:13.163606+00:00,139.4,12,ask,,,11014915
2026-07-07T15:11:14.136688,2026-07-07T15:11:14.158572+00:00,139.6,45,bid,,,11014930
2026-07-07T15:11:14.244260,2026-07-07T15:11:14.267120+00:00,139.6,11,bid,,,11014931
2026-07-07T15:11:14.707015,2026-07-07T15:11:14.718818+00:00,139.4,41,ask,,,11014940
2026-07-07T15:11:15.703359,2026-07-07T15:11:15.714802+00:00,139.9,49,bid,,,11014953
2026-07-07T15:11:15.747774,2026-07-07T15:11:15.758580+00:00,139.4,50,ask,,,11014954
2026-07-07T15:11:17.861444,2026-07-07T15:11:17.874631+00:00,139.4,50,ask,,,11014987
2026-07-07T15:11:19.971580,2026-07-07T15:11:19.978389+00:00,139.2,50,ask,,,11015020
2026-07-07T15:11:22.104565,2026-07-07T15:11:22.114584+00:00,139.4,50,ask,,,11015043
2026-07-07T15:11:22.107667,2026-07-07T15:11:22.114584+00:00,139.4,50,ask,,,11015044
2026-07-07T15:11:22.120993,2026-07-07T15:11:22.130106+00:00,139.4,23,bid,,,11015045
2026-07-07T15:11:22.446450,2026-07-07T15:11:22.453086+00:00,138.9,46,ask,,,11015051
2026-07-07T15:11:23.656804,2026-07-07T15:11:23.668383+00:00,139.4,43,bid,,,11015070
2026-07-07T15:11:24.211708,2026-07-07T15:11:24.223393+00:00,139.1,50,ask,,,11015076
2026-07-07T15:11:24.775300,2026-07-07T15:11:24.784732+00:00,139.4,11,bid,,,11015087
2026-07-07T15:11:26.321489,2026-07-07T15:11:26.329714+00:00,139.4,50,ask,,,11015113
2026-07-07T15:11:28.376257,2026-07-07T15:11:28.388019+00:00,139.7,50,bid,,,11015141
2026-07-07T15:11:28.802521,2026-07-07T15:11:28.812462+00:00,139.3,45,ask,,,11015149
2026-07-07T15:11:30.485817,2026-07-07T15:11:30.497667+00:00,139.7,50,bid,,,11015170
2026-07-07T15:11:32.603235,2026-07-07T15:11:32.614845+00:00,139.5,50,bid,,,11015191
2026-07-07T15:11:34.230214,2026-07-07T15:11:34.237348+00:00,139.5,41,bid,,,11015216
2026-07-07T15:11:34.710966,2026-07-07T15:11:34.719463+00:00,139.9,50,bid,,,11015227
2026-07-07T15:11:36.779885,2026-07-07T15:11:36.791409+00:00,139.5,42,ask,,,11015257
2026-07-07T15:11:36.817986,2026-07-07T15:11:36.829525+00:00,140.0,50,bid,,,11015260
2026-07-07T15:11:37.402540,2026-07-07T15:11:37.414238+00:00,140.0,48,bid,,,11015269
2026-07-07T15:11:38.926721,2026-07-07T15:11:38.933381+00:00,140.2,12,bid,,,11015280
2026-07-07T15:11:38.926721,2026-07-07T15:11:38.933381+00:00,140.2,38,bid,,,11015281
2026-07-07T15:11:39.800848,2026-07-07T15:11:39.809757+00:00,139.7,11,ask,,,11015295
2026-07-07T15:11:40.420148,2026-07-07T15:11:40.431797+00:00,139.7,46,ask,,,11015306
2026-07-07T15:11:41.496613,2026-07-07T15:11:41.517407+00:00,139.7,47,ask,,,11015319
2026-07-07T15:11:42.523004,2026-07-07T15:11:42.530246+00:00,139.9,41,bid,,,11015334
2026-07-07T15:11:43.157671,2026-07-07T15:11:43.169347+00:00,139.9,50,bid,,,11015345
2026-07-07T15:11:43.176330,2026-07-07T15:11:43.185304+00:00,139.7,9,ask,,,11015346
2026-07-07T15:11:44.082839,2026-07-07T15:11:44.094540+00:00,139.9,9,bid,,,11015368
2026-07-07T15:11:45.263267,2026-07-07T15:11:45.274811+00:00,139.9,50,bid,,,11015376
2026-07-07T15:11:45.805327,2026-07-07T15:11:45.814566+00:00,139.7,14,ask,,,11015385
2026-07-07T15:11:47.372311,2026-07-07T15:11:47.379214+00:00,139.9,12,bid,,,11015404
2026-07-07T15:11:47.372311,2026-07-07T15:11:47.384186+00:00,140.2,38,bid,,,11015405
2026-07-07T15:11:49.479809,2026-07-07T15:11:49.488986+00:00,140.1,50,bid,,,11015436
2026-07-07T15:11:51.048711,2026-07-07T15:11:51.059884+00:00,140.0,23,ask,,,11015467
2026-07-07T15:11:51.588754,2026-07-07T15:11:51.599788+00:00,140.1,12,bid,,,11015478
2026-07-07T15:11:53.696341,2026-07-07T15:11:53.709465+00:00,140.2,50,bid,,,11015502
2026-07-07T15:11:55.450363,2026-07-07T15:11:55.456845+00:00,139.9,43,ask,,,11015521
2026-07-07T15:11:55.804335,2026-07-07T15:11:55.815148+00:00,140.3,12,bid,,,11015527
2026-07-07T15:11:55.804335,2026-07-07T15:11:55.815148+00:00,140.4,38,bid,,,11015528
2026-07-07T15:11:56.020936,2026-07-07T15:11:56.029314+00:00,140.4,47,bid,,,11015530
2026-07-07T15:11:57.650180,2026-07-07T15:11:57.658623+00:00,140.1,46,ask,,,11015549
2026-07-07T15:11:57.982187,2026-07-07T15:11:57.994004+00:00,140.1,50,ask,,,11015558
2026-07-07T15:12:00.090524,2026-07-07T15:12:00.102024+00:00,140.1,50,ask,,,11015590
2026-07-07T15:12:00.242214,2026-07-07T15:12:00.259570+00:00,140.1,42,ask,,,11015592
2026-07-07T15:12:00.873957,2026-07-07T15:12:00.882532+00:00,140.2,49,bid,,,11015603
2026-07-07T15:12:01.580845,2026-07-07T15:12:01.599455+00:00,140.2,23,bid,,,11015612
2026-07-07T15:12:02.201712,2026-07-07T15:12:02.208537+00:00,139.9,12,ask,,,11015618
2026-07-07T15:12:02.201712,2026-07-07T15:12:02.213840+00:00,139.7,38,ask,,,11015619
2026-07-07T15:12:02.691870,2026-07-07T15:12:02.700716+00:00,140.2,47,bid,,,11015627
2026-07-07T15:12:03.175448,2026-07-07T15:12:03.198353+00:00,140.2,100,bid,,,11015638
2026-07-07T15:12:03.189533,2026-07-07T15:12:03.198353+00:00,140.4,11,ask,,,11015640
2026-07-07T15:12:04.312195,2026-07-07T15:12:04.323152+00:00,140.4,39,ask,,,11015657
2026-07-07T15:12:04.312195,2026-07-07T15:12:04.323152+00:00,140.2,9,ask,,,11015658
2026-07-07T15:12:04.318461,2026-07-07T15:12:04.328118+00:00,140.5,9,bid,,,11015659
2026-07-07T15:12:06.151088,2026-07-07T15:12:06.157626+00:00,140.6,44,ask,,,11015681
2026-07-07T15:12:06.404199,2026-07-07T15:12:06.415882+00:00,140.6,47,ask,,,11015689
2026-07-07T15:12:06.421455,2026-07-07T15:12:06.432810+00:00,140.4,9,ask,,,11015690
2026-07-07T15:12:06.421455,2026-07-07T15:12:06.432810+00:00,140.0,41,ask,,,11015691
2026-07-07T15:12:07.784005,2026-07-07T15:12:07.793210+00:00,140.5,49,bid,,,11015710
2026-07-07T15:12:08.527818,2026-07-07T15:12:08.537284+00:00,140.2,9,ask,,,11015724
2026-07-07T15:12:08.527818,2026-07-07T15:12:08.537284+00:00,140.2,41,ask,,,11015725
2026-07-07T15:12:08.899456,2026-07-07T15:12:08.910952+00:00,140.2,43,ask,,,11015736
2026-07-07T15:12:09.496830,2026-07-07T15:12:09.508787+00:00,140.2,16,ask,,,11015743
2026-07-07T15:12:09.972041,2026-07-07T15:12:09.980876+00:00,140.5,9,bid,,,11015751
2026-07-07T15:12:09.972041,2026-07-07T15:12:09.980876+00:00,140.7,38,bid,,,11015752
2026-07-07T15:12:10.637838,2026-07-07T15:12:10.647260+00:00,140.2,50,ask,,,11015761
2026-07-07T15:12:12.746604,2026-07-07T15:12:12.753074+00:00,140.3,12,ask,,,11015796
2026-07-07T15:12:12.746604,2026-07-07T15:12:12.753074+00:00,140.1,38,ask,,,11015797
2026-07-07T15:12:13.972258,2026-07-07T15:12:13.984073+00:00,140.3,3,ask,,,11015815
2026-07-07T15:12:13.972258,2026-07-07T15:12:13.984073+00:00,140.2,41,ask,,,11015816
2026-07-07T15:12:14.537203,2026-07-07T15:12:14.548787+00:00,140.6,40,bid,,,11015827
2026-07-07T15:12:14.803654,2026-07-07T15:12:14.811910+00:00,140.6,50,bid,,,11015830
2026-07-07T15:12:15.753116,2026-07-07T15:12:15.754578+00:00,140.6,49,bid,,,11015845
2026-07-07T15:12:15.807512,2026-07-07T15:12:15.819000+00:00,140.2,46,ask,,,11015846
2026-07-07T15:12:17.021477,2026-07-07T15:12:17.029175+00:00,140.6,100,ask,,,11015860
2026-07-07T15:12:19.066203,2026-07-07T15:12:19.078270+00:00,140.3,50,ask,,,11015890
2026-07-07T15:12:20.847331,2026-07-07T15:12:20.863783+00:00,140.3,43,ask,,,11015912
2026-07-07T15:12:21.173053,2026-07-07T15:12:21.180301+00:00,140.3,50,ask,,,11015914
2026-07-07T15:12:22.238022,2026-07-07T15:12:22.248185+00:00,140.3,34,bid,,,11015922
2026-07-07T15:12:23.308895,2026-07-07T15:12:23.318976+00:00,139.8,50,ask,,,11015938
2026-07-07T15:12:25.386686,2026-07-07T15:12:25.398368+00:00,140.1,100,ask,,,11015967
2026-07-07T15:12:25.417133,2026-07-07T15:12:25.428987+00:00,139.5,50,ask,,,11015970
2026-07-07T15:12:26.505858,2026-07-07T15:12:26.514899+00:00,140.0,23,bid,,,11015986
2026-07-07T15:12:28.190445,2026-07-07T15:12:28.199503+00:00,140.0,11,bid,,,11015999
2026-07-07T15:12:29.667764,2026-07-07T15:12:29.679172+00:00,140.0,50,ask,,,11016014
2026-07-07T15:12:31.813611,2026-07-07T15:12:31.821974+00:00,139.8,50,ask,,,11016045
2026-07-07T15:12:32.830628,2026-07-07T15:12:32.839689+00:00,140.3,41,bid,,,11016059
2026-07-07T15:12:33.919959,2026-07-07T15:12:33.931764+00:00,139.8,50,ask,,,11016076
2026-07-07T15:12:34.430492,2026-07-07T15:12:34.439635+00:00,139.8,11,ask,,,11016085
2026-07-07T15:12:34.484088,2026-07-07T15:12:34.495695+00:00,139.8,39,ask,,,11016087
2026-07-07T15:12:34.484088,2026-07-07T15:12:34.495695+00:00,139.6,4,ask,,,11016088
2026-07-07T15:12:34.915684,2026-07-07T15:12:34.925238+00:00,139.6,96,ask,,,11016090
2026-07-07T15:12:34.926431,2026-07-07T15:12:34.935243+00:00,139.4,17,bid,,,11016091
2026-07-07T15:12:34.979279,2026-07-07T15:12:34.987789+00:00,139.4,37,bid,,,11016093
2026-07-07T15:12:34.979279,2026-07-07T15:12:34.987789+00:00,140.1,6,bid,,,11016094
2026-07-07T15:12:35.517551,2026-07-07T15:12:35.529204+00:00,140.1,45,bid,,,11016104
2026-07-07T15:12:36.033887,2026-07-07T15:12:36.045722+00:00,139.3,50,ask,,,11016110
2026-07-07T15:12:36.475293,2026-07-07T15:12:36.486663+00:00,139.3,43,ask,,,11016116
2026-07-07T15:12:38.140329,2026-07-07T15:12:38.158589+00:00,139.6,50,ask,,,11016138
2026-07-07T15:12:39.199971,2026-07-07T15:12:39.208942+00:00,139.6,100,ask,,,11016151
2026-07-07T15:12:39.941530,2026-07-07T15:12:39.953317+00:00,140.1,46,bid,,,11016171
2026-07-07T15:12:40.234454,2026-07-07T15:12:40.241910+00:00,140.1,50,bid,,,11016176
2026-07-07T15:12:42.340781,2026-07-07T15:12:42.352259+00:00,139.9,50,bid,,,11016195
2026-07-07T15:12:46.281201,2026-07-07T15:12:46.292430+00:00,139.6,43,ask,,,11016242
2026-07-07T15:12:46.578378,2026-07-07T15:12:46.589245+00:00,139.8,50,bid,,,11016248
2026-07-07T15:12:48.753870,2026-07-07T15:12:48.757147+00:00,139.5,50,ask,,,11016267
2026-07-07T15:12:50.153743,2026-07-07T15:12:50.158556+00:00,139.5,40,ask,,,11016282
2026-07-07T15:12:50.860150,2026-07-07T15:12:50.872110+00:00,139.5,50,ask,,,11016295
2026-07-07T15:12:52.995847,2026-07-07T15:12:53.007392+00:00,139.4,50,ask,,,11016325
2026-07-07T15:12:53.651047,2026-07-07T15:12:53.658578+00:00,139.6,45,bid,,,11016330
2026-07-07T15:12:55.051855,2026-07-07T15:12:55.058555+00:00,139.6,50,bid,,,11016351
2026-07-07T15:12:57.189465,2026-07-07T15:12:57.198716+00:00,139.6,50,bid,,,11016377
2026-07-07T15:13:00.650171,2026-07-07T15:13:00.659212+00:00,139.6,17,ask,,,11016418
2026-07-07T15:13:01.467324,2026-07-07T15:13:01.474104+00:00,139.2,50,ask,,,11016428
2026-07-07T15:13:03.018540,2026-07-07T15:13:03.030396+00:00,139.7,45,bid,,,11016448
2026-07-07T15:13:03.522852,2026-07-07T15:13:03.534725+00:00,139.4,50,bid,,,11016456
2026-07-07T15:13:04.580053,2026-07-07T15:13:04.589627+00:00,139.4,17,bid,,,11016469
2026-07-07T15:13:05.013196,2026-07-07T15:13:05.024841+00:00,139.2,47,ask,,,11016473
2026-07-07T15:13:05.716647,2026-07-07T15:13:05.728376+00:00,139.2,50,ask,,,11016487
2026-07-07T15:13:07.829036,2026-07-07T15:13:07.840575+00:00,139.5,50,ask,,,11016525
2026-07-07T15:13:09.181750,2026-07-07T15:13:09.193409+00:00,139.7,43,bid,,,11016538
2026-07-07T15:13:09.907042,2026-07-07T15:13:09.914698+00:00,139.7,50,bid,,,11016539
2026-07-07T15:13:12.236104,2026-07-07T15:13:12.242701+00:00,139.6,41,ask,,,11016576
2026-07-07T15:13:13.781737,2026-07-07T15:13:13.794482+00:00,139.6,46,ask,,,11016600
2026-07-07T15:13:18.377564,2026-07-07T15:13:18.385947+00:00,139.3,50,ask,,,11016648
2026-07-07T15:13:22.537681,2026-07-07T15:13:22.544162+00:00,139.4,50,bid,,,11016699
2026-07-07T15:13:23.484924,2026-07-07T15:13:23.496496+00:00,139.4,42,bid,,,11016712
2026-07-07T15:13:24.644212,2026-07-07T15:13:24.655765+00:00,139.4,50,bid,,,11016724
2026-07-07T15:13:26.752846,2026-07-07T15:13:26.764671+00:00,139.7,50,bid,,,11016750
2026-07-07T15:13:27.380213,2026-07-07T15:13:27.391640+00:00,139.7,43,bid,,,11016757
2026-07-07T15:13:28.706825,2026-07-07T15:13:28.715865+00:00,139.5,6,ask,,,11016770
2026-07-07T15:13:28.859938,2026-07-07T15:13:28.871575+00:00,139.7,50,bid,,,11016774
2026-07-07T15:13:29.499177,2026-07-07T15:13:29.510909+00:00,139.5,43,ask,,,11016783
2026-07-07T15:13:30.628766,2026-07-07T15:13:30.635455+00:00,139.5,47,ask,,,11016793
2026-07-07T15:13:30.968797,2026-07-07T15:13:30.980524+00:00,139.8,50,bid,,,11016797
2026-07-07T15:13:33.076661,2026-07-07T15:13:33.088016+00:00,139.7,50,bid,,,11016818
2026-07-07T15:13:34.372967,2026-07-07T15:13:34.384905+00:00,139.7,47,bid,,,11016835
2026-07-07T15:13:34.876544,2026-07-07T15:13:34.886343+00:00,139.3,11,ask,,,11016841
2026-07-07T15:13:35.182269,2026-07-07T15:13:35.194207+00:00,139.7,50,bid,,,11016845
2026-07-07T15:13:36.487532,2026-07-07T15:13:36.494054+00:00,139.5,43,bid,,,11016868
2026-07-07T15:13:36.548583,2026-07-07T15:13:36.555404+00:00,139.2,48,ask,,,11016869
2026-07-07T15:13:37.017688,2026-07-07T15:13:37.029212+00:00,139.2,49,ask,,,11016875
2026-07-07T15:13:37.244662,2026-07-07T15:13:37.253369+00:00,139.2,12,ask,,,11016877
2026-07-07T15:13:37.288072,2026-07-07T15:13:37.296908+00:00,139.5,50,bid,,,11016879
2026-07-07T15:13:39.268592,2026-07-07T15:13:39.278284+00:00,139.3,100,bid,,,11016906
2026-07-07T15:13:39.402647,2026-07-07T15:13:39.414726+00:00,139.3,50,bid,,,11016908
2026-07-07T15:13:39.523964,2026-07-07T15:13:39.536186+00:00,139.7,12,bid,,,11016909
2026-07-07T15:13:39.523964,2026-07-07T15:13:39.536186+00:00,139.8,29,bid,,,11016910
2026-07-07T15:13:41.370234,2026-07-07T15:13:41.414135+00:00,139.4,22,ask,,,11016935
2026-07-07T15:13:41.430822,2026-07-07T15:13:41.441744+00:00,139.4,12,ask,,,11016939
2026-07-07T15:13:41.514049,2026-07-07T15:13:41.525540+00:00,139.8,50,bid,,,11016942
2026-07-07T15:13:42.483219,2026-07-07T15:13:42.492481+00:00,139.4,100,ask,,,11016953
2026-07-07T15:13:43.632258,2026-07-07T15:13:43.644265+00:00,139.7,12,bid,,,11016969
2026-07-07T15:13:43.632258,2026-07-07T15:13:43.644265+00:00,139.9,38,bid,,,11016970
2026-07-07T15:13:45.742150,2026-07-07T15:13:45.753829+00:00,139.5,50,bid,,,11016998
2026-07-07T15:13:46.666193,2026-07-07T15:13:46.674580+00:00,139.5,47,bid,,,11017005
2026-07-07T15:13:47.749085,2026-07-07T15:13:47.758583+00:00,139.2,12,ask,,,11017023
2026-07-07T15:13:47.749085,2026-07-07T15:13:47.758583+00:00,139.2,37,ask,,,11017024
2026-07-07T15:13:47.850065,2026-07-07T15:13:47.862033+00:00,139.5,12,bid,,,11017027
2026-07-07T15:13:47.850065,2026-07-07T15:13:47.862033+00:00,139.7,38,bid,,,11017028
2026-07-07T15:13:49.239009,2026-07-07T15:13:49.258569+00:00,139.2,46,ask,,,11017047
2026-07-07T15:13:50.012669,2026-07-07T15:13:50.024411+00:00,139.2,50,ask,,,11017060
2026-07-07T15:13:52.118109,2026-07-07T15:13:52.125175+00:00,139.2,12,ask,,,11017088
2026-07-07T15:13:52.118109,2026-07-07T15:13:52.130340+00:00,139.2,38,ask,,,11017089
2026-07-07T15:13:52.443832,2026-07-07T15:13:52.460491+00:00,139.5,46,bid,,,11017096
2026-07-07T15:13:52.930782,2026-07-07T15:13:52.939257+00:00,139.5,43,bid,,,11017103
2026-07-07T15:13:54.227468,2026-07-07T15:13:54.238935+00:00,139.3,50,ask,,,11017121
2026-07-07T15:13:56.335334,2026-07-07T15:13:56.347162+00:00,139.3,50,ask,,,11017145
2026-07-07T15:13:57.161556,2026-07-07T15:13:57.174325+00:00,139.3,12,ask,,,11017160
2026-07-07T15:13:57.161556,2026-07-07T15:13:57.174325+00:00,139.2,31,ask,,,11017161
2026-07-07T15:13:58.186812,2026-07-07T15:13:58.198313+00:00,139.2,48,ask,,,11017172
2026-07-07T15:13:58.393079,2026-07-07T15:13:58.400218+00:00,139.5,50,bid,,,11017176
2026-07-07T15:13:59.872572,2026-07-07T15:13:59.884133+00:00,139.5,47,bid,,,11017193
2026-07-07T15:14:00.446645,2026-07-07T15:14:00.458407+00:00,139.6,41,bid,,,11017202
2026-07-07T15:14:00.504375,2026-07-07T15:14:00.516126+00:00,139.6,50,bid,,,11017204
2026-07-07T15:14:01.072235,2026-07-07T15:14:01.081401+00:00,139.4,46,ask,,,11017211
2026-07-07T15:14:01.711180,2026-07-07T15:14:01.722881+00:00,139.6,12,bid,,,11017226
2026-07-07T15:14:01.711180,2026-07-07T15:14:01.722881+00:00,139.6,33,bid,,,11017227
2026-07-07T15:14:02.676287,2026-07-07T15:14:02.685908+00:00,139.4,50,ask,,,11017241
2026-07-07T15:14:03.730464,2026-07-07T15:14:03.741705+00:00,139.6,12,bid,,,11017257
2026-07-07T15:14:04.603394,2026-07-07T15:14:04.615445+00:00,139.7,100,bid,,,11017267
2026-07-07T15:14:04.731857,2026-07-07T15:14:04.738568+00:00,139.7,50,bid,,,11017271
2026-07-07T15:14:06.518029,2026-07-07T15:14:06.528857+00:00,139.4,12,ask,,,11017298
2026-07-07T15:14:06.518029,2026-07-07T15:14:06.528857+00:00,139.2,36,ask,,,11017299
2026-07-07T15:14:06.844224,2026-07-07T15:14:06.857712+00:00,139.9,12,bid,,,11017305
2026-07-07T15:14:07.528912,2026-07-07T15:14:07.537708+00:00,139.7,12,ask,,,11017317
2026-07-07T15:14:08.168973,2026-07-07T15:14:08.180701+00:00,139.7,45,ask,,,11017323
2026-07-07T15:14:09.817758,2026-07-07T15:14:09.829578+00:00,139.8,40,bid,,,11017345
2026-07-07T15:14:11.056283,2026-07-07T15:14:11.058743+00:00,139.9,12,bid,,,11017367
2026-07-07T15:14:11.056283,2026-07-07T15:14:11.069515+00:00,139.9,38,bid,,,11017368
2026-07-07T15:14:11.390129,2026-07-07T15:14:11.402187+00:00,139.6,12,ask,,,11017371
2026-07-07T15:14:11.390129,2026-07-07T15:14:11.402187+00:00,139.5,33,ask,,,11017372
2026-07-07T15:14:13.164334,2026-07-07T15:14:13.176167+00:00,139.8,50,bid,,,11017393
2026-07-07T15:14:15.273480,2026-07-07T15:14:15.285060+00:00,139.8,50,bid,,,11017414
2026-07-07T15:14:16.167644,2026-07-07T15:14:16.179278+00:00,139.9,12,bid,,,11017423
2026-07-07T15:14:16.408022,2026-07-07T15:14:16.419453+00:00,140.0,41,bid,,,11017428
2026-07-07T15:14:16.462400,2026-07-07T15:14:16.468864+00:00,139.9,48,ask,,,11017431
2026-07-07T15:14:17.449907,2026-07-07T15:14:17.456238+00:00,139.9,50,ask,,,11017447
2026-07-07T15:14:20.846171,2026-07-07T15:14:20.863865+00:00,139.9,11,ask,,,11017490
2026-07-07T15:14:21.668276,2026-07-07T15:14:21.676013+00:00,139.9,50,ask,,,11017503
2026-07-07T15:14:23.008551,2026-07-07T15:14:23.020488+00:00,140.0,12,bid,,,11017516
2026-07-07T15:14:23.008551,2026-07-07T15:14:23.020488+00:00,140.0,31,bid,,,11017517
2026-07-07T15:14:23.801322,2026-07-07T15:14:23.808505+00:00,139.6,12,ask,,,11017528
2026-07-07T15:14:23.801322,2026-07-07T15:14:23.813748+00:00,139.5,38,ask,,,11017529
2026-07-07T15:14:24.797983,2026-07-07T15:14:24.807442+00:00,139.9,12,bid,,,11017552
2026-07-07T15:14:24.797983,2026-07-07T15:14:24.807442+00:00,140.0,34,bid,,,11017553
2026-07-07T15:14:25.909911,2026-07-07T15:14:25.921380+00:00,139.5,50,ask,,,11017564
2026-07-07T15:14:27.970498,2026-07-07T15:14:27.981600+00:00,139.9,12,bid,,,11017594
2026-07-07T15:14:27.970498,2026-07-07T15:14:27.981600+00:00,140.0,38,bid,,,11017595
2026-07-07T15:14:30.024986,2026-07-07T15:14:30.037758+00:00,139.7,11,bid,,,11017632
2026-07-07T15:14:30.113567,2026-07-07T15:14:30.125334+00:00,139.7,50,bid,,,11017634
2026-07-07T15:14:31.292658,2026-07-07T15:14:31.304118+00:00,139.5,11,ask,,,11017656
2026-07-07T15:14:32.222357,2026-07-07T15:14:32.234505+00:00,139.6,50,bid,,,11017686
2026-07-07T15:14:34.331884,2026-07-07T15:14:34.343664+00:00,139.6,50,bid,,,11017714
2026-07-07T15:14:34.890803,2026-07-07T15:14:34.902517+00:00,139.3,12,ask,,,11017718
2026-07-07T15:14:34.890803,2026-07-07T15:14:34.902517+00:00,139.1,28,ask,,,11017719
2026-07-07T15:14:35.365117,2026-07-07T15:14:35.375053+00:00,139.5,49,ask,,,11017725
2026-07-07T15:14:36.440800,2026-07-07T15:14:36.451121+00:00,139.6,12,bid,,,11017737
2026-07-07T15:14:36.440800,2026-07-07T15:14:36.451121+00:00,139.8,38,bid,,,11017738
2026-07-07T15:14:36.894852,2026-07-07T15:14:36.905330+00:00,139.8,46,bid,,,11017749
2026-07-07T15:14:37.357409,2026-07-07T15:14:37.369243+00:00,139.8,16,bid,,,11017754
2026-07-07T15:14:37.357409,2026-07-07T15:14:37.369243+00:00,140.0,33,bid,,,11017755
2026-07-07T15:14:38.570658,2026-07-07T15:14:38.582568+00:00,139.9,12,bid,,,11017771
2026-07-07T15:14:38.570658,2026-07-07T15:14:38.582568+00:00,140.1,38,bid,,,11017772
2026-07-07T15:14:40.319080,2026-07-07T15:14:40.330673+00:00,139.6,48,ask,,,11017789
2026-07-07T15:14:40.680052,2026-07-07T15:14:40.691470+00:00,140.1,50,bid,,,11017795
2026-07-07T15:14:42.810345,2026-07-07T15:14:42.821988+00:00,140.1,50,bid,,,11017826
2026-07-07T15:14:44.688498,2026-07-07T15:14:44.702971+00:00,139.8,23,ask,,,11017847
2026-07-07T15:14:44.917605,2026-07-07T15:14:44.927324+00:00,140.1,50,bid,,,11017849
2026-07-07T15:14:45.699216,2026-07-07T15:14:45.709156+00:00,139.8,41,ask,,,11017859
2026-07-07T15:14:47.025340,2026-07-07T15:14:47.036824+00:00,140.2,12,bid,,,11017872
2026-07-07T15:14:47.025340,2026-07-07T15:14:47.036824+00:00,140.3,38,bid,,,11017873
2026-07-07T15:14:47.424985,2026-07-07T15:14:47.436588+00:00,140.3,48,bid,,,11017875
2026-07-07T15:14:47.478674,2026-07-07T15:14:47.486709+00:00,139.8,42,ask,,,11017878
2026-07-07T15:14:49.135363,2026-07-07T15:14:49.146812+00:00,140.3,50,bid,,,11017896
2026-07-07T15:14:49.636847,2026-07-07T15:14:49.647426+00:00,139.9,3,ask,,,11017902
2026-07-07T15:14:49.827311,2026-07-07T15:14:49.842915+00:00,139.9,3,ask,,,11017905
2026-07-07T15:14:50.092247,2026-07-07T15:14:50.103883+00:00,139.9,3,ask,,,11017911
2026-07-07T15:14:50.355435,2026-07-07T15:14:50.363734+00:00,139.9,3,ask,,,11017917
2026-07-07T15:14:50.618340,2026-07-07T15:14:50.630412+00:00,139.9,3,ask,,,11017921
2026-07-07T15:14:50.881024,2026-07-07T15:14:50.887694+00:00,139.9,3,ask,,,11017925
2026-07-07T15:14:51.243456,2026-07-07T15:14:51.255515+00:00,140.2,50,bid,,,11017930
2026-07-07T15:14:51.391108,2026-07-07T15:14:51.403061+00:00,139.8,3,ask,,,11017931
2026-07-07T15:14:51.657126,2026-07-07T15:14:51.675207+00:00,139.8,3,ask,,,11017935
2026-07-07T15:14:51.922523,2026-07-07T15:14:51.934436+00:00,139.8,3,ask,,,11017941
2026-07-07T15:14:52.185471,2026-07-07T15:14:52.196954+00:00,139.9,3,ask,,,11017945
2026-07-07T15:14:52.447852,2026-07-07T15:14:52.455026+00:00,139.9,3,ask,,,11017952
2026-07-07T15:14:52.612706,2026-07-07T15:14:52.622298+00:00,140.2,41,bid,,,11017956
2026-07-07T15:14:52.707760,2026-07-07T15:14:52.719562+00:00,139.9,3,ask,,,11017958
2026-07-07T15:14:52.968764,2026-07-07T15:14:52.979470+00:00,139.9,3,ask,,,11017967
2026-07-07T15:14:53.228752,2026-07-07T15:14:53.236921+00:00,139.9,3,ask,,,11017971
2026-07-07T15:14:53.405675,2026-07-07T15:14:53.417206+00:00,139.9,50,ask,,,11017975
2026-07-07T15:14:53.742160,2026-07-07T15:14:53.758543+00:00,139.9,3,ask,,,11017984
2026-07-07T15:14:54.004076,2026-07-07T15:14:54.010991+00:00,139.9,3,ask,,,11017987
2026-07-07T15:14:54.267158,2026-07-07T15:14:54.278952+00:00,139.9,3,ask,,,11017991
2026-07-07T15:14:54.271507,2026-07-07T15:14:54.278952+00:00,139.9,26,ask,,,11017992
2026-07-07T15:14:54.271507,2026-07-07T15:14:54.284170+00:00,139.9,19,ask,,,11017993
2026-07-07T15:14:54.542195,2026-07-07T15:14:54.554240+00:00,139.9,3,ask,,,11017996
2026-07-07T15:14:54.811524,2026-07-07T15:14:54.822963+00:00,139.9,3,ask,,,11018003
2026-07-07T15:14:55.461926,2026-07-07T15:14:55.468649+00:00,140.0,50,bid,,,11018012
2026-07-07T15:14:55.588287,2026-07-07T15:14:55.598454+00:00,139.9,4,ask,,,11018013
2026-07-07T15:14:56.714960,2026-07-07T15:14:56.726861+00:00,140.0,49,bid,,,11018036
2026-07-07T15:14:58.510990,2026-07-07T15:14:58.519044+00:00,140.0,47,ask,,,11018058
2026-07-07T15:14:59.734225,2026-07-07T15:14:59.745821+00:00,140.4,41,bid,,,11018085
2026-07-07T15:15:01.834364,2026-07-07T15:15:01.841488+00:00,140.3,50,ask,,,11018116
2026-07-07T15:15:02.789211,2026-07-07T15:15:02.798430+00:00,140.3,3,ask,,,11018131
2026-07-07T15:15:02.844049,2026-07-07T15:15:02.854487+00:00,140.3,35,ask,,,11018134
2026-07-07T15:15:02.861634,2026-07-07T15:15:02.873185+00:00,140.3,49,ask,,,11018135
2026-07-07T15:15:02.939542,2026-07-07T15:15:02.949843+00:00,140.3,13,ask,,,11018139
2026-07-07T15:15:03.416249,2026-07-07T15:15:03.427827+00:00,140.4,45,bid,,,11018150
2026-07-07T15:15:03.717059,2026-07-07T15:15:03.728800+00:00,140.1,3,bid,,,11018152
2026-07-07T15:15:03.942866,2026-07-07T15:15:03.954276+00:00,139.9,50,ask,,,11018155
2026-07-07T15:15:04.387410,2026-07-07T15:15:04.395428+00:00,140.1,35,bid,,,11018164
2026-07-07T15:15:04.476514,2026-07-07T15:15:04.485428+00:00,140.1,13,bid,,,11018167
2026-07-07T15:15:04.909365,2026-07-07T15:15:04.921096+00:00,139.9,41,ask,,,11018173
2026-07-07T15:15:05.443438,2026-07-07T15:15:05.454870+00:00,140.1,43,bid,,,11018179
2026-07-07T15:15:06.048994,2026-07-07T15:15:06.064073+00:00,139.9,50,ask,,,11018185
2026-07-07T15:15:07.537781,2026-07-07T15:15:07.549336+00:00,140.1,47,ask,,,11018206
2026-07-07T15:15:12.372904,2026-07-07T15:15:12.379618+00:00,140.0,50,ask,,,11018254
2026-07-07T15:15:14.483160,2026-07-07T15:15:14.489613+00:00,139.8,12,ask,,,11018276
2026-07-07T15:15:14.483160,2026-07-07T15:15:14.495163+00:00,139.8,38,ask,,,11018277
2026-07-07T15:15:16.605379,2026-07-07T15:15:16.613891+00:00,139.7,50,ask,,,11018297
2026-07-07T15:15:18.585810,2026-07-07T15:15:18.594885+00:00,140.1,3,bid,,,11018324
2026-07-07T15:15:18.712691,2026-07-07T15:15:18.724343+00:00,139.7,50,ask,,,11018328
2026-07-07T15:15:20.819957,2026-07-07T15:15:20.831904+00:00,139.8,12,ask,,,11018359
2026-07-07T15:15:20.819957,2026-07-07T15:15:20.831904+00:00,139.8,38,ask,,,11018360
2026-07-07T15:15:22.876887,2026-07-07T15:15:22.886381+00:00,140.2,9,bid,,,11018385
2026-07-07T15:15:22.876887,2026-07-07T15:15:22.886381+00:00,140.2,41,bid,,,11018386
2026-07-07T15:15:24.236722,2026-07-07T15:15:24.248687+00:00,140.2,43,bid,,,11018403
2026-07-07T15:15:26.756666,2026-07-07T15:15:26.754830+00:00,140.0,42,ask,,,11018439
2026-07-07T15:15:27.145780,2026-07-07T15:15:27.163773+00:00,140.0,50,ask,,,11018443
2026-07-07T15:15:27.793154,2026-07-07T15:15:27.800893+00:00,140.2,47,bid,,,11018453
2026-07-07T15:15:27.848004,2026-07-07T15:15:27.858543+00:00,140.0,40,ask,,,11018454
2026-07-07T15:15:28.823330,2026-07-07T15:15:28.835238+00:00,140.0,18,ask,,,11018471
2026-07-07T15:15:28.823330,2026-07-07T15:15:28.835238+00:00,139.9,12,ask,,,11018472
2026-07-07T15:15:29.036781,2026-07-07T15:15:29.048386+00:00,139.8,12,ask,,,11018476
2026-07-07T15:15:29.049678,2026-07-07T15:15:29.059703+00:00,139.8,23,bid,,,11018477
2026-07-07T15:15:29.082188,2026-07-07T15:15:29.093080+00:00,139.8,11,bid,,,11018479
2026-07-07T15:15:29.252270,2026-07-07T15:15:29.261905+00:00,139.7,50,ask,,,11018486
2026-07-07T15:15:29.883887,2026-07-07T15:15:29.895371+00:00,139.8,42,bid,,,11018496
2026-07-07T15:15:30.711979,2026-07-07T15:15:30.721506+00:00,139.8,12,bid,,,11018503
2026-07-07T15:15:31.026063,2026-07-07T15:15:31.028926+00:00,139.8,40,bid,,,11018511
2026-07-07T15:15:31.322531,2026-07-07T15:15:31.334258+00:00,139.8,10,bid,,,11018517
2026-07-07T15:15:31.322531,2026-07-07T15:15:31.339514+00:00,140.1,40,bid,,,11018518
2026-07-07T15:15:32.691613,2026-07-07T15:15:32.703401+00:00,139.9,42,ask,,,11018528
2026-07-07T15:15:33.838503,2026-07-07T15:15:33.849376+00:00,140.1,12,bid,,,11018543
2026-07-07T15:15:33.838503,2026-07-07T15:15:33.849376+00:00,140.2,34,bid,,,11018544
2026-07-07T15:15:35.600999,2026-07-07T15:15:35.613059+00:00,139.9,12,ask,,,11018572
2026-07-07T15:15:35.600999,2026-07-07T15:15:35.613059+00:00,139.9,38,ask,,,11018573
2026-07-07T15:15:36.007571,2026-07-07T15:15:36.019650+00:00,139.9,41,ask,,,11018579
2026-07-07T15:15:36.661254,2026-07-07T15:15:36.669094+00:00,140.1,12,bid,,,11018584
2026-07-07T15:15:36.661254,2026-07-07T15:15:36.674633+00:00,140.4,37,bid,,,11018585
2026-07-07T15:15:38.698767,2026-07-07T15:15:38.710357+00:00,139.9,43,ask,,,11018613
2026-07-07T15:15:39.767065,2026-07-07T15:15:39.776797+00:00,140.2,50,bid,,,11018626
2026-07-07T15:15:41.400774,2026-07-07T15:15:41.412987+00:00,139.8,12,ask,,,11018645
2026-07-07T15:15:41.400774,2026-07-07T15:15:41.412987+00:00,139.8,36,ask,,,11018646
2026-07-07T15:15:41.892094,2026-07-07T15:15:41.904272+00:00,140.2,50,bid,,,11018653
2026-07-07T15:15:41.986961,2026-07-07T15:15:41.996884+00:00,140.2,49,bid,,,11018656
2026-07-07T15:15:42.442683,2026-07-07T15:15:42.454224+00:00,140.2,42,bid,,,11018661
2026-07-07T15:15:44.002544,2026-07-07T15:15:44.014174+00:00,140.1,50,bid,,,11018679
2026-07-07T15:15:44.801769,2026-07-07T15:15:44.813696+00:00,140.1,50,bid,,,11018690
2026-07-07T15:15:44.801769,2026-07-07T15:15:44.813696+00:00,140.2,12,bid,,,11018691
2026-07-07T15:15:44.871930,2026-07-07T15:15:44.916608+00:00,140.4,37,ask,,,11018692
2026-07-07T15:15:45.668899,2026-07-07T15:15:45.681085+00:00,140.4,48,ask,,,11018707
2026-07-07T15:15:46.006917,2026-07-07T15:15:46.018696+00:00,140.4,3,ask,,,11018716
2026-07-07T15:15:46.110380,2026-07-07T15:15:46.122500+00:00,140.3,12,bid,,,11018717
2026-07-07T15:15:46.110380,2026-07-07T15:15:46.122500+00:00,140.4,38,bid,,,11018718
2026-07-07T15:15:47.235159,2026-07-07T15:15:47.246817+00:00,140.3,12,bid,,,11018737
2026-07-07T15:15:48.219972,2026-07-07T15:15:48.228197+00:00,140.0,50,bid,,,11018748
2026-07-07T15:15:49.963543,2026-07-07T15:15:49.975155+00:00,139.9,45,ask,,,11018774
2026-07-07T15:15:50.328663,2026-07-07T15:15:50.340372+00:00,140.0,50,bid,,,11018778
2026-07-07T15:15:51.133220,2026-07-07T15:15:51.143148+00:00,140.0,12,bid,,,11018788
2026-07-07T15:15:52.488636,2026-07-07T15:15:52.498247+00:00,140.0,50,ask,,,11018808
2026-07-07T15:15:53.252982,2026-07-07T15:15:53.264899+00:00,140.2,45,bid,,,11018818
2026-07-07T15:15:54.609561,2026-07-07T15:15:54.622956+00:00,139.8,12,ask,,,11018836
2026-07-07T15:15:54.609561,2026-07-07T15:15:54.622956+00:00,139.8,38,ask,,,11018837
2026-07-07T15:15:54.892046,2026-07-07T15:15:54.903691+00:00,140.2,40,bid,,,11018840
2026-07-07T15:15:56.719010,2026-07-07T15:15:56.727267+00:00,140.0,50,ask,,,11018863
2026-07-07T15:15:57.515760,2026-07-07T15:15:57.527589+00:00,140.0,50,ask,,,11018882
2026-07-07T15:15:57.721931,2026-07-07T15:15:57.731481+00:00,139.8,14,bid,,,11018885
2026-07-07T15:15:57.959644,2026-07-07T15:15:57.968910+00:00,139.8,12,bid,,,11018889
2026-07-07T15:15:58.610466,2026-07-07T15:15:58.619122+00:00,139.8,74,bid,,,11018894
2026-07-07T15:15:58.829684,2026-07-07T15:15:58.838805+00:00,139.8,26,ask,,,11018896
2026-07-07T15:15:58.829684,2026-07-07T15:15:58.858623+00:00,139.7,12,ask,,,11018897
2026-07-07T15:15:58.829684,2026-07-07T15:15:58.858623+00:00,139.3,12,ask,,,11018898
2026-07-07T15:16:00.652497,2026-07-07T15:16:00.664185+00:00,140.1,12,bid,,,11018909
2026-07-07T15:16:00.652497,2026-07-07T15:16:00.664185+00:00,140.3,100,bid,,,11018910
2026-07-07T15:16:00.726210,2026-07-07T15:16:00.737040+00:00,140.3,26,ask,,,11018912
2026-07-07T15:16:00.939309,2026-07-07T15:16:00.951164+00:00,140.3,12,ask,,,11018914
2026-07-07T15:16:05.191048,2026-07-07T15:16:05.203190+00:00,139.8,12,ask,,,11018960
2026-07-07T15:16:05.191048,2026-07-07T15:16:05.203190+00:00,139.7,38,ask,,,11018961
