timestamp,recv_time,price,volume,aggressor_side,buyer,seller,trade_id
2026-07-08T10:00:02.074543,2026-07-08T10:00:02.083551+00:00,124.3,50,bid,,,12031140
2026-07-08T10:00:02.608534,2026-07-08T10:00:02.621682+00:00,124.5,23,bid,,,12031152
2026-07-08T10:00:04.185978,2026-07-08T10:00:04.197886+00:00,124.5,50,bid,,,12031179
2026-07-08T10:00:04.627528,2026-07-08T10:00:04.647995+00:00,124.5,43,bid,,,12031186
2026-07-08T10:00:05.617985,2026-07-08T10:00:05.628997+00:00,124.5,11,ask,,,12031202
2026-07-08T10:00:06.292753,2026-07-08T10:00:06.304607+00:00,124.9,50,bid,,,12031218
2026-07-08T10:00:07.414886,2026-07-08T10:00:07.426653+00:00,124.5,42,ask,,,12031233
2026-07-08T10:00:08.401670,2026-07-08T10:00:08.413790+00:00,125.0,50,bid,,,12031246
2026-07-08T10:00:10.524203,2026-07-08T10:00:10.533010+00:00,124.6,12,ask,,,12031276
2026-07-08T10:00:10.567489,2026-07-08T10:00:10.577198+00:00,124.6,50,ask,,,12031278
2026-07-08T10:00:10.932202,2026-07-08T10:00:10.944340+00:00,124.6,38,ask,,,12031279
2026-07-08T10:00:10.932202,2026-07-08T10:00:10.944340+00:00,124.6,8,ask,,,12031280
2026-07-08T10:00:11.528832,2026-07-08T10:00:11.539696+00:00,125.1,44,bid,,,12031292
2026-07-08T10:00:12.673689,2026-07-08T10:00:12.685732+00:00,124.6,50,ask,,,12031309
2026-07-08T10:00:13.596626,2026-07-08T10:00:13.608474+00:00,124.8,45,bid,,,12031321
2026-07-08T10:00:14.636321,2026-07-08T10:00:14.648394+00:00,124.8,45,bid,,,12031337
2026-07-08T10:00:14.783869,2026-07-08T10:00:14.795542+00:00,124.3,50,ask,,,12031339
2026-07-08T10:00:17.281062,2026-07-08T10:00:17.291494+00:00,124.4,44,ask,,,12031369
2026-07-08T10:00:18.943094,2026-07-08T10:00:18.954811+00:00,124.7,50,bid,,,12031393
2026-07-08T10:00:21.053382,2026-07-08T10:00:21.061027+00:00,125.0,50,bid,,,12031431
2026-07-08T10:00:23.160943,2026-07-08T10:00:23.172588+00:00,124.9,50,bid,,,12031465
2026-07-08T10:00:23.690229,2026-07-08T10:00:23.700547+00:00,124.6,11,ask,,,12031471
2026-07-08T10:00:25.269095,2026-07-08T10:00:25.281103+00:00,124.8,50,bid,,,12031493
2026-07-08T10:00:26.892612,2026-07-08T10:00:26.901778+00:00,124.4,47,ask,,,12031512
2026-07-08T10:00:27.377665,2026-07-08T10:00:27.389397+00:00,124.8,50,bid,,,12031518
2026-07-08T10:00:28.307502,2026-07-08T10:00:28.319379+00:00,124.9,46,bid,,,12031528
2026-07-08T10:00:28.969649,2026-07-08T10:00:28.980720+00:00,124.6,12,ask,,,12031549
2026-07-08T10:00:29.386520,2026-07-08T10:00:29.395970+00:00,124.7,8,ask,,,12031557
2026-07-08T10:00:29.536240,2026-07-08T10:00:29.547813+00:00,124.6,50,ask,,,12031561
2026-07-08T10:00:30.177713,2026-07-08T10:00:30.188789+00:00,124.6,3,ask,,,12031570
2026-07-08T10:00:31.459099,2026-07-08T10:00:31.471390+00:00,124.4,49,ask,,,12031589
2026-07-08T10:00:31.649958,2026-07-08T10:00:31.656755+00:00,124.4,50,ask,,,12031595
2026-07-08T10:00:31.945421,2026-07-08T10:00:31.957210+00:00,124.4,41,ask,,,12031597
2026-07-08T10:00:32.608851,2026-07-08T10:00:32.616739+00:00,124.4,8,ask,,,12031605
2026-07-08T10:00:32.623119,2026-07-08T10:00:32.634229+00:00,124.3,23,bid,,,12031606
2026-07-08T10:00:32.916292,2026-07-08T10:00:32.926019+00:00,124.3,11,bid,,,12031611
2026-07-08T10:00:33.707571,2026-07-08T10:00:33.718089+00:00,124.3,50,bid,,,12031627
2026-07-08T10:00:34.127828,2026-07-08T10:00:34.135467+00:00,124.3,58,bid,,,12031640
2026-07-08T10:00:35.727903,2026-07-08T10:00:35.737359+00:00,124.6,11,ask,,,12031667
2026-07-08T10:00:35.813503,2026-07-08T10:00:35.825362+00:00,124.7,8,bid,,,12031669
2026-07-08T10:00:35.813503,2026-07-08T10:00:35.825362+00:00,124.8,42,bid,,,12031670
2026-07-08T10:00:36.435086,2026-07-08T10:00:36.447193+00:00,124.8,40,bid,,,12031679
2026-07-08T10:00:37.463986,2026-07-08T10:00:37.476058+00:00,124.6,48,ask,,,12031690
2026-07-08T10:00:37.930873,2026-07-08T10:00:37.941623+00:00,124.9,50,bid,,,12031702
2026-07-08T10:00:39.048009,2026-07-08T10:00:39.051812+00:00,124.8,48,bid,,,12031722
2026-07-08T10:00:40.088337,2026-07-08T10:00:40.100172+00:00,124.4,50,ask,,,12031745
2026-07-08T10:00:40.625108,2026-07-08T10:00:40.637345+00:00,124.4,8,ask,,,12031754
2026-07-08T10:00:40.625108,2026-07-08T10:00:40.637345+00:00,124.3,34,ask,,,12031755
2026-07-08T10:00:42.200496,2026-07-08T10:00:42.211691+00:00,124.1,50,ask,,,12031774
2026-07-08T10:00:44.311028,2026-07-08T10:00:44.363688+00:00,124.1,50,ask,,,12031809
2026-07-08T10:00:44.401317,2026-07-08T10:00:44.409654+00:00,124.4,49,bid,,,12031814
2026-07-08T10:00:46.059652,2026-07-08T10:00:46.069092+00:00,124.2,11,bid,,,12031835
2026-07-08T10:00:47.922064,2026-07-08T10:00:47.931947+00:00,124.2,45,bid,,,12031862
2026-07-08T10:00:48.572928,2026-07-08T10:00:48.584598+00:00,124.1,50,ask,,,12031875
2026-07-08T10:00:48.844192,2026-07-08T10:00:48.858773+00:00,124.1,11,ask,,,12031882
2026-07-08T10:00:48.882776,2026-07-08T10:00:48.894971+00:00,124.1,39,ask,,,12031884
2026-07-08T10:00:48.882776,2026-07-08T10:00:48.894971+00:00,124.0,8,ask,,,12031885
2026-07-08T10:00:50.014279,2026-07-08T10:00:50.024969+00:00,124.0,100,ask,,,12031902
2026-07-08T10:00:50.745929,2026-07-08T10:00:50.755309+00:00,124.0,42,ask,,,12031913
2026-07-08T10:00:50.745929,2026-07-08T10:00:50.755309+00:00,124.0,8,ask,,,12031914
2026-07-08T10:00:51.001108,2026-07-08T10:00:51.008643+00:00,123.6,8,ask,,,12031922
2026-07-08T10:00:51.642171,2026-07-08T10:00:51.652559+00:00,123.6,23,bid,,,12031928
2026-07-08T10:00:52.119493,2026-07-08T10:00:52.131076+00:00,123.6,47,bid,,,12031937
2026-07-08T10:00:52.854428,2026-07-08T10:00:52.866506+00:00,123.2,50,ask,,,12031954
2026-07-08T10:00:53.129194,2026-07-08T10:00:53.141307+00:00,123.5,46,ask,,,12031957
2026-07-08T10:00:54.971451,2026-07-08T10:00:54.980735+00:00,123.5,50,ask,,,12031985
2026-07-08T10:00:57.081328,2026-07-08T10:00:57.091473+00:00,123.4,50,ask,,,12032009
2026-07-08T10:00:58.506595,2026-07-08T10:00:58.517645+00:00,123.6,44,bid,,,12032031
2026-07-08T10:00:59.137398,2026-07-08T10:00:59.158569+00:00,123.6,50,bid,,,12032045
2026-07-08T10:00:59.959353,2026-07-08T10:00:59.971360+00:00,123.5,40,bid,,,12032054
2026-07-08T10:01:01.132681,2026-07-08T10:01:01.142298+00:00,123.5,47,bid,,,12032078
2026-07-08T10:01:01.300301,2026-07-08T10:01:01.312368+00:00,123.4,50,ask,,,12032080
2026-07-08T10:01:01.864419,2026-07-08T10:01:01.878800+00:00,123.5,11,bid,,,12032093
2026-07-08T10:01:03.191333,2026-07-08T10:01:03.200955+00:00,123.5,11,ask,,,12032113
2026-07-08T10:01:03.420841,2026-07-08T10:01:03.432536+00:00,123.5,50,ask,,,12032118
2026-07-08T10:01:04.164159,2026-07-08T10:01:04.176353+00:00,123.5,39,ask,,,12032130
2026-07-08T10:01:04.164159,2026-07-08T10:01:04.176353+00:00,123.4,2,ask,,,12032131
2026-07-08T10:01:05.535343,2026-07-08T10:01:05.544610+00:00,123.2,50,ask,,,12032150
2026-07-08T10:01:06.234298,2026-07-08T10:01:06.243350+00:00,123.2,42,ask,,,12032156
2026-07-08T10:01:07.663182,2026-07-08T10:01:07.672539+00:00,122.9,50,ask,,,12032175
2026-07-08T10:01:07.784529,2026-07-08T10:01:07.795157+00:00,123.2,48,bid,,,12032178
2026-07-08T10:01:08.442192,2026-07-08T10:01:08.455104+00:00,123.2,11,bid,,,12032190
2026-07-08T10:01:09.721130,2026-07-08T10:01:09.734862+00:00,123.2,50,bid,,,12032208
2026-07-08T10:01:10.804396,2026-07-08T10:01:10.816285+00:00,123.3,49,bid,,,12032227
2026-07-08T10:01:11.828666,2026-07-08T10:01:11.835663+00:00,123.3,50,bid,,,12032240
2026-07-08T10:01:13.924710,2026-07-08T10:01:13.932284+00:00,123.3,46,ask,,,12032271
2026-07-08T10:01:13.992445,2026-07-08T10:01:13.999615+00:00,123.3,50,ask,,,12032274
2026-07-08T10:01:17.405308,2026-07-08T10:01:17.416999+00:00,123.2,40,ask,,,12032338
2026-07-08T10:01:18.176978,2026-07-08T10:01:18.186247+00:00,123.4,50,bid,,,12032349
2026-07-08T10:01:19.076049,2026-07-08T10:01:19.085471+00:00,123.1,45,ask,,,12032363
2026-07-08T10:01:20.299326,2026-07-08T10:01:20.311631+00:00,123.6,50,bid,,,12032376
2026-07-08T10:01:22.406147,2026-07-08T10:01:22.418537+00:00,123.5,50,bid,,,12032413
2026-07-08T10:01:22.965916,2026-07-08T10:01:22.977475+00:00,123.5,40,bid,,,12032424
2026-07-08T10:01:24.517586,2026-07-08T10:01:24.529235+00:00,123.5,10,bid,,,12032447
2026-07-08T10:01:24.517586,2026-07-08T10:01:24.529235+00:00,123.8,40,bid,,,12032448
2026-07-08T10:01:25.200956,2026-07-08T10:01:25.212395+00:00,123.4,49,ask,,,12032458
2026-07-08T10:01:26.630022,2026-07-08T10:01:26.638902+00:00,123.8,8,bid,,,12032472
2026-07-08T10:01:26.630022,2026-07-08T10:01:26.644522+00:00,123.9,42,bid,,,12032473
2026-07-08T10:01:27.210876,2026-07-08T10:01:27.222711+00:00,123.8,8,bid,,,12032486
2026-07-08T10:01:27.210876,2026-07-08T10:01:27.222711+00:00,123.9,36,bid,,,12032487
2026-07-08T10:01:27.773689,2026-07-08T10:01:27.785476+00:00,123.8,8,bid,,,12032499
2026-07-08T10:01:27.773689,2026-07-08T10:01:27.785476+00:00,123.9,22,bid,,,12032500
2026-07-08T10:01:27.773689,2026-07-08T10:01:27.785476+00:00,123.9,19,bid,,,12032501
2026-07-08T10:01:28.739435,2026-07-08T10:01:28.750998+00:00,123.9,50,bid,,,12032519
2026-07-08T10:01:28.742833,2026-07-08T10:01:28.750998+00:00,123.6,48,ask,,,12032520
2026-07-08T10:01:29.570959,2026-07-08T10:01:29.580336+00:00,123.8,11,ask,,,12032538
2026-07-08T10:01:30.142914,2026-07-08T10:01:30.158632+00:00,123.8,48,ask,,,12032541
2026-07-08T10:01:30.851873,2026-07-08T10:01:30.858600+00:00,124.1,50,bid,,,12032556
2026-07-08T10:01:31.996439,2026-07-08T10:01:32.006014+00:00,124.2,12,ask,,,12032574
2026-07-08T10:01:32.258891,2026-07-08T10:01:32.270682+00:00,124.2,47,ask,,,12032580
2026-07-08T10:01:32.805233,2026-07-08T10:01:32.816864+00:00,124.3,45,bid,,,12032584
2026-07-08T10:01:32.960982,2026-07-08T10:01:32.972620+00:00,124.3,50,bid,,,12032585
2026-07-08T10:01:35.090890,2026-07-08T10:01:35.103100+00:00,124.3,50,bid,,,12032616
2026-07-08T10:01:35.884505,2026-07-08T10:01:35.896328+00:00,124.4,100,bid,,,12032626
2026-07-08T10:01:35.884505,2026-07-08T10:01:35.896328+00:00,124.4,8,bid,,,12032627
2026-07-08T10:01:35.960206,2026-07-08T10:01:35.974944+00:00,124.4,23,ask,,,12032629
2026-07-08T10:01:36.362631,2026-07-08T10:01:36.374705+00:00,124.9,47,bid,,,12032635
2026-07-08T10:01:41.411954,2026-07-08T10:01:41.424052+00:00,124.7,50,bid,,,12032716
2026-07-08T10:01:41.509585,2026-07-08T10:01:41.517316+00:00,124.3,46,ask,,,12032717
2026-07-08T10:01:42.121140,2026-07-08T10:01:42.133597+00:00,124.7,42,bid,,,12032723
2026-07-08T10:01:42.235716,2026-07-08T10:01:42.248054+00:00,124.8,100,bid,,,12032725
2026-07-08T10:01:42.235716,2026-07-08T10:01:42.248054+00:00,124.8,8,bid,,,12032726
2026-07-08T10:01:42.699704,2026-07-08T10:01:42.709726+00:00,124.8,14,ask,,,12032736
2026-07-08T10:01:43.521122,2026-07-08T10:01:43.529778+00:00,125.3,50,bid,,,12032758
2026-07-08T10:01:44.519886,2026-07-08T10:01:44.531942+00:00,125.1,48,ask,,,12032772
2026-07-08T10:01:45.460365,2026-07-08T10:01:45.469337+00:00,125.1,52,ask,,,12032783
2026-07-08T10:01:45.460365,2026-07-08T10:01:45.469337+00:00,125.1,8,ask,,,12032784
2026-07-08T10:01:45.627135,2026-07-08T10:01:45.633922+00:00,125.1,50,bid,,,12032788
2026-07-08T10:01:46.149059,2026-07-08T10:01:46.163654+00:00,125.1,40,bid,,,12032799
2026-07-08T10:01:46.149059,2026-07-08T10:01:46.163654+00:00,125.1,8,bid,,,12032800
2026-07-08T10:01:46.792334,2026-07-08T10:01:46.804911+00:00,124.9,8,ask,,,12032808
2026-07-08T10:01:46.792334,2026-07-08T10:01:46.804911+00:00,124.6,41,ask,,,12032809
2026-07-08T10:01:47.378877,2026-07-08T10:01:47.391148+00:00,124.6,40,ask,,,12032817
2026-07-08T10:01:47.739061,2026-07-08T10:01:47.746257+00:00,124.8,50,bid,,,12032824
2026-07-08T10:01:49.615231,2026-07-08T10:01:49.627015+00:00,124.8,45,bid,,,12032851
2026-07-08T10:01:49.848783,2026-07-08T10:01:49.853328+00:00,124.8,5,bid,,,12032857
2026-07-08T10:01:49.848783,2026-07-08T10:01:49.853328+00:00,125.1,8,bid,,,12032858
2026-07-08T10:01:49.848783,2026-07-08T10:01:49.853328+00:00,125.2,37,bid,,,12032859
2026-07-08T10:01:50.151596,2026-07-08T10:01:50.158582+00:00,125.2,47,bid,,,12032868
2026-07-08T10:01:54.125018,2026-07-08T10:01:54.136887+00:00,125.0,50,ask,,,12032919
2026-07-08T10:01:55.650373,2026-07-08T10:01:55.655275+00:00,124.9,42,ask,,,12032944
2026-07-08T10:01:56.762277,2026-07-08T10:01:56.773944+00:00,125.1,44,bid,,,12032959
2026-07-08T10:01:58.295457,2026-07-08T10:01:58.306977+00:00,125.1,50,bid,,,12032984
2026-07-08T10:01:58.336389,2026-07-08T10:01:58.348232+00:00,124.8,49,ask,,,12032985
2026-07-08T10:02:00.403069,2026-07-08T10:02:00.415101+00:00,125.3,50,bid,,,12033011
2026-07-08T10:02:02.511971,2026-07-08T10:02:02.519174+00:00,125.0,50,bid,,,12033042
2026-07-08T10:02:03.267709,2026-07-08T10:02:03.275661+00:00,124.8,43,ask,,,12033050
2026-07-08T10:02:04.623811,2026-07-08T10:02:04.636635+00:00,125.2,50,bid,,,12033085
2026-07-08T10:02:08.238941,2026-07-08T10:02:08.250127+00:00,125.1,47,bid,,,12033127
2026-07-08T10:02:08.862645,2026-07-08T10:02:08.874141+00:00,125.1,46,bid,,,12033136
2026-07-08T10:02:09.191026,2026-07-08T10:02:09.200123+00:00,125.2,3,ask,,,12033142
2026-07-08T10:02:09.218209,2026-07-08T10:02:09.225772+00:00,125.2,5,ask,,,12033145
2026-07-08T10:02:10.830252,2026-07-08T10:02:10.837287+00:00,125.2,8,ask,,,12033166
2026-07-08T10:02:10.990376,2026-07-08T10:02:11.002478+00:00,125.1,50,ask,,,12033168
2026-07-08T10:02:11.163802,2026-07-08T10:02:11.174419+00:00,125.2,8,ask,,,12033174
2026-07-08T10:02:11.735246,2026-07-08T10:02:11.746389+00:00,125.1,35,ask,,,12033191
2026-07-08T10:02:11.830396,2026-07-08T10:02:11.846082+00:00,125.2,8,ask,,,12033193
2026-07-08T10:02:11.830396,2026-07-08T10:02:11.846082+00:00,125.1,15,ask,,,12033194
2026-07-08T10:02:11.830396,2026-07-08T10:02:11.846082+00:00,125.1,12,ask,,,12033195
2026-07-08T10:02:11.902774,2026-07-08T10:02:11.913020+00:00,125.1,41,ask,,,12033199
2026-07-08T10:02:11.924399,2026-07-08T10:02:11.935109+00:00,125.1,35,ask,,,12033201
2026-07-08T10:02:12.014026,2026-07-08T10:02:12.022924+00:00,125.1,35,ask,,,12033205
2026-07-08T10:02:12.103648,2026-07-08T10:02:12.114878+00:00,125.1,16,ask,,,12033209
2026-07-08T10:02:12.170248,2026-07-08T10:02:12.180443+00:00,125.2,8,ask,,,12033211
2026-07-08T10:02:12.532317,2026-07-08T10:02:12.544292+00:00,125.2,40,bid,,,12033221
2026-07-08T10:02:12.991257,2026-07-08T10:02:13.002175+00:00,125.2,8,bid,,,12033229
2026-07-08T10:02:13.047910,2026-07-08T10:02:13.064875+00:00,125.2,50,bid,,,12033231
2026-07-08T10:02:13.759150,2026-07-08T10:02:13.767157+00:00,125.1,11,ask,,,12033241
2026-07-08T10:02:13.759150,2026-07-08T10:02:13.772452+00:00,124.9,8,ask,,,12033242
2026-07-08T10:02:13.759150,2026-07-08T10:02:13.772452+00:00,124.7,26,ask,,,12033243
2026-07-08T10:02:13.826042,2026-07-08T10:02:13.835920+00:00,125.1,3,bid,,,12033248
2026-07-08T10:02:14.892985,2026-07-08T10:02:14.905096+00:00,125.1,8,bid,,,12033266
2026-07-08T10:02:14.892985,2026-07-08T10:02:14.905096+00:00,125.2,2,bid,,,12033267
2026-07-08T10:02:14.892985,2026-07-08T10:02:14.905096+00:00,125.2,36,bid,,,12033268
2026-07-08T10:02:15.452946,2026-07-08T10:02:15.469052+00:00,125.1,8,bid,,,12033276
2026-07-08T10:02:15.538806,2026-07-08T10:02:15.548703+00:00,125.1,42,ask,,,12033280
2026-07-08T10:02:17.278983,2026-07-08T10:02:17.286284+00:00,125.3,50,bid,,,12033307
2026-07-08T10:02:18.182849,2026-07-08T10:02:18.194597+00:00,125.1,42,ask,,,12033328
2026-07-08T10:02:19.643330,2026-07-08T10:02:19.655112+00:00,125.2,8,bid,,,12033351
2026-07-08T10:02:21.439600,2026-07-08T10:02:21.458595+00:00,125.4,48,bid,,,12033377
2026-07-08T10:02:21.513013,2026-07-08T10:02:21.529058+00:00,125.4,50,bid,,,12033379
2026-07-08T10:02:22.990330,2026-07-08T10:02:23.000781+00:00,125.3,42,ask,,,12033394
2026-07-08T10:02:23.675771,2026-07-08T10:02:23.687745+00:00,125.3,50,ask,,,12033407
2026-07-08T10:02:24.027200,2026-07-08T10:02:24.038996+00:00,125.3,8,ask,,,12033413
2026-07-08T10:02:24.027200,2026-07-08T10:02:24.038996+00:00,125.2,8,ask,,,12033414
2026-07-08T10:02:24.027200,2026-07-08T10:02:24.038996+00:00,125.1,25,ask,,,12033415
2026-07-08T10:02:25.576691,2026-07-08T10:02:25.588603+00:00,125.4,8,bid,,,12033440
2026-07-08T10:02:25.576691,2026-07-08T10:02:25.588603+00:00,125.5,36,bid,,,12033441
2026-07-08T10:02:25.761428,2026-07-08T10:02:25.770966+00:00,125.5,50,bid,,,12033444
2026-07-08T10:02:27.869680,2026-07-08T10:02:27.879614+00:00,125.4,50,bid,,,12033464
2026-07-08T10:02:28.081354,2026-07-08T10:02:28.090568+00:00,125.0,8,ask,,,12033467
2026-07-08T10:02:29.743624,2026-07-08T10:02:29.750305+00:00,125.4,8,bid,,,12033497
2026-07-08T10:02:30.035406,2026-07-08T10:02:30.042389+00:00,125.4,50,ask,,,12033498
2026-07-08T10:02:31.327271,2026-07-08T10:02:31.340401+00:00,125.5,3,ask,,,12033516
2026-07-08T10:02:31.362751,2026-07-08T10:02:31.371752+00:00,125.5,5,ask,,,12033519
2026-07-08T10:02:31.690574,2026-07-08T10:02:31.702391+00:00,125.4,47,ask,,,12033522
2026-07-08T10:02:33.018098,2026-07-08T10:02:33.032758+00:00,125.4,3,bid,,,12033542
2026-07-08T10:02:33.240590,2026-07-08T10:02:33.247849+00:00,125.4,49,bid,,,12033551
2026-07-08T10:02:34.230563,2026-07-08T10:02:34.239032+00:00,125.4,50,bid,,,12033566
2026-07-08T10:02:34.451938,2026-07-08T10:02:34.454129+00:00,125.4,48,bid,,,12033574
2026-07-08T10:02:34.451938,2026-07-08T10:02:34.454129+00:00,125.5,8,bid,,,12033575
2026-07-08T10:02:34.832779,2026-07-08T10:02:34.854722+00:00,125.5,40,ask,,,12033581
2026-07-08T10:02:35.383052,2026-07-08T10:02:35.394639+00:00,125.9,8,bid,,,12033592
2026-07-08T10:02:35.383052,2026-07-08T10:02:35.394639+00:00,126.0,35,bid,,,12033593
2026-07-08T10:02:35.438091,2026-07-08T10:02:35.448338+00:00,125.5,3,ask,,,12033594
2026-07-08T10:02:35.461367,2026-07-08T10:02:35.468842+00:00,125.5,1,ask,,,12033597
2026-07-08T10:02:35.461367,2026-07-08T10:02:35.474272+00:00,125.5,2,ask,,,12033598
2026-07-08T10:02:36.338948,2026-07-08T10:02:36.350704+00:00,125.8,8,bid,,,12033608
2026-07-08T10:02:36.338948,2026-07-08T10:02:36.350704+00:00,125.9,42,bid,,,12033609
2026-07-08T10:02:36.559604,2026-07-08T10:02:36.569647+00:00,125.6,8,ask,,,12033612
2026-07-08T10:02:36.883161,2026-07-08T10:02:36.892340+00:00,125.5,3,ask,,,12033621
2026-07-08T10:02:37.666807,2026-07-08T10:02:37.673362+00:00,125.5,8,ask,,,12033631
2026-07-08T10:02:38.468105,2026-07-08T10:02:38.479544+00:00,125.5,50,bid,,,12033638
2026-07-08T10:02:38.988550,2026-07-08T10:02:39.000604+00:00,125.4,25,ask,,,12033653
2026-07-08T10:02:39.455139,2026-07-08T10:02:39.458590+00:00,125.4,43,ask,,,12033660
2026-07-08T10:02:40.578932,2026-07-08T10:02:40.591014+00:00,125.5,42,bid,,,12033674
2026-07-08T10:02:40.578932,2026-07-08T10:02:40.591014+00:00,125.7,8,bid,,,12033675
2026-07-08T10:02:41.904618,2026-07-08T10:02:41.916602+00:00,125.8,8,bid,,,12033695
2026-07-08T10:02:41.904618,2026-07-08T10:02:41.916602+00:00,125.9,33,bid,,,12033696
2026-07-08T10:02:42.702714,2026-07-08T10:02:42.714798+00:00,125.8,50,bid,,,12033707
2026-07-08T10:02:43.132210,2026-07-08T10:02:43.144044+00:00,125.8,44,bid,,,12033717
2026-07-08T10:02:43.188416,2026-07-08T10:02:43.200210+00:00,125.5,8,ask,,,12033718
2026-07-08T10:02:43.188416,2026-07-08T10:02:43.200210+00:00,125.4,37,ask,,,12033719
2026-07-08T10:02:43.684323,2026-07-08T10:02:43.691988+00:00,125.5,8,ask,,,12033727
2026-07-08T10:02:43.684323,2026-07-08T10:02:43.697382+00:00,125.4,38,ask,,,12033728
2026-07-08T10:02:44.659659,2026-07-08T10:02:44.669372+00:00,125.6,8,bid,,,12033746
2026-07-08T10:02:44.816750,2026-07-08T10:02:44.828290+00:00,125.7,50,bid,,,12033750
2026-07-08T10:02:45.566529,2026-07-08T10:02:45.578369+00:00,125.7,50,bid,,,12033770
2026-07-08T10:02:45.566529,2026-07-08T10:02:45.578369+00:00,125.7,8,bid,,,12033771
2026-07-08T10:02:45.638933,2026-07-08T10:02:45.647993+00:00,126.1,31,ask,,,12033773
2026-07-08T10:02:45.843322,2026-07-08T10:02:45.859144+00:00,126.2,8,ask,,,12033777
2026-07-08T10:02:46.559474,2026-07-08T10:02:46.568788+00:00,126.6,47,bid,,,12033794
2026-07-08T10:02:47.161750,2026-07-08T10:02:47.173357+00:00,126.1,4,ask,,,12033805
2026-07-08T10:02:47.190048,2026-07-08T10:02:47.200151+00:00,126.2,8,ask,,,12033807
2026-07-08T10:02:47.285039,2026-07-08T10:02:47.296014+00:00,126.1,14,ask,,,12033810
2026-07-08T10:02:47.870919,2026-07-08T10:02:47.882543+00:00,126.1,4,ask,,,12033816
2026-07-08T10:02:48.143580,2026-07-08T10:02:48.158584+00:00,126.1,39,ask,,,12033822
2026-07-08T10:02:48.143580,2026-07-08T10:02:48.158584+00:00,125.9,8,ask,,,12033823
2026-07-08T10:02:48.143580,2026-07-08T10:02:48.158584+00:00,125.8,1,ask,,,12033824
2026-07-08T10:02:48.689442,2026-07-08T10:02:48.705567+00:00,126.3,48,bid,,,12033834
2026-07-08T10:02:48.813508,2026-07-08T10:02:48.824938+00:00,126.2,11,bid,,,12033839
2026-07-08T10:02:49.055767,2026-07-08T10:02:49.064552+00:00,126.2,50,bid,,,12033845
2026-07-08T10:02:49.144063,2026-07-08T10:02:49.163820+00:00,125.8,25,ask,,,12033849
2026-07-08T10:02:49.229683,2026-07-08T10:02:49.239122+00:00,126.2,41,bid,,,12033851
2026-07-08T10:02:51.190907,2026-07-08T10:02:51.207417+00:00,126.2,48,bid,,,12033879
2026-07-08T10:02:51.190907,2026-07-08T10:02:51.207417+00:00,126.2,2,bid,,,12033880
2026-07-08T10:02:51.204131,2026-07-08T10:02:51.213100+00:00,125.7,4,ask,,,12033881
2026-07-08T10:02:51.908934,2026-07-08T10:02:51.917993+00:00,126.2,98,bid,,,12033892
2026-07-08T10:02:51.908934,2026-07-08T10:02:51.917993+00:00,126.2,8,bid,,,12033893
2026-07-08T10:02:52.539026,2026-07-08T10:02:52.549258+00:00,126.4,23,ask,,,12033909
2026-07-08T10:02:53.711069,2026-07-08T10:02:53.720121+00:00,126.4,21,ask,,,12033937
2026-07-08T10:02:53.711069,2026-07-08T10:02:53.720121+00:00,126.4,8,ask,,,12033938
2026-07-08T10:02:53.711069,2026-07-08T10:02:53.725710+00:00,126.1,12,ask,,,12033939
2026-07-08T10:02:54.259763,2026-07-08T10:02:54.271412+00:00,126.1,25,ask,,,12033948
2026-07-08T10:02:54.518939,2026-07-08T10:02:54.530833+00:00,126.1,4,ask,,,12033954
2026-07-08T10:02:55.125981,2026-07-08T10:02:55.150164+00:00,126.1,59,ask,,,12033968
2026-07-08T10:02:55.138880,2026-07-08T10:02:55.150164+00:00,126.1,23,bid,,,12033969
2026-07-08T10:02:56.998758,2026-07-08T10:02:57.010318+00:00,126.1,41,bid,,,12033990
2026-07-08T10:02:57.612461,2026-07-08T10:02:57.624037+00:00,125.7,50,ask,,,12033998
2026-07-08T10:02:58.236219,2026-07-08T10:02:58.244832+00:00,126.2,100,bid,,,12034003
2026-07-08T10:02:58.236219,2026-07-08T10:02:58.244832+00:00,126.2,8,bid,,,12034004
2026-07-08T10:02:59.147924,2026-07-08T10:02:59.151875+00:00,125.8,8,ask,,,12034018
2026-07-08T10:02:59.147924,2026-07-08T10:02:59.151875+00:00,125.7,39,ask,,,12034019
2026-07-08T10:02:59.721147,2026-07-08T10:02:59.732905+00:00,125.6,8,ask,,,12034024
2026-07-08T10:03:01.834076,2026-07-08T10:03:01.845197+00:00,125.9,50,ask,,,12034053
2026-07-08T10:03:02.900820,2026-07-08T10:03:02.909816+00:00,126.2,8,bid,,,12034070
2026-07-08T10:03:03.030081,2026-07-08T10:03:03.039122+00:00,126.1,15,bid,,,12034073
2026-07-08T10:03:06.063226,2026-07-08T10:03:06.075292+00:00,125.8,50,ask,,,12034113
2026-07-08T10:03:07.429975,2026-07-08T10:03:07.439482+00:00,126.3,42,bid,,,12034134
2026-07-08T10:03:08.063679,2026-07-08T10:03:08.075572+00:00,126.4,5,bid,,,12034150
2026-07-08T10:03:08.063679,2026-07-08T10:03:08.075572+00:00,126.4,37,bid,,,12034151
2026-07-08T10:03:08.171384,2026-07-08T10:03:08.183229+00:00,125.9,50,ask,,,12034157
2026-07-08T10:03:09.443995,2026-07-08T10:03:09.455737+00:00,125.9,25,ask,,,12034179
2026-07-08T10:03:10.044999,2026-07-08T10:03:10.052512+00:00,125.9,47,ask,,,12034185
2026-07-08T10:03:10.277797,2026-07-08T10:03:10.289850+00:00,125.9,50,ask,,,12034189
2026-07-08T10:03:10.955466,2026-07-08T10:03:10.965302+00:00,125.8,100,ask,,,12034196
2026-07-08T10:03:10.955466,2026-07-08T10:03:10.965302+00:00,125.8,8,ask,,,12034197
2026-07-08T10:03:10.973610,2026-07-08T10:03:10.985074+00:00,125.8,34,bid,,,12034199
2026-07-08T10:03:11.217355,2026-07-08T10:03:11.229227+00:00,125.7,3,bid,,,12034204
2026-07-08T10:03:11.379538,2026-07-08T10:03:11.391622+00:00,125.7,5,bid,,,12034207
2026-07-08T10:03:11.550959,2026-07-08T10:03:11.562006+00:00,125.7,8,bid,,,12034210
2026-07-08T10:03:11.880794,2026-07-08T10:03:11.892561+00:00,125.7,8,bid,,,12034220
2026-07-08T10:03:12.218530,2026-07-08T10:03:12.229919+00:00,125.7,8,bid,,,12034230
2026-07-08T10:03:12.406360,2026-07-08T10:03:12.418235+00:00,125.3,50,ask,,,12034238
2026-07-08T10:03:14.512654,2026-07-08T10:03:14.522103+00:00,125.6,50,ask,,,12034267
2026-07-08T10:03:15.958354,2026-07-08T10:03:15.970449+00:00,125.6,49,ask,,,12034290
2026-07-08T10:03:17.520876,2026-07-08T10:03:17.530084+00:00,125.7,148,bid,,,12034323
2026-07-08T10:03:17.539136,2026-07-08T10:03:17.551193+00:00,125.7,2,bid,,,12034325
2026-07-08T10:03:17.539136,2026-07-08T10:03:17.551193+00:00,125.8,8,bid,,,12034326
2026-07-08T10:03:17.539136,2026-07-08T10:03:17.551193+00:00,125.9,30,bid,,,12034327
2026-07-08T10:03:18.685683,2026-07-08T10:03:18.693194+00:00,125.9,50,bid,,,12034347
2026-07-08T10:03:18.792396,2026-07-08T10:03:18.802517+00:00,125.9,8,bid,,,12034353
2026-07-08T10:03:18.859770,2026-07-08T10:03:18.869542+00:00,126.0,26,ask,,,12034358
2026-07-08T10:03:18.902308,2026-07-08T10:03:18.910871+00:00,126.0,66,ask,,,12034362
2026-07-08T10:03:19.697064,2026-07-08T10:03:19.706498+00:00,125.8,8,bid,,,12034370
2026-07-08T10:03:20.136772,2026-07-08T10:03:20.145637+00:00,125.8,4,bid,,,12034381
2026-07-08T10:03:20.400560,2026-07-08T10:03:20.407696+00:00,125.8,8,bid,,,12034388
2026-07-08T10:03:20.798265,2026-07-08T10:03:20.810345+00:00,126.0,5,bid,,,12034393
2026-07-08T10:03:20.798265,2026-07-08T10:03:20.810345+00:00,126.2,8,bid,,,12034394
2026-07-08T10:03:20.798265,2026-07-08T10:03:20.810345+00:00,126.3,37,bid,,,12034395
2026-07-08T10:03:20.996638,2026-07-08T10:03:21.007946+00:00,125.9,8,ask,,,12034405
2026-07-08T10:03:21.327390,2026-07-08T10:03:21.338976+00:00,125.9,8,ask,,,12034410
2026-07-08T10:03:22.939762,2026-07-08T10:03:22.950174+00:00,126.0,50,bid,,,12034426
2026-07-08T10:03:23.157320,2026-07-08T10:03:23.169263+00:00,126.0,47,bid,,,12034432
2026-07-08T10:03:23.563697,2026-07-08T10:03:23.573381+00:00,126.0,3,bid,,,12034442
2026-07-08T10:03:23.582327,2026-07-08T10:03:23.589530+00:00,126.0,35,ask,,,12034444
2026-07-08T10:03:23.676568,2026-07-08T10:03:23.687720+00:00,126.0,35,ask,,,12034447
2026-07-08T10:03:23.767275,2026-07-08T10:03:23.778423+00:00,126.0,25,ask,,,12034449
2026-07-08T10:03:24.627064,2026-07-08T10:03:24.634456+00:00,126.0,25,ask,,,12034460
2026-07-08T10:03:25.049839,2026-07-08T10:03:25.058567+00:00,126.5,50,bid,,,12034471
2026-07-08T10:03:26.583591,2026-07-08T10:03:26.595360+00:00,126.0,27,ask,,,12034492
2026-07-08T10:03:26.583591,2026-07-08T10:03:26.595360+00:00,125.9,18,ask,,,12034493
2026-07-08T10:03:27.225837,2026-07-08T10:03:27.234928+00:00,125.9,50,ask,,,12034498
2026-07-08T10:03:31.465891,2026-07-08T10:03:31.477496+00:00,125.9,50,ask,,,12034564
2026-07-08T10:03:33.601609,2026-07-08T10:03:33.614501+00:00,125.9,50,ask,,,12034595
2026-07-08T10:03:34.665817,2026-07-08T10:03:34.675441+00:00,125.8,14,bid,,,12034606
2026-07-08T10:03:34.861296,2026-07-08T10:03:34.872518+00:00,125.8,2,bid,,,12034609
2026-07-08T10:03:35.713009,2026-07-08T10:03:35.724911+00:00,125.6,50,ask,,,12034621
2026-07-08T10:03:37.319051,2026-07-08T10:03:37.331047+00:00,125.8,35,bid,,,12034651
2026-07-08T10:03:37.411539,2026-07-08T10:03:37.423435+00:00,125.8,35,bid,,,12034654
2026-07-08T10:03:37.503589,2026-07-08T10:03:37.514973+00:00,125.8,14,bid,,,12034657
2026-07-08T10:03:37.770926,2026-07-08T10:03:37.782505+00:00,125.9,50,bid,,,12034659
2026-07-08T10:03:37.913885,2026-07-08T10:03:37.922154+00:00,125.8,8,ask,,,12034664
2026-07-08T10:03:37.923475,2026-07-08T10:03:37.937439+00:00,125.8,8,ask,,,12034666
2026-07-08T10:03:38.254329,2026-07-08T10:03:38.260981+00:00,125.8,8,ask,,,12034675
2026-07-08T10:03:38.559753,2026-07-08T10:03:38.569043+00:00,125.8,6,ask,,,12034682
2026-07-08T10:03:38.585726,2026-07-08T10:03:38.594918+00:00,125.9,11,bid,,,12034685
2026-07-08T10:03:39.226300,2026-07-08T10:03:39.235566+00:00,125.8,8,ask,,,12034692
2026-07-08T10:03:39.459594,2026-07-08T10:03:39.471425+00:00,125.8,62,ask,,,12034699
2026-07-08T10:03:39.916167,2026-07-08T10:03:39.928113+00:00,125.8,50,bid,,,12034711
2026-07-08T10:03:42.384676,2026-07-08T10:03:42.393228+00:00,125.7,49,bid,,,12034746
2026-07-08T10:03:42.573045,2026-07-08T10:03:42.585069+00:00,125.7,51,bid,,,12034751
2026-07-08T10:03:42.573045,2026-07-08T10:03:42.585069+00:00,125.8,8,bid,,,12034752
2026-07-08T10:03:42.603781,2026-07-08T10:03:42.611035+00:00,125.9,60,ask,,,12034755
2026-07-08T10:03:42.634266,2026-07-08T10:03:42.679708+00:00,125.9,11,ask,,,12034756
2026-07-08T10:03:42.860092,2026-07-08T10:03:42.870832+00:00,126.0,8,ask,,,12034760
2026-07-08T10:03:43.713896,2026-07-08T10:03:43.726173+00:00,125.9,4,ask,,,12034771
2026-07-08T10:03:44.128135,2026-07-08T10:03:44.169402+00:00,126.4,50,bid,,,12034777
2026-07-08T10:03:44.984802,2026-07-08T10:03:44.992493+00:00,125.9,16,ask,,,12034791
2026-07-08T10:03:45.886841,2026-07-08T10:03:45.898826+00:00,125.6,46,ask,,,12034803
2026-07-08T10:03:46.241391,2026-07-08T10:03:46.253255+00:00,125.9,50,bid,,,12034805
2026-07-08T10:03:46.470049,2026-07-08T10:03:46.479758+00:00,125.9,8,bid,,,12034811
2026-07-08T10:03:46.832165,2026-07-08T10:03:46.844551+00:00,125.9,44,bid,,,12034821
2026-07-08T10:03:48.930171,2026-07-08T10:03:48.942676+00:00,125.7,100,bid,,,12034848
2026-07-08T10:03:48.930171,2026-07-08T10:03:48.942676+00:00,125.8,8,bid,,,12034849
2026-07-08T10:03:50.171699,2026-07-08T10:03:50.180046+00:00,125.8,25,ask,,,12034870
2026-07-08T10:03:50.277987,2026-07-08T10:03:50.289803+00:00,125.8,4,ask,,,12034872
2026-07-08T10:03:50.561202,2026-07-08T10:03:50.569387+00:00,125.8,13,ask,,,12034879
2026-07-08T10:03:50.561202,2026-07-08T10:03:50.574690+00:00,125.7,8,ask,,,12034880
2026-07-08T10:03:50.561202,2026-07-08T10:03:50.574690+00:00,125.5,29,ask,,,12034881
2026-07-08T10:03:52.675021,2026-07-08T10:03:52.686987+00:00,125.5,50,ask,,,12034913
2026-07-08T10:03:53.572788,2026-07-08T10:03:53.578386+00:00,125.8,48,bid,,,12034922
2026-07-08T10:03:54.788726,2026-07-08T10:03:54.796996+00:00,125.3,50,ask,,,12034943
2026-07-08T10:03:56.216141,2026-07-08T10:03:56.224563+00:00,125.5,11,bid,,,12034969
2026-07-08T10:03:56.901247,2026-07-08T10:03:56.912788+00:00,125.2,50,ask,,,12034980
2026-07-08T10:03:58.269461,2026-07-08T10:03:58.278423+00:00,125.2,42,ask,,,12035002
2026-07-08T10:03:58.833167,2026-07-08T10:03:58.844729+00:00,125.7,43,bid,,,12035008
2026-07-08T10:03:59.026834,2026-07-08T10:03:59.036110+00:00,125.2,8,ask,,,12035018
2026-07-08T10:03:59.026834,2026-07-08T10:03:59.036110+00:00,125.2,42,ask,,,12035019
2026-07-08T10:04:01.152456,2026-07-08T10:04:01.164593+00:00,125.2,50,ask,,,12035049
2026-07-08T10:04:01.641823,2026-07-08T10:04:01.654430+00:00,125.2,5,ask,,,12035055
2026-07-08T10:04:01.655845,2026-07-08T10:04:01.668469+00:00,125.2,3,bid,,,12035056
2026-07-08T10:04:01.687450,2026-07-08T10:04:01.699043+00:00,125.2,35,bid,,,12035058
2026-07-08T10:04:01.776837,2026-07-08T10:04:01.785865+00:00,125.2,35,bid,,,12035061
2026-07-08T10:04:01.867507,2026-07-08T10:04:01.883011+00:00,125.2,35,bid,,,12035065
2026-07-08T10:04:01.963309,2026-07-08T10:04:01.975255+00:00,125.2,35,bid,,,12035067
2026-07-08T10:04:02.080290,2026-07-08T10:04:02.095215+00:00,125.2,2,bid,,,12035072
2026-07-08T10:04:03.275239,2026-07-08T10:04:03.285889+00:00,125.0,50,ask,,,12035101
2026-07-08T10:04:04.481193,2026-07-08T10:04:04.491307+00:00,125.0,40,ask,,,12035120
2026-07-08T10:04:04.949923,2026-07-08T10:04:04.956750+00:00,125.1,45,ask,,,12035126
2026-07-08T10:04:05.382498,2026-07-08T10:04:05.394706+00:00,125.1,50,ask,,,12035129
2026-07-08T10:04:06.953205,2026-07-08T10:04:06.958196+00:00,125.3,47,bid,,,12035155
2026-07-08T10:04:07.515007,2026-07-08T10:04:07.523918+00:00,125.1,50,ask,,,12035166
2026-07-08T10:04:08.128382,2026-07-08T10:04:08.137498+00:00,124.9,8,ask,,,12035174
2026-07-08T10:04:08.128382,2026-07-08T10:04:08.137498+00:00,124.8,39,ask,,,12035175
2026-07-08T10:04:09.486746,2026-07-08T10:04:09.496934+00:00,125.0,35,bid,,,12035193
2026-07-08T10:04:09.626173,2026-07-08T10:04:09.643225+00:00,124.8,8,ask,,,12035202
2026-07-08T10:04:09.626173,2026-07-08T10:04:09.643225+00:00,124.7,42,ask,,,12035203
2026-07-08T10:04:10.638213,2026-07-08T10:04:10.650237+00:00,125.0,25,bid,,,12035218
2026-07-08T10:04:10.694806,2026-07-08T10:04:10.706552+00:00,125.0,2,bid,,,12035220
2026-07-08T10:04:10.831150,2026-07-08T10:04:10.838818+00:00,125.0,38,bid,,,12035223
2026-07-08T10:04:10.831150,2026-07-08T10:04:10.844141+00:00,125.0,7,bid,,,12035224
2026-07-08T10:04:11.170081,2026-07-08T10:04:11.182095+00:00,124.9,3,bid,,,12035229
2026-07-08T10:04:13.853458,2026-07-08T10:04:13.865109+00:00,124.8,50,ask,,,12035260
2026-07-08T10:04:15.234282,2026-07-08T10:04:15.243453+00:00,124.9,8,ask,,,12035280
2026-07-08T10:04:15.234282,2026-07-08T10:04:15.243453+00:00,124.8,38,ask,,,12035281
2026-07-08T10:04:15.809976,2026-07-08T10:04:15.822013+00:00,125.0,25,bid,,,12035289
2026-07-08T10:04:15.868000,2026-07-08T10:04:15.877673+00:00,125.0,2,bid,,,12035290
2026-07-08T10:04:15.961448,2026-07-08T10:04:15.973895+00:00,124.7,8,ask,,,12035291
2026-07-08T10:04:15.961448,2026-07-08T10:04:15.973895+00:00,124.6,42,ask,,,12035292
2026-07-08T10:04:16.284228,2026-07-08T10:04:16.293938+00:00,125.0,43,bid,,,12035301
2026-07-08T10:04:16.600391,2026-07-08T10:04:16.608075+00:00,125.0,4,bid,,,12035302
2026-07-08T10:04:18.071675,2026-07-08T10:04:18.083507+00:00,124.7,8,ask,,,12035329
2026-07-08T10:04:18.071675,2026-07-08T10:04:18.083507+00:00,124.6,42,ask,,,12035330
2026-07-08T10:04:20.131315,2026-07-08T10:04:20.138733+00:00,124.8,50,bid,,,12035366
2026-07-08T10:04:20.552525,2026-07-08T10:04:20.564494+00:00,124.8,40,bid,,,12035374
2026-07-08T10:04:20.984699,2026-07-08T10:04:20.996414+00:00,124.8,8,bid,,,12035382
2026-07-08T10:04:21.039515,2026-07-08T10:04:21.046169+00:00,124.8,2,bid,,,12035384
2026-07-08T10:04:21.473491,2026-07-08T10:04:21.481723+00:00,124.6,3,ask,,,12035397
2026-07-08T10:04:22.294425,2026-07-08T10:04:22.306529+00:00,124.5,50,ask,,,12035415
2026-07-08T10:04:24.048824,2026-07-08T10:04:24.060122+00:00,124.6,3,bid,,,12035438
2026-07-08T10:04:24.408602,2026-07-08T10:04:24.420964+00:00,124.3,8,ask,,,12035442
2026-07-08T10:04:24.408602,2026-07-08T10:04:24.420964+00:00,124.2,42,ask,,,12035443
2026-07-08T10:04:25.259812,2026-07-08T10:04:25.270095+00:00,124.6,8,bid,,,12035459
2026-07-08T10:04:26.156070,2026-07-08T10:04:26.163728+00:00,124.7,25,bid,,,12035476
2026-07-08T10:04:26.212808,2026-07-08T10:04:26.225185+00:00,124.7,1,bid,,,12035477
2026-07-08T10:04:26.452215,2026-07-08T10:04:26.463711+00:00,124.7,4,bid,,,12035481
2026-07-08T10:04:27.630252,2026-07-08T10:04:27.641298+00:00,124.6,8,ask,,,12035499
2026-07-08T10:04:27.630252,2026-07-08T10:04:27.641298+00:00,124.5,39,ask,,,12035500
2026-07-08T10:04:28.573433,2026-07-08T10:04:28.581389+00:00,124.8,8,bid,,,12035529
2026-07-08T10:04:28.573433,2026-07-08T10:04:28.586401+00:00,125.0,42,bid,,,12035530
2026-07-08T10:04:29.713302,2026-07-08T10:04:29.726254+00:00,124.9,4,bid,,,12035546
2026-07-08T10:04:30.683758,2026-07-08T10:04:30.695759+00:00,124.9,8,bid,,,12035560
2026-07-08T10:04:30.683758,2026-07-08T10:04:30.695759+00:00,125.0,42,bid,,,12035561
2026-07-08T10:04:31.328920,2026-07-08T10:04:31.340630+00:00,125.0,25,bid,,,12035570
2026-07-08T10:04:32.796754,2026-07-08T10:04:32.808706+00:00,125.1,50,bid,,,12035594
2026-07-08T10:04:34.903730,2026-07-08T10:04:34.910688+00:00,125.3,8,bid,,,12035625
2026-07-08T10:04:34.903730,2026-07-08T10:04:34.916195+00:00,125.3,42,bid,,,12035626
2026-07-08T10:04:37.070017,2026-07-08T10:04:37.081777+00:00,124.8,41,ask,,,12035670
2026-07-08T10:04:39.132275,2026-07-08T10:04:39.154949+00:00,125.2,50,bid,,,12035701
2026-07-08T10:04:39.769848,2026-07-08T10:04:39.777344+00:00,125.2,43,bid,,,12035706
2026-07-08T10:04:40.361199,2026-07-08T10:04:40.369691+00:00,124.8,8,ask,,,12035713
2026-07-08T10:04:41.296180,2026-07-08T10:04:41.308152+00:00,124.8,50,ask,,,12035729
2026-07-08T10:04:41.778589,2026-07-08T10:04:41.790404+00:00,124.8,42,ask,,,12035735
2026-07-08T10:04:42.216549,2026-07-08T10:04:42.227093+00:00,124.9,3,ask,,,12035737
2026-07-08T10:04:42.781292,2026-07-08T10:04:42.793168+00:00,124.9,8,ask,,,12035749
2026-07-08T10:04:42.781292,2026-07-08T10:04:42.793168+00:00,124.8,100,ask,,,12035750
2026-07-08T10:04:43.356689,2026-07-08T10:04:43.370780+00:00,124.7,8,bid,,,12035761
2026-07-08T10:04:43.356689,2026-07-08T10:04:43.370780+00:00,124.8,42,bid,,,12035762
2026-07-08T10:04:45.408797,2026-07-08T10:04:45.417303+00:00,124.9,49,bid,,,12035792
2026-07-08T10:04:45.467838,2026-07-08T10:04:45.479932+00:00,124.9,50,bid,,,12035793
2026-07-08T10:04:47.414857,2026-07-08T10:04:47.427056+00:00,124.7,48,ask,,,12035817
2026-07-08T10:04:47.575333,2026-07-08T10:04:47.587037+00:00,125.1,8,bid,,,12035820
2026-07-08T10:04:47.575333,2026-07-08T10:04:47.587037+00:00,125.2,42,bid,,,12035821
2026-07-08T10:04:49.736901,2026-07-08T10:04:49.745076+00:00,124.8,50,ask,,,12035850
2026-07-08T10:04:51.843522,2026-07-08T10:04:51.855093+00:00,124.8,50,ask,,,12035891
2026-07-08T10:04:52.278056,2026-07-08T10:04:52.290436+00:00,124.8,100,ask,,,12035899
2026-07-08T10:04:52.278056,2026-07-08T10:04:52.290436+00:00,124.8,8,ask,,,12035900
2026-07-08T10:04:53.298803,2026-07-08T10:04:53.311007+00:00,124.8,42,bid,,,12035919
2026-07-08T10:04:53.298803,2026-07-08T10:04:53.311007+00:00,124.8,1,bid,,,12035920
2026-07-08T10:04:53.832172,2026-07-08T10:04:53.843894+00:00,124.6,8,ask,,,12035925
2026-07-08T10:04:53.950318,2026-07-08T10:04:53.958776+00:00,124.3,50,ask,,,12035929
2026-07-08T10:04:54.483266,2026-07-08T10:04:54.495038+00:00,124.8,47,bid,,,12035936
2026-07-08T10:04:56.056139,2026-07-08T10:04:56.068080+00:00,124.7,50,ask,,,12035954
2026-07-08T10:04:57.621589,2026-07-08T10:04:57.633320+00:00,124.7,43,ask,,,12035975
2026-07-08T10:04:58.164825,2026-07-08T10:04:58.176470+00:00,124.7,50,ask,,,12035987
2026-07-08T10:04:58.628343,2026-07-08T10:04:58.637049+00:00,124.5,100,ask,,,12035991
2026-07-08T10:04:58.631595,2026-07-08T10:04:58.642330+00:00,124.4,8,bid,,,12035992
2026-07-08T10:04:59.167275,2026-07-08T10:04:59.175253+00:00,124.4,4,bid,,,12036002
2026-07-08T10:05:00.079833,2026-07-08T10:05:00.091301+00:00,124.4,14,bid,,,12036018
2026-07-08T10:05:00.273337,2026-07-08T10:05:00.284828+00:00,123.9,50,ask,,,12036022
2026-07-08T10:05:01.493929,2026-07-08T10:05:01.506403+00:00,124.4,24,bid,,,12036048
2026-07-08T10:05:01.493929,2026-07-08T10:05:01.506403+00:00,124.4,1,bid,,,12036049
2026-07-08T10:05:01.740736,2026-07-08T10:05:01.758588+00:00,124.4,99,bid,,,12036055
2026-07-08T10:05:01.740736,2026-07-08T10:05:01.758588+00:00,124.5,8,bid,,,12036056
2026-07-08T10:05:02.107296,2026-07-08T10:05:02.116247+00:00,124.5,41,ask,,,12036057
2026-07-08T10:05:02.380006,2026-07-08T10:05:02.392065+00:00,124.5,2,ask,,,12036062
2026-07-08T10:05:02.380006,2026-07-08T10:05:02.392065+00:00,124.4,8,ask,,,12036063
2026-07-08T10:05:02.380006,2026-07-08T10:05:02.392065+00:00,123.9,40,ask,,,12036064
2026-07-08T10:05:04.493173,2026-07-08T10:05:04.504817+00:00,124.3,50,ask,,,12036085
2026-07-08T10:05:05.784325,2026-07-08T10:05:05.794801+00:00,124.5,4,bid,,,12036102
2026-07-08T10:05:06.616090,2026-07-08T10:05:06.627686+00:00,124.5,25,bid,,,12036119
2026-07-08T10:05:06.775957,2026-07-08T10:05:06.787660+00:00,124.5,46,bid,,,12036121
2026-07-08T10:05:07.381181,2026-07-08T10:05:07.392930+00:00,124.5,46,bid,,,12036134
2026-07-08T10:05:07.679939,2026-07-08T10:05:07.689712+00:00,124.5,12,bid,,,12036138
2026-07-08T10:05:07.849787,2026-07-08T10:05:07.856634+00:00,124.5,17,bid,,,12036140
2026-07-08T10:05:07.849787,2026-07-08T10:05:07.856634+00:00,124.7,8,bid,,,12036141
2026-07-08T10:05:07.849787,2026-07-08T10:05:07.856634+00:00,124.8,23,bid,,,12036142
2026-07-08T10:05:07.908746,2026-07-08T10:05:07.916923+00:00,124.3,46,ask,,,12036143
2026-07-08T10:05:08.115344,2026-07-08T10:05:08.125648+00:00,124.6,23,ask,,,12036154
2026-07-08T10:05:09.599025,2026-07-08T10:05:09.607613+00:00,124.6,46,ask,,,12036176
2026-07-08T10:05:09.632978,2026-07-08T10:05:09.643764+00:00,124.6,81,ask,,,12036177
2026-07-08T10:05:10.198187,2026-07-08T10:05:10.210073+00:00,124.6,19,bid,,,12036184
2026-07-08T10:05:10.198187,2026-07-08T10:05:10.210073+00:00,124.7,8,bid,,,12036185
2026-07-08T10:05:10.198187,2026-07-08T10:05:10.210073+00:00,125.0,5,bid,,,12036186
2026-07-08T10:05:10.782609,2026-07-08T10:05:10.790275+00:00,124.9,8,bid,,,12036194
2026-07-08T10:05:10.782609,2026-07-08T10:05:10.795635+00:00,125.1,42,bid,,,12036195
2026-07-08T10:05:11.829143,2026-07-08T10:05:11.841347+00:00,124.6,9,bid,,,12036206
2026-07-08T10:05:12.899139,2026-07-08T10:05:12.912483+00:00,124.6,50,bid,,,12036227
2026-07-08T10:05:13.105154,2026-07-08T10:05:13.114444+00:00,124.6,48,bid,,,12036228
2026-07-08T10:05:15.346848,2026-07-08T10:05:15.358537+00:00,124.3,44,ask,,,12036260
2026-07-08T10:05:17.111569,2026-07-08T10:05:17.119899+00:00,124.7,50,bid,,,12036281
2026-07-08T10:05:19.220298,2026-07-08T10:05:19.232125+00:00,124.8,8,bid,,,12036304
2026-07-08T10:05:19.220298,2026-07-08T10:05:19.232125+00:00,124.9,42,bid,,,12036305
2026-07-08T10:05:20.421571,2026-07-08T10:05:20.430759+00:00,124.6,42,ask,,,12036326
2026-07-08T10:05:21.331379,2026-07-08T10:05:21.342894+00:00,125.1,50,bid,,,12036331
2026-07-08T10:05:22.868994,2026-07-08T10:05:22.880906+00:00,125.0,49,bid,,,12036355
2026-07-08T10:05:23.455027,2026-07-08T10:05:23.458593+00:00,125.0,50,bid,,,12036364
2026-07-08T10:05:24.713728,2026-07-08T10:05:24.725804+00:00,124.7,49,ask,,,12036384
2026-07-08T10:05:25.405553,2026-07-08T10:05:25.416515+00:00,124.9,3,ask,,,12036399
2026-07-08T10:05:25.561873,2026-07-08T10:05:25.573769+00:00,125.1,8,bid,,,12036402
2026-07-08T10:05:25.561873,2026-07-08T10:05:25.573769+00:00,125.2,42,bid,,,12036403
2026-07-08T10:05:25.611336,2026-07-08T10:05:25.621756+00:00,124.9,48,ask,,,12036404
2026-07-08T10:05:27.729515,2026-07-08T10:05:27.736387+00:00,124.9,49,ask,,,12036434
2026-07-08T10:05:27.729515,2026-07-08T10:05:27.741911+00:00,124.9,1,ask,,,12036435
2026-07-08T10:05:29.866367,2026-07-08T10:05:29.873962+00:00,124.8,50,ask,,,12036466
2026-07-08T10:05:31.979004,2026-07-08T10:05:31.990206+00:00,124.6,8,ask,,,12036500
2026-07-08T10:05:31.979004,2026-07-08T10:05:31.990206+00:00,124.5,42,ask,,,12036501
2026-07-08T10:05:32.113091,2026-07-08T10:05:32.120008+00:00,125.0,45,bid,,,12036504
2026-07-08T10:05:36.216837,2026-07-08T10:05:36.228784+00:00,124.5,50,ask,,,12036547
2026-07-08T10:05:38.343240,2026-07-08T10:05:38.358602+00:00,124.5,50,ask,,,12036566
2026-07-08T10:05:38.881107,2026-07-08T10:05:38.890778+00:00,124.5,47,ask,,,12036575
2026-07-08T10:05:40.452169,2026-07-08T10:05:40.467223+00:00,124.5,3,ask,,,12036600
2026-07-08T10:05:40.452169,2026-07-08T10:05:40.467223+00:00,124.4,8,ask,,,12036601
2026-07-08T10:05:40.452169,2026-07-08T10:05:40.467223+00:00,124.2,39,ask,,,12036602
2026-07-08T10:05:42.583025,2026-07-08T10:05:42.596507+00:00,124.2,50,ask,,,12036635
2026-07-08T10:05:43.019721,2026-07-08T10:05:43.031331+00:00,124.4,14,bid,,,12036646
2026-07-08T10:05:44.006578,2026-07-08T10:05:44.018704+00:00,124.4,41,bid,,,12036663
2026-07-08T10:05:44.691526,2026-07-08T10:05:44.703651+00:00,124.1,50,ask,,,12036678
2026-07-08T10:05:46.826263,2026-07-08T10:05:46.837892+00:00,124.2,8,ask,,,12036716
2026-07-08T10:05:46.826263,2026-07-08T10:05:46.837892+00:00,124.1,42,ask,,,12036717
2026-07-08T10:05:47.488724,2026-07-08T10:05:47.499045+00:00,124.5,12,bid,,,12036728
2026-07-08T10:05:48.799468,2026-07-08T10:05:48.812263+00:00,124.5,11,bid,,,12036749
2026-07-08T10:05:48.944785,2026-07-08T10:05:48.957166+00:00,124.3,8,ask,,,12036754
2026-07-08T10:05:48.944785,2026-07-08T10:05:48.957166+00:00,124.1,42,ask,,,12036755
2026-07-08T10:05:49.136447,2026-07-08T10:05:49.146489+00:00,124.5,44,bid,,,12036760
2026-07-08T10:05:49.298073,2026-07-08T10:05:49.312270+00:00,124.5,8,bid,,,12036763
2026-07-08T10:05:49.298073,2026-07-08T10:05:49.312270+00:00,124.6,100,bid,,,12036764
2026-07-08T10:05:49.539247,2026-07-08T10:05:49.549789+00:00,124.8,8,ask,,,12036770
2026-07-08T10:05:50.098353,2026-07-08T10:05:50.111523+00:00,124.7,42,ask,,,12036781
2026-07-08T10:05:50.098353,2026-07-08T10:05:50.111523+00:00,124.7,2,ask,,,12036782
2026-07-08T10:05:50.123006,2026-07-08T10:05:50.133262+00:00,124.7,6,ask,,,12036784
2026-07-08T10:05:51.069775,2026-07-08T10:05:51.082446+00:00,124.2,50,ask,,,12036799
2026-07-08T10:05:52.080490,2026-07-08T10:05:52.092580+00:00,124.7,48,bid,,,12036815
2026-07-08T10:05:52.529130,2026-07-08T10:05:52.542591+00:00,124.3,3,bid,,,12036823
2026-07-08T10:05:55.229495,2026-07-08T10:05:55.236743+00:00,124.3,50,bid,,,12036864
2026-07-08T10:05:56.235765,2026-07-08T10:05:56.247587+00:00,124.0,47,ask,,,12036878
2026-07-08T10:05:57.291322,2026-07-08T10:05:57.303258+00:00,124.5,47,bid,,,12036899
2026-07-08T10:05:57.341413,2026-07-08T10:05:57.350676+00:00,124.5,50,bid,,,12036900
2026-07-08T10:06:01.607664,2026-07-08T10:06:01.619349+00:00,124.1,50,ask,,,12036968
2026-07-08T10:06:02.981372,2026-07-08T10:06:02.991288+00:00,124.3,49,bid,,,12036990
2026-07-08T10:06:03.724674,2026-07-08T10:06:03.735069+00:00,123.9,50,ask,,,12037000
2026-07-08T10:06:04.721032,2026-07-08T10:06:04.732251+00:00,123.9,44,ask,,,12037012
2026-07-08T10:06:05.311355,2026-07-08T10:06:05.323723+00:00,124.4,46,bid,,,12037018
2026-07-08T10:06:05.833428,2026-07-08T10:06:05.842675+00:00,124.2,50,ask,,,12037024
2026-07-08T10:06:07.890604,2026-07-08T10:06:07.898684+00:00,124.4,50,bid,,,12037053
2026-07-08T10:06:09.997834,2026-07-08T10:06:10.005026+00:00,124.5,50,bid,,,12037078
2026-07-08T10:06:12.109159,2026-07-08T10:06:12.121140+00:00,124.7,50,bid,,,12037109
2026-07-08T10:06:14.312755,2026-07-08T10:06:14.322519+00:00,124.4,47,ask,,,12037147
2026-07-08T10:06:15.493019,2026-07-08T10:06:15.504756+00:00,124.7,47,bid,,,12037173
2026-07-08T10:06:16.381335,2026-07-08T10:06:16.393176+00:00,124.6,50,ask,,,12037192
2026-07-08T10:06:16.448720,2026-07-08T10:06:16.458692+00:00,124.6,23,ask,,,12037194
2026-07-08T10:06:17.737485,2026-07-08T10:06:17.747151+00:00,124.6,27,ask,,,12037214
2026-07-08T10:06:17.737485,2026-07-08T10:06:17.747151+00:00,124.4,8,ask,,,12037215
2026-07-08T10:06:18.438659,2026-07-08T10:06:18.450591+00:00,124.4,50,bid,,,12037222
2026-07-08T10:06:19.355346,2026-07-08T10:06:19.364021+00:00,124.0,47,ask,,,12037234
2026-07-08T10:06:20.545535,2026-07-08T10:06:20.556220+00:00,124.4,50,bid,,,12037250
2026-07-08T10:06:22.468469,2026-07-08T10:06:22.475729+00:00,124.6,8,bid,,,12037267
2026-07-08T10:06:22.468469,2026-07-08T10:06:22.480911+00:00,124.8,41,bid,,,12037268
2026-07-08T10:06:22.656641,2026-07-08T10:06:22.658632+00:00,124.5,50,bid,,,12037276
2026-07-08T10:06:22.832291,2026-07-08T10:06:22.846568+00:00,124.5,11,bid,,,12037282
2026-07-08T10:06:24.388499,2026-07-08T10:06:24.406004+00:00,124.5,12,bid,,,12037308
2026-07-08T10:06:24.768583,2026-07-08T10:06:24.779826+00:00,124.5,27,bid,,,12037315
2026-07-08T10:06:26.026576,2026-07-08T10:06:26.038274+00:00,124.4,49,ask,,,12037334
2026-07-08T10:06:26.650592,2026-07-08T10:06:26.658562+00:00,124.8,8,bid,,,12037340
2026-07-08T10:06:26.650592,2026-07-08T10:06:26.658562+00:00,124.9,33,bid,,,12037341
2026-07-08T10:06:26.876580,2026-07-08T10:06:26.888724+00:00,124.9,50,bid,,,12037346
2026-07-08T10:06:27.205906,2026-07-08T10:06:27.218085+00:00,124.4,44,ask,,,12037353
2026-07-08T10:06:27.282331,2026-07-08T10:06:27.290895+00:00,124.8,23,ask,,,12037354
2026-07-08T10:06:28.127810,2026-07-08T10:06:28.136385+00:00,124.8,3,ask,,,12037371
2026-07-08T10:06:28.383862,2026-07-08T10:06:28.395770+00:00,124.9,45,bid,,,12037375
2026-07-08T10:06:28.440007,2026-07-08T10:06:28.449242+00:00,124.8,48,ask,,,12037376
2026-07-08T10:06:30.120909,2026-07-08T10:06:30.128224+00:00,124.8,42,ask,,,12037400
2026-07-08T10:06:30.517304,2026-07-08T10:06:30.527894+00:00,124.7,3,bid,,,12037406
2026-07-08T10:06:31.162298,2026-07-08T10:06:31.174629+00:00,124.6,50,ask,,,12037409
2026-07-08T10:06:33.271031,2026-07-08T10:06:33.283015+00:00,124.5,50,ask,,,12037442
2026-07-08T10:06:35.380962,2026-07-08T10:06:35.392923+00:00,124.2,50,ask,,,12037473
2026-07-08T10:06:36.812834,2026-07-08T10:06:36.824629+00:00,124.7,49,bid,,,12037497
2026-07-08T10:06:36.848319,2026-07-08T10:06:36.859418+00:00,124.5,11,bid,,,12037498
2026-07-08T10:06:37.488148,2026-07-08T10:06:37.498204+00:00,124.2,50,ask,,,12037508
2026-07-08T10:06:38.417394,2026-07-08T10:06:38.424995+00:00,124.5,46,bid,,,12037516
2026-07-08T10:06:39.598212,2026-07-08T10:06:39.605792+00:00,124.2,50,ask,,,12037536
2026-07-08T10:06:41.546743,2026-07-08T10:06:41.560644+00:00,124.4,12,bid,,,12037559
2026-07-08T10:06:41.654900,2026-07-08T10:06:41.666891+00:00,124.4,50,bid,,,12037563
2026-07-08T10:06:42.799992,2026-07-08T10:06:42.809968+00:00,124.4,11,bid,,,12037582
2026-07-08T10:06:43.771949,2026-07-08T10:06:43.779299+00:00,124.4,27,bid,,,12037600
2026-07-08T10:06:43.771949,2026-07-08T10:06:43.784532+00:00,124.8,23,bid,,,12037601
2026-07-08T10:06:45.436768,2026-07-08T10:06:45.445862+00:00,124.4,11,ask,,,12037623
2026-07-08T10:06:45.882968,2026-07-08T10:06:45.893833+00:00,124.8,50,bid,,,12037631
2026-07-08T10:06:48.016761,2026-07-08T10:06:48.030990+00:00,124.8,50,bid,,,12037659
2026-07-08T10:06:48.309637,2026-07-08T10:06:48.316741+00:00,124.8,49,bid,,,12037668
2026-07-08T10:06:49.445887,2026-07-08T10:06:49.458605+00:00,124.9,100,bid,,,12037683
2026-07-08T10:06:49.445887,2026-07-08T10:06:49.458605+00:00,124.9,8,bid,,,12037684
2026-07-08T10:06:49.513899,2026-07-08T10:06:49.524286+00:00,125.0,26,ask,,,12037685
2026-07-08T10:06:49.966477,2026-07-08T10:06:49.976184+00:00,125.0,16,ask,,,12037690
2026-07-08T10:06:49.966477,2026-07-08T10:06:49.976184+00:00,125.0,8,ask,,,12037691
2026-07-08T10:06:49.966477,2026-07-08T10:06:49.981501+00:00,124.4,23,ask,,,12037692
2026-07-08T10:06:50.123687,2026-07-08T10:06:50.135650+00:00,125.2,8,bid,,,12037695
2026-07-08T10:06:50.123687,2026-07-08T10:06:50.135650+00:00,125.5,42,bid,,,12037696
2026-07-08T10:06:52.115935,2026-07-08T10:06:52.128058+00:00,124.9,49,ask,,,12037719
2026-07-08T10:06:52.233681,2026-07-08T10:06:52.245550+00:00,125.4,50,bid,,,12037720
2026-07-08T10:06:52.668277,2026-07-08T10:06:52.674158+00:00,124.9,51,ask,,,12037728
2026-07-08T10:06:53.093010,2026-07-08T10:06:53.105584+00:00,124.9,42,bid,,,12037741
2026-07-08T10:06:54.341649,2026-07-08T10:06:54.352619+00:00,124.9,50,bid,,,12037760
2026-07-08T10:06:55.363846,2026-07-08T10:06:55.374868+00:00,124.4,43,ask,,,12037778
2026-07-08T10:06:55.784091,2026-07-08T10:06:55.793047+00:00,124.9,100,bid,,,12037784
2026-07-08T10:06:55.784091,2026-07-08T10:06:55.798072+00:00,125.0,8,bid,,,12037785
2026-07-08T10:06:56.449868,2026-07-08T10:06:56.458578+00:00,125.5,50,bid,,,12037797
2026-07-08T10:06:56.966712,2026-07-08T10:06:56.973833+00:00,125.0,42,ask,,,12037801
2026-07-08T10:06:56.966712,2026-07-08T10:06:56.979396+00:00,124.9,3,ask,,,12037802
2026-07-08T10:06:58.103204,2026-07-08T10:06:58.113145+00:00,125.3,44,bid,,,12037824
2026-07-08T10:06:58.556522,2026-07-08T10:06:58.554358+00:00,125.3,50,bid,,,12037832
2026-07-08T10:06:59.279336,2026-07-08T10:06:59.291481+00:00,124.8,47,ask,,,12037844
2026-07-08T10:07:00.664282,2026-07-08T10:07:00.675975+00:00,125.2,50,bid,,,12037870
2026-07-08T10:07:01.708562,2026-07-08T10:07:01.720490+00:00,125.2,49,bid,,,12037884
2026-07-08T10:07:02.796373,2026-07-08T10:07:02.808307+00:00,125.5,50,bid,,,12037900
2026-07-08T10:07:04.904631,2026-07-08T10:07:04.914772+00:00,125.5,50,bid,,,12037938
2026-07-08T10:07:07.033679,2026-07-08T10:07:07.041405+00:00,125.6,50,bid,,,12037952
2026-07-08T10:07:07.789274,2026-07-08T10:07:07.798130+00:00,125.2,3,ask,,,12037965
2026-07-08T10:07:07.863152,2026-07-08T10:07:07.869932+00:00,125.2,35,ask,,,12037970
2026-07-08T10:07:07.892446,2026-07-08T10:07:07.900748+00:00,125.3,8,ask,,,12037972
2026-07-08T10:07:07.953066,2026-07-08T10:07:07.959982+00:00,125.2,35,ask,,,12037975
2026-07-08T10:07:08.042185,2026-07-08T10:07:08.049829+00:00,125.2,35,ask,,,12037982
2026-07-08T10:07:08.132384,2026-07-08T10:07:08.140132+00:00,125.2,35,ask,,,12037985
2026-07-08T10:07:08.214731,2026-07-08T10:07:08.225992+00:00,125.3,3,ask,,,12037987
2026-07-08T10:07:08.226693,2026-07-08T10:07:08.236117+00:00,125.3,5,ask,,,12037989
2026-07-08T10:07:08.323893,2026-07-08T10:07:08.334313+00:00,125.2,7,ask,,,12037996
2026-07-08T10:07:08.539615,2026-07-08T10:07:08.548600+00:00,125.1,100,ask,,,12037998
2026-07-08T10:07:08.539615,2026-07-08T10:07:08.548600+00:00,125.1,8,ask,,,12037999
2026-07-08T10:07:08.589811,2026-07-08T10:07:08.599478+00:00,124.9,8,bid,,,12038001
2026-07-08T10:07:08.600855,2026-07-08T10:07:08.610776+00:00,124.9,3,bid,,,12038003
2026-07-08T10:07:08.855997,2026-07-08T10:07:08.868680+00:00,124.9,3,bid,,,12038009
2026-07-08T10:07:08.899162,2026-07-08T10:07:08.910592+00:00,124.8,8,bid,,,12038013
2026-07-08T10:07:08.989039,2026-07-08T10:07:09.000917+00:00,124.9,28,bid,,,12038020
2026-07-08T10:07:10.733127,2026-07-08T10:07:10.745224+00:00,124.9,44,ask,,,12038042
2026-07-08T10:07:13.366428,2026-07-08T10:07:13.378097+00:00,125.4,50,bid,,,12038070
2026-07-08T10:07:15.510181,2026-07-08T10:07:15.516795+00:00,125.4,50,bid,,,12038112
2026-07-08T10:07:16.594580,2026-07-08T10:07:16.603128+00:00,125.6,44,bid,,,12038121
2026-07-08T10:07:17.994787,2026-07-08T10:07:18.005017+00:00,125.5,14,ask,,,12038138
2026-07-08T10:07:18.066569,2026-07-08T10:07:18.074805+00:00,125.5,61,ask,,,12038148
2026-07-08T10:07:18.319911,2026-07-08T10:07:18.330888+00:00,125.5,12,ask,,,12038151
2026-07-08T10:07:18.598329,2026-07-08T10:07:18.607542+00:00,125.5,11,ask,,,12038155
2026-07-08T10:07:19.446876,2026-07-08T10:07:19.457131+00:00,125.6,8,ask,,,12038167
2026-07-08T10:07:19.809277,2026-07-08T10:07:19.825113+00:00,125.5,50,ask,,,12038172
2026-07-08T10:07:19.815782,2026-07-08T10:07:19.825113+00:00,125.5,2,ask,,,12038173
2026-07-08T10:07:20.863955,2026-07-08T10:07:20.875993+00:00,125.1,44,ask,,,12038196
2026-07-08T10:07:21.213973,2026-07-08T10:07:21.224641+00:00,125.2,21,bid,,,12038202
2026-07-08T10:07:21.753514,2026-07-08T10:07:21.752299+00:00,125.2,44,bid,,,12038214
2026-07-08T10:07:21.865666,2026-07-08T10:07:21.875476+00:00,125.2,50,bid,,,12038219
2026-07-08T10:07:22.302368,2026-07-08T10:07:22.314441+00:00,125.1,43,ask,,,12038226
2026-07-08T10:07:23.162615,2026-07-08T10:07:23.172955+00:00,125.1,12,bid,,,12038233
2026-07-08T10:07:23.760690,2026-07-08T10:07:23.778413+00:00,125.1,11,bid,,,12038245
2026-07-08T10:07:23.975460,2026-07-08T10:07:23.987196+00:00,125.1,50,bid,,,12038250
2026-07-08T10:07:24.312575,2026-07-08T10:07:24.315656+00:00,125.1,27,bid,,,12038255
2026-07-08T10:07:24.312575,2026-07-08T10:07:24.320659+00:00,125.1,8,bid,,,12038256
2026-07-08T10:07:26.082456,2026-07-08T10:07:26.092288+00:00,125.7,50,bid,,,12038277
2026-07-08T10:07:27.087296,2026-07-08T10:07:27.098440+00:00,125.7,40,bid,,,12038288
2026-07-08T10:07:27.497587,2026-07-08T10:07:27.510985+00:00,125.5,23,ask,,,12038291
2026-07-08T10:07:34.577645,2026-07-08T10:07:34.586835+00:00,126.1,50,bid,,,12038382
2026-07-08T10:07:35.287807,2026-07-08T10:07:35.298266+00:00,125.9,48,ask,,,12038397
2026-07-08T10:07:35.878091,2026-07-08T10:07:35.885554+00:00,125.9,40,ask,,,12038408
2026-07-08T10:07:37.022736,2026-07-08T10:07:37.029659+00:00,126.0,25,ask,,,12038432
2026-07-08T10:07:38.485788,2026-07-08T10:07:38.504817+00:00,126.0,100,ask,,,12038450
2026-07-08T10:07:38.844081,2026-07-08T10:07:38.856125+00:00,126.0,25,ask,,,12038453
2026-07-08T10:07:38.844081,2026-07-08T10:07:38.856125+00:00,126.0,8,ask,,,12038454
2026-07-08T10:07:38.844081,2026-07-08T10:07:38.856125+00:00,125.5,17,ask,,,12038455
2026-07-08T10:07:40.194224,2026-07-08T10:07:40.204745+00:00,125.7,8,ask,,,12038474
2026-07-08T10:07:40.206052,2026-07-08T10:07:40.218199+00:00,125.7,12,bid,,,12038475
2026-07-08T10:07:40.958881,2026-07-08T10:07:40.970523+00:00,125.5,50,ask,,,12038486
2026-07-08T10:07:43.014488,2026-07-08T10:07:43.024408+00:00,125.6,5,bid,,,12038522
2026-07-08T10:07:43.014488,2026-07-08T10:07:43.024408+00:00,125.7,45,bid,,,12038523
2026-07-08T10:07:45.027811,2026-07-08T10:07:45.038409+00:00,125.8,49,bid,,,12038552
2026-07-08T10:07:46.521873,2026-07-08T10:07:46.533762+00:00,125.8,49,bid,,,12038571
2026-07-08T10:07:47.288978,2026-07-08T10:07:47.301056+00:00,125.5,50,ask,,,12038587
2026-07-08T10:07:49.397159,2026-07-08T10:07:49.409228+00:00,125.6,50,ask,,,12038611
2026-07-08T10:07:49.715001,2026-07-08T10:07:49.726628+00:00,125.6,4,ask,,,12038616
2026-07-08T10:07:50.412554,2026-07-08T10:07:50.422453+00:00,125.6,12,ask,,,12038629
2026-07-08T10:07:50.586420,2026-07-08T10:07:50.597333+00:00,125.6,8,ask,,,12038633
2026-07-08T10:07:50.913587,2026-07-08T10:07:50.924753+00:00,125.6,3,ask,,,12038638
2026-07-08T10:07:51.174927,2026-07-08T10:07:51.184296+00:00,125.4,8,ask,,,12038644
2026-07-08T10:07:51.506521,2026-07-08T10:07:51.515223+00:00,125.3,50,ask,,,12038652
2026-07-08T10:07:52.241583,2026-07-08T10:07:52.258622+00:00,125.3,25,ask,,,12038664
2026-07-08T10:07:52.491689,2026-07-08T10:07:52.501156+00:00,125.4,11,bid,,,12038667
2026-07-08T10:07:52.871158,2026-07-08T10:07:52.880624+00:00,125.3,12,bid,,,12038677
2026-07-08T10:07:53.509090,2026-07-08T10:07:53.520858+00:00,124.9,48,ask,,,12038688
2026-07-08T10:07:53.620118,2026-07-08T10:07:53.632017+00:00,124.9,50,ask,,,12038692
2026-07-08T10:07:55.772256,2026-07-08T10:07:55.779102+00:00,125.2,40,bid,,,12038722
2026-07-08T10:07:56.427149,2026-07-08T10:07:56.478326+00:00,124.8,14,bid,,,12038729
2026-07-08T10:07:57.005524,2026-07-08T10:07:57.014849+00:00,124.8,46,bid,,,12038748
2026-07-08T10:07:57.835843,2026-07-08T10:07:57.847870+00:00,124.7,50,ask,,,12038766
2026-07-08T10:08:02.047894,2026-07-08T10:08:02.058553+00:00,124.6,50,ask,,,12038831
2026-07-08T10:08:02.895038,2026-07-08T10:08:02.902556+00:00,124.4,44,ask,,,12038843
2026-07-08T10:08:03.901604,2026-07-08T10:08:03.913612+00:00,124.2,45,ask,,,12038863
2026-07-08T10:08:04.103768,2026-07-08T10:08:04.115517+00:00,124.6,50,bid,,,12038865
2026-07-08T10:08:05.288113,2026-07-08T10:08:05.296856+00:00,124.6,41,bid,,,12038887
2026-07-08T10:08:06.213436,2026-07-08T10:08:06.225752+00:00,124.5,8,bid,,,12038896
2026-07-08T10:08:06.213436,2026-07-08T10:08:06.225752+00:00,124.6,9,bid,,,12038897
2026-07-08T10:08:06.213436,2026-07-08T10:08:06.225752+00:00,124.7,5,bid,,,12038898
2026-07-08T10:08:06.213436,2026-07-08T10:08:06.230747+00:00,124.7,28,bid,,,12038899
2026-07-08T10:08:06.945611,2026-07-08T10:08:06.957337+00:00,124.6,8,bid,,,12038909
2026-07-08T10:08:08.513180,2026-07-08T10:08:08.523741+00:00,124.6,49,ask,,,12038941
2026-07-08T10:08:08.690531,2026-07-08T10:08:08.725284+00:00,124.6,43,ask,,,12038949
2026-07-08T10:08:08.690531,2026-07-08T10:08:08.725284+00:00,124.4,8,ask,,,12038950
2026-07-08T10:08:09.546145,2026-07-08T10:08:09.557393+00:00,124.3,3,bid,,,12038961
2026-07-08T10:08:09.615707,2026-07-08T10:08:09.627447+00:00,124.3,5,bid,,,12038963
2026-07-08T10:08:09.705981,2026-07-08T10:08:09.717826+00:00,124.4,99,bid,,,12038966
2026-07-08T10:08:10.431009,2026-07-08T10:08:10.442342+00:00,124.3,50,bid,,,12038984
2026-07-08T10:08:10.695297,2026-07-08T10:08:10.704406+00:00,124.3,43,bid,,,12038990
2026-07-08T10:08:10.919299,2026-07-08T10:08:10.928386+00:00,124.3,7,bid,,,12038997
2026-07-08T10:08:10.919299,2026-07-08T10:08:10.928386+00:00,124.3,8,bid,,,12038998
2026-07-08T10:08:11.818856,2026-07-08T10:08:11.825268+00:00,124.7,35,ask,,,12039005
2026-07-08T10:08:11.870589,2026-07-08T10:08:11.880421+00:00,124.7,6,ask,,,12039008
2026-07-08T10:08:11.910486,2026-07-08T10:08:11.920995+00:00,124.7,35,ask,,,12039011
2026-07-08T10:08:12.001309,2026-07-08T10:08:12.009258+00:00,124.7,35,ask,,,12039018
2026-07-08T10:08:12.091205,2026-07-08T10:08:12.098425+00:00,124.7,14,ask,,,12039021
2026-07-08T10:08:12.912197,2026-07-08T10:08:12.921558+00:00,124.7,8,ask,,,12039042
2026-07-08T10:08:13.236567,2026-07-08T10:08:13.245920+00:00,124.7,3,ask,,,12039051
2026-07-08T10:08:13.321639,2026-07-08T10:08:13.333407+00:00,124.7,14,ask,,,12039055
2026-07-08T10:08:13.321639,2026-07-08T10:08:13.333407+00:00,124.6,8,ask,,,12039056
2026-07-08T10:08:13.484058,2026-07-08T10:08:13.493797+00:00,124.6,11,bid,,,12039058
2026-07-08T10:08:15.690844,2026-07-08T10:08:15.702516+00:00,124.1,45,ask,,,12039097
2026-07-08T10:08:16.799592,2026-07-08T10:08:16.808832+00:00,124.4,50,ask,,,12039118
2026-07-08T10:08:18.181276,2026-07-08T10:08:18.193181+00:00,124.4,50,ask,,,12039147
2026-07-08T10:08:19.244119,2026-07-08T10:08:19.254871+00:00,124.4,3,bid,,,12039161
2026-07-08T10:08:21.050661,2026-07-08T10:08:21.057565+00:00,124.0,50,ask,,,12039181
2026-07-08T10:08:23.180279,2026-07-08T10:08:23.192739+00:00,124.2,50,ask,,,12039216
2026-07-08T10:08:24.040277,2026-07-08T10:08:24.051945+00:00,124.3,35,bid,,,12039228
2026-07-08T10:08:24.149998,2026-07-08T10:08:24.156520+00:00,124.3,65,bid,,,12039232
2026-07-08T10:08:27.342466,2026-07-08T10:08:27.356186+00:00,124.6,5,bid,,,12039291
2026-07-08T10:08:27.342466,2026-07-08T10:08:27.356186+00:00,124.7,45,bid,,,12039292
2026-07-08T10:08:29.449948,2026-07-08T10:08:29.456698+00:00,124.4,50,bid,,,12039324
2026-07-08T10:08:31.583728,2026-07-08T10:08:31.595916+00:00,124.4,50,bid,,,12039362
2026-07-08T10:08:33.700891,2026-07-08T10:08:33.705394+00:00,124.5,8,bid,,,12039397
2026-07-08T10:08:33.700891,2026-07-08T10:08:33.705394+00:00,124.6,42,bid,,,12039398
2026-07-08T10:08:34.490551,2026-07-08T10:08:34.500754+00:00,124.5,42,bid,,,12039406
2026-07-08T10:08:35.832766,2026-07-08T10:08:35.850512+00:00,124.3,3,ask,,,12039434
2026-07-08T10:08:35.852722,2026-07-08T10:08:35.864020+00:00,124.3,11,ask,,,12039436
2026-07-08T10:08:35.879456,2026-07-08T10:08:35.890104+00:00,124.3,86,ask,,,12039441
2026-07-08T10:08:35.886967,2026-07-08T10:08:35.895434+00:00,124.2,8,ask,,,12039442
2026-07-08T10:08:35.886967,2026-07-08T10:08:35.895434+00:00,124.0,42,ask,,,12039443
2026-07-08T10:08:37.267802,2026-07-08T10:08:37.278611+00:00,124.2,6,ask,,,12039461
2026-07-08T10:08:37.363277,2026-07-08T10:08:37.374658+00:00,124.2,2,ask,,,12039464
2026-07-08T10:08:37.993685,2026-07-08T10:08:38.004286+00:00,124.0,8,ask,,,12039480
2026-07-08T10:08:37.993685,2026-07-08T10:08:38.004286+00:00,123.9,42,ask,,,12039481
2026-07-08T10:08:38.851817,2026-07-08T10:08:38.875491+00:00,124.1,8,bid,,,12039491
2026-07-08T10:08:38.851817,2026-07-08T10:08:38.875491+00:00,124.2,38,bid,,,12039492
2026-07-08T10:08:40.056064,2026-07-08T10:08:40.074945+00:00,124.2,50,bid,,,12039510
2026-07-08T10:08:40.910183,2026-07-08T10:08:40.922104+00:00,123.7,48,ask,,,12039530
2026-07-08T10:08:41.528059,2026-07-08T10:08:41.535137+00:00,123.7,47,ask,,,12039536
2026-07-08T10:08:41.988017,2026-07-08T10:08:42.000029+00:00,123.9,41,bid,,,12039542
2026-07-08T10:08:42.359675,2026-07-08T10:08:42.370396+00:00,123.9,14,bid,,,12039561
2026-07-08T10:08:42.529915,2026-07-08T10:08:42.541678+00:00,123.9,45,bid,,,12039565
2026-07-08T10:08:43.447263,2026-07-08T10:08:43.459384+00:00,123.9,100,bid,,,12039580
2026-07-08T10:08:43.447263,2026-07-08T10:08:43.459384+00:00,123.9,8,bid,,,12039581
2026-07-08T10:08:43.699306,2026-07-08T10:08:43.720731+00:00,124.0,3,ask,,,12039586
2026-07-08T10:08:43.725267,2026-07-08T10:08:43.735952+00:00,124.0,6,ask,,,12039590
2026-07-08T10:08:44.979903,2026-07-08T10:08:44.989696+00:00,124.0,11,ask,,,12039608
2026-07-08T10:08:46.472734,2026-07-08T10:08:46.483369+00:00,124.0,22,ask,,,12039636
2026-07-08T10:08:46.472734,2026-07-08T10:08:46.483369+00:00,123.9,28,ask,,,12039637
2026-07-08T10:08:46.675602,2026-07-08T10:08:46.683989+00:00,123.9,72,ask,,,12039642
2026-07-08T10:08:46.683455,2026-07-08T10:08:46.701739+00:00,123.7,8,bid,,,12039643
2026-07-08T10:08:46.691768,2026-07-08T10:08:46.701739+00:00,123.7,11,bid,,,12039644
2026-07-08T10:08:47.843019,2026-07-08T10:08:47.858596+00:00,123.2,40,ask,,,12039661
2026-07-08T10:08:48.321864,2026-07-08T10:08:48.333643+00:00,123.7,44,bid,,,12039669
2026-07-08T10:08:48.347173,2026-07-08T10:08:48.358423+00:00,123.7,3,bid,,,12039670
2026-07-08T10:08:48.379185,2026-07-08T10:08:48.391116+00:00,123.7,12,bid,,,12039674
2026-07-08T10:08:52.527693,2026-07-08T10:08:52.539602+00:00,123.6,44,ask,,,12039746
2026-07-08T10:08:52.800025,2026-07-08T10:08:52.817685+00:00,124.0,50,bid,,,12039751
2026-07-08T10:08:54.770330,2026-07-08T10:08:54.779640+00:00,123.9,47,ask,,,12039786
2026-07-08T10:08:54.910000,2026-07-08T10:08:54.921983+00:00,124.1,50,bid,,,12039789
2026-07-08T10:08:57.020479,2026-07-08T10:08:57.038134+00:00,124.4,50,bid,,,12039841
2026-07-08T10:08:59.138577,2026-07-08T10:08:59.158635+00:00,124.5,50,bid,,,12039874
2026-07-08T10:08:59.408981,2026-07-08T10:08:59.421763+00:00,124.1,14,ask,,,12039881
2026-07-08T10:08:59.473989,2026-07-08T10:08:59.484536+00:00,124.1,12,ask,,,12039885
2026-07-08T10:08:59.567036,2026-07-08T10:08:59.578916+00:00,124.1,49,ask,,,12039886
2026-07-08T10:09:01.267794,2026-07-08T10:09:01.287652+00:00,124.3,42,bid,,,12039923
2026-07-08T10:09:01.861883,2026-07-08T10:09:01.874065+00:00,124.3,40,bid,,,12039932
2026-07-08T10:09:05.561831,2026-07-08T10:09:05.571082+00:00,124.1,50,ask,,,12039997
2026-07-08T10:09:07.557045,2026-07-08T10:09:07.568691+00:00,124.1,25,ask,,,12040015
2026-07-08T10:09:07.668779,2026-07-08T10:09:07.680640+00:00,124.1,50,ask,,,12040017
2026-07-08T10:09:08.011663,2026-07-08T10:09:08.019358+00:00,124.2,5,bid,,,12040032
2026-07-08T10:09:08.011663,2026-07-08T10:09:08.024382+00:00,124.2,43,bid,,,12040033
2026-07-08T10:09:08.069964,2026-07-08T10:09:08.077686+00:00,124.1,40,ask,,,12040036
2026-07-08T10:09:08.334391,2026-07-08T10:09:08.346333+00:00,124.1,4,ask,,,12040041
2026-07-08T10:09:09.595726,2026-07-08T10:09:09.602620+00:00,124.0,45,bid,,,12040061
2026-07-08T10:09:09.780257,2026-07-08T10:09:09.792801+00:00,123.7,50,ask,,,12040065
2026-07-08T10:09:11.887694,2026-07-08T10:09:11.894580+00:00,123.5,50,ask,,,12040096
2026-07-08T10:09:12.166831,2026-07-08T10:09:12.178892+00:00,123.8,11,bid,,,12040099
2026-07-08T10:09:12.309145,2026-07-08T10:09:12.320956+00:00,123.8,41,bid,,,12040103
2026-07-08T10:09:12.517459,2026-07-08T10:09:12.532602+00:00,123.8,35,bid,,,12040104
2026-07-08T10:09:12.521216,2026-07-08T10:09:12.532602+00:00,123.8,3,bid,,,12040105
2026-07-08T10:09:12.611871,2026-07-08T10:09:12.621571+00:00,123.8,35,bid,,,12040110
2026-07-08T10:09:12.702391,2026-07-08T10:09:12.714476+00:00,123.8,25,bid,,,12040116
2026-07-08T10:09:13.971585,2026-07-08T10:09:13.980263+00:00,124.3,50,bid,,,12040141
2026-07-08T10:09:15.120722,2026-07-08T10:09:15.132002+00:00,124.1,3,ask,,,12040155
2026-07-08T10:09:15.129263,2026-07-08T10:09:15.132002+00:00,124.1,8,ask,,,12040157
2026-07-08T10:09:16.132958,2026-07-08T10:09:16.144686+00:00,124.1,50,ask,,,12040176
2026-07-08T10:09:17.788210,2026-07-08T10:09:17.797350+00:00,124.1,35,ask,,,12040197
2026-07-08T10:09:17.879451,2026-07-08T10:09:17.888999+00:00,124.1,35,ask,,,12040200
2026-07-08T10:09:17.968405,2026-07-08T10:09:17.975385+00:00,124.1,17,ask,,,12040202
2026-07-08T10:09:18.221954,2026-07-08T10:09:18.233538+00:00,124.4,50,bid,,,12040206
2026-07-08T10:09:18.345050,2026-07-08T10:09:18.355685+00:00,124.0,8,ask,,,12040217
2026-07-08T10:09:19.494646,2026-07-08T10:09:19.505975+00:00,123.9,44,ask,,,12040227
2026-07-08T10:09:20.333406,2026-07-08T10:09:20.343101+00:00,124.0,50,bid,,,12040247
2026-07-08T10:09:20.587074,2026-07-08T10:09:20.599055+00:00,123.8,42,ask,,,12040251
2026-07-08T10:09:22.458824,2026-07-08T10:09:22.470424+00:00,124.3,50,bid,,,12040300
2026-07-08T10:09:24.519974,2026-07-08T10:09:24.527438+00:00,123.9,46,ask,,,12040333
2026-07-08T10:09:24.572589,2026-07-08T10:09:24.583259+00:00,124.1,5,bid,,,12040334
2026-07-08T10:09:24.572589,2026-07-08T10:09:24.583259+00:00,124.2,8,bid,,,12040335
2026-07-08T10:09:24.572589,2026-07-08T10:09:24.588738+00:00,124.4,37,bid,,,12040336
2026-07-08T10:09:26.689281,2026-07-08T10:09:26.702756+00:00,124.2,8,bid,,,12040366
2026-07-08T10:09:26.689281,2026-07-08T10:09:26.702756+00:00,124.3,42,bid,,,12040367
2026-07-08T10:09:28.803480,2026-07-08T10:09:28.811155+00:00,124.3,50,bid,,,12040396
2026-07-08T10:09:29.263677,2026-07-08T10:09:29.274150+00:00,124.3,8,bid,,,12040405
2026-07-08T10:09:30.938129,2026-07-08T10:09:30.952407+00:00,124.6,8,bid,,,12040428
2026-07-08T10:09:30.938129,2026-07-08T10:09:30.952407+00:00,124.8,42,bid,,,12040429
2026-07-08T10:09:31.897967,2026-07-08T10:09:31.909703+00:00,124.8,41,bid,,,12040441
2026-07-08T10:09:32.438198,2026-07-08T10:09:32.449167+00:00,124.6,11,ask,,,12040444
2026-07-08T10:09:32.805117,2026-07-08T10:09:32.817829+00:00,124.6,25,ask,,,12040449
2026-07-08T10:09:33.050990,2026-07-08T10:09:33.057543+00:00,125.0,50,bid,,,12040455
2026-07-08T10:09:34.492588,2026-07-08T10:09:34.504448+00:00,124.6,4,ask,,,12040475
2026-07-08T10:09:35.190984,2026-07-08T10:09:35.200807+00:00,125.1,50,bid,,,12040484
2026-07-08T10:09:35.652318,2026-07-08T10:09:35.661364+00:00,124.7,12,ask,,,12040491
2026-07-08T10:09:37.351632,2026-07-08T10:09:37.358601+00:00,124.7,50,ask,,,12040510
2026-07-08T10:09:37.762198,2026-07-08T10:09:37.773868+00:00,124.7,4,ask,,,12040517
2026-07-08T10:09:37.922715,2026-07-08T10:09:37.934357+00:00,124.7,25,ask,,,12040518
2026-07-08T10:09:38.236800,2026-07-08T10:09:38.249316+00:00,124.7,9,ask,,,12040526
2026-07-08T10:09:38.236800,2026-07-08T10:09:38.249316+00:00,124.7,8,ask,,,12040527
2026-07-08T10:09:38.236800,2026-07-08T10:09:38.249316+00:00,124.6,24,ask,,,12040528
2026-07-08T10:09:41.522904,2026-07-08T10:09:41.532612+00:00,124.9,50,bid,,,12040568
2026-07-08T10:09:43.669704,2026-07-08T10:09:43.685020+00:00,125.2,50,bid,,,12040608
2026-07-08T10:09:44.028448,2026-07-08T10:09:44.037950+00:00,124.9,23,ask,,,12040611
2026-07-08T10:09:44.272557,2026-07-08T10:09:44.284348+00:00,124.9,4,ask,,,12040619
2026-07-08T10:09:44.321632,2026-07-08T10:09:44.333250+00:00,124.9,42,ask,,,12040620
2026-07-08T10:09:46.842189,2026-07-08T10:09:46.850545+00:00,124.8,8,ask,,,12040658
2026-07-08T10:09:46.851748,2026-07-08T10:09:46.860889+00:00,124.8,12,bid,,,12040659
2026-07-08T10:09:47.553766,2026-07-08T10:09:47.565524+00:00,124.7,4,ask,,,12040670
2026-07-08T10:09:47.917404,2026-07-08T10:09:47.925614+00:00,124.8,50,bid,,,12040674
2026-07-08T10:09:48.011835,2026-07-08T10:09:48.023103+00:00,124.8,11,bid,,,12040678
2026-07-08T10:09:48.042766,2026-07-08T10:09:48.054853+00:00,124.7,8,ask,,,12040680
2026-07-08T10:09:48.244109,2026-07-08T10:09:48.258591+00:00,124.8,69,bid,,,12040685
2026-07-08T10:09:49.959513,2026-07-08T10:09:49.970616+00:00,125.1,11,ask,,,12040718
2026-07-08T10:09:50.081790,2026-07-08T10:09:50.089893+00:00,125.1,50,ask,,,12040721
2026-07-08T10:09:50.630458,2026-07-08T10:09:50.640682+00:00,125.1,23,ask,,,12040728
2026-07-08T10:09:50.834072,2026-07-08T10:09:50.845840+00:00,125.1,4,ask,,,12040731
2026-07-08T10:09:51.445804,2026-07-08T10:09:51.456156+00:00,125.2,8,ask,,,12040741
2026-07-08T10:09:51.466951,2026-07-08T10:09:51.488733+00:00,125.1,62,ask,,,12040743
2026-07-08T10:09:51.477630,2026-07-08T10:09:51.488733+00:00,125.0,8,bid,,,12040744
2026-07-08T10:09:51.775044,2026-07-08T10:09:51.783761+00:00,124.9,8,bid,,,12040751
2026-07-08T10:09:52.199221,2026-07-08T10:09:52.210404+00:00,124.5,50,ask,,,12040763
2026-07-08T10:09:53.159139,2026-07-08T10:09:53.169831+00:00,124.5,25,ask,,,12040781
2026-07-08T10:09:53.176333,2026-07-08T10:09:53.186407+00:00,124.6,15,bid,,,12040784
2026-07-08T10:09:54.020809,2026-07-08T10:09:54.027962+00:00,124.6,40,bid,,,12040799
2026-07-08T10:09:54.310591,2026-07-08T10:09:54.318132+00:00,124.5,25,ask,,,12040801
2026-07-08T10:09:54.310591,2026-07-08T10:09:54.323652+00:00,124.3,8,ask,,,12040802
2026-07-08T10:09:54.310591,2026-07-08T10:09:54.323652+00:00,124.1,17,ask,,,12040803
2026-07-08T10:09:55.091754,2026-07-08T10:09:55.101600+00:00,124.6,41,bid,,,12040820
2026-07-08T10:09:56.430006,2026-07-08T10:09:56.438079+00:00,124.3,50,ask,,,12040837
2026-07-08T10:09:58.188836,2026-07-08T10:09:58.201111+00:00,124.5,11,bid,,,12040865
2026-07-08T10:09:58.344046,2026-07-08T10:09:58.354402+00:00,124.5,8,bid,,,12040867
2026-07-08T10:09:58.486000,2026-07-08T10:09:58.493128+00:00,124.5,50,bid,,,12040871
2026-07-08T10:09:58.823459,2026-07-08T10:09:58.834527+00:00,124.3,47,ask,,,12040876
2026-07-08T10:09:59.381107,2026-07-08T10:09:59.393053+00:00,124.5,31,bid,,,12040888
2026-07-08T10:09:59.381107,2026-07-08T10:09:59.393053+00:00,124.7,8,bid,,,12040889
2026-07-08T10:09:59.381107,2026-07-08T10:09:59.393053+00:00,124.8,7,bid,,,12040890
2026-07-08T10:10:00.622492,2026-07-08T10:10:00.632181+00:00,124.8,50,bid,,,12040913
2026-07-08T10:10:00.922213,2026-07-08T10:10:00.935283+00:00,124.8,45,bid,,,12040914
2026-07-08T10:10:02.621391,2026-07-08T10:10:02.633624+00:00,124.7,8,ask,,,12040950
2026-07-08T10:10:02.743709,2026-07-08T10:10:02.755933+00:00,125.1,50,bid,,,12040952
2026-07-08T10:10:02.848552,2026-07-08T10:10:02.860267+00:00,124.7,48,ask,,,12040953
2026-07-08T10:10:04.857666,2026-07-08T10:10:04.869645+00:00,125.2,50,bid,,,12040975
2026-07-08T10:10:07.215894,2026-07-08T10:10:07.225088+00:00,124.8,4,ask,,,12041008
2026-07-08T10:10:08.294243,2026-07-08T10:10:08.305571+00:00,124.8,17,ask,,,12041021
2026-07-08T10:10:09.085963,2026-07-08T10:10:09.100855+00:00,125.2,50,bid,,,12041037
2026-07-08T10:10:10.425285,2026-07-08T10:10:10.443072+00:00,125.1,11,ask,,,12041055
2026-07-08T10:10:10.487012,2026-07-08T10:10:10.498573+00:00,125.1,4,ask,,,12041058
2026-07-08T10:10:11.244230,2026-07-08T10:10:11.252015+00:00,125.1,50,ask,,,12041072
2026-07-08T10:10:11.534164,2026-07-08T10:10:11.545245+00:00,125.2,48,bid,,,12041075
2026-07-08T10:10:11.694544,2026-07-08T10:10:11.703472+00:00,125.1,12,ask,,,12041080
2026-07-08T10:10:12.151406,2026-07-08T10:10:12.165299+00:00,125.2,11,ask,,,12041083
2026-07-08T10:10:13.352346,2026-07-08T10:10:13.357521+00:00,125.2,50,ask,,,12041109
2026-07-08T10:10:13.631606,2026-07-08T10:10:13.643214+00:00,125.2,89,ask,,,12041115
2026-07-08T10:10:13.631606,2026-07-08T10:10:13.643214+00:00,125.2,8,ask,,,12041116
2026-07-08T10:10:13.717675,2026-07-08T10:10:13.727093+00:00,124.6,40,ask,,,12041117
2026-07-08T10:10:14.310237,2026-07-08T10:10:14.325266+00:00,125.1,3,bid,,,12041129
2026-07-08T10:10:14.310237,2026-07-08T10:10:14.325266+00:00,125.1,8,bid,,,12041130
2026-07-08T10:10:15.457716,2026-07-08T10:10:15.469676+00:00,124.8,8,ask,,,12041141
2026-07-08T10:10:15.457716,2026-07-08T10:10:15.469676+00:00,124.8,42,ask,,,12041142
2026-07-08T10:10:16.849774,2026-07-08T10:10:16.858866+00:00,125.0,43,ask,,,12041166
2026-07-08T10:10:17.500069,2026-07-08T10:10:17.507659+00:00,125.3,42,bid,,,12041176
2026-07-08T10:10:17.591425,2026-07-08T10:10:17.603564+00:00,125.0,50,ask,,,12041180
2026-07-08T10:10:17.997738,2026-07-08T10:10:18.009652+00:00,125.0,7,ask,,,12041182
2026-07-08T10:10:17.997738,2026-07-08T10:10:18.009652+00:00,124.9,8,ask,,,12041183
2026-07-08T10:10:17.997738,2026-07-08T10:10:18.009652+00:00,124.8,26,ask,,,12041184
2026-07-08T10:10:18.230853,2026-07-08T10:10:18.239923+00:00,125.2,8,bid,,,12041187
2026-07-08T10:10:19.176598,2026-07-08T10:10:19.188178+00:00,125.2,8,bid,,,12041195
2026-07-08T10:10:19.176598,2026-07-08T10:10:19.188178+00:00,125.3,32,bid,,,12041196
2026-07-08T10:10:19.696646,2026-07-08T10:10:19.708234+00:00,124.8,50,ask,,,12041207
2026-07-08T10:10:21.812273,2026-07-08T10:10:21.828105+00:00,124.7,50,ask,,,12041229
2026-07-08T10:10:22.415511,2026-07-08T10:10:22.424913+00:00,125.1,4,bid,,,12041232
2026-07-08T10:10:23.303935,2026-07-08T10:10:23.311889+00:00,125.1,43,bid,,,12041245
2026-07-08T10:10:23.646460,2026-07-08T10:10:23.657927+00:00,125.1,11,bid,,,12041248
2026-07-08T10:10:26.056958,2026-07-08T10:10:26.068714+00:00,125.0,50,ask,,,12041282
2026-07-08T10:10:26.492867,2026-07-08T10:10:26.504827+00:00,125.0,46,ask,,,12041288
2026-07-08T10:10:27.604187,2026-07-08T10:10:27.616550+00:00,125.3,43,bid,,,12041314
2026-07-08T10:10:27.661878,2026-07-08T10:10:27.669005+00:00,125.0,40,ask,,,12041316
2026-07-08T10:10:27.974884,2026-07-08T10:10:27.983388+00:00,124.9,8,ask,,,12041321
2026-07-08T10:10:27.985010,2026-07-08T10:10:27.993624+00:00,124.9,12,bid,,,12041322
2026-07-08T10:10:28.163910,2026-07-08T10:10:28.173591+00:00,124.8,50,ask,,,12041325
2026-07-08T10:10:28.234701,2026-07-08T10:10:28.246701+00:00,124.9,43,bid,,,12041328
2026-07-08T10:10:28.290801,2026-07-08T10:10:28.302579+00:00,124.8,41,ask,,,12041329
2026-07-08T10:10:28.975820,2026-07-08T10:10:28.984724+00:00,124.9,11,bid,,,12041341
2026-07-08T10:10:29.433140,2026-07-08T10:10:29.443154+00:00,124.8,3,bid,,,12041349
2026-07-08T10:10:30.282719,2026-07-08T10:10:30.294926+00:00,124.5,50,ask,,,12041367
2026-07-08T10:10:30.763975,2026-07-08T10:10:30.771514+00:00,124.9,41,bid,,,12041375
2026-07-08T10:10:32.395742,2026-07-08T10:10:32.402974+00:00,124.8,50,ask,,,12041404
2026-07-08T10:10:33.208390,2026-07-08T10:10:33.220211+00:00,124.8,49,ask,,,12041418
2026-07-08T10:10:34.528581,2026-07-08T10:10:34.536854+00:00,124.6,50,ask,,,12041432
2026-07-08T10:10:35.438333,2026-07-08T10:10:35.445784+00:00,124.9,35,bid,,,12041446
2026-07-08T10:10:35.528162,2026-07-08T10:10:35.539649+00:00,124.9,35,bid,,,12041450
2026-07-08T10:10:35.620785,2026-07-08T10:10:35.628023+00:00,124.9,30,bid,,,12041452
2026-07-08T10:10:36.638983,2026-07-08T10:10:36.648896+00:00,124.9,50,ask,,,12041468
2026-07-08T10:10:38.778630,2026-07-08T10:10:38.790278+00:00,124.9,50,ask,,,12041507
2026-07-08T10:10:40.680345,2026-07-08T10:10:40.692129+00:00,124.8,8,bid,,,12041534
2026-07-08T10:10:40.887220,2026-07-08T10:10:40.898943+00:00,124.4,50,ask,,,12041540
2026-07-08T10:10:41.013650,2026-07-08T10:10:41.025908+00:00,124.8,8,bid,,,12041544
2026-07-08T10:10:41.037639,2026-07-08T10:10:41.049520+00:00,124.9,45,bid,,,12041546
2026-07-08T10:10:41.346548,2026-07-08T10:10:41.358561+00:00,124.8,8,bid,,,12041556
2026-07-08T10:10:41.600203,2026-07-08T10:10:41.612011+00:00,124.8,8,bid,,,12041561
2026-07-08T10:10:41.931057,2026-07-08T10:10:41.938936+00:00,124.9,35,bid,,,12041568
2026-07-08T10:10:42.020515,2026-07-08T10:10:42.028391+00:00,124.9,10,bid,,,12041572
2026-07-08T10:10:42.944283,2026-07-08T10:10:42.958532+00:00,124.9,50,bid,,,12041591
2026-07-08T10:10:43.142736,2026-07-08T10:10:43.158602+00:00,124.9,4,bid,,,12041597
2026-07-08T10:10:43.494610,2026-07-08T10:10:43.516376+00:00,124.9,25,bid,,,12041601
2026-07-08T10:10:45.127788,2026-07-08T10:10:45.137342+00:00,124.9,50,ask,,,12041633
2026-07-08T10:10:47.244656,2026-07-08T10:10:47.257222+00:00,124.8,8,ask,,,12041660
2026-07-08T10:10:47.982569,2026-07-08T10:10:47.994232+00:00,125.2,49,bid,,,12041679
2026-07-08T10:10:48.384636,2026-07-08T10:10:48.393940+00:00,125.2,100,bid,,,12041684
2026-07-08T10:10:49.086705,2026-07-08T10:10:49.095738+00:00,124.9,5,ask,,,12041696
2026-07-08T10:10:49.086705,2026-07-08T10:10:49.095738+00:00,124.9,8,ask,,,12041697
2026-07-08T10:10:49.086705,2026-07-08T10:10:49.101059+00:00,124.7,33,ask,,,12041698
2026-07-08T10:10:50.074435,2026-07-08T10:10:50.085414+00:00,125.1,8,bid,,,12041718
2026-07-08T10:10:51.133606,2026-07-08T10:10:51.143999+00:00,125.2,3,ask,,,12041735
2026-07-08T10:10:51.174269,2026-07-08T10:10:51.182806+00:00,125.2,35,ask,,,12041738
2026-07-08T10:10:51.263150,2026-07-08T10:10:51.270108+00:00,125.2,35,ask,,,12041743
2026-07-08T10:10:51.352319,2026-07-08T10:10:51.359189+00:00,125.2,35,ask,,,12041746
2026-07-08T10:10:51.444004,2026-07-08T10:10:51.454112+00:00,125.2,34,ask,,,12041748
2026-07-08T10:10:51.444004,2026-07-08T10:10:51.454112+00:00,125.2,1,ask,,,12041749
2026-07-08T10:10:51.614727,2026-07-08T10:10:51.647675+00:00,125.2,7,ask,,,12041752
2026-07-08T10:10:51.627389,2026-07-08T10:10:51.647675+00:00,125.1,3,bid,,,12041755
2026-07-08T10:10:51.774615,2026-07-08T10:10:51.784386+00:00,125.1,8,bid,,,12041757
2026-07-08T10:10:52.238107,2026-07-08T10:10:52.249835+00:00,125.1,49,bid,,,12041763
2026-07-08T10:10:53.386912,2026-07-08T10:10:53.398818+00:00,125.0,35,bid,,,12041784
2026-07-08T10:10:53.478198,2026-07-08T10:10:53.490150+00:00,125.0,35,bid,,,12041788
2026-07-08T10:10:53.514750,2026-07-08T10:10:53.526664+00:00,125.0,50,bid,,,12041790
2026-07-08T10:10:53.568143,2026-07-08T10:10:53.579097+00:00,125.0,30,bid,,,12041794
2026-07-08T10:10:53.816967,2026-07-08T10:10:53.826645+00:00,125.1,32,bid,,,12041799
2026-07-08T10:10:55.240195,2026-07-08T10:10:55.251754+00:00,125.1,48,ask,,,12041813
2026-07-08T10:10:55.623354,2026-07-08T10:10:55.635362+00:00,125.6,50,bid,,,12041819
2026-07-08T10:10:55.848655,2026-07-08T10:10:55.856585+00:00,125.1,41,ask,,,12041822
2026-07-08T10:10:56.350195,2026-07-08T10:10:56.364150+00:00,125.1,11,ask,,,12041827
2026-07-08T10:10:56.350195,2026-07-08T10:10:56.364150+00:00,125.1,8,ask,,,12041828
2026-07-08T10:10:57.730179,2026-07-08T10:10:57.742025+00:00,125.6,50,bid,,,12041851
2026-07-08T10:10:59.854049,2026-07-08T10:10:59.865620+00:00,125.4,50,bid,,,12041891
2026-07-08T10:11:01.961550,2026-07-08T10:11:01.973295+00:00,125.5,50,bid,,,12041918
2026-07-08T10:11:02.782906,2026-07-08T10:11:02.795031+00:00,125.6,8,bid,,,12041933
2026-07-08T10:11:02.782906,2026-07-08T10:11:02.795031+00:00,125.7,41,bid,,,12041934
2026-07-08T10:11:02.841583,2026-07-08T10:11:02.853617+00:00,125.4,47,ask,,,12041935
2026-07-08T10:11:02.975941,2026-07-08T10:11:03.022559+00:00,125.4,3,ask,,,12041940
2026-07-08T10:11:02.980719,2026-07-08T10:11:03.022559+00:00,125.4,35,ask,,,12041941
2026-07-08T10:11:03.070957,2026-07-08T10:11:03.082422+00:00,125.4,35,ask,,,12041949
2026-07-08T10:11:03.160441,2026-07-08T10:11:03.169087+00:00,125.4,30,ask,,,12041952
2026-07-08T10:11:03.999332,2026-07-08T10:11:04.006696+00:00,125.2,43,ask,,,12041956
2026-07-08T10:11:04.070292,2026-07-08T10:11:04.082306+00:00,125.7,50,bid,,,12041957
2026-07-08T10:11:06.008786,2026-07-08T10:11:06.020813+00:00,125.4,47,bid,,,12041991
2026-07-08T10:11:06.120875,2026-07-08T10:11:06.129764+00:00,125.3,8,ask,,,12041999
2026-07-08T10:11:06.192219,2026-07-08T10:11:06.204721+00:00,125.4,50,bid,,,12042001
2026-07-08T10:11:06.449691,2026-07-08T10:11:06.458039+00:00,125.3,3,ask,,,12042003
2026-07-08T10:11:06.458239,2026-07-08T10:11:06.473247+00:00,125.3,8,ask,,,12042005
2026-07-08T10:11:06.956384,2026-07-08T10:11:06.965916+00:00,125.3,69,ask,,,12042022
2026-07-08T10:11:08.087671,2026-07-08T10:11:08.099500+00:00,124.9,43,ask,,,12042036
2026-07-08T10:11:08.184493,2026-07-08T10:11:08.193217+00:00,125.3,14,bid,,,12042041
2026-07-08T10:11:08.303878,2026-07-08T10:11:08.313810+00:00,125.3,50,bid,,,12042044
2026-07-08T10:11:08.604250,2026-07-08T10:11:08.610814+00:00,125.3,36,bid,,,12042052
2026-07-08T10:11:08.604250,2026-07-08T10:11:08.610814+00:00,125.3,8,bid,,,12042053
2026-07-08T10:11:08.604250,2026-07-08T10:11:08.610814+00:00,125.4,4,bid,,,12042054
2026-07-08T10:11:10.026059,2026-07-08T10:11:10.037829+00:00,125.0,47,bid,,,12042091
2026-07-08T10:11:10.422192,2026-07-08T10:11:10.434109+00:00,125.0,50,bid,,,12042098
2026-07-08T10:11:10.545841,2026-07-08T10:11:10.553328+00:00,125.0,53,bid,,,12042101
2026-07-08T10:11:10.545841,2026-07-08T10:11:10.558296+00:00,125.0,8,bid,,,12042102
2026-07-08T10:11:10.578731,2026-07-08T10:11:10.590752+00:00,125.1,39,ask,,,12042104
2026-07-08T10:11:10.578731,2026-07-08T10:11:10.590752+00:00,124.5,9,ask,,,12042105
2026-07-08T10:11:12.252816,2026-07-08T10:11:12.266792+00:00,125.2,14,ask,,,12042130
2026-07-08T10:11:12.508052,2026-07-08T10:11:12.518224+00:00,125.2,4,ask,,,12042137
2026-07-08T10:11:12.583669,2026-07-08T10:11:12.595376+00:00,125.2,50,ask,,,12042138
2026-07-08T10:11:13.859968,2026-07-08T10:11:13.867130+00:00,125.2,41,ask,,,12042153
2026-07-08T10:11:14.690068,2026-07-08T10:11:14.702313+00:00,125.2,41,ask,,,12042172
2026-07-08T10:11:14.690068,2026-07-08T10:11:14.702313+00:00,125.1,8,ask,,,12042173
2026-07-08T10:11:14.690068,2026-07-08T10:11:14.702313+00:00,125.0,1,ask,,,12042174
2026-07-08T10:11:15.366976,2026-07-08T10:11:15.378633+00:00,125.5,44,bid,,,12042192
2026-07-08T10:11:15.839402,2026-07-08T10:11:15.848843+00:00,125.2,44,bid,,,12042197
2026-07-08T10:11:16.801810,2026-07-08T10:11:16.813676+00:00,125.0,50,ask,,,12042213
2026-07-08T10:11:18.517306,2026-07-08T10:11:18.528840+00:00,124.8,41,ask,,,12042230
2026-07-08T10:11:18.858804,2026-07-08T10:11:18.870663+00:00,125.3,50,bid,,,12042244
2026-07-08T10:11:21.020279,2026-07-08T10:11:21.029513+00:00,124.9,50,ask,,,12042274
2026-07-08T10:11:22.698387,2026-07-08T10:11:22.707000+00:00,124.9,47,ask,,,12042296
2026-07-08T10:11:23.126628,2026-07-08T10:11:23.138297+00:00,124.9,3,ask,,,12042304
2026-07-08T10:11:23.126628,2026-07-08T10:11:23.138297+00:00,124.9,47,ask,,,12042305
2026-07-08T10:11:23.284574,2026-07-08T10:11:23.295622+00:00,125.1,11,bid,,,12042312
2026-07-08T10:11:23.284816,2026-07-08T10:11:23.295622+00:00,125.1,48,bid,,,12042313
2026-07-08T10:11:23.862628,2026-07-08T10:11:23.874589+00:00,124.9,45,ask,,,12042320
2026-07-08T10:11:24.959640,2026-07-08T10:11:24.972464+00:00,125.0,3,bid,,,12042334
2026-07-08T10:11:25.235868,2026-07-08T10:11:25.243023+00:00,124.6,50,ask,,,12042338
2026-07-08T10:11:26.625184,2026-07-08T10:11:26.636303+00:00,125.0,35,bid,,,12042356
2026-07-08T10:11:26.718186,2026-07-08T10:11:26.729527+00:00,125.0,35,bid,,,12042363
2026-07-08T10:11:26.807243,2026-07-08T10:11:26.814733+00:00,125.0,35,bid,,,12042365
2026-07-08T10:11:26.895855,2026-07-08T10:11:26.907870+00:00,125.0,35,bid,,,12042367
2026-07-08T10:11:26.987865,2026-07-08T10:11:26.994926+00:00,125.0,7,bid,,,12042369
2026-07-08T10:11:26.987865,2026-07-08T10:11:27.000113+00:00,125.0,8,bid,,,12042370
2026-07-08T10:11:27.346516,2026-07-08T10:11:27.353275+00:00,124.7,8,ask,,,12042378
2026-07-08T10:11:27.346516,2026-07-08T10:11:27.353275+00:00,124.6,42,ask,,,12042379
2026-07-08T10:11:27.720336,2026-07-08T10:11:27.732494+00:00,125.0,8,bid,,,12042386
2026-07-08T10:11:28.051052,2026-07-08T10:11:28.058547+00:00,125.1,100,bid,,,12042396
2026-07-08T10:11:28.051052,2026-07-08T10:11:28.058547+00:00,125.1,8,bid,,,12042397
2026-07-08T10:11:28.310663,2026-07-08T10:11:28.320189+00:00,125.2,3,ask,,,12042400
2026-07-08T10:11:28.378901,2026-07-08T10:11:28.385412+00:00,125.2,5,ask,,,12042403
2026-07-08T10:11:28.647923,2026-07-08T10:11:28.654438+00:00,125.2,8,ask,,,12042409
2026-07-08T10:11:29.454787,2026-07-08T10:11:29.466817+00:00,125.1,42,ask,,,12042420
2026-07-08T10:11:29.454787,2026-07-08T10:11:29.466817+00:00,125.1,8,ask,,,12042421
2026-07-08T10:11:31.271616,2026-07-08T10:11:31.286440+00:00,125.0,100,ask,,,12042460
2026-07-08T10:11:31.271616,2026-07-08T10:11:31.286440+00:00,125.0,8,ask,,,12042461
2026-07-08T10:11:31.303262,2026-07-08T10:11:31.312661+00:00,124.8,3,bid,,,12042462
2026-07-08T10:11:31.567526,2026-07-08T10:11:31.579171+00:00,124.4,50,ask,,,12042466
2026-07-08T10:11:32.042742,2026-07-08T10:11:32.054697+00:00,124.9,42,bid,,,12042470
2026-07-08T10:11:32.791732,2026-07-08T10:11:32.802226+00:00,124.7,8,ask,,,12042490
2026-07-08T10:11:32.872290,2026-07-08T10:11:32.884591+00:00,124.6,19,bid,,,12042491
2026-07-08T10:11:33.636517,2026-07-08T10:11:33.648481+00:00,124.6,47,bid,,,12042501
2026-07-08T10:11:33.676560,2026-07-08T10:11:33.688152+00:00,124.4,50,ask,,,12042503
2026-07-08T10:11:33.819209,2026-07-08T10:11:33.828973+00:00,124.6,25,bid,,,12042509
2026-07-08T10:11:34.198895,2026-07-08T10:11:34.210577+00:00,124.4,43,ask,,,12042510
2026-07-08T10:11:35.783808,2026-07-08T10:11:35.795674+00:00,124.3,50,ask,,,12042531
2026-07-08T10:11:37.895737,2026-07-08T10:11:37.907483+00:00,124.4,50,ask,,,12042573
2026-07-08T10:11:38.936913,2026-07-08T10:11:38.943801+00:00,124.5,25,bid,,,12042588
2026-07-08T10:11:40.008332,2026-07-08T10:11:40.018547+00:00,124.2,50,ask,,,12042606
2026-07-08T10:11:40.024063,2026-07-08T10:11:40.035904+00:00,124.5,41,bid,,,12042607
2026-07-08T10:11:40.507281,2026-07-08T10:11:40.514398+00:00,124.2,42,ask,,,12042616
2026-07-08T10:11:42.117653,2026-07-08T10:11:42.129428+00:00,124.2,8,ask,,,12042657
2026-07-08T10:11:42.117653,2026-07-08T10:11:42.129428+00:00,124.2,42,ask,,,12042658
2026-07-08T10:11:43.299590,2026-07-08T10:11:43.306875+00:00,124.4,42,bid,,,12042676
2026-07-08T10:11:44.048759,2026-07-08T10:11:44.060529+00:00,124.4,25,bid,,,12042691
2026-07-08T10:11:44.261997,2026-07-08T10:11:44.269851+00:00,124.1,50,ask,,,12042700
2026-07-08T10:11:44.486884,2026-07-08T10:11:44.496079+00:00,124.4,3,bid,,,12042705
2026-07-08T10:11:45.024208,2026-07-08T10:11:45.036171+00:00,124.4,4,bid,,,12042710
2026-07-08T10:11:45.290551,2026-07-08T10:11:45.302366+00:00,124.1,42,ask,,,12042712
2026-07-08T10:11:45.868232,2026-07-08T10:11:45.880303+00:00,124.6,43,bid,,,12042724
2026-07-08T10:11:46.437036,2026-07-08T10:11:46.444246+00:00,124.6,40,bid,,,12042731
2026-07-08T10:11:48.458094,2026-07-08T10:11:48.470151+00:00,124.6,50,bid,,,12042769
2026-07-08T10:11:49.165366,2026-07-08T10:11:49.173981+00:00,124.6,25,bid,,,12042785
2026-07-08T10:11:49.564730,2026-07-08T10:11:49.576435+00:00,124.2,41,ask,,,12042790
2026-07-08T10:11:50.134320,2026-07-08T10:11:50.145554+00:00,124.2,40,ask,,,12042796
2026-07-08T10:11:51.797816,2026-07-08T10:11:51.806105+00:00,124.5,100,ask,,,12042825
2026-07-08T10:11:52.185005,2026-07-08T10:11:52.196800+00:00,125.0,41,bid,,,12042834
2026-07-08T10:11:52.676618,2026-07-08T10:11:52.685065+00:00,125.0,50,bid,,,12042838
2026-07-08T10:11:52.718028,2026-07-08T10:11:52.730084+00:00,124.5,45,ask,,,12042840
2026-07-08T10:11:54.136886,2026-07-08T10:11:54.141473+00:00,124.7,43,bid,,,12042860
2026-07-08T10:11:54.700339,2026-07-08T10:11:54.712712+00:00,124.3,3,ask,,,12042873
2026-07-08T10:11:54.700339,2026-07-08T10:11:54.712712+00:00,124.2,44,ask,,,12042874
2026-07-08T10:11:54.784919,2026-07-08T10:11:54.795412+00:00,124.7,50,bid,,,12042877
2026-07-08T10:11:56.906839,2026-07-08T10:11:56.917932+00:00,124.7,50,bid,,,12042909
2026-07-08T10:11:57.140016,2026-07-08T10:11:57.146512+00:00,124.7,44,bid,,,12042910
2026-07-08T10:11:58.112062,2026-07-08T10:11:58.124879+00:00,124.6,3,ask,,,12042924
2026-07-08T10:11:58.741312,2026-07-08T10:11:58.748847+00:00,124.6,43,ask,,,12042934
2026-07-08T10:11:59.013082,2026-07-08T10:11:59.021872+00:00,124.8,50,bid,,,12042936
2026-07-08T10:11:59.753620,2026-07-08T10:11:59.764785+00:00,124.9,8,bid,,,12042946
2026-07-08T10:11:59.753620,2026-07-08T10:11:59.764785+00:00,125.0,32,bid,,,12042947
2026-07-08T10:12:00.841042,2026-07-08T10:12:00.852641+00:00,124.6,44,ask,,,12042964
2026-07-08T10:12:01.299290,2026-07-08T10:12:01.312112+00:00,124.6,8,ask,,,12042974
2026-07-08T10:12:02.856649,2026-07-08T10:12:02.868358+00:00,124.6,92,bid,,,12042996
2026-07-08T10:12:02.856649,2026-07-08T10:12:02.868358+00:00,124.7,8,bid,,,12042997
2026-07-08T10:12:03.276028,2026-07-08T10:12:03.287668+00:00,124.7,50,ask,,,12043005
2026-07-08T10:12:05.021570,2026-07-08T10:12:05.031553+00:00,124.8,8,bid,,,12043024
2026-07-08T10:12:05.021570,2026-07-08T10:12:05.031553+00:00,124.9,38,bid,,,12043025
2026-07-08T10:12:05.385978,2026-07-08T10:12:05.395756+00:00,124.5,8,ask,,,12043041
2026-07-08T10:12:05.385978,2026-07-08T10:12:05.395756+00:00,124.4,42,ask,,,12043042
2026-07-08T10:12:06.448523,2026-07-08T10:12:06.458595+00:00,124.4,41,ask,,,12043052
2026-07-08T10:12:06.979380,2026-07-08T10:12:06.987972+00:00,124.6,48,bid,,,12043058
2026-07-08T10:12:07.496056,2026-07-08T10:12:07.505659+00:00,124.4,17,ask,,,12043068
2026-07-08T10:12:07.496056,2026-07-08T10:12:07.505659+00:00,124.3,8,ask,,,12043069
2026-07-08T10:12:07.496056,2026-07-08T10:12:07.510847+00:00,124.1,25,ask,,,12043070
2026-07-08T10:12:07.929812,2026-07-08T10:12:07.939389+00:00,124.3,42,ask,,,12043078
2026-07-08T10:12:08.417340,2026-07-08T10:12:08.428867+00:00,124.6,48,bid,,,12043083
2026-07-08T10:12:09.622755,2026-07-08T10:12:09.634500+00:00,124.4,50,ask,,,12043105
2026-07-08T10:12:11.729443,2026-07-08T10:12:11.741381+00:00,124.4,50,ask,,,12043133
2026-07-08T10:12:12.034323,2026-07-08T10:12:12.044918+00:00,124.7,44,bid,,,12043137
2026-07-08T10:12:13.786508,2026-07-08T10:12:13.798101+00:00,124.6,50,bid,,,12043163
2026-07-08T10:12:13.893983,2026-07-08T10:12:13.905589+00:00,124.6,100,bid,,,12043168
2026-07-08T10:12:15.929617,2026-07-08T10:12:15.940354+00:00,124.9,8,bid,,,12043206
2026-07-08T10:12:15.929617,2026-07-08T10:12:15.940354+00:00,125.0,42,bid,,,12043207
2026-07-08T10:12:17.445206,2026-07-08T10:12:17.456840+00:00,124.6,45,bid,,,12043222
2026-07-08T10:12:18.036910,2026-07-08T10:12:18.045037+00:00,124.6,50,bid,,,12043231
2026-07-08T10:12:18.720966,2026-07-08T10:12:18.740423+00:00,124.6,5,bid,,,12043241
2026-07-08T10:12:18.738628,2026-07-08T10:12:18.745683+00:00,124.7,8,ask,,,12043242
2026-07-08T10:12:22.258527,2026-07-08T10:12:22.270620+00:00,124.9,50,bid,,,12043302
2026-07-08T10:12:22.460758,2026-07-08T10:12:22.472558+00:00,124.5,40,ask,,,12043307
2026-07-08T10:12:24.440930,2026-07-08T10:12:24.452390+00:00,124.5,50,ask,,,12043329
2026-07-08T10:12:26.550318,2026-07-08T10:12:26.562134+00:00,124.5,50,ask,,,12043362
2026-07-08T10:12:32.872555,2026-07-08T10:12:32.884602+00:00,124.7,50,ask,,,12043448
2026-07-08T10:12:34.929618,2026-07-08T10:12:34.941637+00:00,124.9,50,bid,,,12043478
2026-07-08T10:12:36.299264,2026-07-08T10:12:36.311329+00:00,124.9,43,bid,,,12043501
2026-07-08T10:12:37.037249,2026-07-08T10:12:37.049081+00:00,124.8,8,bid,,,12043516
2026-07-08T10:12:37.037249,2026-07-08T10:12:37.049081+00:00,124.9,42,bid,,,12043517
2026-07-08T10:12:37.267939,2026-07-08T10:12:37.280164+00:00,124.6,8,ask,,,12043521
2026-07-08T10:12:37.267939,2026-07-08T10:12:37.280164+00:00,124.5,32,ask,,,12043522
2026-07-08T10:12:37.717428,2026-07-08T10:12:37.724097+00:00,124.8,8,bid,,,12043526
2026-07-08T10:12:39.198689,2026-07-08T10:12:39.208104+00:00,124.9,50,ask,,,12043548
2026-07-08T10:12:39.255987,2026-07-08T10:12:39.256346+00:00,124.9,92,ask,,,12043549
2026-07-08T10:12:39.255987,2026-07-08T10:12:39.269898+00:00,124.8,8,ask,,,12043550
2026-07-08T10:12:39.954313,2026-07-08T10:12:39.966037+00:00,124.5,8,ask,,,12043557
2026-07-08T10:12:39.954313,2026-07-08T10:12:39.966037+00:00,124.3,36,ask,,,12043558
2026-07-08T10:12:41.116484,2026-07-08T10:12:41.124522+00:00,124.6,8,bid,,,12043579
2026-07-08T10:12:41.116484,2026-07-08T10:12:41.129772+00:00,124.7,36,bid,,,12043580
2026-07-08T10:12:41.313956,2026-07-08T10:12:41.325706+00:00,124.3,50,ask,,,12043582
2026-07-08T10:12:42.097000,2026-07-08T10:12:42.108591+00:00,124.6,8,bid,,,12043593
2026-07-08T10:12:42.097000,2026-07-08T10:12:42.108591+00:00,124.7,37,bid,,,12043594
2026-07-08T10:12:43.370537,2026-07-08T10:12:43.380478+00:00,124.7,50,bid,,,12043612
2026-07-08T10:12:44.062285,2026-07-08T10:12:44.074825+00:00,124.6,8,bid,,,12043620
2026-07-08T10:12:44.062285,2026-07-08T10:12:44.074825+00:00,124.7,100,bid,,,12043621
2026-07-08T10:12:45.478285,2026-07-08T10:12:45.490129+00:00,125.1,5,bid,,,12043648
2026-07-08T10:12:45.478285,2026-07-08T10:12:45.490129+00:00,125.1,8,bid,,,12043649
2026-07-08T10:12:45.478285,2026-07-08T10:12:45.490129+00:00,125.2,37,bid,,,12043650
2026-07-08T10:12:47.641191,2026-07-08T10:12:47.651917+00:00,124.6,50,ask,,,12043684
2026-07-08T10:12:49.755724,2026-07-08T10:12:49.764631+00:00,124.6,50,ask,,,12043718
2026-07-08T10:12:51.866289,2026-07-08T10:12:51.875595+00:00,124.6,8,ask,,,12043754
2026-07-08T10:12:51.866289,2026-07-08T10:12:51.875595+00:00,124.5,42,ask,,,12043755
2026-07-08T10:12:53.147748,2026-07-08T10:12:53.163615+00:00,124.5,46,ask,,,12043777
2026-07-08T10:12:53.713506,2026-07-08T10:12:53.724059+00:00,124.6,4,bid,,,12043789
2026-07-08T10:12:53.975083,2026-07-08T10:12:53.985254+00:00,124.3,50,ask,,,12043795
2026-07-08T10:12:54.464398,2026-07-08T10:12:54.482022+00:00,124.6,25,bid,,,12043802
2026-07-08T10:12:56.082446,2026-07-08T10:12:56.090471+00:00,124.2,8,ask,,,12043835
2026-07-08T10:12:57.037961,2026-07-08T10:12:57.048419+00:00,124.6,4,bid,,,12043849
2026-07-08T10:12:57.710963,2026-07-08T10:12:57.722669+00:00,124.6,46,bid,,,12043861
2026-07-08T10:12:57.767397,2026-07-08T10:12:57.774403+00:00,124.2,40,ask,,,12043865
2026-07-08T10:12:58.309008,2026-07-08T10:12:58.321324+00:00,124.2,44,ask,,,12043868
2026-07-08T10:12:59.579074,2026-07-08T10:12:59.587624+00:00,124.6,25,bid,,,12043900
2026-07-08T10:12:59.796877,2026-07-08T10:12:59.804895+00:00,124.6,45,bid,,,12043903
2026-07-08T10:12:59.982539,2026-07-08T10:12:59.992259+00:00,124.3,14,bid,,,12043911
2026-07-08T10:13:00.240066,2026-07-08T10:13:00.251755+00:00,124.3,50,bid,,,12043916
2026-07-08T10:13:00.286711,2026-07-08T10:13:00.294748+00:00,124.3,4,bid,,,12043917
2026-07-08T10:13:00.455057,2026-07-08T10:13:00.458600+00:00,124.1,49,ask,,,12043920
2026-07-08T10:13:01.008188,2026-07-08T10:13:01.020045+00:00,124.3,40,bid,,,12043932
2026-07-08T10:13:02.522741,2026-07-08T10:13:02.531659+00:00,124.2,40,ask,,,12043948
2026-07-08T10:13:04.074909,2026-07-08T10:13:04.083920+00:00,124.7,41,bid,,,12043977
2026-07-08T10:13:04.719067,2026-07-08T10:13:04.731163+00:00,124.7,41,bid,,,12043992
2026-07-08T10:13:06.349923,2026-07-08T10:13:06.355423+00:00,124.4,40,ask,,,12044019
2026-07-08T10:13:06.567541,2026-07-08T10:13:06.584575+00:00,124.8,50,bid,,,12044022
2026-07-08T10:13:08.548701,2026-07-08T10:13:08.558578+00:00,124.4,48,ask,,,12044067
2026-07-08T10:13:08.677082,2026-07-08T10:13:08.688893+00:00,124.9,5,bid,,,12044069
2026-07-08T10:13:08.677082,2026-07-08T10:13:08.688893+00:00,124.9,45,bid,,,12044070
2026-07-08T10:13:08.932138,2026-07-08T10:13:08.942843+00:00,124.4,11,ask,,,12044071
2026-07-08T10:13:10.560748,2026-07-08T10:13:10.571270+00:00,124.6,42,bid,,,12044092
2026-07-08T10:13:10.786206,2026-07-08T10:13:10.798101+00:00,124.6,50,bid,,,12044094
2026-07-08T10:13:11.553240,2026-07-08T10:13:11.562371+00:00,124.5,3,ask,,,12044109
2026-07-08T10:13:12.089627,2026-07-08T10:13:12.096947+00:00,124.5,49,ask,,,12044119
2026-07-08T10:13:12.944956,2026-07-08T10:13:12.958592+00:00,124.5,48,ask,,,12044133
2026-07-08T10:13:12.944956,2026-07-08T10:13:12.958592+00:00,124.4,2,ask,,,12044134
2026-07-08T10:13:13.292860,2026-07-08T10:13:13.304723+00:00,124.3,42,ask,,,12044139
2026-07-08T10:13:13.882953,2026-07-08T10:13:13.894521+00:00,124.8,41,bid,,,12044145
2026-07-08T10:13:14.062950,2026-07-08T10:13:14.072873+00:00,124.3,100,ask,,,12044148
2026-07-08T10:13:15.003957,2026-07-08T10:13:15.015747+00:00,124.8,50,bid,,,12044162
2026-07-08T10:13:17.119549,2026-07-08T10:13:17.130711+00:00,124.8,50,bid,,,12044196
2026-07-08T10:13:19.134799,2026-07-08T10:13:19.158551+00:00,124.4,43,ask,,,12044237
2026-07-08T10:13:19.227085,2026-07-08T10:13:19.239145+00:00,124.8,8,bid,,,12044238
2026-07-08T10:13:19.227085,2026-07-08T10:13:19.239145+00:00,124.9,42,bid,,,12044239
2026-07-08T10:13:21.337185,2026-07-08T10:13:21.348922+00:00,124.6,50,bid,,,12044261
2026-07-08T10:13:23.450612,2026-07-08T10:13:23.458552+00:00,124.5,8,bid,,,12044302
2026-07-08T10:13:23.450612,2026-07-08T10:13:23.458552+00:00,124.6,42,bid,,,12044303
2026-07-08T10:13:27.440231,2026-07-08T10:13:27.450922+00:00,124.5,5,bid,,,12044357
2026-07-08T10:13:27.440231,2026-07-08T10:13:27.450922+00:00,124.6,8,bid,,,12044358
2026-07-08T10:13:27.440231,2026-07-08T10:13:27.450922+00:00,124.8,28,bid,,,12044359
2026-07-08T10:13:27.664185,2026-07-08T10:13:27.675960+00:00,124.8,50,bid,,,12044360
2026-07-08T10:13:28.405921,2026-07-08T10:13:28.417421+00:00,124.7,8,bid,,,12044368
2026-07-08T10:13:28.418859,2026-07-08T10:13:28.427889+00:00,124.7,14,ask,,,12044369
2026-07-08T10:13:28.472507,2026-07-08T10:13:28.482160+00:00,124.7,128,ask,,,12044372
2026-07-08T10:13:28.472507,2026-07-08T10:13:28.482160+00:00,124.7,8,ask,,,12044373
2026-07-08T10:13:28.780349,2026-07-08T10:13:28.789560+00:00,124.7,8,bid,,,12044383
2026-07-08T10:13:29.825941,2026-07-08T10:13:29.837847+00:00,124.4,8,ask,,,12044397
2026-07-08T10:13:30.480493,2026-07-08T10:13:30.488488+00:00,125.0,46,bid,,,12044409
2026-07-08T10:13:31.933233,2026-07-08T10:13:31.945482+00:00,124.5,50,ask,,,12044427
2026-07-08T10:13:34.042199,2026-07-08T10:13:34.058593+00:00,124.4,50,ask,,,12044455
